3922 6560
337 369 435 436 191

1521 387 1847 451 GEORGII
1883 390 2075 451 PACH
2087 393 2362 454 YMER/E

3463 398 3566 460 192

335 495 470 563 ἡμῖν
499 500 871 568 κατεφαίνετο,
908 502 1116 573 μάρτυς
1144 503 1297 568 Θεὸς,
1327 506 1418 557 καὶ
1449 505 1477 557 δ
1514 506 1587 576 μὴ
1617 506 1690 566 ὡς
1717 507 1908 570 κακὸν,
1943 512 1984 567 Α
2017 508 2111 560 καὶ
2135 509 2389 578 ἀδικῆσαί
2421 525 2507 578 με.
2546 509 2633 571 Ὦς
2655 509 2711 562 δὲ
2741 526 2854 574 τοις
2884 510 3091 572 ἀδίκοις
3126 511 3219 563 καὶ
3252 510 3600 582 βλασφήμοις

336 587 454 639 ἀλλ’
475 588 549 653 ὡς
572 594 781 662 πρέπον
811 596 1166 664 ἐπράττομεν.
1194 596 1338 666 Πλὴν
1364 598 1413 649 εἰ
1438 600 1496 650 ὲν
1521 592 1564 666 ᾧ
1595 599 1779 669 μέτρῳ
1807 616 1905 669 με-

336 678 573 748 τροῦμεν
618 683 1216 756 ἀντιμετρηθησόμεθα,
1255 687 1352 756 τὴν
1401 689 1603 742 τούτων
1636 690 1908 758 διάκρισιν

337 768 629 841 ἀνατίθημι
654 774 732 843 τῷ
750 775 886 844 ἁγίῳ
906 775 1115 844 βασιλεῖ
1144 779 1238 832 καὶ
1266 781 1381 842 τοῖς
1405 780 1750 849 ἀρχιερεῦσιν
1776 781 1907 833 ἑνώ-

337 878 461 915 πιον
484 863 574 916 τοῦ
600 864 756 931 Θεοῦ,
793 869 884 920 καὶ
914 868 1023 921 εἴτε
1070 870 1337 940 ἀποδοχῆς
1387 874 1496 924 είτε
1523 871 1750 942 εὐθύνης
1782 890 1905 943 κρι-

340 953 542 1022 θῶμεν,
582 957 898 1026 στέργομεν,
932 961 1024 1013 καὶ
1049 960 1124 1023 ὡς
1158 963 1220 1014 ἐκ
1262 961 1397 1014 Θεοῦ
1427 963 1521 1032 τὴν
1549 964 1657 1016 τῶν
1700 963 1906 1018 τούτων

339 1046 584 1101 κέλευσιν
616 1051 963 1120 ὲκδιχόμεθα.
1002 1052 1250 1123 Ἕτερον,
1283 1052 1329 1104 εί
1382 1055 1476 1106 καὶ
1526 1057 1706 1107 ὁποῖόν
1760 1057 1906 1109 ἐστιν

336 1137 564 1191 ἑκάστου
595 1140 654 1191 τὸ
680 1142 839 1207 ἔργον
864 1146 929 1211 τῇ
976 1144 1159 1214 ήμέρᾳ
1208 1144 1389 1214 ἐκείνῃ
1424 1144 1695 1211 δηλοῦται,
1746 1148 1905 1215 χάριν
1944 1214 1955 1227 _

335 1230 436 1299 τῆς
461 1231 770 1300 δυσφημίας
790 1235 857 1305 ἣν
880 1235 1112 1305 ιξήμεσε
1147 1236 1269 1288 καθ’
1301 1238 1457 1307 ήμῶν
1492 1238 1520 1290 δ
1552 1237 1794 1300 διάϐολος
1820 1238 1907 1289 λέ-

336 1338 524 1390 γομεν.
559 1324 618 1375 Εἰ
649 1325 864 1379 σύνοιδα
907 1326 1129 1396 ἐμαυτῷ
1175 1328 1453 1399 πορνείᾳῆ
1494 1330 1709 1399 μοιχείᾳ
1740 1329 1772 1396 ἦ
1802 1330 1903 1400 sp-

339 1416 634 1486 ῥενομανία
692 1418 1009 1480 ἑαλωκέναι,
1061 1420 1154 1472 καὶ
1201 1423 1249 1472 εί
1305 1421 1580 1490 ἐφρόνησα
1621 1420 1900 1491 πώποτεῆ

337 1508 590 1575 φρονήσω
637 1507 913 1578 ἀλλότριον
964 1513 1215 1582 φρόνημα
1260 1513 1350 1565 καὶ
1404 1513 1611 1582 ἀπᾷδον
1646 1514 1745 1583 τῆς
1782 1514 1904 1566 Ἐκ-

337 1598 565 1665 κλησίας
608 1600 842 1669 Χριστοῦ
869 1602 961 1654 τοῦ
1011 1602 1145 1656 Θεοῦ
1188 1603 1283 1656 καὶ
1312 1604 1518 1674 Κυρίου
1561 1622 1682 1673 μου,
1731 1604 1826 1658 καὶ
1856 1606 1904 1658 εί

340 1688 416 1760 μὴ
441 1691 515 1751 ὡς
547 1692 595 1743 oi
625 1689 767 1758 ἅγιοι
801 1693 1039 1763 μαθηταὶ
1078 1696 1171 1749 καὶ
1199 1696 1483 1750 ἀπόστολοι
1513 1697 1699 1751 τούτου
1722 1715 1903 1768 παρα-

334 1777 597 1832 δεδώκασι
628 1782 722 1834 καὶ
754 1784 801 1834 oi
851 1782 1081 1853 διάδοχοι
1114 1785 1318 1839 τούτων
1346 1785 1596 1858 Θεοφόροι
1636 1789 1899 1861 Πατέρες,

2017 599 2152 669 αῦτη
2188 601 2297 670 ἀρά
2332 602 2480 671 παρά
2508 601 2665 664 Θεοῦ,
2694 601 2836 656 οῦτω
2864 602 2957 656 καὶ
2984 605 3096 664 τοῖς
3129 601 3465 671 φειδομένοις
3498 602 3599 672 τὴν

2015 691 2264 757 γλῶσσαν
2290 697 2384 748 καὶ
2411 697 2665 766 ἀλήθειαν
2696 695 2950 765 ἀγαπῶσι
3004 697 3100 749 καὶ
3146 695 3395 764 λέγουσιν
3439 695 3592 763 η’τοῦ

2014 783 2149 837 Θεοῦ
2178 786 2395 854 εὐλογία
2421 791 2513 841 καὶ
2563 790 2739 857 σκέπη
2789 786 3192 857 περικυκλῶσαι
3226 788 3320 839 καὶ
3363 779 3466 840 ὦδε
3499 787 3596 840 καὶ⁵

2011 877 2070 929 ἂν
2103 877 2179 946 τῷ
2206 879 2468 946 μέλλοντι.
2505 899 2523 932 ι
2557 882 2665 932 Καὶ
2695 880 2869 933 ταῦτα
2901 880 2999 949 μὲν
3043 879 3111 932 τὰ
3155 881 3267 941 τοῖς
3296 877 3588 946 ἐκπώμασι

2012 968 2106 1020 καὶ
2123 970 2179 1021 ὲν
2205 970 2508 1041 ἀποκρύφῳ
2534 972 2757 1025 τεθέντα
2780 987 2795 1001 ο
2829 972 2862 1026 ἀ
2893 972 2956 1040 δὴ
2999 973 3158 1023 ὁποῖα
3188 974 3287 1040 μὲν
3323 969 3415 1023 καὶ
3446 970 3593 1031 ὅπως

2010 1056 2243 1126 ἔχουσιν,
2294 1060 2370 1121 ὡς
2421 1061 2515 1112 καὶ
2568 1062 2727 1113 αὑτὸν
2759 1060 2848 1113 τὸν
2878 1060 3289 1129 παρασυρέντα,
3325 1060 3474 1119 ὅστις
3526 1061 3591 1112 ἀν

2009 1149 2105 1200 καὶ
2150 1149 2258 1219 εἴη,
2289 1152 2383 1203 ὑπ’
2418 1153 2661 1221 ἀνάθεμα
2717 1154 2894 1220 ἄγειν,
2923 1154 3015 1206 καὶ
3051 1153 3098 1205 εί
3136 1151 3393 1215 σύστασις
3417 1151 3591 1204 ταῦτα

2009 1239 2238 1291 ἀπαθῶν
2276 1241 2492 1309 τρόπων
2519 1242 2627 1294 εἴτε
2666 1244 2760 1296 καὶ
2794 1243 2889 1313 μὴ,
2916 1243 3105 1295 εἰδεῖεν
3133 1242 3196 1295 ἂν
3229 1245 3277 1294 oi
3311 1242 3587 1308 πνεύματι

2010 1325 2210 1390 ζῶντες
2242 1331 2335 1381 καὶ
2366 1330 2442 1400 τῷ
2475 1333 2662 1400 Κυρίῳ
2710 1331 3070 1396 δουλεύοντες.
3123 1333 3312 1402 Ὅμως
3359 1332 3589 1403 ὕστερον

2010 1416 2321 1486 εὑρεθέντα,
2355 1420 2431 1482 ὡς
2464 1421 2579 1488 μετ’
2609 1421 2789 1489 ὀλίγον
2808 1423 3122 1492 ῥηθήσεται,
3158 1423 3354 1485 ίκανῶς
3382 1424 3591 1480 αἰτίαις

2008 1507 2243 1570 δικαίαις
2268 1509 2480 1579 ὑπῆγον
2521 1512 2612 1564 τδν
2638 1514 2946 1582 γράψαντα.
2985 1514 3211 1581 Ἕτερον
3259 1513 3315 1566 δὲ
3350 1515 3589 1582 γράμμα

2010 1601 2297 1668 σχεδιιὶσας
2335 1603 2468 1671 πρὸς
2496 1603 2587 1655 τὸν
2633 1603 2858 1672 βασιλέα
2887 1604 3224 1667 ἀπέστειλεν,
3262 1603 3406 1656 οὕτω
3438 1607 3584 1657 κατά

2011 1689 2159 1757 ῥῆμα
2185 1688 2551 1759 διαλαμϐάνον
2572 1706 2589 1723 ο
2628 1711 2647 1743 ι
2670 1690 2789 1760 Θεῷ
2818 1692 2911 1744 καὶ
2938 1693 3074 1758 μετά
3102 1692 3235 1745 Θεὸν
3266 1695 3379 1755 τοῖς
3409 1693 3590 1760 λόγοις

2011 1775 2289 1847 θαρρήσας
2312 1780 2409 1846 τῆς
2436 1780 2499 1831 ὲκ
2526 1779 2663 1832 Θεοῦ
2693 1780 2964 1849 βασιλεία;
3005 1797 3098 1833 σου
3126 1782 3224 1849 τὴν
3248 1781 3582 1850 Ἐκκλησίαν

339 1868 523 1933 ίδικῶς
574 1872 667 1922 καὶ
696 1872 1005 1937 συνοδικῶς,
1039 1877 1132 1928 καὶ
1178 1879 1226 1930 εί
1278 1876 1351 1947 μὴ
1408 1878 1555 1931 ἀπαν
1601 1879 1907 1950 ἑτερόδοξον
1942 1865 1982 1920 Β
2009 1868 2314 1937 ἐκράτησα.
2350 1871 2409 1922 El
2437 1872 2482 1923 δ’
2508 1872 2730 1939 ἑγκαλοί
2758 1890 2849 1943 μοι
2885 1872 2979 1925 καί
3022 1890 3105 1934 τις
3138 1874 3220 1927 ὅτι
3254 1873 3329 1944 μὴ
3358 1877 3500 1927 κατά
3522 1876 3589 1928 τὸ

337 1960 611 2028 φρόνημα,
657 1960 686 2013 δ
737 1962 810 2031 μὴ
844 1965 1117 2033 παρέλαϐε
1157 1966 1252 2018 καὶ
1302 1970 1493 2038 κρατεῖ
1544 1969 1576 2039 ἡ
1617 1969 1905 2039 Ἐκκλησία

335 2051 594 2120 Χριστοῦ,
636 2055 989 2124 παραπέμπω
1041 2056 1119 2127 τῷ
1154 2058 1475 2127 ἀναθὲματι,
1534 2060 1781 2132 ἀνάθεμά
1817 2064 1913 2132 μοι

336 2142 445 2194 ἀπὸ
473 2144 728 2210 Χριστοῦ,
765 2146 858 2198 καὶ
899 2148 930 2216 ἡ
984 2150 1139 2216 μερίς
1178 2167 1281 2217 μου
1325 2152 1421 2203 σὺν
1450 2151 1527 2221 τῷ
1556 2154 1785 2224 προδότῃ
1810 2154 1905 2206 καὶ

333 2237 444 2298 τοῖς
471 2235 563 2286 τὸν
592 2236 796 2305 Κύριόν
828 2256 928 2307 μου
961 2240 1360 2311 σταυρώσατιν.
1422 2244 1481 2297 El
1515 2244 1570 2297 δι
1600 2245 1772 2314 ὀρθῶς
1812 2248 1905 2299 καὶ

334 2326 542 2390 πιστῶς
591 2345 659 2397 με
692 2329 1023 2399 λατρεύοντα
1074 2336 1164 2385 καὶ
1202 2335 1500 2405 φρονοῦντα
1529 2338 1620 2389 καὶ
1663 2339 1905 2401 ἀσπαζό-

336 2435 495 2487 μενον
518 2421 610 2474 καὶ
651 2422 985 2492 κηρύττοντα
1034 2426 1305 2491 διαϐολαῖς
1348 2431 1413 2498 μέ
1442 2447 1584 2493 τινες
1631 2431 1904 2495 τοιαύταις

331 2510 593 2579 διέϐαλον,
622 2513 735 2567 ὅσοι
765 2518 857 2568 καὶ
883 2518 1075 2581 οἵτινες
1124 2515 1252 2585 εἷεν,
1283 2522 1611 2589 ὲκκήρυκτοι
1640 2523 1737 2591 τῆς
1778 2524 1903 2576 Ἐκ-

332 2603 560 2670 κλησίας
591 2605 849 2676 Χριστοῦ,
902 2611 995 2661 καὶ
1019 2609 1198 2681 ἀλύτῳ
1246 2613 1537 2682 ἀφορισριῷ
1571 2613 1646 2683 τῷ
1674 2614 1779 2667 ἀπὸ
1805 2615 1902 2684 τῆς

336 2694 648 2766 ζωαρχικῆς
682 2700 777 2751 καὶ
815 2703 1090 2770 μακαρίας
1122 2704 1215 2757 καὶ
1268 2706 1427 2773 ἁγίας
1475 2706 1762 2777 Τριάδοςή
1802 2725 1899 2777 με-

334 2788 550 2856 τριότης
580 2789 739 2858 ἡμῶν
776 2791 1089 2874 ὑποϐάλλει.
1111 2796 1329 2861 αὐτοὺς,
1365 2798 1461 2851 καὶ
1489 2800 1600 2869 ἀρᾷ
1629 2798 1905 2867 ἀναθέμα-

334 2892 425 2938 τος
477 2878 691 2932 καὶτὸν
724 2881 984 2947 τοιούτοις
1033 2888 1415 2957 παρασυρέντα
1467 2889 1547 2951 είς
1586 2889 1645 2940 τὸ
1700 2887 1901 2958 βλάψαι

332 3063 477 3116 cere,
525 3052 841 3124 quicunque
895 3067 949 3112 et
995 3059 1408 3128 qualescunque
1444 3058 1665 3126 iuerint,
1725 3059 1901 3114 habeo

332 3140 505 3207 ipsos,
551 3144 703 3213 juxta
758 3163 1048 3213 canonem,
1084 3167 1184 3221 pro
1237 3152 1535 3222 scgregatis
1580 3154 1758 3207 avita:
1798 3168 1900 3207 au-

334 3245 484 3305 ctpre
507 3236 795 3295 Trinitate.
827 3240 1099 3307 Quoniam
1140 3258 1267 3299 vero
1295 3246 1492 3310 coacti,
1523 3245 1750 3299 minimc
1802 3261 1901 3300 au-

333 3338 441 3381 tem
480 3345 581 3385 nos
622 3332 767 3400 ipsos
815 3350 909 3403 per
942 3337 1050 3389 vim
1106 3336 1469 3402 inlrudcntcs,
1510 3337 1761 3406 regimini
1799 3338 1903 3392 Ec-

333 3418 517 3474 clesia:
554 3436 746 3477 sumus
790 3424 1055 3493 impositi,
1084 3442 1179 3496 spe
1207 3426 1356 3496 pacis
1386 3435 1441 3481 et
1473 3428 1724 3482 utilitatis
1753 3443 1903 3483 com-

334 3514 536 3577 munis,
568 3529 673 3568 non
703 3519 966 3571 successit
993 3529 1174 3573 autem
1209 3521 1511 3575 secundum
1544 3535 1693 3591 spem
1729 3538 1899 3589 quau-

332 3615 447 3658 tum
487 3606 538 3659 iu
570 3621 631 3660 ea
679 3608 1152 3665 administratione
1195 3613 1508 3680 gessimus:
1546 3614 1679 3668 nihil
1718 3624 1897 3668 autem

336 3699 609 3765 gessimus
641 3699 820 3771 (testis
853 3702 924 3755 sit
954 3702 1117 3772 Deus)
1146 3705 1248 3759 nisi
1277 3705 1421 3773 quod
1455 3707 1711 3776 expedire
1740 3706 1900 3761 nobis

332 3788 512 3842 visum
550 3798 655 3855 est,
688 3799 744 3844 et
774 3793 917 3861 quod
954 3810 1063 3848 non
1095 3803 1152 3848 ιιι
1188 3797 1417 3859 malum,
1460 3798 1555 3851 sed
1609 3806 1669 3851 ut
1701 3797 1899 3851 decens

332 3895 361 3932 a
400 3880 559 3936 nobis
613 3883 764 3938 ﬁeret
798 3901 813 3939 :
852 3895 1109 3939 cmterum
1144 3902 1211 3940 an
1248 3902 1355 3956 qua
1415 3902 1669 3943 mensura
1725 3888 1897 3941 mensi

332 3987 548 4039 sumus,
573 3974 762 4028 eadem
799 3978 1121 4031 remetiatur
1158 3979 1335 4041 nobis,
1370 3979 1638 4048 judicium
1667 3979 1898 4035 arbitrio

332 4065 507 4120 sancti
549 4068 897 4136 imperatoris
927 4079 981 4123 et
1010 4070 1394 4140 episcoporum
1419 4087 1607 4127 coram
1639 4073 1747 4125 Deo
1776 4086 1900 4140 per-

331 4156 528 4222 mitto;
574 4165 628 4211 et
671 4158 787 4213 sive
830 4161 1179 4215 absolvantur
1205 4163 1321 4217 sive
1355 4163 1681 4217 damnemur
1709 4164 1778 4217 ab
1808 4162 1897 4228 iis,

331 4249 752 4317 acquiescimus,
786 4262 837 4304 et
873 4262 931 4304 ttt
970 4267 999 4305 a
1042 4251 1151 4306 Deo
1179 4252 1482 4322 proiectum
1537 4271 1725 4310 eorum
1763 4271 1900 4325 qua-

331 4340 601 4410 lecunque
654 4342 974 4396 mandatum
1013 4344 1337 4399 accioimus.
1387 4345 1571 4410 Aliud,
1603 4347 1702 4400 etsi
1739 4346 1901 4415 quale

333 4432 406 4485 sit
433 4432 701 4502 cujusque
730 4447 893 4504 Opus,
915 4433 1004 4488 die
1028 4434 1115 4488 illa
1144 4436 1482 4490 declaratum
1505 4434 1567 4488 iri
1599 4436 1897 4499 credimus,

2005 1962 2242 2031 ἀρέσκον
2272 1964 2487 2035 ἑκάστῳ
2508 1962 2778 2034 διῴκησα,
2811 1967 3023 2035 μάρτυς
3045 1964 3205 2028 αὐτὸς
3226 1964 3378 2030 Θεὸς,
3403 1968 3589 2035 κρείτ-

2004 2073 2097 2109 τον
2130 2059 2229 2110 οὐκ
2259 2060 2539 2127 ἐφρόνουν.
2580 2060 2737 2113 Ἐπεὶ
2765 2061 2822 2113 δὲ
2856 2061 3091 2132 Χριστὸς
3124 2061 3222 2129 τῆς
3251 2061 3587 2131 Ἐκκλησίας

2004 2148 2170 2202 αὑτοῦ
2191 2150 2278 2222 [Ρ.
2298 2148 2425 2221 M6]
2459 2151 2554 2203 καὶ
2573 2153 2673 2221 τῆς
2698 2150 2976 2219 βασιλείας
3009 2152 3068 2205 σὲ
3095 2151 3395 2223 κατέστησε
3422 2168 3588 2220 φρον-

2003 2240 2208 2311 τιστὴν,
2245 2241 2444 2295 ἰθύνειν
2474 2242 2611 2309 πρὸς
2636 2243 2697 2294 τὸ
2722 2242 2954 2313 ἀρέσκον
2983 2243 3153 2312 αὐτῷ,
3179 2242 3408 2297 ὲνώπιον
3437 2242 3588 2309 λέγω

2002 2330 2096 2385 τοῦ
2128 2333 2330 2402 Κυρίου
2384 2350 2485 2401 μου
2514 2332 2689 2405 Ἰησοῦ
2739 2334 2999 2404 Χριστοῦ,
3029 2336 3077 2388 εί
3139 2336 3232 2388 καὶ
3261 2333 3590 2403 ἁμαρτωλός

2002 2424 2139 2491 είμι,
2189 2424 2325 2478 ἀλλα
2382 2426 2698 2495 πρακτικῶς
2744 2426 2845 2479 οὐκ
2873 2426 3173 2495 ἐπίσταμαί
3218 2443 3274 2478 τι
3312 2427 3583 2493 ἀπεῖργον

2001 2516 2144 2569 κατά
2171 2518 2403 2576 κανόνας
2433 2516 2751 2587 ἱερωσύνης.
2804 2517 2865 2572 Εἰ
2898 2518 2955 2569 δέ
2999 2535 3143 2579 τινες
3197 2516 3585 2586 ἐξηγέρθησαν

2002 2607 2123 2659 κατ’
2159 2606 2293 2675 ἐμοῦ
2344 2607 2523 2675 λέγειν
2549 2607 2649 2662 ὅσα
2694 2609 2775 2671 είς
2819 2608 3166 2678 ἀνθρωπίνην
3198 2606 3358 2677 ῦϐριν
3387 2607 3585 2674 φθάνει

2003 2698 2099 2749 καὶ
2128 2698 2540 2767 παραλύπησιν,
2588 2699 2683 2751 καὶ
2712 2701 2850 2752 είσὶν
2884 2702 2934 2752 oi
2981 2697 3329 2760 πιστεύοντες
3383 2696 3583 2760 ταῦτα,

2003 2788 2244 2840 θέτωσαν
2297 2790 2376 2851 είς
2411 2791 2731 2858 καθαίρεσιν
2759 2791 2862 2843 ὅσα
2904 2792 2968 2843 ὲκ
2995 2791 3199 2844 τούτων
3231 2792 3327 2844 καὶ
3365 2790 3553 2860 βούλον
3574 2821 3590 2833 ο

2000 2899 2115 2945 ται,
2153 2882 2247 2935 καί⁵
2277 2884 2325 2935 εί
2357 2881 2619 2953 ἀδικηθῶ,
2648 2884 2705 2936 ἐν
2742 2886 2809 2956 τῇ
2842 2884 3025 2956 ἡμέρᾳ
3056 2883 3241 2957 ἐκείνῃ
3288 2883 3588 2953 δικαιωθή·

2003 3073 2091 3115 me
2149 3058 2356 3114 talibus
2405 3057 2782 3125 diﬂ'amarunt,
2818 3059 3133 3130 quicunque
3170 3047 3588 3130 achualescun-

2000 3166 2109 3221 que
2146 3152 2284 3215 sint,
2313 3160 2466 3206 extra
2494 3166 2719 3207 censum
2745 3153 3012 3207 habentur
3044 3148 3304 3206 Ecclesia:
3328 3149 3527 3204 Christi
3560 3148 3609 3213 ς’

2005 3251 2059 3297 ct
2084 3242 2364 3297 insolubili
2414 3243 3008 3298 excommunicationis
3056 3244 3216 3297 nexui
3248 3258 3277 3296 a
3317 3243 3438 3296 vitae
3477 3256 3581 3295 au-

2014 3344 2197 3400 ctore,
2217 3338 2377 3390 beata
2406 3346 2461 3391 ct
2488 3345 2675 3391 sancta
2708 3335 2995 3398 Trinitate.
3018 3337 3364 3391 mediocritas
3393 3344 3583 3389 nostra

2010 3427 2159 3497 ipsos
2208 3429 2449 3499 subjicit,
2494 3430 2747 3499 dirisque
2809 3428 3199 3488 anathematis,
3234 3439 3289 3483 et
3317 3444 3441 3482 eum
3484 3429 3582 3497 qui

2010 3521 2212 3575 talibus
2258 3529 2472 3577 tractus
2511 3521 2678 3575 fuerit
2723 3521 2788 3575 ad
2825 3522 3128 3575 laedendum
3160 3530 3215 3575 et
3245 3520 3460 3589 iniuriis
3494 3519 3583 3574 ει.

2004 3611 2297 3665 ﬁciendum
2355 3627 2463 3665 me.
2521 3609 2593 3665 Ut
2642 3620 2821 3664 autem
2881 3612 3101 3679 iujustis
3143 3622 3195 3664 et
3242 3612 3578 3680 blasphemis

2004 3700 2119 3755 hac
2149 3700 2461 3756 maledictio
2487 3716 2515 3755 a
2539 3700 2648 3756 Deo
2677 3702 2874 3765 cst,sic
2896 3711 2948 3757 et
2967 3702 3201 3771 linguam
3234 3703 3578 3760 continentes

2002 3801 2057 3848 et
2077 3792 2359 3846 veritatem
2419 3804 2669 3847 amantes
2711 3803 2767 3847 et
2824 3793 3108 3862 loquentes
3144 3791 3235 3846 Dci
3274 3795 3579 3850 benedictio

2000 3898 2066 3939 ac
2122 3884 2391 3953 protectio
2437 3883 2823 3946 circumdabit,
2866 3895 2919 3939 et
2957 3885 3042 3938 hic
3086 3896 3140 3938 et
3188 3886 3240 3938 in
3302 3884 3507 3939 l'nturo.
3554 3904 3573 3937 ι

2002 3976 2129 4033 Haec
2186 3977 2404 4046 quidem
2474 3987 2632 4031 erant
2674 3976 2726 4030 in
2770 3976 2977 4031 chartis
3025 3975 3166 4031 intra
3200 3977 3393 4045 pocula
3444 3976 3581 4031 licti-

2001 4070 2073 4124 lia
2102 4069 2335 4125 conditis
2366 4078 2417 4123 et
2444 4069 2498 4124 in
2545 4083 2685 4121 cavo
2727 4069 2985 4123 abstruso
3017 4069 3319 4137 depositis.
3364 4068 3420 4122 In
3453 4070 3578 4138 qui-

2000 4160 2126 4225 bus,
2164 4162 2307 4231 quod
2344 4176 2468 4213 eum
2496 4175 2717 4229 quoque
2750 4161 2843 4230 qui
2884 4160 3051 4214 etiam
3086 4159 3136 4214 vi
3166 4170 3479 4229 pertractus
3506 4161 3573 4214 ad

2003 4250 2414 4305 adversantium
2478 4251 2583 4306 sibi
2625 4259 2808 4321 partes
2866 4249 3050 4315 fuerit,
3102 4252 3413 4320 quicunque
3460 4263 3581 4304 tan-

2002 4342 2123 4395 dem
2164 4343 2254 4403 sit,
2293 4342 2627 4395 anathemati
2674 4341 2913 4410 subiicit,
2961 4342 3013 4395 id
3048 4342 3112 4395 ad
3158 4344 3408 4396 humana:
3447 4357 3576 4412 pro-

2000 4431 2186 4485 bitatis
2213 4429 2648 4500 Christiattaeque
2677 4430 3124 4487 mansuetudinis
3157 4433 3401 4486 rationes
3433 4431 3571 4486 satis

331 4532 512 4578 tamen
557 4525 817 4593 quoniam
867 4525 1025 4579 aiunt
1057 4530 1327 4595 quosdam
1359 4525 1720 4579 scandalizari
1763 4539 1890 4594 pro-
1932 4541 1975 4597 ι)
2005 4526 2479 4580 accommodatum
2514 4541 2683 4580 necne
2723 4523 2906 4591 fuerit,
2944 4526 3276 4581 censendum
3327 4525 3578 4591 relinquo

331 4625 451 4687 pter
478 4617 922 4671 maledicentiam
939 4632 1103 4687 quam
1130 4617 1373 4671 evomuit
1401 4618 1454 4670 in
1490 4631 1592 4671 nos
1621 4616 1895 4679 diabolus,

329 4709 604 4764 dicimus:
632 4709 690 4763 Si
724 4710 979 4765 conscius
1025 4709 1156 4763 mihi
1185 4724 1303 4763 sum
1350 4709 1610 4764 incidisse
1650 4709 1702 4762 in
1731 4708 1903 4762 forni-

332 4801 627 4865 catiouem,
657 4801 986 4877 gdulterium
1019 4810 1112 4854 aut
1145 4801 1408 4855 nefariam
1434 4801 1486 4854 itt
1513 4815 1690 4856 mares
1716 4801 1901 4855 libidi-

331 4910 478 4958 nem,
503 4895 547 4949 si
578 4894 723 4948 sensi
767 4909 1010 4964 unquam
1042 4904 1136 4949 aut
1165 4894 1342 4949 sentio
1372 4901 1468 4947 aut
1496 4893 1730 4947 sentiam
1764 4883 1899 4947 alie-

333 5003 457 5041 nam
489 4987 817 5041 seutentiam
843 4996 896 5040 et
918 4988 1303 5042 abhorrentem
1335 4988 1404 5042 ab
1422 4986 1665 5042 Ecclesia
1692 4988 1900 5043 Christi

330 5077 425 5134 Dei
453 5090 506 5134 et
550 5078 761 5133 Domini
814 5080 943 5139 mei,
990 5089 1043 5134 et
1081 5080 1185 5133 nisi
1222 5089 1282 5134 ut
1324 5080 1499 5135 sancti
1547 5081 1800 5150 discipuli
1847 5091 1902 5137 et

328 5174 562 5245 apostoli
615 5173 740 5240 ejus
794 5172 1144 5227 tradiderunt
1195 5184 1249 5228 et
1299 5189 1652 5230 successores
1701 5177 1897 5229 horum

327 5264 517 5319 deil'eri
564 5263 771 5325 Patres,
819 5263 1076 5332 privatim
1112 5272 1165 5318 et
1197 5264 1495 5335 synodico;
1547 5275 1602 5318 et
1644 5266 1749 5319 nisi
1782 5280 1902 5317 οιιι-

328 5371 454 5412 nem
498 5356 889 5410 heterodoxam
942 5356 1275 5423 doctrinam,
1309 5374 1472 5427 quam
1529 5373 1637 5411 non
1691 5361 1900 5426 accepit

328 5463 433 5504 nec
459 5458 607 5502 tenet
643 5448 889 5503 Ecclesia
942 5449 1169 5511 Christi,
1203 5466 1401 5519 respuo
1436 5450 1734 5517 subjiciens
1764 5465 1897 5503 aua-

329 5542 584 5603 themati,
613 5541 770 5613 173
790 5543 1076 5597 anathema
1112 5543 1243 5596 tuihi
1272 5543 1342 5598 sit
1376 5560 1406 5597 a
1437 5543 1657 5599 Christo
1688 5551 1740 5597 et
1772 5557 1898 5612 pars

330 5650 452 5691 mea
485 5650 610 5689 cum
663 5635 939 5704 proditore
979 5646 1034 5692 et
1064 5637 1484 5693 cruciﬁxoribus
1516 5634 1732 5691 Domini
1768 5634 1895 5690 mci.

333 5726 390 5779 Si
416 5742 544 5782 vero
570 5711 716 5783 recte
758 5744 821 5783 ac
848 5728 1086 5785 ﬁdeliter
1118 5745 1205 5785 me
1242 5729 1647 5784 ministrantem
1679 5736 1733 5781 et
1771 5742 1897 5782 seu-

330 5820 552 5877 tientcm
582 5829 633 5876 et
665 5825 1080 5893 amplectentem
1104 5833 1153 5878 ct
1188 5822 1573 5893 praedicantem
1606 5818 1897 5876 calumniis

2003 4617 2316 4672 viventibus
2346 4617 2399 4672 in
2436 4618 2632 4685 spiritu
2667 4630 2721 4672 et
2750 4615 2981 4671 Domino
3015 4618 3409 4672 servientibus.
3439 4615 3576 4669 lllud

2003 4709 2139 4776 scio,
2185 4711 2450 4780 scriptum
2485 4710 2588 4765 hoc
2624 4718 2811 4777 postea
2846 4722 3123 4779 repertum
3156 4710 3573 4779 vulgatumque,

2004 4812 2065 4854 ut
2103 4803 2447 4871 postmodum
2489 4800 2731 4868 dicetur,
2760 4802 3203 4857 accusationibus
3229 4803 3283 4855 in
3328 4802 3449 4870 ejus
3479 4815 3579 4854 au-

2004 4905 2207 4948 ctorem
2246 4903 2405 4948 antea
2460 4893 2676 4962 iactatis
2733 4893 2856 4948 ﬁdei
2908 4903 3244 4947 momentum
3276 4893 3574 4956 addidisse,

2004 4995 2065 5040 ut
2096 4984 2207 5054 jam
2240 5000 2349 5038 non
2400 4984 2675 5039 immerito
2709 4985 3000 5039 traductus
3033 4983 3126 5037 ille
3154 4997 3220 5037 ac
3258 4983 3457 5052 injuste
3492 4982 3579 5035 itt-

2005 5079 2240 5131 l'amatus
2277 5077 2571 5132 videretur.
2626 5076 2786 5131 Aliud
2826 5077 2990 5131 etiam
3029 5076 3295 5143 scriptum
3334 5075 3567 5129 concin-

2004 5171 2177 5227 navit.
2231 5170 2416 5223 statim
2474 5168 2541 5222 ad
2599 5178 2983 5237 Imperatorem
3036 5170 3284 5227 missum.
3342 5168 3455 5221 haec
3505 5167 3573 5222 ad

2004 5263 2224 5315 verbum
2272 5260 2562 5314 continens
2599 5275 2614 5313 :
2653 5278 2672 5310 ι
2703 5258 2812 5312 Deo
2840 5269 2893 5314 et
2924 5268 3046 5329 post
3096 5259 3265 5312 Deum
3299 5257 3479 5312 verbis
3510 5257 3579 5312 ll-

2004 5356 2137 5408 dens
2169 5368 2235 5407 ex
2277 5354 2386 5405 Deo
2411 5353 2796 5406 auctoritatem
2826 5354 3080 5407 ducentis
3106 5352 3413 5421 maiestatis
3444 5361 3576 5417 tum,

2001 5445 2260 5500 Erclcsia‘.
2293 5446 2532 5513 regimen
2566 5445 2860 5512 capessivi.
2904 5444 2960 5497 In
2991 5458 3102 5512 quo
3135 5443 3576 5497 administrando

2004 5539 2047 5592 si
2108 5537 2380 5607 quispiam
2454 5538 2835 5591 succrnsuerit
2903 5536 3354 5606 gubernationem
3410 5533 3572 5605 ι,Ὶά

1986 5644 2182 5709 .mcam
2211 5629 2276 5681 ad
2309 5628 2454 5696 quod
2489 5628 2687 5697 cuique
2720 5628 2956 5697 placeret
2991 5628 3227 5681 obnoxie
3258 5641 3573 5681 accommo-

2006 5722 2185 5775 datam
2210 5735 2318 5773 non
2342 5717 2537 5781 fuisse,
2569 5719 2723 5774 testis
2750 5719 2888 5773 idem
2923 5720 2995 5773 sit
3032 5720 3198 5784 Deus,
3233 5719 3429 5772 melius
3460 5733 3571 5771 non

2008 5810 2329 5866 sentiebam.
2367 5807 2819 5880 Quandoquidem
2856 5825 2986 5867 vero
3030 5811 3282 5868 Christus
3315 5810 3577 5866 Ecclesia
