3922 6554
376 417 484 483 193

1298 418 1397 476 DE
1439 416 1882 478 ANDRONICO
1916 414 2380 477 PAL/EOLOGO
2403 414 2547 477 LIB.
2588 411 2673 474 ΙΙ.

3530 410 3636 479 19$

356 551 550 603 σομαι.
580 532 691 603 Τὴν
719 531 827 603 γάρ
861 528 1191 601 παραίτησιν
1222 528 1507 601 λογίζομαι
1560 532 1934 595 ἀκανόνιστον,
1967 540 2015 596 Α
2041 533 2199 597 γνοὺς
2232 527 2481 583 έντιῦθεν
2535 529 2667 589 icto;
2722 525 2816 580 atati.
2847 524 2945 597 τὴν
2975 525 3070 580 τοῦ
3119 527 3447 598 κρατοῦντος
3491 526 3635 597 γνώ-

350 625 456 679 καὶ
482 624 621 694 αῦτη
651 640 755 694 μου
785 624 819 695 ἠ
844 623 1133 694 διάκρισις.
1170 622 1321 675 Ἐπεὶ
1344 622 1400 676 δὲ
1422 623 1556 694 πρὸς
1579 624 1852 695 τρέμοντα
1869 625 1937 679 τά

349 713 697 783 δικαιώματα
735 712 873 766 Θεοῦ
904 712 1127 782 βασιλέα
1158 712 1324 776 λαλῶ,
1371 714 1420 765 εί
1451 714 1714 781 κελεύεις,
1757 715 1818 767 τὸ
1849 715 1937 767 θέ-

353 805 510 874 λημά
536 822 639 874 μου
662 803 759 867 ἐῶ.
787 806 879 858 καὶ
915 804 1212 875 ἀνατίθημι
1237 804 1311 875 τῷ
1331 805 1451 874 Θεῷ
1479 806 1573 859 καὶ
1589 810 1656 880 τῇ
1688 808 1745 875 ἐξ
1769 809 1935 862 αὐτοῦ

355 896 609 968 βασιλείᾳ
636 914 730 950 σου
765 897 833 950 τὰ
859 898 989 967 έμά,
1024 898 1112 952 ἵνα
1135 900 1270 967 ὅπερ
1302 899 1438 970 αὐτῇ
1478 899 1769 971 θεάρεστον
1795 902 1939 968 δόξει

354 989 453 1042 καὶ
474 992 543 1059 τῇ
574 989 723 1058 ψυχῇ
746 1007 848 1057 μου
877 992 1166 1060 σωτήριον,
1189 992 1556 1064 εύεργετήσῃς
1582 995 1678 1047 καὶ
1706 995 1941 1063 συμϐου-

283 1140 293 1147 ,
351 1076 557 1149 λεύσῃς
590 1080 684 1130 καὶ
726 1082 1067 1150 συνεργήσῃς
1122 1097 1235 1150 μοι,
1292 1081 1389 1134 καὶ
1431 1080 1571 1134 οὓτω
1613 1085 1763 1152 παρά
1805 1084 1939 1137 Θεοῦ

354 1165 591 1235 χαρισθῇ
621 1168 722 1236 τῆς
751 1167 1072 1234 εὐεργεσίας
1098 1170 1164 1221 τά
1196 1170 1287 1221 fda
1316 1171 1379 1241 τῇ
1409 1172 1474 1223 ὲκ
1503 1172 1638 1225 Θεοῦ
1691 1173 1941 1244 βασιλείᾳ

357 1275 478 1312 σου.
521 1278 541 1310 ι
591 1258 754 1312 Ἀλλά
778 1259 935 1312 τοῦτο
968 1261 1087 1330 μὲν,
1114 1262 1255 1316 κοιτά
1284 1262 1344 1314 τὸ
1376 1264 1547 1327 είκδς,
1575 1265 1673 1333 οὐχ
1706 1267 1946 1334 ὑπέγρα-

354 1350 452 1418 ψε,
478 1351 539 1405 τὸ
566 1350 623 1404 δέ
652 1367 716 1420 γι
763 1353 1030 1423 πρότερον
1080 1353 1452 1423 οίκειοχείρως
1504 1356 1895 1426 ύπεσημήνατο
1917 1374 1933 1392 ·

355 1438 476 1511 εἶχε
536 1442 668 1512 γὰρ,
703 1461 721 1494 ι
757 1442 1073 1507 Ἀθανάσιος
1133 1444 1267 1513 ἐλέῳ
1321 1444 1457 1498 Θεοῦ
1516 1446 1945 1514 άρχιεπίσκοπος

358 1535 990 1597 Κωνσταντινουπόλεως
1020 1534 1146 1597 νέας
1187 1535 1406 1606 Ῥώμης
1435 1540 1528 1591 καὶ
1566 1541 1946 1608 οίκουμενικδς

360 1626 733 1696 πατριάρχης.
776 1644 796 1678 ι
830 1621 942 1678 Ἦν
969 1626 1014 1680 δ’
1067 1628 1149 1680 ἔτι
1176 1629 1476 1699 φερόμενον
1521 1630 1618 1682 καὶ
1654 1631 1782 1684 ἄλλο
1808 1649 1857 1683 τι
1890 1633 1948 1684 έν

360 1719 596 1790 κρυπτῷ
647 1719 960 1789 γράμματι,
1017 1721 1155 1791 ὅπερ
1211 1721 1310 1775 οὐκ
1361 1716 1476 1776 οἴδα
1534 1723 1583 1775 εί
1640 1722 1946 1791 προσετέθη

364 1809 594 1882 ὕστερον
631 1811 785 1881 παρὰ
811 1811 918 1864 τῶν
961 1812 1154 1881 ἐκείνῳ
1189 1814 1627 1883 προσκειμένων,
1662 1813 1739 1878 ὡς
1780 1832 1799 1865 ι
1832 1814 1949 1868 Κᾶν

362 1903 419 1955 εί
447 1922 501 1956 τι
535 1905 750 1974 ποιήσω
780 1904 932 1974 παρά
958 1904 1147 1965 ταῦτα.
1169 1905 1434 1976 ἄστοργον
1463 1903 1571 1974 ἔχω
1592 1905 1685 1958 καὶ
1713 1906 1820 1970 ἔξω
1845 1908 1947 1975 τῆς

362 1995 642 2069 ἡμετέρας
692 1994 940 2064 γνώμης,
990 1995 1093 2050 κᾶν
1134 1997 1304 2068 αὐτὴν
1359 1998 1649 2068 έγχαρέξω
1695 2016 1796 2068 μου
1844 1999 1943 2068 τὴν

364 2084 725 2154 παραίτησιν.
753 2102 772 2136 ι
820 2086 968 2147 Τέως
997 2086 1166 2139 ταῦτα
1199 2086 1438 2157 γράψας,
1461 2088 1527 2141 τά
1558 2091 1654 2157 μὲν
1680 2089 1737 2141 ἐν
1752 2092 1947 2158 ἀφανεῖ

360 2174 547 2245 τίθησι
575 2177 667 2229 τὸν
689 2178 979 2247 εἰρημένον
1006 2177 1504 2248 ὲξασφαλισάμενος
1529 2182 1753 2251 τρόπον,
1784 2182 1949 2245 αὐτὸς

362 2268 422 2321 δὲ
449 2268 510 2320 τὸ
536 2265 676 2339 πρὸς
703 2270 795 2321 τὸν
823 2270 1042 2339 βασιλέα
1070 2271 1164 2323 καὶ
1196 2271 1356 2340 μόνον
1379 2271 1791 2338 ἐξαποστείλας,
1825 2273 1948 2326 ἐπεὶ

360 2361 465 2413 οὐκ
490 2355 561 2431 ἦν
599 2362 827 2423 ἐκεῖθεν,
869 2362 1047 2422 καθὼς
1096 2361 1226 2423 ἴσως
1264 2363 1357 2416 καί
1392 2366 1437 2416 οί
1472 2364 1721 2433 ἠλπιστο,
1750 2366 1782 2435 ἡ
1816 2364 1947 2435 βοή-

364 2452 485 2505 θεια
514 2457 612 2507 καὶ
642 2454 700 2506 τὸ
738 2453 1112 2522 ἀντειλῆφθαι,
1144 2452 1255 2505 ἀλλ’
1286 2454 1385 2524 ἤδη
1442 2455 1641 2523 μᾶλλον
1675 2458 1723 2508 oi
1754 2455 1950 2518 νυκτὸς

363 2544 785 2613 ὲξελευσομένου
810 2546 947 2598 κατά
965 2547 1062 2614 τὴν
1083 2545 1201 2597 ὁδὸν
1222 2544 1470 2612 δεφενδεύ
1480 2562 1660 2608 σοντες
1686 2546 1951 2600 ἀπεστέλ-

364 2637 543 2703 λοντο,
583 2639 676 2690 καὶ
724 2638 875 2692 ἄλλοι
906 2637 956 2690 οἱ
993 2638 1053 2690 τὸ
1103 2641 1493 2708 πατριαρχεῖον
1544 2637 1948 2709 ἀναδεξάμενοι,

364 2833 481 2874 suae
510 2831 566 2871 et
598 2819 811 2888 imperii
844 2828 895 2871 te
930 2817 1211 2874 constituit
1243 2831 1574 2882 curatorem,
1609 2828 1669 2872 ιιι
1722 2827 1952 2888 utraque

365 2912 435 2965 ad
476 2911 599 2980 ejus
640 2912 1045 2981 beneplacitum
1078 2912 1307 2981 dirigas,
1336 2914 1391 2964 in
1416 2920 1719 2981 conspectu
1755 2913 1953 2980 loquor

366 3002 585 3057 Domini
626 3002 881 3060 meiJesu
912 3001 1135 3062 Christi.
1163 3004 1265 3056 etsi
1299 3012 1558 3071 peccator
1587 3020 1735 3068 sum,
1766 3012 1950 3059 tamen

365 3095 580 3149 factum
628 3112 659 3149 a
714 3111 802 3149 uie
844 3096 1142 3164 quidquam
1185 3110 1293 3148 non
1345 3096 1567 3149 memini
1604 3110 1634 3149 a
1663 3097 1953 3151 sacerdotii

367 3190 576 3261 regulis
630 3189 961 3242 abhorrens.
1025 3185 1080 3241 Si
1130 3201 1259 3241 vero
1308 3189 1475 3255 aliqui
1525 3188 1948 3246 insurrexerunt

364 3292 558 3333 contra
608 3293 715 3341 me,
749 3276 994 3330 dicentes
1025 3293 1147 3344 qua:
1192 3277 1258 3330 ad
1295 3277 1716 3334 deformandum
1752 3290 1947 3334 contu-

368 3371 551 3424 meliis
586 3369 887 3438 doloreque
933 3353 1281 3439 pungendum
1319 3370 1595 3426 hominem
1650 3374 1943 3442 pertinent,

365 3476 423 3516 et
458 3470 590 3517 sunt
619 3468 712 3532 qui
747 3464 979 3517 t-reduut
1016 3464 1139 3525 ista,
1168 3462 1442 3531 imputem
1473 3464 1602 3518 licet
1629 3466 1683 3519 in
1717 3465 1945 3521 idoneas

366 3567 504 3606 ntere
552 3552 916 3622 depasitiouis
947 3568 1143 3606 causas
1176 3569 1236 3606 ea
1268 3568 1332 3607 ex
1367 3553 1452 3609 his
1483 3570 1603 3623 qua:
1632 3556 1847 3611 volunt.
1887 3556 1945 3611 Si

365 3660 564 3714 paSStts
591 3645 851 3713 injuria!"
903 3648 1079 3710 luero,
1108 3645 1161 3699 in
1188 3645 1274 3700 die
1312 3645 1400 3700 illa
1434 3645 1805 3714 justificahor.
1836 3650 1947 3705 Ab-

366 3736 698 3789 dicationem
761 3734 905 3788 enim
954 3745 1143 3804 reputo
1179 3735 1547 3804 illegitimam.
1585 3739 1650 3794 Et
1690 3739 1794 3796 hoc
1820 3742 1947 3811 qui-

364 3828 492 3883 dem
526 3843 707 3881 meum
758 3828 1025 3898 judicium
1059 3838 1165 3884 est.
1215 3830 1486 3897 Quoniam
1521 3847 1653 3889 Vero
1683 3847 1807 3888 cum
1838 3844 1948 3891 tre-

365 3930 554 3974 mente
601 3920 1032 3988 justiiicationes
1088 3920 1179 3975 Dei
1242 3924 1579 3993 imperatore
1625 3925 1843 3995 loquor,
1896 3929 1944 3984 si

359 4012 552 4082 iubes,
606 4012 872 4068 voluntati
924 4029 1056 4068 meae
1108 4017 1390 4079 renuntio,
1434 4027 1487 4071 et
1540 4016 1651 4073 Deo
1683 4018 1943 4087 permitto

368 4112 589 4173 tuaique
615 4120 681 4159 ex
734 4104 840 4159 Deo
871 4106 1252 4162 auctoritatem
1302 4109 1523 4162 habenti
1554 4108 1825 4179 maiestati
1854 4126 1942 4166 res

369 4210 547 4258 meas,
584 4204 642 4248 ut
670 4194 817 4264 quod
864 4195 964 4264 ipsi
1011 4195 1120 4250 Deo
1153 4197 1413 4261 placitum
1445 4198 1695 4254 videatur
1729 4209 1783 4254 et
1826 4202 1938 4256 ani-

362 4304 473 4344 ma:
522 4304 654 4343 mea:
700 4288 965 4351 salutare,
1017 4287 1290 4355 conferre,
1312 4292 1939 4361 consulere,cooperari

364 4376 504 4431 mihi
536 4375 801 4446 digneris,
837 4385 894 4429 ut
934 4377 1115 4430 anima
1170 4392 1290 4432 mea
1329 4379 1526 4433 divinae
1570 4378 1941 4440 beneficentiae

320 4467 464 4566 wﬁat
493 4469 766 4538 particeps
792 4469 1049 4523 similiter
1078 4484 1200 4523 cum
1234 4486 1300 4524 ex
1349 4470 1456 4525 Deo
1489 4473 1613 4527 data
1654 4475 1939 4544 majestate

2044 638 2177 692 μην,
2210 638 2283 684 ως
2318 620 2462 674 οὕτω
2490 620 2557 673 τὰ
2580 619 2704 673 καθ’
2734 620 2928 674 ἑαυτὸν
2947 619 3333 690 δοκιμάζοντος
3359 623 3440 686 εἰς
3458 622 3637 675 συνοῖ-

2044 730 2158 780 σον,
2194 714 2244 766 εί
2292 712 2544 782 ἐκσταίη,
2602 712 3132 783 παρακεκινημένων
3165 713 3272 768 τῶν
3302 714 3440 768 ὅλων
3488 715 3634 785 (οὐδὲ

2041 806 2150 876 γὰρ
2183 804 2381 874 ἐχώρει
2412 804 2586 867 άλλως
2622 803 2915 873 γίνεσθαι),
2959 806 3101 875 ἀωρὶ
3144 805 3255 858 τῶν
3291 807 3506 862 νυκτῶν
3556 807 3636 860 δί-

2043 894 2207 949 δωσιν
2237 895 2430 949 ἑαυτὸν
2458 897 2571 958 τοῖς
2609 895 2897 961 ἀπάξουσι.
2945 896 3054 949 Καὶ
3104 896 3239 967 πρὸς
3267 900 3333 968 τῇ
3391 897 3534 952 κατὰ
3564 897 3637 950 τά

2050 985 2315 1055 Εύγενίου
2343 985 2628 1055 γεγονότες
2658 986 2903 1059 θαλάσσῃ
2935 987 3149 1050 ἁλιάδος
3173 1004 3233 1040 τε
3264 989 3631 1048 ἐπιϐαίνουσι.

2045 1079 2141 1131 καὶ
2173 1078 2264 1130 τὸν
2316 1077 2511 1146 λιμένα
2543 1078 2604 1130 τὸ
2651 1079 2838 1147 Κέρας
2889 1078 3309 1142 εἰσπλεύσαντες
3340 1080 3440 1149 τὴν
3468 1080 3637 1148 μονὴν

2046 1169 2143 1223 τοῦ
2198 1169 2497 1238 Κοσμιδίου
2546 1168 3049 1238 καταλαμϐάνουσι.
3110 1170 3289 1222 Κάκεῖ
3333 1173 3431 1239 τὴν
3463 1170 3636 1224 νύκτα

2050 1260 2389 1330 προσμείνας
2426 1258 2633 1312 στέλλει
2664 1261 2801 1331 πρὸς
2836 1260 3062 1330 βασιλέα
3091 1259 3190 1329 τὴν
3218 1259 3386 1314 αὐτοῦ
3423 1262 3633 1334 παραίσ

2048 1366 2229 1419 τησιν,
2265 1350 2495 1421 ἔχουσαν
2521 1352 2613 1404 ἐπὶ
2634 1350 2829 1418 λέξεως
2860 1351 2951 1422 [Ρ.
2985 1350 3110 1423 117]
3135 1350 3310 1415 οὕτως
3331 1368 3349 1385 ’

2051 1462 2152 1519 κδ’.
2185 1465 2560 1533 Παραίτησις
2600 1464 2900 1550 ἔγγραφος
2927 1462 3033 1517 τοῦ
3068 1467 3441 1537 πατριάρχου
3470 1466 3638 1523 Ἀθα-

2714 1552 2956 1590 νασιου.

2128 1644 2147 1676 ι
2186 1614 2525 1697 ⁹Ἐπειδσίγηιερ
2576 1626 2910 1689 λυσιτελείας
2957 1629 3122 1702 χάριν
3172 1629 3360 1699 κοινῆς
3405 1630 3487 1693 είς
3544 1631 3636 1685 τὸν

2055 1717 2456 1788 πατριαρχικὸν
2501 1716 2820 1788 ἀνήχθημεν
2873 1716 3063 1785 θρόνον
3113 1720 3208 1774 καὶ
3255 1719 3343 1774 διὰ
3394 1721 3493 1790 τὴν
3539 1720 3635 1773 τοῦ

2055 1802 2439 1879 χριστωνύμου
2472 1809 2601 1863 λαοῦ
2630 1810 2917 1881 είρηναίαν
2944 1812 3281 1866 κατάστασιν
3309 1814 3404 1867 καὶ
3434 1812 3636 1883 κυϐέρ-

1980 1895 2024 1951 B
2048 1916 2226 1970 νησιν,
2258 1900 2546 1971 ἀπέϐησαν
2573 1901 2631 1954 δὲ
2663 1904 2730 1955 τὰ
2768 1902 3070 1973 πράγματα
3094 1904 3175 1966 είς
3203 1899 3636 1977 τούναντίονκσι

2049 1994 2182 2063 παρ’
2241 1994 2431 2047 ἐλπίδα
2482 1994 2581 2065 τὴν
2639 1996 2919 2067 ἡμετέραν
2973 1998 3067 2051 καὶ
3120 1998 3230 2052 τῶν
3287 1999 3637 2070 βιασαμένων

2047 2084 2220 2154 ἡμᾶς,
2273 2083 2350 2143 ὡς
2380 2082 2628 2137 ἐντεῦθεν
2676 2083 2933 2154 κριθῆναι
2980 2088 3128 2157 ἡμᾶς
3183 2088 3261 2158 τῷ
3291 2088 3406 2159 λαῷ
3456 2088 3637 2142 ἀδοκί-

2051 2192 2188 2243 μους
2232 2174 2330 2228 καὶ
2370 2174 2772 2246 παραιτητέους
2801 2177 2896 2230 καὶ
2944 2178 3314 2250 ἀδιακρίτους,
3362 2180 3541 2243 άλλως
3571 2197 3633 2234 τε

2048 2266 2104 2320 δὲ
2138 2266 2233 2321 καὶ
2268 2268 2343 2331 ὡς
2375 2267 2624 2328 ἀσθενεῖς
2658 2269 2754 2320 καὶ
2788 2269 3107 2340 ἁμαρτωλοὶ
3143 2273 3237 2326 καὶ
3267 2272 3512 2326 άνίκανοι
3538 2274 3635 2326 καὶ

2048 2356 2170 2410 οὐδὲ
2191 2356 2333 2424 ἀξιοι
2362 2357 2710 2428 λειτουργίας
2738 2358 3016 2430 τοιαύτης,
3043 2360 3132 2415 διά
3159 2362 3315 2415 τοῦτο
3338 2363 3638 2434 παραιτού·

2054 2449 2196 2519 μεθα
2222 2451 2315 2503 καὶ
2337 2451 2499 2519 ἡμεῖς
2534 2451 2738 2514 αὐτοὺς
2771 2452 2912 2521 μετά
2939 2453 3039 2522 τῆς
3067 2454 3504 2525 ἀρχιερωσύνης,
3538 2456 3636 2510 καὶ

2051 2540 2104 2592 εἰ
2138 2556 2187 2593 τι
2219 2542 2569 2611 ὴγνοήσςιμεν
2604 2542 2636 2611 ἢ
2669 2541 2765 2594 καὶ
2788 2542 3204 2612 διεπραξάμεθα
3234 2543 3340 2609 ἔξω
3367 2544 3461 2597 τοῦ
3497 2547 3635 2615 πρέα

2054 2647 2269 2698 ποντος,
2304 2630 2565 2701 αἰτοῦμεν
2612 2631 2982 2705 συγχώρησιν,
3019 2634 3111 2688 καὶ
3157 2635 3301 2704 ὑμᾶς
3350 2636 3378 2686 ὁ
3431 2638 3634 2707 Κύριος

2053 2809 2298 2865 libellum
2341 2812 2655 2879 imperatori
2693 2827 2819 2868 cum
2861 2808 3126 2879 misisset,
3162 2829 3261 2868 nec
3315 2814 3440 2870 inde
3482 2816 3634 2885 quod

2055 2902 2196 2957 forte
2235 2915 2549 2972 speraverat
2591 2906 2857 2959 auxilium
2891 2922 2956 2960 ac
3009 2909 3404 2976 pmtectionem
3441 2908 3631 2963 offerri

2058 2995 2165 3049 sibi
2199 2994 2433 3059 videret,
2467 2998 2598 3060 quin
2650 2996 2835 3066 potius
2878 2998 2989 3067 jam
3025 3009 3227 3067 praesto
3261 3002 3454 3054 adesse
3503 3006 3636 3053 διιὶι-

2058 3086 2257 3141 missos
2294 3088 2449 3141 illinc
2496 3102 2746 3145 cerneret
2791 3091 2884 3161 qui
2937 3107 2995 3146 se
3043 3102 3208 3146 nocte
3259 3088 3631 3161 profecturum

2058 3196 2157 3251 per
2190 3181 2331 3235 viam
2381 3182 2758 3249 defenderent,
2791 3194 2845 3238 et
2877 3185 3036 3249 alios,
3069 3188 3161 3255 qui
3209 3202 3345 3256 quas
3390 3204 3492 3243 suo
3520 3189 3634 3243 dis—

2053 3287 2211 3327 cessu
2264 3267 2805 3331 vacnas'relieturns
2848 3293 2973 3331 mox
3029 3276 3169 3332 foret
3225 3280 3633 3350 patriarchales

2052 3365 2196 3420 :edes
2254 3368 2602 3435 susciperent
2656 3368 3065 3433 custodiendas,
3122 3371 3395 3427 intellecto
3444 3391 3507 3427 ex
3548 3375 3633 3429 his

2050 3472 2370 3528 persuasum
2414 3462 2731 3528 imperatori
2779 3463 2964 3516 utilem
2998 3463 3241 3520 futuram
3299 3466 3630 3535 patriarcha:

2050 3550 2451 3620 depositionem
2484 3554 2882 3623 perturbationi
2916 3553 3149 3623 publicae
3195 3558 3476 3625 pacandae,
3504 3575 3631 3614 cum

2051 3644 2201 3699 aliud
2235 3661 2343 3699 non
2385 3656 2587 3717 posset.
2617 3662 2676 3702 se
2704 3647 2887 3717 ipsum
2926 3649 3254 3719 intempesta
3285 3660 3448 3707 nocte
3487 3653 3632 3707 ultro

2049 3736 2201 3792 dedit
2242 3739 2431 3795 missis
2457 3741 2525 3794 ad
2556 3756 2615 3795 se
2654 3741 3063 3796 abducendum.
3088 3743 3221 3798 Cum
3258 3746 3341 3801 his
3374 3747 3440 3801 ad
3473 3758 3627 3802 oratu

2048 3828 2223 3883 maris
2275 3829 2398 3883 loco
2456 3830 2526 3885 ab
2584 3829 2832 3901 Eugenio
2899 3835 3252 3891 denominato
3312 3838 3627 3909 contiguam

2046 3922 2396 3988 progressus,
2450 3920 2524 3975 ibi
2586 3922 2940 3991 piscatoriam
2988 3926 3191 3993 pariter
3255 3943 3446 3983 omnes
3497 3944 3626 3985 con-

2048 4014 2321 4067 scendunt
2353 4026 2567 4077 navem,
2589 4024 2643 4069 et
2668 4015 2722 4070 in
2745 4028 2959 4085 portum
2985 4017 3153 4074 Ceras
3187 4021 3390 4075 dictum
3428 4023 3626 4078 invecti

2047 4103 2115 4158 ad
2144 4105 2409 4159 Cosniidii
2462 4110 2858 4163 monasterium
2904 4113 3253 4180 perveniunt.
3310 4113 3482 4168 Nocte
3517 4115 3629 4169 illic

2045 4203 2322 4252 transacta
2358 4197 2510 4253 misit
2534 4199 2876 4255 Athanasius
2906 4204 2972 4257 ad
3010 4202 3398 4273 imperatorem
3423 4206 3629 4261 cessio-

2044 4303 2169 4342 ncm
2200 4304 2379 4351 suam.
2403 4289 2483 4345 sic
2512 4290 2579 4344 ad
2603 4293 2826 4347 verbum
2861 4294 3148 4349 habentem
3186 4314 3198 4348 :

2078 4379 2168 4435 ει.
2203 4379 2379 4437 Cessio
2410 4384 2607 4453 scripto
2658 4401 2906 4455 expressa
2940 4397 3263 4456 patriarcha:
3288 4389 3589 4448 Athanasii.

2120 4491 2142 4525 ι
2179 4472 2632 4543 Quandoquidem
2682 4479 2932 4532 utilitatis
2987 4483 3299 4535 communis
3348 4492 3521 4553 gratia
3569 4485 3624 4539 in

332 4559 485 4614 ima.
528 4578 548 4611 ι
586 4561 655 4612 At
697 4559 825 4613 huic
867 4561 1085 4630 quidem
1119 4561 1322 4626 libello,
1362 4570 1419 4615 ut
1442 4564 1559 4617 fieri
1623 4579 1723 4635 par
1748 4564 1945 4634 fuerat,
1980 4575 2025 4631 ι)
2054 4566 2475 4635 patriarchalem
2518 4571 2754 4638 promoti
2792 4571 3053 4625 thronum
3092 4572 3299 4628 fuimus
3330 4583 3382 4628 et
3418 4574 3483 4628 ad
3527 4592 3622 4644 pa-

366 4664 479 4702 non
538 4650 894 4719 subscripsit.
967 4648 1146 4706 Priori
1215 4660 1428 4706 tantum
1490 4655 1711 4724 propria
1777 4673 1943 4711 manu

363 4757 531 4796 suum
568 4757 768 4811 nomen
800 4753 1133 4811 apposuerat
1159 4761 1174 4797 :
1201 4746 1281 4799 sic
1323 4745 1467 4799 enim
1500 4748 1564 4799 ad
1593 4748 1714 4817 ejus
1736 4749 1943 4804 calcem

364 4836 684 4904 legebatur:
721 4855 741 4887 ι
792 4837 1129 4892 Athanasius
1180 4838 1530 4893 miseratione
1584 4838 1675 4894 Dei
1731 4843 1945 4897 archie-

365 4928 629 4995 piscopus
659 4928 1170 4997 Constantinopolis
1201 4928 1367 4983 Novae
1400 4929 1610 4998 Roma',
1636 4936 1943 4988 mcumenh

363 5031 467 5068 cus
535 5017 867 5084 patriarcha.
927 5033 948 5066 ι
1007 5014 1311 5071 Ferebatur
1366 5028 1419 5072 et
1477 5020 1623 5073 aliud
1678 5030 1941 5089 praeterea

362 5109 625 5179 quiddam
682 5110 942 5178 scriptum
983 5108 1039 5163 in
1094 5109 1187 5163 illa
1248 5111 1417 5178 priori
1474 5127 1673 5166 arcana
1728 5115 1938 5179 charta,

363 5200 510 5270 quod
561 5200 704 5254 haud
739 5204 855 5256 scio
900 5217 967 5256 an
1019 5216 1127 5255 non
1173 5200 1418 5257 additum
1457 5208 1732 5276 posterius
1779 5205 1941 5262 fuerit

362 5294 436 5347 ab
486 5294 774 5348 Athanasii
834 5292 1166 5362 fautoribus,
1214 5313 1412 5367 nempe
1468 5298 1659 5353 hoc“
1697 5300 1752 5354 Si
1808 5302 1939 5370 quid

362 5395 731 5457 praeterquam
785 5387 874 5441 hic
921 5388 1117 5457 scripsi
1152 5404 1239 5443 me
1285 5390 1559 5445 facturum
1599 5407 1782 5462 egero,
1814 5394 1939 5447 irri-

370 5490 484 5533 tum
513 5480 708 5543 habeo,
729 5483 925 5550 quippe
945 5492 1134 5536 contra
1156 5481 1314 5553 175
1330 5499 1503 5538 meam
1529 5483 1863 5539 voluntatem
1886 5494 1941 5541 et

366 5582 605 5627 tuentem
629 5583 836 5638 actum,
856 5575 1021 5628 etiam
1050 5574 1095 5630 si
1122 5575 1294 5645 ipsam
1322 5578 1530 5647 scripto
1554 5578 1938 5649 signiticavero
1968 5590 1979 5595 '

366 5666 791 5723 abdicationem.
836 5689 854 5721 ι
912 5666 1202 5738 Utcunque
1260 5673 1354 5737 sit,
1406 5671 1491 5726 his
1557 5673 1629 5726 ita
1694 5675 1933 5745 scriptis,

369 5760 523 5830 prius
558 5760 776 5830 quidem
829 5763 963 5816 illud
1012 5765 1063 5817 in
1103 5764 1324 5819 occulto
1372 5763 1598 5830 abdidit,
1630 5781 1936 5822 memorato

364 5852 474 5923 jam
532 5855 804 5907 munitum
842 5855 1027 5909 modo.
1098 5855 1216 5924 Ipse
1241 5870 1370 5910 vero
1420 5858 1597 5913 solum
1632 5862 1933 5913 secundum

2047 4657 2265 4711 cillcum
2289 4658 2587 4713 Christiani
2615 4661 2799 4730 populi
2825 4670 3029 4716 statum
3056 4678 3121 4717 ac
3147 4663 3622 4734 gubernationem,

2046 4762 2431 4807 successerunt
2454 4762 2635 4806 autem
2678 4764 2762 4808 res
2788 4755 2841 4808 in
2872 4756 3211 4811 contrarium
3243 4768 3436 4827 praeter
3471 4777 3623 4828 Spem

2045 4853 2292 4897 nostram
2325 4856 2379 4897 et
2432 4859 2625 4898 eorum
2657 4846 2751 4914 qui
2784 4863 2883 4902 nos
2933 4849 2999 4901 ad
3032 4847 3193 4903 istam
3244 4851 3621 4920 praefecturam

2045 4936 2438 4991 admittendam
2470 4948 2788 5007 coegerunt,
2827 4939 2964 4993 adeo
2994 4941 3213 5009 quidem
3255 4955 3312 4997 ut
3349 4945 3476 4998 inde
3499 4960 3625 4999 cou-

2043 5028 2228 5103 tigerit
2254 5028 2464 5084 censeri
2508 5044 2608 5083 nos
2651 5030 2853 5099 populo
2896 5028 3309 5100 improbabiles,
3358 5034 3507 5103 rejici
3536 5036 3621 5088 di-

2044 5098 2199 5191 énos,
2235 5122 2452 5191 ineptos
2486 5132 2540 5176 et
2590 5098 2846 5187 frivolos,
2897 5140 3023 5179 cum
3081 5125 3247 5180 etiam
3302 5142 3404 5181 nos
3432 5139 3485 5182 et
3518 5131 3619 5198 ipsi

2038 5216 2346 5269 sentiamus
2375 5213 2698 5280 imbecilles,
2730 5226 3073 5285 peccatores,
3102 5217 3492 5273 insulilcientes
3526 5238 3624 5274 nec

2041 5318 2200 5374 pares
2253 5296 2559 5359 ministerio
2607 5307 2725 5372 tali,
2776 5316 3067 5378 propterea
3108 5308 3427 5364 abdicamus
3464 5310 3624 5381 176

2041 5409 2094 5450 et
2124 5411 2224 5450 nos
2252 5396 2401 5466 ipsos
2435 5414 2558 5451 cum
2590 5399 2921 5464 sacerdotio;
2965 5410 3019 5455 et
3061 5402 3106 5455 si
3140 5402 3269 5471 quid
3301 5403 3620 5471 ignorantes

2041 5491 2330 5545 omisimus
2372 5503 2466 5545 aut
2498 5491 2730 5549 fecimus
2756 5504 2909 5547 extra
2937 5510 3102 5562 quam
3146 5496 3346 5560 decuit,
3384 5494 3618 5562 petimus

2040 5582 2275 5646 veniam,
2303 5594 2355 5638 et
2407 5585 2562 5639 vobis
2599 5586 2862 5641 Dominus
2911 5586 3178 5657 ignoscat.
3216 5589 3291 5641 Ac
3334 5586 3480 5656 quod
3511 5587 3617 5642 erit

2041 5674 2381 5731 conducibile
2402 5678 2681 5746 praebebit,
2707 5679 3100 5750 etgubernabit
3125 5679 3335 5743 ambos,
3355 5687 3407 5732 et
3428 5689 3616 5747 pasto-

2042 5771 2481 5841 rcmtprovidebit
2506 5775 3006 5839 accommodatum,
3031 5772 3286 5844 precibus
3310 5771 3570 5844 Driparan
3589 5792 3609 5824 ι

2040 5863 2381 5938 Subsrriptio
2425 5866 2539 5921 haec
2564 5866 2665 5922 fuit
2712 5880 2726 5920 :
2776 5884 2794 5919 ι
2827 5866 3158 5923 Athanasius
3177 5865 3271 5923 oui
3299 5864 3631 5923 fuitarchie-
