3862 6566
391 393 414 457 ί.
424 395 493 460 95

389 513 761 585 συγχωρήσαι,
807 518 900 570 καὶ
934 516 991 571 τὸ
1024 520 1306 590 συμφέρον
1337 524 1586 594 παρέξει,

387 609 542 677 νήσει
571 607 936 681 ἀμφοτέρους,
964 614 1060 664 καὶ
1094 615 1329 684 ποιμένα
1351 617 1543 686 ὄψεται
1569 622 1659 675 τὸν
1686 624 1968 692 ἁρμόδιον,

390 701 714 768 πρεσϐείαις
748 704 848 772 τῆς
894 702 1256 775 Θεομήτορος.
1293 726 1312 760 ι
1361 705 1485 780 Εἶχε
1526 713 1594 766 δι’
1645 715 1975 788 ὑπογραφῆς

386 793 528 856 τὸ,.ι
592 794 940 856 Αθανάσιοςό
969 799 1312 866 χρηματίσας
1354 803 1781 874 άρχιεπίσκοπος
1823 812 1976 865 Κων-

392 885 885 948 σταντινουπόλεως
931 887 1053 949 νέας
1117 889 1368 960 Ῥώμης,
1435 898 1812 967 οίκουμενικὸς
1869 920 1973 956 πα-

387 975 676 1043 τριάρχης.
721 992 739 1024 ι
785 973 969 1026 Ταῦτα
1024 977 1090 1030 τὰ
1126 976 1234 1029 τῶν
1279 983 1650 1052 γραμμάτων,
1685 988 1856 1040 ταῦτα
1901 991 1971 1042 τὰ

389 1064 489 1133 τῆς
534 1065 919 1136 παραιτήσεως
965 1068 1319 1124 Ἀθανασίου.
1362 1068 1442 1136 οἷς
1491 1076 1762 1144 ἐννοήσειέ
1792 1097 1876 1142 τις
1910 1082 1969 1135 τὸ

389 1157 791 1226 ἐμφαινόμενον
844 1157 938 1210 τοῦ
989 1159 1294 1228 γράφοντος
1344 1164 1808 1234 ἐμπερίσκεπτον.
1859 1171 1969 1224 Καὶ

386 1251 522 1310 τέως
563 1249 613 1300 τί
661 1247 909 1318 βούλεται
949 1250 1008 1301 τὸ
1041 1269 1060 1300 ι
1099 1250 1268 1315 οὕτως
1315 1254 1579 1322 ἐφρόνουν
1621 1277 1638 1308 ι
1673 1259 1764 1310 καὶ
1808 1260 1967 1323 αὖθις

395 1359 414 1392 ι
452 1342 699 1411 κρεῖττον
721 1341 820 1393 οὐκ
847 1341 1133 1410 ἐφρόνουν,
1167 1341 1379 1412 μάρτυς
1411 1345 1580 1411 Θεόςς
1621 1367 1640 1399 ι
1679 1349 1848 1402 Τοῦτο
1872 1355 1964 1406 καὶ

385 1430 842 1500 καταποντιστὴς,
879 1427 1056 1501 οῐμαι,
1091 1433 1218 1500 νηὸς
1242 1415 1390 1508 sint],
1419 1435 1477 1498 ὃς
1504 1437 1844 1500 αὑτοϐούλως
1872 1442 1966 1494 καὶ

382 1524 693 1594 αὑτονόμως
723 1525 952 1594 κινδύνῳ
987 1526 1304 1593 περιϐάλλει
1335 1527 1432 1599 τὴν
1459 1528 1613 1597 ναῦν,
1645 1532 1721 1596 ὡς
1764 1535 1810 1587 Κ
1821 1537 1964 1603 ρεῖτ-

381 1630 474 1666 τον
507 1614 606 1665 οὐκ
656 1615 937 1682 ἐφρόνουν.
980 1615 1121 1668 Ἀλλ’
1175 1613 1329 1670 εἶπεν
1359 1617 1424 1672 ἄν
1474 1637 1557 1684 τις
1589 1623 1726 1692 πρὸς
1774 1627 1958 1690 αὐτὸν,

389 1724 408 1757 ι
459 1705 601 1760 Ἀλλ’
629 1701 769 1775 ἦσαν
800 1706 916 1776 μεθ’
947 1700 1022 1760 ὧν
1049 1707 1114 1761 ἂν
1138 1710 1234 1762 καὶ
1261 1711 1688 1783 συνεδουλεύσω,
1722 1717 1805 1771 δτι
1838 1719 1959 1773 οὐδέ

384 1799 567 1869 μόνος,
624 1799 760 1854 ἀλλὰ
819 1800 956 1870 μετὰ
1025 1800 1236 1854 πολλῶν
1292 1805 1565 1876 κυϐερνᾷν
1627 1810 1882 1881 ἐτάχθης.

377 1985 658 2052 ἀδόκιμος,
710 2003 728 2036 ι
761 1986 854 2038 καὶ
909 1985 969 2036 οὐ
1011 1989 1122 2048 τοῖς
1155 1987 1472 2057 ἀρχιερεῦσι
1531 1991 1625 2043 καὶ
1677 1995 1791 2056 τοῖς
1851 1993 1952 2062 τῆς

390 2073 713 2144 Ἐκκλησίας
767 2077 1053 2144 μοναχοῖς·
1096 2077 1224 2129 λαοῦ
1277 2078 1323 2130 δ’
1373 2081 1775 2152 άποδοκιμασία
1809 2085 1861 2139 τί
1887 2085 1954 2140 ἂν

381 2163 601 2233 ἰσχυρὸν
633 2166 745 2234 ἔχοι
777 2168 856 2228 εἰς
900 2167 1244 2236 πατριάρχου
1279 2170 1607 2242 παραίτησιν
1634 2189 1649 2239 ;
1680 2194 1698 2225 ι
1745 2176 1954 2245 Παραι-

374 2253 617 2322 τούμεθα
649 2254 705 2306 δὲ
742 2256 838 2308 καὶ
878 2257 1101 2322 αὐτοὺς,
1139 2277 1157 2310 ι
1195 2262 1352 2328 φησὶ,
1389 2279 1409 2314 ι
1445 2264 1584 2331 μετὰ
1618 2267 1717 2335 τῆς
1768 2268 1957 2341 ἀρχιε-

377 2344 649 2415 ρωσύνης.
686 2365 705 2399 ι
740 2348 813 2400 Οὐ
858 2347 1047 2418 θρόνον
1076 2349 1173 2403 καὶ
1213 2353 1378 2423 τιμὴν
1409 2360 1778 2426 παραιτεῖται,
1812 2361 1950 2416 ἀλλὰ

373 2436 503 2490 λαὸν
535 2439 772 2492 ἄτακτον
807 2440 905 2502 καὶ
933 2441 1160 2512 ἀπειθῆ.
1195 2443 1432 2514 Πότερον
1452 2445 1508 2500 δέ
1537 2449 1628 2501 τὸν
1657 2453 1784 2504 λαὸν
1815 2455 1945 2507 σύν-

373 2545 493 2598 αμα
539 2531 604 2599 τῇ
666 2530 1044 2605 ἀρχιερωσύνη
1112 2539 1486 2604 παραιτεῖται,
1531 2540 1609 2604 ὡς
1666 2548 1951 2614 παραιτεῖ-

375 2619 501 2673 σθαι
529 2621 594 2690 δὴ
623 2621 716 2673 καὶ
765 2621 1132 2692 ἀμφοτέρους,
1166 2624 1198 2694 ἢ
1250 2626 1378 2680 λαὸν
1412 2633 1762 2700 παραιτεῖται
1807 2635 1946 2703 μετά

369 2711 470 2782 τῆς
497 2712 722 2797 ἐνοόσης
745 2712 894 2784 αὐτῷ
919 2716 1308 2785 ἀρχιερατικῆς
1343 2717 1524 2788 ἰσχύος
1555 2723 1648 2774 καὶ
1674 2724 1948 2778 καταστά-

369 2938 626 3008 piscopus
639 2937 1143 3009 ConstantinOpolis
1159 2939 1324 2996 Nova:
1341 2939 1526 3000 Roma
1554 2953 1611 2999 et
1639 2947 1946 3002 mcumeni-

369 3047 468 3086 eus
489 3031 854 3101 patriarcha.»
882 3029 1005 3086 Haec
1026 3031 1081 3086 in
1111 3031 1308 3088 libellis
1329 3074 1344 3098 ,
1375 3034 1492 3090 hare
1514 3036 1567 3090 in
1593 3037 1945 3095 abdicatione

366 3123 654 3177 Athanasii
675 3121 827 3177 fuere
848 3138 862 3186 ;
884 3139 1005 3193 quae
1033 3124 1078 3180 si
1103 3123 1227 3194 quis
1251 3125 1489 3195 penitius
1522 3127 1937 3199 introspexerit.

1570 409 1895 477 GEORGII
1930 418 2233 486 PACHYM
2247 427 2413 491 ΕΒΔΞ

3552 444 3656 506 196

1631 530 1723 631 κα)
1777 531 1972 631 κνλσερ-
2003 539 2044 593 Δ
2077 559 2236 608 σεως,
2268 546 2342 610 ὡς
2379 543 2518 602 εἶναι
2554 551 2644 602 καὶ¹
2698 553 2869 622 αὐτὴν
2907 555 3135 624 ἰσχυρὰν
3185 554 3278 608 καὶ
3308 557 3531 627 εὔλογον
3557 562 3659 631 τὴν

2079 635 2354 705 ἀποϐολήν
2379 654 2393 700 ;
2421 633 2488 691 Τί
2532 637 2588 692 δέ
2637 641 2883 711 βούλεται
2909 646 3004 695 καὶ
3047 645 3108 697 τὸ
3137 647 3396 716 ἁρμόδιον
3429 648 3654 716 Mrem;

2076 725 2126 776 ei
2163 726 2237 795 μὴ
2269 727 2486 792 πάντως
2525 731 2615 782 τὸν
2641 731 2709 784 τά
2743 733 2920 786 πάντα
2958 734 3032 803 τῷ
3077 735 3192 806 λαῷ
3236 740 3658 810 συγκαταϐησόο

2078 833 2259 886 μενον.
2291 818 2374 891 [Ρ.
2405 820 2529 894 118]
2570 822 2729 876 Ἀλλὰ
2751 824 2922 877 ταῦτα
2957 827 3055 892 μὲν
3084 825 3213 891 ἴσως
3235 830 3312 898 τῷ
3345 831 3656 901 ἱστοροῦντι

2075 911 2169 964 καὶ
2205 916 2549 986 παρακαίρια
2603 916 2874 972 λέλεκται.
2908 915 3082 972 Τοῦτο
3137 919 3191 974 δέ
3221 938 3307 984 τις
3357 925 3452 976 καὶ
3487 925 3658 992 μόνον

2074 1007 2538 1075 παρατηρήσειεν,
2578 1007 2659 1060 ὅτι
2721 1008 3010 1078 τέσσαρσιν
3059 1012 3328 1074 ἐνιαυτοῖς
3372 1012 3470 1083 τὴν
3530 1015 3656 1066 Ἐκ-

2073 1093 2302 1164 κλησίαν
2360 1097 2606 1168 κατέχων
2651 1100 2822 1170 αὐτὴν
2877 1101 3065 1170 σχεδὸν
3112 1104 3326 1173 ἡμέραν
3378 1101 3488 1157 εἶδε
3547 1105 3652 1172 τῆς

2069 1187 2298 1256 ἐκϐολῆς
2329 1191 2393 1259 ἢν
2415 1190 2478 1260 δὴ
2510 1194 2603 1244 καὶ
2633 1193 2731 1262 τῆς
2755 1194 3069 1256 ἀναϐάσεως
3101 1195 3358 1259 ἔγνωκεν,
3399 1197 3524 1266 ἥτις
3552 1197 3651 1249 καὶ

2081 1278 2547 1348 Ἐλαφηὸολιῶνος
2591 1284 2952 1355 ἐκκαιδεκάτη
3003 1280 3091 1356 ἦν,
3127 1288 3214 1338 ὅτε
3267 1289 3362 1339 καὶ
3408 1290 3437 1340 ό
3472 1287 3652 1356 μέγας

2069 1371 2359 1442 λογοθέτης
2394 1373 2485 1430 τὸν
2536 1374 2666 1427 ἴδιον
2696 1375 2853 1443 λόγον
2903 1377 3214 1444 καταγνοὺς
3269 1371 3380 1430 οἷον
3431 1379 3496 1431 ἐκ
3544 1377 3650 1448 τῆς

2066 1466 2172 1518 τῶν
2207 1465 2418 1518 πολλῶν
2466 1468 2817 1540 βλασφημίας
2857 1471 2965 1524 τῶν
3002 1475 3057 1524 ἐν
3089 1472 3284 1541 ἐκείνῳ
3322 1472 3652 1543 γεγραμμέ-

2065 1575 2194 1622 νων,
2231 1561 2325 1612 καὶ
2354 1559 2555 1628 μᾶλλον
2588 1561 2670 1612 ὅτι
2715 1563 2808 1614 καὶ
2834 1564 2862 1614 ό
2888 1563 3049 1624 λύκος
3078 1564 3106 1615 ό
3141 1565 3247 1615 τῶν
3274 1563 3523 1633 λαχάνων
3553 1564 3651 1616 ἆν-

2066 1650 2284 1720 θρωπος
2315 1652 2464 1721 παρὰ
2497 1652 2590 1704 τοῦ
2642 1653 2881 1723 ἀρχῆθεν
2919 1655 3168 1717 εἰπόντος
3213 1655 3451 1722 ἐλέγετο,
3505 1655 3640 1724 πυρ¹

2064 1743 2373 1812 παρεδίδου.
2421 1741 2478 1793 '0
2537 1743 2719 1812 μέντοι
2779 1760 2843 1810 γε
2903 1743 3156 1813 βασιλεὺς
3212 1744 3504 1814 δεξάμενος
3543 1731 3647 1812 τὴν

1934 1831 1952 1905 ξ
1991 1877 2030 1905 η
2063 1832 2399 1902 παραίτησιν
2428 1832 2518 1886 διά
2564 1850 2623 1886 τε
2655 1833 2716 1886 τδ
2757 1835 2858 1904 τῆς
2912 1837 3046 1895 ἰδίας
3078 1834 3303 1905 γνώμης
3356 1835 3509 1900 εὐθὺ,
3542 1833 3646 1888 καὶ

394 1891 554 1944 Ἀλλὰ
590 1891 651 1944 τὸ
684 1893 878 1960 παρὸν,
917 1911 935 1944 ι
983 1893 1242 1963 Ἐκρίθην
1268 1896 1397 1966 γὰρ,
1434 1917 1452 1950 ι
1494 1900 1647 1968 φησὶ,
1683 1920 1702 1954 ι
1727 1877 1955 1974 ⁷’τῷνλαῷ
1991 1877 2031 1932 Β

2062 1927 2158 1981 τοῦ
2207 1928 2281 1997 μὴ
2332 1927 2506 1980 θέλειν
2551 1927 2817 1981 κινεῖσθαι
2845 1930 2912 1982 τὰ
2950 1929 3116 2000 μηδὲν
3166 1929 3449 1998 ὀνήσοντα,
3501 1927 3646 1981 ἀλλὰ

2064 2021 2161 2072 καὶ
2213 2019 2414 2090 μᾶλλον
2475 2020 2802 2090 Ἐκκλησίαν
2847 2019 3138 2090 βλάψοντα,
3194 2021 3289 2074 zeal.
3339 2020 3426 2074 διὰ
3463 2019 3646 2075 ταῦτα

2059 2112 2175 2173 τοῖς
2225 2113 2630 2181 γεγραμμένοις
2689 2111 2810 2182 μηδ’
2860 2112 2940 2174 είς
2981 2111 3143 2181 βάθος
3189 2111 3495 2182 προσσχὼν,
3542 2111 3644 2164 καὶ

2057 2202 2185 2266 τοὺς
2210 2204 2401 2266 ἄλλους
2433 2207 2568 2274 πρὸς
2595 2201 2750 2256 τοῦτο
2780 2203 2990 2268 πείσας,
3035 2204 3318 2272 ἀγαπητὸν
3354 2203 3645 2273 ἡγησάμε-

2057 2311 2148 2359 νος
2181 2296 2230 2348 εἰ
2267 2293 2386 2363 μετ’
2419 2295 2644 2364 εἰρήνης
2677 2295 2952 2358 ἐξίσταται
2983 2293 3122 2362 (οὐδὲ
3157 2295 3265 2363 γὰρ
3314 2293 3639 2363 συνέφερεν,

2061 2386 2135 2447 ὼς
2169 2385 2356 2455 ἐῴκει,
2392 2386 2659 2438 κινεῖσθαι
2690 2385 2759 2436 τὰ
2795 2383 2915 2438 κατ’
2959 2385 3168 2437 ἐκεῖνον
3204 2385 3296 2436 καὶ
3341 2385 3521 2452 κρίσει
3549 2383 3638 2437 δὶ-

2056 2479 2262 2543 δοσθαι,
2302 2477 2410 2530 τῶν
2446 2478 2668 2531 πάντων
2697 2477 2761 2530 δι’
2794 2476 2986 2546 ἔχθους
3034 2477 3270 2538 δικαίου,
3307 2477 3381 2538 ὡς
3432 2476 3639 2538 ἐδόκει,

2055 2571 2287 2642 ἐχόντων
2338 2569 2432 2622 τὸν
2478 2570 2808 2640 ἄνθρωπον),
2861 2571 3070 2622 ἐκεῖνον
3108 2568 3206 2639 μὲν
3235 2571 3302 2638 τῇ
3355 2568 3460 2639 ἰδίᾳ
3493 2569 3637 2638 μονῇ

2052 2663 2150 2716 καὶ
2180 2662 2343 2716 πάλιν
2371 2661 2563 2724 νυκτδς
2594 2660 2980 2726 ἐξαποστείλας
3006 2659 3326 2732 ἐγκαθιστᾷ,
3358 2663 3492 2716 ὅπου
3528 2661 3636 2714 σὺν

2053 2757 2165 2817 τοῖς
2203 2753 2340 2825 ἀμφ’
2391 2753 2554 2808 αὑτὸν
2601 2751 2816 2816 πολλοῖς
2855 2751 3004 2806 οὖσιν
3061 2753 3157 2806 ἐπὶ
3191 2753 3406 2824 χρόνοις
3439 2754 3638 2809 ἀσκεῖν

2050 2936 2194 2992 diem
2225 2934 2711 2991 senamdecimam
2748 2933 3026 3002 Octobris,
3060 2937 3284 3007 quando
3310 2946 3364 2992 et
3395 2953 3636 3010 magnus

2049 3027 2328 3099 logotheta
2351 3028 2594 3082 vanitate
2617 3028 2955 3096 deprehensa
2985 3029 3219 3083 encomii
3241 3029 3384 3099 quod
3406 3045 3473 3084 ex
3497 3041 3634 3086 tunc

2050 3121 2117 3174 de
2131 3119 2430 3174 Athanasio
2449 3119 2646 3172 auditis
2668 3119 3287 3176 honoriﬁcentissimum
3307 3122 3630 3191 scripserat,

366 3215 659 3284 quamdam
692 3230 800 3269 non
850 3214 989 3270 bene
1032 3215 1438 3271 dissimulatam
1474 3221 1768 3274 scribentis
1795 3233 1945 3278 astu-
1971 3201 2014 3259 θ
2050 3229 2208 3267 suum
2231 3212 2366 3266 illud
2395 3213 2658 3281 scriptum
2682 3212 2956 3281 paenitens
2979 3211 3322 3268 credulitatis
3350 3214 3474 3283 igne
3490 3214 3633 3268 abo-

367 3309 496 3361 tiam
541 3305 957 3362 animadvertet.
990 3308 1130 3360 Nam
1177 3309 1309 3377 quid
1359 3310 1463 3364 sibi
1501 3312 1614 3366 vult
1653 3313 1820 3368 illud:
1853 3315 1943 3370 Sic

367 3398 694 3460 sentiebam,
729 3409 784 3451 et
815 3413 1044 3453 rursus:
1079 3397 1278 3456 Melius
1307 3417 1412 3457 non
1448 3404 1752 3460 sentiebam
1775 3405 1941 3477 (Deus

369 3493 444 3546 sit
487 3490 711 3561 testis)?
747 3488 864 3545 Hoc
900 3500 974 3557 et,
1005 3499 1160 3561 puto.
1191 3505 1358 3562 queat
1404 3495 1588 3551 dicere
1622 3500 1713 3568 qui
1745 3515 1936 3555 navem

369 3583 711 3644 demerserit.
739 3584 883 3652 quod
917 3598 1036 3636 eam
1077 3569 1294 3652 propria
1327 3585 1608 3642 voluntate
1637 3604 1702 3643 ac
1725 3589 1937 3658 judicio

367 3668 573 3730 temere
597 3674 902 3730 discrimini
929 3675 1226 3744 objecerit:
1252 3675 1445 3730 Melius
1473 3693 1578 3732 non
1611 3682 1933 3738 sentiebam.

363 3763 566 3839 Verum
609 3766 940 3833 respondeat
973 3766 1020 3819 ei
1049 3766 1355 3836 quispiam:
1391 3766 1462 3821 At
1483 3779 1640 3826 erant
1662 3785 1786 3827 cum
1811 3775 1936 3844 qui-

360 3857 468 3912 bus
499 3856 864 3920 consultares,
891 3856 1336 3926 quandoquidem
1362 3874 1470 3913 non
1498 3862 1668 3928 solus,
1686 3865 1778 3919 sed
1809 3881 1934 3921 cum

363 3951 553 4006 multis
592 3951 898 4021 gubernare
923 3951 1108 4017 jussus
1130 3964 1210 4006 es.
1240 3949 1345 4004 Sed
1375 3951 1429 4005 in
1464 3967 1737 4022 presens:
1783 3956 1940 4012 iudi-

360 4051 519 4095 catus
566 4055 689 4095 sum
743 4040 911 4106 enim,
957 4041 1058 4102 ait,
1112 4041 1312 4110 populo
1357 4041 1761 4111 intprobabilis.
1813 4047 1933 4103 Non

365 4133 524 4194 dicit,
548 4133 820 4201 episcopis
848 4141 902 4186 et
936 4130 1197 4186 Ecclesiae
1225 4136 1529 4191 monachis.
1550 4136 1739 4207 Populi
1771 4155 1936 4209 porro

363 4238 428 4277 ac
463 4224 728 4277 laicorum
768 4223 1095 4293 improhatio
1120 4224 1250 4294 quid
1282 4226 1476 4281 validae
1507 4229 1574 4282 ad
1605 4232 1934 4298 patriarcha:

351 4316 752 4386 depositionem
801 4330 983 4371 causae
1037 4316 1489 4388 haheat?Pergit
1535 4337 1549 4374 :
1603 4321 1934 4383 Abdicamus

349 4419 541 4465 .autem
574 4411 742 4479 ipsos,
774 4409 977 4480 inqmt,
1004 4425 1128 4466 cum
1155 4411 1487 4466 sacerdotio.
1516 4413 1636 4469 Non
1670 4416 1931 4474 thronum

355 4514 454 4558 aut
479 4495 746 4558 honorent
779 4504 1021 4564 abdicat,
1055 4504 1148 4557 sed
1176 4504 1437 4572 papulum
1479 4507 1853 4565 inordinatum
1880 4520 1933 4566 et

362 4597 787 4651 inobedientem.
847 4595 1040 4649 Utrum
1102 4605 1286 4648 autem
1340 4598 1603 4666 p0pu|um
1645 4603 1847 4668 pari|er
1883 4613 1936 4658 pl

343 4689 730 4746 sacerdotium
765 4685 1005 4750 abdicat,
1041 4686 1137 4752 isic
1169 4695 1229 4741 nt
1260 4703 1416 4756 atque
1447 4691 1610 4745 ambo
1644 4693 1747 4748 ista
1779 4695 1936 4750 abdi-

338 4792 650 4844 .centur,an
673 4779 928 4848 populum
947 4778 1164 4834 abdicat
1186 4780 1298 4834 sive
1321 4782 1574 4848 reprobat
1594 4787 1642 4836 vi
1679 4795 1729 4838 et
1751 4795 1940 4841 aucto-

357 4877 520 4930 ritate
546 4874 703 4944 177
734 4874 1106 4942 permanentis
1146 4873 1200 4926 in
1230 4889 1289 4928 se
1323 4875 1812 4946 archiepiscopalis
1837 4895 1938 4948 po-

337 4970 571 5024 rtuslalis
600 4982 663 5021 ac
689 4975 884 5031 status,
909 4980 1018 5034 quo
1044 4981 1140 5034 per
1166 4965 1310 5020 hunc
1333 4968 1554 5021 modum
1579 4970 1789 5036 cﬂicax,
1820 4983 1935 5028 rata

337 5068 412 5110 ,ει
438 5061 591 5110 lirma
637 5059 831 5110 evadat
869 5057 1134 5122 ejusmodi
1172 5059 1481 5123 reprobatio
1507 5059 1710 5125 Y‘Quid
1742 5073 1796 5117 et
1829 5064 1932 5119 hoc

355 5161 538 5205 autem
589 5151 692 5204 sibi
743 5151 857 5204 vult
904 5151 1050 5219 quod
1101 5151 1178 5203 ait
1225 5159 1500 5218 pastorem
1532 5165 1656 5221 post
1687 5170 1744 5210 se
1790 5157 1932 5212 deli-

343 5244 592 5312 -gt'lldlll|l
649 5243 1144 5306 accommodatum,
1223 5242 1327 5294 nisi
1381 5246 1588 5297 occulte
1624 5247 1799 5302 innuit
1837 5265 1931 5304 ex-

347 5335 506 5404 .post-i
540 5335 700 5387 talem
736 5334 829 5402 qui
862 5334 1063 5401 populo
1093 5332 1311 5399 quidvis
1339 5332 1632 5400 gratiﬁcari
1663 5347 1718 5390 et
1750 5339 1931 5392 indul-

342 5442 482 5498 gere
509 5425 578 5480 sit
604 5425 853 5494 paratus?
879 5425 982 5478 Sed
1011 5425 1124 5478 haec
1148 5438 1177 5476 a
1205 5439 1290 5476 me
1324 5423 1463 5478 forte
1485 5427 1736 5492 otiosius,
1764 5447 1928 5500 quam

343 5518 740 5585 sempestivum
821 5516 1086 5569 historico
1136 5523 1276 5580 erat,
1357 5517 1634 5582 disputata
1699 5521 1926 5577 fuerint.

347 5610 532 5665 Unum
566 5623 748 5662 tamen
783 5608 850 5660 ad
879 5623 940 5660 ea
979 5607 1107 5660 illud
1137 5624 1242 5661 non
1276 5607 1343 5661 de
1383 5610 1556 5662 nihilo
1585 5612 1710 5680 quis
1739 5615 1931 5668 obser-

348 5717 488 5755 vans
537 5701 868 5769 adiunxerit,
909 5701 988 5754 sic
1032 5710 1221 5754 exacte
1271 5703 1698 5770 quadriennium
1736 5706 1788 5759 in
1827 5723 1924 5776 pa-

340 5792 654 5844 triarchatu
673 5791 1030 5845 Athanasium
1051 5792 1374 5860 explevisse,
1401 5805 1457 5848 ut
1481 5797 1728 5849 eamdem
1758 5797 1926 5855 ferme

351 5885 472 5940 initi
504 5884 786 5954 relictique
848 5885 1126 5956 regitninis
1190 5887 1444 5943 Ecclesiae
1528 5894 1899 5947 numeraverit

2050 3305 2198 3366 let‘it,
2233 3302 2378 3373 quod
2416 3318 2542 3356 eum
2588 3304 2828 3356 maxime
2860 3304 3090 3372 puderet
3118 3303 3193 3358 ibi
3229 3319 3327 3371 pro
3359 3305 3632 3360 miraculo

2047 3395 2357 3450 celebrasse
2398 3403 2611 3463 portata
2640 3395 2798 3464 jussu
2845 3395 3133 3450 Athanasii
3176 3397 3326 3452 olera
3360 3412 3427 3452 ex
3463 3397 3632 3455 horto

2047 3485 2272 3540 domum
2326 3500 2355 3538 a
2392 3485 2543 3554 lupo,
2590 3500 2660 3540 ex
2705 3501 2816 3555 quo
2847 3496 3033 3556 postea
3081 3495 3235 3542 certo
3281 3500 3633 3558 compererat

2046 3577 2237 3648 lupum
2269 3577 2422 3632 illum
2470 3577 2642 3633 fuisse
2687 3579 2972 3634 hominem
3010 3580 3085 3634 ita
3117 3582 3485 3649 nominatum,
3513 3599 3627 3638 non

2045 3678 2252 3734 autem,
2301 3669 2378 3722 uti
2429 3653 2749 3738 persuaderi
2782 3668 2886 3724 sibi
2939 3671 3164 3737 siverat,
3212 3671 3444 3727 bestiam
3475 3679 3630 3728 note

2047 3763 2275 3818 feritatis
2319 3763 2426 3818 isto
2469 3762 2747 3833 designari
2777 3763 3048 3818 vocabulo
3076 3764 3316 3819 solitam.
3347 3765 3624 3820 Caeterum

2044 3853 2340 3924 imperator
2364 3863 2587 3923 accepto
2623 3854 2893 3909 cessionis
2932 3853 3221 3910 Athanasii
3255 3855 3462 3923 libello,
3506 3872 3624 3913 non

2043 3947 2255 4018 putavit
2281 3948 2557 4004 curiosius
2594 3947 2960 4002 insistendum
3005 3948 3322 4004 scrutanda
3347 3951 3626 4020 ambigui-

2044 4039 2142 4094 tati
2181 4039 2579 4108 captiosarum.
2609 4040 2816 4108 quibus
2842 4049 2961 4094 erat
2991 4048 3280 4110 concepta,
3313 4044 3624 4102 sententia-

2043 4145 2166 4185 rum
2193 4140 2246 4186 et
2269 4147 2486 4186 vocum.
2513 4131 2622 4186 Sed
2655 4132 2744 4186 hic
2765 4147 2987 4202 quoque
3011 4135 3225 4189 solitam
3251 4150 3410 4191 suam
3444 4137 3622 4192 animi

2043 4224 2451 4289 rectitudinem,
2486 4233 2541 4280 et
2573 4223 2960 4279 abhorrentem
3009 4239 3040 4279 a
3080 4234 3287 4280 temere
3331 4229 3624 4284 movendis

2043 4315 2177 4369 nihil
2220 4314 2550 4384 proiecturis
2576 4323 2632 4370 et
2675 4315 2932 4385 prmsenti
2963 4331 3105 4371 noxa
3155 4319 3482 4388 perniciosis
3509 4315 3624 4375 Ec-

2042 4408 2226 4462 clesiae
2255 4408 2650 4462 controversiis
2692 4409 3124 4464 moderationem
3158 4423 3224 4464 ac
3264 4412 3620 4479 prudentiam

2043 4509 2287 4564 secutus,
2311 4515 2436 4552 ctnn
2459 4500 2563 4553 sibi
2593 4511 2703 4554 tum
2729 4499 2852 4554 aliis
2882 4501 3155 4569 persuasit
3195 4505 3620 4570 temperandum

2042 4592 2111 4648 ab
2151 4593 2493 4662 indagatione
2525 4591 2714 4646 odiosa
2747 4591 3146 4657 profundorum
3178 4595 3325 4646 senis
3351 4607 3616 4649 sensuum

2043 4683 2145 4736 sub
2174 4683 2262 4735 illa
2297 4683 2585 4736 verborum
2622 4683 2824 4736 astutia
2878 4691 3158 4752 utcunque
3202 4682 3513 4752 latentium,
3557 4689 3612 4743 in

2041 4777 2194 4829 lucro
2238 4791 2444 4846 ponens
2490 4775 2638 4844 quod
2666 4776 2711 4829 is
2747 4775 2801 4829 in
2837 4789 2969 4844 pace
2995 4779 3340 4842 recessisset,
3377 4797 3477 4834 nec
3525 4782 3616 4837 in-

2042 4875 2244 4921 teresse
2271 4867 2544 4920 arbitrans
2569 4883 2678 4935 quo
2702 4866 2755 4920 id
2794 4867 2888 4921 ille
2913 4868 3149 4923 artiﬁcio
3183 4870 3265 4924 vel
3301 4871 3426 4925 dolo
3453 4888 3614 4928 exse-

2038 4960 2130 5027 qui
2163 4960 2485 5015 studuisset.
2517 4957 2650 5013 Nam
2685 4960 2879 5026 majori
2909 4962 3145 5030 strepitu
3185 4975 3411 5018 causam
3447 4967 3613 5020 istam

2038 5053 2322 5114 ventilare.
2359 5053 2555 5120 judicii
2592 5053 3048 5109 desideratissimi
3087 5071 3118 5109 a
3152 5057 3363 5121 multis,
3398 5060 3527 5113 odio
3558 5064 3616 5114 in

2038 5143 2397 5196 Athanasium
2444 5142 2751 5196 vehementi
2790 5153 2844 5196 et
2869 5145 3019 5214 justo
3055 5145 3435 5216 ﬂagrantibus,
3465 5152 3614 5205 cele-

2033 5235 2284 5290 bratione
2321 5236 2704 5304 permittenda.
2738 5239 3132 5293 tumultuosius
3174 5239 3294 5293 fore
3326 5246 3613 5311 negotium

2037 5328 2425 5397 providebatur
2482 5344 2644 5398 quam
2679 5329 2841 5400 178
2889 5333 3170 5400 expediret
3235 5336 3300 5388 ad
3367 5337 3610 5404 quietem

2036 5421 2160 5489 plus
2219 5419 2353 5474 satis
2408 5420 2628 5474 aliunde
2675 5421 3004 5490 jactatarum
3069 5422 3328 5479 Ecclesia:
3388 5441 3451 5481 ac
3497 5431 3612 5482 rei-

2033 5513 2285 5583 publicae.
2321 5510 2502 5578 Quare
2563 5512 2696 5566 satis
2740 5513 2930 5568 habuit
2985 5514 3104 5569 sine
3147 5519 3382 5587 strepitu
3437 5535 3610 5590 capa-

2035 5606 2331 5662 triarcham
2394 5606 2618 5675 proprio
2679 5620 2872 5661 rursus
2928 5617 3199 5663 nocturna
3272 5610 3609 5668 deductione

2034 5700 2315 5755 recludere
2345 5699 2700 5764 monasterio,
2749 5701 2839 5754 ubi
2886 5717 3009 5756 cum
3057 5705 3182 5756 aliis
3239 5703 3608 5763 ratniliari'bus

2031 5795 2214 5848 multis
2279 5793 2568 5847 asceticam
2629 5807 2724 5861 per
2775 5795 2948 5847 otium
3007 5797 3156 5850 nullo
3223 5798 3609 5866 interpellante

2018 5888 2362 5947 exerciturus
2403 5901 2566 5955 porro
2597 5894 2742 5942 esset
2777 5901 2874 5956 pro
2915 5901 3015 5943 suo
3038 5905 3190 5944 more
3229 5890 3603 5963 disciplinam.
