3862 6570
178 411 259 474 197
1050 401 1148 460 DE
1179 397 1620 459 ANDRONICO
1643 399 2107 461 PALJEOLOGU
2134 402 2281 462 LIB.
2311 402 2395 463 li.

3281 399 3388 465 198

173 525 393 592 ἀπρόῖτος
438 518 623 588 ἔμελλε
653 517 721 568 τὰ
755 514 986 586 συνήθη,
1016 513 1215 575 τοῖςοδέ
1245 529 1308 578 γε
1353 510 1701 580 ἀρχιερεῦσιν
1727 516 1777 574 Α
1805 513 1881 580 τῷ
1923 513 2197 584 Νυμφαίῳ
2244 513 2651 584 ἐνδιατρίϐοντα
2704 513 2877 567 ἐποίει
2931 513 3252 582 θαυμάζειν,
3279 515 3375 567 καὶ

173 611 326 678 ἐφίησι
367 606 457 658 τὸν
482 606 583 673 τῆς
624 604 954 673 Ἐκκλησίας
998 600 1182 672 ζητεῖν
1247 607 1707 670 προστησόμενον.

173 728 253 776 κε’.
279 719 401 786 Περὶ
432 714 541 783 τῆς
578 717 1019 786 πυρποδῖήσεως
1057 711 1166 781 τῆς
1195 711 1464 780 μεγάλης
1492 709 1712 780 ἀγορᾶς

724 784 834 851 τῆς
864 785 1116 848 πόλεως.

228 879 356 941 τέως
379 877 433 931 δὲ
465 876 572 947 προ
594 875 686 927 τοῦ
718 875 842 927 τάδε
872 873 1124 942 γενέσθαι
1151 871 1272 926 δυσὶ
1303 872 1565 941 πρότερον
1587 871 1714 940 χρό-

175 991 279 1037 γιις,
309 999 373 1010 -
405 969 501 1020 καὶ
540 967 744 1036 ἀφίημι
775 967 846 1018 τὰ
875 965 1019 1018 κατὰ
1052 963 1148 1033 τὴν
1174 965 1411 1033 περαίαν
1435 963 1535 1032 τὴν
1570 962 1715 1014 δυτι-

175 1066 272 1127 κὴν,
303 1064 372 1124 ὡς
402 1063 496 1114 καὶ
526 1060 676 1126 ἅπαξ
707 1063 801 1112 καὶ
826 1058 905 1120 δὶς
937 1056 1272 1127 ἐνεπρήσθη,
1299 1054 1443 1108 οὕτω
1477 1055 1712 1125 συμϐὰν,

174 1159 247 1210 ὲιτὶ
293 1153 590 1226 Γρηγορίου
660 1148 1148 1221 πατριαρχοῦντος.
1219 1148 1359 1199 Ἀλλ’
1421 1146 1514 1202 οῦν
1572 1147 1716 1200 κατὰ

177 1251 294 1322 μῆνα
319 1245 583 1315 μεσοῦντα
612 1244 994 1312 Μουνυχιῶνα,
1026 1241 1116 1294 ὑπ’
1141 1241 1284 1308 ἁφὰς
1310 1239 1538 1308 λύχνων,
1565 1239 1714 1302 ἐντὸς

177 1341 255 1409 τῆς
282 1334 712 1406 μεγαλοπόλεως,
745 1334 883 1386 ὅπου
904 1333 966 1385 τὸ
990 1334 1088 1402 τῆς
1123 1331 1328 1399 ἀγορᾶς
1361 1331 1714 1397 μεσαίτατον,

177 1431 263 1486 amt
292 1429 384 1497 τῆς
439 1426 728 1497 βασιλικῆς
781 1425 1083 1493 λεγομένης
1148 1423 1322 1492 πύλης
1377 1422 1603 1491 ἄρχεται
1655 1422 1716 1472 τὸ

173 1523 329 1576 δεινόν.
356 1521 463 1574 Καὶ
490 1519 671 1573 πάντα
696 1519 764 1571 τὰ
794 1517 980 1587 κύκλῳ
1009 1515 1304 1585 περιλαϐὸν
1328 1515 1388 1568 τὸ
1421 1514 1717 1583 παμφάγον

175 1613 249 1666 καὶ
290 1610 653 1662 ἀνυπόστατον
708 1607 841 1678 πῦρ,
891 1607 1066 1670 οἰκίας
1127 1607 1342 1669 ἐκείνας
1402 1605 1718 1675 πληθούσας

175 1704 406 1759 παντοίων
442 1701 556 1753 τῶν
586 1703 665 1764 εἰς
691 1698 1079 1769 πραγματείαν
1106 1698 1266 1752 εἰδῶν
1291 1697 1580 1767 αὐτονυχεὶ
1610 1697 1722 1751 διαο

175 1793 372 1867 πμηθέν
419 1793 674 1862 ἡμὰθυνε
721 1792 782 1845 τὸ
829 1791 1110 1862 παράπαν,
1160 1790 1300 1842 ὥστε
1355 1791 1450 1843 καὶ
1475 1791 1719 1858 γυμνοὺς

1815 608 1904 673 ἐφ’
1939 607 2172 676 ἡμέραις
2217 609 2424 674 ζητεῖν,
2471 609 2523 660 ετ
2567 606 2669 660 πού
2700 623 2784 670 τις
2827 605 3180 668 Βυζαντίοθεν
3209 623 3390 676 παρα·-

1815 696 2022 757 ϐάλλοι,
2055 699 2201 761 ὅπως
2252 698 2344 750 καὶ
2373 699 2466 766 ἀφ’
2523 699 2650 751 οἴων
2677 698 2784 752 τῶν
2812 698 2998 752 αἰτιῶν
3039 699 3282 764 γέγονεν.
3313 696 3389 749 υύ

1815 792 1924 858 γὰρ
1954 789 2040 842 ἐπ’
2080 791 2262 859 ὀλίγον
2313 791 2638 862 ἐπιδραμὸν,
2683 793 2796 844 ἀλλ’
2844 792 2969 843 ὅσον
3022 789 3290 843 είκάσαιτ’
3325 788 3392 842 ἄν

1816 898 1922 944 τις,
1979 882 2363 950 καταταχῆσαν
2415 882 2509 934 καὶ
2559 882 2728 950 αὐτὴν
2776 882 2949 951 μέσην
3005 881 3104 950 τὴν
3136 880 3290 932 πόλιν
3332 880 3392 931 ἐν

1817 974 2014 1043 ἀκαρεῖ
2071 973 2490 1042 περιλήψεσθαι,
2547 972 2756 1024 πολλῶν
2812 973 2910 1042 μὲν
2957 972 3144 1024 οἰκιῶν
3197 970 3390 1034 κάλλη.

1820 1064 1989 1136 πολλα
2033 1063 2077 1116 δ’
2103 1067 2160 1116 ὲν
2188 1065 2378 1124 αὐταῖς
2433 1062 2801 1132 ἀποτιθέμενα
2848 1063 3172 1133 δαρδάπτον,
3203 1065 3295 1114 καὶ
3325 1061 3394 1113 τὰ
3443 1115 3448 1136 τ

1816 1131 2110 1218 δεινὰήτοῖς
2160 1153 2446 1224 πόρρωθεν
2479 1153 2762 1218 ἀπειλοῦν,
2809 1154 2868 1206 ού
2922 1131 3190 1222 πρότερον
3240 1153 3392 1220 ἔστη,
3441 1131 3452 1232 ξ

1820 1247 1952 1316 πρὶν
1994 1247 2060 1299 ἂν
2113 1247 2379 1316 ἀμφόδοις
2410 1246 2704 1315 περιπεσδν
2753 1247 2832 1307 είς
2865 1246 3064 1308 πλάτος
3114 1243 3394 1308 ὲνδούσαις
3447 1235 3450 1238 ’

1821 1340 2210 1408 χειροποιήτως
2249 1337 2358 1389 τῶν
2412 1338 2648 1405 ἐχόντων
2693 1336 3016 1404 φθασάντων
3066 1335 3394 1388 καταϐαλεῖν

1821 1433 1916 1484 καὶ
1941 1431 2296 1502 προαρπάσαι
2325 1431 2422 1499 τὴν
2453 1429 2608 1500 ὓλην,
2636 1430 2816 1482 ἐκεῖσε
2847 1429 3061 1498 φθάσαν
3082 1429 3178 1498 οὐχ
3207 1424 3317 1482 οἷόν
3347 1427 3397 1481 τ’

1821 1518 1890 1592 ἦν
1922 1522 2230 1592 ἐκπηδῆσαι
2260 1523 2356 1574 καὶ
2401 1522 2512 1574 τῶν
2545 1520 2876 1590 καταντικρὺ
2910 1520 3226 1588 παμφάγοις
3280 1523 3399 1573 ἐπι·

1821 1613 2122 1681 δράξασθαι
2151 1615 2263 1676 τοῖς
2291 1613 2526 1667 ὀδοῦσιν.
2569 1613 2721 1666 Ἐπεὶ
2749 1613 2857 1682 γὰρ
2884 1611 3064 1666 πάντα
3112 1611 3182 1664 τὰ
3211 1611 3398 1681 κύκλῳ

1823 1705 2033 1773 φρέατα
2077 1704 2502 1774 ἐξαντλῆσαντες
2544 1706 2644 1758 οὐκ
2679 1704 2936 1774 ἀποχρῶν
2977 1701 3120 1773 εἶχον
3147 1703 3209 1756 τὸ
3255 1703 3400 1772 ὕδωρ

1823 1800 1961 1870 πρὸς
2005 1799 2102 1869 τὴν
2154 1799 2410 1868 τοιαύτην
2461 1799 2642 1871 ῥύμην
2683 1798 2879 1867 πυρὸς,
2933 1799 3164 1861 ἐκείνοις
3212 1797 3309 1868 μέν
3340 1797 3401 1851 τὺ

173 1861 395 1953 ἔκξῖιέγεῖν
449 1861 582 1947 τοὺς
638 1861 1045 1954 ὲνφκημένους.
1077 1880 1161 1954 ΙΡο
1216 1879 1342 1952 “9]
1397 1881 1471 1952 μὴ
1523 1882 1606 1934 ὅτι
1654 1897 1717 1949 γε
1753 1861 1795 1915 Β
1824 1861 2011 1945 λοιπὸν
2047 1861 2171 1945 ἀντὶ
2199 1861 2741 1962 ταμιείωνέχρῶντο,
2898 1890 2998 1943 πού
3022 1906 3073 1942 τι
3095 1892 3191 1944 καὶ
3213 1861 3398 1959 αφήρ-

173 1977 369 2031 πλούτου
402 1977 503 2029 καὶ
554 1976 898 2047 περιουσίας,
934 1975 1069 2027 ἀλλὰ
1126 1977 1220 2027 καὶ
1261 1973 1441 2027 αὐτῶν
1489 1974 1721 2041 ἐνδυμά-

174 2088 279 2134 των,
317 2069 407 2122 καὶ
440 2069 612 2138 μηδὲν
641 2069 803 2121 πλέον
835 2067 1331 2138 ἐγκαταλειφθῆναι
1373 2068 1591 2137 πρωῖας
1629 2069 1714 2122 ὅτι

181 2162 240 2230 μὴ
263 2161 512 2230 κεράμων
543 2159 847 2228 κατεαγότα
886 2159 1132 2228 δστρακα
1187 2161 1285 2212 καὶ
1327 2159 1491 2230 ἥλους
1534 2161 1717 2228 σφίσιν

177 2252 320 2320 ἐνειλη
329 2252 540 2320 μένους,
567 2253 799 2318 ἀφέτους
845 2252 953 2302 τῶν
986 2250 1158 2316 ξύλων
1190 2245 1272 2313 οἷς
1306 2251 1620 2320 συνέχοντες
1644 2251 1722 2304 sl-

179 2360 323 2412 χοντο.
354 2343 462 2395 Καί
488 2360 550 2410 γε
582 2343 644 2395 τὸ
670 2345 767 2412 τῆς
799 2345 1004 2413 ἀγορᾶς
1037 2343 1232 2419 κάλλος
1266 2343 1341 2406 ὡς
1369 2344 1554 2396 πεδίον
1580 2343 1721 2410 ἁφα-

178 2433 340 2504 νισμοῦ
391 2434 771 2502 κατεφαίνετο.
812 2435 880 2487 ’0
912 2435 1034 2504 μηδ’
1083 2435 1244 2490 αὑτὸν
1297 2434 1521 2504 βασιλέα
1557 2434 1722 2489 λαθὸν

181 2618 429 2688 Episcopis
467 2634 599 2672 vero
619 2619 896 2675 commisit
939 2619 1355 2688 inquisitionem
1400 2618 1583 2675 idonei
1628 2624 1720 2688 qui

180 2709 509 2779 νικᾶται-θωπ-
541 2708 797 2764 Ecclesia:
831 2710 1105 2778 praisulis.

389 2802 485 2856 95.
523 2802 602 2855 οε
629 2803 869 2856 incendio
895 2805 1072 2873 magni
1100 2803 1206 2872 fori
1235 2804 1486 2858 civitatis.

235 2896 441 2950 Duobus
487 2896 811 2965 priusquam
868 2896 981 2948 baac
1033 2895 1246 2961 ﬁerent,
1297 2896 1458 2950 anuis
1487 2895 1724 2966 contigit

183 2988 460 3042 incendium
493 2988 546 3039 in
577 2986 712 3041 urbe
751 2985 852 3039 fori
885 2991 1086 3054 m.tgni.
1126 2989 1329 3042 Omitto
1359 2988 1575 3041 interim
1613 2987 1725 3042 duo

183 3082 267 3134 alia
309 3080 548 3134 iurendia
593 3093 714 3148 quae
746 3080 884 3147 apud
936 3079 1361 3133 transmarinum
1397 3080 1721 3134 suburbium

185 3172 394 3226 Sadalam
438 3171 705 3238 Gregorio
749 3169 1181 3239 patriarcbatum
1237 3181 1457 3239 gerente
1505 3172 1725 3225 accide-
1755 3209 1798 3268 c

187 3273 303 3317 rant.
331 3266 481 3317 Circa
512 3265 756 3318 medium
789 3264 952 3332 igitur
981 3261 1366 3325 Novembrem,
1390 3263 1492 3318 sub
1514 3273 1728 3331 tempus

186 3354 292 3406 illud
359 3367 596 3420 vesperae
649 3366 760 3420 quo
812 3351 1003 3420 primis
1056 3351 1295 3406 tenebris
1352 3353 1729 3408 accenduntur

187 3445 329 3510 iaces,
374 3445 514 3498 intra
565 3459 815 3514 magnam
849 3445 1150 3508 civitatem,
1183 3445 1302 3515 ipso
1332 3446 1387 3498 in
1423 3446 1728 3501 meditullio

191 3535 290 3598 lori,
334 3551 361 3587 a
407 3544 563 3605 porta
607 3549 731 3602 quae
769 3536 913 3605 regia
959 3536 1182 3598 dicitur,
1228 3535 1428 3589 malum
1476 3547 1726 3590 exortum

189 3638 270 3682 est.
299 3628 414 3682 Inde
443 3629 628 3682 omnia
663 3644 758 3695 per
787 3628 1078 3682 circuitum
1111 3629 1434 3697 corripiens,
1468 3629 1734 3688 inelucta-

190 3718 266 3772 bili
300 3735 448 3773 ruens
478 3720 684 3790 impetu
715 3733 884 3774 vorax
915 3719 1078 3790 ignis,
1113 3719 1307 3776 domos
1355 3721 1476 3776 illas
1501 3721 1732 3777 refertas

193 3812 342 3866 omnis
369 3812 584 3882 generis
617 3812 878 3864 mercium
913 3811 1027 3881 ipsa
1059 3824 1215 3867 nocte
1239 3811 1536 3868 absumens
1568 3815 1734 3881 plane

191 3904 364 3973 redegit
390 3905 442 3957 in
475 3906 712 3967 cineres,
743 3911 801 3956 ut
826 3902 954 3956 nudi
982 3902 1285 3973 elIugerent
1321 3904 1414 3974 qui
1449 3904 1557 3959 illic
1583 3905 1736 3959 habi-

194 3995 368 4059 tabant,
409 3993 540 4049 nudi
591 4005 770 4048 autem
809 4008 919 4048 non
954 3995 1164 4050 divitiis
1213 3996 1386 4050 solum
1417 4008 1470 4050 et
1515 4005 1734 4061 ornatu,

195 4084 272 4137 sed
317 4086 440 4156 ipsis
489 4085 707 4154 corpori
768 4084 1001 4155 tegendo
1070 4087 1395 4141 necessariis
1450 4088 1736 4152 vestibus,

196 4177 403 4247 nihilque
451 4179 575 4248 plus
638 4192 799 4232 mane
854 4177 1128 4247 reliquum
1187 4189 1506 4234 cerneretur
1574 4195 1736 4248 quam

197 4278 317 4325 teste
363 4269 656 4325 fractorum
709 4270 943 4324 laterum
993 4280 1048 4325 et
1084 4271 1222 4325 clavi
1268 4272 1362 4342 qui
1413 4273 1624 4328 tabulas
1672 4288 1737 4328 ac

198 4363 316 4430 tigna
358 4362 770 4425 commiserant,
799 4361 990 4416 ferrea:
1021 4364 1265 4417 materi:e
1304 4365 1590 4434 privilegio
1623 4381 1652 4419 a
1685 4365 1736 4418 vi

189 4450 389 4507 damma:
439 4454 669 4519 servati,
724 4453 894 4522 priori
946 4455 1096 4508 omni
1140 4457 1323 4524 specie
1371 4455 1562 4525 plateae
1591 4456 1738 4510 illius

1827 1983 2000 2048 παζον
2030 1982 2122 2037 τοῦ
2156 1985 2347 2052 πυρὸς,
2399 1983 2565 2052 ὁμόσε
2611 1983 2790 2054 τούτῳ
2838 1981 3144 2052 χωροῦντες
3187 1982 3399 2036 καὶτοῦ

1828 2074 2013 2128 λαϐεῖν
2044 2092 2097 2129 τι
2134 2078 2191 2127 ἐν
2215 2075 2424 2146 δυτέρῳ
2459 2074 2732 2143 τιθέμενοι
2761 2075 2857 2138 τὴν
2887 2073 3403 2144 παρακινδύνευσιν,

1829 2166 1990 2230 εὐθὺς
2020 2168 2161 2219 κατὰ
2188 2165 2391 2218 τούτων
2439 2165 2730 2234 ἐρρίπτουν
2761 2165 2856 2217 καὶ
2892 2164 3261 2234 ἐπωμάτιζον.
3295 2169 3404 2220 Δύο

1827 2257 1913 2310 τοὶ
1943 2259 1999 2310 δὲ
2045 2256 2120 2327 τῷ
2168 2257 2265 2327 μὲν
2314 2256 2460 2322 ἅπαξ
2497 2258 2677 2310 ἁλόντι
2722 2256 2821 2309 οὐκ
2867 2256 3081 2327 ἔχοντες
3120 2258 3405 2329 προσαμύ-

1829 2364 1963 2408 νειν,
2004 2347 2621 2414 προκαταλαμϐάνοντες
2671 2347 2727 2400 δὲ
2771 2345 2838 2399 τὰ
2878 2347 3129 2415 ἐξωτέρω
3175 2351 3401 2416 κείμενα

1831 2437 2236 2510 προανῃροῦντο
2281 2439 2375 2491 καὶ
2420 2437 2798 2508 μετεκόμιζον,
2830 2441 2925 2492 κα)⁵
2969 2437 3113 2529 οῦτω
3146 2440 3244 2511 τὴν
3275 2456 3403 2509 τροο

1830 2614 1968 2668 liens
2005 2612 2144 2666 nihil
2173 2613 2225 2666 in
2252 2611 2363 2667 illis
2385 2612 2471 2666 cui
2495 2611 2892 2668 adbaresceret
2921 2612 3144 2682 reperit,
3178 2611 3403 2682 provida

1831 2705 2096 2761 industria
2135 2707 2276 2758 viam
2306 2706 2642 2774 praecludere
2671 2707 2819 2761 malo
2851 2709 3122 2776 grassauti
3153 2717 3405 2776 satagen-

1830 2797 1965 2851 tium
2014 2795 2167 2866 prius
2205 2813 2368 2850 manu
2401 2799 2609 2852 eversis
2640 2807 2694 2852 et
2725 2799 3000 2868 congestis
3035 2797 3086 2852 in
3133 2803 3238 2853 late
3269 2813 3406 2852 con-

1830 2888 2010 2943 fusam
2067 2901 2328 2960 stragem.
2379 2889 2684 2945 Prudenter
2740 2891 2886 2944 enim
2950 2890 3028 2944 illi
3079 2900 3408 2945 curaverant

1831 2982 2104 3036 redimere
2159 2982 2527 3051 perniciosius
2576 2981 2836 3035 damnum
2893 2981 3037 3036 ultro
3071 2982 3405 3037 accersendo

1832 3090 1897 3129 ac
1928 3076 2362 3144 praeoccupando
2397 3074 2606 3136 leviori,
2651 3075 2842 3143 sicque
2876 3075 3245 3129 subtrahenda
3287 3090 3406 3128 ma-

1833 3166 1968 3221 teria
2013 3168 2198 3220 voraci
2245 3163 2555 3233 elemento;
2591 3167 2735 3236 quod
2769 3167 2812 3221 si
2845 3175 3063 3237 pastum
3109 3166 3405 3222 invenisset

1834 3259 1945 3313 illic
1998 3273 2110 3327 quo
2170 3259 2458 3320 insilierat,
2517 3268 2708 3313 auctas
2765 3275 2828 3314 ex
2880 3274 2945 3315 eo
2984 3260 3130 3314 vires
3181 3258 3407 3314 haberet

1831 3350 2088 3405 ulteriora
2123 3351 2437 3404 inrursandi
2463 3387 2479 3412 ,
2506 3359 2560 3404 et
2603 3350 2668 3404 ad
2719 3361 2915 3404 cuncta
2951 3351 3291 3424 continenter
3319 3365 3406 3403 ra-

1831 3443 2141 3513 pacissimis
2165 3443 2342 3498 accisa
2369 3442 2623 3496 dentibus
2659 3443 2992 3497 exsorbenda
3037 3442 3089 3495 in
3127 3457 3406 3511 nunquam

1831 3533 2155 3602 explebilem
2211 3533 2524 3604 ingluviem.
2581 3534 2698 3588 Alia
2747 3549 2966 3602 quoque
3019 3535 3150 3587 inita
3202 3534 3408 3588 utiliter

1833 3629 1973 3681 ratio
2022 3637 2108 3680 est
2163 3625 2414 3679 detnendi
2465 3623 2697 3680 ﬂamma:
2749 3625 2950 3694 pabuli,
3005 3626 3236 3680 docente
3292 3628 3407 3695 ipsa

1833 3717 2164 3773 calamitatis
2220 3717 2558 3786 experientia
2595 3715 2720 3770 mali
2766 3716 3062 3786 partemin
3106 3719 3405 3772 remedium

1833 3819 2064 3865 vertere.
2096 3809 2302 3878 Nempe
2324 3802 2826 3863 cladis'auctarium
2855 3809 2954 3862 fuit
2983 3807 3225 3864 defectus
3253 3824 3409 3878 aqua:

1835 3902 1946 3972 igni
1995 3902 2302 3956 coercendo
2333 3911 2441 3955 tam
2492 3901 2841 3965 necessarias,
2892 3901 3174 3956 exhaustis
3208 3904 3418 3973 quippe

1832 3994 1946 4064 jam
1980 3992 2196 4048 cunctis
2225 4008 2346 4062 quae
2380 3993 2490 4046 illic
2517 4002 2673 4047 erant
2699 3993 3072 4047 subterraneis
3117 4004 3419 4064 concepta~

1837 4087 1979 4141 culis
2019 4085 2274 4154 liquoris.
2303 4085 2571 4141 Caeterum
2610 4085 2712 4140 hoc
2749 4084 2866 4154 ipso
2901 4085 3282 4141 animadverso
3314 4088 3415 4157 qui

1839 4181 2176 4248 satagebant,
2204 4178 2380 4246 puteis
2415 4163 2552 4246 ipsis
2583 4176 2952 4246 cisternisque
2981 4176 3094 4245 jam
3122 4179 3307 4234 vacuis
3335 4179 3414 4233 uti

1838 4271 2229 4340 apothecarum
2268 4269 2384 4323 vice
2429 4281 2710 4338 emperunt
2754 4268 2822 4322 iis
2862 4269 3241 4324 custodiendis
3291 4283 3416 4338 quas

1842 4374 1965 4432 apta
1991 4362 2227 4415 maxime
2259 4360 2552 4415 nutriendo
2584 4361 2838 4415 incendio
2868 4360 3101 4414 ﬂammae
3126 4361 3418 4431 praeripere

1842 4461 2154 4523 pomerant,
2190 4467 2251 4506 ea
2300 4461 2498 4506 cuncta
2552 4468 2650 4523 per
2687 4467 2782 4506 ora
2827 4452 3096 4506 hiantium
3153 4468 3414 4510 cavorum

199 4543 549 4610 pulcherrimae
580 4545 634 4598 in
664 4559 918 4612 campum
951 4546 1174 4599 informi
1205 4549 1460 4616 congerie
1485 4557 1738 4602 constra-
1767 4558 1816 4618 D
1843 4551 2215 4614 devolventes,
2244 4561 2297 4604 et
2333 4551 2425 4605 ubi
2459 4551 2806 4620 congerenda
2837 4551 3210 4619 expleverant,
3236 4553 3416 4620 impo-

199 4643 289 4689 tum
329 4641 390 4691 ad
442 4637 676 4706 lugubre
727 4638 1103 4705 spectaculum
1151 4653 1437 4692 conversa.
1489 4638 1547 4692 ld
1593 4640 1738 4708 quod

201 4728 473 4794 imperatori
505 4727 789 4799 Nymphati
822 4737 954 4784 tunc
987 4729 1200 4798 degenti
1228 4731 1537 4786 nuntiatum
1565 4732 1740 4788 admi-

198 4820 423 4874 rationem
475 4820 711 4874 incussit
760 4837 864 4874 non
902 4821 1195 4886 modicam,
1227 4830 1283 4875 et
1321 4837 1509 4878 curam
1545 4825 1738 4894 exqui-

199 4915 346 4966 rendae
369 4912 595 4967 occulta:
625 4913 752 4966 mali
781 4914 1032 4982 originis,
1068 4923 1127 4968 ut
1151 4917 1336 4971 multis
1367 4916 1493 4971 inde
1522 4917 1736 4985 diebus,

201 5007 268 5060 ubi
303 5012 418 5078 quis
463 5009 729 5080 Byzantio
767 5010 930 5080 179
964 5011 1194 5077 veniret,
1227 5013 1462 5068 sollicite
1504 5015 1739 5068 interro-

200 5111 322 5166 κεῖθι
366 5118 472 5172 quo
523 5104 690 5158 modo
721 5113 774 5157 et
813 5105 1068 5174 qualibus
1097 5121 1126 5160 e
1158 5107 1341 5164 causis
1373 5117 1522 5164 tanta
1557 5110 1739 5165 clades

201 5193 480 5249 exstitisset.
514 5193 632 5250 Non
657 5195 803 5251 enim
835 5212 863 5250 a
898 5199 1045 5253 tenui
1075 5207 1194 5252 orta
1219 5199 1487 5270 principio
1512 5200 1736 5266 sensim,

202 5292 246 5334 ut
289 5281 391 5339 lere
437 5285 539 5352 ﬁt,
593 5302 656 5341 ea
710 5289 878 5357 pestis
932 5289 1276 5354 invalnerat,
1325 5293 1417 5346 sed
1471 5301 1739 5362 quantum

205 5373 391 5443 intelligi
421 5377 733 5447 conjectura
771 5381 964 5448 potuit,
998 5382 1166 5436 variis
1196 5383 1356 5438 simul
1390 5398 1457 5436 ex
1492 5385 1738 5451 partibus

207 5471 360 5538 rapida
381 5471 664 5527 velocitate
690 5474 830 5542 ignis
855 5488 1179 5542 exsurgens.
1207 5475 1739 5530 mediam-momento

208 5563 633 5630 comprehendens
681 5564 894 5625 urbem,
954 5562 1124 5615 multa
1161 5562 1514 5617 ornatissima
1567 5563 1739 5617 adiﬁ-

210 5650 292 5708 cia.
315 5655 496 5707 multas
523 5653 575 5707 in
599 5654 667 5708 iis
690 5669 823 5723 Opes
857 5655 1107 5708 conditas
1134 5655 1379 5718 voravit;
1415 5657 1738 5725 minansque

210 5741 348 5796 nihilo
375 5747 588 5801 mitiora
623 5745 1033 5810 remotioribus,
1072 5761 1180 5800 non
1218 5746 1367 5814 prius
1397 5748 1546 5802 stetit
1575 5762 1738 5816 quam

209 5828 250 5882 in
273 5836 574 5905 angiportus
607 5837 696 5894 via
727 5838 904 5894 media
940 5838 1141 5893 lrustra
1179 5839 1478 5906 diremptos
1531 5839 1736 5894 transi-

1841 4642 1948 4694 sito
1977 4643 2222 4695 materia:
2245 4643 2423 4710 ignem
2449 4657 2556 4694 non
2582 4641 2823 4694 timentis
2857 4643 3119 4708 operculo
3147 4650 3417 4712 tegentes.

1842 4733 1904 4788 In
1946 4749 2058 4802 quo
2103 4748 2222 4786 eam
2269 4733 2604 4787 adhibebant
2648 4717 3014 4802 prudentiam,
3062 4745 3120 4787 ut
3153 4751 3274 4804 qua:
3303 4735 3424 4804 iam

1839 4824 1984 4892 ignis
2031 4821 2540 4892 comprehenderat,
2598 4823 2804 4877 frustra
2847 4825 2896 4878 ei
2947 4834 3272 4895 extorquere
3306 4841 3425 4880 non

1841 4925 2146 4980 conantes,
2200 4930 2262 4969 ea
2321 4916 2522 4985 quibus
2572 4932 2632 4970 se
2684 4917 2926 4970 nondum
2980 4933 3075 4987 per
3127 4918 3426 4972 circuitum

1842 5010 2158 5063 admoverat
2203 5008 2494 5078 diligenter
2543 5018 2816 5080 raperent,
2868 5025 2978 5063 non
3019 5011 3137 5064 sine
3174 5012 3429 5079 periculo

1845 5102 2100 5157 cominus
2150 5102 2410 5157 accedere
2459 5103 2758 5168 audentes;
2792 5103 2967 5174 iisque
3015 5104 3235 5167 amotis,
3264 5105 3425 5173 quasi

1842 5209 1938 5262 per
1972 5209 2111 5249 escae
2135 5194 2581 5260 subductionem,
2620 5205 2926 5251 monstrum
2955 5195 3292 5250 belluatioue
3319 5197 3429 5248 Iar—

1841 5285 1977 5355 giort
2031 5287 2204 5354 magis
2264 5284 2588 5340 indomitum
2645 5301 2982 5347 evasurum,
3043 5285 3191 5339 velut
3240 5285 3426 5340 inedia

1844 5379 2168 5462 castigatum
2212 5377 2486 5433 inﬁrmius
2521 5379 2842 5434 reddebant.
2893 5381 3067 5448 Atque
3111 5379 3182 5432 ita
3215 5378 3423 5432 sensim

1842 5472 2126 5526 debilitato
2177 5485 2318 5541 aegre
2372 5487 2435 5525 ac
2490 5472 2578 5524 vix
2630 5471 2791 5542 180
2839 5472 3053 5526 tandem
3104 5470 3425 5540 praeponere

1845 5564 2154 5626 valuerunt,
2186 5579 2284 5620 nec
2320 5565 2400 5619 sic
2434 5573 2616 5619 tamen
2649 5565 2888 5619 assecuti
2917 5566 3050 5633 quin
3083 5577 3331 5632 magnam
3367 5569 3423 5616 et

1842 5658 1948 5712 late
1981 5660 2246 5714 illustrem
2282 5660 2369 5715 hic
2399 5675 2643 5730 quoque,
2681 5661 2757 5715 uti
2785 5660 2969 5716 caeteri
3003 5659 3233 5728 priores,
3265 5656 3426 5711 fune-

1843 5762 1962 5806 stus
2010 5767 2173 5822 rogus
2223 5752 2276 5806 in
2333 5761 2544 5823 tempus
2582 5764 2866 5824 posterum
2901 5750 3224 5806 memoriam
3261 5750 3425 5804 relin-

1844 5856 2057 5912 queret,
2111 5861 2424 5916 quanquam
2485 5847 2593 5900 cito
2655 5860 2848 5902 rursus
2898 5851 3160 5901 coeuntes
3214 5842 3424 5898 domini
