3922 6554
442 374 551 441 199

1612 374 1941 436 GEORGII
1982 375 2468 437 ΡΑΠΗΥἨΕΠΣΕ

3597 381 3708 444 200

434 492 542 563 φην
580 491 677 547 τοῦ
720 493 891 563 πυρὸς
943 494 1189 550 ἐκποδὼν
1242 495 1521 559 ποιοῦντες
1568 496 1634 566 τῇ
1668 495 1905 566 ἀτροφίᾳ
1955 495 2018 548 τὸ
2051 503 2091 560 Α
2124 509 2220 563 pou
2254 494 2489 562 λογίους,
2540 496 2632 548 καὶ
2664 495 2861 565 σύναμ*
2908 495 3139 560 ἐκείνοις
3191 495 3287 550 καὶ
3334 495 3705 568 πατριάρχην,

434 584 621 655 θηρίον
645 584 1030 657 ἀσθενέστερον
1060 588 1478 656 ἀπειργάζοντο,
1531 585 1828 640 κάντεῦθεν
1859 587 2015 656 μόλις

431 678 553 730 κατ’
594 677 774 746 ὀλίγον
826 678 1243 744 ἐξασθενοῦντος
1279 681 1678 751 περιεγένοντο,
1710 680 1810 748 οὐχ
1848 674 2014 751 ἦττον

428 767 539 823 τῶν
570 769 812 823 παλαιῶν
851 770 1196 841 ὲμπρησμῶν
1225 772 1320 824 καὶ
1351 772 1515 825 αὑτοῦ
1564 772 1663 839 τὴν
1708 772 1845 824 ἰδίαν
1879 773 2014 840 μνή⁹

431 876 541 930 μην
566 862 661 913 καὶ
692 864 770 924 είς
799 862 860 914 τὸ
900 862 1055 915 ἐπιὸν
1094 862 1546 932 καταλείψαντας.
1592 861 1753 915 Ἀλλὰ
1790 863 1884 915 καὶ
1915 857 2013 915 αὗ-

428 950 514 1012 οις
577 951 930 1015 συνελθόντες
988 948 1070 1017 οἷς
1124 955 1307 1007 ἐκεῖνα
1364 955 1648 1024 διέφερον,
1705 955 1798 1007 καὶ
1856 955 2012 1023 μόλις

425 1043 613 1112 γυμνὰ
644 1045 778 1113 μόνα
810 1044 875 1098 τὰ
912 1046 1083 1115 ἐδάφη
1120 1048 1484 1116 γνωρίσαντες
1533 1048 1640 1101 ἀπό
1674 1064 1835 1099 τινων
1866 1048 2012 1117 ἀμυ-

424 1137 567 1208 δρῶν
598 1140 866 1208 σημείων,
894 1139 1285 1208 δαψιλέστερον
1314 1140 1814 1209 ὲποικοδομοῦνται,
1851 1140 2009 1210 βασι-

420 1229 560 1292 λέως
608 1229 864 1297 ἀπόντος,
906 1231 1034 1284 ὥστ’
1090 1233 1183 1285 ἐπὶ
1243 1233 1434 1301 μόναις
1480 1233 1673 1295 ἀκοαῖς
1719 1232 1784 1285 τὸ
1836 1232 2011 1296 πάθος

430 1324 644 1392 στῆναι,
690 1322 750 1376 οὗ
787 1324 894 1394 μὴν
928 1324 985 1377 δὲ
1042 1326 1135 1377 καὶ
1184 1326 1379 1389 αὐταῖς
1433 1324 1641 1394 ὕψεσιν.
1684 1325 2007 1392 Ἐφίσταται

423 1417 534 1486 γὰρ
559 1415 1032 1483 ἀνοικοδομηθεῖσι
1050 1416 1428 1489 λαμπρότερα,
1450 1419 1544 1470 καὶ
1568 1418 1820 1486 ἁλμυρὰν
1838 1421 2009 1490 ἀκοὴν

424 1506 482 1560 αἱ
519 1506 742 1576 πότιμοι
776 1507 873 1576 τῆς
906 1509 1082 1578 ὅψεως
1105 1509 1326 1565 ὀπωπαὶ
1359 1511 1560 1574 ἰδόντος
1597 1510 1718 1582 μεθ’
1750 1511 2006 1584 ἱλαρότη-

434 1616 525 1660 τος
562 1599 965 1654 ἀπεκλυσαντο.

416 1709 536 1778 κζ’.
565 1714 704 1782 Περὶ
738 1717 844 1767 τοῦ
877 1719 1027 1785 μετὰ
1071 1718 1179 1772 τοῦ
1209 1722 1751 1788 πρωτοϐεστιαρίου
1778 1718 2006 1781 Μουζά-

739 1789 936 1852 ,ιωνος
963 1787 1189 1855 κήδους
1221 1788 1327 1842 τοῦ
1349 1787 1678 1857 βασιλέως.

2120 586 2304 638 ἐκεῖσε
2353 585 2507 649 ὄντος
2541 587 2635 639 καὶ
2670 586 2763 639 τοῦ
2799 586 3299 659 πρωτοᾶεστιαρίου
3325 600 3339 616 ⁸
3372 586 3495 641 οὐδὲ
3530 587 3641 658 γὰρ
3667 589 3702 659 ἡ

2118 676 2273 739 νόσος
2299 676 2386 731 εῐα
2422 680 2639 749 μακράν
2674 696 2777 733 που
2807 680 2913 733 τῶν
2947 679 3265 751 ἀνακτόρων
3296 680 3706 751 κατασκηνῶν,

2116 771 2232 823 ἀλλ’
2269 771 2400 824 αὐτό
2438 787 2541 824 που
2589 770 2766 825 διόλου
2798 771 2856 824 εν
2899 787 3003 825 τινι
3035 772 3142 825 τῶν
3196 772 3491 842 βασιλικῶν
3536 774 3697 843 οίκη-

2119 864 2327 933 μάτων.
2382 864 2534 916 Ἐκεῖ
2558 863 2743 918 τοίνυν
2783 865 3169 934 συναγομένων
3219 868 3277 919 αἱ
3324 868 3545 930 σκέψεις
3586 867 3705 935 ἐγί-

2114 971 2287 1019 νοντο,
2330 958 2375 1008 εί
2427 958 2663 1026 ἐγχωρεῖ
2714 957 2970 1027 πορνείας
3001 959 3223 1025 ἐκείνης’
3259 959 3542 1030 προϐάσης
3571 975 3703 1013 συν-

2115 1046 2364 1099 ίστασθαι
2412 1047 2473 1099 τὸ
2525 1047 2877 1117 συνάλλαγμα
2911 1066 2925 1081 ο
2955 1050 3051 1103 καὶ
3097 1052 3222 1103 ἐπεὶ
3269 1053 3381 1112 τοῖς
3434 1050 3554 1121 μὲν,
3584 1053 3702 1113 τοῖς

2111 1140 2158 1193 δ’
2184 1139 2295 1193 οὐδ’
2321 1140 2457 1202 ὅλως
2484 1141 2679 1202 ἐδόκει,
2704 1144 2732 1194 ό
2760 1141 3016 1211 βασιλεὺς
3044 1142 3299 1209 ἀγάλλειν
3325 1142 3523 1196 ἐθέλων
3552 1144 3704 1196 ἐκεῖ-

2112 1248 2202 1283 νον
2228 1223 2271 1298 ᾧ
2304 1232 2368 1301 δὴ
2427 1233 2521 1284 καὶ
2562 1232 2809 1301 συνεργῷ
2861 1235 2956 1288 καὶ
3014 1235 3306 1305 συμϐούλῳ
3354 1235 3491 1305 πρὸς
3536 1236 3701 1289 πάντ’

2111 1323 2311 1393 ἐχρῆτο
2337 1327 2801 1397 πρακτικωτάτῳ,
2833 1328 2895 1380 τὸ
2933 1327 3238 1397 ἀμφίϐολον
3287 1327 3588 1397 παρεικὼς,
3621 1328 3702 1400 τῷ

2111 1414 2214 1484 μὲν
2243 1415 2459 1488 ἀδελφῷ
2493 1418 2592 1489 τὴν
2616 1418 2713 1472 τοῦ
2744 1421 3014 1490 πιγκέρνη
3045 1420 3377 1490 Αιὸαδαρίου
3420 1420 3700 1489 θυγατέρα

2109 1507 2173 1558 ὲκ
2208 1507 2711 1579 πρωοὸεστιαρίου
2746 1510 3236 1581 ὲξευγενιζομένην
3266 1516 3496 1566 πάππου
3533 1530 3697 1565 συνε⁸

2108 1596 2308 1665 ζιύγνυ
2360 1600 2497 1669 πρὸς
2529 1600 2761 1669 γάμους,
2811 1603 2910 1673 τὴν
2956 1603 3013 1656 δὲ
3061 1604 3153 1656 τοῦ
3187 1604 3696 1677 πρωτοόεστιαρίου

2105 1688 2472 1754 Μουζάλωνος
2521 1692 2600 1762 τῷ
2662 1694 2777 1765 ίδίῳ
2826 1696 2982 1748 παιδὶ
3039 1696 3435 1769 Κωνσταντίνῳ
3485 1715 3697 1766 κατηγ-

2105 1780 2297 1844 γυᾶτο.
2339 1779 2482 1834 Ἀλλ’
2526 1779 2649 1834 οὔτε
2691 1784 2720 1835 ὀ
2752 1785 3156 1849 Κωνσταντῖνος
3204 1786 3473 1858 δεσπότης
3502 1784 3573 1859 ἦν
3606 1808 3696 1844 πω

516 1875 575 1930 Ρ.
611 1876 733 1949 ιεο]
769 1880 937 1942 Αὐτὸς
968 1880 1023 1934 δὲ
1059 1881 1197 1949 μετὰ
1230 1881 1323 1934 τοῦ
1372 1883 1877 1953 πρωτοϐεστιαρίου
1905 1885 2000 1938 καὶ
2031 1859 2073 1913 Β
2106 1869 2165 1933 ἐξ
2190 1869 2519 1941 ἀξιώματοςν
2554 1873 2702 1945 μόνῳ
2723 1876 2779 1929 δὲ
2808 1877 2886 1946 τῷ
2914 1877 3027 1939 υἷδ(
3064 1877 3331 1946 βασιλέως
3358 1875 3497 1933 εἶναι
3533 1898 3694 1951 περι-

418 1968 662 2035 μεγὰλου
689 1968 976 2037 λογοθὲτου
1006 1971 1203 2041 κήδους
1231 1972 1584 2042 συνάλλαγμα
1612 1975 1995 2045 ποιησόμενος,

410 2057 555 2110 ὥστε
588 2058 677 2110 τὸν
704 2058 797 2111 τοῦ
830 2058 1094 2128 βασιλέως
1116 2062 1452 2132 αὐτάδελφον
1486 2064 1762 2136 Θεόδωρον
1793 2067 1872 2127 είς
1902 2058 1999 2133 γά-

418 2165 516 2216 μον
548 2148 848 2216 ἀγαγέσθαι
879 2151 976 2220 τὴν
998 2151 1089 2204 τοῦ
1121 2152 1504 2218 Μουξάλωνος,
1539 2156 1660 2208 ἐπεί
1688 2172 1753 2223 γε
1782 2174 1994 2226 κατηγ-

411 2242 699 2309 γυημένης
745 2240 915 2311 οὔσης
949 2243 1048 2312 τῆς
1107 2245 1276 2313 κόρης
1318 2245 1518 2315 συνέὸη
1574 2263 1625 2297 τι
1674 2248 1739 2299 ὲκ
1785 2248 1995 2310 νοθείας

413 2332 549 2400 πρός
591 2350 711 2384 τινα
740 2333 848 2385 τῶν
878 2333 1082 2404 ταύτης
1128 2335 1426 2402 συγγενῶν,
1468 2335 1740 2406 φερούσης
1787 2340 1995 2407 ἀμφισ-

402 2421 640 2491 ΰήτησιν
677 2423 775 2492 τῆς
817 2422 1097 2494 ζητήσεως
1127 2426 1175 2477 εί
1200 2424 1505 2481 κεκώλυται
1535 2428 1594 2480 τὸ
1619 2429 1990 2499 συνάλλαγμα,

411 2514 616 2583 συνῆγε
659 2516 757 2583 μὲν
785 2517 1083 2587 ἀρχιερεῖς.
1122 2518 1323 2587 συνῆγε
1352 2519 1408 2572 δὲ
1439 2520 1532 2572 καὶ
1577 2523 1700 2585 τοὺς
1740 2523 1832 2576 τοῦ
1863 2524 1993 2597 κλή-

406 2695 825 2765 absuniptarum
875 2697 1096 2759 aedium,
1153 2710 1205 2753 et
1256 2703 1503 2755 certatim
1554 2704 1761 2758 etnoliti
1812 2716 1990 2761 strues

413 2786 615 2842 cineris
664 2786 1157 2859 ambustorutnque
1211 2792 1492 2856 ruderum,
1534 2794 1708 2848 solum
1744 2796 1835 2850 ubi
1870 2798 1988 2852 sita:

420 2877 527 2930 illa:
558 2876 775 2932 fuerant
807 2896 914 2933 non
946 2884 1063 2935 sine
1091 2880 1408 2938 difficultate
1443 2902 1474 2939 e
1522 2887 1693 2955 signis
1734 2889 1987 2945 tenuibus

405 2972 719 3041 conjectura
746 2974 931 3028 solerti
956 2986 1339 3044 agnoscentes,
1369 2979 1601 3050 impigre
1626 2995 1987 3051 reposuerunt

405 3078 514 3116 non
564 3063 748 3118 minus
798 3079 1058 3134 operosas
1102 3084 1201 3123 nec
1237 3070 1512 3125 inferioris
1547 3072 1823 3141 prioribus
1873 3076 1985 3129 ele-

398 3152 597 3223 gantia:
643 3157 816 3211 moles
865 3173 961 3227 per
1002 3159 1305 3215 absentiam
1357 3163 1722 3233 imperatoris,
1759 3169 1894 3221 adeo
1926 3178 1984 3222 ut
2012 3200 2056 3255 ο

403 3246 450 3298 is
509 3248 724 3300 tandem
793 3248 915 3302 urbi
980 3250 1223 3305 redditus
1284 3254 1653 3321 gratularetur
1713 3258 1830 3310 solo
1882 3258 1986 3312 sibi

401 3338 621 3391 aurium
670 3338 874 3394 indicio
923 3351 1178 3397 constare
1228 3346 1478 3399 notitiam
1533 3346 1789 3411 incendii,
1837 3350 1987 3405 nullo

395 3429 511 3497 jam
568 3430 743 3486 oculis
805 3432 1099 3501 superstite
1150 3435 1233 3488 sui
1301 3435 1530 3507 vestigio
1586 3439 1864 3496 sensibilis
1918 3420 1988 3495 ob

398 3533 626 3576 strenue
680 3531 1041 3578 restauratam
1093 3528 1520 3596 speciosioribus
1550 3531 1712 3583 etiam
1745 3533 1984 3589 aedificiis

397 3614 579 3668 (initiis
636 3624 786 3668 retro
841 3616 1012 3671 ruina:
1058 3614 1352 3685 jacturarn,
1389 3628 1642 3675 cunctam
1681 3624 1838 3692 plane
1870 3626 1981 3694 jam

387 3705 707 3759 amaritiem
756 3707 934 3762 tristis
991 3709 1209 3764 auditus
1255 3710 1399 3763 dulci
1452 3711 1558 3765 laeti
1613 3726 1978 3784 conspectus,

397 3797 840 3866 magnificentius
891 3800 1145 3855 universa
1196 3803 1435 3872 reposita
1458 3807 1851 3872 monstrantis,
1885 3824 1982 3862 vo-

395 3887 603 3956 luptate
637 3888 898 3944 diluente.

390 3999 483 4055 26.
527 4000 603 4055 De
669 4005 926 4074 afﬁnitate
969 4008 1305 4084 imperatoris
1378 4029 1498 4068 cum
1557 4016 1976 4084 protovestiario

1032 4079 1334 4136 Muzalone.

467 4162 598 4217 Eam
652 4165 978 4222 hilaritatem
1023 4169 1145 4225 festi
1186 4174 1272 4228 sui
1318 4176 1527 4232 reditus
1572 4178 1627 4232 in
1674 4180 1861 4233 urbem
1908 4193 1974 4233 ex

394 4256 632 4310 incendii
697 4259 1008 4316 calamitate
1055 4264 1288 4332 pristino
1338 4250 1613 4336 splendori
1667 4270 1976 4325 restitutam

394 4346 661 4415 insignire
691 4349 991 4420 imperator
1018 4354 1191 4408 voluit
1222 4357 1503 4414 luculento
1540 4361 1623 4415 sui
1662 4360 1888 4416 affectus
1919 4362 1971 4416 in

392 4442 879 4509 protovestiarium
916 4456 970 4500 et
999 4462 1254 4518 magnum
1284 4449 1613 4520 logothetam
1633 4452 1969 4507 Musalunem

2101 1962 2289 2032 φανῶς
2335 1965 2630 2031 ὲκλεῖζετο,
2661 1966 2787 2021 οὔτε
2836 1970 2942 2041 μὴν
2969 1972 2997 2023 ό
3043 1973 3552 2045 πρωτοσεστιάριος
3578 1975 3691 2039 ζῶν

2101 2051 2209 2108 εῖδε
2254 2057 2384 2119 τοὺς
2413 2060 2647 2127 γάμους,
2676 2060 2792 2113 ἀλλ’
2841 2063 2901 2113 ἐν
2934 2062 3115 2117 ἐλπίσι
3152 2065 3366 2133 μόναις,
3392 2071 3486 2119 καὶ
3516 2084 3695 2141 προσ-

2097 2149 2306 2213 δοκίαις
2337 2151 2590 2205 ἐτελεύτα
2619 2153 2709 2205 τὸν
2747 2153 2885 2223 βίον.
2912 2155 2986 2209 Τὸ
3007 2156 3065 2210 δέ
3099 2174 3162 2225 γε
3215 2161 3295 2222 είς
3331 2160 3484 2223 τέλος
3518 2163 3684 2229 ἐξέϐη

2098 2241 2505 2313 προϐληθέντος
2544 2245 2640 2298 καὶ
2694 2247 2960 2301 δεσπότου
3012 2249 3104 2302 τοῦ
3145 2252 3587 2317 Κωνσταντίνου,
3623 2248 3690 2307 οὗ

2095 2332 2162 2403 δὴ
2188 2336 2214 2386 ό
2237 2334 2517 2404 Θεόδωρος
2555 2338 2657 2391 οὐκ
2687 2339 2908 2408 ἠξίωτο.
2947 2341 3184 2397 Ἐκεῖνον
3215 2344 3327 2415 γὰρ
3359 2346 3454 2398 καὶ
3496 2345 3622 2400 λίαν
3651 2349 3685 2417 ἡ

2101 2428 2282 2497 μήτηρ
2319 2430 2620 2500 όρεγομένη
2652 2432 2919 2503 δεσπότην
2950 2437 3190 2490 κατιδεῖν
3220 2438 3374 2509 παρὰ
3416 2440 3685 2509 τάδελφοῦ

2096 2521 2186 2572 καὶ
2228 2520 2495 2591 βασιλέως
2523 2524 2886 2595 φημισθέντα,
2923 2529 3017 2584 καὶ
3063 2530 3233 2585 πολλὰ
3268 2532 3362 2588 τὸν
3396 2536 3509 2588 υίὸν
3527 2532 3694 2602 ἀναγ-

2097 2701 2225 2754 bum
2259 2705 2527 2758 ιναιλιὶιεινε
2555 2706 2619 2759 ad
2653 2710 2912 2777 palatium
2939 2728 2970 2766 ε
2998 2715 3295 2786 longinquo
3324 2732 3431 2771 non
3466 2719 3680 2783 valens.

2087 2792 2245 2862 jussu
2278 2795 2500 2863 Augusti
2537 2798 2691 2869 181
2722 2802 2786 2853 ad
2822 2818 3042 2857 manum
3088 2805 3291 2861 habere
3335 2823 3498 2878 quem
3531 2810 3682 2865 assi-

2092 2884 2198 2937 due
2246 2889 2559 2944 consulcret
2610 2893 2882 2947 studentis
2931 2897 3098 2950 ferme
3151 2899 3204 2952 in
3252 2900 3463 2955 aedibus
3510 2903 3679 2971 regiae

2091 2979 2286 3029 vicinis
2321 2988 2415 3032 aut
2458 2981 2512 3031 in
2547 2991 2702 3050 parte
2735 2983 2929 3038 domus
2967 2987 3139 3054 ipsius
3176 2988 3440 3057 Augusta:
3467 2992 3677 3045 solebat

2090 3069 2359 3125 habitare.
2423 3070 2559 3127 Cum
2613 3074 2780 3144 igitur
2834 3077 2887 3131 in
2936 3078 3053 3148 ipso
3110 3082 3299 3152 aegroti
3365 3083 3675 3141 Muzalonis

2088 3161 2389 3215 diVei'SttTill
2417 3179 2599 3219 coram
2631 3167 2817 3221 eodem
2853 3172 3135 3226 sententia:
3173 3189 3340 3244 super
3384 3178 3674 3245 proposito

2091 3255 2237 3320 quod
2278 3255 2389 3307 dixi
2421 3268 2746 3326 argumento
2792 3272 3139 3333 rogarentur,
3182 3267 3396 3337 illteque
3440 3271 3492 3323 in
3532 3286 3673 3325 con»

2092 3347 2256 3399 traria
2293 3349 2754 3420 distraherentur,
2780 3357 3107 3425 quibusdam
3138 3360 3434 3426 aientibus,
3464 3378 3671 3432 negan-

2092 3438 2236 3492 tibus
2282 3441 2426 3507 aliis,
2469 3443 2773 3512 imperator
2807 3450 3079 3505 consolari
3114 3456 3344 3521 cupiens
3377 3456 3514 3509 adeo
3555 3459 3668 3513 sibi

2090 3530 2317 3585 charum
2370 3543 2423 3587 et
2474 3535 2645 3591 fidum
2712 3539 3024 3607 hominem,
3070 3560 3180 3613 quo
3224 3547 3549 3602 administro
3610 3559 3671 3604 et

2087 3626 2404 3682 consiliario
2445 3632 2780 3699 peritissimo
2829 3636 2894 3689 ad
2938 3646 3133 3693 cuncta
3181 3641 3453 3710 utebatur,
3484 3642 3669 3698 disce-
3766 3670 3787 3679 τ

2085 3720 2329 3786 ptatione
2354 3721 2407 3774 in
2435 3724 2691 3793 ambiguo
2724 3726 2910 3783 relicta
2941 3728 3097 3787 fratri
3119 3734 3338 3803 quidem
3370 3738 3663 3808 conjugem

2084 3808 2231 3864 dedit
2260 3811 2534 3880 pincernae
2570 3813 2848 3873 Libadarii
2877 3820 3067 3887 ﬁliam,
3095 3825 3181 3879 cui
3206 3826 3509 3882 nobilitatis
3526 3844 3668 3898 pm-

2082 3901 2257 3971 cipuze
2315 3910 2849 3967 commendationem
2904 3915 3182 3983 afferebat,
3234 3923 3380 3989 quod
3435 3938 3498 3976 ex
3555 3937 3665 3979 avo

2084 3995 2236 4048 illam
2269 4000 2674 4065 protovestiarii
2712 4002 2974 4073 dignitate
3020 4009 3321 4078 conspicuo
3369 4015 3665 4070 constabat

2079 4102 2200 4141 esse
2247 4097 2608 4161 prognatam;
2650 4094 2813 4148 llliam
2848 4112 2978 4152 vero
3016 4099 3162 4154 illam
3198 4101 3368 4171 ipsam
3401 4117 3662 4174 protove-

2078 4180 2274 4243 stiarii,
2337 4180 2465 4236 licet
2519 4194 2875 4254 corruptam,
2921 4188 3033 4256 jam
3096 4207 3243 4247 nunc
3292 4197 3546 4264 promisit
3599 4213 3663 4254 se

2078 4272 2477 4342 desponsurum
2505 4272 2863 4334 Constantino
2887 4285 3108 4352 pr0prio
3129 4284 3261 4350 ﬁlio,
3290 4289 3382 4357 qui
3409 4290 3656 4348 nondum

2075 4367 2296 4437 quidem
2320 4367 2563 4437 despotae
2584 4372 2945 4440 appellatione
2976 4376 3366 4446 honorahatur,
3393 4369 3656 4441 caeterum

2075 4474 2140 4514 eo
2175 4461 2294 4515 solo
2325 4462 2468 4531 quod
2502 4462 2851 4533 imperatoris
2895 4479 3012 4523 erat
3060 4472 3225 4538 illius,
3267 4475 3410 4528 inter
3444 4479 3655 4545 primos

394 4526 656 4602 pignore,
715 4536 924 4594 honore
984 4540 1238 4597 videlicet
1286 4547 1446 4615 regite
1501 4546 1810 4613 afﬁnitatis,
1857 4563 1967 4617 qua
2000 4538 2045 4595 υ
2074 4553 3365 4634 aula:consentaneatantaenobilitatisplendore
3384 4569 3651 4641 fulgebat.

393 4625 542 4679 illum
586 4642 886 4696 aggressus.
927 4633 1216 4689 admovere
1256 4636 1475 4692 familiae
1522 4639 1803 4709 Augustae,
1844 4639 1969 4693 licet

389 4717 583 4783 cmptis
634 4718 1022 4774 intervenisset
1084 4725 1428 4779 obstaculum
1493 4727 1721 4795 ingens,
1780 4729 1967 4795 gratiae

382 4810 691 4860 constantis
741 4812 1072 4868 abundantia
1120 4817 1338 4883 quidvis
1389 4818 1680 4881 eluctatus,
1734 4819 1968 4889 denique

385 4902 533 4966 quod
598 4902 961 4957 destinaxerat
1008 4907 1255 4973 perfecit.
1306 4912 1381 4962 Ac
1429 4911 1694 4980 principio
1745 4915 1964 4979 quidem

384 4992 489 5044 sub
518 4993 622 5046 hoc
654 5005 866 5062 tempus
900 4994 1063 5050 filiam
1094 4998 1395 5054 Muzalonis
1422 5000 1577 5055 fratri
1609 5018 1709 5057 suo
1736 5005 1967 5074 despon-

380 5083 465 5135 (Ἥ
512 5081 821 5138 Theodoro.
873 5084 1070 5142 Verum
1117 5092 1405 5145 celebratis
1447 5093 1559 5163 jam
1595 5098 1962 5165 sponsalibus,

377 5191 510 5228 cum
543 5177 980 5247 inopinatissinie
1011 5183 1185 5250 puella
1217 5184 1553 5251 deprehensa
1584 5201 1725 5244 esset
1748 5203 1960 5247 uterum

384 5284 571 5334 gerere
600 5273 989 5340 consanguinei
1027 5276 1309 5342 cujusdam
1340 5278 1548 5333 incestu
1585 5283 1788 5346 vitiata,
1819 5301 1964 5351 qure-

383 5362 487 5415 stio
532 5373 654 5416 nata
689 5373 769 5417 est
796 5374 976 5418 utrum
1013 5365 1106 5419 illo
1135 5368 1340 5437 ﬂagitio
1377 5373 1525 5425 fieret
1554 5374 1705 5429 irrita
1731 5378 1961 5446 despon-

376 5453 547 5519 szttio,
590 5465 644 5508 ct
687 5456 881 5526 ecquid
917 5457 1272 5515 nihilominus
1306 5462 1498 5517 liceret
1527 5464 1751 5521 ulterius
1786 5484 1960 5537 usque

380 5548 450 5600 ad
480 5549 692 5616 nuptias
717 5553 1033 5619 procedere.
1062 5550 1151 5606 Isti
1178 5554 1548 5622 disceptandze
1573 5561 1960 5616 controversia

374 5643 730 5709 congregavit
790 5646 1079 5713 episcopos
1142 5647 1479 5716 imperator,
1534 5651 1724 5704 eodem
1792 5652 1956 5706 etiam

376 5730 642 5787 adhibitis
695 5734 1031 5790 doctioribus
1073 5752 1103 5791 e
1155 5739 1303 5793 clero
1348 5740 1580 5810 ipsoque
1626 5742 1955 5811 patriarcha,

374 5837 643 5892 prasente
692 5844 906 5899 quoque
948 5832 1387 5902 protovestiario,
1432 5835 1521 5904 qui
1554 5846 1776 5904 preptcr
1805 5852 1954 5890 mor-

2073 4643 2316 4699 Fuerunt
2365 4648 2447 4702 hae
2488 4652 2686 4720 nuptize
2729 4659 3039 4709 necessario
3066 4660 3263 4720 dilatee,
3292 4665 3434 4730 quod
3464 4667 3647 4720 obdu-

2071 4737 2303 4789 cendum
2356 4740 2545 4805 puellm
2597 4740 2784 4794 vitium
2819 4759 2967 4797 mora
2999 4746 3191 4803 saltem
3222 4753 3482 4819 quadam,
3512 4770 3568 4811 et
3600 4759 3645 4813 si

2070 4842 2180 4896 quo
2214 4828 2378 4883 modo
2410 4840 2613 4897 posset,
2662 4834 3089 4893 oblitterandum
3125 4842 3418 4899 videretur.
3453 4848 3646 4920 itaque

2068 4922 2526 4988 protovestiarius
2572 4926 2764 4980 morbo
2813 4933 3076 4996 pertinaci
3110 4936 3269 4987 morti
3306 4944 3508 4993 sensim
3543 4945 3647 4996 ad-

2069 5024 2248 5068 motus
2294 5017 2493 5070 durare
2538 5033 2711 5088 usque
2760 5022 2825 5073 ad
2877 5022 2991 5091 ejus
3020 5028 3351 5082 matrimonii
3382 5047 3648 5088 consum-

2067 5108 2362 5161 mationem
2394 5125 2498 5164 non
2531 5113 2708 5179 potuit
2736 5130 2749 5165 :
2790 5123 2968 5168 tamen
3001 5116 3277 5173 alIinitatis
3309 5134 3418 5175 tam
3447 5130 3645 5195 ampla:

2066 5200 2184 5252 sola
2216 5201 2343 5254 licet
2381 5216 2476 5271 spe
2503 5218 2566 5279 ac
2597 5214 2743 5258 certa
2777 5210 3182 5276 exspectatione
3212 5218 3465 5282 praecepit
3496 5233 3637 5285 gau-

2066 5289 2241 5355 dium,
2292 5293 2343 5344 in
2391 5309 2562 5363 eoque
2607 5296 2770 5350 vitam
2819 5301 3073 5357 absolvit.
3128 5304 3209 5357 Eo
3258 5320 3475 5361 mortuo
3535 5312 3639 5365 rite

2063 5382 2395 5437 et-lebratum
2427 5385 2476 5437 id
2504 5370 2909 5443 matrimonium
2930 5401 3030 5456 est,
3053 5402 3106 5446 et
3125 5397 3343 5465 quidem
3370 5400 3643 5456 Constan-

2065 5475 2180 5527 tino
2238 5475 2349 5544 jam
2409 5481 2475 5531 ad
2527 5479 2766 5549 despotte
2825 5483 3141 5553 dignitatem
3202 5502 3420 5551 evecto;
3487 5500 3637 5565 quod

2065 5568 2288 5622 minime
2354 5583 2682 5628 consecutus
2739 5574 3060 5631 Theodorus
3117 5582 3217 5635 fuit
3282 5591 3640 5652 utiaiitumvis

2062 5659 2181 5729 ejus
2222 5673 2392 5716 mater
2434 5665 2588 5719 valde
2622 5669 2847 5737 cupiens
2896 5672 3001 5727 isto
3046 5674 3358 5729 decoratum
3412 5683 3639 5739 nomine

2065 5751 2209 5806 hunc
2243 5769 2461 5825 quoque
2499 5757 2670 5813 lilium
2706 5762 2910 5827 videre,
2945 5764 3353 5823 instantissimis
3403 5774 3472 5825 ab
3522 5780 3637 5827 Au-

2059 5852 2221 5909 gusto
2249 5858 2348 5899 suo
2375 5845 2502 5902 item
2527 5849 2639 5903 lilio
2669 5856 3006 5910 contenderit
3032 5859 3287 5927 precibus
3320 5874 3376 5917 ut
3407 5863 3634 5922 fratrem
