3922 6600
221 532 311 589 903
1088 526 1185 585 DE
1227 523 1667 585 ANDRONICO
1705 522 2165 586 PAl..th‘il.l‘J;_‘.t)
2210 530 2352 587 Lm.
2395 527 2473 586 ll.

3310 528 3413 587 ΞΥΟ

221 650 416 712 ἑπέττη.
470 644 557 695 καὶ
611 644 636 695 ὁ
684 645 780 712 μὲν
834 642 1340 713 πρτιόληοησὸμενος
1390 644 1573 712 ἤγετο.
1631 646 1655 694 ὁ
1688 644 1739 693 δὲ
1776 648 1813 699 Α
1851 661 1941 710 της
2002 646 2224 714 σφόδρα,
2291 645 2789 714 συνηρμοὶογοῦντὸ
2826 662 2882 697 τε
2934 632 3024 695 ›Ξα“ι
3074 645 3412 696 καθίστανται
3459 682 3466 694 .

221 738 483 806 Γρηγόριος
539 736 866 797 ὲνστατικῶς
924 736 1022 805 τὴν
1078 736 1273 803 πρᾶξιν
1337 735 1621 800 ἁπὲλεγεν,
1675 733 1749 795 ὡς

220 826 473 881 εἶναιτῶν
520 824 793 878 ἀδυνάτων
848 827 1076 893 Κοσμᾶν
1130 828 1360 894 μένοντα
1410 825 1596 878 τοῦτον
1652 840 1752 874 πα-

220 917 453 987 τριάρχην
490 916 752 983 γίνεσθαι,
800 916 959 979 εὐθὺς
1002 917 1269 988 ὀστράκου
1328 916 1747 985 μεταπεσόντος,

221 1009 378 1075 φασὶν,
412 1005 712 1076 αὐθημερὸν
749 1007 999 1076 Ἰωάννης
1040 1005 1485 1076 μετονομάζεται,
1520 1006 1579 1060 ού
1616 1024 1752 1074 γνω-

221 1098 327 1150 σθέν
353 1114 454 1149 τισι
488 1096 750 1167 πρότερον
777 1090 809 1166 ἢ
842 1098 1255 1168 εὖφημουμένου
1286 1095 1380 1150 τοῦ
1421 1098 1753 1169 προϐληθέν-

220 1207 309 1253 τος.
342 1190 466 1243 Τότε
511 1188 703 1261 παρὼν
730 1191 757 1242 ὁ
802 1192 1017 1252 Λουκᾶς
1068 1190 1160 1243 καί
1192 1191 1427 1252 ἀκούσας
1466 1189 1669 1261 τέθηπέ
1696 1208 1753 1242 τε

219 1284 413 1348 εὐθέως,
454 1284 547 1337 καὶ
586 1282 837 1336 ἀπελθὼν
891 1282 1206 1351 ἐξαγγέλλει
1259 1282 1336 1353 τῷ
1382 1283 1667 1355 Γρηγορίῳ
1696 1285 1754 1336 τὸ

218 1373 394 1443 δρᾶμα,
425 1373 514 1425 καὶ
554 1374 675 1427 τότε
702 1378 728 1427 ὀ
757 1374 1053 1444 Γρηγόριος
1088 1372 1384 1439 πιστεύσας
1414 1375 1617 1444 μᾶλλον
1643 1380 1754 1439 τοῖς

220 1467 525 1535 γράμμασιν,
569 1464 607 1535 ἢ
637 1464 846 1518 πείθειν
884 1466 1078 1529 ἄλλους
1107 1465 1373 1529 σπεύδων,
1406 1467 1502 1520 καὶ
1536 1468 1602 1521 τὰ
1650 1471 1757 1520 λει-

222 1557 405 1625 πόμενα
428 1556 760 1629 προσετίθει,
784 1557 879 1610 καὶ
908 1558 980 1621 ὡς
1012 1558 1202 1622 τόσους
1232 1558 1459 1628 χρόνους
1488 1575 1759 1630 πατριαρο

220 1631 503 1718 χεύσεικαὶ
527 1649 603 1713 ὡς
628 1648 688 1702 ού
719 1651 787 1721 τῇ
815 1653 948 1720 τιμῇ
976 1650 1422 1705 ἐπαποθανεὴαι.
1457 1651 1566 1706 Kal.
1588 1650 1757 1706 ταῦτα

220 1742 370 1812 γέρων
416 1741 489 1796 ὣν
539 1743 639 1796 καὶ
690 1743 825 1812 πρὶς
871 1744 948 1813 τῷ
1003 1743 1220 1814 θανάτῳ
1255 1745 1572 1815 προέλεγεν.
1619 1734 1759 1799 Ἀλλ’

220 1834 392 1896 ἐκεῖνος
418 1833 516 1905 τὴν
544 1831 633 1905 [1).
678 1830 803 1907 124]
839 1835 1199 1903 ποιμαντικὴν
1247 1834 1548 1905 βακτηρίαν
1579 1835 1758 1889 λαὸὼν

220 1925 345 1994 παρὰ
371 1923 460 1977 τοῦ
503 1925 856 1996 κρατοῦντος,
894 1925 969 1987 ὡς
1015 1926 1240 1990 εἴθιστο,
1288 1927 1512 1995 τιμᾶται
1555 1926 1650 1979 καὶ
1676 1925 1752 1978 δι-

220 2015 492 2084 δσμδούλῳ.
530 2018 641 2068 Καὶ
687 2016 876 2086 πρώτῃ
932 2016 1401 2085 Ἑκατομϐαιῶνος
1435 2018 1602 2088 μηνὸς
1648 2006 1747 2086 τὴν

220 2108 516 2175 χειροτονίαν
544 2108 785 2177 δέχεται.
827 2108 1110 2162 Ἐντεῦθεν
1142 2110 1352 2163 ἐκείνου
1383 2113 1562 2164 πᾶσαν
1590 2111 1755 2164 ἐνδει-

221 2198 421 2265 ξαμένου
473 2201 588 2261 τοῖς
629 2197 953 2269 πράγμασιν
998 2200 1333 2270 ἡμερότητα.
1380 2203 1445 2254 τὰ
1499 2201 1600 2271 τῆς
1638 2202 1756 2254 Ἐκ-

219 2287 414 2354 κλησίας
445 2289 587 2359 μέλη
628 2290 724 2342 καὶ
757 2290 920 2361 μέρη,
961 2291 996 2345 ἃ
1025 2290 1089 2360 δὴ
1139 2292 1264 2361 χθὲς
1296 2294 1389 2345 καὶ
1421 2296 1524 2364 πρὸ
1569 2293 1755 2363 τρίτης

217 2376 466 2449 διῃροῦντο
490 2397 553 2434 τε
597 2380 691 2435 καὶ
716 2381 986 2455 διίσταντο
1016 2380 1073 2447 ἐξ
1115 2384 1423 2447 ἀντιπνοίαις
1466 2385 1757 2455 κυμαινού-

218 2564 326 2631 quid
380 2574 671 2634 pararetur
728 2567 956 2622 audiens
996 2582 1025 2622 a
1077 2583 1176 2622 suo
1236 2569 1528 2638 prmposito
1588 2565 1756 2634 Luca,

221 2657 339 2709 haud
364 2658 599 2712 credidit
623 2659 834 2721 nuntio,
866 2662 1193 2730 pertendens
1222 2677 1326 2713 non
1361 2662 1637 2728 Cosmam,
1664 2666 1755 2717 sed

220 2746 446 2804 Joannem
476 2760 733 2806 vocetum
758 2752 822 2805 iri
852 2752 943 2821 qui
976 2754 1223 2822 proxime
1268 2750 1409 2807 foret
1432 2753 1495 2806 ad
1528 2753 1759 2823 patriar-

220 2841 410 2895 chatum
446 2842 880 2911 promovendos.
919 2842 976 2896 ln
1014 2858 1191 2913 eoque
1219 2851 1328 2898 tam
1366 2844 1507 2898 tixns
1553 2854 1669 2898 erat
1701 2855 1760 2898 ut

219 2933 600 3003 qualescunque
653 2936 971 3002 quornmvis
997 2936 1051 2990 in
1087 2936 1420 2991 contrarium
1452 2936 1760 2991 molitiones

220 3041 413 3081 casuras
446 3027 498 3080 in
537 3027 754 3081 irritum
784 3028 939 3096 plane
977 3027 1291 3083 aﬂirmaret.
1332 3029 1463 3083 Eam
1501 3031 1590 3085 ille
1641 3046 1763 3099 per-

218 3118 495 3172 suasionem
527 3134 561 3173 e
591 3118 766 3183 libris,
799 3120 1016 3189 opinor,
1054 3120 1329 3186 hauserat,
1372 3134 1480 3176 non
1533 3132 1598 3177 ex
1651 3123 1761 3177 ulla

221 3208 376 3261 divina
436 3210 795 3264 revelatione.
847 3210 1121 3280 Apparalu
1162 3212 1521 3266 nihilominus
1552 3212 1626 3266 rei
1662 3213 1759 3268 dce

220 3307 359 3353 creta:
397 3301 750 3370 procedente,
791 3314 915 3355 cum
946 3301 1059 3369 jam
1103 3300 1375 3357 illuxisset
1398 3301 1513 3356 dies
1532 3302 1675 3357 dicta
1708 3311 1761 3355 et
1790 3330 1835 3393 ρ

220 3390 421 3444 Cosmas
463 3392 872 3461 promovendus
903 3392 1219 3457 duceretur,
1254 3392 1531 3461 perstabat
1562 3392 1767 3447 insanu—

223 3480 312 3538 tius
364 3482 659 3551 Gregorius
708 3492 943 3552 coeptum
1000 3498 1383 3538 successurum
1443 3498 1764 3554 pernegaris,

222 3588 274 3626 ac
309 3592 369 3629 ne
398 3576 510 3630 ﬁeri
542 3574 760 3645 quidem
793 3590 976 3644 posse,
1036 3576 1300 3641 intrepide
1334 3577 1508 3640 a'iens,
1565 3583 1620 3629 ut
1678 3576 1767 3630 hic

222 3668 433 3732 quandiu
470 3666 702 3722 Cosmas
731 3676 1092 3735 permaneret,
1120 3665 1428 3736 patriarcha
1464 3675 1762 3720 crearetur.

224 3754 391 3810 Statim
436 3758 629 3827 igitur,
684 3757 827 3811 velut
873 3756 1052 3826 lapsu,
1108 3757 1257 3824 quod
1306 3758 1483 3823 aiunt,
1548 3760 1762 3827 tegult',

224 3848 319 3917 ipsa
344 3850 423 3903 die
442 3848 687 3905 Joannes
708 3848 1199 3912 transnominatur,
1223 3850 1340 3904 sive
1366 3848 1527 3919 186
1551 3849 1604 3903 id
1628 3863 1764 3919 prae-

223 3949 349 3994 terea
377 3957 573 3997 nomen
604 3941 694 3995 ille
736 3950 923 4007 antea,
973 3940 1070 3994 sed
1111 3942 1298 4010 paucis
1333 3950 1541 4002 notum,
1579 3941 1764 4003 ferret,

224 4046 304 4085 seu
325 4033 596 4103 cognitam
650 4032 898 4102 Gregorii
936 4029 1293 4086 oﬂensionem
1345 4033 1562 4102 placare
1622 4032 1769 4087 dest.

225 4136 397 4193 gnatus
447 4125 625 4181 voluit
690 4124 836 4179 facili
899 4125 1204 4179 mutatione
1257 4123 1516 4177 nominis.
1573 4123 1767 4177 Audito

226 4215 397 4283 Lucas,
417 4220 511 4288 qui
533 4231 770 4287 praesens
817 4218 1021 4280 aderat,
1058 4214 1241 4270 vocari
1305 4230 1452 4271 nunc
1500 4213 1767 4279 Joannem

224 4309 303 4374 qui
348 4309 500 4378 prius
559 4306 789 4363 Cosmas
843 4306 1116 4368 audiebat,
1175 4306 1413 4359 accurrit
1463 4306 1765 4359 multistum

224 4397 464 4468 Gregorio
492 4400 685 4453 miram
715 4398 1116 4467 catastrophen.
1141 4395 1298 4450 Tunc
1318 4410 1450 4449 vero
1469 4393 1769 4465 Gregorius

226 4492 376 4561 magis
398 4490 626 4545 credens
660 4489 778 4557 ipse
818 4487 1056 4543 fatidicis
1116 4502 1257 4557 quas
1308 4486 1521 4554 legerat
1572 4486 1768 4539 litteris

224 4593 369 4645 quam
401 4579 730 4651 persuadere
763 4579 883 4633 aliis
911 4590 1185 4649 satagens,
1225 4576 1436 4647 reliqua
1482 4575 1770 4642 subiunxit

1856 736 1914 786 ob
1950 734 2053 803 μὴν
2086 736 2129 787 δ’
2182 734 2321 787 ὥστε
2366 738 2459 787 καὶ
2509 738 2634 796 τοὺς
2687 735 2785 803 τῆς
2837 728 3159 805 Ἐκκλησίαῖ
3211 735 3417 787 τελείαν

1856 824 2009 891 ἄγειν
2061 824 2300 895 εἰρήνην,
2346 824 2453 877 τῶν
2506 828 2603 894 μὲν
2652 827 3031 895 ἐπισχομένων
3089 829 3295 881 τέλειον
3332 829 3419 881 διὰ

1855 916 1952 985 τὴν
1991 914 2240 985 χθεσινὴν
2302 916 2722 980 ἁκαταστασίαν,
2780 916 2886 969 τῶν
2928 914 3006 981 δὲ,
3048 918 3097 969 εἰ
3148 918 3241 970 καὶ
3273 913 3420 987 εἶχον

1856 1008 2077 1071 τούτους
2110 1009 2167 1059 ὲν
2219 1007 2369 1073 τάξει
2400 998 2493 1061 τού
2537 1007 2780 1077 βήματος
2808 1010 2904 1063 καὶ
2950 1009 3418 1081 συλλειτουργοὺς,

1860 1100 2277 1169 περιορωμένων
2328 1102 2385 1153 ἐν
2442 1099 2645 1169 μείζονι
2702 1103 2977 1171 προκοπῇ,
3029 1102 3137 1152 τῶν
3172 1102 3422 1169 μοναχών

1860 1190 2293 1260 προτιμωμένων
2342 1193 2399 1243 ὲν
2444 1190 2645 1260 ψήφοις
2693 1191 3095 1263 ἀρχιερότητος.
3127 1193 3315 1261 Ὅμως
3360 1209 3423 1258 γε

1862 1281 2044 1349 μέντοι
2075 1282 2155 1348 (τὸ
2201 1282 2309 1351 γὰρ
2334 1282 2510 1334 κοινὸν
2548 1283 2746 1346 οἰστὸν,
2781 1283 2885 1335 κᾶν
2912 1283 3019 1335 τῶν
3050 1282 3307 1354 λυπηρῶν
3342 1284 3425 1335 λο-

1858 1374 2076 1439 γίζηται
2124 1374 2218 1424 καὶ
2266 1373 2610 1441 ἀνύποιστον)
2665 1373 2910 1442 διέφερον
2961 1374 3058 1444 τὴν
3105 1373 3298 1443 ὀδύνην
3332 1382 3425 1443 με-

1860 1464 2043 1528 τρίως,
2076 1463 2167 1514 καὶ
2193 1462 2252 1514 τὸ
2279 1461 2337 1528 ἐξ
2370 1463 2548 1517 αὐτῶν
2577 1464 2946 1533 εἰρηνεύοντες
2974 1480 3033 1516 τε
3061 1464 3154 1517 καὶ
3178 1466 3423 1533 γαληνῶς

1860 1552 2070 1620 ἔχοντες
2096 1552 2214 1620 Θεῴ
2247 1552 2672 1623 προσανετίθουν
2714 1554 2781 1608 τὰ
2815 1550 2936 1609 καθ’
2966 1555 3182 1618 αὐτούς.
3228 1555 3289 1610 Ὀ
3321 1557 3425 1625 γὰρ

1863 1645 2087 1710 Koma;
2134 1639 2286 1708 οὗτος
2320 1647 2411 1698 καὶ
2460 1645 2709 1717 Ἰωάννης
2754 1647 2834 1700 ἔτι
2887 1648 2986 1715 μὲν
3028 1646 3185 1710 ἐκτὸς
3213 1645 3290 1700 ὢν
3317 1648 3425 1699 τῶν

1862 1736 2203 1805 πραγμάτων
2230 1738 2325 1790 καὶ
2362 1737 2650 1791 ἰδιωτεύων
2676 1736 2762 1806 ἐφ’
2790 1738 2961 1793 ἆπασι
2987 1739 3046 1792 τὸ
3072 1740 3163 1792 ἐπὶ
3188 1742 3297 1803 τοῖς
3325 1740 3424 1807 τῆς

1874 1830 2202 1899 Ἑκκλησίας
2240 1830 2562 1899 τελούμενον
2602 1832 2780 1885 ἄδικον
2812 1831 2994 1902 ἔκρινε
3025 1832 3121 1885 καὶ
3145 1832 3429 1885 παντάπα-

1869 1935 1950 1971 σιν
1980 1921 2352 1988 ἀκανόνιστον,
2386 1923 2482 1975 καὶ
2532 1923 2690 1993 δῆλος
2718 1919 2803 1994 ἦν,
2847 1925 2922 1987 ὡς
2950 1923 3131 1994 ἐῴκει,
3177 1927 3225 1978 εἰ
3267 1926 3427 1986 αὐτὸς

1867 2012 2121 2082 ἐπισταίη
2164 2015 2274 2075 τοῖς
2307 2014 2614 2084 πράγμασι,
2671 2015 2847 2069 λύσων
2877 2017 2977 2088 τὴν
3021 2018 3316 2089 καταδίκην
3352 2018 3425 2079 ὠς

1865 2102 2028 2171 ἰεροῖς
2058 2104 2458 2174 ἁνθισταμένην
2504 2108 2691 2159 κανόσι
2721 2109 2812 2160 καὶ
2838 2111 3116 2179 καιρικαῖς
3152 2111 3401 2180 ἀναφνση

1863 2193 2046 2247 θεῖσαν
2072 2195 2431 2266 ἀνωμαλίαις,
2458 2192 2544 2259 αἷς
2572 2198 2633 2267 δὴ
2659 2199 2751 2250 καὶ
2779 2200 2839 2252 τὸ
2869 2201 3202 2273 καθεστηκὸς
3228 2202 3402 2272 “capri:

1867 2285 2048 2337 σεσοαι
2100 2287 2329 2355 πέφύκε,
2377 2289 2538 2354 φύσιν
2568 2290 2783 2359 ἔχοντος
2814 2293 2906 2345 τοῦ
2939 2292 3109 2347 κακοῦ
3159 2295 3234 2364 μὴ
3269 2293 3427 2364 μόνον

1864 2377 2041 2428 ἐκεῖνο
2075 2377 2259 2445 μένειν
2290 2379 2478 2445 κακὸν,
2512 2380 2645 2434 ἀλλὰ
2695 2383 2786 2435 καὶ
2820 2384 3032 2446 πολλοῖς
3076 2385 3424 2453 ὲπφύεσθαι.

1866 2549 2168 2604 terentibus
2209 2554 2526 2623 presbyterii
2575 2554 2841 2611 duntaxat
2875 2569 3030 2612 tenus
3067 2558 3287 2628 provehi
3327 2560 3429 2612 llo-

1868 2644 2313 2717 mines‘ipsorum
2342 2647 2570 2709 ordinis,
2603 2664 2985 2718 summumque
3024 2667 3183 2719 quem
3210 2667 3429 2719 sperate

1870 2737 2127 2789 honorem
2163 2749 2383 2806 possent
2406 2741 2616 2793 deliniri
2648 2756 2908 2796 consessu
2939 2758 3062 2795 cum
3087 2743 3427 2797 antistitibus

1866 2828 2142 2881 Communi
2203 2832 2342 2883 intra
2406 2832 2715 2897 cancellos,
2768 2842 2822 2889 et
2871 2836 3244 2904 participando
3305 2852 3426 2889 cum

1869 2918 2058 2973 iisdem
2112 2935 2271 2975 sacro
2332 2923 2520 2978 altaris
2565 2924 2911 2989 ministerio;
2957 2925 3010 2979 in
3050 2928 3430 2981 occasionibus

1870 3010 2185 3066 ulteriorum
2232 3015 2633 3084 promotionum
2664 3016 2866 3086 despici
2909 3019 3154 3085 clericos,
3193 3035 3428 3073 unorum

1870 3104 2135 3156 rationem
2168 3104 2353 3159 haberi
2413 3109 2829 3173 monachorum,
2866 3109 2952 3164 his
2985 3111 3118 3165 solis
3149 3111 3430 3180 epiSCOpa-

1871 3200 2022 3245 tuum
2052 3192 2308 3263 sum-asia
2342 3210 2585 3252 currere.
2628 3197 2960 3254 Moderatius
3014 3210 3194 3255 tamen
3230 3203 3427 3269 singuli

1868 3298 2211 3339 communem
2242 3286 2511 3343 universis
2537 3289 2838 3361 molestiam
2868 3290 3133 3356 ferebant,
3169 3304 3225 3347 ut
3258 3293 3365 3349 cui"
3385 3297 3431 3348 is

1870 3377 2152 3432 tolerabile
2177 3392 2431 3433 censetur
2456 3381 2735 3452 vulgatum
2769 3382 2822 3437 in
2853 3383 3055 3439 multos
3097 3384 3300 3454 pariter
3326 3403 3432 3440 ma-

1870 3470 2002 3531 lum,
2037 3479 2092 3523 et
2146 3473 2497 3539 quantumvis
2551 3475 2785 3529 acerbus
2832 3491 2927 3545 per
2967 3492 3025 3531 se
3059 3487 3277 3547 putetur
3331 3494 3432 3533 nec

1870 3556 2126 3613 ferendus
2153 3559 2329 3622 dolor,
2361 3561 2641 3616 consortio
2667 3562 2941 3618 sociorum
2971 3564 3282 3645 etlparitate
3304 3582 3433 3621 con-

1867 3649 2093 3704 ditionis
2126 3666 2314 3706 omnes
2363 3668 2518 3722 teque
2580 3656 2877 3723 prementis
2924 3656 3127 3725 aliquid
3185 3656 3435 3713 amittere

1871 3742 2029 3811 \tllgu
2055 3742 2298 3797 creditur
2347 3744 2547 3798 innatae
2595 3748 2904 3814 gravitatis,
2950 3763 3012 3801 ac
3060 3749 3435 3803 consolatione

1871 3836 2128 3889 nonnulla
2172 3834 2350 3889 leniri.
2391 3837 2501 3890 Ilac
2555 3839 2645 3891 isti
2701 3838 2785 3891 usi
2816 3848 2867 3893 et
2896 3852 2954 3895 se
2985 3841 3130 3910 ipsos
3175 3840 3334 3912 187
3377 3843 3432 3896 in

1870 3941 2000 3994 pare
2030 3926 2403 3991 continebant,
2450 3936 2503 3981 et
2570 3929 3014 3996 tranquillitatem
3074 3944 3172 3999 pro
3221 3944 3277 3986 se
3330 3945 3432 4001 pu-

1870 4019 2088 4081 blicam,
2114 4019 2182 4071 ah
2213 4018 2335 4073 aliis
2359 4020 2725 4088 inquietaudis
2778 4020 3119 4086 abstinendo,
3149 4022 3432 4091 juvabant,

1873 4109 1980 4161 Deo
2014 4108 2385 4177 permittentes
2408 4125 2592 4164 curam
2651 4111 2924 4165 rationum
2959 4127 3023 4167 ac
3056 4115 3263 4182 jurinm
3309 4131 3437 4170 suo-

1870 4215 2013 4262 rum,
2035 4200 2265 4268 qnadam
2293 4201 2479 4264 etiam,
2502 4203 2801 4270 praesertim
2836 4203 3012 4268 initio,
3044 4207 3356 4261 mutationis
3381 4210 3432 4263 iu

1869 4294 2061 4349 melius
2091 4293 2398 4347 blandiente
2429 4309 2544 4363 spe,
2575 4294 2700 4349 inde
2731 4299 3029 4366 orta,quod
3061 4297 3289 4355 Cosmas
3323 4302 3431 4366 hic,

1871 4386 2032 4439 nmdo
2067 4384 2330 4450 Joannes,
2389 4387 2705 4458 priusquam
2764 4389 3142 4444 admoveretur
3204 4392 3436 4461 negotiis

1865 4486 1920 4530 et
1944 4479 2207 4546 privatam
2238 4480 2289 4531 in
2318 4478 2533 4533 cunctis
2567 4480 2727 4531 vitam
2760 4486 2964 4548 ageret,
3002 4494 3209 4534 morem
3266 4483 3433 4535 istum

1871 4571 1925 4623 in
1963 4569 2204 4623 Ecclesia
2233 4580 2508 4639 receptum
2540 4570 2871 4639 provehendi
2906 4572 3204 4625 monachos
3234 4572 3287 4625 in
3317 4574 3436 4639 epi-

226 4669 290 4723 ibi
318 4685 347 4725 a
376 4687 433 4726 se
457 4681 689 4741 reperta,
727 4685 918 4739 nempe
952 4680 1029 4723 tot
1062 4669 1214 4722 illum
1240 4683 1415 4722 annos
1438 4668 1491 4721 in
1525 4669 1765 4737 patriar-
1795 4682 1841 4737 υ
1870 4669 2147 4727 Scopatus,
2178 4659 2397 4714 clericis
2452 4661 2709 4723 exclusis,
2741 4659 2991 4729 iniquum
3048 4662 3328 4731 judicabat
3385 4675 3438 4718 cl.

226 4760 368 4814 chatn
400 4762 666 4825 futurum,
695 4775 799 4814 nec
839 4760 1003 4813 vitam
1064 4759 1116 4811 in
1148 4774 1209 4811 ea
1248 4758 1511 4826 dignitate
1545 4758 1766 4809 clausu~

230 4863 353 4903 rum.
379 4852 552 4920 Atque
584 4850 701 4904 haec
723 4848 972 4919 pra‘dixit
1010 4849 1165 4903 senio
1193 4848 1475 4902 conlectus
1503 4859 1557 4900 et
1609 4847 1768 4899 uorti

228 4941 445 4996 vicinus.
495 4942 566 4997 At
595 4941 828 4997 Cosmus
857 4948 1107 5009 accepto,
1148 4948 1206 4993 ut
1243 4947 1363 4993 erat
1397 4937 1645 4997 solitum,
1702 4939 1769 4991 ab

228 5033 533 5101 imperatore
563 5032 819 5102 pastorali
875 5031 1092 5093 baculo,
1148 5030 1445 5083 honoratur
1476 5038 1530 5082 et
1553 5026 1771 5081 Diham-

232 5124 366 5188 bnlo,
414 5124 778 5193 Kalendisque
802 5122 1051 5178 Januarii
1084 5120 1486 5176 ordinationem
1547 5120 1766 5186 accipit.

229 5214 345 5270 inde
374 5217 463 5271 illo
496 5230 754 5287 aggresso
782 5216 1047 5285 regimen,
1081 5222 1136 5267 et
1185 5226 1401 5265 onmem
1435 5212 1490 5264 in
1533 5209 1771 5264 admini-

231 5306 472 5361 stratione
524 5304 870 5374 negotiorum
904 5303 1379 5357 mansuetudinem
1442 5301 1770 5362 exliihente,

230 5405 412 5450 cuncta
436 5396 690 5452 Ecclesiae
716 5396 957 5450 membra
1009 5404 1063 5449 et
1117 5404 1323 5463 partes,
1367 5406 1505 5461 quas
1557 5392 1670 5444 heri
1720 5400 1773 5444 et

234 5487 422 5543 nudius
449 5489 642 5544 tertius
672 5486 812 5541 ﬂans
839 5502 905 5541 ex
937 5486 1168 5541 adverso
1225 5484 1521 5539 vehemens
1556 5484 1771 5553 procel-

233 5577 371 5633 losus
403 5581 553 5635 turbo
607 5579 1001 5635 dissociaverat
1043 5577 1113 5632 ab
1171 5576 1405 5630 invicem
1459 5575 1772 5644 passimque

233 5670 518 5736 disjecerat,
579 5654 983 5742 adaptabant‘ur
1025 5678 1081 5724 et
1118 5668 1612 5738 componebantur,
1664 5683 1771 5719 non

234 5770 403 5816 tamen
423 5764 488 5817 ita
514 5771 573 5818 ut
593 5761 949 5818 ecclesiastici
979 5775 1112 5831 pace
1137 5762 1292 5831 plena
1311 5758 1637 5821 fruerentur,
1658 5762 1778 5827 qni-

238 5851 448 5906 busdam
484 5868 694 5916 eorum,
726 5855 881 5923 quasi
917 5868 984 5906 ex
1013 5867 1285 5907 concussu
1323 5864 1541 5917 nupera:
1605 5850 1777 5916 jacta-

237 5942 410 6007 tionis,
456 5945 631 6001 adhuc
694 5945 1019 6001 instabilitcr
1088 5943 1421 5997 nutamilms.
1474 5941 1595 5994 aliis
1633 5958 1774 6004 u-grc

1872 4752 2028 4819 plane
2056 4750 2389 4804 contrarium
2441 4750 2784 4816 canonibus;
2828 4766 3046 4821 praeque
3091 4767 3150 4808 se
3207 4752 3437 4816 ferebat.

1872 4842 1919 4895 si
1985 4856 2226 4909 unquam
2278 4841 2643 4910 praeﬁceretur
2712 4842 3171 4898 administrationi
3231 4861 3437 4907 rerum,

1875 4932 2001 4986 huic
2065 4932 2381 5001 prtejudicio
2437 4932 2824 5001 derogaturum
2876 4943 2934 4987 ut
2965 4935 3136 4990 sacris
3192 4912 3441 5008 oppositu

1874 5024 2073 5093 regulis
2122 5034 2173 5077 et
2214 5023 2501 5093 iniquitate
2532 5023 2764 5079 conflato
2808 5027 3246 5084 turbulentorum
3303 5040 3442 5085 tem-

1876 5130 2092 5182 porum.
2135 5130 2231 5183 per
2259 5130 2380 5183 qua:
2408 5115 2585 5169 solent
2619 5116 2704 5169 vel
2732 5116 2905 5172 solide
2935 5120 3171 5174 stabilita
3223 5125 3438 5177 concuti

1882 5206 2335 5275 labefactatisque
2364 5205 2622 5275 legitimis
2646 5206 2837 5263 usibus
2866 5209 3072 5265 sensim
3107 5212 3276 5282 ingeri
3309 5214 3444 5267 abu-

1875 5314 1991 5358 sus,
2025 5298 2152 5349 mali
2185 5307 2381 5351 natura
2409 5297 2552 5352 haud
2581 5313 2638 5353 se
2658 5299 2972 5355 continente
2997 5303 3139 5356 intra
3165 5319 3306 5369 sese,
3346 5308 3440 5361 sed

1874 5397 2195 5457 ermnpente
2227 5402 2289 5441 ac
2320 5399 2651 5459 propagante
2700 5390 2877 5445 labem
2933 5393 3207 5461 propriam
3256 5396 3308 5448 in
3349 5398 3444 5448 dea

1877 5483 2249 5551 prarationem
2285 5484 2434 5549 prius
2467 5493 2763 5543 rectorum,
2799 5483 2864 5537 ad
2908 5498 3029 5552 quae
3060 5483 3318 5556 adrepere
3349 5503 3445 5556 po-

1880 5574 2063 5626 tin-rit.
2108 5569 2426 5641 Quanquam
2484 5573 2598 5627 haec
2640 5574 2861 5643 quidem
2924 5575 3057 5644 ipsis
3109 5577 3163 5630 in
3227 5578 3441 5632 irritum

1881 5663 2077 5717 liducia
2115 5663 2322 5717 recidit.
2348 5660 2479 5715 Nam
2508 5662 2735 5718 Cosmas
2760 5665 2847 5717 uhi
2874 5666 3041 5734 coepit
3070 5682 3157 5721 res
3182 5668 3442 5722 ecclesia-

1881 5756 2049 5810 stiras
2083 5755 2485 5816 administrare,
2532 5756 2861 5810 velutastris
2886 5756 3161 5810 inductam
3193 5770 3246 5813 et
3289 5760 3441 5815 fatali

1881 5849 2223 5911 necessitate,
2257 5863 2418 5916 quam
2454 5848 2694 5916 privatus
2740 5848 3160 5917 improhaverat,
3211 5867 3442 5906 οῡηςιιιια

1880 5942 2119 5996 tudinem
2152 5939 2464 6003 re:inuit,ac
2498 5952 2734 5994 torrente
2762 5941 2911 6008 quasi
2938 5951 3141 5999 tractus
3172 5951 3399 6015 exempli
3420 5980 3444 6018 ν
