3922 6564
287 413 399 472 sua

1203 416 1302 475 DE
1345 415 1786 477 ANDRONICU
1824 418 2286 491 PAL/EOLOGO
2320 421 2467 481 LIB.
2500 420 2580 482 If.

3459 418 3567 486 210

289 522 439 599 εἶχον
474 527 568 580 καλ
601 527 877 596 φυλακαῖς
909 529 1138 592 ἐδίδουν.
1184 533 1284 604 τὴν
1319 535 1430 588 τῶν
1461 534 1672 587 πολλῶν
1720 535 1874 587 ὲλπιο
1906 539 1955 598 Α
1981 537 2247 607 γόρευσεν
2273 536 2346 598 ὡς
2377 534 2577 589 αὐτίκα
2612 533 2997 605 τεθνηξομένῳ
3037 533 3085 586 εί
3110 532 3565 602 προσενέγκαιτο.

285 624 602 695 δοτρίὸησιν
631 625 720 677 ἐπ’
751 625 901 693 αὐτῷ
926 625 1180 679 ἐντεῦθεν
1225 628 1659 697 ὑποτεμνόμενοι
1686 644 1698 657 ·
1737 629 1873 697 μηδὲ

288 722 403 788 γάρ
430 718 567 781 ὅλως
606 713 750 771 εἶναι
796 718 1075 790 βάρϐαρόν
1107 738 1164 772 τε
1201 722 1296 774 καὶ
1344 721 1544 774 πλάνον
1579 720 1876 776 κατανοοῦ-

292 827 456 878 μενον
477 809 684 878 ἀγαθόν
731 828 783 863 τι
840 813 1038 867 ποιεῖν.
1093 810 1287 865 Πολλοὶ
1316 812 1361 865 δ’
1391 813 1481 866 ἔπ’
1532 811 1726 884 ἐκεινῳ
1776 813 1875 884 οὐχ

287 904 441 965 ὅπως
498 902 793 967 ἀκούοντες
846 892 1404 975 ὲλπιδοκοπούμενοιξ
1453 905 1590 959 ἀλλὰ
1635 905 1729 958 καὶ
1777 906 1876 969 τάς

288 993 516 1059 ἐλπίδας
541 995 792 1057 ἱστάντες
813 995 829 1066 (
850 998 959 1060 τοῖς
989 995 1099 1066 γὰρ
1131 995 1387 1053 πονοῦσιν
1412 995 1657 1066 ἐσχάτως
1683 997 1747 1049 ὲκ
1770 996 1876 1049 τῶν

291 1087 583 1159 παρόντων
606 1088 688 1151 είς
718 1089 1019 1158 θεραπείαν
1060 1088 1229 1159 μηδὲν
1257 1087 1455 1159 βοηθοῦ
1466 1086 1649 1157 μένοις
1678 1086 1771 1140 καλ⁵
1795 1080 1876 1148 οἷς

290 1181 555 1251 ἧλπισαν,
593 1178 863 1234 ἅπτεσθαι
892 1180 986 1234 καὶ
1012 1179 1121 1233 τῶν
1152 1181 1341 1244 ἁπλῶς
1363 1179 1666 1249 δοκούντων
1687 1177 1881 1249 χρησί-

292 1289 416 1339 μων
450 1271 692 1342 ἀνάγκη,
740 1272 836 1327 καὶ
874 1273 1096 1344 μᾶλλον,
1152 1274 1203 1326 εἰ
1233 1274 1361 1339 ξένα
1392 1272 1517 1326 τινὰ
1551 1270 1638 1341 εἴη
1674 1273 1772 1325 καὶ
1805 1268 1879 1341 μὴ

292 1365 505 1436 συνήθη
537 1367 607 1419 τά
640 1365 1071 1437 προσαγόμενα)
1104 1364 1282 1427 οὕτως
1310 1366 1510 1420 ἐκεῖνοι
1541 1363 1881 1433 κακούμενοι

289 1456 409 1517 τοῖς
464 1455 699 1526 ἐχθροῖς,
759 1456 862 1527 ήδη
915 1457 970 1510 δὲ
1013 1455 1106 1509 καὶ
1140 1455 1337 1517 αὐτοὺς
1388 1455 1633 1517 ἐκείνους
1665 1453 1882 1523 Πέρσας

292 1547 669 1616 μανθάνοντες
699 1548 774 1612 ὡς
805 1542 915 1600 εἶεν
941 1544 1311 1619 ὀρρωδοῦντες
1343 1545 1435 1598 τὸν
1467 1545 1746 1615 βάρὸαρον
1773 1562 1881 1614 φη·

291 1639 561 1707 μισθέντα
586 1640 772 1710 σφίσιν
790 1639 855 1691 ἐκ
882 1657 1045 1693 τινων
1061 1638 1170 1692 τῶν
1195 1637 1328 1709 παρ’
1362 1638 1550 1700 esset;
1584 1637 1876 1699 μαντειῶν.

308 1732 405 1786 καὶ
450 1732 588 1802 πρὸς
619 1731 718 1803 τὴν
751 1733 847 1786 ἀπ’
884 1731 1094 1785 ἐκείνου
1144 1729 1398 1801 βοήθειαν
1438 1728 1727 1800 ἀφεώρων,
1788 1730 1883 1783 καὶ

303 1824 663 1879 καθικέτευον
693 1824 1037 1892 ἀπολυθῆναι
1063 1824 1256 1878 τοῦτον
1283 1823 1377 1876 καί
1404 1822 1458 1891 γ’
1499 1821 1885 1893 έκχωρηθῆναι

1981 628 2142 682 τοῦτο
2174 628 2317 682 κατὰ
2339 628 2400 682 τὸ
2430 627 2657 699 λεληθὸς
2682 629 2709 680 ό
2756 626 2928 680 νοσῶν
2965 626 3474 695 προτενεγκάμενος
3507 623 3569 690 ἐξ

1982 719 2216 790 ὀρέξεως
2244 719 2557 790 παράλογον
2586 712 2714 789 εῦρε
2749 718 2847 788 τὴν
2900 717 3222 788 θεραπείαν,
3259 718 3352 771 καὶ
3401 718 3436 787 ἡ
3468 717 3567 787 μὲν

1981 810 2147 883 τέχνη
2170 809 2325 864 οῦπω
2361 810 2642 881 ἐλέγχεται
2676 809 2857 880 φαύλη
2878 827 2959 873 τις
2989 809 3144 873 οὖσα,
3171 809 3232 864 τὸ
3261 810 3317 862 δὲ
3354 808 3569 879 συμϐὰν

1983 904 2048 959 ἐκ
2078 921 2225 967 τινος
2254 906 2501 974 τυχηρᾶς
2528 903 2906 968 προσπαθείας
2935 902 3211 974 ὠφέλησε,
3239 903 3319 975 τῷ
3349 903 3566 974 σφοδρῷ

1984 997 2085 1066 τῆς
2114 998 2350 1067 ὀρέξεως
2379 996 2833 1069 ἀναῤῥωσθείσης
2857 998 3061 1052 ὡσανεὶ
3100 998 3245 1052 κατὰ
3276 998 3378 1064 τῆς
3407 997 3567 1052 νόσου

1984 1090 2084 1161 τῆς
2119 1089 2355 1160 φύσεως.
2420 1089 2486 1143 Τί
2514 1089 2670 1158 γοῦν,
2709 1092 2897 1161 φησὶν,
2961 1091 3010 1145 εί
3063 1092 3160 1146 καὶ
3202 1092 3459 1161 Λαχανᾶν
3493 1091 3567 1161 μὴ

1985 1182 2114 1235 ὄντα
2145 1182 2282 1254 μηδέ
2311 1200 2437 1237 τινα
2465 1182 2649 1253 ψῆφον
2679 1182 2810 1255 περὶ
2836 1182 3029 1237 ἑαυτοῦ
3060 1184 3272 1238 διδόντα
3301 1184 3393 1237 τὸν
3430 1183 3570 1255 βάρ-

1989 1277 2176 1346 6αρον,
2210 1277 2360 1347 ὅμως
2383 1276 2617 1348 φοὸερδν
2651 1277 2751 1347 μὲν
2776 1280 2887 1342 τοῖς
2922 1278 3015 1348 ξχθ
3027 1281 3137 1347 poi;
3160 1277 3413 1343 δόξαντα,
3436 1279 3572 1350 χρή-

1991 1387 2149 1438 σιμον
2200 1369 2255 1422 δὲ
2288 1369 2383 1423 καὶ
2431 1372 2545 1433 τοῖς
2604 1370 2994 1440 κακουμένοις,
3028 1371 3190 1423 αὑτὸν
3217 1372 3444 1425 ἀπολύοι
3476 1371 3571 1423 καὶ

1990 1461 2279 1530 ὲπιτρέποι
2307 1461 2647 1531 στρατεύειν,
2671 1463 2766 1515 καὶ
2786 1460 2992 1530 μᾶλλον
3020 1460 3081 1526 ἐξ
3111 1463 3355 1530 ἐγγίονος
3378 1463 3571 1532 πείρας

1991 1554 2050 1607 ἐν
2077 1555 2142 1623 τῇ
2168 1554 2274 1607 τῶν
2310 1552 2619 1616 Ἁλιζώνων
2649 1557 2718 1623 γῇ
2748 1553 2888 1607 κατὰ
2915 1555 3215 1625 Σάγγαρινς
3246 1555 3429 1608 Ταῦτα
3454 1555 3571 1609 δια-

1993 1645 2207 1714 νοηθεὶς
2237 1648 2332 1699 καὶ
2366 1644 2504 1714 μετὰ
2528 1646 2638 1698 τῶν
2675 1644 2896 1699 οἰκείων
2943 1647 3292 1716 σκεψάμενος
3320 1647 3572 1710 ἀπολύει,

1996 1738 2437 1808 προσετοιμάσας
2457 1738 2654 1809 ἐκείνῳ
2693 1739 2787 1792 καὶ
2816 1739 2885 1792 τὰ
2914 1739 3246 1809 καθήκοντα.
3288 1734 3361 1794 Οῦ
3390 1740 3454 1810 δὴ
3480 1744 3575 1793 καὶ

1996 1830 2304 1898 ἐξελθόντος
2351 1831 2427 1895 ὼς
2484 1826 2620 1900 εἶχε,
2651 1832 2747 1884 καὶ
2802 1832 2962 1900 μόνον
2991 1832 3092 1900 τῆς
3141 1830 3262 1884 ὀδοῦ
3288 1831 3574 1900 ἁψαμένου

295 1916 443 1969 κατὰ
469 1918 583 1971 τῶν
611 1917 826 1988 ἐχθρῶν
868 1918 1007 1987 μετὰ
1072 1915 1360 1986 Ῥωμαίων
1397 1916 1576 1987 όρμᾷν
1597 1932 1611 1949 ⁸
1649 1914 1747 1987 τὴν
1774 1917 1882 1986 γὰρ
1918 1912 1960 1970 Β
1988 1924 2136 1986 ἄπας
2173 1916 2507 1978 συνεκινεῖτο
2537 1924 2625 1997 [Ρ.
2657 1923 2784 1996 ιεη
2822 1926 2914 1978 καὶ
2936 1926 2963 1978 ό
2987 1922 3178 1997 πόρρω
3209 1926 3301 1978 καὶ
3328 1925 3355 1976 ό
3384 1926 3573 1991 ἐγγὺς,

294 2012 438 2082 πρὸς
496 2011 663 2065 αὑτὸν
710 2011 1003 2084 ὀρρωδίαν,
1058 2011 1125 2081 ἢν
1185 2006 1332 2079 εῖχον
1362 2010 1413 2063 οί
1452 2009 1744 2079 βάρϐαροι,
1801 2011 1884 2073 είς

299 2104 508 2173 οάρῤος
549 2103 609 2155 τὸ
639 2102 776 2172 ὑπὲρ
810 2103 1022 2155 ἑαυτῶν
1044 2102 1266 2171 ἔχοντας
1290 2100 1543 2171 ἑτοίμους
1577 2098 1722 2155 εἶναι
1765 2105 1885 2170 μετ’

296 2194 468 2250 αὑτοῦ
498 2196 593 2247 καὶ
620 2192 1065 2263 προκινδυνεύειν
1100 2193 1196 2246 καὶ
1245 2192 1414 2263 μηδὲν
1457 2192 1729 2245 ἐλλείπειν
1774 2190 1886 2244 τῶν

298 2288 402 2337 ὅσα
438 2284 535 2337 καὶ
565 2284 769 2351 ἀγαθὸς
800 2284 940 2354 ἀνὴρ
984 2282 1214 2354 πράττοι
1240 2282 1382 2353 μετὰ
1426 2282 1528 2352 τῆς
1558 2282 1762 2354 ἀρετῆς
1794 2279 1889 2336 καὶ

296 2380 360 2430 τὸ
384 2377 614 2448 θαρρεῖν
639 2375 802 2446 έχων.
854 2375 1022 2428 Ταῦτ’
1054 2375 1270 2429 ἀκούων
1317 2375 1414 2429 καὶ
1466 2373 1744 2446 βασιλεὺς,
1793 2374 1893 2427 καὶ

297 2469 575 2540 ὁσημέραι
602 2469 733 2539 περὶ
757 2466 866 2521 τῶν
897 2468 1041 2520 ἰδίων
1064 2467 1268 2531 πονῶν,
1300 2468 1396 2520 ἐπὶ
1432 2465 1558 2520 νοῦν
1583 2482 1705 2520 τινα
1730 2464 1889 2537 ἔρχε-

300 2581 390 2620 ται
438 2563 523 2617 ὅτι
554 2561 819 2624 πολλάκις
847 2560 942 2614 καὶ
966 2561 995 2614 ὃ
1023 2560 1088 2633 δὴ
1129 2560 1311 2629 ἰατρὸς
1341 2558 1419 2632 τῷ
1448 2561 1712 2631 κάμνοντι
1738 2560 1887 2633 άπη-

304 2755 547 2800 astutam
578 2743 825 2800 fanatica:
857 2743 1077 2814 pictatis
1097 2783 1111 2807 .
1142 2756 1257 2815 quo
1285 2751 1339 2798 et
1369 2743 1461 2798 ille
1489 2743 1542 2798 in
1574 2743 1772 2813 primis
1801 2757 1888 2798 ara

305 2841 481 2894 tiﬂcio
509 2839 776 2904 valuerat,
802 2848 856 2893 et
883 2837 972 2893 hic
1001 2855 1111 2892 non
1137 2839 1335 2908 impari
1365 2854 1631 2894 successu
1659 2840 1760 2896 ista
1792 2852 1891 2908 p0-

304 2934 584 2987 tissimum
613 2930 864 2985 illecebra
895 2930 1187 2986 multorum
1213 2930 1267 2984 in
1292 2946 1351 2986 se
1375 2931 1579 2986 levium
1604 2931 1886 2986 hominum

306 3025 514 3091 spebus
540 3038 599 3078 se
626 3023 779 3078 vanis
807 3018 987 3077 efferri
1017 3022 1318 3077 sinentium
1348 3023 1812 3092 exspectationem
1838 3034 1894 3078 et

306 3114 491 3168 studia
524 3113 807 3176 vertebat,
842 3128 949 3167 non
980 3112 1048 3166 de
1080 3114 1249 3168 nihilo
1278 3114 1435 3167 veriti
1464 3129 1533 3168 ac
1563 3123 1892 3184 praeverten-

305 3207 443 3260 dum
501 3206 602 3260 rati
660 3214 869 3261 motum
927 3205 1162 3278 aliquem
1221 3207 1591 3262 multitudinis
1644 3207 1888 3272 insanae,

1990 2018 2087 2072 xui
2125 2015 2280 2070 οὐδὲν
2306 2012 2377 2088 ἦν
2432 2017 2676 2081 εἰκάζειν
2706 2019 2755 2071 el
2781 2017 2858 2088 μὴ
2903 2017 3075 2086 αὐτῆς
3107 2017 3437 2086 οἰκουμένης
3484 2016 3577 2068 καὶ

1986 2109 2091 2181 γῆς
2128 2109 2504 2181 μετακίνησιν.
2539 2111 2604 2163 Ol
2632 2111 2739 2182 γάρ
2772 2110 2867 2163 ἐπὶ
2906 2109 3018 2163 τῶν
3047 2109 3373 2180 γεωργικῶν
3396 2108 3575 2178 ἔργων

1986 2203 2083 2255 καὶ
2128 2203 2417 2273 σκαπάνης
2467 2203 2530 2255 οὐ
2597 2201 2761 2256 πλέον
2813 2201 3020 2264 εἰδότες
3048 2203 3144 2255 καὶ
3166 2201 3258 2255 τοῦ
3287 2201 3572 2270 κεντρίσαι

1987 2294 2080 2349 τὸν
2134 2293 2286 2365 βοῦν,
2338 2294 2435 2347 καὶ
2498 2294 2758 2363 ποιμένες
2813 2292 3149 2364 θρεμμάτων
3198 2292 3293 2346 καὶ
3324 2293 3577 2365 ἄγροικοι

1989 2386 2190 2439 ἐκεῖνοι
2237 2383 2336 2448 τὰς
2360 2383 2571 2446 οἰκείας
2605 2382 2794 2454 χώρας
2850 2383 3085 2452 ἀφέντες
3115 2382 3210 2435 καὶ
3241 2382 3414 2444 αὑτάς
3436 2397 3578 2449 γεω-

1992 2476 2203 2542 πονίας,
2235 2479 2293 2530 ὲν
2319 2475 2539 2545 ῥάϐδοις
2567 2477 2761 2545 μόναις
2786 2477 2881 2528 καλ⁵
2904 2478 3021 2539 ταῖς
3044 2473 3218 2529 καλαύ
3230 2473 3385 2544 ροψιν
3409 2473 3575 2527 αὐτό-

1994 2587 2157 2640 ματοι
2183 2569 2579 2641 κατεφαίνοντο
2619 2567 2955 2640 στρατιῶται
3005 2569 3103 2622 καὶ
3135 2567 3354 2621 ὁπλῖται
3380 2566 3575 2621 ἄοπλοι

1993 2748 2285 2805 defensore
2318 2748 2536 2805 calitus
2568 2757 2788 2804 ostenso
2824 2746 3008 2816 inique
3042 2745 3282 2802 arcendo
3317 2760 3347 2800 a
3377 2743 3579 2811 juvan-

1993 2842 2099 2905 dis,
2127 2842 2327 2911 quibus
2355 2839 2501 2896 aliud
2535 2853 2805 2910 nusquam
2835 2849 3118 2907 appareret
3143 2839 3379 2893 cladium
3407 2846 3459 2892 et
3488 2852 3580 2892 ca-

1993 2936 2300 2990 lamitatum
2326 2943 2694 2989 extremarum
2720 2930 3004 3001 eb‘ugium.
3033 2930 3359 2997 llujusmodi
3384 2945 3578 3000 preces

1993 3043 2090 3099 per
2130 3027 2331 3083 multos
2379 3015 2611 3081 subinde
2659 3025 2964 3081 missitatos
3016 3038 3044 3076 a
3097 3022 3310 3093 populis
3356 3022 3576 3077 illorum

1993 3130 2270 3175 tractuum
2301 3120 2525 3188 ingestae
2554 3118 2893 3188 imperatori,
2923 3127 2975 3172 et
3001 3117 3070 3171 ab
3096 3132 3161 3171 eo
3189 3115 3433 3172 consiliis
3460 3131 3580 3186 quae

1996 3214 2109 3267 dixi
2156 3212 2437 3267 mordicus
2485 3213 2724 3266 haerente
2771 3209 2932 3266 toties
2977 3210 3212 3279 rejectae,
3254 3222 3377 3263 cum
3429 3208 3580 3262 nullo

308 3299 469 3369 sequi
528 3299 722 3353 ducem
779 3299 928 3354 hunc
986 3313 1315 3370 quocunque
1368 3299 1596 3355 duceret
1652 3275 1964 3369 parmene
1997 3305 2105 3361 ﬁne
2125 3304 2554 3359 invidiosissime
2577 3303 3065 3371 ingeminarentur,
3091 3300 3578 3371 glisceretquejam

310 3394 616 3447 Barbarum
645 3392 997 3460 impostorem
1026 3393 1484 3462 comprehensum
1511 3393 1774 3450 custodire
1801 3393 1893 3448 de-

309 3486 534 3547 derunt,
563 3484 669 3541 hoc
702 3485 821 3554 ipso
851 3484 989 3541 satis
1015 3500 1171 3540 reum
1201 3494 1255 3541 et
1282 3499 1442 3554 poma
1470 3484 1716 3555 dignum,
1746 3484 1892 3555 quod

308 3588 461 3632 esset
510 3575 802 3631 manifeste
858 3575 1232 3647 deprehensus
1282 3577 1549 3633 simulare
1604 3591 1892 3645 personam

310 3673 578 3731 alienam,
610 3666 969 3737 fraudemque
996 3668 1144 3723 illam
1171 3669 1240 3722 ad
1267 3669 1404 3724 nihil
1432 3669 1538 3724 nisi
1569 3669 1893 3724 damnosum

313 3778 377 3814 ac
412 3762 784 3832 periculosum
815 3762 986 3831 quieti
1022 3762 1252 3830 publica:
1283 3761 1556 3831 pertinuere
1586 3769 1892 3831 appareret.

315 3853 369 3907 ld
418 3864 479 3907 ut
525 3853 700 3924 magis
741 3863 872 3909 tunc
911 3855 1280 3909 necessarium
1321 3853 1612 3909 consilium
1656 3866 1901 3921 praecau-

317 3954 508 4021 tioque
545 3951 844 4013 videretur,
879 3949 1115 4008 faciebat
1152 3951 1395 4007 conditio
1433 3950 1648 4005 illorum
1688 3946 1917 4018 tempo?

319 4062 447 4100 runt
492 4053 548 4121 et
592 4045 760 4119 miser
801 4044 1303 4116 statusregionum
1350 4041 1644 4121 Orientalis
1684 4042 1896 4106 limitis,

319 4118 614 4191 l‘ersarium
649 4117 1055 4190 incursionibus
1087 4136 1172 4207 agi
1207 4134 1443 4206 ferrique
1472 4117 1784 4191 solitarum.
1818 4134 1903 4189 ln-

320 4226 512 4280 felices
554 4225 701 4280 enim
749 4224 827 4278 illi
872 4224 1077 4279 frustra
1116 4225 1419 4295 imploratis
1456 4225 1582 4282 aliis
1622 4224 1903 4280 undecun-

320 4334 433 4388 que
467 4316 775 4384 praesidiis,
812 4316 878 4369 ad
916 4315 1117 4371 famam
1153 4318 1312 4373 istius
1349 4318 1496 4373 velut
1531 4316 1657 4371 novi
1692 4316 1900 4371 ostensi

323 4411 559 4466 vindicis
589 4410 946 4479 cupidissime
975 4410 1189 4467 animos
1218 4419 1566 4474 arrexerant,
1600 4425 1755 4464 more
1784 4412 1899 4464 usi-

323 4515 439 4558 tato
468 4502 858 4558 imbecillitatis
889 4504 1162 4567 humanae,
1191 4501 1281 4559 cui
1313 4500 1650 4558 conflictanti
1684 4502 1900 4572 pericu-

1998 3412 2269 3463 murmur,
2299 3406 2352 3452 et
2377 3395 2533 3467 plebs
2564 3396 2654 3450 illa
2682 3395 2936 3451 fremeret
2962 3409 3069 3450 non
3102 3395 3263 3451 modo
3293 3410 3373 3460 se,
3401 3409 3430 3449 a
3458 3395 3583 3465 qui.

1998 3489 2103 3545 bus
2146 3504 2243 3560 par
2278 3498 2446 3552 esset,
2489 3503 2596 3544 non
2643 3487 2876 3559 protegi,
2917 3487 3009 3544 sed
3055 3487 3324 3569 promptis
3364 3488 3465 3544 sibi
3512 3486 3580 3541 ad

1999 3584 2313 3640 bellandum
2348 3584 2644 3654 hostesque
2680 3581 3026 3651 repellendos
3059 3596 3237 3640 arma.
3270 3581 3489 3644 ducem,
3520 3596 3581 3637 se

2001 3690 2213 3744 suaque
2241 3689 2343 3730 suo
2373 3674 2616 3744 periculo
2640 3673 2936 3741 laboreque
2964 3671 3341 3742 propugnandi
3369 3671 3581 3742 copiam

2000 3784 2064 3824 ac
2096 3766 2314 3822 veniam
2350 3765 2571 3823 facilem
2608 3764 2832 3835 negari,
2869 3765 2956 3819 his
2992 3777 3296 3819 concussus
3333 3771 3585 3832 reputare

2000 3876 2187 3918 secum
2233 3861 2400 3931 cmpit
2442 3861 2738 3928 imperator
2774 3866 2831 3913 et
2858 3855 3188 3912 consiliariis
3233 3869 3581 3926 proponere:

2008 3973 2027 4007 ι
2080 3955 2258 4008 Etiam
2307 3952 2551 4007 medicos
2597 3950 2904 4019 desperatis
2948 3949 3109 4020 aegris
3154 3963 3315 4004 usum
3355 3946 3585 4003 remedii

2004 4044 2337 4115 permittere,
2378 4042 2524 4112 quod
2569 4041 2673 4097 sibi
2719 4040 3068 4111 profuturum
3116 4040 3242 4110 ipsi,
3285 4041 3587 4109 quamlibet

2008 4138 2217 4199 insane,
2249 4146 2488 4206 sperent.
2515 4132 2656 4201 Quid
2685 4148 2817 4205 ergo
2847 4142 3055 4187 tantum
3088 4132 3214 4187 mali
3250 4131 3385 4197 fore,
3413 4132 3458 4186 si
3490 4129 3587 4185 fla-

2004 4230 2304 4299 gitantibus
2349 4226 2495 4281 hisce
2538 4225 2755 4295 populis
2800 4224 3149 4301 in‘dulgeatur
3187 4222 3333 4293 quod
3376 4220 3587 4292 perdite

2005 4321 2276 4391 cupiunt?
2309 4320 2453 4387 Quin
2494 4325 2546 4374 et
2592 4325 2651 4372 ut
2692 4318 2829 4371 mira
2866 4331 3255 4385 nonnunquam
3294 4313 3584 4378 accidunt,

2005 4420 2059 4466 et
2092 4426 2223 4467 casu
2259 4424 2347 4464 res
2382 4409 2653 4465 interdum
2689 4408 2887 4463 melius
2922 4422 3083 4476 quam
3118 4404 3353 4460 consilio
3386 4419 3587 4473 gerun-

2009 4513 2117 4565 tur,
2171 4503 2309 4558 forte
2364 4516 2749 4559 successurum
2805 4514 2910 4554 non
2965 4500 3364 4567 improsperum
3420 4495 3586 4566 quid—

324 4599 390 4652 lis
420 4597 686 4652 extremis
717 4595 762 4652 si
793 4609 979 4649 verum
1010 4595 1278 4649 auxilium
1314 4610 1422 4649 non
1456 4603 1728 4664 suppetat,
1761 4594 1899 4650 falsa
1928 4609 1982 4671 ι)
2009 4600 2178 4668 piam.
2225 4595 2358 4650 Nam
2405 4595 2611 4649 validas
2656 4593 2802 4648 vires
2845 4601 3090 4646 extremo
3134 4588 3349 4643 afflictis
3392 4589 3587 4642 morbo

323 4690 597 4756 noxiaque
627 4688 786 4743 avide
818 4688 1028 4758 arripit,
1054 4695 1109 4742 et
1137 4690 1180 4742 si
1213 4687 1344 4757 quid
1375 4688 1679 4751 orassertim
1710 4703 1904 4758 super-

321 4785 568 4840 stitionis
605 4782 839 4852 quodam
879 4782 1105 4836 obtentu
1148 4780 1395 4837 numinis
1435 4795 1501 4837 ac
1536 4780 1677 4835 caelo
1722 4781 1905 4837 missa:

326 4875 588 4929 novitatis
624 4872 869 4941 speciem
900 4871 1172 4940 praeferat,
1206 4872 1355 4927 velut
1387 4887 1418 4928 e
1452 4872 1704 4928 machina
1739 4873 1901 4927 deum

324 4969 549 5033 excipit.
601 4948 788 5034 linque
840 4966 891 5018 in
948 4965 1039 5018 illo
1087 4965 1289 5033 gemitu
1344 4979 1409 5019 ac
1460 4965 1908 5019 consternatione

331 5057 493 5128 190
519 5056 962 5125 quotidianarum
990 5069 1020 5108 a
1045 5053 1656 5124 Persisgrassationuiii
1684 5054 1909 5108 audien-

334 5161 417 5204 tes
444 5149 708 5203 exsistere
736 5147 973 5215 aliquem
999 5147 1090 5217 qui
1122 5162 1183 5201 se
1205 5147 1475 5203 divinitus
1505 5146 1735 5202 missum
1764 5148 1910 5201 dice-

334 5252 417 5294 ret
444 5240 509 5294 ad
541 5240 728 5294 hostes
758 5240 971 5308 imperii
1001 5240 1282 5300 delendos,
1313 5249 1366 5292 et
1394 5240 1587 5296 eodem
1616 5239 1913 5309 adjungen—

332 5345 416 5388 tes
448 5334 705 5386 vaticinia
735 5333 1004 5402 quaepiam
1043 5333 1186 5387 inter
1218 5332 1368 5399 ipsos
1395 5334 1632 5405 vulgata,
1667 5334 1909 5403 polliceri

334 5425 513 5480 simile
539 5422 747 5493 aliquid
773 5423 906 5486 visa.
934 5438 1257 5494 magnopere
1283 5424 1545 5493 optabant
1571 5425 1687 5478 dari
1718 5426 1909 5479 ducem

335 5517 441 5573 sibi
488 5517 929 5587 qualemcunque
979 5518 1145 5570 istum
1195 5514 1545 5583 Laelianam;
1593 5525 1648 5571 et
1698 5532 1915 5572 carcere

335 5609 566 5663 detineri
595 5623 721 5662 cum
751 5609 1054 5672 audissent,
1086 5609 1272 5664 multis
1298 5620 1351 5664 et
1381 5609 1633 5665 sollicitis
1662 5610 1915 5679 precibus

337 5704 725 5772 imperatorem
752 5699 1050 5770 fatigabant
1073 5718 1140 5757 ne
1163 5701 1428 5759 divinitus
1449 5704 1779 5757 destinatum
1806 5718 1917 5755 ma-

339 5795 517 5847 lorum
550 5802 922 5848 extremorum
959 5795 1092 5862 ipsis
1127 5795 1430 5850 remedium
1463 5794 1749 5859 invideret,
1786 5810 1818 5846 n
1840 5809 1918 5847 -ve

339 5885 502 5956 diripi
550 5903 609 5943 se
655 5888 985 5957 impuneque
1027 5888 1251 5955 spoliari
1298 5887 1636 5945 miserrimos
1678 5888 1914 5948 sineret,

2009 4705 2115 4746 non
2166 4701 2292 4742 raro
2342 4687 2521 4756 ipsam
2571 4683 2810 4754 adjicere
2860 4682 3203 4752 phronesim,
3250 4688 3304 4735 et
3354 4679 3588 4750 probare

2007 4782 2289 4851 iunpinato
2330 4787 2526 4833 eventu
2568 4776 2839 4831 interdum
2880 4774 3123 4828 infirmos
3165 4790 3225 4828 se
3265 4788 3451 4827 revera
3493 4787 3589 4842 po-

2007 4875 2203 4935 tuisse,
2246 4871 2390 4942 quod
2429 4884 2553 4925 cum
2597 4876 2724 4923 ante
2765 4866 2969 4922 factum
3013 4882 3071 4923 se
3116 4880 3278 4937 posse
3316 4866 3585 4931 dicerent,

2010 4966 2228 5022 mentiri
2276 4976 2371 5020 aut
2418 4962 2650 5019 delirare
2696 4962 3053 5031 putabantur,
3101 4974 3315 5014 summa
3365 4965 3590 5013 conten-

2010 5058 2191 5122 tione,
2227 5070 2351 5125 quae
2385 5053 2539 5123 sequi
2575 5053 2715 5110 solet
2750 5032 3022 5122 impotens
3057 5052 3381 5107 desiderium
3419 5051 3589 5105 lieen-

2010 5153 2142 5205 tiam
2188 5149 2285 5204 diu
2338 5156 2585 5218 negatam
2632 5146 2710 5200 rei
2754 5145 3027 5201 tentanda:
3077 5143 3293 5199 tandem
3342 5151 3587 5204 nactum,

2010 5252 2205 5297 cuncta
2233 5241 2507 5296 obstantia
2536 5247 2939 5308 perrumpente.
2970 5236 3188 5293 Scimus
3216 5235 3412 5291 falsum
3438 5237 3590 5290 hunc

2014 5335 2324 5389 Lachannm
2355 5330 2576 5400 planum
2608 5343 2671 5383 ac
2701 5329 3027 5383 nebulonem
3058 5342 3175 5381 esse
3205 5345 3219 5381 :
3251 5326 3379 5396 quid
3412 5335 3591 5378 tamen

2015 5437 2207 5481 noceat
2238 5438 2363 5477 eum
2393 5421 2814 5492 exposcentibus
2846 5418 3178 5474 concedere?
3208 5416 3329 5484 Eat,
3364 5427 3586 5486 pugnet,

2015 5518 2202 5572 volens
2230 5515 2473 5570 volentes
2505 5526 2696 5569 contra
2729 5511 2925 5567 Persas
2958 5512 3060 5565 hoc
3091 5510 3291 5579 ipsum,
3321 5521 3377 5563 ut
3408 5507 3591 5570 audio,

2020 5608 2174 5681 191
2213 5606 2570 5662 formidantes
2596 5607 2782 5661 ducat.
2816 5602 2873 5658 Si
2908 5605 3186 5658 temeritas
3216 5611 3413 5671 praeter
3441 5615 3593 5666 spem

2019 5699 2144 5752 felix
2176 5699 2362 5761 fuerit,
2392 5697 2629 5751 hostium
2660 5696 2868 5751 cladem
2898 5696 3051 5749 lucro
3078 5706 3414 5762 apponemus
3443 5708 3457 5745 :
3487 5693 3595 5755 sin,

2017 5791 2162 5862 quod
2196 5801 2279 5844 rst
2311 5789 2689 5850 verisimilius,
2723 5788 2991 5846 vincetur,
3026 5795 3078 5837 et
3109 5786 3223 5854 ipse
3255 5786 3596 5852 impustmwe,

2021 5896 2071 5940 et
2102 5885 2193 5954 qui
2223 5893 2425 5938 temere
2450 5882 2768 5943 aceersiere,
2800 5880 3120 5933 inconsultae
3146 5878 3457 5941 cupiditatis
3487 5892 3605 5938 noe-
