3922 6552
357 393 464 455 213

1244 398 1340 456 DE
1378 397 1821 458 ANDRONICO
1859 393 2325 459 PALxEOLOGO
2366 401 2512 461 LIB.
2553 401 2632 462 ῐΙ.

3506 393 3616 460 2η

356 508 556 575 νεκρὸν
586 507 853 571 Νικαίαζε
908 506 1259 575 κομισθῆναι,
1316 510 1375 560 ὲν
1405 510 1469 577 τῇ
1521 507 1614 560 τοῦ
1646 506 1931 576 Τορνικίου
1964 510 2007 563 Α
2039 525 2216 577 μαντα
2244 511 2333 561 τὸν
2359 510 2456 579 τῆς
2486 508 2899 578 πέροιμία;,ὡς
2930 508 3177 561 ἀλουτεῖν
3208 507 3301 560 καὶ
3326 507 3612 574 νηστεύειν

363 601 525 666 μονῇ,
551 600 694 651 κατά
728 618 779 652 τι
811 600 1134 669 κτητορικδν
1186 598 1293 652 ἀπὸ
1325 600 1422 669 τῆς
1453 597 1689 666 συζύγου
1720 599 1940 667 ⁸δίκαιον

360 691 947 761 ἑνσοριασθησόμενον.

360 803 465 874 λβῖ
497 808 632 873 Περὶ
666 807 775 872 τῆς
804 808 909 862 τοῦ
946 808 1289 862 κανικλειόυ
1318 807 1415 861 ἐπὶ
1444 808 1549 861 τοῦ
1573 808 1766 877 μέσου
1796 805 1943 877 ἀστο-

440 877 891 943 καταστάσεως,
927 878 1027 932 καὶ
1067 877 1176 945 τῆς
1207 877 1313 932 τοῦ
1334 878 1642 944 βασιλέως
1667 879 1753 943 εις
1779 876 1947 931 ἅπαν

441 951 778 1015 καρτερίας.

455 1060 697 1121 Ἐκεῖνος
731 1058 830 1128 μὲν
856 1057 1026 1121 οὕτως
1073 1059 1305 1123 ἀπεϐίω,
1366 1059 1620 1129 βασιλεὺς
1654 1059 1711 1112 δὲ
1744 1061 1804 1111 τὸ
1833 1059 1943 1112 πᾶν

364 1154 469 1221 τῆς
498 1153 608 1204 τῶν
639 1150 834 1204 κοινῶν
894 1151 1171 1221 μεσιτείας
1223 1151 1317 1204 ἐπὶ
1360 1153 1505 1220 μόνῳ
1534 1152 1697 1204 ὲτίοει
1731 1150 1806 1220 τῷ
1846 1138 1946 1220 μυ-

368 1241 565 1311 στικῷ,
594 1241 655 1293 ὃν
685 1242 778 1293 καὶ
811 1240 871 1292 οὐ
908 1241 1048 1309 μετὰ
1073 1241 1206 1294 πολὺ
1236 1241 1325 1293 ἐπὶ
1357 1240 1449 1294 τοῦ
1479 1239 1786 1293 κανικλείου
1816 1240 1946 1292 καο-

368 1334 385 1385 ί
396 1351 518 1401 στα,
552 1332 701 1403 αὐτῷ
734 1349 797 1400 γε
829 1332 927 1385 σὺν
946 1332 1152 1403 ὀλίγοις
1179 1332 1469 1402 συμϐοὗλῳ
1511 1333 1648 1403 πρὸς
1678 1333 1745 1386 τὰ
1776 1331 1946 1385 πολλὰ

366 1427 467 1478 καὶ
501 1424 749 1494 συνεργῷ
780 1425 1084 1496 χρώμενος.
1120 1424 1278 1477 οὐδὲν
1307 1425 1406 1477 ὅσα
1434 1425 1543 1476 τῶν
1575 1424 1711 1492 πρὸς
1737 1424 1948 1494 τρυφὴν

369 1515 863 1583 προσποιούμενος,
894 1515 1032 1568 ὅπου
1058 1531 1123 1583 γε
1166 1516 1261 1568 καὶ
1292 1515 1463 1583 αὐτὴν
1495 1514 1781 1585 βασιλικὴν
1814 1513 1950 1584 τρά-

376 1608 577 1672 τεζαν,
613 1607 672 1671 ἐξ
723 1602 791 1679 ἧς
840 1602 908 1678 ἦν
947 1607 1230 1677 γεραίρειν
1257 1607 1527 1677 ὁσημέραι
1554 1606 1850 1677 βουλευτάς
1887 1621 1948 1657 τε

368 1702 469 1752 καὶ
516 1701 758 1768 ἀριστεῖς
788 1699 1040 1770 (νώτοισι
1087 1698 1199 1767 γὰρ
1250 1701 1342 1752 καὶ
1411 1700 1778 1770 ’Λγαμέμνων
1831 1698 1951 1767 βοὸς

365 1791 649 1860 διηνεκέσι.
704 1792 797 1845 τὸν
847 1791 1249 1861 ἀριστεύσαντα
1304 1791 1593 1862 γέραιρε).
1647 1792 1742 1844 καὶ
1780 1791 1949 1861 αὐτὴν

370 1883 688 1952 παρόὑίὲν
732 1883 925 1946 ἐτίθει,
978 1883 1284 1952 δημοτκιὴν
1329 1885 1542 1956 τρυφὴν
1581 1884 1949 1954 δυσχεραίνων

368 1978 468 2027 καὶ
491 1975 773 2044 τραπέζης
797 1975 1112 2047 ἑλειθερίαν
1136 1976 1744 2045 ἀποπροσποιούμενος,
1767 1976 1952 2029 στάσει

369 2085 430 2119 τε
468 2072 563 2121 καὶ
593 2069 819 2139 νηστείᾳ
865 2069 1151 2140 ὀλοημέρῳ
1201 2069 1657 2141 προσκαρτερῶν,
1691 2067 1775 2138 [Ρ.
1824 2065 1950 2139 129]

369 2161 518 2215 οὕτω
574 2161 789 2225 δοκοῦν,
849 2162 1048 2233 ἔκφερε
1081 2165 1244 2216 πόνου
1283 2166 1656 2234 φρονήματος.
1711 2155 1820 2215 Ἠν
1846 2162 1954 2229 γὰρ

370 2257 495 2317 ταῖς
533 2255 816 2327 ἀληθείαις
849 2255 941 2311 ἐπὶ
972 2254 1184 2317 τούτοις
1205 2255 1298 2309 καὶ
1325 2255 1489 2309 αὐτὸν
1521 2254 1687 2308 νικῶν
1712 2254 1801 2307 τὸν
1824 2254 1955 2307 ἀδά-

372 2446 548 2493 tatum
585 2435 819 2491 Niemam
851 2444 957 2496 est.
992 2436 1045 2490 in
1068 2436 1400 2491 monasterio
1427 2436 1539 2490 illic
1571 2434 1788 2490 Toruici
1828 2449 1958 2487 con-

374 2528 643 2591 dendam,
681 2526 775 2582 ubi
835 2528 1000 2582 ducto
1064 2543 1093 2580 a
1150 2527 1385 2598 conjuge
1448 2526 1615 2581 dotali
1663 2532 1957 2594 patronatn

375 2622 680 2689 sepultura:
700 2621 794 2691 jus
829 2620 1069 2680 habebat

377 2736 470 2791 '52.
518 2736 596 2790 De
626 2737 958 2806 promatione
1001 2736 1240 2807 πταίει·ιὶ
1278 2736 1527 2791 Canicleo
1565 2738 1620 2789 in
1644 2735 1959 2806 primariam

452 2824 637 2860 curam
697 2809 1076 2876 principalium
1125 2808 1479 2877 negotiorum,
1523 2807 1685 2875 deque
1733 2809 1964 2875 impera-

453 2879 584 2931 toris
618 2877 808 2931 invicta
830 2878 1130 2949 quarumvis
1161 2878 1445 2931 tolerantia
1473 2877 1736 2931 laborum.

462 2989 517 3043 in
563 2990 711 3044 bunc
757 2989 976 3044 modum
1001 2989 1216 3045 sublato
1234 2988 1302 3044 de
1333 2990 1512 3043 medio
1542 2989 1963 3049 prclovestiario

383 3084 754 3139 ministerium
785 3082 932 3151 quod
968 3084 1060 3138 ille
1090 3092 1333 3155 gesserat
1361 3084 1590 3154 publicae
1608 3082 1964 3152 gubernatio-

2043 601 2136 654 καὶ
2171 620 2235 653 κει
2249 606 2479 671 ρτερείν,
2507 602 2708 666 νύκτας
2742 620 2800 655 τε
2829 603 2922 655 καὶ
2951 601 3163 671 ἡμέρας
3187 603 3496 669 ἱστάμενος,
3520 600 3615 653 καί

2043 710 2146 745 που
2183 694 2275 746 καὶ
2306 694 2433 762 ὃλην
2462 694 2672 763 ἡμέραι
2699 692 2975 761 διαγαγὼν
3002 693 3249 763 φροντίσι
3284 695 3490 755 κοιναῖς
3516 692 3613 745 καὶ

2043 784 2322 853 ἀσχολίαις
2353 785 2649 853 φερούσαις
2689 804 2738 838 τι
2762 786 3036 854 χρήσιμον
3067 784 3481 851 καταλαϐούσης
3522 801 3616 837 νυ-

2044 877 2169 937 κτὸς
2203 875 2480 947 προῦργου
2516 876 2614 947 τὴν
2650 876 2785 946 πρὸς
2813 876 2947 929 Θεὸν
3001 877 3277 948 ὑμνῳδίαν
3313 874 3612 938 ποιεῖσθαι,

2042 969 2113 1040 ἢν
2141 967 2384 1034 συνήθως
2438 963 2553 1036 εἶχε
2608 968 2704 1019 σὺν
2760 967 3077 1037 ἱερωμένοις
3115 967 3308 1028 τελεῖν,
3336 966 3616 1033 ἀνωτὲραν

2044 1062 2228 1126 πάσης
2253 1061 2508 1123 ἀνέσεως,
2533 1060 2621 1112 καὶ
2651 1060 2749 1128 ὀψὲ
2775 1060 2883 1111 τῶν
2910 1058 3122 1111 νυκτῶν
3152 1061 3210 1111 ὲν
3241 1060 3339 1127 ἴσῳ
3370 1056 3615 1109 τίθεσθαι

2042 1155 2104 1205 τό
2130 1169 2184 1204 τε
2241 1153 2517 1222 τραφῆναι
2576 1152 2669 1203 καὶ
2706 1152 2800 1221 μὴ,
2836 1151 2950 1203 ἀλλ’
2995 1152 3073 1213 εἰς
3104 1151 3199 1220 τὴν
3227 1149 3491 1205 ἐπιοῦσαν
3517 1149 3618 1203 καὶ

2047 1247 2209 1300 πάλιν
2238 1246 2431 1308 νυκτὸς
2453 1246 2702 1315 ἀριστᾷν,
2731 1246 2758 1297 ὃ
2784 1264 2834 1297 τι
2865 1262 2929 1312 γε
2958 1245 3130 1312 τύχοι.
3162 1243 3223 1296 ἸΙ
3252 1245 3359 1313 γὰρ
3393 1241 3485 1294 τοῦ
3518 1241 3622 1293 σώ-

2050 1353 2216 1405 ματος
2257 1335 2439 1399 εὐεξία
2462 1336 2841 1404 συμπλακεϊσα
2881 1338 2947 1405 τῇ
2981 1334 3174 1405 γνώμῃ
3202 1334 3324 1387 οὔτε
3375 1334 3452 1402 τῷ
3488 1333 3619 1385 εοε-

2046 1428 2243 1499 λουσίῳ
2300 1429 2398 1497 τῆς
2452 1429 2748 1497 καρτερίας
2803 1428 2987 1498 χώραν
3028 1428 3197 1480 ἐδίδου
3249 1427 3503 1495 βλάπτειν
3531 1427 3620 1476 τὸν

2048 1519 2442 1589 καρτεροῦντα,
2477 1519 2601 1572 οὔτε
2625 1518 2700 1588 τῷ
2736 1519 2977 1589 ἀκουσίῳ
3011 1519 3108 1589 τῆς
3152 1517 3397 1587 ἀνάγκης
3427 1518 3619 1569 λυπεῖν

2050 1614 2280 1680 παρεῖχε
2327 1612 2419 1667 τὸν
2469 1613 2758 1681 καρτερεῖν
2809 1611 3159 1680 ὀρεγόμενον,
3191 1611 3455 1679 ἑκατέρας
3492 1626 3623 1676 συγ-

2050 1701 2356 1772 κροτούσης
2398 1704 2634 1772 Θατέραν
2664 1704 2742 1766 εἰς
2780 1705 2910 1772 μιᾶς
2968 1701 3368 1772 συμπλήρωσιν
3400 1701 3620 1770 ἀρετῆς,

2049 1795 2127 1855 ὡς
2159 1796 2296 1863 μήτε
2318 1795 2376 1847 τὸ
2398 1796 2575 1858 ἐνδεὲς
2606 1795 2693 1848 διὰ
2723 1794 2819 1865 τὴν
2844 1794 3060 1859 εὐεξίαν
3084 1796 3279 1847 λυπεῖν
3314 1794 3438 1862 μήτ’
3463 1792 3624 1861 ἀηδὲς

2052 1883 2192 1941 εἶναι
2225 1889 2312 1941 διὰ
2339 1888 2439 1956 τὴν
2472 1888 2696 1958 γνώμην
2720 1888 2781 1941 τὸ
2815 1888 3275 1958 σπουδαζόμενον.
3327 1887 3486 1939 θῦτω
3525 1884 3625 1954 μὲν

2052 1978 2147 2034 οὖν
2183 1983 2211 2033 ὁ
2239 1981 2493 2051 βασιλεὺς
2540 1980 2790 2034 ἐντεῦθεν
2836 1980 3142 2050 ἀρξάμενος
3170 1978 3515 2049 καρτερικῶς
3548 1978 3627 2029 δι-

2055 2078 2216 2145 έφερε
2243 2076 2304 2128 τὸ
2344 2076 2515 2145 βιοῦν,
2574 2076 2804 2144 συνόλην
2831 2075 3043 2147 τρυφὴν
3073 2077 3162 2127 καὶ
3194 2072 3455 2144 βλακείαν
3491 2072 3629 2124 ἀπο-

2056 2168 2547 2239 προσποιούμενος,
2570 2171 2617 2221 εἰ
2640 2168 2732 2222 καὶ
2751 2169 3027 2240 βασιλικὸν
3052 2168 3144 2221 καὶ
3168 2169 3397 2243 ἀρχαῖον
3424 2164 3631 2222 ἀθετεῖ-

2058 2260 2182 2314 σθαι
2209 2258 2488 2313 συνέϐαινε
2510 2259 2762 2332 νόμιμον.

2058 2438 2237 2509 primo
2264 2437 2506 2495 diluculo
2541 2445 2802 2507 satagens
2840 2450 2903 2492 ac
2944 2437 3102 2504 plane
3161 2433 3401 2488 alimenti
3434 2448 3629 2499 expers

2058 2540 2402 2601 pervenerat,
2458 2540 2588 2584 tunc
2637 2544 2808 2584 caena:
2844 2528 3166 2597 pnebabens
3201 2536 3548 2586 nocturnam,
3583 2526 3628 2580 si

2059 2624 2179 2691 ejus
2206 2624 2336 2675 liora
2375 2630 2620 2680 venerat.
2652 2620 3036 2691 bymnodiam.
3073 2617 3206 2672 Nam
3232 2621 3369 2671 lianc
3397 2631 3632 2671 consue-

2062 2723 2216 2768 verat
2248 2727 2354 2765 una
2401 2727 2527 2766 cum
2558 2712 2879 2765 domesticis
2912 2710 3192 2763 celebrare
3226 2707 3628 2765 sacerdotibus.

2061 2821 2122 2859 ea
2156 2804 2463 2860 constantia
2500 2813 2559 2857 ut
2605 2816 2726 2858 eam
2761 2816 2977 2869 semper
3030 2800 3384 2871 quantumvis
3429 2809 3632 2868 parata:

2064 2898 2476 2952 actu-cessarim
2534 2896 2779 2965 corporis
2831 2895 3100 2949 cura'ioni
3142 2892 3458 2947 anteferret.
3518 2890 3629 2943 Nec

2067 3004 2191 3043 raro
2221 2988 2424 3042 accidit
2458 2996 2516 3041 ut
2547 2996 2834 3058 postquam
2886 2988 2966 3041 sic
2998 2987 3085 3040 die
3132 2986 3182 3037 in
3207 2984 3418 3053 jejunio
3454 2999 3517 3037 ac
3553 2983 3634 3035 la-

2069 3082 2199 3135 bore
2229 3084 2494 3139 continuo
2550 3088 2853 3141 transacta,
2905 3078 3200 3148 ltymuodia
3257 3078 3309 3130 in
3346 3075 3632 3145 epularum

384 3178 474 3230 nis
517 3177 818 3245 imperator
871 3176 1182 3235 universum
1238 3177 1293 3231 in
1326 3174 1613 3246 mysticum
1650 3175 2035 3241 transtulit;C
2069 3173 2246 3226 locum
2309 3172 2595 3240 imputata,
2650 3171 2959 3227 iucmnatus
3017 3168 3373 3233 decubuerat,
3445 3183 3639 3222 rursus

381 3286 547 3335 quem
584 3280 638 3323 et
698 3285 803 3322 non
849 3270 1021 3322 multo
1054 3277 1177 3337 post
1219 3267 1474 3323 lianicleo
1505 3268 1819 3338 pra-posuit,
1848 3267 1965 3336 ipso

382 3376 511 3411 eum
541 3360 727 3428 paucis
753 3358 1071 3414 consiliario
1126 3358 1193 3412 ad
1241 3358 1501 3429 pleraque
1531 3369 1585 3413 et
1641 3357 1967 3412 administro

384 3463 589 3516 utens;
646 3450 790 3505 baud
832 3453 979 3505 bnnc
1014 3451 1101 3506 vel
1134 3454 1234 3507 bos
1273 3466 1340 3506 eo
1370 3450 1603 3506 consilio
1637 3451 1741 3506 sibi
1776 3452 1967 3505 admo-

382 3558 545 3600 vens.
584 3552 643 3596 ut
684 3542 908 3594 haberet
934 3557 1167 3611 quorum
1195 3541 1527 3611 principales
1576 3556 1740 3594 curas
1777 3554 1873 3609 pro
1909 3556 1969 3596 se

386 3632 715 3687 abeuntium
754 3632 941 3685 vicarii
978 3633 1172 3687 ﬁducia
1208 3634 1413 3688 laboris
1461 3634 1709 3687 securius
1736 3631 1852 3701 ipse
1879 3645 1970 3685 va-

384 3731 541 3775 rari-1
597 3723 1129 3793 rt‘ruissionibusque
1176 3741 1236 3780 se
1298 3725 1544 3791 dederet,
1596 3724 1692 3779 sed
1752 3724 1817 3777 iis
1853 3724 1970 3793 ipse

385 3818 767 3886 a.ljutamibus
787 3834 885 3889 pro
912 3819 1055 3873 virili
1080 3819 1451 3884 collaborans,
1478 3820 1803 3873 auctoritate
1822 3817 1971 3887 prin-

383 3910 547 3977 cipis,
597 3911 884 3964 tolerantia
937 3920 992 3965 et
1041 3910 1245 3965 duritia
1277 3926 1382 3967 non
1421 3910 1615 3980 privati
1662 3910 1842 3976 modo,
1873 3908 1970 3963 sed

389 4004 558 4069 (ννηθ
582 4001 838 4072 dixerim)
876 4001 1093 4070 plebeii.
1127 4002 1280 4057 Adeo
1318 4002 1600 4055 mollitiem
1668 3999 1970 4054 nobilitatis

387 4107 609 4141 omnem
641 4090 973 4160 deliciasque
1005 4091 1284 4152 rejecerat.
1320 4090 1508 4145 Mensa
1570 4107 1762 4160 nempe
1798 4091 1972 4160 ipsius

389 4182 566 4249 regia,
602 4181 761 4248 cujus
791 4184 1045 4236 accubitu
1076 4183 1320 4251 quotidie
1359 4184 1574 4251 aliquos
1627 4200 1656 4236 e
1691 4184 1968 4253 primariis

388 4282 681 4327 senatores
710 4273 1035 4339 honorabat,
1079 4275 1223 4330 baud
1255 4285 1376 4330 erat
1424 4274 1710 4331 Homerica
1742 4276 1831 4332 illa
1856 4276 1973 4331 lau-

390 4368 518 4431 tior,
552 4382 659 4434 qua
693 4367 905 4436 priscus
934 4370 1305 4437 Agamemnon

590 4457 841 4527 Perpetui
869 4469 1015 4530 tergo
1051 4460 1190 4514 bovis
1220 4461 1515 4530 excipiebat
1559 4462 1780 4527 amicos,

390 4553 642 4622 adeoque
708 4554 915 4623 regium
987 4553 1103 4619 ejus
1160 4555 1375 4624 generis
1434 4555 1619 4610 luxum
1684 4562 1970 4625 contemp-

391 4653 564 4702 serat,
597 4654 652 4697 ut
687 4660 753 4698 ne
806 4644 952 4698 civili
988 4646 1235 4716 quidem,
1290 4655 1343 4701 et
1402 4648 1616 4717 qualem
1647 4663 1756 4703 non
1813 4647 1971 4716 plane

393 4752 665 4810 pauperes
718 4753 748 4790 e
796 4737 949 4805 plebe
998 4737 1167 4793 ferme
1223 4749 1630 4802 t-0n5ectantnr,
1679 4740 1966 4807 epularum

392 4828 629 4897 eleganti
667 4829 948 4907 diligentia
991 4828 1093 4882 sibi
1152 4830 1453 4885 ministrari
1512 4830 1743 4884 libenter
1783 4830 1967 4891 ferret.

393 4922 611 4989 ειιρὶιιιιι
665 4921 718 4973 in
755 4936 820 4972 eo
858 4920 1194 4974 moderatam
1254 4936 1471 4990 quoque
1499 4930 1552 4975 et
1580 4937 1609 4975 a
1647 4921 1970 4990 prolusione

396 5024 660 5066 remotam
700 5012 988 5076 abdicans,
1019 5012 1232 5068 interim
1274 5016 1400 5068 dum
1428 5015 1545 5070 dies
1573 5024 1718 5070 totos
1770 5016 1970 5084 perdu-

396 5106 793 5175 ransjejunns,
848 5108 1074 5174 pedibus
1105 5108 1380 5161 insisteret
1440 5108 1763 5162 incumbens
1797 5108 1972 5176 operi,

399 5208 826 5269 monstransqne
876 5200 1209 5255 indefessum
1281 5199 1436 5255 fortis
1484 5201 1745 5269 propositi
1784 5204 1974 5262 robur,

398 5306 615 5351 revera,
659 5291 779 5358 ipso
807 5290 970 5359 (quod
1006 5292 1181 5361 aiunt)
1213 5293 1501 5346 adamante
1548 5294 1738 5347 durior
1766 5294 1817 5345 in
1847 5292 1976 5359 jun-

400 5380 577 5442 gendo
607 5381 726 5434 dies
780 5381 1055 5444 noctibus,
1094 5385 1352 5436 continua
1384 5383 1638 5447 statione,
1692 5384 1971 5435 il't'entissa

401 5471 771 5533 contentione,
797 5473 932 5527 citra
965 5473 1334 5528 laxamentum
1396 5474 1564 5527 ullum
1603 5475 1822 5528 lotionis
1881 5482 1976 5527 aut

400 5563 550 5630 cibi;
588 5563 720 5634 quin
755 5563 844 5619 ubi
870 5566 948 5621 sic
977 5581 1120 5636 saepe
1143 5567 1209 5621 ad
1242 5567 1470 5623 multam
1503 5577 1716 5630 noctem
1753 5582 1780 5620 a
1815 5566 1975 5650 194

2040 3263 2332 3334 postridie
2368 3275 2557 3319 tenore
2588 3264 2704 3333 pari
2757 3263 2898 3317 diem
2949 3262 3197 3325 duceret,
3231 3271 3471 3315 ventrem
3522 3262 3637 3329 jam

2071 3356 2240 3410 biduo
2291 3370 2521 3424 prorsus
2554 3355 2849 3423 itnpastntn
2886 3355 2952 3408 ad
3010 3352 3334 3422 profundam
3378 3353 3641 3408 differens

2071 3462 2379 3517 vesperam,
2417 3448 2667 3515 nihilque
2719 3447 2801 3501 vel
2840 3456 2968 3501 ttmc
3004 3446 3108 3500 nisi
3151 3447 3377 3511 vulgare
3412 3462 3477 3499 ac
3510 3462 3639 3514 pro-

2072 3542 2259 3597 tritum
2308 3550 2559 3610 gustaris,
2586 3550 2640 3596 et
2667 3541 2718 3593 id
2752 3541 2887 3594 citra
2920 3540 3147 3594 multam
3182 3539 3639 3607 signiﬁcationem

2073 3634 2423 3703 appetentiae,
2484 3640 2545 3686 ut
2591 3632 2734 3686 vesci
2781 3640 2876 3684 ant
2910 3646 3018 3684 non
3077 3630 3221 3684 vesci
3283 3630 3638 3682 arbitrarium

2071 3721 2349 3790 quidpiam
2399 3735 2502 3775 nec
2536 3719 2738 3789 magni,
2806 3731 2986 3774 ulrum
3045 3720 3151 3775 utri
3221 3728 3637 3789 pra-optaretur,

2073 3808 2410 3863 discriminis
2469 3818 2563 3865 aut
2629 3812 2915 3872 momenti,
2968 3813 3112 3879 quod
3192 3810 3370 3880 ipsum
3424 3811 3643 3878 quidem

2073 3910 2363 3970 spectaret,
2411 3916 2440 3951 a
2472 3915 2531 3954 se
2581 3901 2662 3953 vel
2696 3910 2823 3954 tunc
2854 3902 3156 3957 existimari
3207 3917 3317 3969 pra:
3346 3916 3407 3954 se
3458 3901 3644 3955 [ιιι-τιτι.

2075 3994 2345 4047 Nimirum
2403 3992 2758 4061 conspirabat
2797 3990 2864 4045 ad
2911 3992 3014 4046 boc
3088 3991 3136 4044 ei
3195 3991 3643 4049 laborios‘ssimte

2075 4082 2874 4155 frugalitatisdecusexcellens
2896 4081 3276 4146 asserendum,
3314 4097 3436 4135 cum
3474 4080 3646 4135 ferrea

2074 4176 2322 4246 corporis
2379 4175 2731 4240 habitudine,
2791 4176 3144 4229 adamantina
3196 4177 3371 4230 virtus
3438 4175 3647 4239 animi;

2073 4270 2276 4339 quibus
2300 4268 2567 4325 ambabus
2625 4269 2766 4322 inter
2819 4283 2940 4322 sese
2966 4268 3113 4322 velut
3141 4267 3375 4336 quadam
3424 4265 3653 4322 minuta-

2077 4363 2223 4417 tione
2249 4362 2582 4425 CUtltttziSSiS,
2611 4370 2667 4414 et
2707 4369 2829 4415 utra
2868 4368 3047 4414 utram
3109 4359 3312 4415 duritie
3376 4358 3647 4412 indomita

2076 4456 2316 4509 vinceret
2378 4453 2736 4517 certantibus,
2794 4452 2955 4505 fiebat
3010 4451 3084 4505 uti
3148 4465 3246 4504 nec
3322 4449 3429 4504 ulla
3483 4448 3647 4503 fatuis

2076 4557 2169 4602 aut
2227 4548 2423 4615 vigilia:
2481 4545 2679 4612 injuria
2728 4543 2847 4612 ejus
2895 4541 3148 4595 valetudo
3199 4541 3504 4602 laederetur,
3556 4555 3654 4594 nec

2079 4640 2192 4694 ullo
2244 4638 2402 4697 tasdio
2432 4638 2768 4707 iugratarum
2801 4650 3037 4689 occursu
3070 4633 3510 4691 vicissitudinum
3558 4642 3653 4687 aut

2077 4732 2547 4799 importunitatum
2599 4729 2677 4782 vel
2708 4728 2995 4781 minimum
3028 4735 3432 4785 .concnteretnr
3485 4727 3652 4780 robu-

2074 4823 2318 4879 stissima
2353 4832 2405 4875 et
2458 4822 2701 4891 apprime
2743 4821 2795 4876 in
2844 4819 3019 4874 solido
3048 4818 3271 4874 fundata
3320 4819 3515 4889 mentis
3556 4819 3656 4872 im-

2080 4912 2468 4983 pertiri-habilis
2519 4910 2848 4966 constantia.
2909 4907 2992 4962 Ab
3031 4909 3133 4962 boc
3164 4906 3464 4976 praesertim
3521 4915 3654 4959 tem—

2082 5023 2212 5077 pore
2240 5007 2550 5063 inchoatam
2580 5013 2678 5055 aut
2713 5000 3067 5070 frequentiori
3128 5000 3485 5067 usurpatione
3542 5007 3654 5052 sta—

2082 5098 2290 5155 bilitam
2325 5096 2519 5150 tniram
2552 5094 2855 5149 istamvita:
2879 5092 3139 5146 duritiem
3166 5092 3222 5146 in
3258 5092 3471 5161 longam
3525 5090 3653 5142 inde

2082 5190 2622 5261 perseverantissime
2659 5187 2880 5256 pertulit
2932 5193 3170 5247 tetatent,
3210 5198 3436 5252 prorsus
3499 5183 3656 5237 abdi.

2083 5285 2257 5339 cauda
2294 5283 2568 5349 voluptate
2617 5280 2766 5334 omni
2796 5288 2960 5348 atque
3017 5277 3267 5339 mollitie,
3302 5274 3655 5345 quantumvis

2078 5385 2362 5444 receptum
2399 5376 2526 5429 olitn
2578 5373 2660 5427 l‘as
2705 5388 2769 5426 ac
2829 5387 3034 5435 rnorem
3094 5369 3317 5440 palatini
3377 5370 3428 5421 in
3464 5383 3650 5425 cor-an

2083 5471 2452 5538 Augustorum
2502 5465 2790 5531 ministerii
2836 5480 2933 5534 per
2980 5463 3030 5517 id
3073 5461 3336 5531 abrogari,
3375 5461 3661 5527 Continge-

2083 5570 2185 5617 ret.
