3922 6554
213 381 303 445 225

1068 381 1167 443 DE
1196 381 1646 444 ANDROXICO
1691 381 2161 445 PALREOIDGO
2207 382 2351 445 LIB.
2388 385 2499 446 111.

3336 390 3443 454 εειδ

213 494 618 566 συνεπαγόμενος
646 497 743 550 καὶ
763 498 853 551 τον
892 498 1127 568 μοναχδν
1154 500 1419 569 ἑκτομίαν
1450 501 1750 570 Νεὸφυτοψ
1787 510 1826 563 Α
1860 500 2051 569 φορτία
2102 501 2367 572 ἐχώρουν.
2428 503 2489 555 ὐ
2533 503 2591 556 δὲ
2646 502 2905 574 βασιλεὺς
2954 505 3024 559 τὰ
3069 507 3197 577 περὶ
3236 509 3442 565 τούτων

211 590 275 652 ὼς
296 589 348 643 δὶ
383 589 506 659 περί
540 606 642 643 που
666 592 767 665 τὴν
804 589 1055 643 Φώκαιαν
1089 586 1252 662 ἦσαν,
1286 595 1575 663 πειραταῖς
1603 598 1758 665 περι-

211 682 493 743 πίπτουσιν,
513 680 560 734 οἶ
590 682 683 734 καὶ
713 662 1069 755 πῖρισχόντες
1099 684 1298 747 αὐτοὺς
1323 685 1521 755 φόρτον
1548 688 1758 740 ἐκεῖνον

210 773 468 844 διεφόρουν
492 773 585 826 καὶ
615 771 846 837 τούτους
876 776 1303 846 παρακατέχειν,
1342 776 1419 840 ὡς
1449 778 1755 841 ἀποδοτντο,

212 866 491 935 ἠϐούλοντο.
542 865 685 920 Ἀλλ’
718 867 984 937 ἐξαίφνης
1016 870 1268 939 φαίνεταί
1288 888 1371 932 τις
1409 872 1599 943 φορτ“ις
1626 872 1761 942 πλή-

214 978 298 1033 ρης
327 962 619 1029 ἀγωγίμων
649 965 794 1015 κατὰ
823 962 884 1016 τὸ
905 962 1165 1031 πέλαγος,
1188 958 1255 1037 ἦς
1286 966 1350 1035 δὴ
1382 966 1475 1020 καὶ
1498 967 1761 1037 φανείσης

216 1053 464 1123 μακρόθεν
487 1054 618 1123 περὶ
647 1055 709 1107 τὸ
733 1056 946 1109 ἐκεῖθεν
968 1056 1157 1127 κέρδος
1180 1058 1229 1110 οἱ
1262 1062 1521 1129 πειραταὶ
1549 1060 1761 1129 λιχνευ-

216 1147 412 1214 σᾶμενοι
442 1148 640 1214 ἀφιᾶσι
671 1148 771 1219 μὲν
791 1149 929 1219 πρὸς
945 1150 1024 1220 τῷ
1046 1149 1225 1220 λιμένι
1244 1148 1361 1221 ἅμα
1385 1152 1522 1223 αὐτῇ
1546 1156 1761 1224 τριήρει

214 1239 317 1302 τοὺς
351 1241 472 1309 περὶ
500 1239 592 1292 τὸν
632 1241 1004 1313 πατριάρχην,
1042 1244 1234 1312 ἀφιᾶσι
1258 1244 1314 1297 δὲ
1342 1245 1434 1298 καὶ
1457 1247 1547 1298 τὸν
1574 1264 1761 1316 περιτο

214 1331 288 1385 τὸν
311 1332 498 1400 φόρτον
526 1334 754 1396 ἐκεῖνον,
792 1336 883 1388 καὶ
912 1336 987 1398 ὡς
1016 1336 1473 1406 προσμενούντων
1497 1337 1760 1392 ἐλπίσαν-

214 1442 288 1489 τες
312 1428 385 1495 (τὸ
416 1429 525 1498 γὰρ
555 1427 651 1481 τοῦ
679 1431 1023 1501 πατριάρχου
1058 1432 1247 1501 σχῆμα
1281 1432 1422 1499 σφᾶς
1462 1431 1647 1485 ἔπειθε
1688 1438 1763 1504 μὴ

215 1520 288 1571 τὸν
311 1520 505 1591 ἀγεννῆ
538 1521 786 1593 δρασμὸν
811 1525 1036 1594 ἐννοεῖν)
1064 1524 1288 1596 ἁπτέρῳ
1316 1528 1471 1596 τάχει
1504 1528 1597 1579 καὶ
1627 1545 1764 1594 προ·

216 1611 359 1684 θυμία
387 1614 480 1668 ἐπὶ
503 1613 605 1684 τὴν
638 1618 906 1685 φανεῖσαν
936 1617 1162 1690 ὥρμων.
1214 1615 1335 1671 Τῶν
1365 1618 1411 1671 δ’
1434 1619 1529 1672 ἀπ’
1565 1620 1766 1688 οφθαλ-

217 1706 314 1774 μῶν
334 1706 657 1774 γεγονότων,
693 1708 859 1773 εὐθὺς
894 1710 1065 1763 κακὸν
1089 1711 1358 1780 ὲλπισμον
1399 1713 1526 1783 περὶ
1556 1713 1767 1768 ἑαυτῶν

213 1798 251 1848 oi
289 1800 405 1866 rupi.
430 1798 523 1851 τὸν
558 1800 909 1870 πατριάρχην
946 1801 1181 1872 ἔχοντες.
1240 1804 1287 1855 εί
1339 1806 1622 1856 ὲπισταῖεν
1674 1807 1766 1858 καὶ

214 1882 624 1960 αὖθις,δρασμὸν
647 1892 911 1966 ἐννοοῦσι.
941 1894 1048 1947 Καὶ
1078 1895 1141 1965 δὴ
1174 1894 1271 1964 τῆς
1300 1896 1427 1966 νηὸς
1456 1897 1766 1960 ἀποϐάντες

216 1983 276 2043 ὡς
326 1978 464 2054 εἶχον
516 1961 738 2053 μόναιςκ
764 1986 979 2047 στολαῖς
1035 1989 1127 2039 καὶ
1185 1983 1538 2063 βλαύταις,ᾗ
1594 1991 1768 2043 ποδῶν

215 2069 356 2143 εἶχον,
386 2074 685 2144 φεύγουσιν
713 2076 816 2130 ἀνὰ
859 2079 1082 2147 κρίτος,
1116 2079 1284 2131 πάτον
1319 2080 1419 2148 μὲν
1456 2081 1767 2151 ἀνθρώπων

215 2167 549 2233 ἀλεείνοντες,
579 2170 872 2240 ἀτρίπτοις
905 2171 961 2225 δὲ
1013 2172 1370 2242 δυσχωρίαις,
1420 2174 1482 2228 τὸ
1534 2176 1633 2245 μὲν
1673 2178 1769 2230 καὶ

214 2258 425 2329 θελήσει,
460 2262 524 2314 τὸ
551 2261 608 2314 δὲ
644 2264 738 2316 καὶ
769 2263 846 2331 τῷ
890 2266 962 2333 μὴ
1013 2266 1213 2318 ειδέναι
1245 2266 1382 2330 ὅλως
1425 2268 1536 2321 τῶν
1564 2269 1764 2333 τόπων,

215 2355 343 2425 μόλις
376 2357 513 2427 μετὰ
543 2357 642 2429 τὴν
671 2359 873 2430 πολλὴν
908 2361 1016 2412 τῶν
1056 2361 1233 2413 ποδῶν
1267 2364 1363 2415 ἐπὶ
1394 2340 1622 2430 θάμνοις
1671 2364 1766 2418 καὶ

214 2447 412 2517 πέτραις
440 2450 817 2520 πρόσκρουσιν
870 2452 962 2505 ἐπί
992 2471 1042 2505 τι
1076 2453 1340 2522 φρούριον
1385 2455 1765 2517 διασώζονται.

214 2540 449 2609 Ὕστερον
469 2542 532 2594 δὲ
565 2542 974 2608 καταλαϐόντες
1003 2547 1050 2600 οἱ
1074 2548 1335 2616 πειραταὶ
1356 2547 1604 2612 ἔγνωσαν
1629 2550 1765 2613 ὅλως

215 2636 571 2703 σεσοφισμένοι
613 2639 742 2709 παρ’
772 2639 1003 2702 ἑαυτῶν,
1036 2639 1068 2709 ἢ
1105 2640 1305 2709 μᾶλλον
1336 2641 1433 2705 τῆς
1470 2642 1764 2711 προνοίας.

212 2723 274 2786 ὡς
299 2728 358 2780 ἂν
377 2742 457 2791 τις
491 2729 757 2781 είκάσειε·
793 2730 929 2791 τέως
979 2730 1033 2782 δὲ
1084 2729 1344 2795 λαϐόντες
1378 2733 1473 2785 καὶ
1508 2732 1641 2785 ναῦν
1670 2734 1763 2787 καὶ

213 2917 328 2956 nave
356 2900 699 2965 ferebantur,
730 2917 864 2972 opes
898 2901 1263 2973 diripiebant,
1291 2904 1761 2979 decreverantqtte

211 2992 430 3050 detinere
461 2996 642 3063 ipsos.
677 3004 735 3048 ut
764 2995 998 3065 prodere
1050 3010 1112 3050 ac
1149 2997 1377 3051 reddere
1411 3013 1675 3069 cogerent
1715 3003 1761 3056 si

213 3101 316 3146 qua
346 3088 674 3157 pretiosiora
708 3082 1153 3141 recondiderant.
1204 3088 1342 3143 Ecce
1382 3101 1562 3143 autem
1598 3092 1765 3145 latro-

1863 591 2075 662 μαθὼν,
2108 595 2203 647 καὶ
2231 594 2308 658 ὡς
2350 595 2497 657 εἰκὸς
2550 599 2963 670 προσαλγήσας,
3000 598 3193 662 ἄλλους
3243 604 3442 672 εὑτρε-

1860 682 2031 749 πίσας
2076 685 2354 753 δκπέμπει
2377 701 2389 712 ·
2420 689 2467 739 οἱ
2513 687 2558 740 δ’
2604 685 2745 758 ἦσαν
2776 690 2803 744 ὃ
2832 707 2890 742 τε
2926 691 3022 743 ἐπὶ
3051 692 3160 744 τῶν
3187 693 3430 761 δεήσεων

1862 775 2072 839 Γλυκὺς
2128 776 2388 843 Ἰωάννης
2427 781 2522 834 καὶ
2578 782 2605 834 ὀ
2658 781 2764 833 τῶν
2824 780 3035 848 ἁγελῶν
3081 783 3373 852 λογοθὲτης
3414 788 3443 838 ὁ

1862 870 2169 940 Μετοχίτης
2208 871 2505 942 Θεόδωρος.
2538 874 2601 925 Οἳ
2621 873 2689 944 δὴ
2716 880 3083 945 προσσχόντες
3117 876 3336 947 πρῶτον
3373 880 3441 948 τῇ

1864 963 2098 1033 Κύπρῳ,
2126 963 2224 1016 καὶ
2248 963 2325 1032 τῷ
2364 965 2495 1034 ρηγὶ
2525 966 2956 1035 προσμίξαντες,
2991 963 3137 1037 εἶχον
3170 968 3271 1038 μὲν
3295 971 3441 1023 ἐκεῖ·

1863 1072 1952 1107 νον
1975 1055 2177 1108 αὐτίκα
2210 1055 2296 1124 ἐφ’
2316 1050 2396 1118 οἷς
2422 1054 2650 1126 ἐζήτουν
2674 1058 2974 1129 πειθήνιον,
3002 1061 3062 1113 ἒν
3084 1060 3142 1113 δὲ
3166 1061 3260 1116 καὶ
3283 1065 3446 1132 μόνον

1864 1146 2072 1207 ἐκεῖνος
2119 1146 2561 1215 προσιστάμενον
2616 1146 2871 1214 ἐγνωκὼς
2922 1152 2989 1221 τῇ
3052 1152 3244 1219 πράξει
3292 1152 3444 1205 ἔθελε

1866 1241 2120 1299 κακεῖνος
2180 1240 2527 1308 ἐξημεροῦν·
2574 1241 2635 1292 τὸ
2693 1241 2735 1293 δ’
2770 1236 2838 1312 ἦν
2882 1243 2942 1295 τὸ
2977 1244 3083 1297 ὑπὸ
3131 1244 3296 1316 βουλῇ
3351 1247 3446 1298 καὶ

1868 1328 2085 1397 θελήσει
2108 1331 2204 1394 τῆς
2228 1333 2369 1383 κατὰ
2402 1330 2624 1399 Ῥώμην
2642 1332 2977 1402 Ἐκκλησίας
3003 1336 3063 1388 τὸ
3089 1338 3445 1406 συνάλλαγμα

1866 1414 2319 1485 διαπράττεσθαι.
2367 1419 2554 1472 Ταῦτα
2577 1421 2623 1474 δ’
2657 1416 2795 1491 ἦσαν
2835 1425 3028 1493 χρόνου
3068 1427 3156 1496 [Ρ.
3195 1426 3445 1498 140]καὶ

1866 1507 2064 1577 τριϐῆς
2110 1508 2360 1578 δεόμενα.
2396 1510 2563 1565 Ἀλλὰ
2602 1516 3088 1584 προστεταγμένον
3131 1520 3316 1582 αὐτοῖς
3351 1525 3442 1573 καὶ

1869 1603 2165 1673 παρὲτοὺς
2188 1606 2286 1673 τῆς
2310 1606 2602 1676 Ἀρμενίας
2626 1608 2898 1679 ἄρχοντας
2918 1610 3189 1683 ἀπαντᾷν,
3220 1615 3448 1667 ἐκείνων

1870 1694 2089 1763 πρῶτον
2121 1696 2645 1767 προσλιπαρούντων
2691 1701 2824 1770 περὶ
2851 1702 3001 1757 δυοῖν
3027 1702 3308 1771 ἀδελφαῖν,
3360 1706 3444 1772 ἐφ’

1870 1778 2025 1857 ᾧπερ
2045 1789 2118 1849 ὡς
2145 1788 2430 1855 βούλονται
2457 1790 2755 1860 χρήσαιντο
2776 1792 2939 1863 (μηδὲ
2961 1794 3069 1861 γὰρ
3099 1794 3246 1864 ἔχειν
3276 1798 3408 1847 ποτέ
3426 1826 3441 1837 ο

1874 1896 1974 1949 ραν
2006 1882 2280 1952 προτιμᾷν
2311 1883 2391 1944 είς
2438 1884 2538 1952 τὴν
2568 1883 2642 1952 τῷ
2666 1882 2881 1952 βασιλεῖ
2907 1888 3225 1957 πρέπουσαν
3253 1890 3448 1957 κήδει).

1873 1984 1978 2036 σιν,
2014 1972 2089 2034 ὡς
2131 1974 2562 2045 προτιμωμένης
2596 1976 2725 2044 μιᾶς
2759 1978 2855 2030 καὶ
2898 1977 3133 2048 θατέραν
3167 1980 3446 2048 ἔπεσθαι),

1870 2067 2051 2117 ἐκεῖσε
2081 2066 2211 2131 γοῦν
2240 2066 2524 2134 γεγονότες
2550 2070 2598 2120 οἱ
2629 2069 2978 2137 πεμφθέντες
3006 2072 3097 2124 καὶ
3130 2073 3448 2143 ἀμφοτέρας

1870 2154 2085 2222 ἄγουσι,
2124 2155 2220 2228 τὴν
2256 2159 2354 2226 μὲν
2386 2157 2463 2227 τῷ
2493 2159 2706 2227 βασιλεί
2752 2162 2802 2212 οἱ
2856 2164 3314 2233 συνοικήσουσαν,
3350 2168 3457 2236 τὴν»

1868 2246 1914 2304 δ’
1945 2250 2095 2310 ἄξιον
2126 2252 2472 2321 εὖρήσουσαν
2503 2251 2594 2303 τὸν
2627 2254 2885 2322 νυμφίον.
2928 2253 3016 2317 Ὠς
3061 2254 3117 2306 δὲ
3153 2256 3271 2325 πλῷ
3300 2275 3450 2326 χρω-

1872 2344 2050 2409 μένων
2105 2344 2353 2405 κίνόυνος
2415 2346 2701 2411 ἐφίσταται
2768 2348 2834 2417 τῇ
2894 2348 3143 2418 προτέρῃ
3207 2350 3453 2421 χαλεπῆς
3530 2414 3531 2417 η

1868 2436 2220 2505 ὲνσκτψάσης
2263 2438 2423 2490 νόσου
2450 2477 2465 2499 ,
2502 2438 2860 2506 προσίσχουσι
2909 2456 2968 2491 τε
3020 2444 3086 2510 τῇ
3129 2441 3321 2510 Ῥόδῳ,
3355 2446 3449 2496 καὶ

1867 2533 1966 2583 ὅσα
1999 2527 2065 2600 ἧν
2101 2533 2263 2600 νόμος
2307 2533 2629 2595 τελέσαντες
2670 2532 2758 2586 ἐπ’
2810 2533 2951 2602 αὐτῇ
2986 2534 3128 2587 κατὰ
3155 2535 3449 2604 συνήθειαν

1866 2623 2151 2691 ὀρθοδὸξσυ
2200 2626 2455 2687 πίστεως,
2514 2625 2669 2686 τέλος
2719 2626 3131 2696 ἑξομοσαμὲνην
3180 2628 3449 2680 τάκείνων

1868 2717 2081 2787 χρίουσι
2118 2717 2277 2787 μύρῳ
2321 2719 2412 2771 καὶ
2457 2717 2765 2784 ἁγιάζουσι.
2802 2718 3116 2771 Κάντεῦθεν
3156 2721 3256 2788 τῆς
3288 2721 3448 2773 νόσου

1868 2898 2030 2952 struit
2093 2910 2147 2951 et
2190 2898 2379 2964 mittit,
2429 2898 2752 2969 magistrum
2809 2898 3064 2954 videlicet
3130 2900 3446 2955 libellorum

1866 2989 2130 3044 Joannem
2168 2990 2397 3060 Glycytt.
2431 3004 2483 3043 et
2533 2990 2811 3058 ngelaruut
2870 2991 3209 3060 logolltecaut
3265 2992 3446 3046 Theo-

1867 3084 2060 3136 dorum
2109 3082 2464 3135 Metocbiten.
2498 3079 2560 3133 Ili
2590 3083 2823 3150 primum
2860 3082 2914 3134 itt
2954 3080 3192 3151 Cyprum
3227 3073 3446 3151 appulsi

214 3178 359 3233 nibus
404 3180 453 3233 ei
507 3179 876 3235 curzedeﬁxis
926 3181 1181 3249 apparuit
1227 3182 1280 3234 in
1331 3184 1466 3237 mari
1516 3188 1769 3242 oneraria

1880 3190 2116 3245 regeque
2162 3175 2314 3227 adito
2362 3174 2573 3227 facilem
2621 3188 2748 3225 eum
2798 3172 2866 3226 ad
2917 3174 3191 3242 postulata
3226 3189 3449 3245 repere-

214 3271 398 3339 multis,
439 3282 709 3343 quantum
768 3274 1034 3329 mstitttari
1098 3290 1125 3327 a
1180 3276 1371 3343 procul
1430 3277 1775 3335 intuentibus

218 3370 428 3431 poterat,
478 3364 735 3419 conferta
773 3365 1071 3421 mercibus.
1124 3366 1304 3421 Tracti
1348 3383 1479 3439 ergo
1516 3372 1778 3428 aviditate

217 3466 358 3509 certae
392 3470 455 3511 ac
484 3456 759 3513 uberioris
787 3458 980 3527 prazdaa
1007 3460 1195 3527 pirata:
1229 3461 1506 3515 triremem
1535 3462 1585 3514 in
1616 3474 1774 3532 portu

219 3547 473 3619 linquunt,
513 3558 569 3605 et
610 3550 664 3604 in
712 3566 776 3604 ea
829 3552 1201 3621 patriarcbam
1241 3568 1364 3606 cum
1421 3554 1513 3607 illa
1551 3556 1775 3625 copiosa

218 3641 543 3709 supellectili,
598 3644 852 3696 arbitrati
904 3659 935 3696 e
983 3645 1253 3713 gravitate
1294 3644 1394 3697 viri
1446 3661 1777 3715 permansu-

220 3746 322 3786 rum
372 3734 444 3787 ibi
487 3749 614 3789 eum
672 3734 801 3789 dttttt
856 3735 1126 3800 redirent,
1180 3750 1279 3789 nec
1330 3736 1687 3791 inducturum
1723 3738 1775 3790 in

220 3829 463 3891 animum,
500 3828 596 3898 qui
633 3842 807 3897 equos
839 3843 945 3882 non
994 3828 1243 3893 haberet,
1289 3829 1525 3898 pedibus
1564 3838 1623 3885 ut
1653 3830 1778 3885 vilis

218 3927 263 3971 et
299 3918 551 3989 ignobilis
598 3920 896 3990 quispiam,
947 3936 1217 3976 exscensu
1270 3921 1324 3975 in
1377 3931 1579 3976 terram
1632 3921 1778 3979 facto

218 4012 481 4083 dillttgere.
523 4011 643 4067 Tali
692 4012 915 4079 ﬁducia,
957 4022 1166 4084 quanta
1223 4014 1458 4068 maxima
1493 4016 1778 4072 velocitate

217 4107 416 4161 valuere
448 4107 714 4178 impetum
759 4108 812 4160 ιιι
863 4107 1034 4160 visam
1063 4111 1370 4161 onerariam
1401 4106 1637 4163 faciunt.
1679 4108 1776 4164 llis

219 4196 287 4250 sic
314 4212 340 4250 τι
368 4207 667 4267 conspectu
697 4196 919 4263 amotis,
954 4196 1267 4267 patriarcha
1290 4213 1415 4253 cum
1448 4198 1564 4253 suis
1590 4198 1778 4269 pejora

220 4296 521 4355 metuentes,
567 4290 614 4346 si
675 4306 870 4345 rursus
906 4291 1009 4345 sub
1056 4292 1540 4362 rapacissim'orum
1599 4292 1779 4347 homi-

222 4398 335 4438 num
366 4383 653 4439 arbitrium
689 4386 965 4446 venirent,
1009 4382 1265 4451 cxpedire
1292 4370 1474 4452 fugam
1505 4389 1775 4443 statuunt,

220 4475 526 4545 triremique
575 4476 775 4546 raptim
818 4474 1137 4529 desilientes
1194 4474 1245 4526 in
1283 4474 1462 4536 littus,
1516 4475 1569 4527 in
1620 4473 1778 4529 stolis

1882 3276 2031 3321 runt.
2070 3266 2128 3320 In
2185 3282 2294 3319 uno
2335 3266 2536 3325 solum,
2572 3264 2715 3332 quod
2771 3264 2952 3319 tnintts
2991 3265 3189 3332 legatis
3238 3269 3449 3319 arride-

1883 3368 1984 3423 ret,
2012 3358 2360 3413 obliru'tatum
2397 3374 2457 3412 se
2493 3374 2584 3410 rex
2631 3357 2869 3426 Cyprius
2902 3358 3163 3419 ostendit.
3197 3374 3307 3427 quo
3334 3358 3452 3428 ipso

1879 3451 2319 3505 administrando
2360 3465 2418 3503 sc
2452 3449 2755 3515 recipiebat
2790 3446 3112 3505 eli‘ecturum
3155 3458 3209 3502 ut
3240 3449 3290 3500 id
3323 3463 3449 3503 cum

1880 3558 2043 3612 quam
2082 3541 2306 3595 minima
2341 3540 2657 3595 Graeculum
2694 3540 2998 3594 oliuosione
3028 3540 3363 3593 succederet.
3394 3540 3449 3594 ltl

1879 3646 2059 3687 autem
2086 3646 2197 3685 erat
2222 3636 2564 3702 approbante
2586 3648 2649 3685 ac
2687 3632 2905 3685 volente
2934 3631 3174 3686 Ecclesia
3206 3629 3455 3685 Romana

1882 3725 1984 3779 hoc
2046 3725 2452 3777 matrimonium
2496 3739 2774 3795 peragere.
2828 3722 2931 3778 Sed
2982 3724 3094 3777 haec
3138 3724 3455 3795 indigebant

1882 3826 2127 3886 tempore
2169 3831 2231 3869 ac
2265 3830 2440 3869 tnora.
2475 3816 2692 3869 Interim
2726 3816 2910 3887 legati,
2939 3815 3081 3885 quod
3113 3824 3167 3871 et
3216 3816 3268 3870 in
3301 3833 3456 3870 inan-

1880 3909 2025 3964 datis
2054 3908 2347 3972 habebant,
2382 3908 2446 3961 ad
2485 3908 2764 3977 principes
2796 3909 3066 3965 Armenia:
3093 3911 3451 3965 transierunt.

1883 4002 1958 4055 llli
1997 4018 2096 4071 pro
2148 4017 2257 4055 una
2298 4002 2435 4054 duas
2474 4002 2638 4056 etiam
2683 4000 3049 4057 obtrudebant
3086 4016 3115 4055 e
3150 4016 3277 4073 rege
3328 4017 3455 4072 pto-

1882 4102 2076 4163 gnatas
2108 4108 2355 4159 sorores,
2387 4093 2639 4163 ultroque
2686 4092 2965 4147 instabant
2987 4093 3176 4147 ambas
3203 4093 3456 4160 accipere

1883 4196 1951 4236 ne
1972 4192 2359 4253 gravarentur,
2404 4190 2458 4236 et
2511 4182 2827 4251 imperatori
2860 4182 3079 4247 sistere,
3115 4193 3233 4236 utra
3281 4185 3453 4251 magis

1885 4273 2183 4344 placuisset
2220 4274 2467 4329 electnro
2504 4291 2518 4327 :
2552 4274 2634 4327 sui
2671 4274 2816 4328 enim
2854 4274 3096 4341 ipsorum
3124 4273 3314 4344 judicii
3345 4290 3453 4327 nun

1879 4383 2007 4422 esse
2040 4366 2265 4420 alteram
2300 4364 2457 4420 alteri
2502 4364 2783 4434 prseterre,
2833 4380 2972 4434 quas
3020 4366 3168 4434 paris
3213 4365 3448 4419 invicem

1882 4459 2217 4529 dignationis
2270 4472 2335 4511 ac
2381 4456 2561 4511 meriti
2622 4456 2907 4511 baberent.
2958 4454 3256 4511 Collocutis
3315 4457 3457 4509 inter

223 4577 273 4623 ut
304 4579 456 4623 erant
494 4569 717 4639 singuli,
760 4583 823 4622 ac
858 4567 1121 4637 crepidis.
1160 4574 1218 4619 ut
1257 4566 1490 4637 quisque
1542 4567 1778 4621 maxime
1804 4555 1858 4616 Β
1887 4563 2006 4604 sese
2053 4548 2245 4618 legalis
2288 4549 2429 4602 haud
2493 4547 2828 4639 repudianda
2877 4546 3123 4602 εοηάίίίο
3169 4548 3281 4639 Vi?“
3344 4559 3450 4602 93’-

223 4661 432 4729 pedibus
475 4662 666 4728 valuit,
718 4675 886 4715 cursu
933 4674 1098 4731 quam
1149 4658 1540 4714 incitatissimo
1587 4657 1777 4729 fugam

225 4753 500 4821 arripiunt,
554 4753 715 4808 tritas
760 4760 815 4806 et
859 4751 1108 4821 vestigiis
1152 4748 1400 4822 signatas
1435 4748 1780 4806 declinantes

224 4846 448 4909 semitas,
497 4859 690 4915 aspera
740 4854 795 4899 et
852 4842 997 4897 invia
1052 4842 1175 4896 loca
1229 4848 1528 4906 sectantes,
1582 4839 1777 4909 partim

224 4936 461 5003 consilio,
491 4952 555 4991 ne
599 4935 1165 5006 deprebemlerentur,
1214 4933 1415 5002 partim
1468 4933 1778 5001 ignorantia

226 5027 470 5084 locorum.
507 5028 581 5083 lta
617 5037 742 5098 post
765 5026 995 5080 multam
1032 5022 1099 5079 ad
1131 5024 1332 5093 stirpes
1370 5032 1423 5077 et
1456 5038 1586 5077 saxa
1615 5022 1777 5076 obvia

227 5116 370 5189 205
413 5118 604 5190 pedum
653 5115 1041 5182 oli‘ettsionetn,
1094 5115 1149 5172 in
1180 5114 1474 5186 quamdam
1521 5113 1642 5182 ejus
1670 5122 1779 5168 tra-

228 5219 335 5266 ctus
391 5212 843 5267 munitiunculam
888 5209 1023 5264 salvi
1088 5215 1476 5279 pervenerunt.
1549 5205 1778 5261 Rerersi

230 5301 400 5371 pirata:
437 5319 532 5373 spe
570 5319 670 5361 sua
717 5318 774 5357 se
807 5302 1030 5357 delusus
1061 5316 1185 5355 sero
1228 5299 1550 5363 doluerunt,
1584 5313 1781 5367 quam-

228 5408 370 5462 quam
404 5397 458 5467 in
484 5395 585 5452 hoc
608 5396 796 5450 verius
826 5392 1101 5463 quispiam
1137 5391 1483 5447 consulentis
1516 5392 1780 5444 immoen-

230 5485 363 5541 tibus
419 5489 697 5555 oppressis
764 5468 1133 5540 Providentiae
1191 5482 1521 5539 beneﬁcium
1577 5482 1779 5537 divina:

230 5594 379 5647 quam
426 5580 672 5635 humana:
718 5579 773 5633 in
816 5577 1122 5632 latronibus
1164 5574 1546 5645 imprudentiae
1590 5587 1779 5628 casum

232 5675 513 5740 agnoverit.
571 5669 708 5730 Utut
751 5674 843 5736 sit,
894 5669 1132 5726 abducta
1171 5683 1295 5724 cum
1361 5682 1531 5722 onere
1570 5665 1779 5721 triremi

234 5767 405 5834 pirata:
441 5769 710 5825 abierunt.
749 5769 827 5823 ite
851 5767 1151 5837 imperator
1199 5763 1422 5834 cognita
1459 5761 1775 5822 miseratus,

236 5868 287 5911 ut
324 5874 417 5921 nar
458 5873 590 5925 crat.
644 5859 912 5922 infelices.
963 5857 1103 5912 alios
1148 5853 1216 5911 ad
1262 5854 1407 5911 idem
1443 5853 1653 5920 legatos
1693 5854 1779 5904 in-

1888 4639 2190 4708 Utramque
2237 4639 2405 4707 igitur
2454 4638 2699 4692 volentes
2765 4651 3078 4707 germanam
3140 4636 3454 4696 abducunt.

1883 4747 2114 4802 quarum
2150 4733 2339 4801 utiqtte
2359 4746 2466 4785 una
2494 4730 2704 4801 iuniori
2735 4730 2985 4791 Augusto
3013 4729 3266 4794 nuberet,
3294 4729 3457 4782 alteri

1885 4826 2086 4893 dignus
2127 4840 2388 4895 sponsus,
2428 4824 2570 4877 haud
2604 4822 2715 4877 illic
2750 4820 3063 4884 defuturus,
3092 4833 3453 4889 quan-retur.

1884 4916 2014 4971 Inde
2053 4933 2174 4971 cum
2223 4917 2367 4971 inter
2408 4914 2777 4984 navigandum
2833 4914 2984 4981 prior
3022 4906 3299 4982 regiarum
3345 4913 3456 4966 vir-

1884 5011 2072 5079 ginum
2117 5008 2268 5079 gravi
2304 5018 2553 5077 correpta
2590 5005 2783 5060 morbo
2813 5003 2977 5076 206
3007 5004 3306 5077 periclitari
3342 5003 3459 5057 visa

1882 5113 2047 5168 esset,
2076 5104 2126 5156 ei
2169 5098 2517 5156 commodius
2559 5099 2816 5153 curanda:
2846 5099 2898 5151 in
2935 5096 3184 5151 Rhodum
3219 5095 3463 5151 insulam

1887 5194 2031 5249 forte
2059 5195 2273 5249 obviam
2305 5192 2667 5248 cxscendunt.
2710 5189 2790 5247 lbi
2814 5203 2933 5244 eam
2968 5200 3328 5260 prmtcrquatn
3371 5186 3465 5240 loc

1884 5290 2087 5343 mentis
2116 5294 2438 5342 recrearunt
2470 5284 2821 5355 opportunis,
2852 5270 3133 5353 religionis
3157 5281 3319 5335 etiam
3351 5280 3460 5335 ele-

1886 5383 2087 5437 mentis
2118 5396 2181 5436 ac
2208 5380 2383 5435 sacris
2409 5377 2564 5450 juxta
2602 5393 2810 5432 morem
2841 5374 3164 5429 orthodoxa:
3192 5372 3313 5429 iidei
3351 5388 3469 5443 myw

1886 5474 2075 5531 steriis
2105 5472 2406 5532 initiatam.
2438 5472 2652 5540 eiurato
2685 5471 2792 5524 ritu
2835 5468 3033 5540 patrio,
3065 5474 3278 5538 ungunt
3306 5465 3485 5533 cbri-_

1888 5574 2061 5621 smate
2093 5580 2157 5619 ac
2188 5563 2557 5618 sanctiﬁcant.
2599 5559 2739 5614 Tum
2771 5559 2963 5614 morbo
2996 5558 3108 5629 jam
3139 5559 3369 5611 liberam
3405 5561 3466 5610 et

1886 5656 2121 5726 pristino
2154 5656 2420 5710 redditam
2452 5656 2623 5724 vigori
2656 5653 2847 5708 Rhodo
2878 5651 3153 5705 solventes
3186 5648 3462 5702 Constan-

1885 5748 2170 5818 tinopolim
2194 5746 2522 5817 perducunt.
2551 5744 2656 5799 Ubi
2694 5751 3103 5811 przetervemam
3133 5740 3285 5793 littus
3309 5738 3464 5804 quod

1883 5842 2052 5895 Ceras
2093 5848 2189 5892 aut
2233 5853 2405 5893 cornu
2463 5837 2622 5907 vulgo
2658 5836 2870 5898 dicunt,
2907 5844 2958 5888 et
3006 5833 3070 5886 ad
3118 5831 3463 5886 Cosmidiunt
