3922 6618
182 405 281 469 229

1107 409 1206 469 DE
1244 404 1689 468 ANDRONICO
1730 405 2194 468 PALEOLOGO
2236 408 2381 470 LIB.
2428 407 2547 470 III.

3330 408 3433 471 Ξῖὶο
3476 402 3479 407 ⁴

183 517 463 586 συμϐάσης
501 518 591 571 καὶ
626 516 719 570 τὸν
783 517 1070 571 Ὑάκινθον
1118 518 1253 578 ὅλως
1313 515 1434 586 μεθ’
1481 512 1747 582 ἑαυτῶν),
1782 517 1824 573 Α
1856 531 1959 581 γας
1986 518 2094 579 τοῖς
2127 517 2184 568 ὲν
2227 519 2347 582 ταῖς
2373 519 2592 588 ἄκραις,
2646 517 2932 586 ἡγεμόνων
2965 517 3024 569 τι
3060 516 3217 570 πλέον
3268 521 3435 572 κακά’

180 608 394 668 τούτους
424 609 644 678 κρατῶν
675 608 867 679 ἀφίησι
899 607 1276 678 παραγγείλας
1314 607 1632 678 ἡσυχάζειν,
1661 606 1750 659 τδν

183 701 222 750 δ’
267 698 552 751 Ὑάκινθον
589 698 746 763 αὖθις
782 699 1015 768 ἐγκλείει
1055 702 1118 770 τῇ
1161 699 1401 770 φυλακῇ.
1429 698 1533 752 Τὸν
1564 697 1752 767 μέντοι

181 791 589 861 Ταρχανειώτην
608 793 709 860 τῆς
733 793 979 860 φυλακῆς
1002 791 1289 861 ἐξαγαγὼν
1310 790 1584 861 εἰρηνικὴν
1607 785 1752 859 εἶχεν

181 882 364 944 ἄλλως,
404 883 454 933 εί
483 883 578 934 καὶ
616 882 691 951 μὴ
722 882 808 934 ἐπ’
837 882 1136 952 ἐκκλησίαν
1160 882 1450 951 συνήγετο,
1485 879 1635 948 ἐφεὶς
1654 879 1751 932 καὶ

184 975 243 1042 τῇ
271 973 488 1043 συζύγφ
507 973 768 1044 δεσποίνῃ
796 973 1039 1039 εὐμενῶς
1056 975 1103 1026 οἱ
1123 973 1267 1043 ἔχειν
1288 972 1383 1026 καὶ
1400 971 1747 1042 θεραπεύειν,

184 1064 251 1128 ὡς
277 1064 469 1134 αίροῖτ“
498 1063 564 1118 ἂν
605 1067 836 1129 ἐκεῖνος,
860 1064 929 1117 τὰ
956 1064 1165 1118 εἰκότα.

185 1172 246 1248 η’.
283 1175 418 1244 Περὶ
472 1173 583 1243 τῆς
630 1174 784 1229 κατὰ
826 1160 1105 1256 ἀνάγκην
1140 1173 1603 1242 ἐξασθενήσεως
1633 1173 1750 1229 τῶν

847 1263 1091 1300 κοινων.

246 1337 321 1390 Τὰ
355 1338 454 1405 μὲν
485 1332 582 1391 οὖν
617 1337 721 1407 τῆς
764 1339 1088 1409 Ἐκκλησίας
1122 1336 1206 1410 [Ρ.
1241 1335 1369 1409 ΗΞ]
1409 1338 1501 1391 καὶ
1527 1338 1583 1401 ὲς
1610 1338 1751 1393 ἐκείο

187 1438 274 1492 νην
313 1424 416 1493 τὴν
465 1426 682 1496 ήμέραν
714 1428 772 1489 ἐς
808 1427 924 1480 τόδε
973 1419 1160 1489 τέλους
1193 1429 1525 1498 κατηντήκει
1546 1468 1561 1492 ,
1593 1431 1661 1483 τὰ
1693 1430 1748 1482 δὲ

187 1513 273 1578 τῆς
323 1513 629 1584 Ῥωμαίδος
680 1515 1035 1588 ἐξησθενήκει
1094 1516 1298 1572 τέλεον.
1360 1518 1749 1589 Πλεονέκτημα

188 1609 281 1677 γὰρ
299 1607 430 1676 ἡμῖν
452 1608 673 1675 ἐγένετο
694 1610 818 1671 τοὺς
849 1610 1124 1677 παρόντας
1154 1608 1382 1679 χρόνους
1419 1609 1613 1676 μισθοῦ
1634 1612 1746 1672 τοῖς

190 1697 518 1766 μεσιτεύουσι
552 1701 648 1752 καὶ
691 1698 1000 1770 λημμάτων
1045 1701 1113 1754 τὰ
1164 1700 1337 1754 πολλὰ
1385 1700 1744 1771 πράττεσθαι.

188 1787 341 1842 Τοῦτο
379 1789 597 1854 πολλοῖς
631 1789 731 1859 μὲν
778 1793 886 1852 τοῖς
916 1793 973 1854 ἐς
1006 1791 1180 1863 ἀρχὴν
1234 1780 1545 1861 ε’ὐδοκίμθις
1598 1793 1630 1862 ἢ
1669 1793 1743 1863 μὴ

190 1879 623 1949 καταδεχομένοις
658 1880 1021 1935 καταϐάλλειν
1051 1881 1255 1951 (πολλῷ
1281 1882 1392 1952 γὰρ
1419 1881 1516 1951 οὐχ
1542 1862 1745 1952 ἥκιστα
1778 1862 1818 1916 Β

191 1970 348 2035 τοῦτο,
377 1970 491 2041 ὅσῳ
518 1976 615 2026 καὶ
649 1972 861 2037 ἀξιοῦσι
890 1973 1210 2044 λαμϐάνειν)
1253 1973 1287 2044 ἢ
1324 1973 1397 2044 μὴ
1429 1974 1749 2039 δυναμένοις

193 2059 304 2137 ἴσως
329 2061 551 2137 ἐκόλουε
584 2060 684 2124 τὰς
716 2062 903 2129 τιμὰς,
939 2061 1119 2125 ἄλλοις
1146 2061 1206 2116 δὲ
1231 2062 1548 2134 παρρησίαν
1576 2062 1748 2116 ἐδίδου

193 2134 525 2217 διδούσινςώς
557 2151 702 2219 ἕξειν
751 2154 1055 2219 ἐλπίζουσι.
1089 2154 1357 2226 Δεύτερον
1404 2156 1496 2208 ἐπὶ
1538 2154 1749 2217 τούτοις

193 2245 272 2296 καὶ
300 2244 360 2299 τὸ
387 2246 623 2311 ἐλλιπῶς
653 2248 753 2312 τὰς
782 2247 1237 2318 άποτεταγμένας
1269 2247 1620 2301 ἀποδίδοσθαι
1653 2247 1746 2317 ῥό-

197 2425 236 2478 is
292 2424 543 2483 Ecclesiae
601 2428 917 2499 adjunctus,
966 2430 1293 2500 permittens
1335 2428 1575 2483 dominae
1635 2442 1748 2483 sum

198 2520 394 2590 conjugi
432 2530 491 2575 ut
536 2522 743 2578 faveret
774 2523 850 2576 illi
881 2524 1204 2594 prolixeque
1246 2522 1655 2593 gratificaretur
1690 2523 1744 2576 in

200 2613 415 2684 iis‘quze
464 2615 666 2669 rationi
706 2624 1077 2670 consentanea
1132 2614 1291 2669 vellet
1326 2624 1421 2668 aut
1474 2624 1745 2684 posceret.

197 2722 243 2780 8.
274 2726 338 2783 De
373 2728 736 2782 debilitatique
761 2728 1062 2796 reipublira:
1092 2744 1119 2781 e
1152 2726 1350 2781 dudum
1377 2728 1745 2782 inualescenti-

456 2798 550 2852 bus
585 2800 895 2868 corruptelis
933 2800 1225 2853 necessario
1256 2807 1457 2851 secuta.

258 2888 304 2945 ls
344 2897 516 2946 status
555 2890 625 2946 ad
658 2890 801 2946 hanc
829 2891 972 2947 diem
1020 2890 1525 2944 ecclesiasticarum
1563 2905 1746 2944 rerum

201 2980 308 3045 luit,
349 2981 693 3050 politicarum
723 2986 906 3035 autem
942 2979 1100 3049 longe
1133 2979 1427 3049 pessimus,
1465 2978 1746 3049 republica

200 3069 456 3126 Romaniae
502 3082 810 3126 extremam
857 3069 968 3140 jam
1026 3073 1079 3125 in
1121 3069 1456 3124 debilitatem
1501 3070 1742 3123 redacta.

1852 621 1997 673 τητι,
2047 605 2313 661 θελόντων
2359 612 2471 673 τοῖς
2521 607 2770 662 ἐντεῦθεν
2824 610 3193 680 ὑπερημέρως
3257 612 3435 679 πάντη

1851 697 2146 768 διδομένοις
2182 697 2636 771 στραγγεύεσθαι,
2670 701 2744 762 ὡς
2774 703 3131 772 κερδαίνοιεν.
3166 704 3351 756 Ταῦτα
3372 705 3435 774 δὴ

1854 789 1946 842 ἐπὶ
2004 792 2169 844 me
2221 793 2583 862 συναχθέντα.
2633 794 2704 848 Τὸ
2751 795 2856 865 γὰρ
2912 798 3005 850 τοῦ
3056 795 3436 865 βασιλεύοντος

1852 876 2121 945 εὐσταθὲς
2142 886 2235 939 καὶ
2267 885 2327 938 τὸ
2362 885 2501 953 πρὸς
2551 886 2759 956 κρίσεις
2791 906 2846 940 τε
2882 890 2976 941 καὶ
3004 889 3257 945 κολάσεις
3293 907 3433 956 συμ-

1853 974 2158 1045 παθητικόν
2196 992 2255 1029 τε
2304 978 2397 1029 καὶ
2424 977 2634 1048 ἥμερον
2669 979 2812 1048 μέγα
2837 997 2889 1032 τι
2915 983 2975 1032 τι
3008 980 3172 1033 κακὸν
3208 981 3299 1033 κοιλ⁸
3330 982 3431 1033 οὒκ

1852 1067 2030 1127 οἰστὸν
2077 1068 2213 1131 ὅλως
2262 1071 2374 1132 τοῖς
2405 1069 2673 1123 παθοῦσιν
2729 1072 3038 1141 εἰργάζετο.
3084 1075 3234 1136 Τέως
3278 1074 3323 1127 δ’
3357 1074 3433 1138 ὡς

1852 1154 1998 1229 εἶχεν
2030 1161 2062 1228 ἡ
2100 1159 2195 1213 τοῦ
2229 1161 2493 1230 βασιλέως
2523 1165 2689 1234 ὁρμὴ.
2735 1165 2835 1234 τῆς
2879 1166 3160 1235 δυνάμεως
3200 1167 3430 1237 ἐνούσης

1851 1251 1933 1304 ἔτι
1962 1252 2068 1304 τῶν
2090 1253 2298 1324 νεύρων
2323 1255 2410 1325 (τὰ
2436 1257 2479 1309 δ’
2505 1253 2646 1328 ⁴ἦσαν
2670 1258 2738 1310 τὰ
2767 1260 3050 1329 χρήματα)
3083 1261 3313 1331 πέμπων
3335 1264 3431 1323 τὰς

1850 1343 1946 1411 τῆς
1966 1344 2285 1412 ὁλομελείας
2308 1350 2549 1419 κινήσεις
2568 1349 2669 1418 τῆς
2700 1350 3002 1419 Ῥωμαῖδος
3024 1354 3432 1423 εὐρωστοτέρας

1852 1436 2025 1486 ποιεῖν
2050 1435 2149 1488 οὐκ
2178 1437 2441 1492 ἀπώκνει.
2474 1440 2608 1492 Κατ’
2635 1439 2816 1507 ὀλίγον
2837 1441 2892 1494 δὲ
2920 1441 2980 1494 τὸ
3007 1443 3175 1496 δεινὸν
3196 1443 3430 1508 ὲπαῠξον

1850 1525 2136 1578 ἀνέστελλε
2174 1527 2546 1597 πεμπομένων
2585 1530 2675 1582 καὶ
2714 1530 2824 1583 τῶν
2854 1512 2932 1595 είς
2977 1532 3221 1601 κεφαλὰς
3264 1535 3431 1599 ἀξίων

1850 1615 1943 1667 καὶ
1972 1617 2047 1678 ὡς
2073 1612 2183 1670 οἷον
2230 1620 2278 1670 τ’
2308 1614 2377 1691 ἦν
2408 1619 2593 1687 σφίσιν
2622 1622 2982 1691 ἀντεχόντων,
3016 1624 3430 1694 προσκειμένων

1851 1704 1945 1757 καὶ
1972 1705 2079 1759 τῶν
2111 1708 2173 1760 ἐκ
2204 1709 2428 1779 Κρήτης
2457 1713 2712 1780 μαχίμων
2756 1714 2875 1776 ταῖς
2912 1716 3165 1778 τοπικαίς
3194 1714 3425 1786 δυνάμε-

1852 1814 1956 1861 σιν,
1989 1796 2081 1861 οὓς
2110 1801 2394 1871 Κρήτηθεν
2446 1805 2947 1874 προσχωρήσαντας
2998 1807 3209 1878 βασιλεί
3245 1807 3317 1869 ὡς
3354 1809 3428 1878 μὴ

1853 1892 2318 1962 καταδεχομένους
2372 1892 2470 1965 τὴν
2520 1897 2583 1949 ἐκ
2635 1896 2742 1950 τῶν
2784 1898 3000 1953 Ἰταλῶν
3048 1900 3426 1970 ἐπικράτειαν,

1853 1983 1941 2037 ἐπ’
1976 1986 2237 2055 ἀνατολῆς
2270 1985 2589 2051 κατοικίσας
2614 1989 2709 2042 καὶ
2745 1989 2933 2059 ρόγαις
2960 1993 3196 2061 ἐτησίοις
3230 1994 3426 2047 ἀποτε-

1854 2077 2152 2144 ταγμέναις
2184 2077 2451 2141 ἐξικανῶν
2479 2076 2555 2141 ὡς
2599 2085 2812 2145 πιστοῖς
2852 2084 3162 2156 συμμάχοις
3205 2087 3425 2157 ἐχρῆτο.

1850 2159 1960 2219 Ἦν
1992 2165 2048 2219 δὲ
2083 2168 2271 2237 συχνὸν
2300 2171 2360 2222 τὸ
2389 2172 2488 2240 τῆς
2522 2171 2804 2239 συνδοσίας
2830 2174 2917 2228 διὰ
2960 2178 3062 2247 τὴν
3104 2180 3296 2232 σπάνιν
3320 2180 3428 2233 τῶν

1850 2259 2171 2329 χρημάτων,
2206 2262 2279 2325 ὡς
2305 2262 2514 2332 ἔλεγον,
2555 2267 2748 2339 ἀνέδην
2775 2269 3118 2339 τελούμενον.
3161 2273 3205 2324 Τ
3208 2273 3234 2325 ὸ
3264 2273 3309 2326 δ’
3323 2270 3423 2343 ἦν,

1851 2407 1971 2478 ejus
2004 2425 2034 2463 a
2072 2418 2262 2467 tenore
2290 2413 2558 2472 dimoveri
2594 2419 3024 2490 allegationibus
3063 2424 3188 2479 ullis
3215 2428 3426 2496 nescia,

1853 2502 2092 2572 ltuicque
2118 2505 2375 2575 adjuncta
2412 2511 2673 2579 segnities
2708 2515 3033 2582 castigandi,
3080 2522 3256 2574 noxia:
3288 2523 3423 2576 1υηί-

1850 2596 1982 2651 tatis
2023 2598 2360 2670 indulgentia
2392 2603 2557 2673 209
2598 2604 2768 2662 frtena
2812 2607 3002 2665 laxans
3041 2613 3342 2668 sceleribus
3372 2625 3425 2668 ct

1851 2698 2057 2743 metum
2087 2692 2335 2749 adimens
2361 2696 2749 2764 peccantibus;
2782 2702 2927 2756 unde
2956 2705 3156 2758 malum
3185 2707 3424 2761 intutam:

1851 2792 2119 2852 quantum
2170 2785 2365 2857 ingens
2420 2805 2518 2844 nec
2562 2791 2674 2859 jam
2717 2795 2952 2863 amplius
2997 2798 3276 2853 tolerabile
3304 2800 3425 2870 zop-

1852 2891 2075 2945 pressos
2122 2878 2191 2933 ab
2237 2881 2461 2950 impune
2522 2887 2899 2952 grassantibus
2966 2891 3217 2957 urgebat.
3274 2893 3424 2948 Inter

1853 2976 2002 3022 tanta
2038 2969 2388 3026 incommoda
2420 2977 2729 3031 sustinebat
2762 2993 2822 3031 se
2853 2988 3091 3034 errctttm
3148 2993 3422 3054 utcunque

1850 3076 1916 3115 ac
1946 3065 2147 3118 stantis
2180 3065 2374 3120 saltem
2407 3066 2647 3135 speciem
2686 3078 2974 3126 ostentans
3014 3087 3217 3143 corpus
3252 3077 3423 3146 impev

198 3162 351 3217 Causa
390 3163 486 3218 luit
516 3162 726 3218 abusus
786 3178 855 3219 ex
893 3162 1061 3228 facili,
1099 3162 1322 3231 pellacia
1385 3162 1522 3217 lucri
1574 3162 1816 3259 utrin»C
1852 3153 1941 3220 rii,
1985 3154 2163 3223 quoad
2216 3155 2362 3210 intus
2420 3159 2468 3212 ei
2540 3175 2646 3215 non
2700 3160 2870 3216 defuit
2929 3165 3084 3232 quasi
3137 3169 3423 3237 sanguinis

200 3271 289 3323 que
311 3257 607 3327 praesentis,
649 3255 960 3311 inolescens
996 3270 1093 3326 per
1131 3256 1247 3309 haec
1283 3263 1553 3324 tempora,
1597 3269 1742 3309 mer-

199 3347 315 3402 cede
355 3363 415 3403 ac
459 3349 620 3403 donis
666 3348 885 3404 emendi
935 3348 1154 3417 quidvis
1206 3348 1442 3416 quisque
1498 3346 1657 3400 vellet
1712 3360 1744 3401 e

203 3443 416 3515 principe
447 3459 476 3498 a
505 3443 784 3515 primariis
810 3443 932 3512 ejus
959 3442 1015 3496 in
1049 3441 1314 3511 regimine
1342 3439 1628 3495 ministris.
1660 3436 1743 3493 οι)

204 3534 291 3587 hoc
334 3535 483 3589 multi
527 3534 774 3603 alioquin
824 3533 935 3603 apti
971 3532 1382 3602 magistratibus
1415 3530 1669 3600 gerendis
1710 3545 1741 3585 a

206 3627 453 3693 republica
473 3627 828 3692 arcebantur,
860 3627 1010 3697 quod
1039 3640 1148 3680 non
1178 3625 1506 3680 inducerent
1534 3627 1589 3679 in
1621 3626 1742 3679 ani-
1768 3658 1781 3675 .

206 3733 331 3773 mum
381 3728 657 3791 sumptum
699 3720 905 3783 facere,
949 3719 1114 3788 vulgo
1161 3721 1371 3775 scilicet
1424 3721 1743 3776 hominibus

205 3824 375 3866 natura
406 3813 759 3880 pronioribus
795 3814 861 3865 ad
893 3810 1276 3881 accipiendum
1310 3827 1475 3880 quam
1510 3812 1576 3865 ad
1607 3811 1743 3867 dan-

203 3903 327 3959 dunt.
363 3906 481 3963 Vice
512 3921 678 3974 porro
732 3906 1030 3975 proborum
1071 3920 1489 3976 gnavorumque
1528 3906 1610 3961 sic
1638 3921 1740 3961 ex-

203 3997 444 4053 clusorum
476 3998 854 4054 functionibus
884 3998 1121 4068 publicis
1151 4014 1247 4068 per
1276 3999 1415 4053 tales
1443 3998 1740 4054 utilissime

203 4090 439 4160 gerendis,
470 4091 943 4148 subintrabanteo
974 4107 1082 4145 non
1111 4098 1221 4144 tam
1246 4090 1500 4145 industrii
1524 4097 1738 4145 actores

203 4197 336 4249 quam
370 4185 512 4239 avari
541 4192 904 4247 mercatores,
937 4180 1223 4253 proﬂigata
1255 4182 1309 4234 in
1342 4181 1393 4235 id
1424 4191 1738 4253 quaestuosa

204 4276 386 4330 modica
442 4277 675 4347 pecunia
716 4275 997 4330 licentiam
1041 4276 1143 4330 sibi
1198 4283 1460 4344 parantes
1510 4275 1738 4343 impune

204 4370 493 4425 corradendi
518 4384 628 4440 quo
652 4371 912 4423 damnum
943 4367 1093 4438 large
1119 4376 1559 4437 compensarent.
1589 4366 1741 4421 Alter

206 4457 304 4514 lous
339 4460 703 4517 enervationis
759 4460 975 4530 imperii
1032 4459 1135 4513 fuit
1188 4461 1525 4529 parcimonia
1575 4460 1736 4530 plene

1849 3248 2003 3313 capia
2034 3263 2098 3305 ac
2141 3250 2291 3304 nervi
2343 3251 2494 3307 velut
2542 3253 2767 3323 quidam
2812 3259 3057 3324 pecunia:
3089 3259 3422 3314 abundantis

1849 3355 1947 3409 per
1990 3341 2122 3395 illud
2157 3354 2561 3410 commeantes,
2612 3345 2755 3402 unde
2802 3348 3017 3402 interim
3072 3352 3423 3421 vegetabatur

1848 3446 1911 3485 ac
1943 3434 2212 3499 ciebatur,
2255 3435 2397 3490 baud
2440 3447 2695 3493 cessante
2722 3476 2737 3502 ,
2784 3456 2881 3511 pro
2925 3457 3026 3496 sua
3070 3445 3419 3509 strenuitatc,

1844 3526 2087 3596 Augusto
2127 3527 2194 3582 ad
2250 3529 2436 3583 omnia
2474 3531 2703 3600 impigre
2742 3547 3056 3591 occurrere.
3104 3534 3187 3591 Ad
3234 3548 3417 3593 extre.

1847 3633 1995 3672 mum
2037 3619 2169 3688 quin
2224 3620 2413 3683 etiam,
2445 3624 2543 3677 sed
2570 3623 2683 3692 jam
2717 3639 2863 3692 sero,
2896 3627 3071 3683 auctis
3115 3630 3320 3684 sensim
3365 3632 3418 3683 in

1848 3710 2045 3765 molem
2096 3713 2523 3781 insuperabilem
2568 3717 2751 3776 malis.
2800 3732 3079 3789 apponere
3128 3722 3292 3776 nimis
3323 3724 3416 3778 diu

1845 3799 2107 3855 omissam
2146 3802 2496 3857 severitatem
2549 3814 2634 3860 est
2664 3815 2917 3877 conatus,
2969 3818 3024 3864 et
3066 3811 3280 3880 publica
3328 3814 3417 3867 in-

1844 3893 2131 3947 connnoda
2175 3901 2495 3965 retorquere
2530 3896 2584 3951 in
2631 3899 2814 3968 capita
2849 3909 3163 3968 auctorum,
3205 3907 3417 3962 meritis

1843 3997 1941 4037 eos
1992 3984 2335 4053 subjiciendo
2382 3988 2688 4058 suppliciis,
2737 3994 2983 4047 tentavit.
3036 3994 3306 4053 Utebatur
3348 4002 3415 4052 ad
3454 4008 3462 4017 '

1843 4075 1950 4130 hoc
1982 4091 2104 4130 cum
2131 4077 2254 4131 aliis
2282 4093 2417 4147 quas
2455 4079 2690 4135 habebat
2725 4082 2790 4138 ad
2839 4099 3063 4140 manum
3091 4090 3264 4158 cepiis
3299 4101 3413 4146 tum

1844 4170 2119 4241 praecipue
2147 4169 2362 4225 Cretice
2400 4172 2595 4226 militia
2625 4176 2980 4243 praesidiariis
3010 4183 3414 4249 provinciarum

1842 4262 2099 4319 admista.
2131 4261 2264 4318 Nam
2302 4266 2508 4320 multos
2540 4282 2572 4322 e
2600 4265 2758 4322 Creta
2789 4270 2988 4333 insula,
3032 4254 3237 4329 servire
3268 4275 3419 4330 Lati-

1842 4355 1929 4409 nis
1959 4355 2073 4411 illic
2107 4355 2222 4425 jam
2251 4357 2685 4415 ineluctabiliter
2713 4363 3136 4431 praevalentibus
3184 4381 3292 4420 non
3323 4384 3417 4423 sn-

1841 4449 2111 4504 Stinentes
2132 4488 2148 4515 ,
2174 4448 2471 4520 imperator
2498 4453 2552 4506 in
2584 4460 2792 4509 tractus
2813 4454 3119 4511 Orientales
3159 4457 3415 4516 invitatos

206 4551 546 4607 solvi-nuarum
588 4568 652 4607 ει
692 4552 797 4605 [me
842 4551 1196 4622 pensionum,
1232 4567 1352 4622 qua;
1379 4551 1734 4623 pmsidjariis
1767 4539 1812 4598 θ
1841 4540 1894 4595 in
1942 4540 2078 4597 locis
2135 4557 2249 4598 suae
2291 4542 2520 4598 ditionis
2568 4546 2958 4615 collocaverat,
3012 4550 3415 4622 pensionesque

208 4643 381 4700 arcium
427 4648 481 4701 in
521 4647 696 4701 limite
731 4646 963 4699 sitarmn
995 4643 1126 4698 olim
1169 4654 1387 4722 statuta:
1426 4645 1648 4700 fuerant
1681 4645 1737 4700 in

210 4740 476 4792 mercedem
537 4752 720 4809 operte
774 4735 1026 4791 militaris
1075 4736 1212 4790 adeo
1242 4737 1356 4791 illic
1389 4737 1455 4792 ad
1486 4752 1738 4791 commu-

209 4840 307 4880 nent
334 4832 547 4885 tutelam
579 4829 928 4885 necessariae;
963 4826 1057 4882 Hae
1090 4830 1328 4899 maligne
1360 4845 1506 4884 nunc
1535 4844 1739 4898 suppe-

209 4918 484 4977 ditabantur
534 4924 763 4977 avaritia
798 4922 1179 4994 prafectorum
1228 4924 1532 4994 erogationi
1574 4918 1739 4990 pecu-

210 5012 291 5065 nia
317 5016 549 5084 publica,
584 5030 820 5084 quorum
855 5014 1235 5083 apponebatur
1269 5015 1440 5069 lucris
1468 5016 1615 5082 quod
1643 5031 1740 5085 per

211 5114 385 5162 astulas
422 5108 839 5163 frustrationem
885 5114 1032 5162 artes
1066 5105 1416 5161 diﬂ'undenda
1454 5107 1737 5176 praetexti-

213 5194 293 5251 bus
312 5198 462 5253 vafris
506 5198 800 5254 solutionis
836 5198 927 5252 die
975 5197 1193 5252 miseris
1222 5198 1490 5252 militibus
1523 5199 1740 5253 subtra-

214 5283 402 5345 hebatur
441 5293 671 5361 pretium
710 5290 973 5344 sudorum
1011 5304 1076 5343 ac
1111 5290 1419 5357 sanguinis.
1461 5289 1559 5343 liis
1603 5289 1737 5344 dno-

212 5377 294 5436 bus
320 5385 567 5452 malis,ne
596 5386 652 5438 in
682 5400 851 5438 unum
871 5382 1127 5438 coeuntia
1153 5379 1498 5436 exundarent
1522 5381 1573 5434 in
1611 5396 1736 5449 per-

213 5471 367 5528 niciem
397 5476 686 5544 publicam,
724 5488 891 5528 unum
931 5487 1055 5528 esse
1095 5480 1346 5541 potuerat
1395 5469 1592 5524 efﬁcax
1649 5485 1735 5524 re-

213 5566 410 5621 medium
454 5571 523 5623 ab
566 5567 909 5637 imperatoris
941 5566 1272 5620 auctoritate
1306 5578 1544 5630 summa,
1585 5563 1629 5617 si
1686 5563 1734 5617 is

213 5650 359 5711 delato
389 5660 818 5730 corruptelarum
854 5673 992 5728 quas
1043 5658 1474 5710 memoravimus
1525 5654 1735 5709 indicio

213 5744 264 5797 ad
291 5762 375 5803 eas
414 5751 741 5808 coercendas
790 5748 993 5805 adduci
1046 5746 1339 5816 potuisset.
1380 5745 1487 5801 Sed
1534 5762 1600 5801 ne
1633 5747 1736 5802 hoc

212 5838 504 5912 contingeret
559 5852 654 5899 aut
706 5850 1027 5912 speraretur
1070 5840 1328 5897 obstabat
1367 5838 1731 5904 immobilitas

1844 4633 1911 4688 iis
1944 4634 2263 4690 decreverat
2299 4651 2533 4700 annuas,
2565 4638 2667 4691 lida
2702 4639 2916 4694 illorum
2963 4648 3122 4697 utens
3163 4645 3219 4697 in
3260 4645 3414 4699 bellis

1843 4740 2030 4795 Opera.
2080 4725 2283 4782 Verum
2330 4736 2390 4782 ut
2435 4729 2550 4783 haec
2611 4729 2724 4786 illis
2768 4731 3043 4801 stipendia
3074 4749 3319 4791 summas
3358 4736 3412 4790 in

1838 4818 2106 4875 immanes
2126 4821 2499 4876 excrescentia
2525 4822 2952 4888 conficerentur,
2977 4827 3413 4883 contributiones

1837 4919 1957 4964 erat
1997 4927 2223 4967 necesse
2270 4911 2507 4968 subditis
2552 4913 2944 4970 acerbissimas
2988 4916 3269 4987 indicere;
3316 4925 3410 4991 qui
3446 4899 3453 4907 ’

1838 5006 2195 5073 quantumvis
2230 5021 2337 5061 non
2388 5005 2525 5061 falso
2552 5017 2915 5075 quererentur
2940 5010 3006 5064 de
3040 5011 3285 5080 pecuniae
3326 5028 3415 5066 ra-

1840 5098 2003 5151 ritate
2026 5096 2082 5151 in
2114 5096 2181 5152 iis
2209 5099 2454 5165 partibus
2488 5099 2692 5175 dudum
2724 5114 2819 5169 per
2849 5102 3194 5171 erogationes
3221 5102 3416 5158 immo-

1839 5189 1991 5245 dicas
2015 5189 2322 5254 exhaustis,
2356 5200 2536 5245 tamen
2562 5189 2710 5258 quod
2755 5192 2961 5245 nullam
2997 5195 3410 5250 excusationem

1839 5281 2144 5336 necessitas
2182 5280 2520 5343 admitteret,
2563 5283 2923 5339 nihilominus
2971 5286 3210 5353 pendere
3239 5303 3415 5356 quan-

1838 5379 1952 5426 tum
1985 5374 2305 5442 exigebatur
2331 5375 2691 5443 cogebantur.
2724 5377 2977 5431 Instituta
3014 5380 3167 5448 prius
3210 5382 3409 5447 fuerat,

1838 5472 1898 5517 ut
1951 5464 2212 5528 diximus,
2267 5464 2494 5519 collatio
2553 5465 2887 5521 decimarum
2934 5483 2964 5522 e
3012 5471 3410 5538 pensionibus,

1837 5571 1977 5625 quas
2008 5557 2244 5626 quisque
2267 5557 2541 5627 stipendia
2580 5561 2908 5615 merentium
2941 5570 3036 5614 aut
3070 5563 3134 5616 iis
3169 5564 3413 5633 legitimo

1839 5659 2085 5718 tempore
2136 5650 2298 5705 factis
2355 5652 2715 5709 emeritorum
2772 5656 3058 5723 percipere
3120 5670 3337 5709 annuas
3381 5675 3414 5712 e

1838 5743 2057 5814 publico
2084 5744 2302 5799 soleret.
2332 5745 2441 5800 Sed
2480 5759 2606 5799 cum
2635 5745 2749 5814 jam
2797 5747 2957 5817 longo
2986 5748 3188 5802 haustu
3222 5750 3415 5802 exina-

1840 5837 1971 5891 nitis
2003 5845 2060 5893 et
2098 5838 2377 5895 cnervatis
2424 5838 2658 5906 exprimi
2699 5839 2850 5906 quod
2877 5854 3019 5908 opus
3049 5849 3167 5896 erat
3208 5844 3404 5913 nequi-
