3922 6558
188 397 282 461 233

187 601 414 670 Διδύμων
451 600 762 668 ἑφημίζετο,
785 600 941 672 ἔτυχε
967 603 1191 674 πολέμῳ
1221 608 1504 677 κρατήσας
1531 604 1719 670 τοιῷδε

185 692 371 762 τρόπῳ.
416 691 499 753 Ὠς
538 690 650 761 γὰρ
677 693 711 760 ἡ
767 691 959 764 πρώτη
1008 692 1119 747 τῶν
1169 696 1445 762 γυναικῶν
1495 695 1587 748 τοῦ
1619 694 1723 747 Σα-

184 784 406 853 λάμπσκι
432 783 661 852 Πέρσου,
696 781 758 849 ἐξ
811 784 1113 856 ἀνθρώπων
1163 787 1370 839 ἐκείνου
1417 787 1719 855 γεγονότος.

187 875 289 927 ἐκεῖ
310 872 625 940 ⁸ιιειιιύλακτο,
665 874 1057 944 τεθησαύριστο
1081 875 1139 929 δὲ
1179 877 1273 930 καὶ
1306 876 1536 939 πλοῦτος
1582 892 1722 927 πανο

183 965 402 1029 τοδαπδς,
428 965 487 1017 τὺ
516 965 614 1034 μὲν
642 965 880 1038 πολέμου
938 968 1086 1037 νόμῳ
1131 967 1226 1020 τοῦ
1258 968 1516 1039 φρουρίου
1567 984 1721 1039 περιο

187 1057 408 1126 γενέσθαι
443 1058 680 1112 ἀδύνατα
714 1061 850 1122 τέως
880 1056 1048 1130 εἶχεν,
1094 1056 1235 1128 ἔγνω
1282 1060 1340 1114 δὲ
1399 1059 1722 1130 σοφίσασθαι

183 1149 269 1219 τὴν
294 1152 524 1217 γυναῖκα,
556 1150 698 1202 ὥστε
724 1151 819 1203 καὶ
849 1150 1081 1220 πέμπων
1107 1151 1182 1215 ὡς
1229 1150 1392 1219 δῆθεν
1439 1153 1497 1204 ὲν
1547 1151 1723 1222 ἀπορο

187 1242 348 1311 ρήτοις
379 1241 675 1309 ἀγαγέσθαι
719 1241 923 1311 ταύτην
969 1241 1198 1311 σύζυγον
1235 1244 1572 1314 ὑπισχνεῖτο.
1634 1243 1721 1306 Ὦς

187 1333 298 1401 γοῦν
319 1333 563 1396 πολλάκις
593 1335 828 1404 πέμπων
867 1335 966 1387 οὐκ
1014 1336 1247 1397 ἔπειθεν.
1307 1335 1546 1407 ἐπισχὼν
1594 1336 1720 1400 τοὺς

186 1424 271 1493 τῆς
294 1425 470 1495 λίμνης
492 1425 770 1493 καράϐους
802 1426 980 1479 συνδεῖ
1008 1429 1258 1498 σχοίνοις,
1295 1429 1391 1480 καὶ
1427 1427 1558 1493 ξύλα
1622 1426 1722 1495 μέ-

141 1498 152 1523 .
188 1533 328 1582 γιστα
355 1518 503 1578 ἐνιεὶς
546 1516 634 1570 ἐπ’
677 1517 900 1571 ἐκείνων
946 1518 1415 1582 κατασκευάζεται
1464 1519 1719 1589 μόσυνας.

190 1609 313 1662 Τάδ⁹
333 1609 454 1663 ἀλλα
478 1610 641 1664 πλοῖα
682 1610 975 1681 πληρώσας
1019 1611 1349 1680 πολεμιστὰς
1396 1612 1454 1662 ὲν
1513 1609 1722 1671 τούτοις

189 1702 429 1765 ἑλεπόλεις
459 1702 611 1764 ἱστὰς
650 1705 744 1755 καὶ
773 1703 1079 1772 μαχόμενος
1112 1702 1253 1774 (οὐδὲ
1296 1702 1405 1772 γὰρ
1464 1703 1606 1755 κατὰ
1660 1699 1721 1753 τὸ

187 1792 328 1860 τυχὸν
354 1792 441 1844 καὶ
474 1791 635 1855 αὐτὸς
665 1790 819 1860 παρά
844 1793 957 1855 τοῖς
1007 1791 1222 1860 ἐχθροῖς
1256 1791 1550 1856 ἑκλεῖζετο,
1604 1790 1720 1844 ἀλλ’

186 1883 414 1950 ὀνόματος
450 1884 737 1935 Ξπὲὃαινεν
764 1882 879 1952 ἅμα
905 1883 1001 1952 μὲν
1027 1882 1284 1954 φοϐεροῦ,
1316 1883 1432 1952 ἅμα
1458 1883 1514 1937 δέ
1543 1899 1607 1951 γε
1625 1883 1720 1937 καὶ

189 1976 440 2046 ἐρασμίου,
465 1975 540 2039 ὡς
563 1976 660 2030 καὶ
682 1976 907 2038 πολλοὺς
921 1978 1259 2048 προσχωρεῖν
1285 1977 1379 2029 καὶ
1410 1976 1502 2029 ὑπ’
1528 1977 1721 2048 ἐκείνῳ

188 2067 377 2139 ἀγατᾷν
430 2067 763 2134 τάττεσθαι).
799 2070 945 2139 αἱρεῖ
999 2071 1097 2138 μὲν
1151 2069 1293 2122 οὕτω
1332 2068 1393 2122 τὸ
1441 2069 1720 2139 φρούριον,

189 2159 387 2216 πλοῦτον
420 2162 465 2216 δ’
501 2161 711 2216 ἐκεῖθεν
736 2163 801 2216 οὐ
823 2161 1022 2233 ῥᾳδίως
1052 2163 1353 2235 ἀριθμητὸν
1403 2161 1742 2234 περιϐάλλεος

189 2343 378 2407 sabant,
408 2349 466 2397 ut
514 2342 566 2397 vi
600 2342 800 2399 bellica
845 2345 1147 2415 expugnari
1194 2343 1341 2399 baud
1379 2358 1543 2414 posse
1569 2343 1723 2414 judi-

190 2443 401 2487 caretur.
434 2434 841 2504 Experiendam
887 2450 1020 2504 ergo
1074 2445 1248 2490 artem
1299 2446 1477 2500 ratus,
1522 2437 1723 2493 mulie-

190 2538 287 2579 rem
335 2525 509 2581 missis
557 2540 762 2581 arcano
816 2528 1020 2582 litteris
1081 2542 1147 2582 ac
1207 2529 1419 2584 nuntiis
1468 2530 1726 2600 pellicere

189 2618 413 2680 tentavit,
466 2633 529 2673 se
555 2618 701 2672 illam
741 2617 1033 2688 conjugem
1089 2619 1384 2675 ducturum
1432 2621 1722 2691 pollicens.

190 2705 280 2762 Sed
308 2724 424 2763 cum
457 2710 509 2763 id
552 2708 763 2764 frustra
812 2709 908 2763 diu
971 2696 1126 2765 ﬁeret
1153 2748 1170 2776 ,
1208 2708 1411 2763 femina
1461 2711 1724 2787 connubii

190 2799 295 2854 talis
345 2800 681 2856 mentionem
743 2806 1117 2868 aspernante,
1170 2800 1390 2855 interim
1442 2801 1723 2871 explorata

190 2889 281 2945 dux
308 2892 401 2946 loci
433 2900 668 2955 natura,
702 2878 1094 2945 animadvertit
1146 2891 1361 2961 paludis
1411 2893 1479 2947 ad
1540 2907 1723 2948 arcem

192 2985 531 3054 restagnantis
564 2985 812 3054 quaedam
857 2998 980 3038 esse
1014 2985 1186 3039 certis
1233 2983 1395 3050 locis,
1428 2985 1625 3056 bisque
1656 2985 1724 3041 ad

192 3089 356 3129 muros
390 3077 526 3131 satis
557 3076 819 3137 admotis.
852 3076 1138 3131 emissaria
1182 3076 1464 3131 excavatis
1493 3076 1723 3147 profun-

335 453 341 458 .
1065 401 1163 462 DE
1210 398 1651 463 ANDRONICO
1687 397 2143 463 PALIEOLOGO
2185 403 2327 468 LIB.
2373 406 2485 469 III.

190 529 291 582 ρον,
314 509 424 564 τότε
445 507 497 563 δὲ
523 507 631 562 τῶν
656 508 884 581 ἐχθρῶν,
911 508 939 564 δ
962 510 1144 580 πάλαι
1171 507 1325 583 οἴμαι
1357 515 1419 568 τδ
1440 512 1721 582 Μιλησίων
1750 510 1794 570 Δ
1821 526 1931 569 ται.
1964 516 2074 579 τοῖς
2105 517 2151 570 δ’
2200 518 2372 584 ἰδίοις,
2416 521 2554 576 ἀλλά
2584 540 2645 594 γε
2693 526 2788 579 καὶ
2812 527 2925 590 τοῖς
2983 527 3395 599 προσχωροῦσιν

3291 412 3397 477 234

1823 601 2055 673 εὔπορον
2106 606 2336 664 καθίστα
2389 613 2480 665 τὸν
2532 613 2668 685 βίον.
2728 616 2891 671 Ὅθεν
2954 618 3048 671 καὶ
3090 616 3275 672 πολλοὶ
3304 619 3395 671 ὑπ’

1822 694 2016 764 ἐκείνῳ
2047 697 2434 770 δεδουλωμένοι
2460 702 2693 776 ἔχαιρον,
2721 709 2813 762 καὶ
2859 708 2951 761 ὑπ’
2985 710 3134 781 αὐτῷ
3195 727 3396 780 τεταγ-

1826 791 1975 856 μένοι
2003 788 2139 862 ἦσαν
2173 794 2296 849 καθ’
2325 792 2400 850 ὧν
2432 815 2535 868 περ
2565 803 2658 855 καὶ
2706 803 3118 874 προσταχθείεν.
3167 805 3242 870 ὡς
3275 808 3396 859 κατ’

1822 884 2043 954 ἀγάπην
2070 885 2184 955 ἅμα
2212 890 2427 955 γυναιξὶ
2459 896 2833 965 μετῳκημένοι
2869 900 2960 951 καὶ
2985 897 3214 962 τέκνοις.
3279 899 3398 951 Ἕν·-

1806 975 2013 1028 τεῦθεν
2045 979 2137 1031 καὶ
2161 981 2310 1049 παρὰ
2340 987 2399 1033 τὸ
2425 985 2569 1047 εἰκὸς
2592 988 2974 1058 ἀγαπήσαντες
3006 993 3053 1041 οί
3085 991 3179 1043 ὑπ’
3203 990 3398 1061 ἐκείνῳ

1822 1066 2158 1135 ταττόμενοι,
2183 1071 2276 1126 καὶ
2307 1073 2508 1143 μᾶλλον
2530 1078 2577 1129 οί
2606 1077 2646 1130 Κ
2656 1078 2894 1148 ρητικοὶ,
2948 1080 3181 1151 ἧρξανῖιο
3212 1081 3398 1154 θερα-

1824 1157 2010 1212 πεύειν
2022 1163 2114 1213 καὶ
2141 1162 2361 1233 τρόποις
2374 1168 2466 1220 καὶ
2485 1166 2663 1236 λόγοις
2687 1169 2826 1243 ὑπὲρ
2844 1172 2873 1224 δ
2892 1173 3165 1243 προσῆκεν
3185 1160 3397 1244 ὲὲείνῳ,

1823 1252 1919 1301 καὶ
1947 1250 2024 1314 είς
2055 1251 2389 1310 ἀποστασίαν
2416 1257 2513 1329 τὴν
2544 1259 2654 1314 ἀπὸ
2687 1261 2951 1331 βασιλέως
2978 1265 3288 1329 ὑπέκνιζον.
3337 1266 3398 1320 '0

1822 1340 1878 1392 δὲ
1902 1342 2021 1398 νέος
2053 1341 2131 1395 ὢν
2166 1344 2341 1408 ἄλλως
2368 1350 2461 1403 καὶ
2485 1352 2748 1421 φυσηθεὶς
2781 1355 2846 1408 ἐκ
2871 1357 3134 1424 μεγίστου
3197 1359 3399 1429 φρονή-

1827 1446 2017 1498 ματος,
2044 1434 2110 1486 τὰ
2145 1435 2246 1503 μὲν
2275 1437 2468 1508 πρῶτα
2494 1443 2617 1504 τοὺς
2645 1443 2941 1512 λογισμοὺς
2976 1445 3400 1517 κραδαινόμενος

1824 1522 1989 1586 πολὺς
2017 1518 2085 1594 ἦν
2117 1528 2497 1599 προσλιπαρῶν
2527 1531 2752 1601 βασιλέα
2797 1538 2895 1605 τῆς
2939 1537 3113 1607 ἀρχῆς
3179 1540 3400 1608 μετατί-

1824 1611 2034 1668 θεσθαι.
2072 1616 2211 1669 Ἀλλ’
2236 1619 2336 1673 οὐκ
2367 1620 2605 1675 ἔπειθεν.
2639 1620 2769 1678 Οἶδα
2819 1626 2864 1678 δ’
2893 1627 3067 1696 ἔγωγε
3104 1631 3265 1697 γνοὺς
3322 1631 3400 1701 τῷ

1823 1706 2086 1763 πυθέσθαι
2111 1712 2204 1765 τοῦ
2245 1713 2505 1782 βασιλέως
2544 1719 2762 1792 Μιχαὴλ
2787 1723 2920 1791 ἡμῖν
2949 1723 3262 1793 ὁμιλοῦντος
3303 1730 3400 1780 καὶ

1826 1804 1954 1870 περὶ
1983 1802 2306 1874 ἀμφοτέρων
2344 1809 2451 1861 τῶν
2476 1810 2823 1883 αὐταδέλςρων
2863 1816 3111 1885 λέγοντος
3165 1821 3260 1874 καὶ
3322 1819 3400 1885 ὥς

2087 1913 2139 1949 τι
2186 1898 2294 1951 τῶν
2333 1902 2410 1962 είς
2454 1902 2671 1958 ἔπαινον
2738 1888 3026 1978 τιθεμένδυ
3068 1912 3242 1979 μέγαν
3298 1914 3400 1983 τῇν

1822 1980 2085 2071 τάδελφοῦ
2122 1986 2250 2056 περὶ
2283 1987 2508 2060 θατέρου
2534 1994 2712 2063 κρίσιν
2749 2000 2847 2066 τὴν
2884 1998 2981 2067 τῆς
3019 2002 3195 2071 ἀρχῆς
3219 1980 3399 2070 παρα-

1822 2070 1976 2127 λυσιν
2009 2075 2446 2145 ἐπισπεύδοντος.
2513 2083 2728 2158 Ἐπειδὴ
2764 2089 2870 2161 γὰρ
2914 2093 3119 2157 ἐκεῖνος
3156 2070 3270 2165 μὲν
3303 2099 3398 2152 καὶ

1823 2163 1930 2222 ὑπὸ
1958 2168 2210 2236 μεσίταις
2235 2172 2418 2243 ἐζήτει
2451 2175 2549 2248 τῆς
2577 2179 2750 2250 ἀρχῆς
2784 2181 3053 2253 ἀφεθῆναι
3095 2163 3190 2240 καί
3230 2188 3397 2252 πολὺς

1824 2339 1997 2395 seque
2047 2326 2309 2400 deinceps
2364 2333 2631 2393 viverent.
2694 2338 2838 2394 Ista.
2880 2356 3045 2411 porro
3093 2345 3399 2403 liberalitas

1825 2418 2226 2478 incredibiliter
2249 2424 2333 2478 illi
2358 2426 2584 2484 allectus
2615 2441 2671 2486 et
2712 2434 2893 2488 studia
2925 2439 3130 2507 pariter
3150 2442 3395 2496 omnium

1827 2512 2185 2577 conciliabat.
2214 2517 2432 2574 nemine
2488 2535 2599 2575 non
2652 2527 2926 2593 gaudente
2973 2531 3201 2587 subesse
3250 2536 3398 2605 regi-

1826 2603 1960 2658 tuini
1997 2613 2107 2659 tam
2162 2606 2387 2662 humani
2436 2626 2502 2665 ac
2554 2615 2799 2671 muniﬁci
2834 2619 3010 2687 ducis.
3048 2603 3397 2695 promptissis

1826 2711 2023 2766 meque
2061 2707 2255 2769 parato
2286 2702 2353 2757 ad
2389 2704 2611 2772 quidvis
2643 2709 2780 2764 citra
2814 2716 3192 2781 exceptionem
3229 2720 3394 2776 ullam

1822 2787 1979 2854 jussu
2011 2790 2131 2859 ejus
2175 2791 2459 2866 ductuque
2492 2800 2940 2868 aggrediendum.
2983 2807 3169 2880 itaque
3201 2827 3396 2882 grega-

1825 2881 1923 2934 tim
1976 2884 2041 2936 ad
2107 2884 2262 2939 illum
2294 2892 2702 2947 concurrebant
2755 2899 2995 2969 undique
3040 2918 3148 2958 non
3196 2906 3395 2978 singuli

1828 2972 2025 3039 solum,
2054 2977 2147 3031 sed
2173 2993 2302 3035 suas
2323 2981 2556 3052 quisque
2580 2983 2816 3044 familias
2858 3005 3056 3048 uxores
3090 3012 3157 3051 ac
3191 2972 3400 3053 liberos

1829 3065 2148 3131 trahentes,
2193 3078 2253 3122 ut
2310 3072 2432 3140 ejus
2490 3073 2766 3133 fortunam
2817 3082 2938 3139 sine
3000 3087 3109 3142 alio
3145 3102 3396 3161 respectu

188 3166 295 3221 dius
322 3168 505 3231 alveis,
544 3183 685 3237 quos
708 3168 816 3222 alte
851 3166 1028 3221 deﬁxa
1061 3167 1190 3222 hinc
1208 3176 1374 3236 atque
1406 3168 1533 3222 inde
1572 3168 1717 3238 tigna

1830 3168 2208 3225 sequerentur.
2258 3163 2412 3231 Quod
2443 3168 2490 3222 si
2527 3168 2631 3226 hoc
2682 3171 2949 3244 indigena
3006 3182 3201 3248 patriis
3253 3184 3400 3236 ultm

189 3259 660 3314 simulindicarent
711 3259 1125 3328 munirentque.
1180 3257 1291 3313 Has
1334 3260 1424 3315 ille
1478 3262 1730 3315 corriva-

191 3349 340 3406 tiones
385 3353 560 3423 stagni
614 3351 783 3406 missa
844 3366 1008 3405 manu
1071 3354 1405 3422 occupavit;
1451 3354 1731 3422 capitibus

190 3441 429 3513 tignorum
490 3444 828 3500 altrinsecus
887 3442 1263 3507 exstantibus,
1332 3445 1532 3501 validis
1586 3447 1730 3502 inter

190 3548 290 3589 sese
323 3535 539 3591 funibus
585 3535 855 3591 devinctis
908 3535 1149 3591 tabulata
1188 3535 1486 3606 imposuit,
1524 3538 1729 3607 quibus

190 3625 358 3683 deinde
401 3645 503 3700 pro
536 3630 654 3685 solo
707 3630 975 3691 turribus.
1013 3629 1159 3685 unde
1188 3630 1245 3684 in
1296 3646 1486 3685 muros
1519 3648 1729 3702 pugna-

190 3727 337 3783 retur,
363 3721 698 3777 sustinendis
744 3733 829 3777 est
868 3737 1027 3778 usus.
1071 3722 1164 3777 His
1195 3724 1446 3778 excitatis
1479 3725 1642 3793 212
1672 3725 1726 3778 in

192 3823 470 3880 suggestum
504 3816 744 3870 molibus
799 3815 1030 3884 imponit
1083 3816 1367 3871 machinas
1396 3817 1729 3872 subruendis
1764 3832 1771 3839 ·

192 3911 322 3970 aptas
364 3907 816 3975 propugnaculis,
885 3908 1210 3979 navigiaque
1278 3917 1472 3980 stagno
1526 3923 1727 3966 caetero

191 3994 324 4062 plena
379 3999 645 4054 militibus
696 3999 964 4064 immittit,
1026 4015 1146 4069 quae
1201 4008 1465 4070 quantum
1502 4011 1728 4072 possent

192 4088 510 4146 admoverent
555 4107 615 4147 se
647 4092 967 4154 munitioni.
997 4106 1214 4161 quiaque
1240 4091 1292 4147 vi
1337 4092 1607 4157 valerent,
1634 4107 1728 4151 aut

188 4177 445 4246 iaculando
505 4185 868 4255 praesidiariis
927 4184 1178 4254 petendis
1238 4193 1331 4239 aut
1392 4184 1725 4242 obsidionali

194 4272 482 4337 supellectili
520 4276 694 4330 muris
728 4275 1006 4329 tentandis
1035 4274 1255 4345 negotio
1296 4277 1593 4332 servirent.
1632 4277 1726 4334 Sic

194 4358 473 4428 aliquandiu
519 4374 823 4434 pugnatum
858 4365 1050 4434 exigua
1088 4380 1206 4434 spe,
1237 4364 1283 4418 si
1328 4365 1441 4419 arci
1475 4365 1724 4421 firmitati

192 4462 346 4512 parem
376 4457 696 4523 praesidiarii
730 4456 1069 4527 repugnandi
1121 4456 1488 4512 constantiam
1524 4458 1724 4529 junge—

196 4549 311 4595 rent.
343 4545 440 4602 Sed
495 4549 668 4602 robur
721 4562 914 4602 eorum
970 4549 1169 4618 partim
1234 4549 1601 4606 admiratione
1654 4565 1722 4607 ac

194 4629 372 4712 terrore
419 4637 656 4706 quodam
702 4637 862 4692 ducis
908 4637 1061 4707 ipsos
1101 4641 1507 4709 oppugnantis,
1561 4641 1724 4712 cujus

196 4710 317 4771 fama
344 4736 501 4790 supra
521 4727 799 4796 vulgarem
835 4728 1058 4782 modum
1088 4729 1288 4801 inclyta
1319 4710 1722 4797 celebrabatur,

197 4811 365 4874 partim
400 4813 584 4870 favore
634 4833 700 4874 ac
749 4833 940 4874 amore
998 4836 1161 4889 quem
1218 4822 1496 4891 plerisque
1546 4823 1724 4880 virtus

198 4896 321 4957 illius
348 4904 806 4977 humanitatisque
840 4909 1044 4979 passim
1076 4912 1367 4980 prmdicata
1396 4913 1722 4983 inspirabat,

196 4991 448 5049 remissum
482 4997 895 5068 emollitumqne
919 5002 1119 5055 sensim
1168 5011 1272 5066 est,
1308 5014 1469 5073 prout
1518 5005 1725 5061 multo-

197 5091 295 5135 min
343 5094 420 5141 est
468 5088 533 5141 ad
595 5088 748 5144 illum
798 5092 1115 5163 transfugiis
1153 5092 1486 5148 declaratum
1544 5096 1723 5154 cuivis

197 5175 458 5235 conditioni
506 5184 929 5252 praOptantium
982 5194 1090 5238 tam
1136 5186 1391 5242 amabilis
1425 5189 1584 5244 ducis
1626 5205 1724 5246 au-

197 5264 354 5331 spiciis
391 5273 654 5329 militare.
692 5274 787 5341 Sic
818 5275 912 5331 ille
938 5275 1043 5331 ista
1075 5278 1380 5333 munitione
1413 5281 1634 5350 potitus,
1666 5292 1724 5337 et

200 5354 272 5409 Illa
306 5376 402 5417 non
458 5366 620 5422 facile
662 5367 996 5422 numerabili
1029 5370 1264 5437 pecunia
1316 5371 1449 5438 illic,
1481 5379 1541 5427 ut
1577 5372 1722 5427 dixi-

106 5462 116 5473 '
200 5454 320 5530 M3.
344 5458 577 5521 condita.
608 5458 662 5513 in
705 5473 860 5514 suam
904 5459 1123 5515 redacta
1156 5470 1504 5530 potestatem,
1539 5466 1723 5519 muni-

201 5528 282 5588 ﬁce
307 5554 429 5597 usus
453 5559 564 5603 tum
599 5551 718 5606 suis
769 5553 838 5607 ab
872 5555 1101 5624 antiquo
1134 5528 1404 5610 militibus
1436 5557 1725 5631 splendide,

201 5637 595 5703 remunerandis,
622 5654 737 5698 tum
779 5645 850 5700 iis
880 5660 1101 5716 quoque
1131 5647 1266 5717 ipsis
1298 5648 1389 5718 qui
1423 5664 1616 5706 recens
1651 5652 1717 5706 ad

200 5717 345 5786 ipsum
374 5730 775 5802 transfugerant
824 5732 1185 5807 praemiandis
1222 5717 1630 5809 liberalissime,
1660 5755 1721 5801 ut

201 5810 302 5869 inde
326 5817 426 5891 jam
455 5823 702 5894 utrisque
725 5838 1043 5898 suppeteret
1068 5847 1179 5902 quo
1211 5821 1502 5892 commode
1531 5839 1721 5908 copio-

396 5920 657 5984 Pa'rnon.
696 5923 811 5986 Gn.
855 5928 1122 5991 CXLIV.

1836 3249 2043 3305 relictis
2097 3253 2421 3313 factitabant
2485 3262 2734 3328 sedibus,
2783 3267 2956 3323 multo
2993 3273 3209 3328 scilicet
3250 3275 3394 3330 idea...
3454 3298 3457 3301 λ

1834 3338 2162 3398 aﬂectabaut
2230 3351 2532 3407 studiosius
2589 3366 2836 3414 extorres
2887 3359 2998 3428 jam
3065 3364 3397 3435 Cretenses;

1833 3432 1925 3500 qui
1961 3439 2192 3501 patriam
2246 3437 2300 3491 in
2349 3441 2547 3497 exsilio
2581 3460 2641 3500 se
2672 3442 2947 3517 reperisse
2987 3455 3238 3514 arbitrati
3269 3432 3401 3518 talis

1831 3524 2017 3578 oblato
2049 3529 2306 3594 prasidio
2353 3537 2601 3602 patroni,
2657 3542 2910 3597 certatim
2945 3548 3094 3601 omni
3132 3549 3402 3621 obsequio

1833 3615 2102 3673 factorum
2156 3624 2564 3698 verborumque
2621 3634 2720 3687 toti
2772 3647 2936 3690 erant
2992 3638 3047 3693 in
3111 3615 3400 3702 ambienda

1830 3711 1934 3764 viri
1967 3714 2163 3782 gratia,
2194 3716 2583 3786 obsequiosius
2618 3723 2762 3779 haud
2792 3727 2957 3784 dubie
2990 3747 3151 3802 quam
3184 3738 3400 3806 privato

1830 3803 2071 3861 advenas
2121 3809 2177 3862 in
2217 3808 2564 3880 imperatoris
2608 3815 2817 3874 ditione
2869 3837 2993 3877 sese
3027 3803 3286 3884 addicere
3319 3833 3401 3888 fas

1828 3896 1994 3962 foret,
2025 3899 2273 3971 adeoque
2301 3906 2564 3974 cupidum
2589 3908 2847 3978 juvenem
2900 3931 3007 3970 non
3041 3919 3279 3977 obscure
3304 3921 3394 3977 in-

1827 3990 2064 4046 vitantes
2120 3993 2185 4047 ad
2260 4010 2571 4065 supremam
2642 4002 3006 4061 invadendam
3073 4021 3400 4080 potestatem

1828 4088 1992 4150 atque
2016 4082 2086 4137 ab
2119 4083 2451 4154 imperatore
2482 4089 2876 4149 deficiendnm.
2904 4096 3014 4152 Nec
3064 4102 3235 4155 surdo
3268 4105 3399 4171 ista,

1826 4187 2142 4244 quanquam
2199 4178 2615 4236 dissimulanter
2673 4185 2831 4241 initio
2880 4193 3399 4259 cunctanti,cane-

1827 4262 2047 4318 bantur.
2097 4265 2234 4321 Hinc
2287 4270 2435 4323 enim
2471 4273 2808 4329 consiliariis
2841 4287 2998 4334 utens
3055 4283 3122 4333 ad
3186 4285 3407 4351 pericli-

1827 4355 2054 4410 tandum
2119 4360 2365 4427 acribus,
2424 4379 2691 4433 generosa
2751 4370 2954 4434 indole,
3007 4373 3138 4427 ﬂore.
3198 4379 3403 4443 artatis,

1830 4447 2089 4504 felicitate
2121 4456 2475 4510 successibus
2504 4459 2758 4526 probata,
2794 4476 3007 4516 summa
3038 4465 3141 4519 sibi
3169 4483 3401 4539 quaeque

1831 4541 2177 4610 despondere
2236 4544 2475 4601 audebat
2526 4564 2543 4600 :
2594 4552 2721 4605 inde
2787 4563 2967 4608 tamen
3024 4560 3405 4618 retardabatur

1830 4636 2211 4704 magnitudine
2244 4637 2467 4708 incepti.
2501 4641 2688 4709 Quare
2737 4646 2977 4715 Spatium
3015 4649 3397 4711 deliberatioai
3484 4688 3487 4689 ν

1827 4734 2076 4795 captans,
2108 4738 2164 4782 et
2195 4728 2337 4784 forte
2361 4731 2522 4803 213
2555 4733 2853 4789 nascituris
2878 4736 3176 4795 imminens
3200 4757 3402 4814 oppor-

1828 4808 2178 4886 tunitatibus,
2211 4831 2395 4892 petere
2422 4825 2640 4880 interim
2696 4827 2764 4881 ab
2813 4829 3066 4900 Augusto
3103 4808 3306 4890 institit
3339 4849 3399 4890 ut

1825 4922 1884 4963 se
1933 4909 2003 4963 ab
2037 4909 2126 4964 illa
2188 4912 2537 4982 praefectura,
2593 4932 2755 4984 quam
2818 4928 2904 4973 sat
2956 4921 3051 4974 diu
3107 4924 3395 4992 gessisset,

1824 5012 2103 5058 amoveret
2135 5006 2356 5075 alioque
2386 5005 2733 5074 traduceret;
2764 5011 2910 5078 quod
2960 5014 3186 5070 minime
3218 5018 3399 5089 impe-

1826 5094 2011 5148 travit.
2038 5093 2183 5161 Quin
2231 5106 2284 5150 et
2316 5096 2433 5152 haec
2466 5098 2783 5168 seqaiorem
2828 5099 2881 5155 in
2916 5109 3127 5171 partem
3168 5119 3399 5176 accepta

1825 5185 1880 5240 in
1914 5186 2038 5240 aula
2072 5188 2269 5257 petitio
2315 5198 2421 5255 est,
2450 5200 2615 5260 prout
2653 5192 2786 5245 mihi
2832 5194 3070 5264 contigit
3097 5195 3402 5269 intelligere

1823 5294 1855 5335 e
1906 5278 2176 5335 Michaele
2237 5279 2487 5349 Augusto
2551 5282 2822 5352 Juniore,
2875 5288 3134 5343 familiari
3189 5305 3288 5360 per
3342 5292 3401 5346 id

1823 5373 2087 5443 temporis
2125 5374 2423 5444 colloquio.
2471 5374 2761 5432 Referebat
2817 5378 2908 5433 ille
2952 5381 3083 5434 mihi
3110 5420 3126 5443 ,
3162 5382 3425 5454 laudans

1823 5473 1879 5520 et
1942 5466 2251 5536 praedicans
2339 5483 2671 5539 magnopere
2734 5471 2958 5541 sapiens
3019 5474 3396 5541 protosebastl

1824 5559 2022 5628 (frater
2070 5560 2160 5615 hic
2211 5570 2330 5615 erat
2380 5559 2857 5632 Philanthropeni,
2892 5564 2960 5618 de
3008 5579 3120 5632 quo
3150 5565 3394 5635 agimus,

1823 5652 2020 5724 major)
2077 5652 2145 5708 de
2207 5654 2311 5725 hoc
2366 5654 2488 5725 ipso
2520 5654 2666 5710 facto
2695 5656 2996 5725 judicium.
3030 5658 3082 5712 ls
3112 5664 3398 5726 comperto

1823 5761 2145 5817 germanum
2175 5726 2335 5802 suum
2367 5748 2637 5804 minorem
2663 5750 2834 5804 semel
2868 5747 3065 5803 iterum
3089 5756 3144 5804 et
3170 5747 3395 5820 sapius,

1824 5838 2088 5897 adhibitis
2140 5840 2306 5897 etiam
2368 5841 2557 5896 eodem
2607 5840 2909 5896 amicorum
2940 5840 3158 5909 ofﬁciis,
3198 5851 3401 5912 postu-
3503 5832 3510 5859 '

3046 5936 3082 5996 8
