3922 6554
456 351 563 410 ἓπΰ

455 463 518 532 ἦν

456 557 547 606 καὶ
578 553 800 621 ἀδελφὸς
837 553 1046 606 ἐκείνου
1075 551 1444 614 δυσωποῦντος
1488 552 1700 605 ἀκούων
1734 551 2022 621 περιήλγει

455 646 548 699 καὶ
600 646 1006 715 κατεμέμφετο,
1053 646 1147 697 καὶ
1193 643 1355 697 αὐτοῦ
1411 644 1700 698 κατέναντι
1761 643 2023 712 βασιλέως

456 718 712 796 ἀπιστίας
743 736 908 803 ἐγγὺς
935 734 992 787 τδ
1025 736 1257 804 πρᾶγμα
1285 732 1514 804 ἔκρινεν,
1542 736 1608 804 ἦν
1638 752 1722 796 τις
1751 751 2024 786 καταστα-

457 830 568 890 θεὶς
605 827 682 890 εἰς
715 827 908 898 ἀρχὴν,
929 826 1245 898 πρότερονῆ
1279 827 1500 895 βασιλέα
1526 826 1618 894 ἀφ’
1644 825 1836 878 ἐαυτοῦ
1871 843 2024 895 κινη-

454 921 615 971 θέντα
643 918 906 982 κελεύειν,
929 919 1088 981 αὐτὸς
1120 919 1306 989 ζητοίη
1340 921 1431 974 καὶ
1469 919 1906 989 προσαναγκάζοι
1925 918 2024 986 τὴν

453 1013 663 1079 ἄφεσιν,
691 1009 942 1079 βασιλεὺς
963 1009 1054 1061 τὸν
1083 1010 1240 1077 λόγον
1269 1009 1689 1078 ἀποδεξάμενος.
1717 1009 1806 1060 ἐπὶ
1828 1006 2023 1076 σχολῆς

453 1105 578 1173 περὶ
603 1103 926 1172 ἀμφοτέρων
954 1103 1088 1172 προς
1115 1102 1258 1170 ἡμᾶς
1303 1101 1496 1169 λέγων,
1535 1100 1744 1152 ἐκείνου
1777 1099 1873 1169 μὲν
1924 1099 2023 1166 τὴν

454 1197 591 1266 ὑπὲρ
617 1195 711 1248 τοῦ
743 1194 1044 1249 ἀποθέσθαι
1077 1193 1176 1262 τὴν
1240 1193 1414 1266 ἀρχὴν
1471 1193 1682 1244 ἱκεσίαν
1731 1191 2017 1259 ὑπεδήλου,

450 1295 635 1345 τούτου
665 1292 718 1344 δὲ
742 1290 838 1357 τὴν
869 1290 1047 1359 κρίσιν
1080 1288 1379 1356 ἐθαύμαζε,
1427 1286 1568 1356 λόγῳ
1594 1285 1804 1346 δεικνὺς
1827 1284 2022 1336 ὁπόσον

448 1383 584 1438 οἶδεν
615 1378 766 1449 οὗτος
796 1384 935 1454 ὑπὲρ
966 1385 1170 1435 ἐκεῖνον
1205 1382 1264 1434 τὸ
1298 1381 1432 1450 πρὸς
1453 1380 1576 1442 τοὺς
1606 1378 1846 1447 βασιλεῖς
1872 1375 2024 1446 παρὰ

449 1482 557 1532 τῶν
580 1479 638 1529 ἐν
664 1477 807 1529 τέλει
832 1476 971 1527 κατὰ
1008 1475 1066 1527 τὸ
1097 1472 1240 1536 είκδς
1275 1472 1648 1540 ὀφειλόμενον.
1703 1469 1785 1521 Τὰ
1831 1467 2024 1537 πρῶτα

447 1573 579 1640 γοῦν
609 1571 780 1632 οὕτως
830 1570 1032 1640 ἐκεῖνος
1084 1566 1390 1635 οἰκονομεῖν
1436 1565 1576 1630 ἔγνω
1615 1561 1888 1623 τοιούτους
1939 1560 2026 1613 λο-

446 1635 679 1734 γισμοὺς
711 1635 1173 1730 ἀποκρούσασθαι.
1219 1656 1510 1725 Ἐπε“ιδὲὴ
1552 1655 1702 1725 ῥανὶς
1745 1652 2023 1722 ὴνδελέχει

446 1762 584 1814 ὥστε
611 1758 704 1809 κα)⁸
736 1755 832 1826 τὴν
866 1753 1092 1822 πέτραν,
1123 1750 1182 1804 τὸ
1210 1748 1302 1803 τοῦ
1326 1750 1505 1817 λόγου,
1535 1747 1819 1800 κοιλαίνειν
1855 1747 2020 1816 ἔχειν⁸

1661 349 1984 410 GEORGII
2027 348 2510 412 I’ACHYMERE

557 465 631 523 ,εἰς
663 461 816 514 τοῦτο
847 460 1118 531 δεόμενος,
1148 462 1174 512 ὁ
1221 461 1277 513 δὲ
1336 459 1546 529 πρῶτος
1595 461 1701 512 τῶν
1752 460 2026 522 σεϐαστῶν
2054 465 2103 522 Α
2132 462 2325 532 σωρὸν,
2349 463 2425 526 ὡς
2446 461 2607 516 αὑτοῦ
2645 461 2741 532 μὲν
2774 462 2891 516 δέον
2914 459 2974 516 ὃν
2996 465 3092 530 τὰς
3137 465 3395 536 δυνάμεις
3438 464 3719 523 ίκανοῦνο

3601 355 3720 418 25.6

2124 573 2213 617 τος
2237 555 2446 625 ρὁαις,
2471 557 2682 610 ἐκείνου
2728 559 2784 610 δέ
2812 557 3158 627 νοσφίζεσθαι
3217 559 3546 629 βουλομένου
3613 562 3720 615 τὴν

2123 646 2192 698 δι’
2222 648 2444 700 ἐκείνων
2491 648 2600 701 τῶν
2631 648 2840 720 ἐχθρῶν
2869 650 3170 720 προνομὴν,
3227 652 3480 722 φρόνημα
3515 653 3720 706 ἐντεῦ-

2125 738 2216 790 θεν
2241 740 2484 792 νεανικὸν
2512 742 2608 793 καὶ
2637 740 2812 794 πλέων
2843 739 2904 804 ἐξ
2936 740 3302 810 ἀνδραγαθίας
3353 744 3722 813 φρονήματος

2126 829 2575 883 ὑποκατακλίνειν
2603 832 2740 900 πρὸς
2767 831 2904 902 ὅπερ
2937 830 3128 902 ἦθελον
3157 831 3411 901 ἧρξαντο,
3450 833 3548 886 καὶ
3580 834 3718 888 ἁδο-

2125 919 2237 984 ξεῑν
2259 921 2477 973 ἐποίουν
2517 921 2594 985 ὡς
2622 921 2774 975 οὐδὲν
2804 921 2896 974 τὸν
2928 921 3198 991 δεσπότην
3247 922 3396 993 ὄντα.
3455 924 3720 992 Συνῆσαν

2123 1010 2272 1080 αὐτῷ
2307 1018 2399 1064 καὶ
2430 1012 2772 1082 μονάζοντες,
2806 1013 2834 1064 ὁ
2860 1012 2960 1083 μὲν
3004 1012 3194 1081 φιλίως
3215 1015 3243 1066 ὁ
3268 1013 3488 1083 Τάρχας
3516 1014 3587 1065 ἐκ
3623 1012 3724 1065 δύ-

2126 1121 2284 1165 σεως,
2319 1105 2438 1158 τότε
2472 1105 2530 1159 δὲ
2561 1105 2659 1174 τῆς
2683 1105 2791 1158 τῶν
2842 1106 3080 1158 Σανίδων
3137 1107 3300 1175 μονῆς
3355 1105 3721 1174 καθηγούμε-

2123 1215 2233 1262 νος,
2262 1199 2288 1249 ὁ
2323 1198 2380 1251 δέ
2432 1198 2748 1269 προσγενιῖκ
2793 1200 2824 1251 6
2887 1199 3279 1270 Ἀκροπολίτης
3341 1199 3718 1268 Μελχισεδὲκ,

2125 1287 2265 1350 θεῖος
2288 1287 2364 1341 ὢν
2390 1289 2488 1354 τῆς
2515 1288 2679 1343 αὐτοῦ
2724 1289 3000 1356 γυναικὸς,
3036 1290 3172 1360 πρὸς
3220 1291 3428 1344 ἐκεῖνον
3459 1290 3719 1360 ἔχοντες,

2123 1380 2172 1434 οἳ
2230 1381 2294 1450 δὴ
2355 1381 2451 1434 καὶ
2495 1377 2768 1450 ὼςιεῖχον
2805 1383 3138 1451 κατήπειγον
3193 1381 3292 1452 τὴν
3351 1385 3716 1452 ἐγχείρησιν
3747 1377 3771 1448 ι

2125 1473 2294 1526 πολλὰ
2318 1475 2425 1543 γὰρ
2455 1473 2639 1541 ἔλεγον
2673 1473 2875 1542 φθάσαι
2896 1475 3354 1546 πανουργήσασαν
3379 1475 3475 1546 τὴν
3505 1477 3717 1545 τύχην,
3753 1455 3756 1459 Ι

2125 1566 2302 1618 εἵπου
2336 1565 2411 1635 μὴ
2443 1565 2602 1628 αὐτὸς
2628 1565 2913 1635 προλαϐὼν
2951 1566 3051 1630 τὰς
3105 1567 3214 1622 ἀπὸ
3270 1567 3365 1622 τοῦ
3439 1568 3720 1636 βασιλέως

2123 1657 2292 1727 ὀργὰς
2322 1657 2665 1726 ὑποτέμοιτο.
2692 1657 2763 1709 Τὸ
2783 1657 2839 1710 δέ
2863 1675 2926 1728 γε
2957 1659 3350 1730 στρατιωτικὸν
3401 1661 3554 1714 ἅπαν
3612 1657 3718 1712 καὶ

2126 1748 2636 1819 παρακεκινημένον
2675 1745 2742 1818 ἦν
2766 1751 2858 1802 καὶ
2908 1749 3048 1820 πρὸς
3095 1751 3338 1821 ταραχὴν
3391 1752 3712 1822 μετέωρον,

448 1853 540 1904 καὶ
568 1850 617 1902 oi
640 1846 774 1918 ἀμφ’
802 1848 1004 1898 ἐκεῖνον
1036 1841 1300 1911 μετέωροι
1327 1841 1460 1908 πρὸς
1478 1837 1829 1902 καινοτομίαν
1859 1833 2017 1908 ἦσαν,
2059 1834 2213 1892 Βδιὰ
2249 1840 2436 1910 μίσους
2462 1841 2587 1904 τοὺς
2618 1841 2748 1908 περὶ
2803 1840 2896 1893 τὸν
2938 1841 3160 1911 βασιλέα
3212 1842 3548 1912 ποιούμενοι,
3617 1841 3723 1896 καὶ

451 1943 635 2011 μεῖζον
664 1941 695 2008 ἢ
740 1938 878 1990 κατὰ
907 1932 1210 2004 στρατηγὸν
1245 1931 1601 1992 θωπεύοντες,
1635 1926 1900 1989 καὶτέλος
1925 1925 2023 1996 τὴν

447 2017 553 2090 ἀπὸ
579 2033 670 2086 τοῦ
723 2028 986 2100 βασιλέως
1041 2025 1185 2087 τινὲς
1242 2023 1348 2076 τῶν
1408 2021 1618 2074 ἐκείνου
1674 2019 2024 2089 ἀποστροφὴν

447 2128 556 2182 οἷον
589 2127 685 2179 καὶ
717 2125 796 2186 είς
821 2122 880 2174 τὸ
927 2121 1217 2190 μετέπειτα
1271 2115 1596 2167 ἐπλάττοντο
1649 2114 1912 2173 κάκωσιν,
1963 2112 2022 2163 ἐν

447 2218 606 2286 δεινῷ
633 2213 918 2284 τιθεμένου
953 2209 1205 2277 λέγοντες
1263 2205 1352 2258 τὸν
1396 2202 1668 2256 τοσούτων
1724 2201 2022 2274 χρημάτων

450 2404 592 2452 lasse
643 2406 704 2451 ut
757 2393 862 2450 sibi
899 2399 1145 2462 potestas
1181 2386 1564 2458 abrogaretur,
1603 2397 1742 2454 aegre
1790 2381 1842 2436 id
1878 2379 2022 2450 ferre

449 2513 506 2546 se
541 2488 801 2551 ostendit,
833 2501 898 2540 ac
936 2497 1120 2538 coram
1154 2480 1400 2550 Augusto
1441 2476 1586 2532 haud
1617 2488 1779 2546 parce
1807 2473 2022 2542 vitupe-

449 2587 588 2638 ravit
638 2579 1032 2639 inconsultam,
1089 2582 1148 2628 ut
1198 2571 1400 2632 aiebat,
1448 2567 1772 2640 petitionem
1806 2563 2018 2628 fratris,

447 2693 564 2747 qua:
594 2691 701 2729 non
751 2671 978 2726 multum
1009 2667 1206 2720 abesse
1235 2665 1304 2717 ab
1341 2661 1663 2716 infidelitate
1709 2653 2016 2712 viderettir.

450 2782 527 2827 Αει
563 2785 669 2824 non
705 2766 849 2822 enim
881 2776 1006 2816 cum
1040 2757 1148 2814 fide
1191 2764 1358 2826 atque
1388 2753 1657 2821 obsequio
1702 2748 2014 2819 imperatori

450 2886 476 2917 ιι
549 2860 786 2917 subditis
852 2853 1034 2909 debito
1087 2861 1374 2920 pugnare,
1419 2845 1736 2914 praefectum
1793 2841 1862 2896 ab
1924 2840 2016 2894 illo

449 2952 715 3009 I'unctioni
756 2941 998 3017 cuipialn
1051 2958 1163 2997 non
1213 2945 1534 3010 exspectato
1568 2935 1833 3005 principis
1864 2941 2015 2987 motu

448 3045 667 3115 ιιι-θριὶο
730 3041 783 3095 id
847 3053 944 3108 per
997 3047 1312 3113 se‘agere,
1347 3031 1704 3086 vehementer
1759 3025 2016 3081 inStando

443 3117 882 3206 uxtorqucreque
934 3128 1111 3183 modis
1168 3124 1427 3188 omnibus
1482 3121 1732 3177 conando
1763 3159 1777 3184 ,
1830 3128 1886 3172 ut
1933 3117 2016 3171 vel

442 3235 569 3286 inde
622 3230 711 3283 ubi
761 3233 846 3281 est
893 3230 1237 3282 amoveatur,
1295 3216 1380 3270 vel
1434 3222 1821 3284 pronioreatur
1873 3210 2015 3273 alio;

444 3293 684 3389 qualium
725 3331 908 3371 rerum
958 3313 1176 3382 plenum
1211 3306 1499 3363 arbitrium
1532 3305 1717 3358 liberte
1755 3301 2016 3369 principis

443 3413 707 3470 voluntati
749 3408 985 3476 relinqui
1035 3405 1101 3458 ab
1151 3399 1410 3454 omnibus
1466 3412 1564 3466 par
1618 3396 1734 3458 sit,
1778 3408 1884 3446 una
1933 3392 2018 3444 in-

443 3514 707 3563 .liscusste
761 3513 814 3556 et
855 3518 886 3554 ο
923 3507 1058 3552 nutu
1091 3484 1342 3550 obnoxie
1365 3489 1656 3562 pendentis
1689 3484 2016 3540 obedientiaa

444 3606 545 3658 sibi
577 3600 748 3673 gloria
805 3596 1020 3650 relicta.
1057 3592 1187 3645 Eam
1222 3583 1587 3658 protosebasti
1630 3583 1939 3636 orationem
1984 3594 2013 3630 a

444 3717 501 3752 se
531 3696 773 3751 auditam
810 3687 1001 3741 multis
1033 3683 1216 3736 verbis
1261 3680 1330 3735 de
1355 3692 1616 3747 germano
1645 3682 1876 3741 utroque
1917 3685 2017 3724 no-

448 3792 658 3845 hiscum
699 3784 978 3838 disserens
1029 3778 1310 3845 Augustus
1356 3770 1554 3825 Junior
1592 3766 1890 3828 laudabat,
1938 3763 2017 3817 fa-

444 3893 594 3934 σιιιιιι
649 3876 877 3930 minoris
929 3870 1250 3940 reprobans,
1286 3864 1510 3934 majoris
1537 3859 1882 3932 prudentiam
1919 3857 2016 3912 ad-

449 3975 680 4039 mirans,
727 3983 792 4022 ac
846 3964 1101 4020 videlicet
1132 3976 1197 4016 eo
1225 3958 1448 4014 nomine
1501 3955 1655 4012 illum
1692 3951 1818 4006 huic
1856 3950 2016 4018 longe

447 4053 846 4136 praeferendum
893 4071 1174 4120 .censens;
1205 4052 1300 4122 qui
1333 4066 1476 4106 unus
1507 4048 1710 4104 callere
1743 4061 1802 4101 se
1830 4052 2017 4099 osten-

443 4163 618 4222 deret,
661 4153 806 4224 quod
843 4151 916 4207 sit
948 4147 1258 4220 gerentium
1307 4144 1664 4212 magistratus
1698 4151 1826 4208 erga
1868 4136 2015 4205 prin-

445 4253 595 4320 cipes
625 4246 884 4307 cilicium,
913 4257 1020 4311 qua
1047 4237 1413 4294 indifferentia
1440 4232 1730 4302 subjacere
1763 4229 2016 4284 volunta-

445 4347 590 4398 tibus
623 4354 836 4404 eorum,
885 4335 1030 4389 nulla
1088 4329 1328 4402 propria:
1367 4323 1747 4381 inclinationis
1800 4321 2014 4374 ratione

448 4435 656 4493 habita,
688 4431 944 4484 debeant.
998 4421 1110 4477 Nec
1157 4433 1290 4474 vero
1335 4418 1453 4493 inec
1504 4415 1646 4470 idem
1681 4412 1803 4466 aliis
1833 4411 2011 4465 solum

2125 1932 2376 2001 φανερῶς
2393 1932 2462 1985 τὰ
2480 1933 2577 1999 τῆς
2605 1933 2908 2003 μεταῦολῆς
2932 1933 3242 2000 ἠϐούλοντο,
3273 1935 3720 2001 διαγανακτοῦν-

2123 2037 2213 2084 τες
2245 2021 2292 2074 ei
2321 2021 2478 2075 αὐτοὶ
2512 2022 2612 2090 μέν
2636 2021 2724 2076 διὰ
2758 2023 2935 2075 πόνων
2960 2023 3260 2094 χωροῦντες
3286 2026 3380 2078 καὶ
3405 2024 3517 2078 τῶν
3552 2026 3720 2077 ἐσαεὶ

2124 2112 2389 2166 κινδύνων
2416 2113 2624 2184 ἑτέροις
2667 2113 2767 2185 τὴν
2798 2113 3045 2180 ἐξουσίαν
3102 2116 3438 2188 χαρίζονται,
3499 2117 3720 2169 ἐκεῖνοι

2123 2203 2166 2258 δ’
2198 2205 2254 2256 ἐν
2285 2204 2467 2257 ἀνέσει
2494 2205 2806 2275 τρυφῶντες
2839 2206 2972 2278 μηδὲ
3001 2207 3158 2279 χάριν
3197 2207 3498 2278 είσομένοις
3529 2207 3718 2278 ἐῴκεο

2124 2383 2446 2439 vertendum
2480 2399 2604 2454 spes
2633 2399 2760 2440 cum
2785 2393 2935 2440 metu
2966 2384 3332 2454 conspiraret.
3354 2382 3490 2438 Nam
3528 2384 3716 2441 iidem

2121 2475 2214 2545 qui
2263 2477 2442 2547 ampla
2505 2477 2584 2531 illi
2639 2476 2971 2532 defectionis
3031 2476 3386 2532 ostentabant
3446 2478 3716 2547 praemia,

2124 2568 2372 2632 timores,
2403 2568 2458 2620 ni
2492 2582 2556 2620 ea
2584 2577 2806 2622 strenue
2834 2577 3099 2638 captaret,
3134 2567 3478 2624 intentabant
3501 2583 3533 2623 a
3571 2578 3720 2624 tunc

2123 2659 2442 2730 potentibus
2486 2671 2928 2714 rerum-atroces
2976 2661 3227 2730 :quippe
3263 2660 3364 2717 hos
3408 2661 3515 2733 ipsi
3556 2662 3723 2716 clan-

2121 2753 2307 2808 culum
2364 2753 2610 2808 invidere
2646 2751 2946 2822 ﬂngebant,
2977 2767 3278 2824 gravesque
3320 2755 3371 2806 in
3412 2765 3717 2823 posterum

2120 2859 2316 2913 parare
2365 2843 2730 2899 calamitates.
2785 2844 3236 2914 Egre‘videlicet
3274 2846 3418 2900 ferre
3462 2845 3715 2914 impera-

2120 2947 2291 2992 torem
2335 2936 2610 3006 hujusque
2665 2936 2950 2991 ministros
2981 2937 3253 3004 aiebant,’
3283 2937 3428 3006 quod
3479 2937 3719 2992 Philan-

2121 3030 2423 3098 tliropenus
2459 3038 2662 3082 lautam
2694 3028 2842 3082 illam
2881 3039 2958 3082 tot
3004 3027 3254 3084 felicibus
3285 3029 3716 3084 incursionibus

2121 3129 2434 3188 congestam
2461 3135 2527 3173 ex
2560 3120 2716 3174 hoste
2747 3119 2984 3188 praedam
3015 3119 3423 3190 erogationibus
3447 3129 3505 3174 et
3526 3119 3718 3174 dona-

2123 3212 2270 3276 tivis,
2303 3212 2500 3281 quibus
2530 3227 2660 3267 suos
2699 3213 2898 3268 milites
2921 3212 3299 3281 locupletaret,
3331 3221 3506 3267 totam
3529 3213 3719 3268 effun-

2120 3303 2295 3366 deret,
2357 3303 2494 3356 nihil
2538 3317 2604 3355 ex
2657 3317 2718 3356 ea
2759 3302 2956 3355 arrario
3012 3302 3256 3356 inferret.
3305 3299 3397 3356 Sic
3456 3302 3720 3374 undique

2120 3395 2554 3448 circumventum
2577 3393 2772 3448 tumidi
2803 3393 3124 3448 muneribus
3153 3394 3383 3449 fortuna:
3405 3401 3461 3448 et
3497 3395 3714 3451 virium

2120 3487 2455 3541 conscientia
2511 3487 2736 3540 subnixi
2788 3486 3009 3554 juvenis
3035 3485 3280 3540 animum
3322 3485 3592 3556 paulatim
3629 3487 3719 3542 in-

2119 3579 2325 3632 clinare
2388 3594 2498 3646 quo
2551 3577 2805 3632 volebant
2848 3579 2973 3631 mali
3029 3577 3326 3634 consiliarii
3382 3588 3714 3647 cmperunt,

2121 3680 2274 3723 tanto
2326 3672 2641 3738 ingenerato
2699 3670 2776 3722 illi
2829 3678 3140 3738 contemptu
3190 3669 3591 3738 imperatoris,
3655 3682 3718 3725 nt

2117 3775 2242 3814 eum
2298 3776 2397 3829 pro
2447 3759 2780 3814 homunculo
2834 3759 2989 3813 nihili
3041 3773 3106 3812 ac.
3161 3773 3276 3813 sua:
3333 3759 3715 3817 dominationi

2119 3852 2359 3920 potentia
2389 3850 2726 3906 sustinendae
2773 3851 2971 3918 impari
3023 3851 3270 3906 haberet.
3303 3853 3712 3921 Cooperaban-

2119 3955 2207 3998 tur
2241 3945 2305 3997 ad
2358 3946 2664 4000 istiusmodi
2711 3961 2906 4001 sensus
2957 3947 3230 4016 talemque
3285 3948 3713 4004 persuasionem

2119 4039 2172 4092 in
2229 4037 2692 4108 Philauthropeno
2727 4039 3154 4093 confirmandam
3207 4048 3259 4094 et
3307 4039 3530 4108 quidam
3589 4058 3716 4096 mo-

2119 4131 2300 4196 nachi,
2334 4130 2579 4186 Tarchas
2624 4130 2875 4186 videlicet
2915 4131 3018 4201 ipsi
3059 4132 3291 4194 amicus,
3316 4147 3380 4186 ex
3431 4132 3713 4187 Occiduis

2111 4224 2388 4278 oriundus
2416 4223 2708 4286 tractibus,
2746 4233 2882 4278 tunc
2917 4233 3100 4280 autem
3148 4223 3483 4280 monasterio
3535 4222 3711 4279 Sani-

2116 4315 2243 4370 dum
2278 4315 2585 4387 praefectus,
2613 4325 2666 4368 et
2691 4329 2758 4369 ex
2787 4315 3033 4385 ejusdem
3063 4313 3485 4387 consanguineis
3515 4315 3713 4370 Acro-

2117 4408 2282 4478 polita
2339 4406 2766 4471 Melchisedech,
2833 4416 3062 4476 patruus
3121 4407 3294 4476 ipsius
3355 4407 3567 4462 uxoris.
3643 4406 3762 4472 Hi,

864 4516 988 4586 cuja
1052 4530 1145 4569 res
1189 4492 1534 4575 vertebatur,
1587 4506 1760 4561 frater
1813 4503 2007 4557 tacuit.
2043 4513 2088 4569 ι)
2116 4511 2379 4569 quantum
2412 4507 2666 4570 poterant
2710 4497 3239 4568 Philanthropenum
3285 4499 3353 4552 ad
3392 4499 3506 4551 cito
3533 4513 3710 4560 expc—

449 4615 659 4673 Monuit
710 4627 834 4668 eum
883 4609 1082 4664 litteris
1140 4607 1196 4660 in
1227 4603 1478 4658 eamdem
1535 4598 1758 4668 scriptis
1791 4603 2015 4651 senten-

447 4714 603 4774 tiain,
649 4715 705 4761 et
755 4713 851 4760 est.
882 4714 1212 4771 magnopere
1246 4699 1503 4752 hortatus
1538 4691 1674 4747 tales
1715 4698 1774 4744 ut
1820 4704 1849 4742 a
1893 4703 2013 4742 sese

451 4799 641 4873 procul
693 4795 1055 4866 cogitationes
1123 4790 1434 4858 repelleret.
1501 4783 1610 4839 Sed
1678 4781 2014 4838 efﬁcaciores

445 4893 590 4964 apud
631 4891 775 4945 hunc
826 4894 982 4942 erant
1013 4881 1367 4938 familiarium
1395 4887 1449 4931 et
1480 4877 1745 4930 clientum
1785 4887 2011 4928 suorum

447 4979 665 5036 assidue
695 4977 801 5046 ipsi
850 4973 1192 5029 adulantium
1235 4984 1422 5023 voces.
1465 4966 1562 5021 llis
1595 4981 1627 5021 e
1661 4965 1864 5034 spebus
1902 4963 2014 5032 ple-

365 5129 370 5134 ,
449 5075 602 5140 rique
657 5066 965 5124 ambitiosis
989 5063 1152 5133 214.
1187 5060 1528 5115 inhiabunde
1574 5057 1830 5127 suspensi
1887 5071 2010 5110 cum

447 5165 650 5218 nullum
703 5162 860 5215 linem
920 5155 1169 5211 facerent
1218 5151 1529 5207 inculcandi
1580 5150 1628 5205 ei
1661 5163 1792 5204 suas
1824 5147 2014 5202 laudes

448 5259 706 5324 illumque
744 5249 969 5305 intlandi
1027 5249 1290 5316 opinione
1343 5245 1548 5314 ingenti
1588 5257 1702 5297 suae
1754 5240 2016 5310 potentiae

449 5367 513 5403 ac
556 5347 760 5411 meriti,
797 5343 1002 5399 sensim
1034 5340 1218 5395 evenit
1249 5350 1306 5392 ut
1347 5335 1831 5407 quemadmodum,
1868 5331 2015 5402 quod

447 5442 625 5504 aiunt,
679 5438 876 5492 crebro
924 5450 1020 5504 per
1069 5434 1290 5502 longum
1341 5441 1558 5498 tempus
1601 5428 1761 5483 stillae
1818 5425 2016 5494 illapsu

448 5544 612 5598 petra:
643 5530 809 5585 etiam
835 5534 1165 5582 excaventur
1195 5520 1546 5592 quantumvis
1571 5518 1742 5583 dum,
1764 5520 1836 5570 ita
1865 5516 2018 5571 hisce

447 5623 688 5680 assiduis
743 5622 810 5673 ad
847 5618 1064 5682 altiora,
1113 5615 1316 5686 quibus
1370 5629 1429 5669 se
1487 5611 1712 5683 dignum
1771 5611 2016 5671 duceret,

447 5711 742 5786 quaerenda
801 5710 1000 5766 levium
1054 5706 1341 5763 hominum
1391 5703 1723 5774 impulsibus
1781 5699 2017 5767 denique

450 5807 538 5860 ille
586 5813 1050 5867 commoveretur,
1105 5814 1229 5855 cum
1266 5796 1570 5870 praesertim
1612 5795 1679 5849 ad
1718 5810 1842 5849 eum
1892 5808 2015 5862 per-

2117 4591 2373 4647 diendum
2427 4589 2748 4645 rebellionis
2800 4590 3094 4644 consilium
3135 4588 3438 4658 urgebant,
3477 4599 3704 4641 memo—
3759 4618 3766 4654 ξ

2117 4695 2300 4740 rantes
2355 4684 2775 4740 inconstantiam
2833 4683 3091 4748 fortunae,
3123 4691 3177 4738 et
3217 4697 3284 4737 ea
3341 4675 3708 4735 considerata
3760 4682 3766 4710 ί

2115 4777 2412 4833 cavendum
2463 4776 2565 4845 ipsi
2615 4775 2823 4831 aientes
2873 4791 2942 4830 ne
2991 4790 3113 4844 qua:
3170 4774 3412 4841 impense
3464 4766 3712 4824 favisset

2119 4867 2404 4932 hactenus,
2441 4866 2584 4920 mala
2629 4865 2682 4919 in
2737 4873 3022 4936 posterum
3070 4864 3120 4919 ei
3172 4864 3240 4918 ab
3274 4859 3492 4915 infenso
3544 4858 3709 4914 haud

2116 4961 2281 5016 dubie
2312 4960 2646 5028 imperatore
2673 4958 2998 5030 gravissima
3025 4956 3274 5018 cuderet,
3309 4966 3546 5023 quorum
3587 4967 3708 5006 una

2115 5064 2263 5110 esset
2291 5053 2798 5124 praevertendorum
2857 5067 2886 5106 a
2939 5065 3106 5122 seque
3138 5046 3577 5103 amoliendorum
3612 5060 3708 5099 ra-

2121 5151 2216 5213 tio,
2259 5149 2464 5202 larvam
2511 5163 2711 5202 exuere
2740 5149 3147 5216 quamprimum
3179 5153 3228 5198 et
3261 5140 3472 5197 servitii
3499 5139 3706 5211 jugum

2117 5249 2394 5295 excutere.
2433 5239 2831 5294 incumbebant
2880 5238 2936 5292 in
2984 5239 3123 5292 idem
3171 5236 3533 5289 vehementer
3569 5245 3709 5286 con-

2118 5333 2301 5386 cordia
2335 5337 2612 5388 exercitus
2639 5331 2904 5394 universi,
2933 5311 3332 5394 doctorumque
3358 5338 3421 5378 ac
3456 5323 3706 5376 militum

2120 5424 2231 5478 fere
2287 5432 2554 5493 quotquot
2607 5423 2662 5476 in
2700 5422 2864 5491 215
2919 5421 3028 5476 illis
3082 5418 3283 5474 castris
3324 5413 3708 5470 censebantur

2119 5517 2320 5572 studia.
2350 5517 2508 5586 Apud
2562 5515 2666 5570 hos
2703 5529 2898 5572 omnes
2931 5527 3128 5582 magno
3155 5512 3212 5564 in
3238 5509 3364 5564 odio
3399 5507 3709 5568 imperator

2119 5619 2172 5663 et
2212 5609 2329 5678 ejus
2371 5609 2671 5663 fariiiliares
2710 5619 2888 5662 erant.
2937 5604 3147 5660 Passim
3198 5603 3264 5657 de
3307 5595 3415 5650 illis
3450 5610 3709 5650 murmu-

2121 5701 2335 5763 rabant,
2363 5699 2709 5770 indignantes
2741 5700 2860 5753 suis
2897 5699 3143 5766 ipsorum
3186 5687 3508 5751 laboribus,
3553 5683 3708 5756 peri-

2120 5794 2257 5846 culis
2288 5792 2568 5862 continuis
2614 5807 2677 5844 ac
2739 5791 3062 5848 miserrimis
3099 5783 3363 5841 terumnis
3399 5782 3507 5837 cmi
3543 5789 3703 5835 tran-
