3922 6558
213 404 311 465 ΞΠ

1097 399 1193 459 DE
1231 396 1670 459 ANDRONICO
1718 395 2177 460 i’ALzEOLOGO
2218 399 2362 461 LIB.
2399 401 2510 461 ΙΙΙ.

3314 405 3417 466 ΞΣΒ

208 533 301 570 σαν
320 506 385 568 ὧν
406 508 460 566 εὖ
493 511 786 567 πεπόνθασί
809 529 868 566 τε
913 513 1004 566 καὶ
1051 515 1318 583 πάσχουσι
1373 513 1501 581 παρ’
1543 513 1744 577 αὐτῶν,
1779 522 1822 578 Α
1849 513 1910 566 οὐ
1938 512 2160 584 μετρίου
2192 513 2283 566 καὶ
2307 515 2423 575 ταῖς
2466 512 2603 582 ὑπὲρ
2643 511 2736 565 τοῦ
2792 513 2890 583 ζῇν
2929 513 3183 584 εὐμαρῶς
3239 517 3421 569 ἐλπίσι

203 607 326 662 ἀλλὰ
346 607 432 662 καὶ
469 604 665 675 μᾶλλον
698 604 790 658 καὶ
838 604 945 658 τῶν
999 603 1458 674 ἀποτεταγμένων
1518 600 1583 675 [Ρ
1617 606 1742 675 1461

201 701 504 754 κολούονται.
547 697 658 750 Καὶ
691 698 1112 769 προσερχόμενοι
1146 697 1290 751 κατά
1335 697 1524 767 στίχας
1582 698 1741 750 πλέον

201 794 498 865 ἐθεράπευον
523 789 616 843 τοῦ
653 792 879 854 εἰκότος,
910 792 1005 844 καὶ
1030 789 1322 861 ἀξιώτερον
1364 791 1551 859 ἄρχειν
1579 792 1741 843 αὐτὸν

201 888 335 956 παρὰ
373 885 489 946 τοὺς
533 883 725 946 ἄλλους
777 883 1050 936 ἐδικαίουν
1107 882 1202 936 καὶ
1266 881 1738 952 προσηνάγκαζον,

155 979 161 992 '
201 977 339 1043 ὀλίγα
364 974 617 1045 βασιλέως
639 975 732 1027 καὶ
750 973 860 1027 τῶν
899 972 992 1026 τοῦ
1024 972 1288 1042 βασιλέως
1343 973 1738 1042 φροντίζοντες.

204 1065 336 1121 Είναι
363 1069 463 1136 γὰρ
494 1067 690 1136 σφίσιν,
716 1067 781 1118 ἐκ
824 1064 1036 1120 πολλῶν
1089 1064 1148 1117 τὺ
1174 1064 1556 1134 βουλευόμενον
1612 1066 1740 1117 ἁνυ-

203 1161 330 1224 στδν,
361 1157 679 1227 καὶμᾶλλον
711 1157 878 1228 τριῶν
922 1156 1031 1208 τῶν
1089 1156 1476 1225 ἰσχυροτάτων,
1533 1155 1627 1207 τοῦ
1679 1173 1739 1208 τε

199 1253 278 1305 τὸν
295 1251 407 1305 λαδν
430 1251 605 1303 πάντα
641 1249 866 1319 ζημίαις
914 1247 1248 1317 βαρούμενον
1305 1247 1400 1299 καὶ
1427 1247 1739 1299 συνδόσεσιν

201 1343 272 1405 τίς
294 1343 609 1396 ἀποστασίαν
639 1341 859 1410 ἕτοιμον
887 1335 1048 1402 εἶναι,
1081 1339 1175 1390 τοῦ
1207 1355 1263 1390 τε
1302 1338 1513 1400 πάντας
1574 1340 1739 1406 εὐμε-

201 1434 292 1496 νῶς
315 1433 438 1502 πρὸς
459 1433 622 1484 αὐτὸν
643 1431 810 1499 ἔχειν,
835 1433 949 1484 ὅσοι
977 1430 1041 1498 δὴ
1091 1430 1183 1483 καὶ
1231 1429 1321 1481 ὑπ’
1379 1427 1526 1497 αὐτῷ
1579 1445 1744 1498 στραο

200 1525 548 1587 τεύονται,καὶ
575 1525 760 1594 τρίτου
807 1522 902 1576 τοῦ
954 1523 1048 1575 καὶ
1087 1521 1445 1592 παμπληθοῦς
1489 1523 1739 1591 εὐπορεῖν

202 1615 458 1686 Περσικοῦ,
479 1615 690 1684 ἀνδρῶν
733 1615 831 1667 οὐκ
871 1613 1029 1666 ἀλλον
1079 1613 1296 1665 εἰδότων
1345 1612 1497 1683 ἢτὸν
1541 1612 1737 1674 αὐτοὺς

201 1706 640 1776 αὐτομολήσαντας
671 1705 765 1758 καὶ
795 1702 1190 1772 ὑποδεξάμενον
1211 1703 1306 1755 καὶ
1350 1702 1424 1764 ὡς
1451 1702 1600 1761 είκδς
1647 1701 1735 1753 Θε-

203 1798 515 1868 ραπεύσαντα
545 1813 562 1828 ο
597 1791 734 1850 εἶναι
762 1795 817 1848 δὲ
844 1795 938 1848 καὶ
962 1797 1042 1856 είς
1067 1793 1312 1862 χιλιάδας
1346 1792 1733 1860 ποσουμένους,

1850 606 2273 675 σπερχομένους,
2301 606 2438 674 πρὸς
2473 605 2569 674 μὲν
2599 604 2657 658 τδ
2690 605 2789 674 τῆς
2831 607 3200 675 ἐγχειρήσεως
3255 611 3422 677 μέγε-

1847 694 1938 756 θος
1958 698 2050 748 καὶ
2083 696 2200 749 λίαν
2226 695 2457 765 ἄτολμος
2485 691 2554 766 ἦν
2593 696 2688 748 καὶ
2731 696 2992 757 ἐπιεικῶς
3045 700 3420 771 κατωρρὡει,

1845 786 1923 856 τῷ
1947 787 2004 839 δὲ
2033 787 2173 840 κατὰ
2197 789 2336 855 σφᾶς
2367 786 2635 854 ἀλογίστῳ
2667 787 2855 852 Θράσει
2890 789 2947 840 ἐν
2974 787 3185 842 ἐλπίσιν
3210 786 3278 861 ἦν
3300 797 3420 856 ταῖς

1849 881 2130 948 μεγίσταις
2154 879 2248 932 καὶ
2282 878 2581 948 ἀπεθάρρει
2621 879 2682 930 τὸ
2743 880 3016 949 τόλμημα.
3087 880 3227 934 Ἀλλ’
3273 884 3424 950 ὅμως

1846 970 2005 1042 πείρᾳ
2031 971 2202 1025 θέλων
2234 971 2424 1040 μαθεῖν
2476 973 2570 1024 καὶ
2615 970 2722 1024 τῶν
2758 971 2960 1026 λοιπῶν
3019 972 3116 1044 τὴν
3170 974 3418 1044 γνώμην,

1844 1059 1938 1110 καὶ
1964 1062 2012 1112 sl
2044 1061 2242 1124 πάντες
2264 1060 2614 1130 πρόσκεινται
2653 1065 2763 1124 τοῖς
2826 1062 3028 1126 αὐτοῖς,
3095 1068 3418 1133 συναγαγὼν

1843 1153 1924 1213 είς
1975 1152 2142 1204 ταυτὸ
2167 1152 2432 1214 συνόλους
2478 1152 2574 1206 καὶ
2601 1152 2816 1216 σταθεὶς
2859 1155 2950 1207 ἐπὶ
2977 1156 3159 1225 μέσων
3194 1158 3420 1212 πλεῖστά

1841 1259 1900 1294 τε
1930 1242 2288 1307 κατετείνετο,
2323 1243 2381 1308 ἐξ
2411 1237 2485 1296 ὧν
2509 1243 2748 1312 παρίστα
2768 1245 2866 1314 τὴν
2899 1247 3034 1315 πρὸς
3056 1250 3250 1312 αὐτοὺς
3285 1252 3422 1317 ἀγά-

1844 1351 1952 1401 πην
1983 1332 2162 1386 καὶτὸ
2189 1334 2482 1403 δημοτικὸν
2516 1335 2602 1404 ἐφ’
2646 1336 2843 1396 ἅπασι,
2876 1340 2975 1407 τήν
3029 1356 3088 1391 τε
3130 1341 3267 1411 ὑπὲρ
3319 1346 3421 1410 τῆς
3457 1388 3465 1407 ,

1842 1427 1950 1476 τῶν
1988 1425 2278 1494 Ῥωμαίων
2319 1427 2458 1495 μετά
2496 1428 2646 1496 σφῶν
2691 1429 2854 1482 αὐτοῦ
2909 1431 3168 1503 σπουδὴν,
3195 1435 3288 1487 καὶ
3320 1436 3420 1505 τὴν

1842 1518 1948 1568 άπδ
1975 1516 2086 1569 τῶν
2111 1519 2166 1570 ὲν
2193 1520 2371 1571 ἀνέσει
2397 1520 2488 1573 καὶ
2532 1523 2709 1592 τρυφῇ
2755 1522 3054 1591 διαγόντων
3087 1524 3237 1596 (τοὺς
3293 1529 3424 1598 περὶ

1839 1607 1930 1659 τὸν
1962 1607 2188 1677 βασιλέα
2217 1610 2528 1680 λέγων)οὑχ
2562 1613 2712 1676 ὅπως
2749 1614 3037 1684 ἀποδοχὴν,
3093 1615 3209 1670 ἀλλ’
3268 1619 3422 1672 οὐδὲν

1838 1693 2003 1770 ἦττον
2053 1701 2398 1771 ἀποστροφὴν
2443 1704 2536 1756 καὶ
2597 1704 2940 1769 ἐπαιτιάσεις
3003 1710 3204 1778 μυρίας
3257 1711 3425 1780 μηδὲν

1841 1790 2239 1860 προσηκούσας,
2297 1791 2484 1862 ὥσπερ
2552 1794 2620 1846 ἂν
2680 1796 2841 1858 αὐτὸς
2899 1800 2998 1866 μὲν
3052 1800 3264 1869 ἐτρύφα
3310 1805 3425 1866 τοῖς

205 1890 439 1960 μαχίμους
470 1888 807 1956 ξύμπαντας,
866 1886 984 1947 ἐνίος
1031 1883 1371 1954 ἐξημμένους
1427 1884 1734 1953 βλέμματος
1768 1876 1809 1930 Β
1839 1884 2124 1953 πράγμασι
2155 1884 2251 1936 καὶ
2286 1884 2502 1954 σύναμα
2532 1887 2981 1952 κατεδλακεύετο,
3009 1892 3204 1944 ἐκεῖνοι
3233 1893 3277 1944 δ’
3295 1893 3424 1946 ἐπό-

199 1978 276 2030 τοῦ
314 1978 442 2046 σφᾶς
498 1978 745 2044 ἄγοντος.
785 1975 968 2029 Ταῦτα
1009 1975 1259 2042 λέγοντες
1321 1973 1735 2044 κατεμάλασσον

198 2069 281 2136 ’τὴν
300 2067 492 2120 ἐκείνου
518 2067 747 2137 γνώμην
780 2064 1252 2135 μετεωριζομένην
1305 2061 1408 2133 ἢδη
1467 2061 1606 2130 πρὸς
1635 2062 1734 2128 ἀρ-

198 2158 284 2227 χῆς
314 2159 484 2225 ὄγκον,
512 2160 609 2212 καὶ
645 2156 895 2226 φανερῶς
921 2157 1248 2210 ἀποστατεῖν
1297 2153 1540 2207 ἔπειθον.
1599 2152 1735 2204 Τότε

199 2253 353 2302 τοίνυν
380 2251 567 2313 τόσους
599 2251 742 2320 ὀρῶν
771 2249 1014 2311 ἐκείνους
1065 2248 1417 2318 τολμήματος
1467 2246 1738 2315 γέμοντας

200 2430 393 2497 quillam
440 2428 756 2483 fruitionem
791 2429 917 2483 vitae
946 2425 1216 2481 aﬂluentis
1240 2425 1386 2479 Omni
1426 2425 1636 2479 honore
1665 2440 1730 2480 ac

201 2537 358 2575 rerum
390 2520 558 2589 copiis
591 2535 766 2588 usque
803 2521 872 2574 ad
904 2520 1088 2573 luxum
1138 2517 1455 2572 hominibus
1500 2517 1742 2586 ignavis-

201 2615 352 2678 simis,
383 2614 472 2684 qui
522 2627 591 2668 ne
645 2612 782 2667 tanti
831 2612 1054 2682 quidem
1088 2611 1354 2666 ducerem
1379 2608 1620 2679 profiteri
1648 2610 1741 2664 he-

201 2707 449 2770 nelicium,
475 2717 529 2762 et
561 2705 969 2762 infelicissimis
1001 2704 1273 2758 militibus
1312 2702 1554 2757 hostium
1591 2703 1736 2756 intra

201 2797 399 2852 limitem
452 2799 739 2852 incursum
794 2811 1019 2867 suorum
1057 2795 1277 2864 objectu
1329 2807 1623 2863 corporum
1656 2793 1742 2848 in-

201 2891 628 2953 tercludentibus,
657 2893 851 2946 saltem
913 2893 1090 2946 verbo
1144 2891 1337 2945 testari
1385 2906 1444 2944 se
1491 2889 1742 2944 nonnihil

200 2981 393 3038 debere.
447 2983 772 3054 Quanquam
828 2983 999 3038 videri
1038 2982 1380 3038 tolerandum
1416 2982 1462 3036 si
1514 2982 1742 3051 gratiam

202 3073 521 3130 bencmeritis
566 3076 888 3130 omitterent
935 3075 1186 3138 reddere,
1221 3076 1326 3129 nisi
1359 3075 1504 3144 quod
1535 3075 1747 3143 ingrate

1840 1992 1964 2028 νουν
2020 1975 2114 2028 καὶ
2158 1980 2475 2045 κατεγήρων
2505 1979 2618 2040 τοῖς
2669 1980 2892 2048 κράνεσι
2945 1984 3038 2034 καὶ
3073 1982 3270 2052 μάχαις
3306 1987 3424 2047 ταῖς

1841 2064 1963 2116 κατ’
1981 2063 2192 2132 ἐχθρῶν
2222 2065 2642 2134 παρεϐάλλοντο.
2693 2072 2878 2123 Δοκεῖν
2911 2072 3020 2142 γὰρ
3059 2074 3299 2138 ἐκείνους
3346 2077 3423 2147 μὴ

1842 2154 2052 2223 χαίρειν
2073 2155 2165 2207 ἐπὶ
2195 2156 2307 2218 τοῖς
2342 2157 2494 2225 σφῶν
2521 2157 2964 2229 κατορθώμασιν,
2989 2161 3127 2215 ἀλλὰ
3160 2166 3252 2216 καὶ
3283 2166 3423 2234 pax-

1841 2248 1931 2302 λον
1960 2250 2248 2320 ἀδημονεῖν
2278 2252 2373 2305 καὶ
2409 2251 2592 2307 ἀλύειν
2612 2254 2686 2320 ὡς
2713 2255 2861 2310 κακά
2902 2256 3228 2328 πάσχοντας.
3283 2259 3424 2333 Παρ⁹

1847 2425 2051 2480 auditis
2081 2426 2460 2482 emollicbatur
2513 2429 2750 2496 scilicet,
2783 2447 2847 2487 ac
2878 2433 3068 2490 volens
3105 2439 3422 2506 patiebatur

1847 2517 2162 2586 detorqueri
2221 2533 2280 2572 se
2311 2521 2364 2572 in
2420 2535 2650 2590 pravum
2709 2538 2740 2577 a
2803 2526 3133 2582 rectitudine
3187 2528 3355 2585 debiti
3395 2547 3424 2584 a

1846 2609 2063 2664 subdito
2131 2608 2476 2678 principibus
2527 2611 2712 2669 officii.
2770 2615 2947 2685 Atque
3006 2615 3134 2672 hinc
3205 2620 3425 2690 quidem

1847 2701 1977 2754 dum
2033 2702 2257 2766 studia,
2310 2704 2439 2756 dum
2493 2711 2641 2770 vota,
2672 2710 2800 2758 dum
2867 2707 3207 2765 alacritatem
3266 2729 3325 2766 se
3356 2713 3424 2766 ad

1849 2793 2135 2862 imperium
2165 2795 2478 2850 vocantium
2522 2805 2577 2850 et
2623 2811 2747 2866 spes
2797 2798 2852 2852 in
2882 2814 2948 2854 eo
2980 2801 3108 2856 vitae
3141 2802 3193 2856 in
3239 2812 3428 2871 poste.

1847 2901 1967 2938 rum
2008 2886 2144 2940 laeta:
2191 2887 2580 2944 collocantium
2635 2897 2715 2944 tot
2759 2891 3003 2946 virorum
3054 2892 3278 2948 fortium
3316 2898 3428 2951 cir-

1850 2978 2144 3046 curuspicit
2181 2991 2460 3047 reputans,
2499 2979 2659 3035 facile
2705 2983 3094 3049 proliciebatur
3143 2987 3208 3040 ad
3244 2989 3424 3056 palam

1851 3069 2151 3124 rebellandi
2182 3071 2598 3140 concipiendam
2641 3073 2954 3147 audaciam.
3000 3075 3214 3132 Rursus
3258 3079 3314 3132 in
3361 3096 3429 3134 eo

201 3169 579 3239 crudeliterque
631 3169 957 3231 actitabant,
1007 3169 1311 3224 benefactis
1366 3168 1632 3222 maleﬁcia
1663 3164 1821 3228 recc
1853 3161 2083 3228 cogitati
2142 3163 2340 3218 molem
2407 3162 2647 3232 imperii,
2685 3167 2888 3234 negotii
2949 3166 3165 3232 aleam,
3226 3169 3431 3240 incepti

203 3259 510 3325 penderent,
564 3260 835 3328 stipendia
889 3268 944 3314 et
1004 3259 1303 3324 pensiones
1362 3258 1734 3313 militantibus

203 3349 311 3404 olim
343 3353 667 3407 constitutas
720 3365 883 3405 avare
931 3365 994 3405 ac
1036 3350 1273 3421 maligne
1303 3351 1744 3405 intervertentes.

205 3439 488 3498 istiusmodi
537 3443 684 3512 pleni
712 3441 953 3498 turbidis
979 3441 1240 3497 sensibus
1277 3441 1486 3495 tribuni
1521 3455 1584 3494 ac
1618 3456 1748 3495 cen-

203 3539 420 3594 turlones
469 3537 674 3604 passim
710 3536 842 3590 totis
876 3535 1168 3591 ordinibus
1208 3533 1591 3603 manipulatim
1629 3541 1746 3586 tur-

205 3626 465 3696 matimque
489 3629 850 3698 sequentibus
888 3627 954 3683 ad
998 3626 1528 3696 Philanthropenum
1564 3627 1747 3696 quoti-

203 3715 275 3770 die
313 3719 532 3784 itabant,
568 3720 810 3776 honores
836 3720 892 3774 ei
921 3735 1043 3789 qua:
1070 3719 1246 3789 ipsius
1279 3717 1558 3788 fastigium
1590 3730 1749 3772 exce-

205 3809 366 3864 derent
408 3810 754 3873 deterentes,
791 3812 984 3882 eisque
1035 3810 1211 3864 multo
1246 3809 1505 3864 videlicet
1537 3809 1747 3878 dignio-

207 3915 298 3954 rem
327 3901 651 3958 afﬁrmantes
672 3904 854 3972 ipsum
883 3917 1048 3972 quam
1076 3901 1214 3956 istos
1243 3901 1406 3966 alios,
1446 3902 1540 3970 qui
1563 3909 1743 3954 tamen

207 3989 286 4045 hos
317 3992 412 4046 sibi
441 3993 639 4047 eximie
668 3993 935 4052 reservari
985 3991 1249 4048 ducerent
1282 4006 1522 4061 aequum.
1571 3989 1746 4044 Adde-

208 4080 419 4138 lianthis
467 4086 573 4138 vim
613 4100 750 4154 pene
785 4086 1081 4154 quamdam
1135 4099 1403 4154 supremae
1461 4084 1745 4153 dignitatis

205 4174 494 4244 arripiendae
549 4176 956 4246 deficiendiquc
1014 4177 1082 4230 ab
1129 4177 1461 4246 imperatore
1519 4176 1742 4245 palam,

207 4266 317 4320 nihil
351 4269 484 4338 ejus,
536 4271 744 4339 quippe
796 4268 1034 4322 imbellis
1093 4267 1421 4338 debilisque,
1458 4283 1560 4323 nec
1593 4267 1744 4323 iner-

207 4357 316 4412 lium
351 4370 402 4414 et
442 4361 649 4430 pariter
703 4359 1052 4414 imbecillium
1104 4360 1280 4428 ipsius
1336 4360 1741 4423 ministrorum,

207 4455 518 4514 quantumvis
547 4467 846 4508 exarsuras
888 4451 974 4506 his
1010 4451 1217 4506 auditis
1245 4452 1360 4506 iras
1391 4467 1512 4507 sese
1543 4467 1744 4508 curare

1850 3254 2281 3323 magnitudinem
2314 3255 2643 3322 aestimante,
2661 3257 2799 3313 adeo
2829 3259 3255 3327 elanguescebat
3278 3263 3430 3332 prior

1849 3343 1939 3398 ille
1983 3345 2244 3414 impetus,
2271 3353 2335 3398 ut
2369 3347 2598 3400 horrore
2651 3363 2762 3401 non
2795 3349 2965 3403 dubio
2998 3351 3200 3406 tentari
3235 3353 3434 3406 nimia-

1849 3454 1955 3507 que
1985 3439 2286 3510 constringi
2320 3439 2608 3514 formidine
2633 3441 2936 3495 videretur.
2965 3441 3107 3514 Ergo
3127 3445 3270 3499 inter
3293 3446 3431 3502 istos

1848 3539 2020 3586 astus
2078 3532 2362 3594 alternos,
2400 3513 2688 3602 hinc'spei
2741 3534 2936 3591 alienis
2984 3513 3434 3606 suggestionibus

1851 3624 2093 3679 obtrusaa
2127 3664 2142 3688 ,
2211 3624 2362 3678 illinc
2411 3633 2589 3679 metus
2647 3627 2868 3695 propria
2933 3627 3434 3696 circumspectione

1851 3717 2077 3782 admoti,
2125 3712 2357 3772 libratus
2385 3721 2500 3786 ipse
2535 3719 2662 3773 licet
2703 3719 2997 3773 momentis
3049 3720 3310 3792 utrinque
3337 3737 3436 3792 pa-

1852 3809 2004 3862 ribus
2029 3849 2043 3872 ,
2078 3817 2132 3863 et
2192 3809 2436 3863 incertus
2493 3808 2674 3863 adhuc
2718 3811 2959 3875 consilii,
2987 3819 3049 3865 ut
3078 3813 3269 3868 saltem
3301 3813 3438 3867 alio-

1850 3915 1996 3964 rum,
2029 3915 2266 3969 quorum
2295 3901 2478 3956 minus
2518 3901 2824 3956 eminerent
2859 3903 3064 3970 studia,
3103 3905 3432 3960 sententiam

1851 3992 2234 4059 experimento
2270 3990 2712 4061 deprehenderet
2739 4007 3019 4055 arcanam,
3061 3996 3433 4066 probaretquc

1851 4095 1981 4134 num
2013 4096 2208 4136 omnes
2241 4082 2578 4136 unanimiter
2624 4083 2708 4136 sui
2767 4083 2971 4138 milites
3007 4084 3060 4137 in
3090 4086 3433 4154 propositum

1852 4173 1960 4237 sui,
1994 4172 2260 4242 quidquid
2289 4174 2702 4242 aggrederetur,
2734 4177 2998 4244 sequendi
3029 4177 3097 4230 ad
3123 4187 3430 4233 extremum

1851 4261 2267 4328 conspirarent,
2299 4263 2512 4316 vocatis
2562 4265 2614 4318 in
2657 4267 2980 4320 concionem
3035 4267 3324 4321 militarem
3354 4269 3435 4324 si-

1854 4353 1964 4404 mul
2017 4356 2259 4419 cunctis,
2291 4356 2446 4409 stetit
2502 4356 2667 4410 altior
2727 4357 2781 4410 in
2827 4359 3030 4416 medio.
3086 4360 3436 4427 plurimaque

1851 4445 2141 4512 disseruit,
2187 4463 2516 4518 magnopere
2571 4450 2899 4503 incumbens
2935 4451 2999 4502 ad
3051 4449 3436 4504 demonstran-

209 4537 530 4600 declarantes.
574 4542 885 4598 Secessioni
915 4544 1061 4598 enim
1095 4543 1165 4598 ab
1194 4542 1263 4598 iis
1311 4559 1428 4598 sua
1477 4545 1746 4600 defectio-
1777 4528 1822 4584 Π
1847 4538 1971 4591 dam
2005 4553 2162 4592 suam
2200 4539 2259 4591 in
2294 4553 2484 4596 omnes
2537 4541 2864 4596 charitatem
2903 4541 3202 4610 mitemque
3233 4555 3298 4594 ac
3331 4557 3434 4610 po-

210 4629 345 4698 nique
378 4635 712 4690 sustinendae
764 4650 831 4690 ac
868 4636 1003 4690 citra
1035 4639 1198 4691 dmne
1246 4636 1567 4706 improsperl
1613 4652 1744 4691 suc-

209 4734 367 4778 cessus
405 4725 705 4790 periculum
765 4729 982 4782 tuenda:
1025 4728 1131 4780 tria
1183 4726 1288 4782 sibi
1327 4727 1520 4782 adesse
1555 4728 1745 4783 fortis-

211 4810 319 4864 sima
373 4815 641 4881 praesidia,
697 4817 938 4885 primum
991 4817 1331 4872 aversionem
1396 4833 1427 4872 a
1479 4819 1746 4886 regimine

218 4901 436 4956 ιιαιεειιιὶ
495 4914 548 4954 et
613 4904 944 4972 prauitatem
1005 4905 1060 4958 in
1117 4921 1205 4961 res
1265 4922 1436 4962 novas
1495 4907 1798 4964 universi-

215 4989 390 5056 populi.
415 4991 638 5048 tributis
674 4993 1166 5064 exactiunibusque
1207 4996 1323 5051 sine
1355 4997 1461 5052 line
1493 4997 1747 5051 immani-

211 5075 293 5132 bus
315 5083 582 5148 exhausti,
624 5083 860 5140 alterutn
893 5085 1132 5142 favorem
1165 5105 1230 5143 ac
1260 5090 1588 5146 benevolum
1628 5099 1746 5146 stu-

212 5168 332 5224 dium
361 5174 410 5227 in
433 5175 957 5246 Philanthropenum
980 5182 1162 5235 omnis
1193 5182 1473 5237 hominum
1503 5186 1742 5254 generis.

213 5266 477 5327 praesertim
507 5269 695 5321 autem
728 5267 831 5322 sub
883 5269 1058 5340 signis
1103 5271 1222 5340 ejus
1257 5275 1606 5336 merentium,
1632 5281 1747 5329 tero

214 5350 320 5405 lium
353 5355 579 5426 denique
629 5358 872 5427 ingentis
906 5361 1272 5416 multitudinis
1315 5362 1604 5418 Persarum
1639 5365 1748 5419 vir-

217 5446 464 5505 lllleillius
497 5466 561 5505 ac
594 5450 927 5507 liberalitate
961 5454 1370 5515 devinctorum,
1400 5465 1749 5525 paratorum-

215 5546 301 5598 que
325 5536 383 5589 ad
415 5551 600 5597 nutum
641 5545 799 5614 sequi
847 5553 1178 5616 quocunque
1226 5547 1467 5602 duxerit.
1512 5549 1743 5612 Horum,

217 5624 422 5695 aiebant,
458 5633 623 5687 multa
663 5638 837 5692 millia
882 5639 1311 5695 fortissimorum
1356 5650 1409 5695 et
1455 5641 1614 5695 bellis
1648 5643 1747 5693 tri-

218 5723 366 5775 lorum
417 5723 696 5782 hominum
759 5741 1077 5800 exspectare
1116 5731 1186 5786 ab
1235 5747 1301 5787 eo
1357 5733 1572 5802 signum
1626 5747 1749 5800 pro-

219 5813 383 5879 missi,
422 5819 581 5874 simul
627 5819 891 5889 innuerit,
950 5824 1264 5895 transfugii.
1318 5823 1411 5880 llis
1469 5825 1559 5880 ille
1584 5826 1747 5895 216

1855 4631 2097 4697 pularem
2128 4645 2226 4700 per
2259 4632 2443 4685 omnia
2506 4633 2814 4701 imperandi
2882 4633 3146 4688 rationem
3176 4672 3192 4696 ,
3242 4648 3433 4688 verum

1855 4731 2116 4792 praeterea
2165 4721 2406 4776 studium
2461 4723 2516 4776 in
2569 4739 2683 4777 rem
2729 4722 3036 4778 Romanam
3093 4739 3220 4778 cum
3270 4740 3434 4779 suum

1854 4821 1969 4866 tum
2027 4813 2293 4881 ipsorum,
2346 4813 2491 4883 quod
2545 4815 2919 4884 perspiceret;
2977 4817 3221 4886 glorians
3265 4817 3435 4872 etiam

1854 4913 1906 4956 et
1936 4905 2219 4972 gratulans
2249 4906 2500 4975 utrisque
2532 4907 2921 4976 communiter,
2950 4909 3094 4977 quod
3131 4918 3238 4962 tam
3277 4910 3437 4980 longe

1855 4997 2108 5051 abessent
2143 5001 2212 5050 ab
2243 4999 2579 5052 assentando
2614 4999 2723 5054 illis
2765 5000 2986 5062 otiosis,
3020 5002 3112 5069 qui
3153 5001 3316 5056 vitam
3377 5003 3434 5058 in

1854 5089 2182 5144 remissione
2227 5105 2290 5144 ac
2322 5090 2454 5143 luxu
2493 5092 2868 5157 transigerent
2903 5093 3008 5162 (sic
3041 5094 3434 5163 imperatorem

1855 5191 1908 5234 et
1946 5181 2088 5248 apud
2121 5197 2246 5235 eum
2280 5182 2536 5237 assiduos
2563 5185 2907 5253 traducebat)
2935 5195 2994 5240 ut
3035 5195 3436 5242 succenserent

1856 5274 1925 5328 iis
1962 5273 2133 5328 libere
2181 5288 2449 5344 suamque
2507 5276 2575 5330 ab
2620 5277 2812 5345 ignava
2871 5277 3111 5344 ipsorum
3169 5279 3436 5347 segnique

1856 5366 2086 5420 mollitie
2121 5367 2470 5422 aversionem
2521 5369 2743 5423 minime
2787 5369 3228 5424 dissimularent.
3258 5374 3436 5439 Atque

1856 5457 1945 5511 hic
1996 5456 2204 5512 effusus
2251 5457 2480 5514 licenter
2514 5470 2597 5515 est
2637 5461 2688 5514 in
2733 5462 3150 5516 criminationes
3180 5462 3433 5514 innumeo

1857 5563 1947 5602 ras
1990 5549 2320 5618 regentium,
2382 5546 2571 5620 parum
2616 5561 2710 5607 aut
2767 5553 2906 5607 nihil
2968 5553 3306 5621 pertinentes
3361 5550 3433 5605 ad

1857 5655 1993 5704 rem,
2039 5655 2278 5697 causans
2323 5645 2712 5713 imperatorem
2761 5645 2986 5714 quidem
3028 5642 3249 5711 defungi
3282 5642 3433 5696 ludi-

1857 5733 2038 5788 bunde
2081 5736 2341 5806 negotiis,
2384 5752 2538 5791 suam
2570 5753 2637 5792 ex
2677 5738 2762 5791 his
2801 5737 2962 5791 unice
3001 5734 3431 5791 oblectationem

1857 5827 2152 5897 captando,
2189 5842 2427 5898 cumque
2490 5828 2862 5886 familiaribus
2914 5828 3200 5898 regimiuis
3261 5826 3433 5884 mini-
