3862 6554
452 365 558 427 239

1686 369 2011 432 GEORGII
2053 370 2534 432 PACHYMERE

3607 367 3704 429 2m

449 471 524 529 ὧν
551 480 642 531 καὶ
659 479 709 531 τί
749 480 1044 552 προσδοκᾷν
1081 477 1219 536 εἶναι
1244 481 1350 536 τῶν
1381 477 1604 550 ἀγαθῶν
1631 485 1741 547 τοῖς
1761 484 2030 554 ὁσημέραι
2059 489 2104 545 Δ
2135 486 2629 556 προσποιουμένους
2663 484 2762 553 τὴν
2794 484 2885 536 ὑπ’
2937 481 3132 551 ἐκείνῳ
3183 479 3426 535 δουλείαν
3475 478 3567 531 καὶ
3619 480 3704 533 ὑπ’

451 571 1028 644 ταλαιπωρουμένοις..
1065 576 1197 627 ὅπου
1225 593 1286 644 γε
1319 576 1413 629 καὶ
1441 577 1538 629 οὐκ
1569 577 1778 645 ἀγαθὰς
1816 579 1913 641 τὰς
1944 579 2039 634 ἀπ’

457 665 678 718 ἐκείνων
711 666 846 738 πρὸς
896 667 1095 730 αὐτοὺς
1139 668 1447 738 ἀφιγμένοις
1502 671 1689 740 φήμας
1738 672 1903 740 φόϐον
1948 674 2040 725 τὸν

457 757 684 826 ἔσχατον
707 760 950 827 ἐμποιεῖν
966 775 1028 811 συ
1038 758 1250 828 μϐαίνει
1267 761 1341 824 ὡς
1358 762 1834 832 διαπραττομένοες
1855 765 1918 816 τὰ
1933 765 2039 834 χεί-

454 866 647 919 ριστας
674 851 856 904 Ταῦτα
884 853 926 904 δ’
951 849 1086 905 εἶναι
1125 853 1200 924 μὴ
1245 855 1404 923 μόνον
1433 857 1643 908 πολλῶν
1699 857 2036 924 φθονούντων

453 942 649 1006 ἄλλων,
687 944 818 995 ἀλλὰ
853 945 943 995 καλι
1007 944 1266 1014 βασιλέως
1318 945 1483 998 αὐτοῦ
1531 947 1700 1015 μηδὲν
1760 949 2038 1008 ἐπαῖοντος

455 1035 591 1101 πρὸς
625 1035 690 1087 τὰ
727 1036 856 1105 παρ’
897 1034 1074 1086 αὐτῶν
1099 1052 1114 1066 ⁸
1150 1056 1166 1086 t
1199 1030 1272 1090 Οὗ
1302 1036 1362 1103 δὴ
1415 1037 1488 1104 μὴ
1536 1037 1916 1105 συνηδομένου,
1963 1037 2038 1093 ὡς

453 1127 517 1178 ἐκ
541 1125 648 1178 τῶν
681 1126 1018 1196 πραγμάτων
1043 1128 1106 1179 ἄν
1134 1145 1215 1185 τις
1253 1129 1345 1180 καὶ
1395 1127 1478 1198 [Ρ.
1511 1129 1634 1198 M7]
1700 1129 2036 1195 συλλογίσαι-

453 1233 536 1278 το,
574 1235 591 1267 ι
634 1216 810 1280 ἔλεγε,
841 1237 858 1266 t
900 1219 1257 1285 κατορθοῦσιν
1295 1220 1444 1287 ἡμῖν,
1487 1219 1731 1284 σφαλεῖσι
1791 1236 1850 1284 γε
1898 1219 2035 1271 πάνκ

453 1325 559 1371 τως
603 1309 685 1371 τίς
734 1309 888 1371 ἐλπὶς
937 1310 1345 1371 ὐπολέλειπταις
1383 1329 1402 1361 ι
1453 1310 1637 1362 Ταῦτα
1695 1311 1890 1378 λέγων,
1943 1311 2034 1362 καὶ

450 1403 550 1464 τὰς
596 1400 852 1469 δυνάμεις
916 1401 1400 1472 καταδημαγωγῶν
1459 1401 1536 1470 τῷ
1587 1404 1678 1454 καὶ
1721 1402 2034 1472 βαθυτέρων

452 1492 720 1546 ἅπτεσθαι
775 1493 870 1546 καί
911 1493 963 1562 γ’
1016 1495 1424 1564 ἐμφανεστέραν
1483 1496 1580 1562 τὴν
1622 1494 1782 1546 αὐτοῦ
1811 1494 2035 1562 γνώμην

453 1587 626 1638 ποιεῖν
649 1586 722 1648 ὠς
761 1585 1281 1656 ἁποστατησείοντος
1311 1589 1406 1638 σὺν
1441 1587 1644 1646 αὐτοῖς,
1682 1588 1728 1637 εἰ
1763 1586 2034 1654 βούλοιντο

455 1676 616 1731 (οῦτω
668 1677 776 1744 γὰρ
834 1676 898 1728 ἂν
949 1676 1161 1730 καὶτοῦ
1189 1676 1376 1728 λοιποῦ
1415 1677 1672 1746 εὐμαρῶς
1731 1677 1953 1741 διάξειν,
1984 1678 2032 1728 εί

454 1765 578 1817 καθ’
613 1767 807 1828 αὐτοὺς
836 1768 1120 1828 πονοῦντες
1153 1768 1307 1820 αὐτοὶ
1345 1768 1451 1820 τῶν
1488 1768 1744 1821 κινδύνων
1776 1769 1842 1820 τὰ
1893 1764 2028 1820 ἆθλα

455 1857 847 1926 καρπίζοιντο),
879 1859 1036 1921 εὐθὺς
1067 1861 1158 1911 καὶ
1205 1858 1283 1912 ἔτι
1340 1861 1599 1929 συνείρων
1650 1861 1774 1922 τοὺς
1819 1859 2029 1926 λόγον’,

457 1953 549 2001 καὶ
575 1950 681 2001 τῶν
707 1951 1046 2018 κρατούντων
1069 1951 1136 2004 τὰ
1163 1952 1331 2006 πολλὰ
1363 1953 1778 2020 καθαπτόμενος
1815 1953 1883 2014 ὡς
1911 1952 2034 2022 μηδ’

455 2043 581 2094 οἴων
607 2043 653 2095 τ’
677 2043 947 2112 ἐσομένων
998 2044 1210 2105 ἑαυτοῖς
1255 2044 1483 2113 ἀμύνειν
1519 2044 1856 2115 μηδὲ-βραχύ
1893 2046 2036 2098 ὲκεί-

459 2153 562 2187 νων
594 2135 1021 2201 ἀποκ).ινάντων,
1057 2137 1428 2208 ὑπερηφανῶν
1469 2138 1602 2200 ὅλως
1650 2140 1745 2192 καὶ
1809 2138 2036 2208 μεγαλι-

454 2229 677 2295 ζόμενος
700 2229 754 2279 ἐν
777 2229 888 2290 τοῖς
907 2227 1247 2298 πράγμασιν,
1271 2229 1510 2290 ἐκείνους
1531 2228 1752 2298 εὕρισκε
1783 2227 2038 2296 παραυτὰ

455 2319 762 2387 πειθηνίους
792 2321 844 2378 ἐς
878 2319 1032 2371 τόσον
1063 2318 1203 2371 ὥστε
1234 2320 1329 2372 κα)⁵
1375 2319 1506 2388 βοᾲν
1548 2318 1882 2372 ἁπεντεῦθεν
1941 2319 2037 2372 καὶ

456 2409 603 2462 πόλλ’
648 2412 782 2463 ἅττα
829 2412 1004 2478 λέγειν
1050 2413 1317 2482 ἀπόφημα
1360 2413 1502 2466 κατὰ
1548 2411 1832 2481 βασιλέως,
1891 2414 2038 2466 ἀπο-

459 2589 592 2643 stris
665 2587 967 2643 indormire
1021 2587 1219 2658 supine
1271 2589 1425 2643 curis
1480 2589 1758 2658 publicis,
1829 2591 2039 2646 neutris

461 2683 613 2750 pensi
651 2681 951 2751 quidquam
988 2681 1342 2747 habentibus,
1374 2683 1513 2738 bene
1547 2699 1614 2737 an
1646 2700 1810 2738 secus
1838 2687 2038 2755 populo

459 2785 639 2835 esset,
691 2775 820 2827 dum
875 2788 1099 2827 suarum
1159 2774 1296 2843 ipsis
1354 2785 1638 2830 constaret
1689 2786 1840 2830 certa
1895 2779 2041 2831 ratio

461 2865 754 2933 fruitioque
780 2867 1158 2933 voluptatum:
1188 2883 1206 2915 ι
1238 2864 1346 2919 Nos
1377 2868 1579 2936 quippe
1609 2867 1850 2929 interitu,
1879 2867 2043 2921 adde-

469 2959 579 3020 bat,
613 2960 731 3012 vice
765 2958 1008 3026 ipsorum
1039 2957 1391 3021 laboramus;
1416 2966 1601 3011 nostra
1633 2959 1735 3012 sub
1764 2960 1932 3027 galeis
1954 2974 2046 3013 ca-

462 3049 571 3113 pita
605 3055 926 3100 canescunt.
955 3045 1062 3097 Nos
1085 3044 1138 3097 iu
1169 3044 1282 3097 acie
1310 3057 1558 3111 stamus;
1591 3061 1690 3098 nos
1714 3044 1894 3112 praelia
1916 3059 2040 3097 cum

461 3137 619 3204 217
667 3135 918 3189 hostibus
967 3133 1222 3198 facimus,
1265 3137 1476 3188 utinam
1524 3134 1664 3197 istis,
1697 3135 1789 3203 qui
1851 3133 2036 3188 fructu

461 3237 773 3282 nostrarum
823 3241 1191 3280 aerumnarum
1229 3226 1581 3286 deliciantur,
1633 3227 1875 3294 gaudere
1923 3228 2037 3280 sal-
2070 3216 2111 3238 "

469 3331 576 3375 tem
613 3320 964 3389 dignantibus
1001 3319 1164 3372 allato
1187 3319 1539 3373 vietoriarttm
1572 3329 1879 3373 nostrarum
1907 3335 2044 3372 nun—

467 3416 580 3468 tio!
621 3413 865 3468 invident
897 3414 1040 3467 enim
1073 3422 1264 3466 contra
1295 3412 1457 3465 nobis
1485 3413 1670 3466 sterile
1701 3412 1833 3465 illud
1862 3411 2053 3480 ipsum.

469 3510 662 3572 decus,
724 3519 777 3561 et
832 3508 926 3560 irze
985 3513 1283 3575 pra-textus
1331 3499 1617 3572 humrttnt,
1691 3519 1759 3556 ne
1810 3504 2042 3573 gratiam

463 3600 664 3655 debere
694 3601 1002 3653 videantur.
1033 3599 1222 3665 Itaque
1251 3597 1457 3649 nostris
1499 3596 1851 3651 successibus
1884 3596 2041 3672 audi:

469 3695 540 3749 tis
581 3703 818 3749 aestuare
873 3693 1022 3761 ipsos
1055 3691 1373 3759 dolorisque
1411 3691 1563 3759 signa
1603 3690 1779 3744 intitni
1831 3671 2043 3758 ceguo;

471 3785 650 3837 vimus
707 3782 916 3836 edere:
978 3781 1110 3850 quin
1161 3789 1217 3834 et
1273 3779 1424 3847 queri
1480 3789 1738 3848 tanquam
1782 3779 2039 3848 injuriam

471 3890 684 3944 passos.
720 3873 877 3929 Unde
907 3872 1214 3940 intelligitis
1245 3886 1409 3939 quam
1443 3874 1747 3926 mercedem
1789 3872 2043 3926 heroico-

475 3981 593 4018 rum
643 3964 831 4018 abhis
862 3973 1184 4031 exspectare
1224 3961 1528 4016 facinorum
1575 3964 1892 4018 debeamus.
1934 3963 2040 4017 Ve-

474 4073 592 4110 rutn
627 4057 729 4109 boe
760 4055 940 4124 ipsum
980 4055 1183 4108 certius
1211 4055 1534 4123 quotidiana
1570 4057 1910 4124 experientia
1941 4072 2043 4112 nos

471 4153 652 4213 docet,
696 4148 832 4202 nihil
880 4148 1006 4202 inde
1035 4147 1180 4200 aliud
1218 4147 1468 4216 accipere
1501 4147 1694 4201 solitos
1729 4149 1833 4202 nisi
1871 4163 2042 4203 novo-

471 4261 591 4297 rum
648 4242 1020 4310 injunctiones
1070 4242 1340 4306 laborum,
1373 4243 1782 4299 imminutiones
1824 4245 2044 4313 stipen-

469 4337 686 4390 diorum
722 4343 988 4400 veterum,
1020 4334 1422 4388 subtractiones
1450 4335 1857 4399 alimentorum,
1891 4336 2046 4389 deni-

472 4443 578 4496 que
615 4427 792 4479 ntinas
826 4425 996 4480 sortis
1035 4425 1086 4477 in
1123 4425 1597 4494 posterumetiam
1633 4425 1857 4493 pejoris.
1892 4423 2043 4478 Fidis

2145 575 2294 645 αὑτῷ
2313 576 2598 630 τάττεσθαι
2633 575 2905 638 θέλοντας.
2929 572 3093 627 Ὅθεν
3126 572 3220 625 καὶ
3251 569 3516 637 ἀλλήλους
3543 586 3707 640 παρα-

2143 663 2510 736 κροτήσαντες
2533 666 2609 729 ὼς
2639 666 2792 719 οὐδὲν
2820 658 2894 718 ὧν
2931 664 3175 732 ἔγνωσαν
3229 659 3704 731 μεταϐληθησόμε-

2141 774 2244 820 νοι,
2280 756 2442 810 αὑτὸν
2467 756 2557 810 καὶ
2586 755 2683 826 τὴν
2705 753 2998 824 ἡγεμονίαν
3025 751 3271 820 δέχεσθαι
3305 748 3708 818 κατηνάγκαζον

2141 848 2216 908 ὡς
2243 847 2382 915 ὑπὲρ
2409 845 2569 899 αὐτοῦ
2591 863 2652 914 γε
2688 845 2780 898 καὶ
2807 842 3212 912 τεθνηξομένων
3242 842 3523 903 ἁπάντων,
3553 837 3605 893 εἰ
3633 842 3706 902 είς

2139 940 2381 1008 ἀνάγκην
2405 943 2524 992 τινὰ
2560 941 2908 994 κατασταῖεν.
2935 939 3044 990 Καὶ
3075 935 3232 988 τοῦτο
3261 931 3508 1001 συμϐαίη
3535 947 3549 960 ·
3577 930 3704 1000 μηδὲ

2140 1030 2247 1099 γὰρ
2279 1032 2423 1100 ἔχειν
2455 1030 2698 1083 ἐντεῦθεν
2726 1029 2858 1091 ὅλως
2887 1028 3295 1097 ἀφηνιάσαντας
3345 1025 3705 1092 ἀμφιγνωμοο

2139 1124 2248 1174 νεῖν
2279 1123 2366 1174 ἐπ’
2395 1121 2610 1186 ἐκείνῳ,
2647 1121 2761 1174 ἀλλ’
2807 1119 2989 1183 ἀξιοῦν
3039 1119 3363 1189 ἐρρωμένως
3385 1118 3482 1170 καὶ
3527 1113 3707 1166 τοῦτον

2141 1214 2328 1279 στῆναι
2356 1215 2479 1275 τοὺς
2511 1213 2803 1281 λογισμοὺς
2837 1214 2929 1264 καὶ
2963 1211 3130 1280 μηδὲν
3159 1209 3264 1263 τῶν
3288 1209 3386 1262 ὅσα
3412 1208 3569 1276 φέρει
3600 1207 3706 1266 τοῖς

2138 1303 2261 1354 καθ’
2299 1303 2462 1356 αὐτὸν
2489 1303 2711 1372 ἀρωγὴν
2740 1305 2856 1364 ταῖς
2888 1300 3200 1370 ἁμφινοίαις
3232 1294 3705 1366 καταπροΐξεσθαι.

2138 1394 2287 1464 Μηδὲ
2325 1395 2432 1464 γὰρ
2470 1394 2677 1447 δίκαιον
2709 1393 2906 1454 αὐτοὺς
2959 1393 3058 1460 μὲν
3100 1392 3164 1443 ἐκ
3215 1389 3308 1442 τοῦ
3372 1390 3706 1457 παραχρῆμα

2135 1488 2282 1548 ὅλαις
2341 1486 2520 1552 ἡνίαις
2576 1485 2722 1553 αὑτῷ
2778 1483 3118 1552 προσρυῆναι
3172 1481 3266 1534 καὶ⁵
3326 1479 3489 1532 αὐτοῦ
3551 1479 3705 1545 μόνου

2137 1579 2382 1650 ἔχεσθαι,
2413 1580 2508 1632 καὶ⁵
2543 1579 2574 1646 ἢ
2609 1577 2871 1638 θωπείαις
2901 1575 2935 1644 ἢ
2964 1574 3147 1643 φόϐοις
3172 1574 3388 1642 ἕτοιμον
3409 1569 3547 1623 εἶναι
3578 1571 3706 1623 ὲνδι-

2135 1674 2285 1726 δόναι
2315 1689 2372 1725 τε
2405 1673 2498 1724 καὶ
2540 1671 2833 1740 ὑποχαλᾷν.
2872 1668 3042 1721 Τοῦτο
3086 1667 3196 1738 γὰρ
3243 1667 3370 1720 ἰδεῖν
3421 1681 3574 1725 τινας
3617 1662 3707 1716 καὶ

2138 1769 2228 1819 ἐπὶ
2253 1768 2358 1817 τῶν
2387 1763 2765 1834 ἐνοχλούντων,
2800 1763 2964 1833 βάρος
2995 1763 3056 1815 τὸ
3080 1760 3385 1831 προστυχὸν
3428 1759 3590 1827 εἴπερ
3616 1757 3707 1825 οὐχ

2137 1858 2252 1926 ἃμα
2278 1860 2478 1920 πάντες
2509 1856 2835 1930 ἐρρωμένως
2867 1855 2977 1908 οὐδ’
3000 1855 3106 1907 ἀπὸ
3140 1855 3269 1923 μιᾶς
3299 1854 3394 1904 καὶ
3418 1851 3518 1919 τῆς
3545 1850 3706 1918 αὐτῆς

2137 1945 2390 1998 ἀνωθοῖεν
2429 1946 2749 2009 ὲνστάσεως,
2782 1943 3134 2008 κινδυνεύειν,
3169 1944 3220 1996 ετ
3247 1960 3388 2002 τινες
3417 1941 3704 2007 καθυφεῖν-

2137 2055 2218 2100 το,
2253 2036 2505 2090 ἐντεῦθεν
2532 2038 2764 2106 πάσχειν
2796 2035 2867 2088 τὰ
2887 2037 3089 2105 ἔσχατα
3137 2035 3476 2104 ξύμπαντας.
3527 2031 3709 2098 Μέγαν

2137 2125 2182 2178 δ’
2217 2121 2356 2178 εἶναι
2381 2125 2474 2178 καὶ⁸
2492 2125 2678 2178 τοῦτον
2708 2125 2804 2195 οὐχ
2833 2120 2993 2197 ἦττον
3019 2125 3110 2178 τὸν
3138 2118 3319 2186 ἆθλον,
3381 2124 3476 2175 καὶ
3530 2119 3706 2188 κοινῆς

2140 2219 2235 2284 τῆς
2265 2217 2371 2269 ἀπὸ
2399 2217 2616 2270 πάντων
2635 2217 2885 2286 δεόμενον
2917 2217 3056 2269 κατὰ
3083 2216 3143 2268 τὸ
3192 2216 3466 2285 προσῆκον
3525 2211 3712 2264 ἐνστά-

2142 2321 2298 2366 σεως.
2335 2305 2517 2358 Ταῦτα
2563 2305 2828 2372 λεγόντων
2859 2323 2917 2358 τε
2971 2305 3066 2358 καὶ
3094 2303 3170 2373 τῷ
3197 2303 3374 2373 πιστῷ
3402 2301 3548 2354 κατὰ
3579 2301 3711 2368 σφᾶς

2143 2395 2334 2467 οὰρῤει
2365 2397 2632 2461 διδόντων,
2664 2395 2804 2450 εἴκει
2829 2396 2982 2466 μόλις
3009 2397 3213 2458 ἐκεῖνος
3241 2396 3335 2448 καὶ
3355 2393 3413 2446 τὸ
3441 2392 3542 2462 τῆς
3589 2395 3711 2462 ἠγε-

2143 2589 2459 2632 noslrorum
2517 2589 2710 2634 contra
2759 2580 2944 2637 hostes
2994 2594 3346 2636 successuum
3373 2580 3578 2634 nullam
3625 2593 3712 2634 ac-

2149 2673 2484 2738 quiescentis
2511 2674 2679 2727 animi
2711 2675 2954 2728 laetitiam
2985 2688 3048 2729 ac
3080 2673 3503 2744 gratulationem
3536 2680 3712 2727 osten-

2145 2764 2285 2818 derit
2329 2765 2574 2826 audiens,
2625 2767 2969 2831 offensionis,
3002 2766 3046 2821 si
3073 2781 3179 2833 qua
3218 2764 3414 2829 Marte,
3460 2774 3518 2818 ut
3563 2765 3704 2828 solet,

2147 2856 2298 2909 vario
2350 2856 2403 2908 itt
2462 2856 2619 2911 bellis
2675 2857 2952 2923 inciderit,
3003 2873 3228 2926 sperare
3272 2859 3488 2911 veniam
3540 2857 3712 2926 possi—

2149 2961 2292 3002 mus.
2336 2964 2353 2997 ι
2393 2946 2567 3015 Super
2619 2947 2730 3001 haec
2770 2949 2924 3018 plura
2971 2951 3253 3019 congessit
3307 2951 3401 3003 ira:
3437 2950 3492 3002 in
3546 2954 3711 3020 impe-

2146 3049 2333 3094 rantes
2363 3041 2709 3094 concitandae
2741 3042 2980 3095 militum
3016 3051 3070 3096 et
3119 3043 3458 3110 contemptui
3497 3059 3712 3095 eorum-

2147 3131 2270 3186 dem
2316 3133 2696 3198 ingenerando
2728 3134 3168 3198 accommodata,
3199 3151 3307 3204 quo
3351 3137 3432 3189 sic
3461 3138 3712 3203 explora-

2152 3232 2232 3276 ret
2259 3226 2466 3279 certius
2521 3225 2651 3294 quid
2687 3227 2762 3279 illi
2799 3226 2968 3281 animi
3021 3227 3300 3291 haberent,
3340 3241 3714 3300 quantumque

2153 3316 2205 3369 in
2231 3317 2427 3373 studiis
2450 3319 2668 3372 illorutn
2698 3335 2759 3374 ac
2790 3321 2892 3375 fide
2915 3337 3040 3390 erga
3067 3338 3124 3376 se
3147 3325 3419 3377 constanti
3444 3327 3712 3380 collocare

2151 3409 2365 3464 fiduciae
2412 3426 2522 3464 non
2575 3412 2954 3482 imprudenter
2995 3426 3201 3484 posset.
3240 3416 3315 3469 Eo
3345 3416 3516 3477 enim,
3560 3428 3616 3470 ut
3643 3418 3720 3472 di-

2151 3503 2354 3566 ximus,
2407 3505 2642 3559 consilio
2691 3505 2833 3560 hanc
2878 3516 2997 3560 erat
3053 3508 3336 3576 ingressus
3386 3510 3714 3572 orationem,

2153 3601 2213 3645 ut
2256 3593 2508 3647 intimam
2551 3595 2850 3648 astantium
2899 3596 3124 3650 eliceret
3182 3599 3512 3651 sententiam
3568 3612 3720 3653 arca-

2153 3701 2362 3755 nasque
2414 3687 2648 3742 nudaret
2693 3690 3042 3754 voluntates;
3071 3690 3128 3743 id
3183 3691 3326 3760 quod
3373 3691 3523 3745 baud
3557 3693 3719 3746 dubie

2153 3786 2492 3833 consecutus
2552 3787 2657 3834 est.
2724 3779 2823 3834 Illo
2892 3783 3039 3834 enim
3098 3782 3242 3836 ultra
3297 3782 3409 3851 jam
3480 3786 3717 3840 indicata

2151 3878 2416 3941 pergente
2483 3886 2791 3926 memorare
2861 3870 2929 3926 de
2989 3875 3460 3943 contemptissima
3525 3876 3715 3931 inertia

2152 3964 2384 4018 duorum
2441 3966 2838 4030 Augustorum,
2888 3963 3054 4033 218
3101 3965 3167 4017 de
3214 3964 3716 4020 administrantium

2153 4067 2242 4110 res
2283 4057 2384 4110 sub
2440 4056 2562 4109 istis
2616 4054 2930 4108 inconsulta
2984 4054 3260 4118 socordia,
3317 4056 3383 4108 de
3431 4056 3624 4125 inopia
3666 4066 3717 4110 et

2151 4147 2524 4204 imbecillitate
2557 4147 2703 4200 illius
2739 4147 2856 4200 sola
2899 4147 3008 4216 jam
3050 4149 3231 4218 specie
3265 4164 3519 4217 vanaque
3557 4149 3719 4216 maje-

2151 4249 2290 4294 state
2332 4239 2544 4308 antiqui
2586 4238 2825 4294 nontinis
2871 4242 3167 4309 perstantis
3237 4242 3601 4310 principatus,
3629 4242 3715 4311 qui

2149 4347 2221 4388 ne
2277 4332 2502 4385 minimo
2561 4333 2779 4402 quidem
2839 4341 3030 4387 contra
3088 4334 3422 4402 insui-gentis
3474 4335 3718 4402 cujusvis

2151 4424 2396 4479 incursui
2428 4424 2782 4486 sustinendo,
2825 4424 3021 4479 nedum
3066 4427 3383 4495 repellendo
3447 4430 3719 4483 ulciscen-

470 4520 618 4575 enim
657 4519 960 4572 amicorum
1012 4516 1230 4570 indiciis
1259 4515 1523 4569 discimus
1561 4524 1654 4568 aut
1700 4515 1901 4570 deferri
1950 4523 2125 4597 autD
2151 4517 2290 4570 dove
2351 4531 2447 4585 par
2502 4520 2731 4570 omnino
2785 4517 2860 4570 sit
2921 4517 3174 4585 futurus;
3211 4535 3448 4588 cumque
3511 4522 3598 4573 bis
3651 4532 3712 4571 ex
3751 4557 3764 4588 ης

472 4612 654 4666 delata
705 4608 951 4664 simulari
1002 4609 1187 4677 gravia
1244 4607 1296 4661 in
1354 4621 1454 4662 nos
1504 4607 1631 4660 illuc
1679 4607 2047 4670 crimina,-de

474 4704 675 4774 quibus
723 4703 851 4756 dum
907 4699 995 4754 isti
1037 4699 1362 4763 deliberant,
1421 4697 1584 4752 nobis
1625 4697 1757 4764 quid
1808 4698 1956 4751 aliud
1991 4701 2048 4752 fit

474 4797 746 4866 reliquum
798 4807 960 4862 quam
1011 4791 1067 4845 in
1117 4791 1258 4845 tristi
1304 4789 1717 4859 exspectatione
1759 4805 2046 4858 pmoarunt

475 4889 904 4943 saevissimarum
955 4884 1220 4953 trepidam
1253 4884 1583 4951 anxiamque
1627 4882 1791 4935 vitam
1825 4882 2046 4944 dueere,

477 4985 660 5050 utique
703 4995 826 5032 mox
871 4976 1112 5046 pessima
1164 4975 1438 5046 passuris,
1467 4989 1529 5027 ea
1565 4975 1740 5028 solum
1773 4974 1840 5027 de
1881 4987 2049 5026 causa

475 5075 618 5144 quod
669 5073 961 5126 fecerimus
1009 5068 1261 5138 optima?
1298 5065 1487 5135 Neque
1535 5067 1585 5118 bi
1636 5067 1808 5135 magis
1857 5068 1906 5118 in
1949 5081 2047 5120 nos

476 5164 842 5234 ingratissimi
885 5178 1085 5217 sensus
1135 5159 1571 5214 ministrantium
1628 5157 1739 5212 illic
1786 5168 1842 5212 et
1883 5161 2048 5211 rebus

479 5256 856 5329 gubernandis
895 5255 1276 5324 prasfectorum
1327 5267 1490 5318 quam
1525 5251 1695 5319 ipsius
1739 5250 2048 5329 suntprin-

475 5351 636 5419 cipis.
686 5346 903 5400 Primus
952 5345 1042 5398 ille.
1076 5354 1129 5396 et
1159 5343 1397 5395 maxime
1425 5343 1669 5395 omnium
1711 5341 1916 5394 iuvidct
1953 5355 2050 5393 no-

475 5443 576 5502 bis.
612 5441 698 5494 ille
732 5449 786 5493 ct
819 5435 1240 5506 implacabiliter
1286 5449 1386 5488 nos
1419 5433 1535 5486 odit
1572 5451 1584 5486 :
1615 5433 1705 5486 ille
1735 5431 1895 5486 avide
1929 5447 2050 5484 om-

472 5552 571 5590 nes
615 5534 874 5588 sinistros
913 5528 980 5583 de
1021 5527 1190 5580 rebus
1234 5529 1438 5580 nostris
1467 5527 1833 5592 undecunque
1861 5541 2049 5578 rumo-

472 5644 564 5683 res
608 5628 910 5694 accipiens,
951 5621 1018 5675 ad
1067 5621 1290 5689 quasvis
1343 5619 1690 5674 defensiones
1724 5616 2049 5671 innocentia:

473 5728 676 5774 nostra:
711 5714 1180 5787 patrocinantium
1231 5725 1396 5765 aures
1439 5712 1603 5766 habet
1639 5709 2051 5764 inexorabiliter

471 5812 750 5868 occlusas.
788 5806 980 5862 Videte
1012 5813 1196 5860 autem
1227 5819 1389 5874 quam
1440 5805 1508 5858 ab
1547 5819 1636 5869 eo,
1681 5803 1772 5874 qui
1805 5801 2044 5857 felicium

2151 4606 2382 4660 adverso
2438 4607 2726 4675 magnifica
2779 4609 2847 4662 de
2906 4624 2964 4663 se
3014 4610 3318 4678 praedicans
3372 4609 3713 4677 adjuugeret.
3762 4613 3767 4618 “

2150 4716 2305 4755 suam
2338 4709 2534 4761 artem,
2569 4716 2725 4755 suam
2761 4701 3007 4756 bellicam
3053 4697 3389 4768 felicitatem,
3420 4717 3525 4756 suo
3557 4705 3716 4754 ductu

2151 4793 2313 4847 toties
2348 4794 2662 4847 victricium
2716 4794 2886 4847 robur
2921 4811 3322 4865 numerumque
3361 4795 3602 4864 gloriose
3641 4793 3720 4860 ja-

2149 4891 2323 4938 ctaret
2373 4887 2683 4954 copiarum,
2729 4886 2868 4939 adeo
2903 4885 3306 4940 multitudinem
3339 4886 3640 4940 commovit
3667 4893 3721 4939 ut

2149 4989 2179 5028 c
2218 4977 2489 5030 concione
2539 4991 2702 5029 voces
2745 4987 3099 5046 erumperent
3134 4994 3386 5032 eonsonae
3433 4979 3719 5032 universo-

2149 5081 2269 5119 rutn
2315 5069 2510 5136 partim
2561 5070 2878 5137 imperatori
2925 5071 3066 5122 mala
3121 5059 3289 5123 multa
3337 5071 3638 5124 dicentium
3670 5080 3721 5123 et

2151 5158 2597 5228 imprecantium,
2651 5164 2846 5228 partim
2903 5162 2979 5214 illi
3006 5163 3084 5216 ide
3136 5166 3274 5217 solio
3323 5166 3552 5217 detruso
3598 5162 3722 5215 Phi-

2150 5249 2566 5319 lanthropenum
2612 5252 2898 5320 subrogari
2929 5251 3268 5320 jubentium.
3304 5251 3456 5305 llunc
3484 5251 3634 5303 enim
3667 5263 3722 5303 se

2151 5343 2409 5410 deinceps
2462 5359 2627 5395 unum
2681 5359 3004 5412 agnoscere.
3056 5345 3146 5397 uni
3184 5343 3323 5398 velle
3369 5343 3599 5406 servire,
3635 5353 3722 5410 pro

2152 5450 2259 5488 uno
2298 5445 2577 5503 promptos
2618 5452 2736 5490 esse
2790 5437 3122 5504 periclitari;
3155 5437 3338 5500 unius,
3390 5436 3589 5503 quovis
3622 5435 3720 5481 du-

2153 5535 2323 5589 ceret,
2360 5526 2631 5601 quidquid
2685 5529 3025 5595 prteciperet,
3062 5527 3288 5596 imperia
3332 5522 3582 5590 exsequi,
3623 5535 3720 5573 nu-

2154 5627 2268 5672 tum
2319 5619 2512 5686 sequi;
2547 5619 2668 5688 ejus
2726 5621 2963 5688 denique
3015 5620 3176 5674 tutius
3229 5615 3486 5685 auspiciis
3547 5627 3720 5681 usque

2154 5708 2220 5761 ad
2251 5720 2509 5764 mortem.
2541 5711 2585 5762 si
2623 5709 2734 5764 fors
2767 5711 2839 5763 ita
2873 5710 3080 5773 tulerit,
3117 5709 3328 5762 fortiter
3358 5704 3721 5774 appetendam

2153 5808 2514 5868 pugnaturos.
2568 5797 2742 5852 Unum
2799 5817 2826 5850 a
2877 5814 2980 5854 suo
3037 5799 3176 5853 duce
3228 5797 3464 5850 vicissim
3515 5803 3721 5863 petere,
