3922 6596
210 509 298 576 ἳάι
1102 510 1200 570 DE
1218 508 1321 569 AN
1333 505 1542 570 DRON
1552 505 1676 567 ICO
1716 506 1768 564 Ρη

1870 505 2177 564 [ΕΟιοδῡ
2220 506 2365 567 LIB.
2416 507 2520 570 ill.
2878 504 2898 517 ’
3325 509 3428 573 242

161 610 168 617 θ
210 631 368 704 posis;
393 626 691 697 ἀναδέχεται
713 625 904 696 δνομα.
936 623 1047 678 Καὶ
1078 623 1237 695 δῆλος
1278 618 1345 693 ἦν
1375 621 1625 676 ἐντεῦθεν
1672 622 1738 674 ἐκ
1769 623 1815 683 Α
1841 622 1933 690 ὑφ’
1961 620 2151 674 ἑαυτὸν
2179 621 2353 683 ἄλλως
2379 619 2608 689 καθίστη
2641 621 2715 683 ὡς
2747 619 3080 683 δεσποτικῶς
3106 619 3429 676 τούντεῦθεν

212 723 389 778 πολλῶν
416 713 486 774 ὧν
515 719 745 791 επραττε
776 717 1111 790 στρατηγίαν
1171 716 1351 787 φέρων
1411 716 1508 769 καὶ
1558 713 1736 786 ἀρχὴν
1838 712 2097 783 ἄρχοντα.
2130 711 2233 763 Ἦν
2258 709 2315 763 δέ
2340 726 2442 763 που
2486 709 2797 791 καὶιμοναῖς
2840 709 3164 780 παραϐάλλῃ
3206 712 3426 780 (πολλαὶ

204 813 546 876 ἀνυπεύθυνον,
574 790 725 866 οὔπω
749 810 806 865 δὲ
837 810 871 881 ἦ
902 809 1254 883 παρασήμοις
1302 808 1336 879 ἢ
1373 809 1479 880 μὴν
1511 808 1735 879 ὀνόματι
1838 802 1885 857 δ’
1931 795 2093 856 αὗται
2143 802 2237 855 καὶ
2298 801 2596 871 μέγισται),
2650 802 2711 855 οὐ
2759 790 3022 871 βασιλέως
3065 797 3133 872 ἧν
3158 803 3426 870 δνομαντδ

205 905 467 975 ἀπεθάρρει
494 902 822 966 κλεῖζεσθαι,
850 902 1030 955 καίτοι
1079 901 1147 955 τὰ
1205 900 1380 954 πολλὰ
1427 900 1577 971 παρὰ
1630 898 1740 954 τῶν
1845 897 2341 969 μνημονευόμενον,
2403 896 2521 950 ἀλλ’
2569 894 2734 950 αὑτοῦ
2758 913 2822 966 γε
2848 897 2942 952 καὶ
2978 897 3141 967 μόνου
3198 897 3341 951 κατά
3370 915 3424 951 τι

210 996 512 1069 προύχόντων
576 995 634 1048 ἐν
668 993 761 1065 τῷ
782 993 1002 1065 στρατῷ
1049 993 1393 1064 βιαζόμενος.
1461 992 1741 1059 Ἐξουσια-
1844 990 2046 1062 κράτος
2070 988 2390 1060 ἀρχοντικδν
2417 988 2510 1042 καὶ
2538 988 2926 1043 αὐτοδέσποτον
2962 990 3150 1058 ὄνομα.
3211 988 3331 1059 Ἀφ’
3350 981 3426 1042 ὧν

1844 1085 1939 1137 aut
1978 1082 2150 1136 πολλὰ
2171 1082 2501 1146 δεσποτικῶς
2529 1081 2930 1153 ἀφαιρούμενος
2981 1086 3095 1146 τοῖς
3154 1082 3423 1153 στρατιώ-

1846 1191 1969 1239 ταις
1992 1176 2269 1246 παρεῖχεν,
2296 1173 2549 1245 ἀσμένως
2576 1175 2684 1227 τῶν
2725 1175 2956 1246 ἐχόντων
2982 1175 3423 1246 κατατιθεμένων

1847 1268 1980 1338 παρ’
2007 1268 2188 1321 αἰτίαν
2205 1265 2410 1338 ταύτην
2427 1267 2507 1321 ὅτι
2529 1267 2790 1331 τοιούτοις
2832 1269 3045 1339 καιροῖς
3097 1268 3428 1338 ἐμπεσόντες

1848 1361 1909 1413 οὐ
1941 1359 2010 1412 τὰ
2032 1360 2377 1429 προσήκοντα
2413 1361 2525 1422 τοῖς
2548 1362 2761 1432 καιροῖς
2784 1360 3044 1430 ἔπασχον,
3080 1359 3193 1414 ἀλλ’
3225 1359 3427 1415 ἄσκυλ-

1847 1466 1931 1503 τοι
1969 1449 2218 1520 διέμενον
2271 1450 2366 1503 καλ⁵
2422 1451 2707 1523 ἀτάραχοι.
2765 1451 2989 1521 Πρῶτον
3016 1451 3073 1519 λδ⁹
3115 1446 3185 1522 ἦν
3220 1451 3427 1504 ἐκείνου

209 1547 453 1610 σύστασιν,
484 1549 576 1599 καὶ
610 1546 813 1617 μᾶλλον
840 1548 921 1600 ὅτι
955 1546 1018 1599 τδ
1046 1548 1316 1617 Περσικὸν
1365 1544 1500 1598 πολὺ
1552 1538 1644 1615 ἦν,
1667 1539 1748 1607 οἷς
1851 1538 2215 1613 στρατήγημα
2241 1544 2301 1596 τὸ
2328 1543 2448 1597 ἐκεῖ
2475 1561 2576 1596 που
2604 1543 2692 1596 τὸν
2739 1543 2964 1614 ἀδελφὸν
3010 1542 3106 1598 τοῦ
3167 1543 3431 1613 βασιλέως

160 1637 166 1707 ξ
207 1634 260 1704 δὴ
286 1635 599 1699 καὶιπιστοίς
630 1637 834 1707 ἐχρῆτο
859 1636 952 1689 καὶ
1000 1635 1440 1707 παρασπίζουσιν
1493 1631 1749 1702 ᾁπεθάῤ-
1851 1633 2130 1703 Θεόδωρον
2156 1633 2503 1704 διατρίϐοντα
2527 1635 2842 1689 ἀποστεῖλαι
2866 1636 2992 1697 τοὺς
3022 1634 3393 1704 κατασχόντας
3414 1651 3429 1665 ·

157 1692 165 1773 ί
208 1692 291 1794 pe},
325 1725 409 1781 καὶ
430 1692 594 1797 μόνον
619 1692 859 1780 κελεδειν
882 1722 952 1799 ἢν
1002 1692 1094 1790 ὡς.
1118 1692 1618 1797 συνδραμουμένοις
1650 1692 1747 1775 αδ.
1852 1725 1910 1778 ὃν
1940 1725 2002 1795 δὴ
2037 1692 2132 1779 διαὶ
2170 1692 2534 1794 κατασχόντες
2570 1725 2646 1795 τῷ
2700 1725 2821 1779 κατ’
2882 1692 3116 1795 Ἔφεσον
3190 1692 3433 1795 φρουρίῳ

210 1087 497 1157 στικώτερον
521 1086 580 1140 δὲ
610 1084 723 1141 τῶν
752 1086 1095 1156 πραγμάτων
1118 1085 1437 1156 ἐπείληπτο,
1464 1086 1557 1138 καὶ
1586 1085 1741 1139 οὐδὲν

206 1180 354 1234 ἐδόκει
373 1179 500 1244 οί⁹ἐξ
522 1174 695 1251 οὗπερ
722 1179 791 1234 ἂν
820 1179 914 1233 καὶ
955 1178 1224 1251 ὠρρώδει,
1272 1177 1381 1232 οὐδ’
1424 1177 1604 1241 ἄλλοις
1641 1176 1744 1231 ὕπο

210 1269 397 1323 ακούειν
452 1269 589 1334 ὅλως
630 1269 693 1323 τὸ
740 1267 850 1325 ἀπὸ
895 1269 1050 1323 τοῦδε
1098 1268 1379 1338 ὑφίστατο,
1408 1268 1527 1322 ἀλλ’
1583 1268 1744 1332 αὐτὸς

210 1359 282 1433 [Ρ.
315 1359 427 1433 με]
462 1360 685 1431 ἡγεμὼν
713 1362 770 1415 ἐν
798 1363 934 1415 πᾶσι
970 1362 1067 1416 καὶ
1098 1360 1248 1431 παρὰ
1290 1359 1441 1430 σφίσι
1488 1362 1582 1414 καὶ
1635 1362 1744 1431 ὅπη

209 1453 398 1525 παρῄει.
422 1455 687 1525 Ἐφριξαν
708 1455 818 1525 γὰρ
843 1455 965 1508 τότε
996 1456 1092 1508 καὶ
1127 1454 1179 1508 οί
1200 1452 1467 1524 περίοικοι
1501 1453 1603 1521 τὴν
1634 1454 1748 1505 ἐπι·

208 1816 310 1871 τίκα
332 1818 417 1871 καὶ
462 1818 607 1872 κατὰ
630 1819 692 1871 τὸ
722 1820 931 1873 ἐκείνου
960 1817 1272 1889 δρασείουσι
1306 1816 1541 1887 θέλημα.
1585 1812 1748 1869 Ἀπέ-

1854 1814 2113 1886 φέρονττς
2181 1815 2623 1884 ἐγκατέκλεισαν.
2681 1818 2914 1870 Ἔπειτα
2972 1819 3072 1887 τὴν
3148 1816 3436 1886 στρατείαν

211 1908 371 1963 σδεστο
386 1910 674 1983 τοιγαροῦν
704 1913 881 1966 ἐκεῖσε
923 1897 997 1964 τί
1039 1909 1303 1982 βασιλέων
1356 1908 1549 1981 ὄνομα,
1601 1907 1753 1978 παρά
1785 1970 1825 1983 _
1854 1907 2158 1971 ἀναλαϐὼν,
2189 1907 2579 1978 συνεωσμένων
2615 1907 2765 1975 σφίσι
2798 1908 2929 1979 παρ’
2957 1909 3146 1962 ἐλπίδα
3173 1909 3267 1960 καὶ
3324 1907 3433 1983 τῶν

212 1998 341 2068 μόνον
363 1999 420 2053 τὸ
440 2002 520 2065 είς
548 2003 896 2073 περισυρμὸν
945 2002 1257 2074 μεμνῆσθαι
1307 2003 1404 2055 καὶ
1457 2000 1748 2072 λοιδορίαν.

211 2088 351 2151 Αὐτὸς
372 2089 416 2143 δ’
439 2086 505 2163 ἦν
527 2093 764 2169 ἐκείνοις
804 2095 900 2147 καὶ
931 2094 1114 2165 ἄρχων
1141 2095 1237 2148 καὶ
1284 2092 1511 2165 ἡγεμὼν
1535 2096 1630 2147 καὶ
1655 2093 1753 2164 βα·

211 2179 371 2244 σιλὲως
392 2182 599 2251 φέρων,
624 2185 673 2237 si
701 2185 794 2238 καὶ
822 2186 900 2255 μὴ
944 2185 1137 2256 ὄνομα,
1182 2185 1300 2240 ἀλλ’
1353 2185 1591 2257 ἀξίωμα.
1643 2184 1754 2239 Καὶ

206 2272 322 2324 ὅσων
339 2273 439 2328 τῶν
463 2275 585 2329 ἐκετ
611 2276 888 2347 φρουρίων
907 2276 982 2340 ὡς
1005 2277 1251 2350 ὕπαρχος
1290 2278 1553 2349 βασιλέως
1602 2278 1757 2331 ἐπεί-

210 2364 353 2436 ληπτο
379 2367 663 2439 πρότερον,
696 2368 852 2423 ταῦτ’
883 2368 1209 2434 ἀποστείλας
1248 2369 1375 2434 τοὺς
1427 2368 1756 2434 καθέξοντας

209 2545 555 2601 nedimidiate
600 2561 711 2603 rem
758 2557 966 2602 tantam
1003 2555 1149 2619 agat,
1187 2564 1254 2603 ne
1281 2563 1483 2604 nomen
1515 2547 1751 2619 Augustt

210 2639 483 2694 recusando
535 2648 636 2693 aut
686 2639 925 2709 insignia
978 2640 1194 2711 imperii
1242 2641 1419 2710 palam
1467 2655 1755 2696 assumere

208 2729 509 2795 cunctando,
555 2730 835 2801 respicere
880 2730 1263 2800 imperantium
1302 2732 1531 2801 gratiam
1591 2742 1643 2787 et
1678 2748 1759 2786 re.

210 2827 393 2886 ceptum
438 2820 586 2887 apud
626 2834 724 2876 eos
769 2820 944 2875 venite
972 2820 1076 2874 sibi
1149 2829 1301 2875 retro
1332 2821 1625 2891 providere
1661 2822 1747 2874 vi-

209 2908 394 2966 deatur.
441 2911 647 2993 Melum
682 2927 747 2968 ac
777 2914 1153 2984 suspicionem
1195 2914 1313 2970 suis
1361 2929 1423 2970 se
1468 2930 1568 2985 pro
1601 2930 1669 2970 eo
1699 2915 1755 2969 in

211 3011 483 3060 extremum
514 3005 787 3061 dantibus
827 3006 1129 3063 discrimen
1171 3006 1439 3062 militibus
1467 3006 1753 3074 demeret;

211 3106 272 3147 ue
311 3095 438 3149 aulae
480 3098 536 3150 in
586 3103 871 3160 posterum
917 3105 1012 3151 aut
1051 3097 1276 3152 delusus
1310 3096 1594 3152 fallacibus
1626 3112 1765 3167 pro-

213 3185 375 3240 missis
402 3195 495 3241 aut
524 3187 689 3253 minis
720 3188 979 3244 inanibus
1009 3190 1313 3245 deterritus
1346 3206 1406 3244 se
1442 3190 1754 3254 subtrahat,

212 3289 423 3346 suosque
456 3278 723 3335 deserens
752 3280 859 3336 sibi
902 3282 1177 3345 consulat,
1209 3282 1632 3353 desiitulosqne,
1663 3282 1756 3352 qui

212 3373 396 3423 tantam
438 3372 613 3427 semei
654 3353 831 3427 aleam
870 3374 991 3444 ejus
1020 3386 1205 3429 causa
1245 3373 1503 3444 iecerint,
1535 3374 1602 3429 iis
1633 3389 1764 3444 pro-

213 3456 292 3510 dat
325 3458 454 3529 ipsis
496 3476 761 3531 quorum,
793 3470 852 3516 nt
880 3463 928 3518 ei
959 3463 1425 3533 gratiﬁcarentur,
1458 3465 1581 3519 odia
1616 3464 1671 3518 in
1707 3479 1768 3520 se

212 3549 634 3611 provocaverint.
691 3548 984 3605 Communi
1039 3550 1198 3606 ducis
1234 3566 1299 3607 ac
1355 3553 1589 3606 militum
1630 3567 1766 3606 con-

196 3635 511 3704 spiratione.
578 3640 863 3695 insolubili
922 3657 1083 3708 nexu,
1142 3643 1437 3708 iudivulsa,
1496 3643 1770 3716 quidquid

216 3726 448 3784 blandum
479 3740 580 3786 aut
613 3746 816 3787 saevum
854 3734 1085 3789 undevis
1114 3736 1444 3799 occurrerit,
1480 3744 1769 3792 utrorum-

217 3834 310 3889 que
342 3824 609 3880 societate
647 3840 765 3880 rem
802 3841 962 3896 egere
999 3842 1162 3896 quam
1216 3828 1584 3896 susciperent.
1629 3830 1768 3884 faci-

218 3907 312 3964 'em
340 3914 694 3970 concorditer
721 3916 1191 3979 incumbentibus,
1231 3918 1517 3974 dubitante
1549 3929 1643 3974 aut
1682 3935 1772 3973 re-

221 4014 481 4072 spectante
494 4007 796 4077 quidquam
810 4008 925 4063 ullo
936 4010 1417 4079 corrumpendam.
1436 4010 1627 4081 Magna
1643 4026 1776 4082 prae-

220 4092 313 4146 mia
329 4094 489 4167 219
504 4098 759 4167 proponi.
780 4098 879 4154 sed
909 4108 1031 4169 quae
1048 4114 1245 4169 magno
1271 4107 1322 4154 et
1359 4099 1602 4170 perfecte
1636 4118 1776 4157 una-

219 4183 335 4238 nimi
375 4189 483 4243 nisi
531 4199 736 4245 conatu
767 4201 1046 4261 petantur.
1081 4191 1227 4246 haud
1268 4204 1603 4263 proventura
1625 4196 1771 4249 sint.

220 4271 359 4332 Talia
396 4281 839 4338 vociferantibus
893 4290 947 4338 et
995 4283 1399 4340 instantissime
1450 4272 1777 4358 urgentibus

218 4371 405 4428 cedens
439 4373 969 4446 Pbilantbropeuus,
1033 4378 1254 4432 tandem
1309 4393 1512 4434 nomen
1563 4379 1776 4449 imperii

219 4465 459 4521 assumit.
518 4466 716 4538 itaque
776 4471 943 4538 coepit
979 4486 1045 4524 ex
1087 4470 1192 4525 hoc
1241 4485 1402 4540 agere
1441 4482 1502 4526 ut
1553 4472 1778 4544 proprio

220 4568 310 4611 nec
346 4574 412 4612 ex
460 4561 576 4616 ullo
618 4562 735 4632 jam
778 4563 1008 4618 alterius
1051 4571 1190 4618 nutu
1221 4578 1496 4633 suspenso
1531 4567 1778 4635 regimen

1783 1970 1826 2026 Β

1854 2000 2237 2071 πραγμάτων,
2297 2001 2357 2053 ἐν
2424 2004 2535 2062 τοῖς
2587 2001 2727 2056 κατὰ
2766 1978 3051 2071 Νύμφαιον
3106 2001 3291 2062 τόποις
3343 1978 3438 2067 ἅμ’

1856 2092 2158 2163 ηὐλίζοντο.
2186 2093 2295 2146 Καὶ
2322 2093 2387 2166 δὴ
2427 2093 2740 2163 συνεκρότει
2774 2093 2871 2162 μὲν
2921 2096 3046 2155 τοὺς
3106 2094 3291 2150 ίππεῖς
3345 2094 3438 2143 καὶ

1857 2187 2187 2261 φιλοτιμίαις
2227 2188 2430 2259 ἧγαλλε
2462 2189 2685 2249 πάσαις,
2718 2188 2843 2249 τοὺς
2873 2186 2930 2238 δέ
2972 2202 3037 2253 γε
3072 2184 3271 2250 πεζοὺς
3321 2186 3443 2237 ἐπι-

1856 2277 2028 2347 δήσας
2059 2277 2240 2331 ἵππων
2270 2277 2488 2340 ίκανοὺς
2507 2277 2728 2339 ὁπλίτας
2758 2274 3165 2344 ἐξητοιμάζετο.
3185 2272 3441 2342 Ἀφεώρα

1854 2367 1913 2423 δέ
1945 2369 2040 2424 καὶ
2068 2370 2205 2441 πρὸς
2232 2370 2357 2434 τοὺς
2385 2368 2642 2440 ἀλλαχόθι
2671 2367 3124 2439 ἡγεμονεύοντας.
3155 2367 3249 2419 καὶ
3281 2367 3442 2418 ἐσκό-

1856 2553 2117 2617 putarent
2175 2553 2375 2616 praeter
2429 2544 2735 2600 exercitum
2799 2555 2907 2596 tam
2968 2560 3327 2599 rutmerosmu
3380 2560 3445 2597 an

1856 2634 2056 2692 fortem
2102 2647 2304 2706 praesto
2364 2650 2488 2692 esse
2540 2635 3026 2707 Pbilantbrupeuo.
3104 2644 3324 2703 paratas
3374 2638 3439 2688 a=l

1860 2739 2082 2796 nutum,
2109 2738 2161 2785 et
2188 2731 2406 2800 signum
2435 2730 2598 2785 modo
2625 2727 2881 2784 veniendi
2913 2734 3325 2795 exspectantes,
3354 2740 3444 2777 va-

1865 2824 2170 2880 lidissimas
2200 2838 2230 2877 e
2258 2821 2483 2878 Perside
2524 2823 2741 2891 c0pias;
2792 2820 2992 2890 quibus
3034 2819 3101 2874 ad
3153 2818 3445 2873 rebellium

1858 2918 2159 2974 factionem
2196 2917 2525 2988 aggregatis,
2558 2915 2647 2970 ubi
2681 2923 3024 2985 reperturus,
3058 2913 3203 2967 unde
3244 2913 3443 2981 petitu-

1860 3027 1958 3067 rus
2011 3019 2330 3082 speraretur
2388 3010 2686 3080 imperator
2738 3018 3003 3079 quantum
3045 3016 3163 3060 erat
3217 3019 3441 3059 necesse

1859 3101 2058 3156 virium
2103 3100 2447 3163 idonearum,
2492 3107 2551 3153 ut
2601 3109 2786 3168 posset
2831 3099 2898 3171 in,
2922 3107 3170 3165 tempore
3199 3094 3441 3151 obsisti?

1860 3193 2144 3249 Exsliucta
2170 3193 2226 3247 in
2258 3192 2326 3247 iis
2358 3193 2491 3247 locis
2520 3201 2639 3247 erat
2671 3192 2968 3245 auctoritas
2990 3189 3170 3245 omnis
3205 3186 3442 3257 imperii,

1868 3302 2184 3355 nomenque
2229 3287 2601 3355 Augustorum
2652 3284 2874 3340 nonnisi
2925 3284 2992 3337 ad
3042 3281 3336 3336 ludibrium
3395 3290 3450 3335 et

1870 3379 2255 3435 contumeliam
2289 3378 2713 3434 memorabatur.
2750 3375 2903 3432 Unus
2943 3376 3071 3438 dux,
3117 3391 3261 3453 unus
3291 3374 3448 3442 prin-

1870 3485 2004 3541 ceps
2058 3469 2559 3539 Pbilanthropenus
2612 3467 3016 3528 celebrabatur,
3073 3480 3237 3534 penes
3287 3477 3449 3532 quem

1873 3576 2092 3617 summa
2127 3561 2345 3631 imperii
2389 3577 2489 3615 nsu
2525 3558 2645 3629 ipso
2690 3558 3004 3622 residebat,
3056 3564 3336 3622 utcunque
3364 3552 3454 3606 ille
3513 3572 3525 3581 σ

1873 3654 2117 3709 nondum
2137 3652 2356 3707 titulum
2381 3660 2475 3706 aut
2497 3632 2735 3720 insignia
2760 3649 3103 3718 imperatoris
3126 3642 3457 3714 assumpsis-

1874 3754 1978 3802 sct.
2024 3750 2196 3800 Arces
2239 3743 2430 3799 limitis
2462 3743 2633 3806 illius,
2669 3756 2808 3811 quas
2854 3740 3139 3794 fiduciario
3187 3738 3456 3791 hactenus

1870 3840 1994 3910 jure
2025 3840 2101 3893 uti
2136 3838 2205 3891 ab
2242 3837 2491 3906 Augusto
2524 3836 2851 3891 commissas
2892 3840 3164 3892 tenuerat,
3196 3844 3305 3899 quo
3337 3828 3451 3898 jam

1875 3929 1979 3986 sibi
2009 3928 2225 3999 proprie
2246 3938 2539 3991 assereret,
2563 3924 2815 3981 deductis
2844 3923 2973 3978 inde
3005 3922 3283 3977 veteribus
3314 3934 3455 3990 prie-

1876 4022 2033 4078 sidiis
2068 4036 2241 4077 novos
2273 4019 2439 4089 220
2479 4018 2742 4088 imposuit
2770 4034 2799 4071 e
2829 4016 2931 4071 sibi
2975 4015 3077 4069 lida
3109 4013 3307 4071 militia
3356 4026 3459 4067 cu-

1880 4112 2092 4170 stodes.
2138 4112 2203 4168 In
2263 4110 2633 4177 monasteriis,
2687 4124 2809 4178 qua:
2863 4110 3042 4161 obiter
3099 4114 3458 4160 occurrerent

1882 4208 2036 4277 (sunt
2081 4214 2262 4261 autem
2306 4204 2364 4259 iu
2416 4203 2527 4259 illis
2573 4203 2841 4257 tractibus
2883 4201 3053 4256 multa
3107 4207 3160 4253 et
3196 4198 3456 4263 maxima)

1880 4300 2062 4356 omitti
2097 4298 2327 4368 jubebut
2357 4297 2499 4351 inter
2533 4310 2689 4351 sacra
2724 4294 2942 4350 solitam
2976 4291 3308 4347 mentionem
3351 4290 3460 4342 Au-

1882 4400 2191 4463 gustorum,
2231 4404 2504 4461 suumque
2559 4395 2633 4442 ut
2668 4387 2870 4442 nemini
2918 4384 3150 4454 subjecti
3198 4380 3459 4451 principis

1882 4484 2177 4539 memorari
2221 4498 2418 4543 nomen
2469 4480 2763 4536 mandabat
2802 4479 2951 4533 nullo
2999 4476 3236 4530 audente
3282 4473 3462 4528 detre—

1881 4583 2050 4630 ctare.
2091 4575 2231 4642 Quid
2260 4576 2404 4631 enim
2433 4586 2623 4632 contra
2665 4575 2943 4629 hiscereut
2989 4572 3228 4626 inermes
3259 4579 3456 4625 ascetze

220 4647 587 4707 administrare
613 4653 845 4708 arbitrio
872 4669 985 4724 prae
1009 4669 1070 4710 se
1094 4653 1286 4710 ferret.
1314 4655 1567 4710 Nondum
1593 4663 1777 4712 tamen
1811 4682 1857 4737 ι)
1886 4664 2150 4721 adversus
2172 4665 2408 4720 edictum
2446 4674 2601 4720 tanto
2641 4663 2965 4719 circumfusi
2999 4662 3243 4717 exercitu
3279 4661 3460 4727 ducis,

223 4738 428 4794 titulum
494 4746 727 4816 Augusti
787 4746 871 4800 vel
937 4745 1178 4817 insignia
1248 4745 1463 4817 imperii
1532 4747 1775 4813 admisit,

222 4835 584 4899 quamtumvis
634 4836 739 4890 hoc
767 4850 894 4891 eum
944 4845 1007 4890 ut
1047 4835 1251 4893 faceret
1283 4838 1548 4907 praecipui
1583 4837 1780 4894 ducto-

225 4935 309 4978 res
345 4926 602 4982 ordinum
649 4927 802 4982 omni
843 4943 949 4996 ope
988 4943 1185 5000 cogere
1226 4930 1515 4984 tentarint.
1548 4928 1780 4996 Tamen,

228 5019 279 5066 ut
309 5013 444 5079 dixi,
488 5019 757 5087 auspiciis
801 5027 1006 5074 cuncta
1059 5021 1180 5077 suis
1211 5021 1376 5077 unius
1410 5036 1601 5092 gerere
1630 5023 1787 5080 dein-

232 5116 343 5174 :eps
368 5107 587 5174 institit,
631 5125 806 5179 eaque
834 5111 1007 5166 libere
1033 5125 1100 5168 ac
1127 5112 1306 5182 palam
1340 5128 1464 5169 sese
1495 5126 1786 5170 auctorare

230 5206 507 5262 Mtestate.
558 5216 751 5272 quam,
782 5213 845 5257 ut
876 5203 1010 5258 nulli
1048 5204 1331 5258 hominum
1361 5214 1640 5274 acceptam
1679 5207 1789 5260 fcr-

226 5298 325 5355 ret,
366 5293 442 5349 ita
480 5294 600 5365 ejus
648 5310 783 5350 usus
812 5294 1106 5350 reddendae
1135 5295 1642 5365 cuiquam-rationi
1679 5299 1786 5352 mi-

230 5380 369 5438 nime
400 5385 674 5441 obnoxius
702 5385 875 5441 videri
916 5386 1100 5442 vellet.
1132 5385 1260 5441 Haec
1290 5402 1391 5456 per
1429 5387 1789 5444 illoslimita-

230 5484 357 5527 neos
398 5484 601 5532 tractus
634 5486 752 5532 tum
785 5478 1011 5532 novitas
1038 5476 1260 5547 vulgata
1296 5492 1550 5547 magnam
1583 5478 1788 5548 passim

232 5571 724 5626 consternationem
753 5570 959 5625 attulit.-
987 5568 1467 5625 Coborreseebant
1502 5570 1647 5626 haud
1688 5569 1793 5625 du-

230 5654 312 5712 bie
355 5661 517 5727 periti
555 5678 744 5719 rerum
794 5672 1008 5727 omnes,
1040 5671 1098 5718 et
1142 5662 1309 5716 minis
1358 5662 1628 5717 malorum
1671 5677 1794 5733 quae

234 5761 294 5802 ex
321 5756 433 5804 tam
461 5756 657 5820 potenti
685 5755 1068 5824 coniuratione
1091 5752 1146 5808 in
1170 5751 1475 5809 Romanum
1503 5753 1791 5825 imperium

234 5853 496 5914 eruptura
518 5847 643 5917 jure
666 5850 1019 5912 timerentur,
1052 5854 1230 5917 usque
1259 5848 1325 5901 ad
1356 5848 1795 5918 desperationem

235 5933 423 5991 salutis
457 5936 688 6004 publica?
732 5937 1225 5994 conturbabantur.
1264 5937 1500 5993 maxime
1535 5952 1661 5993 cum
1706 5954 1797 5994 re-

1883 4759 1977 4830 qui
2016 4773 2076 4814 se
2100 4757 2690 4820 dominumromnium,
2730 4773 2799 4812 ne
2832 4757 3006 4812 sacris
3038 4755 3260 4824 quidem
3295 4770 3461 4808 cxce-

1884 4853 2016 4924 ptis,
2037 4853 2536 4924 reipsa..probabat,
2571 4851 2741 4906 multa
2773 4850 2976 4920 passim
3007 4864 3037 4904 e
3070 4848 3342 4904 coenobiis
3364 4862 3465 4901 au-

1884 4946 2066 5003 ferens
2089 4960 2210 5017 qute
2235 4945 2499 5001 militibus
2526 4944 2839 5015 largiretur,
2865 4940 3150 4997 monachis
3208 4955 3467 5011 quaecun-

1888 5054 1994 5110 que
2025 5039 2395 5108 poscebantur
2434 5037 2670 5091 libenter
2713 5033 3062 5090 tradentibus
3089 5073 3104 5099 ,
3146 5032 3274 5087 dum
3308 5047 3466 5102 repu.

1888 5133 2077 5187 labant
2117 5148 2216 5200 pro
2262 5128 2580 5185 conditione
2622 5140 2931 5199 temporum
2986 5142 3186 5196 parvas
3227 5126 3363 5180 istas
3413 5135 3470 5178 ct

1890 5224 2205 5280 tolerabiles
2235 5222 2426 5278 haberi
2453 5221 2653 5277 debere
2675 5222 2944 5291 jacturas,
2971 5220 3040 5275 iis
3074 5218 3265 5289 utique
3290 5216 3386 5287 qui
3410 5224 3505 5269 uta-

1896 5317 2005 5388 ipsi
2039 5316 2176 5371 locis
2211 5314 2546 5383 perinfestis,
2593 5313 2730 5368 adeo
2770 5312 3083 5367 turbulenta
3119 5315 3467 5378 tempestate.

1850 5440 1857 5444 <
1893 5408 2174 5477 inspoliati
2208 5408 2476 5461 hactenus
2513 5405 2567 5459 in
2598 5414 2742 5459 statu
2777 5404 2913 5458 satis
2945 5402 3243 5473 tranquillo
3278 5415 3472 5472 perse-

1893 5508 2165 5556 verarent.
2203 5499 2447 5553 Primum
2491 5486 2679 5569 porro,
2729 5506 3019 5567 postquam
3075 5494 3468 5550 rebellaverat,

1856 5589 2350 5660 .Philautbropeni
2410 5590 2665 5644 bellicum
2718 5588 2936 5659 facinus
2988 5585 3089 5639 fuit
3120 5583 3339 5637 mittere
3374 5579 3487 5648 qui.

1896 5685 2420 5754 comprehenderent
2457 5682 2807 5765 Theodorum
2840 5677 3189 5750 imperatoris
3224 5675 3469 5733 fratrem,

1898 5777 1954 5832 in
1984 5776 2184 5832 vicinia
2211 5784 2327 5831 tum
2352 5774 2489 5830 forte
2520 5781 2977 5836 commorantem,
3003 5782 3166 5840 quem
3195 5766 3248 5820 iu
3285 5777 3472 5819 arcem

1899 5868 2248 5937 deportatum
2289 5866 2354 5921 ad
2392 5864 2668 5935 Ephesum
2699 5863 2862 5918 sitam
2894 5861 2994 5916 ibi'
3014 5854 3284 5919 custodiri
3318 5855 3475 5909 claua

1902 5977 2023 6019 sum
2063 5961 2243 6029 jussit.
2295 5957 2433 6015 Hinc
2468 5959 2737 6029 protrusis
2768 5956 2879 6027 jam
2917 5955 3058 6011 ultra
3097 5966 3261 6025 quam
3297 5948 3497 6023 prima»
