  <div class='ocr_page' id='page_1' title='image "/cluster/home/n/w/nwhite01/storage/ocr_20150623/144/hvd.32044019208339/129.png"; bbox 0 0 3862 6556; ppageno 0'>
   <div class='ocr_carea' id='block_1_1' title="bbox 403 457 512 521">
    <p class='ocr_par' dir='ltr' id='par_1_1' title="bbox 403 457 512 521">
     <span class='ocr_line' id='line_1_1' title="bbox 403 457 512 521; baseline 0.009 -1"><span class='ocrx_word' id='word_1_1' title='bbox 403 457 512 521; x_wconf 67' lang='grc'><strong>243</strong></span> 
     </span>
    </p>
   </div>
   <div class='ocr_carea' id='block_1_2' title="bbox 1647 459 2492 518">
    <p class='ocr_par' dir='ltr' id='par_1_2' title="bbox 1647 459 2492 518">
     <span class='ocr_line' id='line_1_2' title="bbox 1647 459 2492 518; baseline 0 -1"><span class='ocrx_word' id='word_1_2' title='bbox 1647 459 1971 517; x_wconf 68' lang='lat' dir='ltr'><strong>GEORGII</strong></span> <span class='ocrx_word' id='word_1_3' title='bbox 2015 460 2152 517; x_wconf 80' lang='lat' dir='ltr'><strong>PAC</strong></span> <span class='ocrx_word' id='word_1_4' title='bbox 2166 460 2208 517; x_wconf 76' lang='grc'><strong>[1</strong></span> <span class='ocrx_word' id='word_1_5' title='bbox 2221 459 2492 518; x_wconf 60' lang='grc' dir='ltr'><strong>ΥΜΕΙὶΕ</strong></span> 
     </span>
    </p>
   </div>
   <div class='ocr_carea' id='block_1_3' title="bbox 3581 453 3697 516">
    <p class='ocr_par' dir='ltr' id='par_1_3' title="bbox 3581 453 3697 516">
     <span class='ocr_line' id='line_1_3' title="bbox 3581 453 3697 516; baseline -0.009 0"><span class='ocrx_word' id='word_1_6' title='bbox 3581 453 3697 516; x_wconf 68' lang='grc' dir='ltr'>ἓιίί</span> 
     </span>
    </p>
   </div>
   <div class='ocr_carea' id='block_1_4' title="bbox 407 564 3696 640">
    <p class='ocr_par' dir='ltr' id='par_1_4' title="bbox 407 564 3696 640">
     <span class='ocr_line' id='line_1_4' title="bbox 407 564 3696 640; baseline -0.001 -18"><span class='ocrx_word' id='word_1_7' title='bbox 407 571 630 634; x_wconf 81' lang='grc' dir='ltr'>πειπῶς</span> <span class='ocrx_word' id='word_1_8' title='bbox 645 569 709 624; x_wconf 84' lang='grc' dir='ltr'>ἂν</span> <span class='ocrx_word' id='word_1_9' title='bbox 731 571 908 624; x_wconf 69' lang='grc' dir='ltr'>αὐτῶν</span> <span class='ocrx_word' id='word_1_10' title='bbox 929 571 1286 640; x_wconf 78' lang='grc' dir='ltr'><strong>περιγένοιτο.</strong></span> <span class='ocrx_word' id='word_1_11' title='bbox 1305 569 1416 622; x_wconf 75' lang='grc' dir='ltr'><strong>Καὶ</strong></span> <span class='ocrx_word' id='word_1_12' title='bbox 1433 567 1540 620; x_wconf 81' lang='grc' dir='ltr'>τῶν</span> <span class='ocrx_word' id='word_1_13' title='bbox 1561 568 1657 638; x_wconf 78' lang='grc' dir='ltr'><strong>μὲν</strong></span> <span class='ocrx_word' id='word_1_14' title='bbox 1672 568 1844 622; x_wconf 80' lang='grc' dir='ltr'>ἄλλων</span> <span class='ocrx_word' id='word_1_15' title='bbox 1859 571 1994 638; x_wconf 76' lang='grc' dir='ltr'>ἀμεο</span> <span class='ocrx_word' id='word_1_16' title='bbox 2025 571 2070 628; x_wconf 79' lang='grc' dir='ltr'><strong>Α</strong></span> <span class='ocrx_word' id='word_1_17' title='bbox 2097 569 2402 638; x_wconf 78' lang='grc' dir='ltr'><strong>ὀνομάτων,</strong></span> <span class='ocrx_word' id='word_1_18' title='bbox 2436 569 2537 621; x_wconf 73' lang='grc' dir='ltr'>οὐκ</span> <span class='ocrx_word' id='word_1_19' title='bbox 2567 567 2788 630; x_wconf 77' lang='grc' dir='ltr'>εὔελπις</span> <span class='ocrx_word' id='word_1_20' title='bbox 2833 566 3118 637; x_wconf 76' lang='grc' dir='ltr'><strong>ἀραρότως</strong></span> <span class='ocrx_word' id='word_1_21' title='bbox 3153 566 3227 618; x_wconf 87' lang='grc' dir='ltr'>ὢν</span> <span class='ocrx_word' id='word_1_22' title='bbox 3257 567 3347 618; x_wconf 76' lang='grc' dir='ltr'>ὲπ¹ι</span> <span class='ocrx_word' id='word_1_23' title='bbox 3381 564 3458 636; x_wconf 83' lang='grc' dir='ltr'><strong>τῷ</strong></span> <span class='ocrx_word' id='word_1_24' title='bbox 3517 567 3696 630; x_wconf 68' lang='grc' dir='ltr'>τέλει,</span> 
     </span>
    </p>
   </div>
   <div class='ocr_carea' id='block_1_5' title="bbox 407 659 1990 730">
    <p class='ocr_par' dir='ltr' id='par_1_5' title="bbox 407 659 1990 730">
     <span class='ocr_line' id='line_1_5' title="bbox 407 659 1990 730; baseline -0.002 -15"><span class='ocrx_word' id='word_1_25' title='bbox 407 661 516 723; x_wconf 83' lang='grc' dir='ltr'>λῶς</span> <span class='ocrx_word' id='word_1_26' title='bbox 551 659 714 730; x_wconf 79' lang='grc' dir='ltr'>εἶχεν,</span> <span class='ocrx_word' id='word_1_27' title='bbox 742 662 816 724; x_wconf 84' lang='grc' dir='ltr'>ὠς</span> <span class='ocrx_word' id='word_1_28' title='bbox 847 661 1044 713; x_wconf 75' lang='grc' dir='ltr'>αὐτίκα</span> <span class='ocrx_word' id='word_1_29' title='bbox 1075 661 1106 729; x_wconf 84' lang='grc' dir='ltr'>ἢ</span> <span class='ocrx_word' id='word_1_30' title='bbox 1131 661 1263 729; x_wconf 66' lang='grc' dir='ltr'>χειρὶ</span> <span class='ocrx_word' id='word_1_31' title='bbox 1294 659 1326 728; x_wconf 79' lang='grc' dir='ltr'>ἢ</span> <span class='ocrx_word' id='word_1_32' title='bbox 1352 659 1527 727; x_wconf 79' lang='grc' dir='ltr'><strong>λόγοις</strong></span> <span class='ocrx_word' id='word_1_33' title='bbox 1552 659 1956 729; x_wconf 78' lang='grc' dir='ltr'><strong>προσαξόμενος</strong></span> <span class='ocrx_word' id='word_1_34' title='bbox 1977 676 1990 689; x_wconf 91' lang='grc'><strong>·</strong></span> 
     </span>
    </p>
   </div>
   <div class='ocr_carea' id='block_1_6' title="bbox 410 750 1996 822">
    <p class='ocr_par' dir='ltr' id='par_1_6' title="bbox 410 750 1996 822">
     <span class='ocr_line' id='line_1_6' title="bbox 410 750 1996 822; baseline -0.001 -18"><span class='ocrx_word' id='word_1_35' title='bbox 410 769 477 804; x_wconf 87' lang='grc' dir='ltr'><strong>πε</strong></span> <span class='ocrx_word' id='word_1_36' title='bbox 487 755 539 822; x_wconf 74' lang='grc' dir='ltr'>ρὶ</span> <span class='ocrx_word' id='word_1_37' title='bbox 557 753 609 804; x_wconf 81' lang='grc' dir='ltr'><strong>δέ</strong></span> <span class='ocrx_word' id='word_1_38' title='bbox 627 770 689 820; x_wconf 83' lang='grc' dir='ltr'><strong>γε</strong></span> <span class='ocrx_word' id='word_1_39' title='bbox 708 751 800 804; x_wconf 75' lang='grc' dir='ltr'><strong>τοῦ</strong></span> <span class='ocrx_word' id='word_1_40' title='bbox 824 751 1350 822; x_wconf 81' lang='grc' dir='ltr'>πρωτοὸεστιαρίτου</span> <span class='ocrx_word' id='word_1_41' title='bbox 1369 751 1714 820; x_wconf 77' lang='grc' dir='ltr'>Λιϐαδαρίου,</span> <span class='ocrx_word' id='word_1_42' title='bbox 1734 752 1855 804; x_wconf 78' lang='grc' dir='ltr'>ὅσον</span> <span class='ocrx_word' id='word_1_43' title='bbox 1869 750 1996 804; x_wconf 88' lang='grc' dir='ltr'>σύν-</span> 
     </span>
    </p>
   </div>
   <div class='ocr_carea' id='block_1_7' title="bbox 410 840 1995 913">
    <p class='ocr_par' dir='ltr' id='par_1_7' title="bbox 410 840 1995 913">
     <span class='ocr_line' id='line_1_7' title="bbox 410 840 1995 913; baseline -0.003 -16"><span class='ocrx_word' id='word_1_44' title='bbox 410 861 574 906; x_wconf 66' lang='grc' dir='ltr'>εγγυς</span> <span class='ocrx_word' id='word_1_45' title='bbox 593 840 703 913; x_wconf 74' lang='grc' dir='ltr'>εἶχε</span> <span class='ocrx_word' id='word_1_46' title='bbox 724 844 820 908; x_wconf 81' lang='grc' dir='ltr'>τὴν</span> <span class='ocrx_word' id='word_1_47' title='bbox 841 845 933 895; x_wconf 85' lang='grc' dir='ltr'>ἀπ’</span> <span class='ocrx_word' id='word_1_48' title='bbox 953 842 1119 894; x_wconf 75' lang='grc' dir='ltr'>αὐτοῦ</span> <span class='ocrx_word' id='word_1_49' title='bbox 1142 842 1439 912; x_wconf 75' lang='grc' dir='ltr'>ἡγεμονίαν</span> <span class='ocrx_word' id='word_1_50' title='bbox 1463 845 1519 894; x_wconf 79' lang='grc' dir='ltr'>ὲν</span> <span class='ocrx_word' id='word_1_51' title='bbox 1533 844 1642 904; x_wconf 86' lang='grc' dir='ltr'>τοῖς</span> <span class='ocrx_word' id='word_1_52' title='bbox 1662 843 1789 912; x_wconf 69' lang='grc' dir='ltr'>περὶ</span> <span class='ocrx_word' id='word_1_53' title='bbox 1805 842 1870 894; x_wconf 88' lang='grc' dir='ltr'><strong>τά</strong></span> <span class='ocrx_word' id='word_1_54' title='bbox 1886 840 1995 894; x_wconf 81' lang='grc' dir='ltr'><strong>Νε-</strong></span> 
     </span>
    </p>
   </div>
   <div class='ocr_carea' id='block_1_8' title="bbox 410 931 1994 1004">
    <p class='ocr_par' dir='ltr' id='par_1_8' title="bbox 410 931 1994 1004">
     <span class='ocr_line' id='line_1_8' title="bbox 410 931 1994 1004; baseline -0.002 -15"><span class='ocrx_word' id='word_1_55' title='bbox 410 938 650 1004; x_wconf 87' lang='grc' dir='ltr'>όκαστρα</span> <span class='ocrx_word' id='word_1_56' title='bbox 669 935 760 987; x_wconf 73' lang='grc' dir='ltr'>καὶ</span> <span class='ocrx_word' id='word_1_57' title='bbox 775 934 974 987; x_wconf 77' lang='grc' dir='ltr'>Λυδίαν</span> <span class='ocrx_word' id='word_1_58' title='bbox 992 931 1171 987; x_wconf 81' lang='grc' dir='ltr'>πᾶσαν</span> <span class='ocrx_word' id='word_1_59' title='bbox 1186 935 1278 985; x_wconf 70' lang='grc' dir='ltr'>καὶ</span> <span class='ocrx_word' id='word_1_60' title='bbox 1299 934 1518 1001; x_wconf 79' lang='grc' dir='ltr'>Σάρδεις</span> <span class='ocrx_word' id='word_1_61' title='bbox 1536 934 1726 997; x_wconf 73' lang='grc' dir='ltr'>αὐτὰς,</span> <span class='ocrx_word' id='word_1_62' title='bbox 1743 933 1994 986; x_wconf 79' lang='grc' dir='ltr'>τοσοῦτον</span> 
     </span>
    </p>
   </div>
   <div class='ocr_carea' id='block_1_9' title="bbox 411 1019 1993 1096">
    <p class='ocr_par' dir='ltr' id='par_1_9' title="bbox 411 1019 1993 1096">
     <span class='ocr_line' id='line_1_9' title="bbox 411 1019 1993 1096; baseline -0.005 -15"><span class='ocrx_word' id='word_1_63' title='bbox 411 1032 503 1082; x_wconf 77' lang='grc' dir='ltr'>καὶ</span> <span class='ocrx_word' id='word_1_64' title='bbox 534 1026 618 1080; x_wconf 83' lang='grc' dir='ltr'>6ιά</span> <span class='ocrx_word' id='word_1_65' title='bbox 661 1027 938 1096; x_wconf 78' lang='grc' dir='ltr'><strong>φροντίδος</strong></span> <span class='ocrx_word' id='word_1_66' title='bbox 976 1025 1221 1087; x_wconf 76' lang='grc' dir='ltr'>πλείονος</span> <span class='ocrx_word' id='word_1_67' title='bbox 1259 1019 1405 1093; x_wconf 83' lang='grc' dir='ltr'>εἶχεν</span> <span class='ocrx_word' id='word_1_68' title='bbox 1430 1023 1592 1086; x_wconf 73' lang='grc' dir='ltr'>ἑλεῖν,</span> <span class='ocrx_word' id='word_1_69' title='bbox 1621 1025 1669 1075; x_wconf 81' lang='grc' dir='ltr'>εί</span> <span class='ocrx_word' id='word_1_70' title='bbox 1707 1025 1800 1076; x_wconf 69' lang='grc' dir='ltr'><strong>καὶ</strong></span> <span class='ocrx_word' id='word_1_71' title='bbox 1822 1023 1993 1086; x_wconf 77' lang='grc' dir='ltr'>ἄλλως</span> 
     </span>
    </p>
   </div>
   <div class='ocr_carea' id='block_1_10' title="bbox 412 1114 1994 1188">
    <p class='ocr_par' dir='ltr' id='par_1_10' title="bbox 412 1114 1994 1188">
     <span class='ocr_line' id='line_1_10' title="bbox 412 1114 1994 1188; baseline -0.003 -18"><span class='ocrx_word' id='word_1_72' title='bbox 412 1119 772 1188; x_wconf 75' lang='grc' dir='ltr'>ὑπερηφάνει,</span> <span class='ocrx_word' id='word_1_73' title='bbox 809 1115 963 1170; x_wconf 82' lang='grc' dir='ltr'>ουδὲν</span> <span class='ocrx_word' id='word_1_74' title='bbox 989 1118 1242 1170; x_wconf 87' lang='grc' dir='ltr'>τάκείνου</span> <span class='ocrx_word' id='word_1_75' title='bbox 1277 1116 1540 1185; x_wconf 77' lang='grc' dir='ltr'>οἰόμενος,</span> <span class='ocrx_word' id='word_1_76' title='bbox 1569 1115 1725 1184; x_wconf 79' lang='grc' dir='ltr'>δίκην</span> <span class='ocrx_word' id='word_1_77' title='bbox 1766 1114 1823 1166; x_wconf 77' lang='grc' dir='ltr'><strong>δὲ</strong></span> <span class='ocrx_word' id='word_1_78' title='bbox 1853 1131 1994 1166; x_wconf 87' lang='grc' dir='ltr'>πτω-</span> 
     </span>
    </p>
   </div>
   <div class='ocr_carea' id='block_1_11' title="bbox 409 1204 1994 1277">
    <p class='ocr_par' dir='ltr' id='par_1_11' title="bbox 409 1204 1994 1277">
     <span class='ocr_line' id='line_1_11' title="bbox 409 1204 1994 1277; baseline -0.003 -15"><span class='ocrx_word' id='word_1_79' title='bbox 409 1209 504 1270; x_wconf 78' lang='grc' dir='ltr'><strong>κδς</strong></span> <span class='ocrx_word' id='word_1_80' title='bbox 534 1206 768 1272; x_wconf 77' lang='grc' dir='ltr'><strong>ἐλπίζων</strong></span> <span class='ocrx_word' id='word_1_81' title='bbox 803 1208 1006 1262; x_wconf 77' lang='grc' dir='ltr'>ἐκεῖνον</span> <span class='ocrx_word' id='word_1_82' title='bbox 1037 1207 1427 1277; x_wconf 80' lang='grc' dir='ltr'><strong>χειρώσασθαι.</strong></span> <span class='ocrx_word' id='word_1_83' title='bbox 1469 1205 1608 1260; x_wconf 79' lang='grc' dir='ltr'><strong>Ἀλλ’</strong></span> <span class='ocrx_word' id='word_1_84' title='bbox 1635 1205 1798 1259; x_wconf 74' lang='grc' dir='ltr'>ἔδειξε</span> <span class='ocrx_word' id='word_1_85' title='bbox 1824 1204 1994 1258; x_wconf 80' lang='grc' dir='ltr'>ταῦτα</span> 
     </span>
    </p>
   </div>
   <div class='ocr_carea' id='block_1_12' title="bbox 409 1298 1994 1371">
    <p class='ocr_par' dir='ltr' id='par_1_12' title="bbox 409 1298 1994 1371">
     <span class='ocr_line' id='line_1_12' title="bbox 409 1298 1994 1371; baseline -0.003 -18"><span class='ocrx_word' id='word_1_86' title='bbox 409 1301 496 1353; x_wconf 75' lang='grc' dir='ltr'><strong>διὰ</strong></span> <span class='ocrx_word' id='word_1_87' title='bbox 531 1300 722 1371; x_wconf 81' lang='grc' dir='ltr'>βουλῆς</span> <span class='ocrx_word' id='word_1_88' title='bbox 759 1299 918 1370; x_wconf 74' lang='grc' dir='ltr'>ἔχων,</span> <span class='ocrx_word' id='word_1_89' title='bbox 948 1299 1022 1362; x_wconf 85' lang='grc' dir='ltr'><strong>ὡς</strong></span> <span class='ocrx_word' id='word_1_90' title='bbox 1063 1301 1200 1352; x_wconf 83' lang='grc' dir='ltr'>ὅπου</span> <span class='ocrx_word' id='word_1_91' title='bbox 1227 1299 1358 1361; x_wconf 71' lang='grc' dir='ltr'>Θεὸς</span> <span class='ocrx_word' id='word_1_92' title='bbox 1403 1298 1776 1368; x_wconf 77' lang='grc' dir='ltr'>ἀντιπράττει,</span> <span class='ocrx_word' id='word_1_93' title='bbox 1848 1299 1938 1350; x_wconf 79' lang='grc' dir='ltr'>καὶ</span> <span class='ocrx_word' id='word_1_94' title='bbox 1966 1298 1994 1349; x_wconf 85' lang='grc' dir='ltr'>ὁ</span> 
     </span>
    </p>
   </div>
   <div class='ocr_carea' id='block_1_13' title="bbox 409 1389 1991 1462">
    <p class='ocr_par' dir='ltr' id='par_1_13' title="bbox 409 1389 1991 1462">
     <span class='ocr_line' id='line_1_13' title="bbox 409 1389 1991 1462; baseline -0.001 -18"><span class='ocrx_word' id='word_1_95' title='bbox 409 1391 583 1445; x_wconf 77' lang='grc' dir='ltr'>δοκῶν</span> <span class='ocrx_word' id='word_1_96' title='bbox 633 1391 831 1462; x_wconf 77' lang='grc' dir='ltr'>βραδὺς</span> <span class='ocrx_word' id='word_1_97' title='bbox 886 1392 1076 1460; x_wconf 77' lang='grc' dir='ltr'>φθάνει</span> <span class='ocrx_word' id='word_1_98' title='bbox 1125 1392 1219 1444; x_wconf 75' lang='grc' dir='ltr'>καὶ</span> <span class='ocrx_word' id='word_1_99' title='bbox 1272 1391 1364 1444; x_wconf 76' lang='grc' dir='ltr'>τὸν</span> <span class='ocrx_word' id='word_1_100' title='bbox 1417 1389 1714 1451; x_wconf 82' lang='grc' dir='ltr'>ὠκύτατον,</span> <span class='ocrx_word' id='word_1_101' title='bbox 1775 1391 1922 1442; x_wconf 71' lang='grc' dir='ltr'>πᾶσα</span> <span class='ocrx_word' id='word_1_102' title='bbox 1947 1389 1991 1442; x_wconf 85' lang='grc' dir='ltr'>δ’</span> 
     </span>
    </p>
   </div>
   <div class='ocr_carea' id='block_1_14' title="bbox 417 1477 1991 1551">
    <p class='ocr_par' dir='ltr' id='par_1_14' title="bbox 417 1477 1991 1551">
     <span class='ocr_line' id='line_1_14' title="bbox 417 1477 1991 1551; baseline -0.002 -18"><span class='ocrx_word' id='word_1_103' title='bbox 417 1482 570 1551; x_wconf 72' lang='grc' dir='ltr'>ἰσχὺς</span> <span class='ocrx_word' id='word_1_104' title='bbox 611 1481 838 1550; x_wconf 86' lang='grc' dir='ltr'>μάταιον</span> <span class='ocrx_word' id='word_1_105' title='bbox 884 1481 1154 1543; x_wconf 80' lang='grc' dir='ltr'>συνέσεως</span> <span class='ocrx_word' id='word_1_106' title='bbox 1201 1477 1523 1550; x_wconf 79' lang='grc' dir='ltr'><strong>ἀμοιροῦσα.</strong></span> <span class='ocrx_word' id='word_1_107' title='bbox 1595 1477 1831 1531; x_wconf 84' lang='grc' dir='ltr'>Ἐκεῖνον</span> <span class='ocrx_word' id='word_1_108' title='bbox 1885 1478 1991 1549; x_wconf 83' lang='grc' dir='ltr'>γὰρ</span> 
     </span>
    </p>
   </div>
   <div class='ocr_carea' id='block_1_15' title="bbox 413 1572 1993 1646">
    <p class='ocr_par' dir='ltr' id='par_1_15' title="bbox 413 1572 1993 1646">
     <span class='ocr_line' id='line_1_15' title="bbox 413 1572 1993 1646; baseline -0.001 -18"><span class='ocrx_word' id='word_1_109' title='bbox 413 1576 507 1628; x_wconf 76' lang='grc' dir='ltr'>καὶ</span> <span class='ocrx_word' id='word_1_110' title='bbox 539 1575 752 1646; x_wconf 79' lang='grc' dir='ltr'>βλέπειν</span> <span class='ocrx_word' id='word_1_111' title='bbox 779 1574 970 1646; x_wconf 76' lang='grc' dir='ltr'>ἤθελον</span> <span class='ocrx_word' id='word_1_112' title='bbox 1005 1576 1059 1627; x_wconf 78' lang='grc' dir='ltr'><strong>ἐν</strong></span> <span class='ocrx_word' id='word_1_113' title='bbox 1085 1574 1392 1644; x_wconf 80' lang='grc' dir='ltr'>βασιλικαῖς</span> <span class='ocrx_word' id='word_1_114' title='bbox 1421 1572 1600 1636; x_wconf 77' lang='grc' dir='ltr'>ἀξίαις</span> <span class='ocrx_word' id='word_1_115' title='bbox 1650 1575 1698 1625; x_wconf 79' lang='lat' dir='ltr'><strong>oi</strong></span> <span class='ocrx_word' id='word_1_116' title='bbox 1757 1572 1993 1642; x_wconf 83' lang='grc' dir='ltr'>συλλαμ-</span> 
     </span>
    </p>
   </div>
   <div class='ocr_carea' id='block_1_16' title="bbox 414 1659 1993 1736">
    <p class='ocr_par' dir='ltr' id='par_1_16' title="bbox 414 1659 1993 1736">
     <span class='ocr_line' id='line_1_16' title="bbox 414 1659 1993 1736; baseline -0.002 -17"><span class='ocrx_word' id='word_1_117' title='bbox 414 1666 691 1729; x_wconf 74' lang='grc' dir='ltr'>ϐάνοντες,</span> <span class='ocrx_word' id='word_1_118' title='bbox 720 1666 793 1728; x_wconf 84' lang='grc' dir='ltr'>ὡς</span> <span class='ocrx_word' id='word_1_119' title='bbox 832 1665 1080 1720; x_wconf 78' lang='grc' dir='ltr'>ἐντεῦθεν</span> <span class='ocrx_word' id='word_1_120' title='bbox 1111 1659 1515 1736; x_wconf 47' lang='lat' dir='ltr'><strong>animum;</strong></span> <span class='ocrx_word' id='word_1_121' title='bbox 1567 1664 1810 1718; x_wconf 87' lang='grc' dir='ltr'>κίνδυνον</span> <span class='ocrx_word' id='word_1_122' title='bbox 1856 1663 1993 1726; x_wconf 76' lang='grc' dir='ltr'>ὅλως</span> 
     </span>
    </p>
   </div>
   <div class='ocr_carea' id='block_1_17' title="bbox 413 1755 1992 1828">
    <p class='ocr_par' dir='ltr' id='par_1_17' title="bbox 413 1755 1992 1828">
     <span class='ocr_line' id='line_1_17' title="bbox 413 1755 1992 1828; baseline -0.002 -18"><span class='ocrx_word' id='word_1_123' title='bbox 413 1757 827 1827; x_wconf 82' lang='grc' dir='ltr'>ὲμπεδωθέντας</span> <span class='ocrx_word' id='word_1_124' title='bbox 883 1757 1032 1820; x_wconf 85' lang='grc' dir='ltr'>ὅλαις</span> <span class='ocrx_word' id='word_1_125' title='bbox 1084 1758 1326 1826; x_wconf 72' lang='grc' dir='ltr'>ἐνεργεῖν</span> <span class='ocrx_word' id='word_1_126' title='bbox 1380 1755 1464 1828; x_wconf 81' lang='grc' dir='ltr'><strong>[Ρ.</strong></span> <span class='ocrx_word' id='word_1_127' title='bbox 1502 1755 1628 1828; x_wconf 75' lang='lat' dir='ltr'><strong>H9]</strong></span> <span class='ocrx_word' id='word_1_128' title='bbox 1661 1755 1992 1826; x_wconf 82' lang='grc' dir='ltr'>προθυμίαις</span> 
     </span>
    </p>
   </div>
   <div class='ocr_carea' id='block_1_18' title="bbox 415 1846 1992 1919">
    <p class='ocr_par' dir='ltr' id='par_1_18' title="bbox 415 1846 1992 1919">
     <span class='ocr_line' id='line_1_18' title="bbox 415 1846 1992 1919; baseline -0.001 -19"><span class='ocrx_word' id='word_1_129' title='bbox 415 1851 511 1901; x_wconf 72' lang='grc' dir='ltr'>καὶ</span> <span class='ocrx_word' id='word_1_130' title='bbox 538 1849 972 1919; x_wconf 77' lang='grc' dir='ltr'>ὲπαποθνήσκειν</span> <span class='ocrx_word' id='word_1_131' title='bbox 1015 1851 1080 1918; x_wconf 84' lang='grc' dir='ltr'>τῇ</span> <span class='ocrx_word' id='word_1_132' title='bbox 1121 1849 1432 1919; x_wconf 78' lang='grc' dir='ltr'>ἐγχειρήσει</span> <span class='ocrx_word' id='word_1_133' title='bbox 1482 1847 1788 1918; x_wconf 78' lang='grc' dir='ltr'>βούλεσθαι.</span> <span class='ocrx_word' id='word_1_134' title='bbox 1845 1847 1918 1900; x_wconf 84' lang='grc' dir='ltr'><strong>Τὸ</strong></span> <span class='ocrx_word' id='word_1_135' title='bbox 1947 1846 1992 1899; x_wconf 90' lang='grc' dir='ltr'><strong>δ’</strong></span> 
     </span>
    </p>
   </div>
   <div class='ocr_carea' id='block_1_19' title="bbox 414 1920 2066 2011">
    <p class='ocr_par' dir='ltr' id='par_1_19' title="bbox 414 1920 2066 2011">
     <span class='ocr_line' id='line_1_19' title="bbox 414 1920 2066 2011; baseline -0.003 -17"><span class='ocrx_word' id='word_1_136' title='bbox 414 1935 486 2010; x_wconf 77' lang='grc' dir='ltr'><strong>ἦν</strong></span> <span class='ocrx_word' id='word_1_137' title='bbox 504 1942 559 1994; x_wconf 78' lang='grc' dir='ltr'>ὲν</span> <span class='ocrx_word' id='word_1_138' title='bbox 581 1940 864 2004; x_wconf 77' lang='grc' dir='ltr'>ἀναϐολαῖς</span> <span class='ocrx_word' id='word_1_139' title='bbox 895 1941 956 1993; x_wconf 77' lang='grc' dir='ltr'><strong>τὸ</strong></span> <span class='ocrx_word' id='word_1_140' title='bbox 981 1941 1256 2011; x_wconf 80' lang='grc' dir='ltr'><strong>τόλμημα,</strong></span> <span class='ocrx_word' id='word_1_141' title='bbox 1291 1941 1365 2004; x_wconf 86' lang='grc' dir='ltr'>ὡς</span> <span class='ocrx_word' id='word_1_142' title='bbox 1392 1928 1568 1993; x_wconf 83' lang='grc' dir='ltr'>δοκεῖν</span> <span class='ocrx_word' id='word_1_143' title='bbox 1597 1937 1992 1992; x_wconf 73' lang='grc' dir='ltr'>διευλαϐεῖσθαι</span> <span class='ocrx_word' id='word_1_144' title='bbox 2025 1920 2066 1976; x_wconf 77' lang='grc' dir='ltr'><strong><em>Β</em></strong></span> 
     </span>
    </p>
   </div>
   <div class='ocr_carea' id='block_1_20' title="bbox 417 2031 1992 2102">
    <p class='ocr_par' dir='ltr' id='par_1_20' title="bbox 417 2031 1992 2102">
     <span class='ocr_line' id='line_1_20' title="bbox 417 2031 1992 2102; baseline -0.003 -15"><span class='ocrx_word' id='word_1_145' title='bbox 417 2031 516 2087; x_wconf 77' lang='grc' dir='ltr'><strong>καὶ</strong></span> <span class='ocrx_word' id='word_1_146' title='bbox 589 2033 1054 2102; x_wconf 84' lang='grc' dir='ltr'>ἀμφιγνωμονεῖν.</span> <span class='ocrx_word' id='word_1_147' title='bbox 1114 2034 1221 2088; x_wconf 78' lang='grc' dir='ltr'>Καὶ</span> <span class='ocrx_word' id='word_1_148' title='bbox 1279 2032 1340 2085; x_wconf 81' lang='grc' dir='ltr'>τὸ</span> <span class='ocrx_word' id='word_1_149' title='bbox 1389 2033 1488 2100; x_wconf 84' lang='grc' dir='ltr'>μὲν</span> <span class='ocrx_word' id='word_1_150' title='bbox 1529 2031 1701 2101; x_wconf 72' lang='grc' dir='ltr'>παρὸν</span> <span class='ocrx_word' id='word_1_151' title='bbox 1728 2031 1992 2102; x_wconf 82' lang='grc' dir='ltr'><strong>στέργων,</strong></span> 
     </span>
    </p>
   </div>
   <div class='ocr_carea' id='block_1_21' title="bbox 403 2123 1998 2195">
    <p class='ocr_par' dir='ltr' id='par_1_21' title="bbox 403 2123 1998 2195">
     <span class='ocr_line' id='line_1_21' title="bbox 403 2123 1998 2195; baseline 0 -19"><span class='ocrx_word' id='word_1_152' title='bbox 403 2125 555 2195; x_wconf 73' lang='grc' dir='ltr'>,πρὸς</span> <span class='ocrx_word' id='word_1_153' title='bbox 583 2124 642 2178; x_wconf 80' lang='grc' dir='ltr'><strong>δὲ</strong></span> <span class='ocrx_word' id='word_1_154' title='bbox 673 2124 734 2178; x_wconf 81' lang='grc' dir='ltr'><strong>τὸ</strong></span> <span class='ocrx_word' id='word_1_155' title='bbox 764 2126 954 2195; x_wconf 82' lang='grc' dir='ltr'>μέλλον</span> <span class='ocrx_word' id='word_1_156' title='bbox 983 2125 1334 2184; x_wconf 84' lang='grc' dir='ltr'>ἀποσκοπῶν.</span> <span class='ocrx_word' id='word_1_157' title='bbox 1365 2125 1608 2188; x_wconf 77' lang='grc' dir='ltr'><strong>ἐκείνους</strong></span> <span class='ocrx_word' id='word_1_158' title='bbox 1675 2126 1772 2194; x_wconf 77' lang='grc' dir='ltr'><strong>μὲν</strong></span> <span class='ocrx_word' id='word_1_159' title='bbox 1807 2123 1998 2194; x_wconf 78' lang='grc' dir='ltr'>ἐθερά-</span> 
     </span>
    </p>
   </div>
   <div class='ocr_carea' id='block_1_22' title="bbox 419 2199 1996 2286">
    <p class='ocr_par' dir='ltr' id='par_1_22' title="bbox 419 2199 1996 2286">
     <span class='ocr_line' id='line_1_22' title="bbox 419 2199 1996 2286; baseline 0 -20"><span class='ocrx_word' id='word_1_160' title='bbox 419 2230 554 2268; x_wconf 83' lang='grc' dir='ltr'>πευε</span> <span class='ocrx_word' id='word_1_161' title='bbox 579 2214 848 2277; x_wconf 77' lang='grc' dir='ltr'><strong>παντοίως</strong></span> <span class='ocrx_word' id='word_1_162' title='bbox 872 2214 968 2266; x_wconf 78' lang='grc' dir='ltr'><strong>καὶ</strong></span> <span class='ocrx_word' id='word_1_163' title='bbox 992 2217 1149 2284; x_wconf 74' lang='grc' dir='ltr'>χάριν</span> <span class='ocrx_word' id='word_1_164' title='bbox 1174 2215 1346 2268; x_wconf 75' lang='grc' dir='ltr'>ἐδόκει</span> <span class='ocrx_word' id='word_1_165' title='bbox 1386 2199 1580 2267; x_wconf 66' lang='grc' dir='ltr'>εἰδέναι</span> <span class='ocrx_word' id='word_1_166' title='bbox 1619 2216 1718 2286; x_wconf 79' lang='grc' dir='ltr'><strong>μὲν</strong></span> <span class='ocrx_word' id='word_1_167' title='bbox 1768 2213 1871 2284; x_wconf 81' lang='grc' dir='ltr'><strong>τῆς</strong></span> <span class='ocrx_word' id='word_1_168' title='bbox 1917 2215 1996 2278; x_wconf 88' lang='grc' dir='ltr'><strong>είς</strong></span> 
     </span>
    </p>
   </div>
   <div class='ocr_carea' id='block_1_23' title="bbox 419 2305 1997 2378">
    <p class='ocr_par' dir='ltr' id='par_1_23' title="bbox 419 2305 1997 2378">
     <span class='ocr_line' id='line_1_23' title="bbox 419 2305 1997 2378; baseline 0.001 -18"><span class='ocrx_word' id='word_1_169' title='bbox 419 2307 584 2360; x_wconf 72' lang='grc' dir='ltr'>αὑτὸν</span> <span class='ocrx_word' id='word_1_170' title='bbox 617 2307 873 2377; x_wconf 77' lang='grc' dir='ltr'>σπονδῆς,</span> <span class='ocrx_word' id='word_1_171' title='bbox 901 2307 1094 2373; x_wconf 59' lang='grc' dir='ltr'>ἑαυτὸν</span> <span class='ocrx_word' id='word_1_172' title='bbox 1124 2306 1182 2359; x_wconf 80' lang='grc' dir='ltr'><strong>δὲ</strong></span> <span class='ocrx_word' id='word_1_173' title='bbox 1222 2305 1503 2378; x_wconf 76' lang='grc' dir='ltr'>παρεξῆγε</span> <span class='ocrx_word' id='word_1_174' title='bbox 1557 2307 1668 2362; x_wconf 85' lang='grc' dir='ltr'>τῶν</span> <span class='ocrx_word' id='word_1_175' title='bbox 1720 2307 1997 2377; x_wconf 81' lang='grc' dir='ltr'>μεγίστων</span> 
     </span>
    </p>
   </div>
   <div class='ocr_carea' id='block_1_24' title="bbox 423 2573 1997 2643">
    <p class='ocr_par' dir='ltr' id='par_1_24' title="bbox 423 2573 1997 2643">
     <span class='ocr_line' id='line_1_24' title="bbox 423 2573 1997 2643; baseline 0 -15"><span class='ocrx_word' id='word_1_176' title='bbox 423 2577 798 2630; x_wconf 80' lang='lat' dir='ltr'><strong>destinaverat</strong></span> <span class='ocrx_word' id='word_1_177' title='bbox 845 2573 1028 2638; x_wconf 79' lang='lat' dir='ltr'><strong>rebus,</strong></span> <span class='ocrx_word' id='word_1_178' title='bbox 1072 2573 1213 2627; x_wconf 87' lang='lat' dir='ltr'><strong>haud</strong></span> <span class='ocrx_word' id='word_1_179' title='bbox 1250 2575 1483 2643; x_wconf 80' lang='lat' dir='ltr'><strong>amplius</strong></span> <span class='ocrx_word' id='word_1_180' title='bbox 1535 2574 1997 2630; x_wconf 88' lang='lat' dir='ltr'><strong>dissimulandum</strong></span> 
     </span>
    </p>
   </div>
   <div class='ocr_carea' id='block_1_25' title="bbox 421 2667 2033 2740">
    <p class='ocr_par' dir='ltr' id='par_1_25' title="bbox 421 2667 2033 2740">
     <span class='ocr_line' id='line_1_25' title="bbox 421 2667 2033 2740; baseline -0.002 -16"><span class='ocrx_word' id='word_1_181' title='bbox 421 2668 860 2724; x_wconf 87' lang='lat' dir='ltr'><strong>cunctandumve</strong></span> <span class='ocrx_word' id='word_1_182' title='bbox 894 2676 1067 2724; x_wconf 91' lang='lat' dir='ltr'><strong>ratus.</strong></span> <span class='ocrx_word' id='word_1_183' title='bbox 1103 2679 1444 2732; x_wconf 87' lang='lat' dir='ltr'><strong>assumptum</strong></span> <span class='ocrx_word' id='word_1_184' title='bbox 1473 2667 1772 2720; x_wconf 76' lang='lat' dir='ltr'><strong>exercitum</strong></span> <span class='ocrx_word' id='word_1_185' title='bbox 1802 2668 1856 2720; x_wconf 91' lang='lat' dir='ltr'><strong>in</strong></span> <span class='ocrx_word' id='word_1_186' title='bbox 1883 2667 1998 2722; x_wconf 90' lang='lat' dir='ltr'><strong>loca</strong></span> <span class='ocrx_word' id='word_1_187' title='bbox 2023 2731 2033 2740; x_wconf 44' lang='grc'><strong>,</strong></span> 
     </span>
    </p>
   </div>
   <div class='ocr_carea' id='block_1_26' title="bbox 421 2759 1998 2830">
    <p class='ocr_par' dir='ltr' id='par_1_26' title="bbox 421 2759 1998 2830">
     <span class='ocr_line' id='line_1_26' title="bbox 421 2759 1998 2830; baseline -0.001 -15"><span class='ocrx_word' id='word_1_188' title='bbox 421 2759 684 2830; x_wconf 72' lang='lat' dir='ltr'><strong>Nympha:</strong></span> <span class='ocrx_word' id='word_1_189' title='bbox 708 2761 1023 2816; x_wconf 89' lang='lat' dir='ltr'><strong>circumsita</strong></span> <span class='ocrx_word' id='word_1_190' title='bbox 1050 2760 1225 2825; x_wconf 76' lang='lat' dir='ltr'><strong>duxit,</strong></span> <span class='ocrx_word' id='word_1_191' title='bbox 1248 2760 1432 2829; x_wconf 89' lang='lat' dir='ltr'><strong>ibique</strong></span> <span class='ocrx_word' id='word_1_192' title='bbox 1459 2759 1512 2812; x_wconf 87' lang='lat' dir='ltr'><strong>in</strong></span> <span class='ocrx_word' id='word_1_193' title='bbox 1546 2759 1758 2814; x_wconf 80' lang='lat' dir='ltr'><strong>stativis</strong></span> <span class='ocrx_word' id='word_1_194' title='bbox 1786 2760 1998 2814; x_wconf 87' lang='lat' dir='ltr'><strong>habuit.</strong></span> 
     </span>
    </p>
   </div>
   <div class='ocr_carea' id='block_1_27' title="bbox 423 2850 1998 2922">
    <p class='ocr_par' dir='ltr' id='par_1_27' title="bbox 423 2850 1998 2922">
     <span class='ocr_line' id='line_1_27' title="bbox 423 2850 1998 2922; baseline 0.001 -17"><span class='ocrx_word' id='word_1_195' title='bbox 423 2850 548 2922; x_wconf 77' lang='lat' dir='ltr'><strong>Ipse</strong></span> <span class='ocrx_word' id='word_1_196' title='bbox 573 2853 794 2906; x_wconf 89' lang='lat' dir='ltr'><strong>interim</strong></span> <span class='ocrx_word' id='word_1_197' title='bbox 818 2853 1066 2922; x_wconf 82' lang='lat' dir='ltr'><strong>augendo</strong></span> <span class='ocrx_word' id='word_1_198' title='bbox 1091 2853 1392 2922; x_wconf 68' lang='lat' dir='ltr'><strong>praesertim</strong></span> <span class='ocrx_word' id='word_1_199' title='bbox 1423 2853 1684 2922; x_wconf 80' lang='lat' dir='ltr'><strong>equitatui</strong></span> <span class='ocrx_word' id='word_1_200' title='bbox 1729 2852 1998 2918; x_wconf 89' lang='lat' dir='ltr'><strong>intentus,</strong></span> 
     </span>
    </p>
   </div>
   <div class='ocr_carea' id='block_1_28' title="bbox 425 2945 2002 3015">
    <p class='ocr_par' dir='ltr' id='par_1_28' title="bbox 425 2945 2002 3015">
     <span class='ocr_line' id='line_1_28' title="bbox 425 2945 2002 3015; baseline 0 -17"><span class='ocrx_word' id='word_1_201' title='bbox 425 2960 586 3014; x_wconf 84' lang='lat' dir='ltr'><strong>quam</strong></span> <span class='ocrx_word' id='word_1_202' title='bbox 629 2945 986 3015; x_wconf 77' lang='lat' dir='ltr'><strong>ampliSsimis</strong></span> <span class='ocrx_word' id='word_1_203' title='bbox 1016 2945 1424 3000; x_wconf 83' lang='lat' dir='ltr'><strong>conditionibus</strong></span> <span class='ocrx_word' id='word_1_204' title='bbox 1453 2946 1664 3014; x_wconf 79' lang='lat' dir='ltr'><strong>equites</strong></span> <span class='ocrx_word' id='word_1_205' title='bbox 1717 2949 2002 2998; x_wconf 85' lang='lat' dir='ltr'><strong>undecun-</strong></span> 
     </span>
    </p>
   </div>
   <div class='ocr_carea' id='block_1_29' title="bbox 424 3036 2003 3107">
    <p class='ocr_par' dir='ltr' id='par_1_29' title="bbox 424 3036 2003 3107">
     <span class='ocr_line' id='line_1_29' title="bbox 424 3036 2003 3107; baseline 0.001 -17"><span class='ocrx_word' id='word_1_206' title='bbox 424 3051 535 3105; x_wconf 85' lang='lat' dir='ltr'><strong>que</strong></span> <span class='ocrx_word' id='word_1_207' title='bbox 569 3037 854 3102; x_wconf 88' lang='lat' dir='ltr'><strong>invitabat,</strong></span> <span class='ocrx_word' id='word_1_208' title='bbox 887 3051 1030 3106; x_wconf 83' lang='lat' dir='ltr'><strong>equo</strong></span> <span class='ocrx_word' id='word_1_209' title='bbox 1052 3036 1216 3094; x_wconf 87' lang='lat' dir='ltr'><strong>etiam</strong></span> <span class='ocrx_word' id='word_1_210' title='bbox 1254 3036 1518 3090; x_wconf 82' lang='lat' dir='ltr'><strong>attribute</strong></span> <span class='ocrx_word' id='word_1_211' title='bbox 1546 3054 1650 3091; x_wconf 76' lang='lat' dir='ltr'><strong>non</strong></span> <span class='ocrx_word' id='word_1_212' title='bbox 1681 3037 1873 3107; x_wconf 83' lang='lat' dir='ltr'><strong>paucis</strong></span> <span class='ocrx_word' id='word_1_213' title='bbox 1906 3053 2003 3092; x_wconf 74' lang='lat' dir='ltr'><strong>eo~</strong></span> 
     </span>
    </p>
   </div>
   <div class='ocr_carea' id='block_1_30' title="bbox 426 3129 2004 3200">
    <p class='ocr_par' dir='ltr' id='par_1_30' title="bbox 426 3129 2004 3200">
     <span class='ocr_line' id='line_1_30' title="bbox 426 3129 2004 3200; baseline 0.001 -18"><span class='ocrx_word' id='word_1_214' title='bbox 426 3143 552 3182; x_wconf 84' lang='lat' dir='ltr'><strong>rum</strong></span> <span class='ocrx_word' id='word_1_215' title='bbox 587 3145 820 3199; x_wconf 92' lang='lat' dir='ltr'><strong>quorum</strong></span> <span class='ocrx_word' id='word_1_216' title='bbox 852 3129 1109 3184; x_wconf 79' lang='lat' dir='ltr'><strong>virtutem</strong></span> <span class='ocrx_word' id='word_1_217' title='bbox 1159 3130 1398 3198; x_wconf 83' lang='lat' dir='ltr'><strong>pedestri</strong></span> <span class='ocrx_word' id='word_1_218' title='bbox 1434 3130 1626 3184; x_wconf 87' lang='lat' dir='ltr'><strong>militia</strong></span> <span class='ocrx_word' id='word_1_219' title='bbox 1664 3131 1941 3200; x_wconf 82' lang='lat' dir='ltr'><strong>probarat,</strong></span> <span class='ocrx_word' id='word_1_220' title='bbox 1974 3146 2004 3184; x_wconf 89' lang='lat' dir='ltr'><strong>e</strong></span> 
     </span>
    </p>
   </div>
   <div class='ocr_carea' id='block_1_31' title="bbox 426 3221 2000 3291">
    <p class='ocr_par' dir='ltr' id='par_1_31' title="bbox 426 3221 2000 3291">
     <span class='ocr_line' id='line_1_31' title="bbox 426 3221 2000 3291; baseline 0.003 -18"><span class='ocrx_word' id='word_1_221' title='bbox 426 3222 629 3290; x_wconf 80' lang='lat' dir='ltr'><strong>quibus</strong></span> <span class='ocrx_word' id='word_1_222' title='bbox 677 3221 1157 3291; x_wconf 81' lang='lat' dir='ltr'><strong>cataphractorum</strong></span> <span class='ocrx_word' id='word_1_223' title='bbox 1208 3223 1421 3276; x_wconf 88' lang='lat' dir='ltr'><strong>validos</strong></span> <span class='ocrx_word' id='word_1_224' title='bbox 1465 3223 1687 3276; x_wconf 86' lang='lat' dir='ltr'><strong>ordines</strong></span> <span class='ocrx_word' id='word_1_225' title='bbox 1739 3222 2000 3278; x_wconf 72' lang='lat' dir='ltr'><strong>confecit.</strong></span> 
     </span>
    </p>
   </div>
   <div class='ocr_carea' id='block_1_32' title="bbox 426 3315 2006 3386">
    <p class='ocr_par' dir='ltr' id='par_1_32' title="bbox 426 3315 2006 3386">
     <span class='ocr_line' id='line_1_32' title="bbox 426 3315 2006 3386; baseline -0.002 -14"><span class='ocrx_word' id='word_1_226' title='bbox 426 3315 867 3386; x_wconf 83' lang='lat' dir='ltr'><strong>Circumspieere</strong></span> <span class='ocrx_word' id='word_1_227' title='bbox 918 3323 1033 3369; x_wconf 92' lang='lat' dir='ltr'><strong>tum</strong></span> <span class='ocrx_word' id='word_1_228' title='bbox 1080 3316 1244 3384; x_wconf 67' lang='lat' dir='ltr'><strong>coepit</strong></span> <span class='ocrx_word' id='word_1_229' title='bbox 1303 3315 1590 3383; x_wconf 72' lang='lat' dir='ltr'><strong>prmfectos</strong></span> <span class='ocrx_word' id='word_1_230' title='bbox 1653 3316 2006 3371; x_wconf 81' lang='lat' dir='ltr'><strong>finitimarum</strong></span> 
     </span>
    </p>
   </div>
   <div class='ocr_carea' id='block_1_33' title="bbox 430 3410 2012 3481">
    <p class='ocr_par' dir='ltr' id='par_1_33' title="bbox 430 3410 2012 3481">
     <span class='ocr_line' id='line_1_33' title="bbox 430 3410 2012 3481; baseline 0.001 -17"><span class='ocrx_word' id='word_1_231' title='bbox 430 3411 733 3480; x_wconf 75' lang='lat' dir='ltr'><strong>regionum,</strong></span> <span class='ocrx_word' id='word_1_232' title='bbox 770 3421 824 3464; x_wconf 90' lang='lat' dir='ltr'><strong>et</strong></span> <span class='ocrx_word' id='word_1_233' title='bbox 857 3425 1040 3464; x_wconf 87' lang='lat' dir='ltr'><strong>secum</strong></span> <span class='ocrx_word' id='word_1_234' title='bbox 1075 3410 1267 3463; x_wconf 84' lang='lat' dir='ltr'><strong>modos</strong></span> <span class='ocrx_word' id='word_1_235' title='bbox 1308 3410 1596 3480; x_wconf 81' lang='lat' dir='ltr'><strong>exquirere</strong></span> <span class='ocrx_word' id='word_1_236' title='bbox 1638 3411 2012 3481; x_wconf 86' lang='lat' dir='ltr'><strong>cujuscunque</strong></span> 
     </span>
    </p>
   </div>
   <div class='ocr_carea' id='block_1_34' title="bbox 431 3503 2011 3574">
    <p class='ocr_par' dir='ltr' id='par_1_34' title="bbox 431 3503 2011 3574">
     <span class='ocr_line' id='line_1_34' title="bbox 431 3503 2011 3574; baseline -0.001 -14"><span class='ocrx_word' id='word_1_237' title='bbox 431 3505 675 3574; x_wconf 83' lang='lat' dir='ltr'><strong>ipsorum</strong></span> <span class='ocrx_word' id='word_1_238' title='bbox 715 3503 1024 3574; x_wconf 79' lang='lat' dir='ltr'><strong>subigendi.</strong></span> <span class='ocrx_word' id='word_1_239' title='bbox 1059 3505 1118 3556; x_wconf 86' lang='lat' dir='ltr'><strong>lu</strong></span> <span class='ocrx_word' id='word_1_240' title='bbox 1164 3503 1248 3556; x_wconf 91' lang='lat' dir='ltr'><strong>bis</strong></span> <span class='ocrx_word' id='word_1_241' title='bbox 1282 3503 1490 3572; x_wconf 89' lang='lat' dir='ltr'><strong>primus</strong></span> <span class='ocrx_word' id='word_1_242' title='bbox 1520 3505 1844 3558; x_wconf 78' lang='lat' dir='ltr'><strong>occurrebat</strong></span> <span class='ocrx_word' id='word_1_243' title='bbox 1882 3519 2011 3573; x_wconf 80' lang='lat' dir='ltr'><strong>pro-</strong></span> 
     </span>
    </p>
   </div>
   <div class='ocr_carea' id='block_1_35' title="bbox 430 3591 2004 3662">
    <p class='ocr_par' dir='ltr' id='par_1_35' title="bbox 430 3591 2004 3662">
     <span class='ocr_line' id='line_1_35' title="bbox 430 3591 2004 3662; baseline -0.002 -13"><span class='ocrx_word' id='word_1_244' title='bbox 430 3593 778 3660; x_wconf 83' lang='lat' dir='ltr'><strong>tovestiarita</strong></span> <span class='ocrx_word' id='word_1_245' title='bbox 807 3591 1151 3658; x_wconf 78' lang='lat' dir='ltr'><strong>Libadarius,</strong></span> <span class='ocrx_word' id='word_1_246' title='bbox 1181 3608 1340 3662; x_wconf 87' lang='lat' dir='ltr'><strong>quem</strong></span> <span class='ocrx_word' id='word_1_247' title='bbox 1371 3607 1754 3660; x_wconf 71' lang='lat' dir='ltr'><strong>prawccupare</strong></span> <span class='ocrx_word' id='word_1_248' title='bbox 1791 3608 1856 3646; x_wconf 91' lang='lat' dir='ltr'><strong>eo</strong></span> <span class='ocrx_word' id='word_1_249' title='bbox 1889 3593 2004 3648; x_wconf 80' lang='lat' dir='ltr'><strong>sol-</strong></span> 
     </span>
    </p>
   </div>
   <div class='ocr_carea' id='block_1_36' title="bbox 433 3667 2008 3754">
    <p class='ocr_par' dir='ltr' id='par_1_36' title="bbox 433 3667 2008 3754">
     <span class='ocr_line' id='line_1_36' title="bbox 433 3667 2008 3754; baseline 0.001 -15"><span class='ocrx_word' id='word_1_250' title='bbox 433 3685 638 3741; x_wconf 83' lang='lat' dir='ltr'><strong>licitius</strong></span> <span class='ocrx_word' id='word_1_251' title='bbox 671 3686 950 3746; x_wconf 87' lang='lat' dir='ltr'><strong>studebat.</strong></span> <span class='ocrx_word' id='word_1_252' title='bbox 994 3701 1101 3754; x_wconf 92' lang='lat' dir='ltr'><strong>quo</strong></span> <span class='ocrx_word' id='word_1_253' title='bbox 1136 3685 1396 3739; x_wconf 82' lang='lat' dir='ltr'><strong>viciniora</strong></span> <span class='ocrx_word' id='word_1_254' title='bbox 1427 3684 1515 3737; x_wconf 92' lang='lat' dir='ltr'><strong>ille</strong></span> <span class='ocrx_word' id='word_1_255' title='bbox 1549 3667 1825 3739; x_wconf 83' lang='lat' dir='ltr'><strong>obtinebat</strong></span> <span class='ocrx_word' id='word_1_256' title='bbox 1866 3685 2008 3748; x_wconf 85' lang='lat' dir='ltr'><strong>loca.</strong></span> 
     </span>
    </p>
   </div>
   <div class='ocr_carea' id='block_1_37' title="bbox 435 3775 2011 3848">
    <p class='ocr_par' dir='ltr' id='par_1_37' title="bbox 435 3775 2011 3848">
     <span class='ocr_line' id='line_1_37' title="bbox 435 3775 2011 3848; baseline 0.002 -18"><span class='ocrx_word' id='word_1_257' title='bbox 435 3777 596 3832; x_wconf 83' lang='lat' dir='ltr'><strong>terris</strong></span> <span class='ocrx_word' id='word_1_258' title='bbox 617 3777 760 3831; x_wconf 84' lang='lat' dir='ltr'><strong>circa</strong></span> <span class='ocrx_word' id='word_1_259' title='bbox 786 3775 1082 3831; x_wconf 82' lang='lat' dir='ltr'><strong>Neocastra</strong></span> <span class='ocrx_word' id='word_1_260' title='bbox 1103 3777 1223 3832; x_wconf 72' lang='lat' dir='ltr'><strong>sitis</strong></span> <span class='ocrx_word' id='word_1_261' title='bbox 1239 3776 1396 3848; x_wconf 83' lang='lat'><strong>221</strong></span> <span class='ocrx_word' id='word_1_262' title='bbox 1429 3775 1717 3845; x_wconf 69' lang='lat' dir='ltr'><strong>Lydimqne</strong></span> <span class='ocrx_word' id='word_1_263' title='bbox 1744 3782 2011 3833; x_wconf 71' lang='lat' dir='ltr'><strong>universa:</strong></span> 
     </span>
    </p>
   </div>
   <div class='ocr_carea' id='block_1_38' title="bbox 437 3869 2010 3942">
    <p class='ocr_par' dir='ltr' id='par_1_38' title="bbox 437 3869 2010 3942">
     <span class='ocr_line' id='line_1_38' title="bbox 437 3869 2010 3942; baseline 0.001 -20"><span class='ocrx_word' id='word_1_264' title='bbox 437 3884 501 3923; x_wconf 89' lang='lat' dir='ltr'><strong>ac</strong></span> <span class='ocrx_word' id='word_1_265' title='bbox 521 3869 665 3942; x_wconf 85' lang='lat' dir='ltr'><strong>ipsis</strong></span> <span class='ocrx_word' id='word_1_266' title='bbox 693 3869 955 3923; x_wconf 82' lang='lat' dir='ltr'><strong>Sardibus</strong></span> <span class='ocrx_word' id='word_1_267' title='bbox 991 3869 1340 3939; x_wconf 67' lang='lat' dir='ltr'><strong>praepositus.</strong></span> <span class='ocrx_word' id='word_1_268' title='bbox 1371 3871 1692 3938; x_wconf 76' lang='lat' dir='ltr'><strong>Quanquam</strong></span> <span class='ocrx_word' id='word_1_269' title='bbox 1722 3871 1864 3924; x_wconf 91' lang='lat' dir='ltr'><strong>hunc</strong></span> <span class='ocrx_word' id='word_1_270' title='bbox 1895 3872 2010 3940; x_wconf 88' lang='lat' dir='ltr'><strong>qui-</strong></span> 
     </span>
    </p>
   </div>
   <div class='ocr_carea' id='block_1_39' title="bbox 435 3961 2012 4035">
    <p class='ocr_par' dir='ltr' id='par_1_39' title="bbox 435 3961 2012 4035">
     <span class='ocr_line' id='line_1_39' title="bbox 435 3961 2012 4035; baseline 0.002 -21"><span class='ocrx_word' id='word_1_271' title='bbox 435 3962 594 4035; x_wconf 81' lang='lat' dir='ltr'><strong>dem,</strong></span> <span class='ocrx_word' id='word_1_272' title='bbox 619 3968 702 4015; x_wconf 85' lang='lat' dir='ltr'><strong>sui</strong></span> <span class='ocrx_word' id='word_1_273' title='bbox 728 3961 988 4032; x_wconf 86' lang='lat' dir='ltr'><strong>opinione</strong></span> <span class='ocrx_word' id='word_1_274' title='bbox 1019 3961 1395 4031; x_wconf 72' lang='lat' dir='ltr'><strong>praetumidos,</strong></span> <span class='ocrx_word' id='word_1_275' title='bbox 1429 3971 1781 4018; x_wconf 75' lang='lat' dir='ltr'><strong>contemnere</strong></span> <span class='ocrx_word' id='word_1_276' title='bbox 1804 3964 2012 4018; x_wconf 87' lang='lat' dir='ltr'><strong>solebat</strong></span> 
     </span>
    </p>
   </div>
   <div class='ocr_carea' id='block_1_40' title="bbox 436 4053 2010 4124">
    <p class='ocr_par' dir='ltr' id='par_1_40' title="bbox 436 4053 2010 4124">
     <span class='ocr_line' id='line_1_40' title="bbox 436 4053 2010 4124; baseline 0.001 -16"><span class='ocrx_word' id='word_1_277' title='bbox 436 4067 502 4108; x_wconf 86' lang='lat' dir='ltr'><strong>ac</strong></span> <span class='ocrx_word' id='word_1_278' title='bbox 536 4053 691 4107; x_wconf 84' lang='lat' dir='ltr'><strong>nihili</strong></span> <span class='ocrx_word' id='word_1_279' title='bbox 725 4053 951 4118; x_wconf 90' lang='lat' dir='ltr'><strong>ducere,</strong></span> <span class='ocrx_word' id='word_1_280' title='bbox 994 4071 1101 4108; x_wconf 91' lang='lat' dir='ltr'><strong>non</strong></span> <span class='ocrx_word' id='word_1_281' title='bbox 1139 4055 1398 4118; x_wconf 83' lang='lat' dir='ltr'><strong>dubitans</strong></span> <span class='ocrx_word' id='word_1_282' title='bbox 1425 4071 1646 4124; x_wconf 88' lang='lat' dir='ltr'><strong>sperare</strong></span> <span class='ocrx_word' id='word_1_283' title='bbox 1695 4071 1818 4111; x_wconf 90' lang='lat' dir='ltr'><strong>sese</strong></span> <span class='ocrx_word' id='word_1_284' title='bbox 1860 4055 2010 4110; x_wconf 88' lang='lat' dir='ltr'><strong>illum</strong></span> 
     </span>
    </p>
   </div>
   <div class='ocr_carea' id='block_1_41' title="bbox 438 4146 2010 4216">
    <p class='ocr_par' dir='ltr' id='par_1_41' title="bbox 438 4146 2010 4216">
     <span class='ocr_line' id='line_1_41' title="bbox 438 4146 2010 4216; baseline 0.001 -16"><span class='ocrx_word' id='word_1_285' title='bbox 438 4146 616 4200; x_wconf 81' lang='lat' dir='ltr'><strong>instar</strong></span> <span class='ocrx_word' id='word_1_286' title='bbox 641 4146 907 4216; x_wconf 90' lang='lat' dir='ltr'><strong>lepusculi</strong></span> <span class='ocrx_word' id='word_1_287' title='bbox 935 4157 1220 4215; x_wconf 87' lang='lat' dir='ltr'><strong>capturum</strong></span> <span class='ocrx_word' id='word_1_288' title='bbox 1251 4149 1379 4211; x_wconf 90' lang='lat' dir='ltr'><strong>;sed</strong></span> <span class='ocrx_word' id='word_1_289' title='bbox 1414 4157 1519 4201; x_wconf 93' lang='lat' dir='ltr'><strong>tam</strong></span> <span class='ocrx_word' id='word_1_290' title='bbox 1549 4149 1772 4203; x_wconf 86' lang='lat' dir='ltr'><strong>audacis</strong></span> <span class='ocrx_word' id='word_1_291' title='bbox 1797 4147 2010 4204; x_wconf 82' lang='lat' dir='ltr'><strong>consilii</strong></span> 
     </span>
    </p>
   </div>
   <div class='ocr_carea' id='block_1_42' title="bbox 438 4238 2012 4311">
    <p class='ocr_par' dir='ltr' id='par_1_42' title="bbox 438 4238 2012 4311">
     <span class='ocr_line' id='line_1_42' title="bbox 438 4238 2012 4311; baseline 0.002 -18"><span class='ocrx_word' id='word_1_292' title='bbox 438 4238 848 4294; x_wconf 78' lang='lat' dir='ltr'><strong>diversissimos</strong></span> <span class='ocrx_word' id='word_1_293' title='bbox 867 4249 1100 4294; x_wconf 85' lang='lat' dir='ltr'><strong>eventus</strong></span> <span class='ocrx_word' id='word_1_294' title='bbox 1124 4241 1520 4295; x_wconf 85' lang='lat' dir='ltr'><strong>demonstravit</strong></span> <span class='ocrx_word' id='word_1_295' title='bbox 1544 4243 1844 4311; x_wconf 87' lang='lat' dir='ltr'><strong>quamlibet</strong></span> <span class='ocrx_word' id='word_1_296' title='bbox 1872 4251 2012 4296; x_wconf 86' lang='lat' dir='ltr'><strong>stre-</strong></span> 
     </span>
    </p>
   </div>
   <div class='ocr_carea' id='block_1_43' title="bbox 441 4331 2014 4401">
    <p class='ocr_par' dir='ltr' id='par_1_43' title="bbox 441 4331 2014 4401">
     <span class='ocr_line' id='line_1_43' title="bbox 441 4331 2014 4401; baseline 0.003 -17"><span class='ocrx_word' id='word_1_297' title='bbox 441 4345 603 4395; x_wconf 85' lang='lat' dir='ltr'><strong>nuos,</strong></span> <span class='ocrx_word' id='word_1_298' title='bbox 631 4347 754 4386; x_wconf 90' lang='lat' dir='ltr'><strong>cum</strong></span> <span class='ocrx_word' id='word_1_299' title='bbox 791 4331 988 4386; x_wconf 87' lang='lat' dir='ltr'><strong>horum</strong></span> <span class='ocrx_word' id='word_1_300' title='bbox 1011 4332 1151 4386; x_wconf 90' lang='lat' dir='ltr'><strong>Deus</strong></span> <span class='ocrx_word' id='word_1_301' title='bbox 1182 4335 1378 4401; x_wconf 82' lang='lat' dir='ltr'><strong>coeptis</strong></span> <span class='ocrx_word' id='word_1_302' title='bbox 1408 4333 1754 4398; x_wconf 84' lang='lat' dir='ltr'><strong>adversatur,</strong></span> <span class='ocrx_word' id='word_1_303' title='bbox 1783 4347 1811 4385; x_wconf 90' lang='lat' dir='ltr'><strong>a</strong></span> <span class='ocrx_word' id='word_1_304' title='bbox 1841 4334 2014 4388; x_wconf 86' lang='lat' dir='ltr'><strong>tardis</strong></span> 
     </span>
    </p>
   </div>
   <div class='ocr_carea' id='block_1_44' title="bbox 443 4421 2014 4494">
    <p class='ocr_par' dir='ltr' id='par_1_44' title="bbox 443 4421 2014 4494">
     <span class='ocr_line' id='line_1_44' title="bbox 443 4421 2014 4494; baseline 0.003 -20"><span class='ocrx_word' id='word_1_305' title='bbox 443 4438 507 4475; x_wconf 90' lang='lat' dir='ltr'><strong>ac</strong></span> <span class='ocrx_word' id='word_1_306' title='bbox 545 4421 704 4476; x_wconf 86' lang='lat' dir='ltr'><strong>lentis</strong></span> <span class='ocrx_word' id='word_1_307' title='bbox 744 4423 936 4485; x_wconf 85' lang='lat' dir='ltr'><strong>etiam.</strong></span> <span class='ocrx_word' id='word_1_308' title='bbox 965 4424 1144 4492; x_wconf 87' lang='lat' dir='ltr'><strong>qualis</strong></span> <span class='ocrx_word' id='word_1_309' title='bbox 1195 4423 1520 4479; x_wconf 86' lang='lat' dir='ltr'><strong>Libadarius</strong></span> <span class='ocrx_word' id='word_1_310' title='bbox 1551 4425 2014 4494; x_wconf 85' lang='lat' dir='ltr'><strong>Pliilanthropeno</strong></span> 
     </span>
    </p>
   </div>
   <div class='ocr_carea' id='block_1_45' title="bbox 440 4514 2009 4585">
    <p class='ocr_par' dir='ltr' id='par_1_45' title="bbox 440 4514 2009 4585">
     <span class='ocr_line' id='line_1_45' title="bbox 440 4514 2009 4585; baseline 0.003 -16"><span class='ocrx_word' id='word_1_311' title='bbox 440 4515 746 4580; x_wconf 85' lang='lat' dir='ltr'><strong>videbatur,</strong></span> <span class='ocrx_word' id='word_1_312' title='bbox 771 4514 936 4570; x_wconf 78' lang='lat' dir='ltr'><strong>facile</strong></span> <span class='ocrx_word' id='word_1_313' title='bbox 963 4517 1084 4584; x_wconf 86' lang='lat' dir='ltr'><strong>capi</strong></span> <span class='ocrx_word' id='word_1_314' title='bbox 1113 4519 1492 4585; x_wconf 64' lang='lat' dir='ltr'><strong>praevertique,</strong></span> <span class='ocrx_word' id='word_1_315' title='bbox 1512 4517 1653 4585; x_wconf 89' lang='lat' dir='ltr'><strong>quod</strong></span> <span class='ocrx_word' id='word_1_316' title='bbox 1681 4518 1760 4572; x_wconf 87' lang='lat' dir='ltr'><strong>vis</strong></span> <span class='ocrx_word' id='word_1_317' title='bbox 1790 4518 2009 4573; x_wconf 79' lang='lat' dir='ltr'><strong>Consilii</strong></span> 
     </span>
    </p>
   </div>
   <div class='ocr_carea' id='block_1_46' title="bbox 2095 656 3698 728">
    <p class='ocr_par' dir='ltr' id='par_1_46' title="bbox 2095 656 3698 728">
     <span class='ocr_line' id='line_1_46' title="bbox 2095 656 3698 728; baseline -0.002 -16"><span class='ocrx_word' id='word_1_318' title='bbox 2095 660 2231 713; x_wconf 86' lang='grc' dir='ltr'><strong>ἀλλά</strong></span> <span class='ocrx_word' id='word_1_319' title='bbox 2258 663 2354 714; x_wconf 74' lang='grc' dir='ltr'><strong>καὶ</strong></span> <span class='ocrx_word' id='word_1_320' title='bbox 2381 660 2502 712; x_wconf 87' lang='grc' dir='ltr'>λίαν</span> <span class='ocrx_word' id='word_1_321' title='bbox 2528 658 2918 712; x_wconf 85' lang='grc' dir='ltr'>δυσελπιστῶν.</span> <span class='ocrx_word' id='word_1_322' title='bbox 2945 656 3050 711; x_wconf 74' lang='grc' dir='ltr'><strong>Καὶ</strong></span> <span class='ocrx_word' id='word_1_323' title='bbox 3081 657 3244 720; x_wconf 75' lang='grc' dir='ltr'>αὐτὸς</span> <span class='ocrx_word' id='word_1_324' title='bbox 3274 659 3372 728; x_wconf 85' lang='grc' dir='ltr'>μὲν</span> <span class='ocrx_word' id='word_1_325' title='bbox 3402 657 3546 711; x_wconf 81' lang='grc' dir='ltr'>οὕτω</span> <span class='ocrx_word' id='word_1_326' title='bbox 3572 658 3698 710; x_wconf 80' lang='grc' dir='ltr'>διτ-</span> 
     </span>
    </p>
   </div>
   <div class='ocr_carea' id='block_1_47' title="bbox 2097 749 3698 822">
    <p class='ocr_par' dir='ltr' id='par_1_47' title="bbox 2097 749 3698 822">
     <span class='ocr_line' id='line_1_47' title="bbox 2097 749 3698 822; baseline -0.002 -20"><span class='ocrx_word' id='word_1_327' title='bbox 2097 752 2164 804; x_wconf 82' lang='grc' dir='ltr'><strong>τά</strong></span> <span class='ocrx_word' id='word_1_328' title='bbox 2212 752 2459 822; x_wconf 76' lang='grc' dir='ltr'>στρέφων</span> <span class='ocrx_word' id='word_1_329' title='bbox 2511 751 2605 804; x_wconf 72' lang='grc' dir='ltr'><strong>τὸν</strong></span> <span class='ocrx_word' id='word_1_330' title='bbox 2665 750 2857 817; x_wconf 59' lang='grc' dir='ltr'>καιρῦν</span> <span class='ocrx_word' id='word_1_331' title='bbox 2919 751 3293 817; x_wconf 73' lang='grc' dir='ltr'>ὲξυγοστάτει,</span> <span class='ocrx_word' id='word_1_332' title='bbox 3324 752 3418 803; x_wconf 79' lang='grc' dir='ltr'><strong>καὶ</strong></span> <span class='ocrx_word' id='word_1_333' title='bbox 3457 751 3552 802; x_wconf 83' lang='grc' dir='ltr'>τὸν</span> <span class='ocrx_word' id='word_1_334' title='bbox 3589 749 3698 816; x_wconf 80' lang='grc' dir='ltr'>μὲν</span> 
     </span>
    </p>
   </div>
   <div class='ocr_carea' id='block_1_48' title="bbox 2097 840 3698 913">
    <p class='ocr_par' dir='ltr' id='par_1_48' title="bbox 2097 840 3698 913">
     <span class='ocr_line' id='line_1_48' title="bbox 2097 840 3698 913; baseline -0.002 -17"><span class='ocrx_word' id='word_1_335' title='bbox 2097 843 2343 913; x_wconf 81' lang='grc' dir='ltr'>παρόντα</span> <span class='ocrx_word' id='word_1_336' title='bbox 2398 844 2474 906; x_wconf 85' lang='grc' dir='ltr'>ὡς</span> <span class='ocrx_word' id='word_1_337' title='bbox 2527 840 2674 913; x_wconf 79' lang='grc' dir='ltr'>εἶχεν</span> <span class='ocrx_word' id='word_1_338' title='bbox 2729 843 3113 913; x_wconf 75' lang='grc' dir='ltr'>ἐξεθεράπευε,</span> <span class='ocrx_word' id='word_1_339' title='bbox 3163 842 3255 895; x_wconf 79' lang='grc' dir='ltr'><strong>τὸν</strong></span> <span class='ocrx_word' id='word_1_340' title='bbox 3307 842 3362 895; x_wconf 79' lang='grc' dir='ltr'><strong>δὲ</strong></span> <span class='ocrx_word' id='word_1_341' title='bbox 3418 843 3698 912; x_wconf 80' lang='grc' dir='ltr'>μέλλοντα</span> 
     </span>
    </p>
   </div>
   <div class='ocr_carea' id='block_1_49' title="bbox 2097 936 3699 1008">
    <p class='ocr_par' dir='ltr' id='par_1_49' title="bbox 2097 936 3699 1008">
     <span class='ocr_line' id='line_1_49' title="bbox 2097 936 3699 1008; baseline -0.002 -17"><span class='ocrx_word' id='word_1_342' title='bbox 2097 937 2402 1008; x_wconf 79' lang='grc' dir='ltr'>ὑφεωρᾶτο,</span> <span class='ocrx_word' id='word_1_343' title='bbox 2443 938 2536 990; x_wconf 88' lang='grc' dir='ltr'>καί</span> <span class='ocrx_word' id='word_1_344' title='bbox 2591 955 2657 1005; x_wconf 85' lang='grc' dir='ltr'><strong>γε</strong></span> <span class='ocrx_word' id='word_1_345' title='bbox 2701 937 3002 1004; x_wconf 84' lang='grc' dir='ltr'>ἀπολογίαν</span> <span class='ocrx_word' id='word_1_346' title='bbox 3066 936 3471 1005; x_wconf 76' lang='grc' dir='ltr'><strong>ὑπολελεῖφθαι,</strong></span> <span class='ocrx_word' id='word_1_347' title='bbox 3503 937 3574 991; x_wconf 76' lang='grc' dir='ltr'><strong>ἄν</strong></span> <span class='ocrx_word' id='word_1_348' title='bbox 3641 953 3699 989; x_wconf 80' lang='grc' dir='ltr'><strong>τι</strong></span> 
     </span>
    </p>
   </div>
   <div class='ocr_carea' id='block_1_50' title="bbox 2097 1028 3698 1100">
    <p class='ocr_par' dir='ltr' id='par_1_50' title="bbox 2097 1028 3698 1100">
     <span class='ocr_line' id='line_1_50' title="bbox 2097 1028 3698 1100; baseline -0.001 -18"><span class='ocrx_word' id='word_1_349' title='bbox 2097 1028 2482 1100; x_wconf 80' lang='grc' dir='ltr'>προσκρούσοι,</span> <span class='ocrx_word' id='word_1_350' title='bbox 2540 1028 2816 1099; x_wconf 72' lang='grc' dir='ltr'>προύνάει.</span> <span class='ocrx_word' id='word_1_351' title='bbox 2875 1028 3001 1091; x_wconf 81' lang='grc' dir='ltr'>Τοῖς</span> <span class='ocrx_word' id='word_1_352' title='bbox 3045 1029 3100 1082; x_wconf 74' lang='grc' dir='ltr'><strong>δέ</strong></span> <span class='ocrx_word' id='word_1_353' title='bbox 3135 1044 3198 1096; x_wconf 85' lang='grc' dir='ltr'>γε</span> <span class='ocrx_word' id='word_1_354' title='bbox 3228 1029 3544 1098; x_wconf 80' lang='grc' dir='ltr'>Κρητικοῖς,</span> <span class='ocrx_word' id='word_1_355' title='bbox 3593 1028 3698 1082; x_wconf 78' lang='grc' dir='ltr'><strong>καὶ</strong></span> 
     </span>
    </p>
   </div>
   <div class='ocr_carea' id='block_1_51' title="bbox 2099 1119 3746 1222">
    <p class='ocr_par' dir='ltr' id='par_1_51' title="bbox 2099 1119 3746 1222">
     <span class='ocr_line' id='line_1_51' title="bbox 2099 1119 3746 1222; baseline -0.001 -48"><span class='ocrx_word' id='word_1_356' title='bbox 2099 1119 2300 1188; x_wconf 81' lang='grc' dir='ltr'>μᾶλλον</span> <span class='ocrx_word' id='word_1_357' title='bbox 2322 1121 2399 1186; x_wconf 80' lang='grc' dir='ltr'>τῷ</span> <span class='ocrx_word' id='word_1_358' title='bbox 2425 1119 2575 1188; x_wconf 74' lang='grc' dir='ltr'>σφῶν</span> <span class='ocrx_word' id='word_1_359' title='bbox 2607 1119 2954 1191; x_wconf 79' lang='grc' dir='ltr'><strong>ὲΕηγουμένῳ</strong></span> <span class='ocrx_word' id='word_1_360' title='bbox 2986 1119 3292 1193; x_wconf 78' lang='grc' dir='ltr'>Χορτάτζῃ.</span> <span class='ocrx_word' id='word_1_361' title='bbox 3341 1119 3484 1173; x_wconf 70' lang='grc' dir='ltr'>τοῦτ’</span> <span class='ocrx_word' id='word_1_362' title='bbox 3505 1122 3746 1222; x_wconf 77' lang='grc' dir='ltr'>ἀσφαο(</span> 
     </span>
    </p>
   </div>
   <div class='ocr_carea' id='block_1_52' title="bbox 2095 1209 3733 1282">
    <p class='ocr_par' dir='ltr' id='par_1_52' title="bbox 2095 1209 3733 1282">
     <span class='ocr_line' id='line_1_52' title="bbox 2095 1209 3733 1282; baseline -0.001 -19"><span class='ocrx_word' id='word_1_363' title='bbox 2095 1209 2184 1272; x_wconf 80' lang='grc' dir='ltr'>λὲς</span> <span class='ocrx_word' id='word_1_364' title='bbox 2219 1212 2319 1264; x_wconf 80' lang='grc' dir='ltr'>οὐκ</span> <span class='ocrx_word' id='word_1_365' title='bbox 2354 1210 2527 1264; x_wconf 76' lang='grc' dir='ltr'>ἐδόκει</span> <span class='ocrx_word' id='word_1_366' title='bbox 2557 1209 2694 1274; x_wconf 83' lang='grc' dir='ltr'>τέως</span> <span class='ocrx_word' id='word_1_367' title='bbox 2720 1223 2734 1240; x_wconf 71' lang='grc'><strong>⁸</strong></span> <span class='ocrx_word' id='word_1_368' title='bbox 2770 1210 2918 1280; x_wconf 77' lang='grc' dir='ltr'>αὐτῷ</span> <span class='ocrx_word' id='word_1_369' title='bbox 2962 1209 3072 1282; x_wconf 83' lang='grc' dir='ltr'>γὰρ</span> <span class='ocrx_word' id='word_1_370' title='bbox 3113 1209 3254 1264; x_wconf 81' lang='grc' dir='ltr'>εῖναι</span> <span class='ocrx_word' id='word_1_371' title='bbox 3311 1211 3405 1264; x_wconf 74' lang='grc' dir='ltr'><strong>καὶ</strong></span> <span class='ocrx_word' id='word_1_372' title='bbox 3459 1209 3733 1272; x_wconf 65' lang='grc' dir='ltr'>ἐσαῦθιςί</span> 
     </span>
    </p>
   </div>
   <div class='ocr_carea' id='block_1_53' title="bbox 2098 1298 3696 1376">
    <p class='ocr_par' dir='ltr' id='par_1_53' title="bbox 2098 1298 3696 1376">
     <span class='ocr_line' id='line_1_53' title="bbox 2098 1298 3696 1376; baseline -0.001 -18"><span class='ocrx_word' id='word_1_373' title='bbox 2098 1305 2424 1376; x_wconf 83' lang='grc' dir='ltr'>μεταγνόντι</span> <span class='ocrx_word' id='word_1_374' title='bbox 2480 1303 2862 1374; x_wconf 82' lang='grc' dir='ltr'>παραιτεῖσθαι</span> <span class='ocrx_word' id='word_1_375' title='bbox 2920 1305 3056 1375; x_wconf 80' lang='grc' dir='ltr'>πρὸς</span> <span class='ocrx_word' id='word_1_376' title='bbox 3106 1302 3358 1374; x_wconf 77' lang='grc' dir='ltr'>βασιλέα,</span> <span class='ocrx_word' id='word_1_377' title='bbox 3424 1304 3523 1357; x_wconf 76' lang='grc' dir='ltr'><strong>καὶ</strong></span> <span class='ocrx_word' id='word_1_378' title='bbox 3592 1298 3696 1356; x_wconf 79' lang='grc' dir='ltr'><strong>ὑπ’</strong></span> 
     </span>
    </p>
   </div>
   <div class='ocr_carea' id='block_1_54' title="bbox 2096 1390 3697 1468">
    <p class='ocr_par' dir='ltr' id='par_1_54' title="bbox 2096 1390 3697 1468">
     <span class='ocr_line' id='line_1_54' title="bbox 2096 1390 3697 1468; baseline -0.002 -18"><span class='ocrx_word' id='word_1_379' title='bbox 2096 1397 2371 1467; x_wconf 77' lang='grc' dir='ltr'>ἀσφαλείᾳ</span> <span class='ocrx_word' id='word_1_380' title='bbox 2397 1400 2464 1468; x_wconf 77' lang='grc' dir='ltr'>τῇ</span> <span class='ocrx_word' id='word_1_381' title='bbox 2506 1398 2736 1467; x_wconf 72' lang='grc' dir='ltr'>ἐοικυῖα,</span> <span class='ocrx_word' id='word_1_382' title='bbox 2769 1397 2885 1450; x_wconf 75' lang='grc' dir='ltr'>ἔστι</span> <span class='ocrx_word' id='word_1_383' title='bbox 2924 1397 2968 1450; x_wconf 80' lang='grc' dir='ltr'><strong>δ’</strong></span> <span class='ocrx_word' id='word_1_384' title='bbox 3003 1390 3064 1450; x_wconf 77' lang='grc' dir='ltr'>οὖ</span> <span class='ocrx_word' id='word_1_385' title='bbox 3092 1397 3186 1450; x_wconf 80' lang='grc' dir='ltr'><strong>καὶ</strong></span> <span class='ocrx_word' id='word_1_386' title='bbox 3229 1393 3335 1450; x_wconf 72' lang='grc' dir='ltr'>ὑπὸ</span> <span class='ocrx_word' id='word_1_387' title='bbox 3397 1397 3697 1466; x_wconf 80' lang='grc' dir='ltr'>μεγίσταις</span> 
     </span>
    </p>
   </div>
   <div class='ocr_carea' id='block_1_55' title="bbox 2094 1485 3699 1560">
    <p class='ocr_par' dir='ltr' id='par_1_55' title="bbox 2094 1485 3699 1560">
     <span class='ocr_line' id='line_1_55' title="bbox 2094 1485 3699 1560; baseline -0.002 -18"><span class='ocrx_word' id='word_1_388' title='bbox 2094 1488 2333 1559; x_wconf 85' lang='grc' dir='ltr'>χάρισιν,</span> <span class='ocrx_word' id='word_1_389' title='bbox 2365 1491 2444 1552; x_wconf 87' lang='grc' dir='ltr'><strong>είς</strong></span> <span class='ocrx_word' id='word_1_390' title='bbox 2470 1491 2658 1560; x_wconf 84' lang='grc' dir='ltr'>χεῖρας</span> <span class='ocrx_word' id='word_1_391' title='bbox 2703 1488 2894 1542; x_wconf 79' lang='grc' dir='ltr'>ἑαυτὸν</span> <span class='ocrx_word' id='word_1_392' title='bbox 2927 1485 3254 1558; x_wconf 75' lang='grc' dir='ltr'>ιγχειρίζειν</span> <span class='ocrx_word' id='word_1_393' title='bbox 3280 1489 3391 1549; x_wconf 84' lang='grc' dir='ltr'>τοῖς</span> <span class='ocrx_word' id='word_1_394' title='bbox 3424 1487 3564 1555; x_wconf 78' lang='grc' dir='ltr'>πρὸς</span> <span class='ocrx_word' id='word_1_395' title='bbox 3597 1487 3699 1539; x_wconf 66' lang='grc' dir='ltr'>τὸν</span> 
     </span>
    </p>
   </div>
   <div class='ocr_carea' id='block_1_56' title="bbox 2097 1577 3698 1651">
    <p class='ocr_par' dir='ltr' id='par_1_56' title="bbox 2097 1577 3698 1651">
     <span class='ocr_line' id='line_1_56' title="bbox 2097 1577 3698 1651; baseline -0.004 -17"><span class='ocrx_word' id='word_1_396' title='bbox 2097 1580 2323 1651; x_wconf 83' lang='grc' dir='ltr'>βασιλέα</span> <span class='ocrx_word' id='word_1_397' title='bbox 2356 1581 2586 1647; x_wconf 80' lang='grc' dir='ltr'>ἀξιοῦσι,</span> <span class='ocrx_word' id='word_1_398' title='bbox 2613 1581 2764 1650; x_wconf 80' lang='grc' dir='ltr'>σφίσι</span> <span class='ocrx_word' id='word_1_399' title='bbox 2789 1579 2834 1633; x_wconf 81' lang='grc' dir='ltr'><strong>δ’</strong></span> <span class='ocrx_word' id='word_1_400' title='bbox 2866 1577 3008 1634; x_wconf 82' lang='grc' dir='ltr'>εῖναι</span> <span class='ocrx_word' id='word_1_401' title='bbox 3033 1579 3408 1632; x_wconf 79' lang='grc' dir='ltr'><strong>τδν’κίνδυνον</strong></span> <span class='ocrx_word' id='word_1_402' title='bbox 3439 1578 3698 1646; x_wconf 76' lang='grc' dir='ltr'>ἄφυκτον</span> 
     </span>
    </p>
   </div>
   <div class='ocr_carea' id='block_1_57' title="bbox 2095 1667 3700 1743">
    <p class='ocr_par' dir='ltr' id='par_1_57' title="bbox 2095 1667 3700 1743">
     <span class='ocr_line' id='line_1_57' title="bbox 2095 1667 3700 1743; baseline -0.004 -17"><span class='ocrx_word' id='word_1_403' title='bbox 2095 1673 2336 1739; x_wconf 80' lang='grc' dir='ltr'>πάντως,</span> <span class='ocrx_word' id='word_1_404' title='bbox 2375 1674 2475 1726; x_wconf 82' lang='grc' dir='ltr'><strong>οὐκ</strong></span> <span class='ocrx_word' id='word_1_405' title='bbox 2499 1672 2715 1743; x_wconf 80' lang='grc' dir='ltr'>ἔχουσιν</span> <span class='ocrx_word' id='word_1_406' title='bbox 2743 1673 2848 1741; x_wconf 84' lang='grc' dir='ltr'><strong>ὅπη</strong></span> <span class='ocrx_word' id='word_1_407' title='bbox 2874 1673 2940 1726; x_wconf 78' lang='grc' dir='ltr'><strong>ἂν</strong></span> <span class='ocrx_word' id='word_1_408' title='bbox 2973 1672 3084 1724; x_wconf 84' lang='grc' dir='ltr'><strong>τῶν</strong></span> <span class='ocrx_word' id='word_1_409' title='bbox 3117 1671 3215 1741; x_wconf 83' lang='grc' dir='ltr'><strong>τῆς</strong></span> <span class='ocrx_word' id='word_1_410' title='bbox 3245 1669 3539 1738; x_wconf 80' lang='grc' dir='ltr'>ἀποφυγῆς</span> <span class='ocrx_word' id='word_1_411' title='bbox 3605 1667 3700 1719; x_wconf 77' lang='grc' dir='ltr'><strong>τό-</strong></span> 
     </span>
    </p>
   </div>
   <div class='ocr_carea' id='block_1_58' title="bbox 2097 1763 3057 1833">
    <p class='ocr_par' dir='ltr' id='par_1_58' title="bbox 2097 1763 3057 1833">
     <span class='ocr_line' id='line_1_58' title="bbox 2097 1763 3057 1833; baseline -0.002 -15"><span class='ocrx_word' id='word_1_412' title='bbox 2097 1782 2216 1818; x_wconf 86' lang='grc' dir='ltr'><strong>πων</strong></span> <span class='ocrx_word' id='word_1_413' title='bbox 2242 1765 2498 1819; x_wconf 76' lang='grc' dir='ltr'>ἐκσταῖεν</span> <span class='ocrx_word' id='word_1_414' title='bbox 2532 1765 2628 1818; x_wconf 55' lang='grc' dir='ltr'><strong>καί¹</strong></span> <span class='ocrx_word' id='word_1_415' title='bbox 2653 1763 3057 1833; x_wconf 80' lang='grc' dir='ltr'>ἀπερείσαιντο.</span> 
     </span>
    </p>
   </div>
   <div class='ocr_carea' id='block_1_59' title="bbox 2098 1869 3702 1942">
    <p class='ocr_par' dir='ltr' id='par_1_59' title="bbox 2098 1869 3702 1942">
     <span class='ocr_line' id='line_1_59' title="bbox 2098 1869 3702 1942; baseline -0.004 -12"><span class='ocrx_word' id='word_1_416' title='bbox 2098 1885 2151 1931; x_wconf 86' lang='grc' dir='ltr'><strong>ι’.</strong></span> <span class='ocrx_word' id='word_1_417' title='bbox 2205 1878 2342 1940; x_wconf 77' lang='grc' dir='ltr'>Περὶ</span> <span class='ocrx_word' id='word_1_418' title='bbox 2387 1877 2494 1930; x_wconf 80' lang='grc' dir='ltr'>τοῦ</span> <span class='ocrx_word' id='word_1_419' title='bbox 2550 1875 3119 1942; x_wconf 75' lang='grc' dir='ltr'>πρωτοσεστιαρίτου</span> <span class='ocrx_word' id='word_1_420' title='bbox 3154 1869 3537 1942; x_wconf 70' lang='grc' dir='ltr'>Λιϐαδαρίοι),</span> <span class='ocrx_word' id='word_1_421' title='bbox 3590 1870 3702 1924; x_wconf 69' lang='grc' dir='ltr'>καί</span> 
     </span>
    </p>
   </div>
   <div class='ocr_carea' id='block_1_60' title="bbox 2264 1941 3524 2014">
    <p class='ocr_par' dir='ltr' id='par_1_60' title="bbox 2264 1941 3524 2014">
     <span class='ocr_line' id='line_1_60' title="bbox 2264 1941 3524 2014; baseline -0.005 -14"><span class='ocrx_word' id='word_1_422' title='bbox 2264 1947 2424 2012; x_wconf 78' lang='grc' dir='ltr'>ὅπως</span> <span class='ocrx_word' id='word_1_423' title='bbox 2453 1941 2828 2014; x_wconf 75' lang='grc' dir='ltr'>περιεγένετο</span> <span class='ocrx_word' id='word_1_424' title='bbox 2855 1941 2961 1998; x_wconf 82' lang='grc' dir='ltr'>τοῦ</span> <span class='ocrx_word' id='word_1_425' title='bbox 2987 1941 3524 2011; x_wconf 69' lang='grc' dir='ltr'>Φιλαγθρωπηνοῦ.</span> 
     </span>
    </p>
   </div>
   <div class='ocr_carea' id='block_1_61' title="bbox 2167 2033 3695 2107">
    <p class='ocr_par' dir='ltr' id='par_1_61' title="bbox 2167 2033 3695 2107">
     <span class='ocr_line' id='line_1_61' title="bbox 2167 2033 3695 2107; baseline -0.005 -15"><span class='ocrx_word' id='word_1_426' title='bbox 2167 2038 2278 2092; x_wconf 77' lang='grc' dir='ltr'><strong>Καὶ</strong></span> <span class='ocrx_word' id='word_1_427' title='bbox 2308 2039 2478 2092; x_wconf 80' lang='grc' dir='ltr'>ταῦτα</span> <span class='ocrx_word' id='word_1_428' title='bbox 2499 2039 2599 2107; x_wconf 69' lang='grc' dir='ltr'><strong>μὲν</strong></span> <span class='ocrx_word' id='word_1_429' title='bbox 2628 2038 2880 2107; x_wconf 84' lang='grc' dir='ltr'>ὁρώντων</span> <span class='ocrx_word' id='word_1_430' title='bbox 2908 2036 3007 2100; x_wconf 84' lang='grc' dir='ltr'>τὰς</span> <span class='ocrx_word' id='word_1_431' title='bbox 3032 2034 3127 2089; x_wconf 78' lang='grc' dir='ltr'><strong>τοῦ</strong></span> <span class='ocrx_word' id='word_1_432' title='bbox 3161 2037 3427 2104; x_wconf 77' lang='grc' dir='ltr'>ἡγεμόνος</span> <span class='ocrx_word' id='word_1_433' title='bbox 3474 2033 3695 2088; x_wconf 79' lang='grc' dir='ltr'>ἀναδο-</span> 
     </span>
    </p>
   </div>
   <div class='ocr_carea' id='block_1_62' title="bbox 2095 2124 3702 2194">
    <p class='ocr_par' dir='ltr' id='par_1_62' title="bbox 2095 2124 3702 2194">
     <span class='ocr_line' id='line_1_62' title="bbox 2095 2124 3702 2194; baseline -0.002 -15"><span class='ocrx_word' id='word_1_434' title='bbox 2095 2126 2194 2189; x_wconf 79' lang='grc' dir='ltr'>λὰς</span> <span class='ocrx_word' id='word_1_435' title='bbox 2222 2126 2250 2178; x_wconf 79' lang='grc' dir='ltr'><strong>ὁ</strong></span> <span class='ocrx_word' id='word_1_436' title='bbox 2275 2125 2398 2188; x_wconf 85' lang='grc' dir='ltr'>νοῦς</span> <span class='ocrx_word' id='word_1_437' title='bbox 2425 2127 2526 2180; x_wconf 79' lang='grc' dir='ltr'>οὐκ</span> <span class='ocrx_word' id='word_1_438' title='bbox 2549 2125 2652 2190; x_wconf 70' lang='grc' dir='ltr'>ἔξω</span> <span class='ocrx_word' id='word_1_439' title='bbox 2681 2125 2790 2178; x_wconf 86' lang='grc' dir='ltr'>τῶν</span> <span class='ocrx_word' id='word_1_440' title='bbox 2825 2126 3049 2179; x_wconf 77' lang='grc' dir='ltr'>εἰκότων</span> <span class='ocrx_word' id='word_1_441' title='bbox 3083 2124 3476 2194; x_wconf 79' lang='grc' dir='ltr'>ἀπεσχεδίαζε,</span> <span class='ocrx_word' id='word_1_442' title='bbox 3504 2125 3606 2177; x_wconf 72' lang='grc' dir='ltr'><strong>καὶ</strong></span> <span class='ocrx_word' id='word_1_443' title='bbox 3638 2125 3702 2175; x_wconf 84' lang='grc' dir='ltr'>ἐν</span> 
     </span>
    </p>
   </div>
   <div class='ocr_carea' id='block_1_63' title="bbox 2098 2209 3700 2289">
    <p class='ocr_par' dir='ltr' id='par_1_63' title="bbox 2098 2209 3700 2289">
     <span class='ocr_line' id='line_1_63' title="bbox 2098 2209 3700 2289; baseline -0.002 -17"><span class='ocrx_word' id='word_1_444' title='bbox 2098 2218 2378 2281; x_wconf 82' lang='grc' dir='ltr'>ὑπονοίαις</span> <span class='ocrx_word' id='word_1_445' title='bbox 2409 2217 2694 2286; x_wconf 81' lang='grc' dir='ltr'>μεγίσταις</span> <span class='ocrx_word' id='word_1_446' title='bbox 2729 2216 2902 2270; x_wconf 76' lang='grc' dir='ltr'>ἐποίει</span> <span class='ocrx_word' id='word_1_447' title='bbox 2929 2212 3072 2270; x_wconf 75' lang='grc' dir='ltr'>εἶναι</span> <span class='ocrx_word' id='word_1_448' title='bbox 3091 2233 3105 2246; x_wconf 87' lang='grc'><strong>·</strong></span> <span class='ocrx_word' id='word_1_449' title='bbox 3136 2217 3399 2285; x_wconf 77' lang='grc' dir='ltr'>ἑτέρωθεν</span> <span class='ocrx_word' id='word_1_450' title='bbox 3429 2215 3516 2289; x_wconf 86' lang='grc' dir='ltr'><strong>[Ρ.</strong></span> <span class='ocrx_word' id='word_1_451' title='bbox 3557 2209 3700 2282; x_wconf 72' lang='lat' dir='ltr'><strong>[Si]</strong></span> 
     </span>
    </p>
   </div>
   <div class='ocr_carea' id='block_1_64' title="bbox 2097 2309 3702 2380">
    <p class='ocr_par' dir='ltr' id='par_1_64' title="bbox 2097 2309 3702 2380">
     <span class='ocr_line' id='line_1_64' title="bbox 2097 2309 3702 2380; baseline -0.005 -14"><span class='ocrx_word' id='word_1_452' title='bbox 2097 2312 2248 2366; x_wconf 79' lang='grc' dir='ltr'>καὶὸ</span> <span class='ocrx_word' id='word_1_453' title='bbox 2277 2309 2813 2380; x_wconf 78' lang='grc' dir='ltr'>πρωτοὸεστιαρίτης</span> <span class='ocrx_word' id='word_1_454' title='bbox 2859 2311 2922 2362; x_wconf 75' lang='grc' dir='ltr'>τὸ</span> <span class='ocrx_word' id='word_1_455' title='bbox 2979 2309 3257 2380; x_wconf 81' lang='grc' dir='ltr'>ξυμπεσδν</span> <span class='ocrx_word' id='word_1_456' title='bbox 3309 2310 3459 2379; x_wconf 86' lang='grc' dir='ltr'><strong>παρά</strong></span> <span class='ocrx_word' id='word_1_457' title='bbox 3503 2309 3702 2363; x_wconf 80' lang='grc' dir='ltr'>πᾶσαν</span> 
     </span>
    </p>
   </div>
   <div class='ocr_carea' id='block_1_65' title="bbox 2102 2566 3699 2649">
    <p class='ocr_par' dir='ltr' id='par_1_65' title="bbox 2102 2566 3699 2649">
     <span class='ocr_line' id='line_1_65' title="bbox 2102 2566 3699 2649; baseline -0.004 -13"><span class='ocrx_word' id='word_1_458' title='bbox 2102 2582 2344 2637; x_wconf 74' lang='lat' dir='ltr'><strong>olTerret.</strong></span> <span class='ocrx_word' id='word_1_459' title='bbox 2368 2581 2426 2636; x_wconf 81' lang='lat' dir='ltr'><strong>in</strong></span> <span class='ocrx_word' id='word_1_460' title='bbox 2454 2594 2573 2634; x_wconf 85' lang='lat' dir='ltr'><strong>eam</strong></span> <span class='ocrx_word' id='word_1_461' title='bbox 2596 2566 2804 2649; x_wconf 71' lang='lat' dir='ltr'><strong>partem</strong></span> <span class='ocrx_word' id='word_1_462' title='bbox 2837 2578 3338 2648; x_wconf 80' lang='lat' dir='ltr'><strong>interpretabantur</strong></span> <span class='ocrx_word' id='word_1_463' title='bbox 3362 2578 3414 2630; x_wconf 91' lang='lat' dir='ltr'><strong>in</strong></span> <span class='ocrx_word' id='word_1_464' title='bbox 3448 2577 3699 2631; x_wconf 86' lang='lat' dir='ltr'><strong>homine</strong></span> 
     </span>
    </p>
   </div>
   <div class='ocr_carea' id='block_1_66' title="bbox 2103 2668 3693 2736">
    <p class='ocr_par' dir='ltr' id='par_1_66' title="bbox 2103 2668 3693 2736">
     <span class='ocr_line' id='line_1_66' title="bbox 2103 2668 3693 2736; baseline -0.007 -8"><span class='ocrx_word' id='word_1_465' title='bbox 2103 2673 2418 2728; x_wconf 85' lang='lat' dir='ltr'><strong>ambitionis</strong></span> <span class='ocrx_word' id='word_1_466' title='bbox 2451 2681 2592 2726; x_wconf 70' lang='lat' dir='ltr'><strong>notae</strong></span> <span class='ocrx_word' id='word_1_467' title='bbox 2621 2680 2731 2725; x_wconf 88' lang='lat' dir='ltr'><strong>tam</strong></span> <span class='ocrx_word' id='word_1_468' title='bbox 2768 2672 3100 2736; x_wconf 82' lang='lat' dir='ltr'><strong>pertinacem</strong></span> <span class='ocrx_word' id='word_1_469' title='bbox 3135 2669 3536 2725; x_wconf 89' lang='lat' dir='ltr'><strong>recusationem</strong></span> <span class='ocrx_word' id='word_1_470' title='bbox 3572 2668 3693 2720; x_wconf 75' lang='lat' dir='ltr'><strong>An-</strong></span> 
     </span>
    </p>
   </div>
   <div class='ocr_carea' id='block_1_67' title="bbox 2103 2760 3698 2834">
    <p class='ocr_par' dir='ltr' id='par_1_67' title="bbox 2103 2760 3698 2834">
     <span class='ocr_line' id='line_1_67' title="bbox 2103 2760 3698 2834; baseline -0.004 -16"><span class='ocrx_word' id='word_1_471' title='bbox 2103 2766 2243 2834; x_wconf 86' lang='lat' dir='ltr'><strong>gusti</strong></span> <span class='ocrx_word' id='word_1_472' title='bbox 2280 2763 2541 2824; x_wconf 81' lang='lat' dir='ltr'><strong>nominis.</strong></span> <span class='ocrx_word' id='word_1_473' title='bbox 2568 2761 2727 2830; x_wconf 84' lang='lat' dir='ltr'><strong>cujus</strong></span> <span class='ocrx_word' id='word_1_474' title='bbox 2758 2761 2864 2816; x_wconf 85' lang='lat' dir='ltr'><strong>vim</strong></span> <span class='ocrx_word' id='word_1_475' title='bbox 2894 2761 3065 2828; x_wconf 87' lang='lat' dir='ltr'><strong>ipsam</strong></span> <span class='ocrx_word' id='word_1_476' title='bbox 3093 2775 3156 2815; x_wconf 87' lang='lat' dir='ltr'><strong>ac</strong></span> <span class='ocrx_word' id='word_1_477' title='bbox 3181 2769 3499 2830; x_wconf 75' lang='lat' dir='ltr'><strong>potestatem</strong></span> <span class='ocrx_word' id='word_1_478' title='bbox 3530 2760 3698 2812; x_wconf 50' lang='lat' dir='ltr'><strong>iuva.</strong></span> 
     </span>
    </p>
   </div>
   <div class='ocr_carea' id='block_1_68' title="bbox 2105 2850 3699 2924">
    <p class='ocr_par' dir='ltr' id='par_1_68' title="bbox 2105 2850 3699 2924">
     <span class='ocr_line' id='line_1_68' title="bbox 2105 2850 3699 2924; baseline -0.006 -13"><span class='ocrx_word' id='word_1_479' title='bbox 2105 2858 2288 2911; x_wconf 87' lang='lat' dir='ltr'><strong>sisset.</strong></span> <span class='ocrx_word' id='word_1_480' title='bbox 2332 2854 2464 2909; x_wconf 87' lang='lat' dir='ltr'><strong>Inde</strong></span> <span class='ocrx_word' id='word_1_481' title='bbox 2498 2853 2744 2924; x_wconf 86' lang='lat' dir='ltr'><strong>profecto</strong></span> <span class='ocrx_word' id='word_1_482' title='bbox 2785 2867 3050 2922; x_wconf 86' lang='lat' dir='ltr'><strong>apparere</strong></span> <span class='ocrx_word' id='word_1_483' title='bbox 3088 2865 3197 2906; x_wconf 91' lang='lat' dir='ltr'><strong>non</strong></span> <span class='ocrx_word' id='word_1_484' title='bbox 3253 2853 3411 2919; x_wconf 90' lang='lat' dir='ltr'><strong>plane</strong></span> <span class='ocrx_word' id='word_1_485' title='bbox 3463 2850 3699 2918; x_wconf 79' lang='lat' dir='ltr'><strong>deposi-</strong></span> 
     </span>
    </p>
   </div>
   <div class='ocr_carea' id='block_1_69' title="bbox 2107 2943 3701 3024">
    <p class='ocr_par' dir='ltr' id='par_1_69' title="bbox 2107 2943 3701 3024">
     <span class='ocr_line' id='line_1_69' title="bbox 2107 2943 3701 3024; baseline -0.004 -22"><span class='ocrx_word' id='word_1_486' title='bbox 2107 2959 2219 3002; x_wconf 88' lang='lat' dir='ltr'><strong>tam</strong></span> <span class='ocrx_word' id='word_1_487' title='bbox 2253 2949 2327 3002; x_wconf 91' lang='lat' dir='ltr'><strong>illi</strong></span> <span class='ocrx_word' id='word_1_488' title='bbox 2359 2965 2506 3017; x_wconf 88' lang='lat' dir='ltr'><strong>spem</strong></span> <span class='ocrx_word' id='word_1_489' title='bbox 2541 2943 2959 3001; x_wconf 63' lang='lat' dir='ltr'><strong>reconciliandw</strong></span> <span class='ocrx_word' id='word_1_490' title='bbox 2979 2960 3104 3024; x_wconf 78' lang='lat' dir='ltr'><strong>cum</strong></span> <span class='ocrx_word' id='word_1_491' title='bbox 3137 2944 3701 3013; x_wconf 63' lang='lat' dir='ltr'><strong>imperantibusgra-</strong></span> 
     </span>
    </p>
   </div>
   <div class='ocr_carea' id='block_1_70' title="bbox 2107 3033 3697 3110">
    <p class='ocr_par' dir='ltr' id='par_1_70' title="bbox 2107 3033 3697 3110">
     <span class='ocr_line' id='line_1_70' title="bbox 2107 3033 3697 3110; baseline -0.004 -17"><span class='ocrx_word' id='word_1_492' title='bbox 2107 3041 2216 3104; x_wconf 78' lang='lat' dir='ltr'><strong>tiae,</strong></span> <span class='ocrx_word' id='word_1_493' title='bbox 2251 3041 2408 3107; x_wconf 74' lang='lat' dir='ltr'><strong>citius</strong></span> <span class='ocrx_word' id='word_1_494' title='bbox 2438 3040 2637 3094; x_wconf 90' lang='lat' dir='ltr'><strong>intuitu</strong></span> <span class='ocrx_word' id='word_1_495' title='bbox 2667 3038 3045 3110; x_wconf 86' lang='lat' dir='ltr'><strong>pertimuisset</strong></span> <span class='ocrx_word' id='word_1_496' title='bbox 3088 3033 3254 3092; x_wconf 89' lang='lat' dir='ltr'><strong>nimis</strong></span> <span class='ocrx_word' id='word_1_497' title='bbox 3284 3036 3584 3090; x_wconf 84' lang='lat' dir='ltr'><strong>invidiosos</strong></span> <span class='ocrx_word' id='word_1_498' title='bbox 3626 3035 3697 3088; x_wconf 85' lang='lat' dir='ltr'><strong>ti-</strong></span> 
     </span>
    </p>
   </div>
   <div class='ocr_carea' id='block_1_71' title="bbox 2111 3127 3698 3199">
    <p class='ocr_par' dir='ltr' id='par_1_71' title="bbox 2111 3127 3698 3199">
     <span class='ocr_line' id='line_1_71' title="bbox 2111 3127 3698 3199; baseline -0.001 -17"><span class='ocrx_word' id='word_1_499' title='bbox 2111 3132 2280 3193; x_wconf 87' lang='lat' dir='ltr'><strong>tulos.</strong></span> <span class='ocrx_word' id='word_1_500' title='bbox 2309 3141 2362 3184; x_wconf 89' lang='lat' dir='ltr'><strong>et</strong></span> <span class='ocrx_word' id='word_1_501' title='bbox 2402 3145 2512 3183; x_wconf 86' lang='lat' dir='ltr'><strong>rem</strong></span> <span class='ocrx_word' id='word_1_502' title='bbox 2559 3132 2828 3199; x_wconf 78' lang='lat' dir='ltr'><strong>integram</strong></span> <span class='ocrx_word' id='word_1_503' title='bbox 2877 3129 3168 3183; x_wconf 83' lang='lat' dir='ltr'><strong>imminens</strong></span> <span class='ocrx_word' id='word_1_504' title='bbox 3197 3127 3426 3196; x_wconf 87' lang='lat' dir='ltr'><strong>tempori</strong></span> <span class='ocrx_word' id='word_1_505' title='bbox 3458 3142 3698 3181; x_wconf 82' lang='lat' dir='ltr'><strong>servare</strong></span> 
     </span>
    </p>
   </div>
   <div class='ocr_carea' id='block_1_72' title="bbox 2110 3219 3701 3290">
    <p class='ocr_par' dir='ltr' id='par_1_72' title="bbox 2110 3219 3701 3290">
     <span class='ocr_line' id='line_1_72' title="bbox 2110 3219 3701 3290; baseline -0.005 -10"><span class='ocrx_word' id='word_1_506' title='bbox 2110 3224 2416 3280; x_wconf 85' lang='lat' dir='ltr'><strong>studuisset</strong></span> <span class='ocrx_word' id='word_1_507' title='bbox 2441 3265 2454 3287; x_wconf 90' lang='lat'><strong>,</strong></span> <span class='ocrx_word' id='word_1_508' title='bbox 2490 3224 2608 3277; x_wconf 82' lang='lat' dir='ltr'><strong>suis</strong></span> <span class='ocrx_word' id='word_1_509' title='bbox 2644 3222 2974 3285; x_wconf 82' lang='lat' dir='ltr'><strong>rationibus,</strong></span> <span class='ocrx_word' id='word_1_510' title='bbox 3010 3219 3349 3290; x_wconf 86' lang='lat' dir='ltr'><strong>quantolibet</strong></span> <span class='ocrx_word' id='word_1_511' title='bbox 3396 3220 3500 3274; x_wconf 83' lang='lat' dir='ltr'><strong>sibi</strong></span> <span class='ocrx_word' id='word_1_512' title='bbox 3553 3219 3701 3274; x_wconf 87' lang='lat' dir='ltr'><strong>sub-</strong></span> 
     </span>
    </p>
   </div>
   <div class='ocr_carea' id='block_1_73' title="bbox 2109 3308 3704 3384">
    <p class='ocr_par' dir='ltr' id='par_1_73' title="bbox 2109 3308 3704 3384">
     <span class='ocr_line' id='line_1_73' title="bbox 2109 3308 3704 3384; baseline -0.003 -18"><span class='ocrx_word' id='word_1_513' title='bbox 2109 3316 2380 3384; x_wconf 76' lang='lat' dir='ltr'><strong>jectorum</strong></span> <span class='ocrx_word' id='word_1_514' title='bbox 2409 3315 2760 3375; x_wconf 87' lang='lat' dir='ltr'><strong>detrimento,</strong></span> <span class='ocrx_word' id='word_1_515' title='bbox 2788 3311 3076 3365; x_wconf 88' lang='lat' dir='ltr'><strong>consulere</strong></span> <span class='ocrx_word' id='word_1_516' title='bbox 3108 3318 3316 3371; x_wconf 87' lang='lat' dir='ltr'><strong>certus,</strong></span> <span class='ocrx_word' id='word_1_517' title='bbox 3348 3310 3436 3363; x_wconf 88' lang='lat' dir='ltr'><strong>ubi</strong></span> <span class='ocrx_word' id='word_1_518' title='bbox 3466 3308 3704 3363; x_wconf 75' lang='lat' dir='ltr'><strong>occasio</strong></span> 
     </span>
    </p>
   </div>
   <div class='ocr_carea' id='block_1_74' title="bbox 2116 3399 3702 3473">
    <p class='ocr_par' dir='ltr' id='par_1_74' title="bbox 2116 3399 3702 3473">
     <span class='ocr_line' id='line_1_74' title="bbox 2116 3399 3702 3473; baseline -0.005 -11"><span class='ocrx_word' id='word_1_519' title='bbox 2116 3407 2361 3462; x_wconf 86' lang='lat' dir='ltr'><strong>daretur.</strong></span> <span class='ocrx_word' id='word_1_520' title='bbox 2397 3403 2513 3459; x_wconf 89' lang='lat' dir='ltr'><strong>Tali</strong></span> <span class='ocrx_word' id='word_1_521' title='bbox 2541 3419 2665 3458; x_wconf 91' lang='lat' dir='ltr'><strong>eum</strong></span> <span class='ocrx_word' id='word_1_522' title='bbox 2704 3405 2890 3457; x_wconf 85' lang='lat' dir='ltr'><strong>animo</strong></span> <span class='ocrx_word' id='word_1_523' title='bbox 2914 3399 3204 3473; x_wconf 69' lang='lat' dir='ltr'><strong>praesentia</strong></span> <span class='ocrx_word' id='word_1_524' title='bbox 3238 3410 3444 3466; x_wconf 87' lang='lat' dir='ltr'><strong>tenere,</strong></span> <span class='ocrx_word' id='word_1_525' title='bbox 3480 3401 3702 3455; x_wconf 82' lang='lat' dir='ltr'><strong>futuris</strong></span> 
     </span>
    </p>
   </div>
   <div class='ocr_carea' id='block_1_75' title="bbox 2116 3492 3703 3563">
    <p class='ocr_par' dir='ltr' id='par_1_75' title="bbox 2116 3492 3703 3563">
     <span class='ocr_line' id='line_1_75' title="bbox 2116 3492 3703 3563; baseline -0.006 -8"><span class='ocrx_word' id='word_1_526' title='bbox 2116 3501 2362 3563; x_wconf 87' lang='lat' dir='ltr'><strong>inhiare;</strong></span> <span class='ocrx_word' id='word_1_527' title='bbox 2408 3515 2507 3553; x_wconf 74' lang='lat' dir='ltr'><strong>nec</strong></span> <span class='ocrx_word' id='word_1_528' title='bbox 2541 3497 2700 3560; x_wconf 84' lang='lat' dir='ltr'><strong>velle,</strong></span> <span class='ocrx_word' id='word_1_529' title='bbox 2735 3497 2778 3551; x_wconf 90' lang='lat' dir='ltr'><strong>si</strong></span> <span class='ocrx_word' id='word_1_530' title='bbox 2835 3496 2964 3562; x_wconf 87' lang='lat' dir='ltr'><strong>quid</strong></span> <span class='ocrx_word' id='word_1_531' title='bbox 3015 3493 3326 3559; x_wconf 79' lang='lat' dir='ltr'><strong>oﬁenderit,</strong></span> <span class='ocrx_word' id='word_1_532' title='bbox 3371 3493 3532 3562; x_wconf 87' lang='lat' dir='ltr'><strong>plane</strong></span> <span class='ocrx_word' id='word_1_533' title='bbox 3589 3492 3703 3546; x_wconf 87' lang='lat' dir='ltr'><strong>sibi</strong></span> 
     </span>
    </p>
   </div>
   <div class='ocr_carea' id='block_1_76' title="bbox 2114 3581 3703 3658">
    <p class='ocr_par' dir='ltr' id='par_1_76' title="bbox 2114 3581 3703 3658">
     <span class='ocr_line' id='line_1_76' title="bbox 2114 3581 3703 3658; baseline -0.006 -12"><span class='ocrx_word' id='word_1_534' title='bbox 2114 3593 2393 3646; x_wconf 76' lang='lat' dir='ltr'><strong>occlusum</strong></span> <span class='ocrx_word' id='word_1_535' title='bbox 2428 3590 2492 3642; x_wconf 89' lang='lat' dir='ltr'><strong>ad</strong></span> <span class='ocrx_word' id='word_1_536' title='bbox 2527 3586 2788 3658; x_wconf 84' lang='lat' dir='ltr'><strong>principis</strong></span> <span class='ocrx_word' id='word_1_537' title='bbox 2821 3586 3048 3654; x_wconf 81' lang='lat' dir='ltr'><strong>gratiam</strong></span> <span class='ocrx_word' id='word_1_538' title='bbox 3085 3597 3412 3653; x_wconf 72' lang='lat' dir='ltr'><strong>regressum.</strong></span> <span class='ocrx_word' id='word_1_539' title='bbox 3446 3581 3703 3636; x_wconf 85' lang='lat' dir='ltr'><strong>Penitis-</strong></span> 
     </span>
    </p>
   </div>
   <div class='ocr_carea' id='block_1_77' title="bbox 2116 3674 3704 3746">
    <p class='ocr_par' dir='ltr' id='par_1_77' title="bbox 2116 3674 3704 3746">
     <span class='ocr_line' id='line_1_77' title="bbox 2116 3674 3704 3746; baseline -0.005 -9"><span class='ocrx_word' id='word_1_540' title='bbox 2116 3685 2254 3738; x_wconf 84' lang='lat' dir='ltr'><strong>sime</strong></span> <span class='ocrx_word' id='word_1_541' title='bbox 2286 3682 2530 3736; x_wconf 77' lang='lat' dir='ltr'><strong>omnium</strong></span> <span class='ocrx_word' id='word_1_542' title='bbox 2565 3681 2617 3734; x_wconf 90' lang='lat' dir='ltr'><strong>in</strong></span> <span class='ocrx_word' id='word_1_543' title='bbox 2657 3695 2776 3733; x_wconf 88' lang='lat' dir='ltr'><strong>eam</strong></span> <span class='ocrx_word' id='word_1_544' title='bbox 2806 3694 2928 3733; x_wconf 90' lang='lat' dir='ltr'><strong>cum</strong></span> <span class='ocrx_word' id='word_1_545' title='bbox 2964 3679 3080 3732; x_wconf 87' lang='lat' dir='ltr'><strong>suis</strong></span> <span class='ocrx_word' id='word_1_546' title='bbox 3109 3679 3388 3746; x_wconf 87' lang='lat' dir='ltr'><strong>ingressus</strong></span> <span class='ocrx_word' id='word_1_547' title='bbox 3419 3674 3704 3742; x_wconf 85' lang='lat' dir='ltr'><strong>suspicio-</strong></span> 
     </span>
    </p>
   </div>
   <div class='ocr_carea' id='block_1_78' title="bbox 2119 3766 3702 3841">
    <p class='ocr_par' dir='ltr' id='par_1_78' title="bbox 2119 3766 3702 3841">
     <span class='ocr_line' id='line_1_78' title="bbox 2119 3766 3702 3841; baseline -0.006 -11"><span class='ocrx_word' id='word_1_548' title='bbox 2119 3791 2238 3831; x_wconf 88' lang='lat' dir='ltr'><strong>nem</strong></span> <span class='ocrx_word' id='word_1_549' title='bbox 2267 3784 2351 3828; x_wconf 90' lang='lat' dir='ltr'><strong>est</strong></span> <span class='ocrx_word' id='word_1_550' title='bbox 2386 3789 2528 3828; x_wconf 87' lang='lat' dir='ltr'><strong>unus</strong></span> <span class='ocrx_word' id='word_1_551' title='bbox 2573 3788 2605 3826; x_wconf 92' lang='lat' dir='ltr'><strong>e</strong></span> <span class='ocrx_word' id='word_1_552' title='bbox 2661 3770 2951 3841; x_wconf 68' lang='lat' dir='ltr'><strong>praecipuis</strong></span> <span class='ocrx_word' id='word_1_553' title='bbox 2981 3768 3301 3824; x_wconf 82' lang='lat' dir='ltr'><strong>defectionis</strong></span> <span class='ocrx_word' id='word_1_554' title='bbox 3337 3766 3702 3825; x_wconf 78' lang='lat' dir='ltr'><strong>suasor-ibus.</strong></span> 
     </span>
    </p>
   </div>
   <div class='ocr_carea' id='block_1_79' title="bbox 2117 3858 3706 3932">
    <p class='ocr_par' dir='ltr' id='par_1_79' title="bbox 2117 3858 3706 3932">
     <span class='ocr_line' id='line_1_79' title="bbox 2117 3858 3706 3932; baseline -0.006 -11"><span class='ocrx_word' id='word_1_555' title='bbox 2117 3870 2312 3922; x_wconf 88' lang='lat' dir='ltr'><strong>ductor</strong></span> <span class='ocrx_word' id='word_1_556' title='bbox 2359 3866 2700 3920; x_wconf 84' lang='lat' dir='ltr'><strong>Cretensium</strong></span> <span class='ocrx_word' id='word_1_557' title='bbox 2746 3862 2908 3932; x_wconf 86' lang='lat'><strong>222</strong></span> <span class='ocrx_word' id='word_1_558' title='bbox 2949 3861 3294 3917; x_wconf 82' lang='lat' dir='ltr'><strong>Cliortatzes.</strong></span> <span class='ocrx_word' id='word_1_559' title='bbox 3335 3858 3470 3913; x_wconf 86' lang='lat' dir='ltr'><strong>lluic</strong></span> <span class='ocrx_word' id='word_1_560' title='bbox 3513 3858 3706 3928; x_wconf 87' lang='lat' dir='ltr'><strong>patria</strong></span> 
     </span>
    </p>
   </div>
   <div class='ocr_carea' id='block_1_80' title="bbox 2116 3948 3703 4028">
    <p class='ocr_par' dir='ltr' id='par_1_80' title="bbox 2116 3948 3703 4028">
     <span class='ocr_line' id='line_1_80' title="bbox 2116 3948 3703 4028; baseline -0.008 -12"><span class='ocrx_word' id='word_1_561' title='bbox 2116 3959 2346 4024; x_wconf 75' lang='lat' dir='ltr'><strong>extorri,</strong></span> <span class='ocrx_word' id='word_1_562' title='bbox 2366 3973 2590 4028; x_wconf 77' lang='lat' dir='ltr'><strong>peregre</strong></span> <span class='ocrx_word' id='word_1_563' title='bbox 2619 3958 2882 4022; x_wconf 85' lang='lat' dir='ltr'><strong>precario,</strong></span> <span class='ocrx_word' id='word_1_564' title='bbox 2913 3953 3056 4008; x_wconf 86' lang='lat' dir='ltr'><strong>unde</strong></span> <span class='ocrx_word' id='word_1_565' title='bbox 3079 3953 3288 4008; x_wconf 90' lang='lat' dir='ltr'><strong>nullum</strong></span> <span class='ocrx_word' id='word_1_566' title='bbox 3316 3960 3521 4019; x_wconf 87' lang='lat' dir='ltr'><strong>pateret</strong></span> <span class='ocrx_word' id='word_1_567' title='bbox 3552 3948 3703 4005; x_wconf 64' lang='lat' dir='ltr'><strong>eﬂuo</strong></span> 
     </span>
    </p>
   </div>
   <div class='ocr_carea' id='block_1_81' title="bbox 2119 4043 3757 4125">
    <p class='ocr_par' dir='ltr' id='par_1_81' title="bbox 2119 4043 3757 4125">
     <span class='ocr_line' id='line_1_81' title="bbox 2119 4043 3757 4125; baseline -0.009 -18"><span class='ocrx_word' id='word_1_568' title='bbox 2119 4056 2286 4125; x_wconf 82' lang='lat' dir='ltr'><strong>gium,</strong></span> <span class='ocrx_word' id='word_1_569' title='bbox 2316 4051 2557 4120; x_wconf 79' lang='lat' dir='ltr'><strong>degenti,</strong></span> <span class='ocrx_word' id='word_1_570' title='bbox 2581 4061 2760 4103; x_wconf 77' lang='lat' dir='ltr'><strong>acrem</strong></span> <span class='ocrx_word' id='word_1_571' title='bbox 2799 4045 3120 4101; x_wconf 86' lang='lat' dir='ltr'><strong>admovebat</strong></span> <span class='ocrx_word' id='word_1_572' title='bbox 3141 4057 3330 4097; x_wconf 85' lang='lat' dir='ltr'><strong>curam</strong></span> <span class='ocrx_word' id='word_1_573' title='bbox 3365 4043 3531 4097; x_wconf 87' lang='lat' dir='ltr'><strong>nimis</strong></span> <span class='ocrx_word' id='word_1_574' title='bbox 3553 4043 3711 4096; x_wconf 84' lang='lat' dir='ltr'><strong>veri-</strong></span> <span class='ocrx_word' id='word_1_575' title='bbox 3744 4051 3757 4060; x_wconf 82' lang='lat'><strong><em>‘</em></strong></span> 
     </span>
    </p>
   </div>
   <div class='ocr_carea' id='block_1_82' title="bbox 2120 4133 3708 4213">
    <p class='ocr_par' dir='ltr' id='par_1_82' title="bbox 2120 4133 3708 4213">
     <span class='ocr_line' id='line_1_82' title="bbox 2120 4133 3708 4213; baseline -0.009 -12"><span class='ocrx_word' id='word_1_576' title='bbox 2120 4146 2302 4201; x_wconf 87' lang='lat' dir='ltr'><strong>simile</strong></span> <span class='ocrx_word' id='word_1_577' title='bbox 2337 4143 2638 4213; x_wconf 88' lang='lat' dir='ltr'><strong>periculmn</strong></span> <span class='ocrx_word' id='word_1_578' title='bbox 2670 4139 2900 4194; x_wconf 76' lang='lat' dir='ltr'><strong>extremi</strong></span> <span class='ocrx_word' id='word_1_579' title='bbox 2955 4152 3055 4192; x_wconf 91' lang='lat' dir='ltr'><strong>nec</strong></span> <span class='ocrx_word' id='word_1_580' title='bbox 3091 4136 3368 4192; x_wconf 83' lang='lat' dir='ltr'><strong>evitabilis</strong></span> <span class='ocrx_word' id='word_1_581' title='bbox 3412 4135 3595 4198; x_wconf 80' lang='lat' dir='ltr'><strong>exitii,</strong></span> <span class='ocrx_word' id='word_1_582' title='bbox 3659 4133 3708 4187; x_wconf 81' lang='lat' dir='ltr'><strong>si</strong></span> 
     </span>
    </p>
   </div>
   <div class='ocr_carea' id='block_1_83' title="bbox 2120 4227 3709 4310">
    <p class='ocr_par' dir='ltr' id='par_1_83' title="bbox 2120 4227 3709 4310">
     <span class='ocr_line' id='line_1_83' title="bbox 2120 4227 3709 4310; baseline -0.006 -18"><span class='ocrx_word' id='word_1_583' title='bbox 2120 4238 2265 4310; x_wconf 88' lang='lat' dir='ltr'><strong>quod</strong></span> <span class='ocrx_word' id='word_1_584' title='bbox 2300 4251 2530 4306; x_wconf 88' lang='lat' dir='ltr'><strong>pronum</strong></span> <span class='ocrx_word' id='word_1_585' title='bbox 2585 4233 2730 4287; x_wconf 84' lang='lat' dir='ltr'><strong>factu</strong></span> <span class='ocrx_word' id='word_1_586' title='bbox 2781 4236 2988 4285; x_wconf 83' lang='lat' dir='ltr'><strong>eratet</strong></span> <span class='ocrx_word' id='word_1_587' title='bbox 3023 4230 3161 4283; x_wconf 87' lang='lat' dir='ltr'><strong>clam</strong></span> <span class='ocrx_word' id='word_1_588' title='bbox 3209 4229 3388 4298; x_wconf 86' lang='lat' dir='ltr'><strong>parari</strong></span> <span class='ocrx_word' id='word_1_589' title='bbox 3427 4243 3514 4282; x_wconf 88' lang='lat' dir='ltr'><strong>res</strong></span> <span class='ocrx_word' id='word_1_590' title='bbox 3562 4227 3709 4296; x_wconf 67' lang='lat' dir='ltr'><strong>ipsae</strong></span> 
     </span>
    </p>
   </div>
   <div class='ocr_carea' id='block_1_84' title="bbox 2122 4322 3708 4389">
    <p class='ocr_par' dir='ltr' id='par_1_84' title="bbox 2122 4322 3708 4389">
     <span class='ocr_line' id='line_1_84' title="bbox 2122 4322 3708 4389; baseline -0.006 -8"><span class='ocrx_word' id='word_1_591' title='bbox 2122 4325 2527 4389; x_wconf 85' lang='lat' dir='ltr'><strong>monstrabant,</strong></span> <span class='ocrx_word' id='word_1_592' title='bbox 2567 4322 3069 4389; x_wconf 81' lang='lat' dir='ltr'><strong>PhilauthrOpenus</strong></span> <span class='ocrx_word' id='word_1_593' title='bbox 3117 4333 3283 4389; x_wconf 87' lang='lat' dir='ltr'><strong>opera</strong></span> <span class='ocrx_word' id='word_1_594' title='bbox 3334 4326 3708 4388; x_wconf 80' lang='lat' dir='ltr'><strong>cognatorum</strong></span> 
     </span>
    </p>
   </div>
   <div class='ocr_carea' id='block_1_85' title="bbox 2120 4409 3712 4481">
    <p class='ocr_par' dir='ltr' id='par_1_85' title="bbox 2120 4409 3712 4481">
     <span class='ocr_line' id='line_1_85' title="bbox 2120 4409 3712 4481; baseline -0.009 -8"><span class='ocrx_word' id='word_1_595' title='bbox 2120 4419 2348 4473; x_wconf 89' lang='lat' dir='ltr'><strong>multum</strong></span> <span class='ocrx_word' id='word_1_596' title='bbox 2376 4418 2429 4470; x_wconf 91' lang='lat' dir='ltr'><strong>in</strong></span> <span class='ocrx_word' id='word_1_597' title='bbox 2458 4415 2580 4468; x_wconf 88' lang='lat' dir='ltr'><strong>aula</strong></span> <span class='ocrx_word' id='word_1_598' title='bbox 2617 4414 2920 4481; x_wconf 88' lang='lat' dir='ltr'><strong>potentium</strong></span> <span class='ocrx_word' id='word_1_599' title='bbox 2951 4411 3160 4466; x_wconf 86' lang='lat' dir='ltr'><strong>crimen</strong></span> <span class='ocrx_word' id='word_1_600' title='bbox 3197 4409 3508 4465; x_wconf 87' lang='lat' dir='ltr'><strong>rebellionis</strong></span> <span class='ocrx_word' id='word_1_601' title='bbox 3531 4423 3712 4463; x_wconf 73' lang='lat' dir='ltr'><strong>escu-</strong></span> 
     </span>
    </p>
   </div>
   <div class='ocr_carea' id='block_1_86' title="bbox 2121 4501 3708 4572">
    <p class='ocr_par' dir='ltr' id='par_1_86' title="bbox 2121 4501 3708 4572">
     <span class='ocr_line' id='line_1_86' title="bbox 2121 4501 3708 4572; baseline -0.009 -8"><span class='ocrx_word' id='word_1_602' title='bbox 2121 4510 2334 4564; x_wconf 89' lang='lat' dir='ltr'><strong>satione</strong></span> <span class='ocrx_word' id='word_1_603' title='bbox 2383 4506 2754 4569; x_wconf 84' lang='lat' dir='ltr'><strong>necessitatis,</strong></span> <span class='ocrx_word' id='word_1_604' title='bbox 2805 4505 2962 4570; x_wconf 85' lang='lat' dir='ltr'><strong>quasi</strong></span> <span class='ocrx_word' id='word_1_605' title='bbox 3000 4504 3109 4557; x_wconf 87' lang='lat' dir='ltr'><strong>vim</strong></span> <span class='ocrx_word' id='word_1_606' title='bbox 3157 4517 3222 4557; x_wconf 85' lang='lat' dir='ltr'><strong>eo</strong></span> <span class='ocrx_word' id='word_1_607' title='bbox 3271 4501 3708 4572; x_wconf 86' lang='lat' dir='ltr'><strong>propellentium</strong></span> 
     </span>
    </p>
   </div>
   <div class='ocr_carea' id='block_1_87' title="bbox 440 4590 3706 4678">
    <p class='ocr_par' dir='ltr' id='par_1_87' title="bbox 440 4590 3706 4678">
     <span class='ocr_line' id='line_1_87' title="bbox 440 4590 3706 4678; baseline -0.006 -15"><span class='ocrx_word' id='word_1_608' title='bbox 440 4625 638 4678; x_wconf 80' lang='lat' dir='ltr'><strong>expers</strong></span> <span class='ocrx_word' id='word_1_609' title='bbox 672 4609 811 4664; x_wconf 90' lang='lat' dir='ltr'><strong>mole</strong></span> <span class='ocrx_word' id='word_1_610' title='bbox 843 4618 966 4663; x_wconf 88' lang='lat' dir='ltr'><strong>ruat</strong></span> <span class='ocrx_word' id='word_1_611' title='bbox 996 4623 1114 4663; x_wconf 87' lang='lat' dir='ltr'><strong>sua.</strong></span> <span class='ocrx_word' id='word_1_612' title='bbox 1139 4609 1315 4676; x_wconf 77' lang='lat' dir='ltr'><strong>Atque</strong></span> <span class='ocrx_word' id='word_1_613' title='bbox 1345 4609 1745 4677; x_wconf 89' lang='lat' dir='ltr'><strong>istumquidem</strong></span> <span class='ocrx_word' id='word_1_614' title='bbox 1777 4609 2010 4678; x_wconf 87' lang='lat' dir='ltr'><strong>primtttn</strong></span> <span class='ocrx_word' id='word_1_615' title='bbox 2051 4619 2095 4674; x_wconf 83' lang='grc' dir='ltr'><strong>ι)</strong></span> <span class='ocrx_word' id='word_1_616' title='bbox 2126 4603 2328 4655; x_wconf 90' lang='lat' dir='ltr'><strong>ducum</strong></span> <span class='ocrx_word' id='word_1_617' title='bbox 2366 4615 2430 4653; x_wconf 88' lang='lat' dir='ltr'><strong>ac</strong></span> <span class='ocrx_word' id='word_1_618' title='bbox 2466 4599 2701 4652; x_wconf 87' lang='lat' dir='ltr'><strong>mililutn</strong></span> <span class='ocrx_word' id='word_1_619' title='bbox 2743 4599 3017 4651; x_wconf 71' lang='lat' dir='ltr'><strong>exercitus</strong></span> <span class='ocrx_word' id='word_1_620' title='bbox 3053 4595 3395 4664; x_wconf 83' lang='lat' dir='ltr'><strong>nequivisset</strong></span> <span class='ocrx_word' id='word_1_621' title='bbox 3427 4590 3706 4652; x_wconf 82' lang='lat' dir='ltr'><strong>eluctari,</strong></span> 
     </span>
    </p>
   </div>
   <div class='ocr_carea' id='block_1_88' title="bbox 443 4697 2020 4769">
    <p class='ocr_par' dir='ltr' id='par_1_88' title="bbox 443 4697 2020 4769">
     <span class='ocr_line' id='line_1_88' title="bbox 443 4697 2020 4769; baseline 0.001 -16"><span class='ocrx_word' id='word_1_622' title='bbox 443 4701 630 4755; x_wconf 88' lang='lat' dir='ltr'><strong>videre</strong></span> <span class='ocrx_word' id='word_1_623' title='bbox 664 4702 716 4753; x_wconf 94' lang='lat' dir='ltr'><strong>in</strong></span> <span class='ocrx_word' id='word_1_624' title='bbox 749 4701 866 4754; x_wconf 88' lang='lat' dir='ltr'><strong>acie</strong></span> <span class='ocrx_word' id='word_1_625' title='bbox 893 4700 1184 4769; x_wconf 76' lang='lat' dir='ltr'><strong>cupiebant</strong></span> <span class='ocrx_word' id='word_1_626' title='bbox 1209 4700 1299 4764; x_wconf 85' lang='lat' dir='ltr'><strong>qui</strong></span> <span class='ocrx_word' id='word_1_627' title='bbox 1334 4697 1800 4769; x_wconf 82' lang='lat' dir='ltr'><strong>Philantbropeuo</strong></span> <span class='ocrx_word' id='word_1_628' title='bbox 1831 4709 2020 4755; x_wconf 88' lang='lat' dir='ltr'><strong>aucto-</strong></span> 
     </span>
    </p>
   </div>
   <div class='ocr_carea' id='block_1_89' title="bbox 443 4790 2020 4860">
    <p class='ocr_par' dir='ltr' id='par_1_89' title="bbox 443 4790 2020 4860">
     <span class='ocr_line' id='line_1_89' title="bbox 443 4790 2020 4860; baseline -0.001 -13"><span class='ocrx_word' id='word_1_629' title='bbox 443 4809 534 4849; x_wconf 87' lang='lat' dir='ltr'><strong>res</strong></span> <span class='ocrx_word' id='word_1_630' title='bbox 566 4792 784 4846; x_wconf 82' lang='lat' dir='ltr'><strong>fueraut</strong></span> <span class='ocrx_word' id='word_1_631' title='bbox 809 4807 1076 4860; x_wconf 69' lang='lat' dir='ltr'><strong>suprema:</strong></span> <span class='ocrx_word' id='word_1_632' title='bbox 1108 4792 1392 4860; x_wconf 87' lang='lat' dir='ltr'><strong>potestatis</strong></span> <span class='ocrx_word' id='word_1_633' title='bbox 1425 4791 1767 4858; x_wconf 62' lang='lat' dir='ltr'><strong>arripiendae.</strong></span> <span class='ocrx_word' id='word_1_634' title='bbox 1797 4790 2020 4846; x_wconf 87' lang='lat' dir='ltr'><strong>Pericli-</strong></span> 
     </span>
    </p>
   </div>
   <div class='ocr_carea' id='block_1_90' title="bbox 445 4882 2022 4949">
    <p class='ocr_par' dir='ltr' id='par_1_90' title="bbox 445 4882 2022 4949">
     <span class='ocr_line' id='line_1_90' title="bbox 445 4882 2022 4949; baseline 0 -11"><span class='ocrx_word' id='word_1_635' title='bbox 445 4885 672 4939; x_wconf 88' lang='lat' dir='ltr'><strong>tandum</strong></span> <span class='ocrx_word' id='word_1_636' title='bbox 707 4885 914 4947; x_wconf 90' lang='lat' dir='ltr'><strong>statim,</strong></span> <span class='ocrx_word' id='word_1_637' title='bbox 947 4891 1000 4936; x_wconf 93' lang='lat' dir='ltr'><strong>et</strong></span> <span class='ocrx_word' id='word_1_638' title='bbox 1039 4883 1187 4939; x_wconf 90' lang='lat' dir='ltr'><strong>nulla</strong></span> <span class='ocrx_word' id='word_1_639' title='bbox 1223 4897 1374 4936; x_wconf 89' lang='lat' dir='ltr'><strong>mora</strong></span> <span class='ocrx_word' id='word_1_640' title='bbox 1408 4882 1722 4949; x_wconf 87' lang='lat' dir='ltr'><strong>interposita</strong></span> <span class='ocrx_word' id='word_1_641' title='bbox 1759 4899 1882 4935; x_wconf 88' lang='lat' dir='ltr'><strong>cum</strong></span> <span class='ocrx_word' id='word_1_642' title='bbox 1917 4883 2022 4938; x_wconf 89' lang='lat' dir='ltr'><strong>hoc</strong></span> 
     </span>
    </p>
   </div>
   <div class='ocr_carea' id='block_1_91' title="bbox 446 4972 2019 5048">
    <p class='ocr_par' dir='ltr' id='par_1_91' title="bbox 446 4972 2019 5048">
     <span class='ocr_line' id='line_1_91' title="bbox 446 4972 2019 5048; baseline -0.003 -17"><span class='ocrx_word' id='word_1_643' title='bbox 446 4977 800 5048; x_wconf 84' lang='lat' dir='ltr'><strong>imperatorio</strong></span> <span class='ocrx_word' id='word_1_644' title='bbox 827 4976 986 5038; x_wconf 84' lang='lat' dir='ltr'><strong>duce,</strong></span> <span class='ocrx_word' id='word_1_645' title='bbox 1012 4976 1103 5044; x_wconf 91' lang='lat' dir='ltr'><strong>qui</strong></span> <span class='ocrx_word' id='word_1_646' title='bbox 1134 4991 1300 5044; x_wconf 88' lang='lat' dir='ltr'><strong>prope</strong></span> <span class='ocrx_word' id='word_1_647' title='bbox 1323 4982 1491 5028; x_wconf 84' lang='lat' dir='ltr'><strong>staret</strong></span> <span class='ocrx_word' id='word_1_648' title='bbox 1515 4973 1819 5042; x_wconf 89' lang='lat' dir='ltr'><strong>oppositus.</strong></span> <span class='ocrx_word' id='word_1_649' title='bbox 1847 4972 2019 5026; x_wconf 82' lang='lat' dir='ltr'><strong>aleam</strong></span> 
     </span>
    </p>
   </div>
   <div class='ocr_carea' id='block_1_92' title="bbox 427 5066 2024 5139">
    <p class='ocr_par' dir='ltr' id='par_1_92' title="bbox 427 5066 2024 5139">
     <span class='ocr_line' id='line_1_92' title="bbox 427 5066 2024 5139; baseline -0.004 -16"><span class='ocrx_word' id='word_1_650' title='bbox 427 5069 622 5139; x_wconf 68' lang='lat' dir='ltr'><strong>praelii</strong></span> <span class='ocrx_word' id='word_1_651' title='bbox 658 5069 967 5137; x_wconf 85' lang='lat' dir='ltr'><strong>jaciendam</strong></span> <span class='ocrx_word' id='word_1_652' title='bbox 1002 5068 1423 5124; x_wconf 83' lang='lat' dir='ltr'><strong>contendebant.</strong></span> <span class='ocrx_word' id='word_1_653' title='bbox 1459 5066 1595 5118; x_wconf 80' lang='lat' dir='ltr'><strong>Hine</strong></span> <span class='ocrx_word' id='word_1_654' title='bbox 1642 5067 1870 5121; x_wconf 88' lang='lat' dir='ltr'><strong>omnino</strong></span> <span class='ocrx_word' id='word_1_655' title='bbox 1918 5066 2024 5118; x_wconf 81' lang='lat' dir='ltr'><strong>ini-</strong></span> 
     </span>
    </p>
   </div>
   <div class='ocr_carea' id='block_1_93' title="bbox 451 5158 2023 5230">
    <p class='ocr_par' dir='ltr' id='par_1_93' title="bbox 451 5158 2023 5230">
     <span class='ocr_line' id='line_1_93' title="bbox 451 5158 2023 5230; baseline -0.002 -14"><span class='ocrx_word' id='word_1_656' title='bbox 451 5166 589 5219; x_wconf 87' lang='lat' dir='ltr'><strong>tium</strong></span> <span class='ocrx_word' id='word_1_657' title='bbox 614 5162 946 5226; x_wconf 87' lang='lat' dir='ltr'><strong>dueendum,</strong></span> <span class='ocrx_word' id='word_1_658' title='bbox 974 5171 1364 5230; x_wconf 85' lang='lat' dir='ltr'><strong>promptosque</strong></span> <span class='ocrx_word' id='word_1_659' title='bbox 1386 5174 1445 5215; x_wconf 89' lang='lat' dir='ltr'><strong>se</strong></span> <span class='ocrx_word' id='word_1_660' title='bbox 1474 5160 1526 5212; x_wconf 84' lang='lat' dir='ltr'><strong>in</strong></span> <span class='ocrx_word' id='word_1_661' title='bbox 1556 5159 1605 5213; x_wconf 88' lang='lat' dir='ltr'><strong>id</strong></span> <span class='ocrx_word' id='word_1_662' title='bbox 1631 5158 1694 5211; x_wconf 88' lang='lat' dir='ltr'><strong>ad</strong></span> <span class='ocrx_word' id='word_1_663' title='bbox 1728 5159 2023 5213; x_wconf 80' lang='lat' dir='ltr'><strong>fortissime</strong></span> 
     </span>
    </p>
   </div>
   <div class='ocr_carea' id='block_1_94' title="bbox 452 5254 2018 5328">
    <p class='ocr_par' dir='ltr' id='par_1_94' title="bbox 452 5254 2018 5328">
     <span class='ocr_line' id='line_1_94' title="bbox 452 5254 2018 5328; baseline -0.006 -16"><span class='ocrx_word' id='word_1_664' title='bbox 452 5255 803 5328; x_wconf 74' lang='lat' dir='ltr'><strong>pugnandum</strong></span> <span class='ocrx_word' id='word_1_665' title='bbox 834 5255 1241 5323; x_wconf 82' lang='lat' dir='ltr'><strong>ponendasque,</strong></span> <span class='ocrx_word' id='word_1_666' title='bbox 1274 5255 1318 5307; x_wconf 90' lang='lat' dir='ltr'><strong>si</strong></span> <span class='ocrx_word' id='word_1_667' title='bbox 1353 5268 1440 5306; x_wconf 87' lang='lat' dir='ltr'><strong>res</strong></span> <span class='ocrx_word' id='word_1_668' title='bbox 1471 5259 1739 5320; x_wconf 76' lang='lat' dir='ltr'><strong>posceret,</strong></span> <span class='ocrx_word' id='word_1_669' title='bbox 1765 5254 1815 5305; x_wconf 91' lang='lat' dir='ltr'><strong>in</strong></span> <span class='ocrx_word' id='word_1_670' title='bbox 1847 5261 2018 5307; x_wconf 61' lang='lat' dir='ltr'><strong>cc-rta-</strong></span> 
     </span>
    </p>
   </div>
   <div class='ocr_carea' id='block_1_95' title="bbox 453 5342 2021 5401">
    <p class='ocr_par' dir='ltr' id='par_1_95' title="bbox 453 5342 2021 5401">
     <span class='ocr_line' id='line_1_95' title="bbox 453 5342 2021 5401; baseline -0.004 -2"><span class='ocrx_word' id='word_1_671' title='bbox 453 5349 599 5401; x_wconf 90' lang='lat' dir='ltr'><strong>mine</strong></span> <span class='ocrx_word' id='word_1_672' title='bbox 634 5347 846 5400; x_wconf 88' lang='lat' dir='ltr'><strong>animas</strong></span> <span class='ocrx_word' id='word_1_673' title='bbox 896 5344 1214 5400; x_wconf 88' lang='lat' dir='ltr'><strong>ardentibus</strong></span> <span class='ocrx_word' id='word_1_674' title='bbox 1246 5343 1444 5397; x_wconf 78' lang='lat' dir='ltr'><strong>Studiis</strong></span> <span class='ocrx_word' id='word_1_675' title='bbox 1491 5342 1758 5397; x_wconf 87' lang='lat' dir='ltr'><strong>ferebant.</strong></span> <span class='ocrx_word' id='word_1_676' title='bbox 1807 5342 1873 5394; x_wconf 80' lang='lat' dir='ltr'><strong>At</strong></span> <span class='ocrx_word' id='word_1_677' title='bbox 1917 5353 2021 5393; x_wconf 86' lang='lat' dir='ltr'><strong>tam</strong></span> 
     </span>
    </p>
   </div>
   <div class='ocr_carea' id='block_1_96' title="bbox 455 5432 2025 5505">
    <p class='ocr_par' dir='ltr' id='par_1_96' title="bbox 455 5432 2025 5505">
     <span class='ocr_line' id='line_1_96' title="bbox 455 5432 2025 5505; baseline -0.005 -14"><span class='ocrx_word' id='word_1_678' title='bbox 455 5437 666 5493; x_wconf 88' lang='lat' dir='ltr'><strong>alacres</strong></span> <span class='ocrx_word' id='word_1_679' title='bbox 723 5449 776 5492; x_wconf 93' lang='lat' dir='ltr'><strong>et</strong></span> <span class='ocrx_word' id='word_1_680' title='bbox 836 5437 1184 5505; x_wconf 86' lang='lat' dir='ltr'><strong>impatientes</strong></span> <span class='ocrx_word' id='word_1_681' title='bbox 1215 5435 1310 5489; x_wconf 92' lang='lat' dir='ltr'><strong>otii</strong></span> <span class='ocrx_word' id='word_1_682' title='bbox 1347 5434 1578 5488; x_wconf 87' lang='lat' dir='ltr'><strong>militum</strong></span> <span class='ocrx_word' id='word_1_683' title='bbox 1621 5437 1856 5502; x_wconf 89' lang='lat' dir='ltr'><strong>impetus</strong></span> <span class='ocrx_word' id='word_1_684' title='bbox 1883 5432 2025 5490; x_wconf 81' lang='lat' dir='ltr'><strong>mira</strong></span> 
     </span>
    </p>
   </div>
   <div class='ocr_carea' id='block_1_97' title="bbox 455 5525 2026 5596">
    <p class='ocr_par' dir='ltr' id='par_1_97' title="bbox 455 5525 2026 5596">
     <span class='ocr_line' id='line_1_97' title="bbox 455 5525 2026 5596; baseline -0.009 -6"><span class='ocrx_word' id='word_1_685' title='bbox 455 5531 614 5590; x_wconf 83' lang='lat' dir='ltr'><strong>ducis</strong></span> <span class='ocrx_word' id='word_1_686' title='bbox 645 5531 941 5593; x_wconf 88' lang='lat' dir='ltr'><strong>cunctatio,</strong></span> <span class='ocrx_word' id='word_1_687' title='bbox 975 5528 1138 5580; x_wconf 87' lang='lat' dir='ltr'><strong>variis</strong></span> <span class='ocrx_word' id='word_1_688' title='bbox 1193 5525 1566 5596; x_wconf 69' lang='lat' dir='ltr'><strong>praetextibus,</strong></span> <span class='ocrx_word' id='word_1_689' title='bbox 1617 5526 2026 5590; x_wconf 87' lang='lat' dir='ltr'><strong>frustrabatur;</strong></span> 
     </span>
    </p>
   </div>
   <div class='ocr_carea' id='block_1_98' title="bbox 454 5617 2027 5694">
    <p class='ocr_par' dir='ltr' id='par_1_98' title="bbox 454 5617 2027 5694">
     <span class='ocr_line' id='line_1_98' title="bbox 454 5617 2027 5694; baseline -0.006 -16"><span class='ocrx_word' id='word_1_690' title='bbox 454 5639 577 5694; x_wconf 75' lang='lat' dir='ltr'><strong>qua:</strong></span> <span class='ocrx_word' id='word_1_691' title='bbox 607 5639 695 5678; x_wconf 90' lang='lat' dir='ltr'><strong>res</strong></span> <span class='ocrx_word' id='word_1_692' title='bbox 735 5637 915 5675; x_wconf 90' lang='lat' dir='ltr'><strong>acrem</strong></span> <span class='ocrx_word' id='word_1_693' title='bbox 947 5619 1219 5688; x_wconf 87' lang='lat' dir='ltr'><strong>plerisque</strong></span> <span class='ocrx_word' id='word_1_694' title='bbox 1251 5619 1614 5688; x_wconf 53' lang='lat' dir='ltr'><strong>suspicionum</strong></span> <span class='ocrx_word' id='word_1_695' title='bbox 1643 5621 1828 5678; x_wconf 83' lang='lat' dir='ltr'><strong>movit,</strong></span> <span class='ocrx_word' id='word_1_696' title='bbox 1866 5617 2027 5671; x_wconf 87' lang='lat' dir='ltr'><strong>dubi-</strong></span> 
     </span>
    </p>
   </div>
   <div class='ocr_carea' id='block_1_99' title="bbox 457 5708 2028 5781">
    <p class='ocr_par' dir='ltr' id='par_1_99' title="bbox 457 5708 2028 5781">
     <span class='ocr_line' id='line_1_99' title="bbox 457 5708 2028 5781; baseline -0.006 -12"><span class='ocrx_word' id='word_1_697' title='bbox 457 5723 576 5770; x_wconf 88' lang='lat' dir='ltr'><strong>tare</strong></span> <span class='ocrx_word' id='word_1_698' title='bbox 604 5715 784 5769; x_wconf 81' lang='lat' dir='ltr'><strong>adhuc</strong></span> <span class='ocrx_word' id='word_1_699' title='bbox 817 5711 1365 5781; x_wconf 74' lang='lat' dir='ltr'><strong>Pliilantliropenum,</strong></span> <span class='ocrx_word' id='word_1_700' title='bbox 1402 5728 1501 5766; x_wconf 87' lang='lat' dir='ltr'><strong>nec</strong></span> <span class='ocrx_word' id='word_1_701' title='bbox 1553 5721 1760 5764; x_wconf 85' lang='lat' dir='ltr'><strong>eertum</strong></span> <span class='ocrx_word' id='word_1_702' title='bbox 1810 5708 2028 5763; x_wconf 76' lang='lat' dir='ltr'><strong>consilii</strong></span> 
     </span>
    </p>
   </div>
   <div class='ocr_carea' id='block_1_100' title="bbox 457 5801 2030 5874">
    <p class='ocr_par' dir='ltr' id='par_1_100' title="bbox 457 5801 2030 5874">
     <span class='ocr_line' id='line_1_100' title="bbox 457 5801 2030 5874; baseline -0.004 -16"><span class='ocrx_word' id='word_1_703' title='bbox 457 5805 697 5874; x_wconf 89' lang='lat' dir='ltr'><strong>opperiri</strong></span> <span class='ocrx_word' id='word_1_704' title='bbox 732 5805 775 5858; x_wconf 92' lang='lat' dir='ltr'><strong>si</strong></span> <span class='ocrx_word' id='word_1_705' title='bbox 799 5803 930 5872; x_wconf 91' lang='lat' dir='ltr'><strong>quid</strong></span> <span class='ocrx_word' id='word_1_706' title='bbox 951 5817 1096 5856; x_wconf 79' lang='lat' dir='ltr'><strong>aura:</strong></span> <span class='ocrx_word' id='word_1_707' title='bbox 1121 5801 1328 5856; x_wconf 76' lang='lat' dir='ltr'><strong>afﬂaret</strong></span> <span class='ocrx_word' id='word_1_708' title='bbox 1351 5802 1419 5856; x_wconf 92' lang='lat' dir='ltr'><strong>ab</strong></span> <span class='ocrx_word' id='word_1_709' title='bbox 1441 5803 1558 5856; x_wconf 64' lang='lat' dir='ltr'><strong>aula</strong></span> <span class='ocrx_word' id='word_1_710' title='bbox 1595 5816 1886 5870; x_wconf 47' lang='lat' dir='ltr'><strong>prospera;</strong></span> <span class='ocrx_word' id='word_1_711' title='bbox 1911 5814 2030 5867; x_wconf 74' lang='lat' dir='ltr'><strong>qua:</strong></span> 
     </span>
    </p>
   </div>
   <div class='ocr_carea' id='block_1_101' title="bbox 461 5891 2027 5962">
    <p class='ocr_par' dir='ltr' id='par_1_101' title="bbox 461 5891 2027 5962">
     <span class='ocr_line' id='line_1_101' title="bbox 461 5891 2027 5962; baseline -0.004 -11"><span class='ocrx_word' id='word_1_712' title='bbox 461 5912 577 5962; x_wconf 65' lang='lat' dir='ltr'><strong>sua:</strong></span> <span class='ocrx_word' id='word_1_713' title='bbox 612 5896 724 5951; x_wconf 92' lang='lat' dir='ltr'><strong>illic</strong></span> <span class='ocrx_word' id='word_1_714' title='bbox 774 5895 1127 5953; x_wconf 71' lang='lat' dir='ltr'><strong>restituenda:</strong></span> <span class='ocrx_word' id='word_1_715' title='bbox 1171 5895 1402 5950; x_wconf 85' lang='lat' dir='ltr'><strong>fortuna:</strong></span> <span class='ocrx_word' id='word_1_716' title='bbox 1449 5911 1634 5950; x_wconf 82' lang='lat' dir='ltr'><strong>anSam</strong></span> <span class='ocrx_word' id='word_1_717' title='bbox 1681 5891 2027 5948; x_wconf 87' lang='lat' dir='ltr'><strong>commodam</strong></span> 
     </span>
    </p>
   </div>
   <div class='ocr_carea' id='block_1_102' title="bbox 2126 4685 3711 4765">
    <p class='ocr_par' dir='ltr' id='par_1_102' title="bbox 2126 4685 3711 4765">
     <span class='ocr_line' id='line_1_102' title="bbox 2126 4685 3711 4765; baseline -0.008 -17"><span class='ocrx_word' id='word_1_718' title='bbox 2126 4699 2268 4765; x_wconf 86' lang='lat' dir='ltr'><strong>apud</strong></span> <span class='ocrx_word' id='word_1_719' title='bbox 2324 4693 2602 4763; x_wconf 68' lang='lat' dir='ltr'><strong>principes</strong></span> <span class='ocrx_word' id='word_1_720' title='bbox 2657 4701 2932 4762; x_wconf 78' lang='lat' dir='ltr'><strong>purgaret.</strong></span> <span class='ocrx_word' id='word_1_721' title='bbox 2990 4690 3315 4757; x_wconf 85' lang='lat' dir='ltr'><strong>veniamque</strong></span> <span class='ocrx_word' id='word_1_722' title='bbox 3364 4701 3430 4740; x_wconf 88' lang='lat' dir='ltr'><strong>ea</strong></span> <span class='ocrx_word' id='word_1_723' title='bbox 3487 4685 3711 4738; x_wconf 89' lang='lat' dir='ltr'><strong>scilicet</strong></span> 
     </span>
    </p>
   </div>
   <div class='ocr_carea' id='block_1_103' title="bbox 2124 4775 3712 4852">
    <p class='ocr_par' dir='ltr' id='par_1_103' title="bbox 2124 4775 3712 4852">
     <span class='ocr_line' id='line_1_103' title="bbox 2124 4775 3712 4852; baseline -0.007 -12"><span class='ocrx_word' id='word_1_724' title='bbox 2124 4787 2440 4840; x_wconf 81' lang='lat' dir='ltr'><strong>conditione</strong></span> <span class='ocrx_word' id='word_1_725' title='bbox 2479 4786 2814 4852; x_wconf 80' lang='lat' dir='ltr'><strong>impetraret.</strong></span> <span class='ocrx_word' id='word_1_726' title='bbox 2857 4783 2902 4836; x_wconf 86' lang='lat' dir='ltr'><strong>si</strong></span> <span class='ocrx_word' id='word_1_727' title='bbox 2955 4779 3192 4850; x_wconf 71' lang='lat' dir='ltr'><strong>perﬁdiae</strong></span> <span class='ocrx_word' id='word_1_728' title='bbox 3239 4791 3498 4832; x_wconf 86' lang='lat' dir='ltr'><strong>suasores</strong></span> <span class='ocrx_word' id='word_1_729' title='bbox 3533 4775 3712 4830; x_wconf 85' lang='lat' dir='ltr'><strong>dede-</strong></span> 
     </span>
    </p>
   </div>
   <div class='ocr_carea' id='block_1_104' title="bbox 2124 4866 3710 4941">
    <p class='ocr_par' dir='ltr' id='par_1_104' title="bbox 2124 4866 3710 4941">
     <span class='ocr_line' id='line_1_104' title="bbox 2124 4866 3710 4941; baseline -0.008 -10"><span class='ocrx_word' id='word_1_730' title='bbox 2124 4886 2228 4931; x_wconf 81' lang='lat' dir='ltr'><strong>ret.</strong></span> <span class='ocrx_word' id='word_1_731' title='bbox 2269 4875 2405 4929; x_wconf 90' lang='lat' dir='ltr'><strong>Tum</strong></span> <span class='ocrx_word' id='word_1_732' title='bbox 2449 4876 2598 4928; x_wconf 91' lang='lat' dir='ltr'><strong>illum</strong></span> <span class='ocrx_word' id='word_1_733' title='bbox 2627 4874 2679 4928; x_wconf 86' lang='lat' dir='ltr'><strong>in</strong></span> <span class='ocrx_word' id='word_1_734' title='bbox 2715 4873 2906 4941; x_wconf 82' lang='lat' dir='ltr'><strong>majori</strong></span> <span class='ocrx_word' id='word_1_735' title='bbox 2938 4872 3102 4926; x_wconf 85' lang='lat' dir='ltr'><strong>etiam</strong></span> <span class='ocrx_word' id='word_1_736' title='bbox 3131 4883 3298 4938; x_wconf 83' lang='lat' dir='ltr'><strong>quam</strong></span> <span class='ocrx_word' id='word_1_737' title='bbox 3334 4876 3490 4922; x_wconf 85' lang='lat' dir='ltr'><strong>antea</strong></span> <span class='ocrx_word' id='word_1_738' title='bbox 3522 4866 3710 4932; x_wconf 83' lang='lat' dir='ltr'><strong>gratia</strong></span> 
     </span>
    </p>
   </div>
   <div class='ocr_carea' id='block_1_105' title="bbox 2124 4960 3711 5036">
    <p class='ocr_par' dir='ltr' id='par_1_105' title="bbox 2124 4960 3711 5036">
     <span class='ocr_line' id='line_1_105' title="bbox 2124 4960 3711 5036; baseline -0.008 -13"><span class='ocrx_word' id='word_1_739' title='bbox 2124 4979 2177 5025; x_wconf 87' lang='lat' dir='ltr'><strong>et</strong></span> <span class='ocrx_word' id='word_1_740' title='bbox 2211 4967 2449 5036; x_wconf 83' lang='lat' dir='ltr'><strong>potentia</strong></span> <span class='ocrx_word' id='word_1_741' title='bbox 2485 4965 2869 5030; x_wconf 87' lang='lat' dir='ltr'><strong>futurum,sibi</strong></span> <span class='ocrx_word' id='word_1_742' title='bbox 2897 4961 3218 5018; x_wconf 85' lang='lat' dir='ltr'><strong>miserrimis</strong></span> <span class='ocrx_word' id='word_1_743' title='bbox 3241 4960 3500 5016; x_wconf 85' lang='lat' dir='ltr'><strong>luendum</strong></span> <span class='ocrx_word' id='word_1_744' title='bbox 3531 4973 3711 5012; x_wconf 80' lang='lat' dir='ltr'><strong>omne</strong></span> 
     </span>
    </p>
   </div>
   <div class='ocr_carea' id='block_1_106' title="bbox 2127 5051 3714 5128">
    <p class='ocr_par' dir='ltr' id='par_1_106' title="bbox 2127 5051 3714 5128">
     <span class='ocr_line' id='line_1_106' title="bbox 2127 5051 3714 5128; baseline -0.009 -11"><span class='ocrx_word' id='word_1_745' title='bbox 2127 5063 2310 5119; x_wconf 87' lang='lat' dir='ltr'><strong>scelus</strong></span> <span class='ocrx_word' id='word_1_746' title='bbox 2349 5059 2533 5128; x_wconf 87' lang='lat' dir='ltr'><strong>capite</strong></span> <span class='ocrx_word' id='word_1_747' title='bbox 2573 5074 2638 5113; x_wconf 84' lang='lat' dir='ltr'><strong>ac</strong></span> <span class='ocrx_word' id='word_1_748' title='bbox 2681 5057 2949 5127; x_wconf 76' lang='lat' dir='ltr'><strong>sanguine</strong></span> <span class='ocrx_word' id='word_1_749' title='bbox 2996 5052 3297 5123; x_wconf 87' lang='lat' dir='ltr'><strong>ultimaque</strong></span> <span class='ocrx_word' id='word_1_750' title='bbox 3333 5051 3576 5118; x_wconf 84' lang='lat' dir='ltr'><strong>pernicie</strong></span> <span class='ocrx_word' id='word_1_751' title='bbox 3623 5065 3714 5104; x_wconf 87' lang='lat' dir='ltr'><strong>re-</strong></span> 
     </span>
    </p>
   </div>
   <div class='ocr_carea' id='block_1_107' title="bbox 2129 5154 2322 5221">
    <p class='ocr_par' dir='ltr' id='par_1_107' title="bbox 2129 5154 2322 5221">
     <span class='ocr_line' id='line_1_107' title="bbox 2129 5154 2322 5221; baseline 0 -14"><span class='ocrx_word' id='word_1_752' title='bbox 2129 5154 2322 5221; x_wconf 87' lang='lat' dir='ltr'><strong>linqui.</strong></span> 
     </span>
    </p>
   </div>
   <div class='ocr_carea' id='block_1_108' title="bbox 2130 5231 3715 5313">
    <p class='ocr_par' dir='ltr' id='par_1_108' title="bbox 2130 5231 3715 5313">
     <span class='ocr_line' id='line_1_108' title="bbox 2130 5231 3715 5313; baseline -0.009 -14"><span class='ocrx_word' id='word_1_753' title='bbox 2130 5245 2217 5299; x_wconf 75' lang='grc'><strong>10.</strong></span> <span class='ocrx_word' id='word_1_754' title='bbox 2251 5243 2326 5296; x_wconf 75' lang='lat' dir='ltr'><strong>De</strong></span> <span class='ocrx_word' id='word_1_755' title='bbox 2349 5241 2775 5313; x_wconf 76' lang='lat' dir='ltr'><strong>prolovestt’arite</strong></span> <span class='ocrx_word' id='word_1_756' title='bbox 2826 5237 3134 5300; x_wconf 80' lang='lat' dir='ltr'><strong>Libadnrio,</strong></span> <span class='ocrx_word' id='word_1_757' title='bbox 3180 5245 3238 5287; x_wconf 79' lang='lat' dir='ltr'><strong>ut</strong></span> <span class='ocrx_word' id='word_1_758' title='bbox 3272 5235 3326 5313; x_wconf 38' lang='lat'><strong>.58</strong></span> <span class='ocrx_word' id='word_1_759' title='bbox 3359 5231 3715 5313; x_wconf 64' lang='lat' dir='ltr'><strong>Philantkro-</strong></span> 
     </span>
    </p>
   </div>
   <div class='ocr_carea' id='block_1_109' title="bbox 2357 5305 3464 5382">
    <p class='ocr_par' dir='ltr' id='par_1_109' title="bbox 2357 5305 3464 5382">
     <span class='ocr_line' id='line_1_109' title="bbox 2357 5305 3464 5382; baseline -0.009 -16"><span class='ocrx_word' id='word_1_760' title='bbox 2357 5330 2544 5382; x_wconf 78' lang='lat' dir='ltr'><strong>penum</strong></span> <span class='ocrx_word' id='word_1_761' title='bbox 2579 5312 2631 5364; x_wconf 81' lang='lat' dir='ltr'><strong>iu</strong></span> <span class='ocrx_word' id='word_1_762' title='bbox 2664 5326 2816 5363; x_wconf 81' lang='lat' dir='ltr'><strong>suam</strong></span> <span class='ocrx_word' id='word_1_763' title='bbox 2855 5317 3164 5378; x_wconf 78' lang='lat' dir='ltr'><strong>potestatem</strong></span> <span class='ocrx_word' id='word_1_764' title='bbox 3191 5305 3464 5374; x_wconf 77' lang='lat' dir='ltr'><strong>redegerit.</strong></span> 
     </span>
    </p>
   </div>
   <div class='ocr_carea' id='block_1_110' title="bbox 2206 5419 3746 5496">
    <p class='ocr_par' dir='ltr' id='par_1_110' title="bbox 2206 5419 3746 5496">
     <span class='ocr_line' id='line_1_110' title="bbox 2206 5419 3746 5496; baseline -0.008 -17"><span class='ocrx_word' id='word_1_765' title='bbox 2206 5427 2299 5481; x_wconf 87' lang='lat' dir='ltr'><strong>llis</strong></span> <span class='ocrx_word' id='word_1_766' title='bbox 2355 5426 2445 5478; x_wconf 89' lang='lat' dir='ltr'><strong>ille</strong></span> <span class='ocrx_word' id='word_1_767' title='bbox 2502 5419 2932 5490; x_wconf 80' lang='lat' dir='ltr'><strong>cogitationibus</strong></span> <span class='ocrx_word' id='word_1_768' title='bbox 2977 5427 3246 5483; x_wconf 65' lang='lat' dir='ltr'><strong>astuans,</strong></span> <span class='ocrx_word' id='word_1_769' title='bbox 3291 5431 3404 5486; x_wconf 88' lang='lat' dir='ltr'><strong>quo</strong></span> <span class='ocrx_word' id='word_1_770' title='bbox 3453 5423 3746 5496; x_wconf 69' lang='lat' dir='ltr'><strong>mentemt</strong></span> 
     </span>
    </p>
   </div>
   <div class='ocr_carea' id='block_1_111' title="bbox 2132 5501 3756 5588">
    <p class='ocr_par' dir='ltr' id='par_1_111' title="bbox 2132 5501 3756 5588">
     <span class='ocr_line' id='line_1_111' title="bbox 2132 5501 3756 5588; baseline -0.008 -15"><span class='ocrx_word' id='word_1_771' title='bbox 2132 5519 2455 5588; x_wconf 87' lang='lat' dir='ltr'><strong>appelleret,</strong></span> <span class='ocrx_word' id='word_1_772' title='bbox 2512 5516 2676 5568; x_wconf 82' lang='lat' dir='ltr'><strong>anxie</strong></span> <span class='ocrx_word' id='word_1_773' title='bbox 2730 5514 2783 5566; x_wconf 93' lang='lat' dir='ltr'><strong>in</strong></span> <span class='ocrx_word' id='word_1_774' title='bbox 2816 5525 3036 5566; x_wconf 90' lang='lat' dir='ltr'><strong>omnem</strong></span> <span class='ocrx_word' id='word_1_775' title='bbox 3079 5519 3291 5579; x_wconf 88' lang='lat' dir='ltr'><strong>partem</strong></span> <span class='ocrx_word' id='word_1_776' title='bbox 3328 5501 3756 5575; x_wconf 44' lang='lat' dir='ltr'><strong>explorahunC-</strong></span> 
     </span>
    </p>
   </div>
   <div class='ocr_carea' id='block_1_112' title="bbox 2131 5585 3790 5677">
    <p class='ocr_par' dir='ltr' id='par_1_112' title="bbox 2131 5585 3790 5677">
     <span class='ocr_line' id='line_1_112' title="bbox 2131 5585 3790 5677; baseline -0.009 -13"><span class='ocrx_word' id='word_1_777' title='bbox 2131 5585 2234 5664; x_wconf 81' lang='lat' dir='ltr'><strong>dus</strong></span> <span class='ocrx_word' id='word_1_778' title='bbox 2271 5608 2600 5677; x_wconf 88' lang='lat' dir='ltr'><strong>inquirebat.</strong></span> <span class='ocrx_word' id='word_1_779' title='bbox 2634 5604 2867 5658; x_wconf 79' lang='lat' dir='ltr'><strong>Aliunde</strong></span> <span class='ocrx_word' id='word_1_780' title='bbox 2909 5601 3236 5656; x_wconf 83' lang='lat' dir='ltr'><strong>Libadarius</strong></span> <span class='ocrx_word' id='word_1_781' title='bbox 3267 5614 3396 5654; x_wconf 79' lang='lat' dir='ltr'><strong>casu</strong></span> <span class='ocrx_word' id='word_1_782' title='bbox 3447 5597 3715 5667; x_wconf 68' lang='lat' dir='ltr'><strong>inopina-</strong></span> <span class='ocrx_word' id='word_1_783' title='bbox 3777 5585 3790 5606; x_wconf 85' lang='grc'><em>³</em></span> 
     </span>
    </p>
   </div>
   <div class='ocr_carea' id='block_1_113' title="bbox 2134 5689 3717 5769">
    <p class='ocr_par' dir='ltr' id='par_1_113' title="bbox 2134 5689 3717 5769">
     <span class='ocr_line' id='line_1_113' title="bbox 2134 5689 3717 5769; baseline -0.009 -13"><span class='ocrx_word' id='word_1_784' title='bbox 2134 5702 2348 5756; x_wconf 88' lang='lat' dir='ltr'><strong>tissimo</strong></span> <span class='ocrx_word' id='word_1_785' title='bbox 2377 5699 2687 5769; x_wconf 87' lang='lat' dir='ltr'><strong>perculsus,</strong></span> <span class='ocrx_word' id='word_1_786' title='bbox 2717 5703 2771 5751; x_wconf 89' lang='lat' dir='ltr'><strong>et</strong></span> <span class='ocrx_word' id='word_1_787' title='bbox 2797 5695 3147 5750; x_wconf 87' lang='lat' dir='ltr'><strong>vehementer</strong></span> <span class='ocrx_word' id='word_1_788' title='bbox 3166 5689 3514 5760; x_wconf 88' lang='lat' dir='ltr'><strong>imperatori,</strong></span> <span class='ocrx_word' id='word_1_789' title='bbox 3535 5703 3568 5742; x_wconf 86' lang='lat' dir='ltr'><strong>a</strong></span> <span class='ocrx_word' id='word_1_790' title='bbox 3596 5703 3717 5758; x_wconf 83' lang='lat' dir='ltr'><strong>quo</strong></span> 
     </span>
    </p>
   </div>
   <div class='ocr_carea' id='block_1_114' title="bbox 2135 5781 3714 5859">
    <p class='ocr_par' dir='ltr' id='par_1_114' title="bbox 2135 5781 3714 5859">
     <span class='ocr_line' id='line_1_114' title="bbox 2135 5781 3714 5859; baseline -0.011 -9"><span class='ocrx_word' id='word_1_791' title='bbox 2135 5810 2194 5850; x_wconf 90' lang='lat' dir='ltr'><strong>se</strong></span> <span class='ocrx_word' id='word_1_792' title='bbox 2227 5794 2560 5847; x_wconf 86' lang='lat' dir='ltr'><strong>honoratum</strong></span> <span class='ocrx_word' id='word_1_793' title='bbox 2600 5798 2793 5859; x_wconf 84' lang='lat' dir='ltr'><strong>gratus</strong></span> <span class='ocrx_word' id='word_1_794' title='bbox 2836 5783 3188 5851; x_wconf 80' lang='lat' dir='ltr'><strong>meminerat,</strong></span> <span class='ocrx_word' id='word_1_795' title='bbox 3229 5781 3397 5838; x_wconf 85' lang='lat' dir='ltr'><strong>saluti</strong></span> <span class='ocrx_word' id='word_1_796' title='bbox 3443 5787 3714 5850; x_wconf 66' lang='lat' dir='ltr'><strong>praeterea</strong></span> 
     </span>
    </p>
   </div>
   <div class='ocr_carea' id='block_1_115' title="bbox 2137 5871 3716 5958">
    <p class='ocr_par' dir='ltr' id='par_1_115' title="bbox 2137 5871 3716 5958">
     <span class='ocr_line' id='line_1_115' title="bbox 2137 5871 3716 5958; baseline -0.01 -17"><span class='ocrx_word' id='word_1_797' title='bbox 2137 5887 2368 5958; x_wconf 76' lang='lat' dir='ltr'><strong>publieae</strong></span> <span class='ocrx_word' id='word_1_798' title='bbox 2411 5900 2473 5939; x_wconf 90' lang='lat' dir='ltr'><strong>ac</strong></span> <span class='ocrx_word' id='word_1_799' title='bbox 2501 5896 2728 5937; x_wconf 72' lang='lat' dir='ltr'><strong>summa:</strong></span> <span class='ocrx_word' id='word_1_800' title='bbox 2772 5894 2958 5934; x_wconf 88' lang='lat' dir='ltr'><strong>rerum</strong></span> <span class='ocrx_word' id='word_1_801' title='bbox 2991 5893 3018 5931; x_wconf 90' lang='lat' dir='ltr'><strong>a</strong></span> <span class='ocrx_word' id='word_1_802' title='bbox 3050 5887 3159 5931; x_wconf 88' lang='lat' dir='ltr'><strong>tam</strong></span> <span class='ocrx_word' id='word_1_803' title='bbox 3217 5872 3426 5944; x_wconf 88' lang='lat' dir='ltr'><strong>potenti</strong></span> <span class='ocrx_word' id='word_1_804' title='bbox 3469 5871 3716 5926; x_wconf 81' lang='lat' dir='ltr'><strong>factione</strong></span> 
     </span>
    </p>
   </div>
  </div>
