3922 6546
225 434 321 496 245

1051 434 1146 493 DE
1179 431 1621 495 ANDRONICO
1662 431 2123 491 PALXEOLOGO
2158 432 2304 491 LIB.
2343 430 2460 491 Ill.

3360 417 3462 478 2H3

227 542 399 597 ἐλπίδα
432 541 631 612 μαθὼν.
664 542 740 611 τῷ
785 542 992 612 βασιλεί
1044 543 1467 612 καθοσιούμενος
1530 542 1606 602 ὡς
1649 540 1776 608 παρ’
1808 549 1850 602 Α
1883 541 1942 592 τὸ
1973 540 2254 609 παράπαν.
2293 540 2476 607 Ἔγνω
2501 537 2632 606 γοῦν
2668 537 2838 599 ἄλλως
2883 533 2950 586 τὰ
2982 532 3281 603 πράγματα
3337 546 3468 599 μετ-η

225 630 375 688 αὑτοῦ
403 630 668 700 τιμηθεὶς,
708 634 766 686 ὲν
796 633 1075 702 φροντίσιν
1099 629 1166 702 ἦν
1207 633 1301 685 καὶ
1326 632 1452 701 περὶ
1484 633 1595 693 τοῖς
1633 629 1773 691 ὅλοις

225 725 416 778 ἐδεδίει.
452 724 556 776 Ποῦ
588 724 700 794 γὰρ
727 720 872 794 εἶχεν
896 728 1098 788 ἐκεῖνος
1128 725 1557 797 ἀναῤῥιφθέντος
1589 721 1775 776 τοσούο

226 834 309 869 του
338 816 575 868 κινδύνου
607 817 745 885 πρὸς
771 818 926 870 τόσον
964 820 1226 887 στρατιᾶς
1254 815 1574 884 ἀντιστῆναι
1632 813 1772 882 πλῆ-

226 908 340 971 Θος;
373 907 432 959 El
463 907 508 960 δ’
535 905 646 972 οὖν,
672 907 789 960 ἀλλ’
818 909 865 960 el
895 909 989 960 καὶ
1023 907 1341 976 συμπλοκὰς
1369 907 1566 959 ἐνενόει
1598 905 1772 975 μόλις,

227 1003 250 1052 ὁ
276 998 395 1069 γοῦν
421 997 668 1052 ιντεῦθεν
696 999 943 1062 κίνδυνος
971 998 1126 1051 οὔπω
1171 999 1450 1051 συστᾶσαν
1483 996 1580 1066 τὴν
1645 996 1774 1064 περὶ
1821 987 1824 992 ’

225 1090 406 1143 τούτων
441 1089 651 1142 ἔννοιαν
676 1090 818 1144 ἔλυε.
853 1091 1039 1160 Χωρὶς
1067 1091 1175 1159 γὰρ
1212 1089 1318 1142 τῶν
1367 1090 1432 1142 ὲκ
1473 1088 1574 1156 τῆς
1636 1087 1772 1139 Ῥω-

227 1180 394 1249 μαῖδος
425 1178 733 1248 δυνάμεων,
771 1180 832 1232 τὸ
873 1180 1002 1248 περὶ
1051 1181 1259 1233 ἐκεῖνον
1305 1177 1570 1248 Περσικὸν
1615 1177 1772 1246 μόνον

226 1273 304 1325 καὶ
329 1270 530 1337 ξενικὸν
549 1271 808 1340 ἀποχρῶν
834 1266 976 1322 εἶναι
1010 1271 1148 1338 πρὸς
1170 1270 1296 1331 τοὺς
1319 1269 1449 1338 περὶ
1486 1267 1646 1321 αὑτὸν
1696 1271 1774 1331 είς

225 1360 555 1428 ὰνταγώνισιν
607 1361 765 1431 ᾤετο,
822 1361 964 1414 ὥστε
1023 1362 1150 1430 μηδ’
1192 1361 1494 1429 ὑποστῆναι
1551 1357 1774 1422 τούτους

226 1451 471 1518 φανέντων
490 1451 738 1504 ἐκείνων.
769 1451 978 1514 Ἄλλως
1015 1468 1076 1503 τε
1108 1450 1166 1504 δὲ
1195 1451 1289 1504 καὶ
1312 1449 1560 1520 φοϐερῶν
1591 1450 1770 1502 τοιού-

226 1559 318 1593 των
361 1541 671 1609 ἁψαμένους
726 1539 970 1603 ὲκείνους
1014 1541 1161 1604 εἰκὸς
1199 1536 1337 1595 εῐναι
1373 1541 1466 1592 καὶ
1516 1538 1655 1608 ὑπὲρ
1715 1537 1776 1590 τὸ

225 1633 324 1686 δέον
353 1632 719 1704 ἀνδρίζεσθαι,
745 1633 820 1695 ὡς
842 1634 939 1703 τῆς
969 1633 1141 1703 ἥττης
1164 1631 1394 1702 ἐχούσης
1445 1631 1540 1684 καὶ
1592 1629 1775 1682 κίνδυ-

227 1742 320 1778 νον.
355 1727 472 1777 Δεῖν
497 1725 543 1778 δ’
574 1721 720 1778 εἶναι
769 1728 861 1779 καὶ
916 1726 1042 1788 τοὺς
1095 1725 1425 1786 ἀντιπάλους
1479 1722 1773 1786 τοιούτους,

226 1809 286 1871 ὡς
317 1810 424 1872 ἴσας
448 1810 652 1882 ὑσμίνῃ
684 1813 786 1875 τὰς
815 1813 1059 1880 κεφαλὰς
1114 1812 1360 1881 γίνεσθαι
1381 1827 1396 1842 ’
1463 1810 1598 1866 ἀλλὰ
1642 1827 1778 1880 συμ-

1883 631 2080 696 ελοείν,
2118 631 2214 686 καὶ
2243 631 2436 701 θράσει
2481 630 2576 682 καὶ
2604 628 2799 698 πλήθει
2849 629 2942 678 καὶ
2994 624 3285 701 παραλόγῳ
3332 639 3462 691 φρο-

1883 723 2084 791 νήματι
2112 722 2168 775 ἒν
2190 723 2510 792 ἀντιστῆσαι
2538 722 2598 774 τὸ
2635 721 2888 792 μέγιστον
2921 699 3155 780 σύνεὲιν,
3206 716 3280 777 ὡς
3333 715 3462 777 icio;

1881 816 2027 870 οὓτω
2055 819 2149 870 καὶ
2177 817 2447 882 ὲξανύσων
2471 817 2574 871 κᾶν
2594 818 2654 870 ού
2699 817 2758 869 τὸ
2804 815 3045 885 σύμπαν,
3079 812 3216 865 ἀλλά
3261 828 3310 861 τι
3368 808 3460 860 καὶ

1885 910 2128 979 μερικόν.
2165 911 2275 962 Καὶ
2317 909 2514 962 αὐτίκα
2555 909 2758 961 στέλλει
2798 908 2894 976 μὲν
2931 907 3056 968 τοὺς
3099 902 3462 971 ἀγγελοῦντας

1881 1001 1942 1053 τὸ
1973 1001 2186 1069 συμϐὰν
2224 1002 2359 1071 πρὸς
2389 1004 2480 1054 τὸν
2519 1000 2766 1069 βασιλέα,
2801 999 3004 1052 στέλλει
3038 998 3086 1050 δ’
3130 998 3186 1048 ἐν
3214 992 3459 1061 ἀπορῤήσ

1880 1109 1995 1155 τοις
2018 1095 2110 1144 καὶ
2133 1093 2269 1162 πρός
2299 1110 2450 1156 τινας
2482 1094 2589 1146 τῶν
2620 1092 2931 1164 Κρητικῶν,
2961 1090 3052 1152 οὒς
3097 1089 3216 1160 ᾔδει
3243 1085 3458 1139 δοκοῦν-

1881 1201 1998 1250 τας,
2027 1179 2101 1238 ὧν
2131 1189 2159 1238 ὁ
2181 1185 2497 1255 Χορτάτζης
2520 1186 2844 1255 προέφερεν,
2896 1181 3200 1252 ἀμνηστίαν
3249 1195 3307 1230 τε
3361 1195 3457 1228 κα-

1883 1276 1996 1329 κῶν
2024 1275 2175 1346 παρὰ
2203 1275 2298 1329 τοῦ
2327 1277 2652 1348 κρατοῦντος
2683 1275 2836 1346 σφίσι
2881 1273 3132 1342 γενέσθαι
3164 1269 3457 1336 διομνύμεο

1882 1382 1972 1427 νος
2005 1366 2098 1418 καί
2130 1383 2192 1434 γε
2223 1364 2788 1436 προσφιλοτιμηθῆναι
2814 1365 2882 1416 τὰ
2931 1363 3182 1432 μέγιστα,
3226 1361 3293 1432 ῆν
3352 1376 3454 1410 που

1882 1457 1976 1510 καὶ
2007 1459 2336 1527 στραφέντες
2365 1457 2884 1526 μεταδουλεύσαιντο
2907 1455 2998 1508 καὶ
3031 1455 3112 1517 εἰς
3138 1451 3456 1522 συμπλοκὴν

1881 1547 2041 1616 δῆθεν
2073 1549 2413 1616 παραστάσει
2438 1549 2675 1617 πολέμου
2703 1547 3000 1618 παραδοῖεν
3021 1547 3116 1599 τὸν
3147 1545 3457 1611 ἀποστατή-

1886 1657 2055 1693 σαντα
2077 1655 2090 1669 ⁸
2132 1639 2308 1704 δόξειν
2337 1641 2447 1711 γὰρ
2470 1641 2716 1694 ἐντεῦθεν
2755 1641 2848 1692 καὶ
2883 1638 3122 1707 ἀγαθοὺς
3173 1637 3268 1690 καὶ
3322 1635 3457 1704 πρὸς

1885 1729 2107 1799 βασιλέα
2128 1732 2371 1793 πιστοὺς,
2397 1733 2488 1783 καὶ
2517 1731 2574 1794 ὲς
2593 1731 2621 1783 ὃ
2638 1747 2689 1784 τι
2723 1731 2822 1801 μὲν
2853 1732 2946 1785 καὶ
2978 1731 3266 1800 πέπρακτο
3289 1730 3456 1781 ἀκου-
3491 1724 3496 1730 ’

1884 1821 2012 1882 σίως
2051 1821 2490 1888 ἀναγκασθέντας
2533 1822 2951 1892 καθυπαχθῆναι
3015 1823 3080 1891 τῇ
3120 1820 3214 1874 τοῦ
3266 1817 3458 1886 καιροῦ

227 1902 407 1956 ϐαίνειν
436 1902 512 1973 μὴ
551 1899 696 1958 εἷναι
731 1904 1000 1964 τοιούτους
1053 1903 1115 1968 ἐξ
1157 1905 1493 1972 ἀναγκαίων,
1539 1903 1635 1956 καὶ
1676 1902 1775 1972 μά·
1808 1903 1852 1961 Β
1880 1913 2049 1984 ῥύμῃ,
2091 1914 2166 1984 μὴ
2187 1915 2406 1985 ἔχοντας
2437 1916 2751 1968 ἀντιτείνειν
2818 1917 2913 1970 καὶ
2954 1914 3203 1968 τοσοῦτον
3260 1910 3461 1978 πλῆθος

227 1992 344 2045 λισθ*
367 1994 446 2048 ὅτι
474 1995 736 2066 πολέμοις
763 1996 1045 2067 ἐμφυλίοις
1073 1995 1236 2064 ὁμόσε
1254 1997 1449 2066 χωρεῖν
1475 1995 1584 2048 οὐδ’
1608 1994 1780 2049 οἴδασι

230 2184 478 2241 metuens,
513 2177 571 2230 in
607 2190 808 2247 magna
859 2184 974 2231 tum
1005 2174 1387 2232 sollicitudine
1411 2183 1526 2230 tum
1553 2175 1781 2231 incerti-

227 2268 398 2323 tudine
421 2270 648 2325 consilii
681 2269 1021 2340 iactabatur,
1051 2284 1238 2325 secum
1281 2271 1446 2324 anxie
1462 2269 1786 2340 disquirens

231 2361 310 2415 ubi
340 2363 633 2432 reperiret,
672 2363 817 2418 unde
848 2371 946 2418 aut
973 2362 1199 2433 quando
1257 2361 1560 2433 colligeret,
1606 2377 1786 2416 arma-

231 2463 320 2518 ret,
350 2469 487 2524 quan
501 2464 588 2511 tas
611 2471 853 2524 praesens
887 2472 1024 2512 usus
1042 2457 1307 2528 poscebat
1336 2457 1475 2511 satis
1513 2458 1703 2512 tirmas
1731 2469 1786 2512 et

231 2551 550 2606 exercitatas
580 2553 795 2619 copias,
837 2567 963 2621 quae
995 2559 1154 2607 tanto
1191 2552 1462 2608 exercitui
1520 2551 1787 2620 conjura-

235 2652 390 2698 torum
419 2644 543 2714 jam
572 2644 858 2715 procincto
887 2645 957 2700 ad
992 2645 1236 2716 praelium
1269 2661 1394 2700 cum
1423 2661 1519 2715 spe
1545 2645 1788 2700 victoriae

233 2749 650 2807 opponerentur.
705 2739 910 2796 Videas
951 2753 1122 2811 porro
1157 2754 1322 2811 quam
1359 2748 1507 2794 esset
1560 2754 1789 2794 necesse

237 2829 550 2897 perniciosis
567 2830 857 2902 principiis
881 2832 1003 2887 sine
1025 2847 1175 2887 mora
1200 2833 1444 2896 obstare,
1474 2847 1616 2901 aegre
1640 2833 1786 2894 licet,

237 2929 395 2974 tamen
424 2921 768 2978 efferebatur
793 2925 847 2978 in
874 2927 1221 2994 propositum
1247 2923 1572 2980 occurrendi
1597 2933 1788 2978 contra

235 3020 434 3070 strenue
469 3015 710 3085 acieque
753 3031 878 3070 cum
932 3017 1230 3072 rebellibus
1284 3017 1638 3072 decernendi.
1686 3016 1791 3070 Sed

237 3106 397 3170 istam,
420 3117 726 3178 antequam
759 3110 922 3180 plene
947 3109 1171 3170 sideret.
1204 3113 1534 3164 sententiam
1578 3111 1792 3177 gravis-

1883 2005 1963 2068 sl;
2024 2006 2326 2076 μεταϐολὰς
2381 2007 2892 2078 παρακεκινημένον
2959 2007 3238 2077 ἐπισχεῖν,
3291 2004 3351 2055 τὸ
3405 2002 3460 2054 δὲ

1892 2181 2149 2237 vincendi
2205 2185 2618 2239 contentionem
2679 2186 2854 2256 prima
2910 2185 3111 2254 quavis
3170 2179 3469 2238 occasione

1888 2272 2245 2329 adhibituris.
2287 2275 2597 2330 Accedebat
2641 2276 2786 2346 quod
2820 2276 2902 2330 sui
2949 2290 3229 2344 nunquam
3268 2275 3373 2329 nisi
3408 2275 3461 2326 in

1887 2365 2156 2421 barbaros
2196 2368 2404 2431 educti,
2441 2384 2544 2423 usu
2603 2369 2756 2423 nullo
2791 2369 3039 2424 valerent
3097 2368 3278 2422 civilis
3311 2366 3460 2420 belli.
3495 2385 3498 2390 ·

1891 2459 2024 2514 Esse
2059 2467 2243 2515 autem
2303 2461 2357 2515 in
2401 2461 2859 2531 Philauthropeni
2891 2462 3088 2516 castris
3126 2461 3460 2530 pratciptttttn

1891 2551 2064 2606 robur
2121 2551 2395 2622 legionum
2446 2552 2852 2608 Romanorum.
2912 2553 3158 2619 Quarum
3185 2567 3291 2606 una
3338 2567 3461 2605 cum
3505 2609 3508 2614 _

1890 2644 2072 2699 Persis
2095 2653 2150 2700 et
2183 2645 2306 2699 aliis
2330 2646 2689 2702 auxiliaribus
2719 2649 2934 2702 caeteris
2959 2648 3232 2702 ruentium
3269 2649 3320 2699 in
3360 2663 3463 2698 no-

1893 2749 2065 2800 Stros,
2097 2747 2462 2807 praeterquam
2495 2739 2807 2806 pauciores,
2855 2739 3020 2794 etiam
3071 2738 3464 2793 inexercitatos

1892 2828 2136 2885 ferendis
2167 2831 2486 2886 incursibus
2535 2833 2650 2901 pari
2707 2847 2896 2886 secum
2953 2846 3231 2887 armorum
3264 2846 3465 2900 genere

1895 2922 2189 2985 utentium,
2227 2921 2349 2992 quis
2377 2938 2486 2978 non
2531 2923 2712 2977 videat
2753 2923 3161 2978 ineluctabilem
3200 2924 3462 2991 impetum

1896 3013 2034 3076 fore,
2065 3013 2390 3083 clademque
2432 3030 2495 3069 ac
2547 3015 2984 3070 internecionem
3037 3015 3285 3068 ultimam
3338 3015 3467 3068 inde
3499 3017 3514 3031 '

1895 3116 2048 3160 certo
2074 3115 2388 3171 secuturam
2422 3109 2725 3174 exercitus,
2755 3123 2866 3178 quo
2896 3123 3004 3161 uno
3037 3110 3306 3162 niteretur
3342 3123 3465 3174 spes

236 3197 369 3252 sinite
404 3201 656 3270 undique
689 3201 744 3256 in
777 3189 1282 3257 considerationem
1312 3201 1664 3257 incurrentes
1697 3217 1788 3255 ra-
1819 3241 1861 3298 ο
1898 3205 2031 3252 tunc
2062 3199 2319 3254 universa
2348 3200 2546 3254 salutis
2577 3201 2794 3269 imperii
2824 3215 2887 3252 ac
2910 3201 3270 3270 reipublicae?
3295 3201 3468 3271 Igitur

235 3291 395 3349 tiones
431 3294 748 3350 diluebant.
783 3293 1094 3364 Reputabat
1123 3297 1271 3350 enim
1305 3296 1450 3364 apud
1478 3311 1537 3350 se
1567 3295 1790 3348 Philan-

236 3382 481 3452 thropenu
501 3400 573 3448 m,
596 3385 854 3454 sepositis
875 3385 1066 3450 etiam,
1098 3401 1236 3454 quas
1271 3387 1377 3440 sub
1407 3385 1582 3455 signis
1600 3401 1792 3440 nume-

239 3485 387 3540 raret,
419 3478 682 3546 plurimis
713 3487 766 3533 et
789 3479 1103 3549 praevalidis
1142 3478 1406 3534 Romanis
1437 3481 1632 3547 copiis,
1665 3494 1791 3532 cum

240 3569 358 3625 solis
392 3585 540 3640 quos
578 3585 766 3627 secum
801 3573 1031 3628 duceret
1074 3574 1436 3628 auxiliaribus
1468 3572 1656 3629 Persis
1690 3588 1798 3628 cte-

241 3668 445 3733 teraque
506 3664 795 3736 peregrina
831 3665 1050 3729 militia,
1105 3665 1268 3722 facile
1318 3681 1478 3736 posse
1531 3667 1796 3736 repellere

237 3756 439 3821 quosvis
459 3770 692 3812 suorum
716 3771 778 3811 ac
799 3771 932 3812 suos
963 3759 1222 3828 impetus,
1242 3759 1377 3826 quin
1399 3767 1455 3814 et
1493 3758 1790 3822 debellare,

238 3845 520 3918 delcreque
548 3856 814 3919 quantum
849 3849 967 3918 ipse
990 3851 1049 3904 in
1069 3850 1326 3920 expedito
1359 3851 1595 3904 militum
1635 3851 1797 3905 habe-

240 3948 334 4003 ret,
381 3942 450 3994 ita
507 3949 567 3994 ut
601 3941 688 3996 sui
742 3956 812 3996 ne
857 3941 1100 4010 primum
1145 3942 1370 4010 quidem
1432 3952 1792 4012 conspectum

241 4039 668 4099 comparatorum
698 4047 763 4086 ex
796 4031 1035 4087 adverso
1073 4032 1236 4100 223
1271 4031 1792 4100 Philanthropenia-

240 4134 440 4186 norum,
468 4123 679 4178 nedum
713 4123 824 4178 vim
852 4131 1016 4193 atque
1041 4123 1325 4178 incursum
1362 4123 1524 4178 laturi
1549 4124 1797 4179 videren-

241 4225 336 4272 tur.
383 4218 567 4289 Atque
614 4217 692 4283 id,
748 4219 969 4274 etiamsi
1005 4218 1221 4272 numeri
1263 4219 1438 4274 solius
1496 4218 1797 4274 haberetur

242 4312 385 4375 ratio,
417 4327 520 4366 nec
553 4310 854 4380 quidquam
879 4311 1336 4365 extraordinariae
1366 4310 1710 4368 fortitudinis
1738 4312 1793 4366 in

244 4401 301 4457 iis
328 4405 679 4472 cogitaretur,
709 4419 848 4474 quos
876 4405 1018 4459 ultro
1032 4405 1409 4474 aggredientes
1429 4419 1542 4459 rem
1563 4405 1798 4460 maxime

243 4491 640 4548 formidolosam
690 4505 744 4549 et
782 4496 1036 4558 arduam,
1072 4495 1176 4550 hoc
1205 4496 1325 4564 ipso
1373 4510 1538 4565 supra
1575 4494 1794 4550 modum

1895 3289 2058 3342 aliam
2105 3291 2333 3346 omnino
2363 3307 2391 3345 a
2437 3292 2834 3348 commissione
2869 3308 3148 3348 armorum
3208 3294 3468 3348 audacia-

1897 3398 2004 3452 que
2040 3383 2369 3455 conﬂigendi
2429 3384 2720 3440 iucundam
2777 3387 2880 3442 sibi
2941 3401 3066 3440 esse
3126 3385 3252 3441 belli
3302 3387 3466 3456 hujus

1898 3475 2318 3531 administrandi
2354 3477 2644 3532 rationem.
2681 3479 2813 3549 Arte
2859 3492 3051 3547 nempe
3077 3492 3142 3531 ac
3178 3478 3465 3547 prudentia

1897 3569 2258 3639 grassandum
2289 3587 2304 3624 :
2349 3584 2471 3622 nam
2505 3569 2620 3624 hac
2656 3570 2909 3624 machina
2938 3571 3174 3633 ferociae,
3211 3570 3464 3623 multitu-

1898 3660 2012 3715 dini
2059 3668 2114 3713 et
2153 3661 2446 3716 temerario
2495 3663 2671 3717 furori
2736 3679 2843 3716 una
2880 3664 3088 3718 utiliter
3143 3664 3464 3732 opponitur.

1902 3750 1966 3803 Et
1998 3751 2124 3820 quis
2155 3751 2261 3805 scit
2309 3767 2378 3805 an
2427 3768 2536 3807 non
2569 3761 2960 3823 stratagematc
2998 3755 3264 3810 debellem
3300 3769 3463 3824 quem

1898 3843 2070 3900 Marte
2102 3854 2294 3915 aperto
2327 3845 2528 3900 frustra
2562 3856 2830 3902 tentarem
2853 3847 2876 3901 ‘l
2899 3848 3060 3918 Atqui
3095 3848 3141 3903 si
3163 3847 3343 3902 minus
3366 3845 3466 3902 de-

1899 3939 2201 4004 bellavero,
2228 3948 2514 4009 totamque
2575 3942 2734 3995 istam
2793 3940 3151 3996 formidandae
3211 3941 3468 3995 coitionis

1900 4031 2098 4084 molem
2150 4047 2263 4086 uno
2296 4033 2448 4086 velut
2480 4035 2592 4088 ictu
2623 4034 2705 4088 sic
2734 4033 3011 4103 deiecero,
3061 4049 3288 4102 sperare
3316 4044 3466 4088 Certe

1838 4177 1842 4181 .
1901 4123 2026 4177 licet
2055 4133 2264 4193 partem
2295 4124 2413 4192 ejus
2461 4141 2549 4180 me
2592 4134 2932 4194 carpturum,
2973 4133 3028 4179 ct
3055 4124 3337 4180 dei-uendo
3371 4126 3470 4177 ali-

1900 4215 2107 4285 quidde
2122 4224 2368 4283 cumulo,
2387 4219 2532 4289 quod
2551 4220 2841 4286 supererit,
2870 4216 3104 4273 debilius
3142 4215 3468 4283 faciliusque

1899 4319 2162 4378 superatu
2195 4310 2563 4366 redditurum.
2588 4311 2666 4365 lta
2697 4311 2984 4365 subductis
3005 4309 3314 4362 rationibus
3335 4321 3471 4361 con-

1900 4401 2009 4456 silii
2043 4401 2182 4458 duos
2212 4404 2431 4473 expedit
2464 4419 2572 4457 uno
2601 4415 2842 4472 tempore
2871 4403 3006 4456 fidos
3034 4402 3302 4464 homines,
3332 4399 3469 4454 alto-

1900 4509 2021 4548 rum
2051 4495 2144 4564 qui
2201 4495 2554 4550 rebellionetu
2605 4492 3054 4562 Philanthropeni
3104 4498 3162 4546 et
3205 4489 3470 4558 irruptio-

243 4583 462 4640 audaces
487 4587 622 4641 etin
649 4588 827 4656 primo
859 4587 1159 4641 certamine
1175 4596 1344 4642 totam
1371 4597 1798 4658 exprompturos
1831 4589 1873 4644 D
1903 4601 2030 4641 nem
2061 4586 2113 4640 in
2144 4585 2524 4657 Nymphaeum,
2557 4587 2925 4666 res.nondum
2969 4587 3022 4638 in
3049 4584 3176 4638 aula
3201 4583 3471 4652 cognitas,

246 4671 568 4739 ferocitatem
611 4678 888 4733 temerarii
944 4693 1055 4749 quo
1101 4690 1331 4735 ruerent
1375 4680 1605 4744 furoris,
1643 4690 1796 4736 certo

243 4763 450 4822 deberet
478 4770 813 4837 exspectari,
850 4769 1041 4840 utique
1073 4785 1198 4825 cum
1231 4781 1375 4826 esset
1408 4772 1543 4840 ipsis
1575 4786 1800 4842 perspe-

244 4857 532 4913 ctissimum
564 4871 770 4928 quanto
817 4875 918 4916 suo
953 4861 1200 4930 periculo
1239 4863 1436 4932 primis
1490 4864 1800 4933 congressi-

249 4947 342 5003 bus
362 4950 733 5005 vincerentur.
771 4952 960 5021 ltaque
990 4967 1114 5008 cum
1140 4954 1438 5009 universim
1455 4954 1612 5024 juxta
1652 4955 1800 5024 leges

246 5040 540 5113 disciplinae
573 5045 828 5099 militaris
861 5044 1096 5100 cilicium
1129 5046 1341 5115 providi
1377 5047 1534 5103 ducis
1561 5046 1634 5102 sit
1658 5061 1802 5101 nun-

249 5148 398 5200 quam
423 5136 668 5206 objicere
705 5136 759 5190 in
791 5137 1091 5193 discrimen
1120 5139 1406 5208 aleamque
1440 5139 1612 5208 praelii
1645 5155 1804 5194 exer-

249 5225 404 5280 citum
438 5244 670 5283 numero
688 5238 741 5283 et
757 5243 959 5300 genere
981 5230 1219 5299 capitum
1253 5245 1360 5284 non
1401 5232 1562 5284 talem
1587 5233 1680 5302 qui
1705 5233 1805 5287 hoc

253 5317 414 5376 stibus
444 5330 637 5376 contra
666 5323 899 5392 objectis
930 5339 1027 5394 par
1075 5323 1292 5380 futurus
1342 5327 1682 5380 sustinendis
1715 5343 1804 5381 ve-

253 5411 542 5470 risimiliter
580 5426 854 5484 speretur,
893 5417 1246 5472 manifestum
1299 5433 1425 5472 esse
1466 5428 1670 5488 quanta
1705 5436 1802 5474 sua

253 5500 610 5572 imprudentia
639 5507 898 5563 ordinare
943 5509 998 5562 in
1029 5523 1228 5578 campo
1277 5511 1680 5581 certaminique
1713 5511 1801 5566 of-

258 5593 387 5652 ferre
421 5614 558 5666 quas
584 5599 836 5654 ductaret
862 5601 1052 5670 copias
1101 5601 1351 5666 auderet,
1383 5618 1506 5671 qum
1533 5618 1631 5657 nec
1665 5605 1806 5657 mul-

255 5687 475 5745 titudine
512 5706 672 5760 pares
696 5708 796 5746 nec
813 5693 1014 5748 animis
1045 5707 1109 5747 ac
1145 5694 1489 5764 pugnacitate
1515 5709 1806 5764 compara-

256 5776 386 5836 biles
418 5781 640 5840 hosticis
696 5785 902 5851 forent,
954 5794 1008 5840 ct
1055 5799 1288 5842 nntuero
1341 5789 1717 5856 superioribus
1752 5800 1808 5844 et

259 5871 398 5930 rabie
434 5878 665 5946 quadam
693 5895 755 5934 ac
782 5879 1183 5945 desperationis
1218 5882 1484 5936 instinctu
1505 5892 1802 5940 extremam

1898 4680 2164 4750 Augustis
2197 4681 2434 4743 nuntiet,
2466 4679 2696 4734 alterum
2719 4679 2812 4748 qui
2833 4680 3102 4749 primores
3127 4675 3470 4731 Cretensium

1899 4769 2371 4840 Philanthropeno
2400 4771 2758 4823 militantium
2807 4781 2862 4824 et
2923 4769 3099 4823 in-his
3136 4768 3471 4838 praecipuum

1903 4867 2146 4936 ipsorum
2188 4865 2330 4918 clam
2368 4880 2396 4916 a
2420 4880 2479 4919 se
2516 4864 2810 4918 conveniat
2845 4862 3204 4916 Chortatzeu.
3236 4861 3346 4916 illis
3380 4861 3469 4914 iu-

1903 4961 2048 5015 dicet
2108 4958 2352 5030 polliceri
2403 4956 2756 5012 Libadarium
2788 4965 2842 5010 et
2873 4957 3099 5026 polliciti
3133 4957 3292 5012 fidem
3341 4975 3471 5013 san-

1903 5051 2152 5107 ctissimo
2185 5049 2544 5120 jurejurando
2577 5059 2827 5103 astruere
2859 5061 3134 5117 paratum,
3183 5066 3305 5104 sese
3344 5051 3476 5121 ips‘s

1904 5147 1973 5199 ab
2005 5145 2252 5215 Augusto
2291 5145 2714 5213 impetraturum
2755 5143 2920 5214 224
2973 5160 3078 5197 non
3120 5146 3298 5198 Solum
3335 5147 3474 5199 obli-

1905 5238 2120 5291 vionem
2159 5245 2214 5290 et
2238 5237 2452 5291 veniam
2484 5236 2697 5300 delicti,
2737 5238 2831 5291 sed
2868 5230 3089 5306 praemia
3135 5238 3360 5308 insuper
3388 5240 3440 5292 in

1907 5328 2118 5400 gentia,
2149 5329 2314 5382 ntodo
2347 5327 2763 5382 inducerentin
2795 5328 3088 5391 “animum,
3127 5331 3271 5397 quod
3319 5330 3478 5383 facile

1907 5435 2031 5473 mox
2065 5428 2275 5472 stantes
2333 5419 2387 5473 in
2429 5421 2551 5473 acie
2584 5429 2832 5490 possent,
2881 5422 3348 5490 comprehendere
3395 5441 3468 5474 tv-

1908 5512 2160 5567 bellionis
2181 5521 2463 5567 auctorem
2495 5513 2711 5582 sibique
2733 5513 2956 5566 dedere.
2984 5511 3077 5567 Sic
3101 5515 3476 5582 appariturum

1910 5614 2220 5677 pertractos
2251 5620 2349 5661 eos
2383 5607 2436 5660 in
2469 5606 2838 5660 defectionem
2874 5607 3052 5660 aliena
3086 5607 3162 5663 vi.
3195 5607 3342 5672 quod
3375 5609 3475 5661 soli

1909 5709 2022 5755 tam
2048 5701 2234 5755 multis
2256 5700 2311 5754 in
2330 5700 2510 5755 scelus
2533 5699 2974 5754 incumbentibus
2992 5699 3260 5753 obsistere
3285 5703 3444 5769 nequi
3465 5731 3478 5739 -

1912 5794 2142 5860 vissent,
2201 5796 2302 5849 etsi
2342 5795 2576 5848 maxime
2637 5802 2924 5862 cuperent.
2982 5793 3202 5860 Frigere
3260 5796 3480 5863 quidmu

1913 5887 2073 5942 istam
2125 5887 2281 5956 vulgo
2309 5887 2826 5943 cxcusatiouem‘et
2875 5901 2972 5956 pro
3028 5885 3292 5942 tralatitia
3350 5903 3481 5942 con-
