3862 6598
355 400 460 462 247

1553 423 1597 482 ι]
1613 422 1874 484 EOHGll
1907 427 2386 492 PACHYMERE

3526 427 3648 490 248

355 517 534 621 τταρὸν
567 521 1008 621 τέως-ἐνστάντος
1041 530 1256 599 καιροῦ,
1301 534 1393 586 καὶ
1422 536 1628 605 ἀνδρῶν
1663 540 1939 606 φανέντων
1966 547 2019 605 Α
2043 546 2360 614 πειρᾶσθαι,
2383 547 2473 601 ἐπ’
2497 546 2648 620 αὐτῷ
2679 549 2774 602 καὶ
2804 547 2950 619 μόνῳ
2997 545 3067 600 τὰ
3110 543 3206 599 τοῦ
3240 542 3493 597 κινδύνου
3517 542 3648 612 τρέε

355 616 833 723 ἁντιστησρμένων
870 621 984 723 τοῖς
1013 621 1292 723 ῖίεγρχόσι,
1326 626 1421 677 καὶ
1457 629 1658 692 αὐτοὺς
1697 631 1948 701 ἑτοίμους
2047 634 2278 704 ψαντας.
2331 639 2418 703 Ὠς
2445 616 2698 723 λέγοντες
2727 616 2908 693 τοίνυν
2922 616 3026 691 οὐκ
3051 635 3288 699 ἔπειθον,
3321 634 3438 688 ἀλλ’
3454 632 3649 701 ἑώρων

365 705 808 773 μετακληθέντας
857 709 956 780 τὴν
1001 711 1242 782 ἀρχῆθεν
1301 718 1480 770 πίστιν
1532 721 1834 795 ἐμφαίνειν,
1871 722 1949 794 τῷ

358 801 644 866 συνεργεῖν
701 803 811 862 τοῖς
861 801 1105 876 [Ρ.152]
1166 807 1585 877 ἀνθισταμένοις
1644 814 1724 878 εἰς
1777 814 1943 869 ἅπαν.

355 887 532 941 Αὐτὸν
563 891 608 942 δ’
637 892 881 956 ἐκείνους
911 895 1274 967 ἀναδέχεσθαι
1325 903 1398 972 μὴ
1439 904 1588 967 ὅπως
1643 906 1838 961 παθεῖν
1893 926 1946 961 τι

357 980 492 1048 πρὸς
530 981 793 1051 βασιλέως
849 987 958 1042 τῶν
988 990 1325 1059 ἀνηκέστων,
1378 994 1516 1050 ἀλλὰ
1580 997 1674 1050 καὶ
1726 998 1942 1069 εὐεργευ

358 1073 479 1136 σίας
507 1076 708 1142 εὑρεῖν.
751 1077 934 1132 Ταῦτα
963 1083 1090 1145 τοὺς
1109 1085 1256 1154 ἀμφὶ
1277 1086 1369 1139 τὸν
1408 1089 1726 1162 Χορτάτζην
1778 1092 1946 1146 ἀκού-

356 1179 558 1226 σαντας
584 1165 676 1219 ἐπὶ
701 1167 953 1224 πλεῖστόν
982 1189 1040 1225 τε
1065 1179 1506 1248 γνωσιμαχῆσαι,
1531 1184 1626 1234 καὶ
1649 1187 1704 1246 ἐς
1745 1184 1944 1253 βουλὴν

355 1253 541 1308 θέσθαι
571 1258 626 1317 ἐς
656 1257 685 1310 ὃ
725 1259 784 1312 τὸ
835 1262 1112 1319 ἀκίνδυνον
1146 1268 1358 1332 ἑαυτοῖς
1407 1273 1559 1340 σφίσι
1602 1252 1942 1344 ’περιποιεϊψ

356 1346 429 1398 Τὸ
452 1347 496 1400 δ’
529 1345 594 1418 ἦν
625 1354 700 1416 ὡς
733 1354 782 1406 εἰ
812 1354 911 1424 μὲν
945 1357 1289 1430 βιασαμένων
1314 1363 1540 1417 ἐκείνων
1575 1366 1669 1418 τὸν
1700 1383 1940 1436 στρατη-

355 1441 635 1506 γὸναίιτὺς
670 1448 874 1517 χωροίη
906 1450 996 1502 καὶ
1045 1451 1102 1514 ἐς
1148 1453 1216 1506 τὰ
1286 1454 1477 1523 μείζω,
1505 1455 1645 1509 ὥστε
1693 1461 1787 1511 καὶ
1833 1460 1945 1514 ὀνό-

359 1547 492 1600 ματ-ι
516 1530 656 1600 εἶξαι
683 1539 774 1595 καὶ
822 1542 1169 1613 παρασήμοις
1211 1545 1486 1615 συνήθεσι,
1532 1547 1653 1600 τότε
1701 1551 1795 1602 καὶ
1846 1550 1944 1602 αὑ-

354 1624 483 1685 τοὺς
514 1627 581 1682 τὰ
630 1628 800 1680 πιστὰ
845 1630 1107 1696 λαϐόντας
1149 1619 1347 1698 ὠςέἰς
1383 1636 1535 1700 τέλος
1603 1638 1946 1712 ἀνθεξομένῳ

355 1718 839 1784 παρακινδυνεύειν
873 1739 887 1753 ο
917 1726 967 1776 εἰ
993 1725 1048 1777 δὲ
1085 1727 1158 1796 μὴ
1191 1727 1431 1796 βούλοιτο
1453 1728 1628 1784 ταῦτα
1662 1735 1944 1802 πράττειν,

358 1809 561 1874 αὐτοὺς
595 1812 693 1884 τὴν
719 1817 1216 1885 παρακινδύνευσιν
1241 1821 1407 1874 παντὶ
1429 1823 1614 1895 τρόπῳ
1633 1825 1947 1896 διεκφὺγείν

2047 725 2236 779 τοῦτον
2290 722 2866 800 καταλαζονευόμενον
2914 727 3025 783 τῶν
3093 725 3487 798 φανησομένων
3545 722 3651 778 καὶ

2049 815 2242 887 ὕϐρεσι
2273 818 2542 874 πλύνοντα
2562 821 2654 874 τὸν
2697 823 2836 893 πρὸς
2855 820 3018 874 αὐτὸν
3072 815 3648 888 ἀντιπαρατάττεσθαι

2047 910 2381 981 ἀκουόμενον
2408 912 2484 976 ὡς
2505 912 2706 966 αὐτίκα
2741 912 2864 966 κατ’
2893 911 3104 965 ἐκείνου
3133 909 3447 978 λαφύξοντα
3491 906 3650 977 (τού-

2045 1017 2161 1064 τοις
2200 1004 2296 1056 καὶ
2330 1003 2438 1074 γὰρ
2471 1003 2923 1077 παραθαρρύνειν
2951 1003 3126 1057 ἐδόκει
3163 1003 3262 1066 τὰς
3292 1003 3516 1055 ἐκείνων
3545 1000 3650 1070 όρο

2051 1094 2365 1162 μὰς,,οὑδὲν
2413 1096 2575 1149 πλέον
2603 1097 2795 1168 ἢθελεν
2822 1095 3222 1165 ἀναδέχεσθαι),
3277 1093 3651 1155 ὑπολαϐόντες

2049 1189 2248 1242 ἐκεῖνοι
2303 1191 2362 1243 ὲν
2425 1190 2617 1258 σκέψει
2667 1191 2916 1259 γίνεσθαι
2957 1189 3133 1244 ταῦτα
3192 1187 3289 1241 καὶ
3326 1189 3407 1250 εἰς
3447 1186 3651 1255 καιρὸν

2049 1282 2448 1355 μεταγνώσεως
2516 1283 2845 1338 ἀποκεῖσθαι
2897 1285 2949 1336 οἱ
3005 1280 3316 1353 βούλεσθαι,
3370 1281 3399 1334 ὅ
3447 1297 3514 1348 γε
3548 1279 3649 1332 καὶ

2046 1375 2196 1446 αὐτῷ
2232 1376 2330 1445 μὲν
2350 1377 2480 1439 ῐσως
2515 1378 2772 1443 ξυνοίσει,
2806 1375 2956 1442 σφίσι
2989 1374 3046 1428 δὲ
3092 1375 3484 1445 περιστήσεται
3542 1371 3649 1440 μό·

2046 1482 2158 1527 νοις
2184 1467 2264 1528 εἰς
2298 1467 2567 1529 κίνδυνον,
2590 1467 2844 1537 πρύμναν
2868 1482 2927 1518 τε
2959 1463 3272 1536 κρούονται,
3311 1463 3373 1517 τὺ
3403 1461 3499 1516 τοῦ
3553 1460 3651 1514 λό-

2045 1572 2168 1624 γου,
2211 1557 2302 1609 καὶ
2358 1557 2494 1628 πρὸς
2539 1558 2630 1612 τὸν
2671 1557 3215 1628 πρωτοόεστιαρίτην
3260 1554 3361 1618 τὰς
3411 1553 3649 1622 γνώμας

2047 1646 2516 1713 ἀνταποκλινουσι,
2544 1649 2638 1701 καὶ
2665 1647 2878 1712 πίστεις
2928 1648 3188 1712 λαϐόντες
3248 1646 3366 1714 ἅμα
3395 1645 3491 1698 καὶ
3525 1643 3648 1696 δόν-

2046 1755 2140 1801 τες
2168 1736 2229 1803 ἐξ
2257 1739 2435 1806 ὅρκων
2466 1738 2668 1808 φρίκης
2695 1738 2910 1808 μεστῶν
2944 1739 3034 1792 καί
3059 1755 3123 1806 γε
3175 1738 3274 1791 καὶ
3307 1734 3650 1789 ἀντιδόσεσιν

2050 1826 2213 1896 ἱερῶν
2256 1828 2585 1894 ὲγκολπίων,
2634 1823 2670 1898 ἦ
2721 1826 2827 1899 μὴν
2857 1825 3190 1898 παραδοῦναι
3216 1823 3407 1879 τοῦτον
3429 1825 3492 1887 ἐς
3529 1824 3652 1894 χεῖ-

354 1997 553 2059 tenmi,
579 1993 670 2048 ubi
697 2010 762 2050 ex
799 1998 911 2052 reis
942 1996 1165 2052 auditur
1189 1999 1551 2068 deprehensis
1584 2003 1640 2059 in
1675 2005 1945 2073 facinore,
2051 2009 2512 2067 exitiosissimum
2550 2009 2658 2066 sibi
2684 2009 2901 2064 facinus
2947 2007 3062 2064 suis
3101 2006 3252 2062 illum
3288 2004 3511 2061 artibus
3544 2019 3653 2075 pe-

359 2085 471 2141 nisi
507 2101 628 2140 eam
657 2087 1044 2161 irrelragabile
1072 2093 1445 2149 tes1imonium
1477 2096 1673 2152 fulciat
1696 2097 1824 2154 facti
1852 2115 1949 2171 op-

357 2179 608 2248 portuni.
641 2179 821 2250 Hujus
847 2199 905 2237 se
957 2185 1092 2253 ipsis
1122 2184 1441 2243 facultatem
1468 2193 1778 2261 occupandi
1811 2208 1950 2264 prae-

357 2271 490 2327 sidii
523 2273 746 2330 offerre.
789 2274 1011 2332 Movere
1071 2293 1132 2334 se
1185 2281 1240 2334 in
1297 2280 1864 2354 Philanthropenum,
1895 2297 1950 2342 et

355 2366 576 2436 c0piam
640 2368 688 2421 ei
724 2371 1136 2441 quamprimum
1172 2374 1313 2429 velle
1340 2374 1512 2444 praelii
1544 2375 1745 2433 facere.
1786 2379 1950 2435 Ordi-

355 2461 509 2516 natis
555 2463 611 2514 in
657 2479 857 2534 campo
908 2465 1112 2535 copiis,
1151 2476 1279 2523 ante
1318 2469 1797 2536 commissionem,
1833 2474 1946 2528 cir-

356 2555 754 2610 cumsislerent
784 2555 985 2613 ducem
1017 2560 1235 2630 sibique
1276 2562 1613 2630 prehensum
1641 2565 1947 2622 traderent.

355 2646 706 2704 Documento
731 2650 783 2703 id
812 2653 1130 2707 certissimo
1160 2654 1406 2709 futurum
1433 2656 1662 2711 minime
1688 2671 1949 2713 assensos

355 2756 488 2796 vera
521 2743 810 2798 voluntate
841 2745 1098 2800 consiliis
1132 2746 1456 2804 rebellionis
1487 2748 1803 2816 Cretenses,
1843 2751 1952 2804 uti-

356 2851 467 2904 que
494 2837 588 2904 qui
613 2851 738 2890 cum
765 2837 1002 2907 primum
1037 2839 1342 2908 potuerint,
1371 2839 1603 2896 lidemin
1635 2841 1948 2913 Augustum

359 2917 472 2978 tam
499 2925 813 2981 luculenter
837 2929 1350 2984 constantissimam
1376 2931 1644 3002 perduelli
1665 2934 1950 3003 prodendo

355 3019 815 3075 monstraverint.
852 3018 1172 3076 Istiusmodi
1229 3022 1577 3094 perefﬁcacis
1631 3029 1950 3083 evincendaa

359 3124 547 3165 causae
577 3111 826 3183 ipsorum
863 3116 1178 3184 argumenti
1213 3116 1260 3171 si
1319 3116 1605 3172 materiam
1639 3118 1768 3184 sibi,
1803 3120 1947 3190 quod

2057 2104 2248 2166 tendo,
2286 2102 2664 2172 vertendaque
2698 2109 2924 2157 strenue
2971 2101 3025 2155 in
3074 2106 3241 2169 caput
3274 2096 3650 2169 ingratissimi

2051 2195 2366 2264 deceptoris
2398 2194 2666 2263 pernicie,
2715 2209 2880 2264 quam
2937 2193 2991 2247 in
3027 2191 3129 2247 sihi
3177 2190 3344 2248 stulte
3381 2188 3652 2245 credulos

2051 2287 2240 2341 surdis
2271 2285 2660 2342 molitionibus
2689 2285 2950 2340 cudebat.
2996 2283 3153 2339 Hanc
3189 2297 3464 2338 summam
3510 2296 3656 2336 con—

2058 2379 2314 2434 siliorum
2341 2378 2576 2448 digressi
2601 2394 2631 2432 a
2665 2388 2882 2434 secreto
2902 2376 3180 2446 colloquio
3224 2388 3484 2446 proceres
3506 2373 3656 2427 Cre-

2054 2472 2294 2526 tensium
2333 2471 2519 2525 statim
2553 2471 2608 2525 in
2641 2485 2756 2525 rem
2813 2470 3132 2525 contulere.
3167 2468 3362 2523 Adorti
3391 2467 3652 2536 primum

2052 2564 2624 2634 Philanthropenum,
2676 2563 2988 2632 allegarunt
3041 2563 3286 2618 instante
3320 2557 3513 2631 pratlio
3559 2561 3654 2612 vi-

2053 2655 2170 2710 deri
2208 2663 2586 2730 opportunum
2620 2653 2916 2710 ﬁrmandis
2948 2652 3151 2707 animis
3203 2665 3432 2706 suorum
3465 2648 3653 2704 semel

2051 2760 2259 2800 exuere
2299 2746 2495 2814 ducem
2522 2744 2804 2800 exercitus
2843 2743 2996 2810 talis,
3046 2757 3172 2813 qua;
3201 2741 3386 2797 adhuc
3417 2739 3522 2810 ipsi
3559 2753 3657 2794 re-

2056 2839 2219 2895 sidua
2283 2819 2494 2894 haerere
2547 2837 2852 2903 videretur,
2901 2834 3140 2906 speciem
3196 2832 3446 2889 nondum
3502 2832 3653 2888 satis

2055 2931 2258 3002 ejurati
2293 2931 2532 2986 servitii.
2557 2929 2924 2986 lncitamento
2947 2927 3002 2982 id
3025 2927 3247 2984 cunctis
3277 2927 3372 2997 qui
3403 2925 3525 2993 ejus
3547 2939 3656 2979 au-

2054 3025 2250 3096 spiciis
2281 3039 2398 3080 rem
2443 3032 2704 3092 gererent
2733 3020 3127 3078 efficacissime
3161 3021 3226 3074 ad
3265 3020 3490 3090 quidvis
3514 3032 3656 3089 per-

2055 3117 2420 3187 rumpendum
2453 3115 2723 3180 futurum,
2746 3114 2889 3185 quod
2917 3129 2976 3168 se
2997 3129 3098 3184 pro
3115 3114 3374 3182 verojam
3394 3113 3655 3183 Augusto

360 3202 417 3257 in
453 3214 711 3276 promptu
767 3205 1063 3272 haberent,
1119 3208 1550 3266 subministrare
1585 3227 1691 3266 non
1729 3212 1950 3266 omitte-
1982 3253 2026 3312 Ο
2062 3225 2309 3281 pugnare
2347 3208 2759 3271 meminissent,
2805 3207 3056 3278 segnius,
3081 3208 3125 3262 si
3163 3206 3268 3261 hoc
3302 3205 3446 3260 forte
3471 3205 3652 3270 absit,

360 3304 508 3361 rent,
537 3307 733 3351 sanete
772 3297 1052 3368 spondere
1084 3314 1231 3364 sese,
1267 3315 1333 3356 ac
1356 3303 1558 3371 quovis
1606 3305 1833 3375 pignore
1857 3305 1952 3359 lir-

359 3401 516 3441 ruare
569 3387 892 3458 religionem
955 3391 1101 3454 pacti
1162 3392 1309 3447 ultro
1346 3393 1512 3458 velle,
1539 3395 1822 3449 victricem
1853 3397 1954 3452 de-

359 3479 669 3546 fensionem
739 3483 1384 3566 innocentiae_ipsorum
1444 3501 1505 3542 se
1557 3496 1949 3558 peroraturum
2001 3511 2004 3514 ·

359 3573 506 3642 apud
547 3572 851 3645 Augustos,
879 3585 934 3631 et
966 3584 1163 3648 praeter
1191 3579 1577 3649 purgationem
1613 3581 1952 3652 suspicionis

362 3667 418 3721 in
459 3682 554 3723 eos
588 3668 771 3725 omnis
804 3669 1152 3740 largissimas
1187 3671 1409 3725 cunctis
1443 3670 1581 3741 ipsis
1617 3688 1680 3728 ac
1715 3674 1952 3744 singulis

311 3761 318 3776 "
361 3775 394 3814 a
424 3758 821 3815 liberalissima
878 3761 1192 3831 principum
1231 3761 1410 3832 gratia
1469 3766 1951 3820 remunerationes

364 3866 816 3920 procuraturum.
847 3852 944 3908 His
973 3853 1302 3910 Chortatzes
1324 3864 1379 3910 et
1410 3857 1575 3926 primi
1595 3855 1950 3914 Cretensium

362 3951 418 3999 in
443 3959 650 3999 arcano
710 3946 918 4002 auditis
958 3947 1165 4002 seriam
1196 3948 1386 4003 statim
1418 3949 1487 4004 de
1518 3964 1575 4003 re
1612 3961 1724 4004 tota
1761 3966 1950 4007 secum

366 4035 508 4106 ipsis
541 4037 993 4093 deliberationem
1025 4045 1159 4092 sunt
1208 4037 1470 4108 ingressi.
1500 4038 1674 4094 Multo
1699 4041 1811 4096 illic
1851 4057 1954 4112 pu-

364 4141 594 4199 gnatum
626 4129 886 4184 conﬂictu
940 4131 1372 4196 sententiarum,
1421 4143 1481 4187 ut
1513 4119 1734 4188 cunctis
1759 4136 1814 4189 in
1848 4135 1955 4189 fine

366 4223 684 4291 appetendo
702 4222 902 4276 salutis
931 4223 1366 4293 securitatisque
1390 4225 1708 4280 communis
1734 4225 1954 4294 egregie

365 4313 842 4381 conspirantibus,
903 4313 977 4368 ita
1027 4316 1233 4384 quibus
1280 4315 1405 4370 illas
1460 4316 1567 4371 viis
1609 4325 1683 4372 et.
1717 4328 1838 4370 utra
1895 4317 1951 4370 in

365 4409 608 4475 partium
636 4405 871 4460 invicem
907 4405 1255 4460 infensarutn
1280 4407 1488 4462 certius
1516 4409 1948 4472 constituerent,

365 4502 520 4553 varia
556 4499 880 4568 conjectura
930 4498 1281 4554 certantibus
1343 4499 1643 4569 plerisque.
1701 4498 1948 4555 Tandem

2059 3302 2638 3370 circumspectiusque
2677 3299 3054 3355 dimicaturis.
3084 3299 3166 3354 Ad
3201 3313 3264 3352 ea
3298 3299 3388 3353 ille
3413 3299 3655 3368 praecise

2056 3393 2276 3464 negavit
2309 3407 2368 3447 se
2402 3391 2551 3462 quod
2589 3399 2837 3461 peterent
2881 3399 3159 3446 acturum.
3199 3389 3385 3444 Vetuit
3418 3385 3654 3451 deinde,

2057 3484 2204 3554 quod
2244 3499 2356 3554 pra:
2385 3499 2446 3540 se
2483 3483 2749 3547 tulerant,
2781 3483 2852 3539 de
2884 3483 3059 3554 praelii
3090 3494 3292 3538 eventu
3325 3497 3447 3537 esse
3485 3480 3654 3535 solli-

2059 3579 2226 3634 citos.
2264 3575 2454 3631 Primo
2479 3579 2626 3632 enim
2658 3577 2780 3647 ipso
2813 3585 3114 3647 conspectu
3148 3590 3272 3631 sese
3301 3575 3652 3630 dilflaturum

2061 3684 2274 3741 paucas
2310 3669 2434 3724 illas
2464 3677 2520 3724 et
2552 3669 2806 3724 imbelles
2831 3671 3030 3723 inertis
3063 3669 3418 3739 imperitique
3450 3669 3655 3722 adver-

2058 3761 2198 3816 sarii
2235 3759 2448 3830 copias,
2477 3759 2659 3829 ipsum
2687 3772 2817 3814 vero
2860 3759 3142 3814 mordicus
3175 3759 3519 3828 discerptum
3545 3774 3654 3812 vo-

2060 3860 2353 3916 raturum;
2387 3866 2550 3920 quem
2583 3850 2816 3919 proinde
2847 3850 2900 3906 id
2939 3851 3121 3920 ipsum
3156 3858 3408 3907 metuere
3437 3849 3656 3906 deben-

2059 3952 2168 3998 tem
2216 3944 2353 3998 nihil
2396 3943 2582 3999 minus
2630 3958 2795 4013 quam
2845 3942 3096 4008 insanire
3148 3953 3469 4014 appareret,
3511 3943 3650 3997 dum

2055 4037 2160 4092 sibi
2218 4052 2327 4090 non
2365 4036 2646 4091 dubitat-ct
2677 4051 2993 4102 occurrere,
3025 4039 3173 4090 ultro
3213 4037 3268 4090 in
3332 4035 3650 4105 perniciem

2060 4130 2377 4184 incurrens.
2413 4126 2567 4182 Talia
2599 4127 2691 4183 isti
2730 4129 2795 4182 de
2831 4143 2892 4182 se
2921 4127 3241 4183 thrasonice
3277 4128 3515 4198 jactanti
3561 4129 3656 4180 in-

2062 4222 2429 4291 dulgentique
2493 4220 2972 4291 arrogantissimis
3037 4222 3226 4288 minis,
3289 4229 3345 4276 et
3382 4220 3651 4275 aetuulum

2058 4317 2282 4384 probris
2342 4316 2722 4386 conviciisque
2765 4317 3056 4383 laceranti,
3107 4316 3228 4370 vale
3284 4314 3438 4369 dicto
3465 4313 3652 4368 Chor-

2060 4418 2236 4464 tatzes
2265 4423 2389 4462 cum
2423 4408 2566 4472 suis,
2611 4422 2798 4478 prora,
2830 4407 2976 4476 quod
3003 4406 3112 4461 dici
3166 4409 3324 4473 solet,
3384 4406 3649 4473 inhibita,

2059 4513 2288 4553 cursum
2322 4499 2375 4553 in
2408 4499 2755 4552 contrarium
2807 4507 3108 4554 torserunt.
3154 4497 3654 4554 Protovestiariten
3713 4524 3718 4529 ·

366 4605 648 4646 consensu
695 4589 950 4645 omnium
993 4590 1160 4656 sedit,
1205 4590 1480 4660 profunde
1522 4589 1880 4645 dissimulato
1918 4604 1948 4641 a
1976 4596 2031 4657 D
2056 4592 2199 4648 clam
2228 4591 2452 4647 adeunt.
2485 4590 2782 4662 Promptos
2818 4607 2878 4647 se
2909 4591 3214 4646 ostendunt
3268 4591 3473 4661 pacisci
3499 4591 3653 4661 quod
3715 4579 3718 4587 λ

367 4667 671 4736 Libadario
702 4681 934 4748 indicio,
967 4681 1120 4737 adire
1143 4683 1212 4737 de
1237 4696 1379 4737 novo
1401 4682 1956 4751 Philanthropenum,

366 4787 820 4845 magnopereque
847 4773 1056 4828 instare
1096 4783 1153 4828 ut
1184 4789 1386 4828 nomen
1418 4782 1474 4828 ct
1500 4773 1740 4845 insignia
1769 4781 1960 4830 sumat

368 4868 612 4937 imperii;
663 4866 721 4921 Si
788 4867 1108 4938 persuaderi
1161 4882 1222 4924 se
1263 4867 1495 4932 sineret,
1531 4879 1642 4920 tum
1680 4866 1955 4919 fortunam

369 4961 495 5030 ejus
531 4960 598 5014 ad
625 4968 938 5015 extremum
993 4966 1403 5030 sequerentur:
1435 4958 1525 5014 sin
1553 4958 1867 5012 obstinaret
1903 4959 1956 5011 in

371 5055 536 5127 225
571 5057 856 5112 renuendo
881 5056 1279 5121 constantiam,
1307 5056 1409 5109 hoc
1434 5053 1556 5126 ipso
1579 5039 1960 5108 intellecturos

372 5149 688 5203 rnachinari
717 5163 842 5203 eum
876 5163 1038 5203 suam
1095 5163 1220 5202 cum
1259 5148 1384 5201 aula
1427 5145 1955 5211 reconciliationem,

373 5255 539 5309 quam
597 5241 842 5310 pernicie
877 5241 985 5296 sibi
1033 5239 1434 5294 adbmrentium
1495 5239 1818 5296 sanciturus
1863 5240 1957 5306 sit,

373 5333 717 5406 paciscenda
776 5349 880 5404 pro
934 5349 1032 5403 spe
1092 5333 1246 5387 illinc
1304 5333 1482 5388 venite
1537 5333 1958 5404 opimarumque

374 5427 692 5482 mercedum
739 5425 885 5483 facili
917 5426 1239 5482 conditione
1261 5426 1551 5482 deserendi
1575 5427 1961 5483 condonandi-

375 5536 482 5590 que
514 5535 579 5575 ac
616 5533 718 5590 pro
741 5533 801 5574 se
825 5519 1319 5588 supponendorum
1351 5520 1447 5574 irae
1465 5521 1776 5592 ultionique
1807 5521 1959 5592 prin-

377 5615 562 5685 cipum
603 5612 728 5668 illos
767 5611 918 5682 ipsos
947 5612 1182 5667 miseros
1214 5627 1358 5683 quos
1391 5614 1445 5666 in
1483 5613 1661 5684 culpat
1709 5615 1957 5669 societa-

375 5718 484 5763 tem
517 5707 636 5777 ipse
665 5718 859 5762 auctor
917 5705 1142 5761 sceleris
1173 5707 1439 5774 traxerit;
1473 5723 1642 5777 quare
1681 5716 1812 5763 tunc
1856 5708 1956 5762 mi-

373 5802 522 5857 nime
551 5801 755 5854 debere
786 5800 1068 5864 dubitare,
1103 5810 1193 5855 aut
1234 5802 1341 5855 ulla
1379 5803 1646 5872 religione
1678 5804 1955 5867 cunctari,

376 5890 670 5951 uuoutiuus
709 5906 874 5946 uuam
907 5894 1116 5953 pussint
1173 5893 1563 5949 efficacissime
1627 5903 1958 5958 pt'wvcrtant

2057 4684 2305 4757 petebat.
2336 4685 2480 4758 ιη,ἰά
2515 4684 2652 4740 fides
2698 4685 2960 4754 utrinque
2984 4684 3319 4753 juramentis
3341 4691 3396 4738 et
3437 4683 3654 4754 imprc~

2061 4777 2396 4842 cationibus,
2455 4777 2562 4832 utri
2593 4776 2870 4841 fallerent,
2920 4775 3200 4832 horriﬁcis
3231 4775 3505 4828 firmatur.
3545 4774 3653 4829 Sa-

2060 4885 2156 4925 cra
2187 4871 2324 4940 quin
2351 4870 2520 4924 etiam
2565 4869 2801 4924 amuleta
2845 4869 2914 4924 de
2950 4869 3093 4923 collo
3130 4867 3358 4938 quique,
3411 4875 3472 4920 ut
3527 4881 3652 4921 mos

2060 4971 2169 5026 est,
2208 4962 2265 5018 in
2291 4965 2474 5018 sinum
2520 4962 2760 5031 pendula
2796 4960 3034 5016 invicem
3071 4967 3410 5031 permutant,
3450 4975 3514 5013 ea
3549 4974 3652 5029 pro

2064 5055 2384 5111 certissimo
2414 5052 2664 5108 habituri
2688 5053 2933 5123 pignore
2962 5051 3410 5107 irrevocabiliter
3441 5052 3567 5120 fixa:
3597 5053 3650 5105 in

2067 5148 2466 5219 promissorum
2499 5146 2848 5202 exhibitione
2889 5145 3216 5200 voluntatis.
3249 5142 3538 5212 Ejusmodi
3567 5160 3653 5197 re-

2067 5241 2273 5312 ligione
2304 5255 2428 5295 sese
2461 5239 2757 5296 Cretenses
2802 5235 3234 5293 obstrinxerunt
3267 5236 3334 5291 ad
3396 5250 3654 5306 compre-

2069 5331 2422 5387 hendendum
2459 5335 2517 5388 in
2565 5334 2690 5403 ipso
2721 5331 2906 5402 primo
2938 5331 3233 5401 procinctu
3263 5329 3464 5402 praelii,
3499 5329 3651 5384 ordi-

2063 5436 2191 5480 nata
2230 5426 2345 5496 jam
2408 5426 2668 5496 utrinque
2717 5425 2857 5490 acie,
2903 5424 3440 5493 Pbilanthropenum
3485 5423 3654 5494 326

2067 5520 2263 5574 ducem
2302 5533 2492 5581 suum,
2550 5533 2791 5588 clumque
2825 5517 3124 5574 Libadario
3171 5516 3533 5572 tradendum.
3575 5515 3648 5568 Ea

2067 5628 2155 5668 res
2188 5610 2591 5665 condicebatur
2644 5613 2700 5665 in
2741 5611 2794 5665 id
2831 5611 3184 5682 potissimum
3223 5613 3494 5681 temporis
3534 5626 3652 5664 mo-

2069 5715 2339 5768 mentum,
2380 5707 2623 5759 nondum
2665 5705 2948 5760 commissi
2994 5705 3090 5760 sed
3126 5705 3303 5760 solum
3334 5703 3651 5771 paralicer-

2068 5800 2318 5858 laminis.
2349 5798 2496 5868 quod
2523 5797 2568 5852 si
2600 5799 2832 5854 ulterius
2865 5807 3304 5868 exspectaretur,
3341 5798 3648 5868 pericuhun

2068 5909 2183 5951 crat
2217 5909 2281 5949 nc
2310 5895 2509 5957 Persae,
2561 5894 2652 5957 qui
2710 5893 2929 5954 plurimi
2984 5904 3035 5951 et
3074 5909 3242 5949 manu
3269 5878 3482 5950 strenui
3519 5891 3647 5947 Phi-
