3922 6548
147 437 239 500 249

1040 449 1138 508 DE
1179 451 1627 514 ANDRONICO
1664 456 2131 518 PALAEOLOGO
2173 462 2320 524 LIB.
2365 464 2482 527 lli.

3273 466 3384 528 τεο

467 551 680 650 ἀκονιτὶ
705 555 926 650 φανέντι
957 559 1053 611 καὶ
1081 561 1244 628 μόνον
1275 563 1414 632 μετά
1433 566 1541 618 τῶν
1572 582 1695 618 συν·
1724 572 1773 623 Α
1800 568 2030 623 πλεῖστα
2063 575 2519 642 νεανιευσάμενος
2547 573 2737 638 ἔξεισι.
2777 576 2886 629 Καὶ
2909 575 2972 644 δὴ
3000 575 3094 644 ἀφ’
3117 576 3402 650 ἐκατέρου-η

146 640 330 705 τάξεων
351 641 486 708 (δέος
519 644 626 714 γὰρ
666 647 739 718 μή
787 665 840 701 τι
886 651 982 704 καὶ
1028 656 1562 728 παρακινδυνευθείη
1613 657 1708 712 τοῦ

147 733 412 802 Περσικοῦ,
433 729 517 799 οἷς
545 738 638 791 καὶ
686 741 888 809 μᾶλλον
942 745 1188 818 ἐθάρρει,
1240 750 1708 816 ὲπεισπεσόντος),

150 824 280 914 ταῦτ’
322 826 377 878 ἑν
433 827 770 902 ἀπορρήτοις
834 836 1142 905 πράξαντες
1188 841 1564 912 ἐκαρτέρουν,
1612 843 1709 914 τὴν

151 913 358 984 ὑποψίαν
375 915 435 981 ἐξ
465 917 704 984 ἅπαντος
742 922 818 988 ὡς
855 923 1000 997 εἶχον
1033 929 1396 994 ἐκκλίνοντες.

269 1051 354 1107 ια’.
389 1055 594 1124 ὀπως
626 1061 924 1130 παρεδόθη
961 1067 995 1118 d
1033 1067 1565 1136 Φιλανθρωπηνός.

218 1191 348 1246 Ἀλλ’
375 1192 586 1267 ἐπέστη
610 1200 706 1251 καὶ
743 1200 770 1270 ἢ
803 1201 970 1272 κυρία
991 1219 1005 1234 ·
1039 1204 1072 1274 ἡ
1099 1204 1146 1258 δ’
1175 1200 1246 1276 ἦν
1273 1207 1558 1278 ὑστεραία.
1591 1210 1707 1263 Καὶ

153 1286 174 1334 ὁ
207 1283 296 1352 μὲν
327 1286 710 1358 συνηθροικὼς
735 1292 837 1355 τὰς
873 1295 1004 1365 περὶ
1027 1295 1478 1367 αὑτὸνιδυνάμεις
1510 1301 1573 1353 ἐκ
1604 1301 1711 1353 Λυ-

152 1377 247 1440 δίας
270 1379 558 1447 ἐφίσταται
592 1382 672 1450 τῷ
714 1383 1013 1457 Νυμφαίῳ,
1063 1388 1198 1441 ὅπου
1242 1389 1339 1445 καὶ
1365 1392 1414 1443 οἱ
1466 1393 1710 1445 ἀποστα-

154 1466 339 1530 τοῦντες
366 1468 558 1540 διῆγον
579 1489 595 1504 ο
619 1475 647 1525 ό
679 1473 736 1526 δὲ
768 1475 860 1527 τὸν
891 1477 1081 1530 αὐτόθι
1133 1477 1364 1546 πύργον,
1391 1479 1450 1532 δν
1495 1482 1522 1532 ὁ
1573 1497 1710 1550 πορ-

157 1559 529 1628 φυρογέννητος
569 1564 701 1633 τῇδε
727 1564 931 1633 διάγων
953 1566 1205 1639 ᾠκοδομή
1217 1586 1366 1634 σατυ,
1393 1569 1580 1622 τοῦτον
1601 1569 1712 1623 τοί-

155 1665 233 1699 νυν
260 1651 496 1721 κατέχων
529 1656 630 1707 καὶ
665 1660 904 1723 γυναῖκα
939 1660 1032 1710 καὶ
1075 1660 1236 1713 παῖδα
1279 1662 1376 1714 καὶ
1406 1662 1712 1732 πράγματα

157 1739 253 1792 tusi
279 1742 608 1809 συγκλείσας
643 1764 702 1799 τε
737 1748 834 1800 καὶ
868 1748 1330 1820 ἀσφαλισάμενος,
1363 1754 1580 1822 πρῶτον
1611 1753 1710 1823 μὲν

157 1831 233 1901 τὴν
259 1833 459 1887 ἐκείνου
486 1838 714 1892 ἀκούων
742 1840 926 1908 ἄφιξιν
965 1842 1061 1893 καὶ
1096 1841 1216 1896 λίαν
1255 1845 1314 1896 ὲν
1360 1843 1600 1912 θαύματι
1631 1844 1711 1915 τῷ

160 1925 366 1997 μεγίστῳ
396 1928 592 1994 ἐτίθει,
646 1931 765 1994 πῶς
798 1933 865 1984 ἂν
905 1933 1000 1985 καὶ
1044 1934 1264 2006 τολμῴη
1311 1938 1513 2005 χωρεῖν
1543 1936 1708 2004 ὁμόσε

157 2019 395 2083 τοσούτοις
427 2037 485 2073 τε
511 2024 614 2076 καὶ
648 2024 932 2089 τοιούτοις.
979 2027 1171 2094 Ὅμως
1218 2027 1437 2098 θαρρῶν
1468 2031 1561 2081 ἐπὶ
1595 2031 1706 2090 τοῖς

159 2110 291 2174 ὅλοις,
327 2113 399 2176 ὡς
422 2115 632 2169 αὐτίκα
672 2121 868 2186 φανεὶς
899 2119 1102 2174 τὺεπᾶν
1144 2122 1459 2190 ἐργάσαιτο,
1495 2137 1709 2191 παραγ-

159 2203 312 2267 γείλας
351 2208 440 2259 καὶ
473 2209 610 2270 τοὺς
633 2208 826 2273 ἄλλους
871 2210 1216 2277 ὁπλίζεσθαι,
1249 2213 1408 2275 αὐτὸς
1431 2213 1531 2285 τὴν
1551 2214 1710 2282 saxl-

162 2309 268 2366 στην
288 2293 632 2363 ἐξοπλισθεὶς
655 2302 752 2353 καὶ
781 2302 921 2356 κατά
939 2301 1035 2356 τοῦ
1067 2303 1328 2372 φανέντος
1361 2305 1447 2376 [Ρ.
1485 2303 1612 2377 154]
1640 2305 1709 2359 τὰ

161 2476 488 2549 lantbropeno
550 2483 888 2551 militabant,
916 2485 1190 2540 destinata
1218 2497 1418 2542 eventu
1470 2487 1708 2544 frustra-

162 2582 340 2634 rentur,
397 2574 463 2628 iis
512 2591 579 2630 se
630 2577 1013 2632 verisiniiliter
1057 2577 1446 2650 aggregaturo,
1507 2582 1708 2651 quibus

161 2665 366 2719 maxime
399 2666 619 2731 fideret,
647 2674 803 2735 duce,
839 2671 1006 2725 simul
1060 2672 1277 2727 initium
1307 2673 1588 2742 pugnandi
1625 2672 1710 2726 fa-

163 2768 284 2808 clum
304 2769 469 2813 esset.
513 2759 568 2813 ω
607 2777 719 2832 quo
748 2773 1195 2832 praeverteretur,
1245 2768 1540 2834 oportebat
1567 2767 1706 2821 voli-

162 2853 338 2899 tantem
370 2865 493 2901 eum
525 2851 712 2904 adhuc
736 2864 862 2906 ante
895 2855 1092 2918 aciem,
1129 2864 1182 2910 et
1207 2857 1454 2927 singulos
1484 2859 1708 2914 ordines

161 2941 217 2990 ad
251 2956 352 2996 rem
379 2943 520 2995 bene
561 2944 862 3014 gerendam
910 2947 1318 3018 adhortantem,
1361 2950 1452 3005 ubi
1484 2950 1550 3004 ad
1579 2953 1709 3006 Cre-

163 3039 318 3086 tenSes
352 3050 575 3106 quoque
606 3037 655 3089 id
693 3047 920 3092 acturus
948 3042 1215 3108 venisset,
1261 3043 1330 3097 ab
1365 3044 1435 3097 iis
1467 3044 1710 3098 circum-

162 3122 263 3176 sisti
293 3127 609 3198 abducique
637 3145 804 3198 quam
849 3132 1075 3186 tnininto
1111 3135 1374 3198 tumultu,
1403 3137 1550 3190 haud
1574 3138 1706 3190 dum

1816 663 2016 732 μέρους
2074 665 2376 718 σταθεισῶν
2429 667 2534 719 τῶν
2591 667 2896 737 δυνάμεων,
2929 671 3025 722 καὶ
3059 670 3186 721 ὅσον
3232 667 3388 721 οὔπω

1815 755 2130 824 μελλουσῶν
2175 759 2607 828 συμπλέκεσθαι,
2646 759 2788 814 ὥστε
2823 762 2920 815 καὶ
2951 759 3388 830 ἀκροϐολισμοὺς

1811 846 2208 916 ἀμφοτέρωθεν
2240 848 2354 914 γίνε
2366 848 2512 915 σθαι,
2541 850 2591 902 οἱ
2626 852 2668 904 Κ
2678 851 2895 919 ρητικοὶ
2918 851 3013 903 τοῦ
3041 851 3387 920 συνθήματος

1813 937 1913 990 οὐκ
1940 938 2204 1007 ἠμέλουν,
2245 939 2380 993 ἀλλά
2412 943 2672 1008 φανέντος
2702 941 2798 995 τοῦ
2827 943 3384 1012 πρωτοὸεστιαρίτου,

1811 1028 2042 1094 δεδιότος
2083 1032 2174 1084 καὶ
2196 1030 2278 1085 ἔτι
2311 1033 2442 1101 περὶ
2480 1025 2594 1098 τοῖς
2633 1034 2796 1097 ὅλοις,
2831 1036 2906 1105 μή
2937 1052 3050 1098 πως
3080 1035 3269 1104 ἀπάτῃ
3293 1033 3385 1086 καλ

1809 1119 1948 1190 δόλῳ
1969 1124 2268 1191 χρήσαιντο
2293 1124 2342 1176 οἱ
2371 1124 2510 1186 τέως
2534 1125 3030 1200 καθυπισχούημενοι
3054 1125 3385 1195 προδιδόναι,

1810 1214 1860 1266 oi
1891 1214 2037 1284 ἀμφὶ
2068 1215 2160 1268 τὸν
2179 1216 2501 1288 Χορτάτζην
2521 1218 2742 1283 αὐτίκα,
2764 1218 2939 1281 οὕτως
2963 1215 3192 1290 ὼςεῖχον
3224 1220 3359 1286 ὲφιπ

1811 1309 1904 1359 ποί
1931 1325 1992 1360 τε
2022 1309 2118 1361 καὶ
2147 1309 2506 1379 ὠπλισμένοι,
2536 1311 2745 1380 ἀθρόως
2783 1309 3004 1364 ἄλλοθεν
3033 1310 3191 1371 ἄλλος
3227 1325 3384 1378 περι·
3456 1302 3469 1314 ’

1814 1399 2036 1462 στάντες
2081 1399 2172 1452 τὸν
2223 1400 2488 1470 ἡγεμόνα,
2528 1402 2580 1454 οἱ
2633 1401 2736 1468 μὲν
2786 1402 3048 1471 ῥυτῆρας,
3091 1401 3140 1452 oi
3181 1399 3238 1452 δὲ
3287 1401 3384 1450 καὶ

1813 1492 2030 1561 σπάθην
2079 1493 2393 1563 ἐπέχουσιν,
2429 1497 2478 1548 οἱ
2523 1495 2572 1548 δ’
2607 1495 3030 1566 ὲμὸριθέστερον
3068 1490 3385 1546 ἀποϐαίνειν

1809 1585 1906 1639 τοῦ
1940 1586 2109 1638 ἵππου
2145 1586 2414 1641 ἐκέλευον.
2457 1588 2516 1640 '0
2557 1587 2614 1640 δὲ
2643 1587 2804 1656 γνοὺς
2831 1587 2932 1655 τὴν
2963 1582 3256 1651 ἐπιϐουλὴν
3287 1582 3388 1634 αὺ-

1809 1677 1960 1742 τικα,
1995 1678 2215 1750 θαρρῶν
2260 1683 2373 1743 τοῖς
2428 1680 2666 1749 Πέρσαις
2717 1680 3006 1749 ἐπεχείρει
3050 1675 3151 1746 μὲν
3187 1673 3391 1744 ἀμύνε.

1813 1767 1961 1829 σθαι,
1996 1770 2482 1840 καταταχούμενος
2519 1769 2578 1822 δὲ
2611 1771 2672 1823 τδ
2707 1769 2972 1840 παράπαν
3001 1766 3246 1836 ἀπηύδα,
3295 1763 3392 1816 καὶ

1815 1861 2145 1932 συσχεθέντα
2166 1866 2280 1926 τοῖς
2308 1864 2453 1932 ἀμφὶ
2473 1865 2564 1917 τὸν
2597 1861 3139 1934 πρωτοϐεστιαρίτην
3169 1860 3390 1926 ἕτοιμον

1813 1955 2061 2025 θήραμα,
2092 1955 2352 2009 ταπεινὸν
2381 1957 2474 2009 τὸν
2503 1956 2764 2010 σοϐοῦντα
2797 1954 2903 2025 πρὸ
2930 1955 3026 2009 τοῦ
3058 1955 3152 2008 καὶ
3173 1955 3392 2022 ἄφωνον

1808 2049 1902 2102 τὸν
1925 2048 2097 2101 πολλὰ
2119 2049 2371 2117 λέγοντα,
2403 2047 2747 2115 παρεδίδουν.
2781 2048 2845 2101 Οἱ
2864 2048 2912 2100 δ’
2938 2046 3301 2113 ἐκδραμόντες
3329 2043 3394 2095 ἐκ

1815 2140 1910 2193 τοῦ
1963 2140 2242 2210 ἐξαίφνης,
2284 2140 2403 2192 ἐπεὶ
2451 2139 2541 2193 τὸν
2572 2138 2985 2192 ἀποστατοῦντα
3030 2140 3088 2190 ὲν
3124 2137 3393 2206 ἀφύκτοις

1810 2227 1980 2304 εἶχον,
2015 2231 2150 2296 ποὺς
2181 2233 2313 2302 περὶ
2347 2233 2554 2286 ἐκεῖνον
2581 2230 3146 2300 διασκεδαννυμένους
3169 2230 3270 2300 ἤδη
3297 2230 3394 2283 καὶ

1813 2327 1976 2398 μόνον
2013 2326 2120 2396 ὅπη
2169 2325 2478 2396 σωθήσεται
2523 2324 2756 2387 ἕκαστος
2803 2325 3125 2395 ἀφορῶντας
3183 2325 3392 2392 ἀμετα-

1812 2515 1923 2566 ses,
1949 2501 2114 2560 simul
2143 2501 2306 2572 227
2335 2501 2808 2571 protovestiarites
2849 2503 3101 2572 apparuit
3136 2517 3166 2556 e
3206 2501 3390 2558 medio

1813 2607 2045 2647 suorum
2109 2593 2363 2646 eminens
2405 2591 2647 2661 agmine,
2700 2594 2864 2646 anxie
2896 2592 2988 2646 ille
3022 2591 3246 2662 quidem
3279 2592 3393 2647 cir-

1814 2693 2227 2755 cumspectans,
2260 2695 2314 2739 et
2344 2683 2472 2738 dum
2507 2685 2869 2741 instabilitate
2896 2677 3203 2753 reputanda
3236 2686 3382 2742 mili-

1816 2778 1905 2831 tiai
1941 2776 2154 2831 venalis
2190 2777 2446 2831 fraudum
2479 2788 2671 2846 operta
2699 2779 3056 2843 subveretur,
3101 2778 3242 2833 haud
3275 2779 3396 2834 sine

1812 2884 1908 2924 cor
1941 2869 2232 2924 vellicante
2259 2869 2374 2923 acri
2415 2879 2564 2924 metu
2598 2868 2758 2923 {idem
2799 2869 3198 2936 promissorum
3229 2883 3399 2939 oppe-

1812 2963 1986 3027 riens,
2035 2961 2326 3017 confestim
2388 2951 2710 3016 Chortatzes
2757 2977 2882 3016 cum
2915 2962 3056 3027 suis,
3089 2963 3290 3016 armati
3338 2971 3397 3015 ut

1811 3067 1973 3112 erant
2011 3056 2065 3109 in
2102 3057 2263 3124 equis
2285 3054 2426 3110 alius
2448 3054 2673 3109 aliunde
2705 3063 3125 3114 concurrentes.
3167 3053 3399 3106 Philan-

1813 3151 2144 3216 thrnpenum
2168 3149 2379 3202 circum
2406 3148 2648 3218 undique
2667 3146 2997 3212 funduntur,
3038 3155 3093 3202 et
3129 3148 3178 3202 ei
3213 3157 3400 3202 extor-

162 3215 300 3280 plane
329 3217 678 3288 intelligente
709 3220 842 3289 quid
866 3229 1156 3289 gereretur
1178 3226 1427 3278 exercitu
1468 3223 1706 3294 reliquo,

1820 3241 1891 3295 tis
1925 3215 1982 3294 hi
2015 3240 2170 3294 fraeni
2209 3240 2465 3304 habenis,
2497 3215 2722 3309 quidam
2754 3255 2888 3294 ense
2912 3239 3185 3302 detracto,
3223 3239 3397 3308 impe-

163 3321 213 3357 ac
230 3318 510 3377 propterea
542 3312 830 3377 quieturo.
865 3312 1075 3367 Horum
1100 3313 1183 3367 sic
1218 3315 1608 3384 stipulatorum
1659 3317 1712 3370 in

163 3411 346 3452 summa
376 3401 834 3458 dissimulatione
863 3403 1160 3460 Cretenses
1184 3409 1531 3484 occasionem
1561 3425 1719 3464 exse-

164 3491 481 3557 quendorum
548 3497 989 3563 exspectabant,
1054 3499 1293 3554 sollicite
1364 3501 1718 3558 declinantes

164 3582 399 3653 quidquid
441 3586 830 3656 suspicionem
871 3589 952 3643 rei
1003 3604 1125 3660 quae
1163 3593 1466 3660 parabatur
1497 3609 1719 3670 movere

165 3675 232 3731 vel
263 3679 546 3734 minimam
594 3681 772 3736 cuivis
805 3693 1018 3752 posset.

311 3815 394 3868 ll.
431 3814 507 3870 Ut
557 3815 769 3870 deditus
814 3814 1303 3889 Philantliropenua
1355 3820 1539 3889 fuerit.

224 3945 472 4002 Condicta
533 3962 662 4002 mox
707 3947 827 4003 dies
865 3947 1064 4017 adfuit,
1103 3959 1326 4020 postera
1379 3951 1498 4021 ejus
1544 3953 1721 4025 ipsius

169 4053 256 4106 qua
282 4040 448 4095 fuerat
483 4042 542 4094 in
593 4056 658 4094 ea
694 4057 816 4111 quae
849 4042 1093 4098 diximus
1151 4055 1506 4101 conventum.
1540 4046 1720 4102 Liba-

168 4131 327 4188 darius
355 4135 627 4189 collectas
656 4135 710 4187 in
744 4149 912 4188 unum
944 4150 973 4188 e
1029 4133 1203 4207 Lydia
1233 4139 1490 4193 universa
1531 4154 1717 4194 secum

167 4226 328 4295 cepias
358 4228 597 4294 ducens,
642 4237 797 4283 recta
846 4228 1212 4300 Nymphaeum
1245 4246 1460 4296 versus,
1486 4232 1580 4287 ubi
1628 4249 1720 4290 re-

167 4316 308 4375 belles
341 4333 526 4378 castra
573 4322 949 4387 muniverant,
1001 4325 1194 4378 movit.
1263 4325 1395 4380 Erat
1433 4325 1718 4398 Nymphaei

173 4412 362 4468 turrisa
395 4413 896 4485 Porphyrogenito,
921 4416 1052 4470 dum
1089 4415 1165 4470 ibi
1203 4415 1454 4487 degeret,
1497 4431 1718 4473 exstru-

169 4509 263 4558 cta.
282 4504 336 4558 1n
368 4521 492 4562 eam
523 4506 1041 4576 Pbilantbropenus
1066 4523 1098 4562 a
1132 4523 1193 4563 se
1221 4521 1546 4580 occupatam
1579 4527 1718 4566 uxo-

171 4607 267 4650 rem
295 4612 412 4651 cum
445 4599 567 4652 lilio
595 4610 648 4652 et
677 4598 909 4668 pecunia
943 4601 1194 4665 inclusit,
1236 4603 1493 4671 praesidio
1516 4603 1582 4658 ad
1607 4599 1710 4658 ho;
1743 4593 1794 4652 Ῑ)

170 4702 270 4742 rum
332 4691 645 4746 custodiant
726 4690 924 4747 idoneo
997 4695 1279 4764 imposito.
1351 4695 1711 4751 Libadarium

174 4793 314 4848 porro
365 4783 598 4838 audiens
633 4793 828 4839 contra
879 4800 939 4839 se
991 4788 1240 4852 tendere,
1304 4789 1542 4858 primum
1567 4805 1714 4860 aegre

174 4873 431 4939 credebat,
456 4892 586 4960 mox
617 4876 974 4946 ingeminatis
1024 4880 1090 4932 ad
1125 4879 1288 4942 fidem
1309 4883 1422 4949 jam
1471 4895 1580 4934 non
1611 4883 1713 4936 du-

173 4961 293 5016 biam
319 4967 533 5023 indiciis
567 4968 926 5022 vehementer
964 4969 1227 5023 admirari
1263 4986 1323 5025 se
1370 4973 1716 5027 monstrabat

173 5059 500 5114 temeritatem
554 5061 816 5123 hominis,
865 5059 960 5129 qui
1021 5061 1292 5117 adversus
1335 5072 1417 5117 tot
1478 5078 1541 5119 ac
1577 5067 1715 5130 tales

175 5159 408 5218 apparere
435 5154 488 5206 in
523 5153 699 5208 armis
741 5169 804 5208 ac
831 5169 956 5207 cum
983 5155 1151 5210 minis
1189 5157 1450 5213 vincendi
1482 5159 1631 5217 ferre
1661 5177 1721 5216 se

173 5239 363 5297 obvium
389 5246 640 5300 auderet.
672 5245 864 5300 Jussas
893 5255 1076 5302 tamen
1108 5250 1176 5303 ad
1217 5265 1517 5306 occursum
1549 5269 1716 5325 expc-

175 5335 263 5392 diri
294 5343 473 5411 ecpias
507 5345 626 5413 ipse
668 5348 840 5402 armis
877 5355 1108 5404 strenue
1145 5352 1380 5422 sumptis
1425 5354 1718 5422 cataphra-

175 5437 278 5487 ctus
309 5442 361 5489 et
411 5435 731 5505 juveniliter
767 5455 826 5493 se
857 5449 1152 5496 ostentans
1201 5459 1454 5510 prorsum
1501 5446 1720 5516 agebat,

175 5519 355 5592 ingenti
386 5528 582 5585 fiducia
606 5545 931 5588 successum
964 5533 1078 5603 jam
1118 5551 1266 5588 nunc
1302 5539 1463 5605 quasi
1505 5525 1716 5593 certum

177 5616 335 5672 animo
356 5622 700 5692 precipiens,
726 5633 780 5678 et
828 5625 959 5679 visu.
982 5640 1042 5680 se
1086 5627 1265 5695 primo
1314 5627 1718 5684 debellaturum

178 5719 398 5774 sperans.
423 5713 560 5769 Ecce
583 5722 765 5770 autem
791 5715 1002 5770 directa
1030 5718 1156 5772 hinc
1176 5727 1232 5773 et
1261 5719 1388 5774 inde
1416 5721 1556 5785 acie,
1583 5738 1726 5791 pra:-

179 5795 444 5872 libarijam
492 5807 791 5878 incipiente
836 5809 1170 5879 primoribus
1225 5812 1486 5882 utrinque
1528 5816 1720 5868 velita-

183 5891 419 5954 riuncuiis
445 5917 645 5973 pugna,
684 5920 792 5960 non
840 5905 998 5961 obliti
1056 5906 1459 5974 promissorum
1503 5909 1729 5968 Creten-

1821 3333 2156 3402 riosiusjam
2191 3333 2280 3387 alii
2305 3348 2449 3402 equo
2473 3333 2697 3387 desilire
2728 3331 2945 3402 jubent.
2974 3330 3110 3386 Sero
3140 3340 3252 3384 tum
3273 3346 3399 3384 seu-

1819 3426 1893 3482 sit
1924 3426 2091 3480 miser
2117 3425 2247 3495 quid
2281 3435 2593 3493 pararetur,
2623 3431 2678 3478 et
2714 3425 2932 3478 irritum
2980 3423 3261 3491 expedivit
3296 3421 3401 3474 im-

1820 3528 2003 3587 petum
2039 3531 2268 3572 suorum
2311 3531 2370 3570 se
2417 3515 2708 3571 Persarum
2753 3514 2963 3569 auxilio
3013 3514 3224 3568 tuendi.
3260 3511 3396 3566 Nam

1819 3624 2123 3679 oppressus
2171 3607 2226 3662 in
2293 3615 2495 3662 conatu
2542 3605 3018 3677 proturbatusque
3081 3619 3297 3659 summa
3347 3602 3400 3654 vi

1819 3699 2114 3770 despondit
2147 3699 2419 3762 animum,
2451 3705 2508 3752 et
2539 3698 2784 3752 vinctum
2831 3713 2889 3751 se
2919 3698 3122 3764 raptari
3153 3695 3219 3748 ad
3273 3710 3400 3763 pro-

1821 3794 2196 3850 tovestiariten
2233 3790 2490 3856 ingratiis
2551 3800 2636 3846 est
2694 3805 2932 3860 passus;
2985 3793 3073 3845 cui
3116 3787 3342 3842 humilis
3372 3806 3402 3840 e

1821 3889 1976 3960 prius
2009 3883 2247 3950 tumido,
2285 3891 2472 3938 mutus
2503 3899 2534 3937 e
2565 3883 2731 3938 modo
2782 3881 3118 3952 jactabunde
3158 3881 3398 3948 loquaci,

1822 3981 1972 4036 velut
2003 3980 2116 4035 fera
2176 3977 2507 4044 in-paratos
2562 3977 2850 4045 compulsa
2901 3990 3090 4029 casses
3125 3974 3403 4026 inhianter

1821 4072 2169 4142 exspectanti
2218 4069 2468 4126 venatori
2513 4067 2751 4123 deditur.
2801 4067 2895 4122 Sic
2927 4067 3402 4134 Philanthrnpeno

1821 4168 1878 4222 in
1905 4165 2237 4221 tutissimam
2263 4165 2394 4218 dato
2416 4163 2752 4229 custodiam,
2775 4161 3070 4217 Cretenses
3089 4160 3252 4215 iidem
3270 4160 3403 4230 jun-

1821 4260 1894 4315 cti
1919 4258 2095 4328 c0piis
2127 4256 2407 4312 Libadarii
2438 4255 2491 4309 in
2529 4255 2652 4322 ejus
2686 4253 2992 4308 exercitum
3019 4267 3152 4306 casu
3191 4252 3404 4322 percul-

1823 4368 1946 4408 sum
1972 4351 2256 4420 inopinato
2292 4349 2613 4418 incerteque
2659 4346 2840 4416 primo
2887 4348 3241 4407 titubantem,
3274 4359 3403 4396 mox

1822 4445 2066 4516 dispergi
2100 4451 2365 4511 emptum,
2387 4442 2438 4495 vi
2467 4451 2578 4496 tota
2607 4440 2848 4504 irrunnt,
2879 4450 2934 4493 et
2965 4436 3404 4492 irrevocabiliter

1825 4539 2154 4594 incumbunt
2197 4537 2250 4590 in
2282 4534 2695 4606 persequendos
2752 4533 2960 4602 passim
2997 4539 3402 4593 consternatos,

1822 4645 1990 4684 cursu
2022 4627 2170 4681 varie
2217 4627 2451 4689 intento,
2490 4633 2652 4693 prout
2696 4638 2823 4692 spes
2858 4622 3104 4684 ﬂexerat,
3158 4621 3403 4675 latebras

1823 4730 1879 4776 et
1900 4735 2067 4776 casus
2100 4717 2332 4773 extremi
2365 4717 2626 4785 effugium
2682 4717 2846 4770 anxie
2877 4721 3184 4784 captantes.
3212 4713 3405 4768 infeli-

1823 4814 2048 4868 cissima
2079 4808 2325 4864 conditio
2350 4808 2643 4864 Persarqu
2671 4808 2794 4862 fuit.
2827 4806 2890 4862 Hi
2920 4807 3111 4878 procul
3148 4822 3178 4860 a
3203 4808 3402 4877 patria,

1821 4905 2125 4961 intercluso
2161 4902 2227 4957 ad
2256 4902 2474 4972 propria
2519 4915 2796 4970 regressu,
2835 4901 3113 4968 insperato
3144 4899 3400 4954 destituti

1826 4997 2085 5068 praesidio
2118 4996 2293 5058 ducis.
2315 4995 2471 5064 cujus
2507 4994 2704 5048 fiducia
2737 4995 3021 5062 potentia),
3055 5003 3113 5047 ut
3147 4993 3401 5047 credide-

1826 5093 1974 5150 rant,
1997 5084 2424 5148 fundatissimze,
2442 5085 2492 5138 in
2519 5083 2793 5138 hosticum
2812 5099 3006 5140 secure
3025 5093 3371 5154 penetrarant
3388 5125 3401 5144 ,

1827 5181 1922 5235 ubi
1953 5195 2078 5234 eum
2125 5178 2284 5247 cujus
2335 5177 2496 5231 unice
2547 5177 2746 5246 Opibus
2789 5178 3132 5240 nitebantur,
3180 5191 3404 5246 repente

1830 5269 2230 5332 miserabilem,
2253 5268 2596 5336 irreparabili
2629 5283 2955 5338 Oppressum
2984 5269 3160 5332 clade,
3193 5269 3407 5322 insolu-

1829 5363 2038 5418 bilibus
2086 5360 2405 5414 innodalutn
2464 5360 2700 5416 vinculis
2754 5361 3064 5416 clarissime
3120 5360 3400 5422 viderunt,

1831 5449 1926 5502 diu
1968 5448 2160 5517 inopes
2193 5448 2412 5502 consilii
2445 5463 2554 5519 quo
2583 5465 2644 5505 se
2672 5459 2944 5504 verterent
2966 5465 3074 5505 non
3104 5449 3402 5504 habebant.

1831 5539 1990 5597 Unde
2025 5555 2129 5595 nec
2158 5541 2467 5596 consistere
2488 5556 2589 5597 nec
2613 5541 2804 5612 fugere
2835 5543 3100 5603 valentes,
3142 5541 3195 5595 in
3237 5550 3372 5595 vesti
3394 5570 3406 5578 -

1829 5633 1918 5704 gio
1957 5633 2394 5688 trucidabantur.
2427 5634 2582 5688 Alius
2621 5636 2745 5700 hoc,
2799 5633 2938 5689 alius
2977 5635 3092 5697 illo,
3120 5633 3258 5685 alter
3298 5633 3404 5684 alio

1831 5725 2126 5793 prehenso,
2167 5733 2333 5794 prout
2363 5725 2604 5781 libuerat
2659 5726 3016 5789 abutebatur,
3071 5730 3402 5782 mat-tantes.

1830 5818 2084 5886 captivos
2155 5819 2518 5884 abducentes,
2608 5821 2988 5900 vulnerantes,
3055 5815 3401 5877 niutiiautes,

1833 5920 2191 5979 cxcmcantcs,
2244 5913 2568 5982 spoliantes,
2617 5911 2962 5983 cxpilantes;
3021 5909 3218 5979 quibus
3254 5909 3401 5964 varie
