3922 6550
498 456 598 523 23,1
687 421 692 424 ’

1686 454 1730 512 G
1743 454 2010 515 EORGII
2053 451 2535 515 PACHYMER‘E

3642 448 3740 510 25-2

501 567 729 638 στρεπτὶ
783 566 1128 619 κατεδίωκον.
1163 565 1236 618 Τδ
1268 565 1324 618 δὲ
1376 565 1646 632 Περσικὸν
1687 566 1810 635 ἄρτι
1841 565 2072 636 πρώτως
2102 572 2149 625 Α
2178 564 2443 632 Περσικὸν
2468 565 2523 617 δὲ
2559 566 2792 632 μάλιστα
2816 564 2906 617 καὶ
2936 561 3418 634 παρακεκινῆσθαι
3459 560 3646 620 ἐδόκει,
3669 560 3738 616 «7:;

511 658 815 729 μετασολὴν
845 658 1183 728 πραγμάτων
1219 656 1347 723 ίδὸν,
1386 657 1482 708 καὶ
1506 657 1595 710 τὸν
1618 658 1722 720 ἕως
1746 657 1866 710 τότε
1900 658 2074 726 μέγαν

499 752 763 805 δοκοῦντα
795 751 889 804 καὶ
921 749 1152 818 φοϐερὸν
1179 751 1237 802 ὲν
1269 748 1534 816 ἀφύκτοις
1569 749 1798 802 ἐλεεινὸν
1831 749 2073 818 δέσμιον,

501 842 602 895 οὐκ
639 838 782 909 εἶχον
841 842 915 908 πῆ
963 839 1306 909 τράπωνται.
1357 839 1524 892 Ὅθεν
1561 839 1684 909 μήτ’
1721 839 2074 892 ἀνθίστασθαι

507 936 644 1003 μήτε
683 933 910 1000 φεύγειν
933 928 1037 984 οἷοί
1067 931 1113 984 τ’
1143 931 1317 992 ὄντες,
1358 931 1611 992 μένοντες
1642 931 2074 983 κατεκτείνοντο.

506 1023 701 1086 Ἀλλος
750 1023 806 1075 δὲ
855 1023 1064 1085 τοῦτον,
1101 1023 1258 1084 ἄλλος
1301 1022 1510 1074 ἐκεῖνον
1558 1025 1650 1075 καὶ
1695 1021 1880 1089 ἕτερος
1920 1023 2078 1076 ἄλλον

504 1115 960 1186 καταλαμϐάνων,
1014 1116 1204 1169 καθότι
1250 1116 1343 1168 καὶ
1369 1113 1570 1179 δόξειεν
1604 1115 1797 1184 ἐκείνῳ
1839 1115 2076 1186 ἑκάστῳ,

505 1208 796 1277 ἔπραττον,
821 1208 1146 1271 κτείνοντες,
1175 1207 1555 1277 δεσμεύοντες,
1597 1207 1952 1276 αἰκιζόμενοι,
1986 1209 2080 1260 ὲκ-

505 1299 854 1366 τυφλοῦντες,
880 1299 979 1359 τὰς
1007 1299 1190 1359 οὐσίας
1217 1296 1565 1367 δημεύοντες.
1608 1297 1810 1350 Ἐδόκει
1839 1297 2082 1365 ἀσφαλὲς

507 1393 620 1451 τοῖς
687 1389 928 1459 Πέρσαις
974 1387 1202 1442 αὐτόθεν
1234 1391 1436 1458 χωρεῖν
1470 1388 1608 1458 πρὸς
1663 1389 1732 1442 τὰ
1769 1389 1929 1448 οίκοι,
1987 1389 2082 1442 καὶ

510 1486 907 1555 ἀπεδίδρασκόν
935 1502 1078 1546 τινες
1105 1484 1180 1548 ὡς
1211 1484 1492 1554 ἠδύναντο.
1519 1483 1626 1535 τῶν
1649 1482 1850 1534 λοιπῶν
1875 1497 2084 1535 κτεινο-

514 1578 713 1646 μένων.
748 1578 810 1630 Οἱ
837 1576 880 1629 δ’
904 1577 1050 1646 ἀμφὶ
1072 1577 1162 1629 τὸν
1189 1575 1724 1646 πρωτοδιστιαρίτην
1754 1575 1848 1626 καὶ
1882 1573 2083 1642 μᾶλλον

509 1670 746 1739 ἕρμαιον
770 1670 867 1739 τὴν
912 1669 1270 1738 ἀποχώρησιν
1301 1667 1642 1736 λογιζόμενοι
1669 1668 1885 1729 ἑκόντες
1929 1668 2085 1737 ἠφίε-

514 1779 616 1813 σαν
639 1779 653 1792 ·
681 1760 803 1814 οὐδὲ
849 1761 959 1831 γὰρ
991 1761 1140 1830 εἶχον
1174 1761 1414 1824 ἐλπίζειν
1448 1761 1540 1813 ἐπὶ
1571 1760 1648 1830 τῷ
1681 1760 2084 1829 προτερήματι.

2178 671 2230 706 τι
2264 655 2521 723 πράξειεν
2554 655 2842 724 γενναῖον),
2877 654 3017 722 ἔγνω
3048 655 3138 717 τὸν
3191 652 3452 723 θέμεθλον
3499 652 3739 719 ὑποσπᾷν

2181 750 2274 799 καὶ
2315 747 2375 800 τὸ
2413 747 2632 818 συνέχον
2683 747 2926 801 ἐκποδὼν
2968 747 3265 812 ποιεῖσθαι,
3311 745 3407 799 καὶ
3442 743 3584 796 οὕτω
3618 745 3739 804 τοὺς

2184 838 2248 910 [Ρ
2272 839 2394 909 155]
2418 840 2611 906 φόϐους
2634 839 2783 892 λύειν
2808 840 2902 902 οὓς
2923 839 3070 909 ὕπαρ
3094 837 3461 908 ὠνειροπόλει.
3485 835 3588 888 Τὸν
3616 835 3741 901 γοῦν

2184 932 2376 1000 μυρίον
2407 931 2635 983 πλοῦτον
2673 931 2950 996 συλλέξας,
3002 932 3095 983 καὶ
3141 930 3209 984 τὰ
3249 929 3349 996 τῆς
3377 928 3574 997 ἀρετῆς
3601 926 3745 994 δῶρα

2179 1021 2350 1092 τύχης
2387 1023 2638 1089 παίγνιον
2662 1021 2937 1091 εὑρηκὼς,
2969 1021 3120 1082 τέλος
3163 1018 3431 1082 Ἰουδαίοις
3455 1016 3746 1086 ἐκτυφλοῦν

2183 1113 2537 1182 παραδίδωσι.
2575 1113 2684 1166 Καὶ
2711 1114 2738 1164 ὁ
2773 1113 2872 1180 μὲν
2901 1112 3228 1180 τετύφλωτο,
3276 1110 3428 1161 πόλλ’
3459 1111 3596 1164 ἄττα
3628 1107 3747 1160 δυσ-

2182 1207 2414 1275 ωπήσας
2450 1207 2546 1258 καὶ
2605 1207 2736 1274 περὶ
2776 1203 3005 1270 θατέρου
3055 1205 3164 1256 τῶν
3195 1201 3508 1272 δφθαλμῶν,
3549 1199 3662 1255 ἀλλ’
3691 1202 3745 1253 οὐ

2185 1298 2379 1360 πείσας
2406 1298 2775 1375 τοπαράπαν.
2805 1297 2867 1349 Οί
2888 1297 2944 1350 δὲ
2972 1294 3081 1349 τῶν
3109 1296 3317 1348 ἐκεῖθεν
3345 1295 3525 1363 φόόων
3550 1293 3748 1347 ἀπολύε-

2185 1391 2368 1453 θέντες
2399 1393 2508 1449 τοῖς
2539 1390 2744 1451 λοιποῖς
2795 1389 3138 1457 ἐπεχείρουν,
3176 1388 3268 1440 καὶ
3299 1387 3469 1458 ἔδρων
3521 1387 3618 1455 μὲν
3659 1385 3750 1438 σὺν

2183 1483 2298 1543 τοῖς
2334 1485 2586 1550 μοναχοῖς
2613 1483 2704 1532 καί
2729 1480 2922 1542 ἄλλους
2945 1481 3011 1533 τὰ
3040 1481 3217 1548 ὃμοια,
3245 1478 3464 1549 ἀπηνῶς
3487 1477 3752 1548 φλοιδοῦν-

2184 1589 2272 1634 τες
2301 1574 2423 1635 τοὺς
2453 1571 2786 1642 ὀφθαλμοὺς,
2828 1574 2951 1634 τοὺς
2992 1574 3048 1626 δὲ
3082 1573 3176 1625 ’ἰαὶ
3209 1571 3360 1641 βίους
3410 1573 3564 1633 ὅλους
3618 1573 3750 1642 ἀφῃ-

2188 1664 2402 1735 ροῦντο,
2462 1664 2558 1718 καὶ
2621 1666 2862 1734 σχήματι
2914 1666 3245 1734 ἐκδικήσεως
3299 1665 3394 1734 τῆς
3446 1664 3579 1735 πρὸς
3630 1664 3750 1727 τοὺς

2188 1757 2524 1828 κρατοῦντας
2556 1760 2769 1821 ἑαυτοῖς
2800 1757 3061 1822 ἐξεδίδουν
3092 1760 3156 1812 τὰ
3196 1761 3474 1830 χρήματα.

514 1855 790 1954 καλοῦ-τω
838 1853 1357 1954 ,προχωριησάντυξῖι
1383 1852 1533 1954 ξτφίεξί
1574 1854 1688 1954 *τῶν
1746 1855 2085 1954 “enea?”
2121 1895 2164 1954 Β
2193 1875 2279 1946 ιβ’.
2319 1877 2522 1944 Ὅπως
2562 1877 2658 1930 καί
2701 1877 2846 1954 πότε
2891 1880 2922 1931 ὀ
2963 1878 3266 1954 βασιλεὺς
3297 1878 3525 1945 ἤκουσε
3551 1879 3622 1932 τὰ
3653 1877 3755 1946 τῆς

481 1945 636 2000 ’κατ’
666 1945 920 2016 εὐτυχίαν
955 1947 1244 2017 μεγίστην,
1272 1945 1408 1999 ἀλλὰ
1451 1945 1522 1998 τὰ
1570 1948 1630 1999 ὲν
1681 1947 1868 2015 χερσὶν
1911 1945 2084 2000 ἀπολ-

513 2037 686 2100 λύειν,
741 2037 794 2089 εἴ
829 2054 973 2100 τινες
1009 2036 1438 2107 παρακινηθεϊεν
1489 2037 1582 2089 καὶ
1631 2036 1692 2100 ἐξ
1723 2035 2090 2106 ἁντιστροφῆς

515 2131 851 2192 ἐπιπέσοιεν,
880 2129 1068 2200 ᾤοντο.
1093 2129 1352 2200 Ὶάραχὰς
1374 2126 1442 2200 ἦν
1468 2127 1682 2198 βλέπειν
1705 2129 1820 2181 ἐκεῖ
1853 2130 2091 2198 φοσερὰς

518 2223 612 2273 καὶ
642 2221 845 2274 πανικὰ
870 2221 1120 2290 δείματα,
1171 2220 1544 2291 συσχεθέντων
1577 2221 1684 2274 τῶν
1709 2221 1870 2274 ὅλων.
1905 2219 2094 2274 Ταῦτά

514 2329 599 2368 τοι
625 2316 719 2370 καὶ
760 2315 892 2385 περὶ⁵
931 2317 1044 2378 τοῖς
1081 2314 1224 2377 ὅλοις
1252 2313 1437 2377 δεδιὼς
1483 2315 1512 2367 δ
1555 2315 2093 2384 πρωτοϐεστιαρίτης

522 2410 596 2476 μή
626 2425 741 2471 πως
794 2409 890 2460 καὶ
927 2409 992 2459 ἐκ
1025 2406 1226 2476 χειρῶν
1283 2406 1464 2460 αὐτῶν
1507 2406 1871 2476 διαρπασθείη
1905 2407 1964 2458 τὸ
1999 2405 2095 2473 θή-

521 2516 675 2568 ραμα
709 2499 879 2567 (δεινὴ
923 2497 1031 2566 γὰρ
1066 2496 1191 2558 τοὺς
1227 2495 1459 2558 πολλοὺς
1490 2496 1730 2560 ὥπλιζεν
1762 2494 1964 2560 εὖνοια,
2001 2495 2095 2547 καὶ

519 2592 587 2645 τὰ
633 2589 758 2644 καθ’
795 2590 987 2652 αὐτοὺς
1027 2589 1258 2658 ἀφέντες
1285 2590 1495 2641 ἐκεῖνον
1543 2587 1964 2658 ἀπωλοφύροντο
1989 2601 2004 2617 ⁵
2036 2587 2097 2638 τὸ

521 2772 742 2828 casibus
777 2785 970 2840 magna
1020 2779 1176 2839 parte
1219 2769 1533 2838 absumpta,
1588 2768 1844 2839 expedito
1879 2769 2097 2824 tandem

523 2866 688 2934 228
725 2867 864 2934 fugae
895 2864 1128 2918 consilio
1165 2864 1339 2917 Persa:
1372 2864 1567 2933 reliqui
1620 2878 1840 2917 cursum
1875 2863 2098 2918 domum

522 2971 742 3018 Versus,
775 2957 977 3024 quibus
1014 2957 1114 3008 viis
1150 2964 1402 3024 potuere,
1435 2964 1758 3008 tenuerunt.
1797 2952 1994 3009 Paucis
2021 2955 2100 3008 sic

521 3050 754 3115 contigit
785 3050 951 3102 vitam
983 3051 1148 3114 tueri,
1187 3048 1414 3118 reliquis
1439 3049 1661 3110 occisis,
1684 3048 1941 3116 quoniam
1975 3061 2102 3116 pro-

523 3141 886 3193 tovestiarita:
911 3132 1118 3194 milites
1145 3141 1405 3195 caedendo
1429 3140 1538 3211 jam
1580 3139 1712 3194 fessi
1739 3140 1790 3193 in
1823 3139 1978 3193 lucro
2005 3153 2102 3208 po-

2781 1947 3184 2013 ἀποστασίας.

2273 2038 2604 2109 Ἐπράττετο
2647 2039 2744 2109 μὲν
2775 2039 2866 2093 οὖν
2911 2040 3082 2093 ταῦτα
3120 2041 3289 2109 μηνὸς
3333 2040 3758 2111 Σκιροφοριῶνος

2193 2130 2323 2200 περί
2383 2147 2486 2182 που
2549 2130 2647 2191 τὰς
2706 2133 3173 2202 χριστουγεννίους
3212 2133 3446 2202 ἡμέρας,
3499 2133 3759 2200 Ἑκατομ-

2194 2223 2434 2286 ϐαιῶνος
2476 2224 2534 2278 δὲ
2587 2224 2778 2295 πρώτῃ
2815 2224 3057 2292 ἔφθασαν
3111 2224 3159 2277 οἱ
3211 2225 3348 2293 πρὸς
3392 2224 3452 2277 τὸ
3485 2224 3760 2292 ἀγγέλλειν

2196 2315 2558 2384 πεμφθέντες,
2599 2317 2648 2370 οἳ
2681 2317 2774 2370 καὶ
2807 2316 2881 2380 ὼς
2915 2315 3066 2370 οὐδὲν
3095 2317 3254 2370 πλέον
3280 2317 3479 2380 είδὸτες
3505 2317 3568 2369 οὐ
3601 2317 3758 2370 κατὰ·

2195 2407 2351 2460 λυσιν
2385 2409 2741 2471 ἀποστασίας,
2774 2408 2890 2461 ἀλλ’
2925 2409 3102 2479 ἀρχὴν
3148 2409 3348 2477 μᾶλλον
3378 2410 3474 2462 καὶ
3506 2409 3761 2462 σύστασιν

2196 2498 2484 2568 ἤγγελλον.
2541 2499 2650 2552 Καὶ
2686 2499 2913 2568 θόρυϐος
2961 2496 3029 2570 ἦν
3060 2500 3282 2565 αὐτίκα,
3312 2502 3414 2570 καὶ
3457 2500 3628 2570 θυμὸς
3674 2502 3762 2554 καὶ

2197 2589 2406 2660 ἀθυμία
2456 2593 2555 2662 τὴν
2589 2591 2852 2659 ἀγγελίαν
2901 2568 3246 2664 ἑμέριζέτην.
3295 2568 3626 2665 ’Ὲθυμοῦντο
3674 2594 3764 2664 μὲν

2202 2777 2320 2822 tum
2343 2769 2635 2822 Persarum
2669 2785 2898 2840 prorsus
2919 2763 3194 2835 omnium,
3216 2787 3454 2843 quorum
3486 2773 3667 2828 adhuc
3691 2775 3765 2828 in-

2203 2873 2355 2932 tegra
2394 2862 2574 2917 stabat
2632 2862 2779 2917 acies
2813 2864 2959 2933 (nam
3019 2880 3235 2928 eorum,
3290 2879 3454 2933 quam
3507 2865 3762 2935 occupavi

2203 2969 2535 3017 memorare,
2566 2955 2811 3010 concisio
2858 2955 3020 3026 paulo
3071 2967 3192 3024 post
3226 2957 3506 3027 contigit),
3533 2956 3764 3013 decrevit

2203 3045 2372 3100 semel
2422 3061 2617 3100 eruere
2659 3046 3076 3101 fundamentum
3118 3047 3297 3116 ipsmn
3354 3049 3766 3118 Philanthrope—

2203 3137 2386 3191 niame
2435 3137 2712 3200 factionis,
2801 3138 3130 3204 amolirique
3207 3153 3367 3192 omne
3425 3140 3762 3193 obstaculum

524 3234 766 3288 nendum
820 3247 1110 3296 censuere,
1157 3233 1343 3287 hostes
1403 3248 1502 3300 per
1564 3248 1689 3288 sese
1750 3233 1924 3302 ipsos,
1967 3247 2177 3309 (μισθς
2207 3211 2443 3296 publica:
2491 3227 2932 3297 tranquillitatis,
2969 3237 3024 3283 et
3055 3244 3175 3298 quae
3223 3242 3282 3282 se
3323 3229 3636 3297 vigilantem
3690 3229 3766 3282 iu-

525 3325 797 3394 direpturi
832 3332 1096 3378 venerant
1151 3333 1346 3387 terras,
1399 3324 1579 3378 reditu
1643 3325 1709 3377 ad
1757 3339 1856 3379 sua
1894 3323 2097 3378 liberas

523 3417 803 3485 linquere.
839 3415 973 3468 Nam
1032 3425 1087 3470 et
1115 3415 1356 3471 victores
1394 3424 1574 3470 metus
1607 3414 1848 3480 subibat,
1878 3416 1930 3468 in
1988 3426 2095 3470 tam

526 3509 795 3576 inepinati
835 3507 1032 3577 gaudio
1065 3522 1379 3572 successus,
1415 3508 1611 3563 subitae
1640 3507 2021 3562 conversionis
2045 3507 2100 3562 in

529 3598 692 3670 pejus
740 3615 962 3666 rerum;
999 3609 1053 3655 et
1076 3599 1314 3674 fortuna:
1345 3601 1398 3654 in
1431 3602 1521 3655 vix
1552 3600 1816 3671 sperabili
1837 3600 2102 3656 felicitate

531 3692 642 3745 vim
680 3692 1026 3746 celerrimum
1073 3695 1308 3761 experti,
1367 3693 1634 3748 lubricam
1682 3694 1929 3764 ejusdem
1959 3701 2014 3748 et
2048 3695 2102 3748 in

532 3780 806 3862 utrumvis
832 3780 1122 3849 ancipitem
1151 3782 1533 3850 mobilitatem,
1559 3798 1630 3839 ne
1650 3785 1782 3853 quid
1807 3785 2105 3855 repentina:

533 3873 938 3942 catastrophes,
981 3889 1087 3943 qua
1142 3877 1312 3928 erecti
1350 3877 1813 3942 deprimerentur,
1872 3877 2013 3932 facili
2050 3889 2106 3933 et

534 3963 641 4018 sibi
674 3964 839 4018 solito
869 3978 1000 4019 rotae
1031 3981 1161 4035 gyro
1205 3969 1578 4033 convolveret,
1610 3970 1890 4037 sapienter
1921 3969 2105 4032 veriti,

531 4055 769 4123 spatium
791 4064 848 4110 et
875 4057 1184 4111 libertatem
1209 4058 1346 4129 fugae
1377 4062 1593 4114 miseris
1623 4061 1731 4115 illis
1751 4061 1960 4115 militiae
1977 4060 2110 4115 Per-

533 4150 662 4201 sicae
706 4147 957 4217 reliquiis
1011 4149 1242 4204 concedi
1309 4151 1515 4204 debere
1571 4161 1924 4222 putaverunt.
1958 4153 2108 4208 Talis

534 4238 784 4308 quaedam
822 4243 1102 4309 reputatio
1141 4243 1510 4311 periculorum
1560 4259 1592 4298 a
1638 4255 1896 4305 suspecta
1944 4247 2112 4302 sortis

534 4332 899 4388 instabilitale
930 4334 1228 4400 velocium,
1256 4337 1740 4405 protovestiariten
1772 4351 1996 4407 quoque
2026 4339 2110 4407 ip-

537 4440 660 4480 sum
701 4426 768 4480 ad
799 4428 1018 4483 cautius
1051 4444 1216 4499 quam
1256 4429 1551 4486 humanius
1580 4431 1644 4484 de
1670 4432 1887 4500 captivo
1939 4432 2114 4501 proti-

536 4532 644 4571 nus
678 4533 778 4572 suo
803 4525 1157 4574 statuendum
1186 4521 1444 4589 perpulit.
1473 4522 1610 4576 Cum
1648 4522 1794 4577 enim
1823 4522 1876 4575 in
1906 4522 1996 4576 illa
2025 4531 2112 4576 tu-

2201 3319 2524 3390 quietabant
2561 3321 2911 3376 sontniabilia
2969 3323 3220 3390 qumdam
3273 3333 3489 3390 spectra
3529 3322 3763 3375 inanium

2204 3414 2598 3468 terriculorum
2659 3430 2770 3468 uno
2814 3415 2925 3469 ictu
2959 3411 3451 3484 disjicere.'lgitur
3501 3422 3770 3484 occupato

2202 3502 2298 3557 illo
2326 3504 2529 3575 ingenti
2560 3518 2755 3558 acervo
2789 3505 3148 3574 pecuniarum
3177 3520 3241 3559 ac
3269 3513 3416 3576 gazae
3437 3505 3760 3572 omnigenis,

2203 3609 2365 3666 quem
2403 3596 2907 3666 Pliilanthropenus
2932 3615 2998 3654 ex
3029 3599 3192 3668 longo
3222 3604 3540 3667 congestum
3564 3599 3621 3651 in
3646 3597 3769 3650 turri

2204 3689 2272 3743 de
2299 3703 2406 3758 qua
2444 3688 2557 3742 dixi
2597 3689 2942 3753 condiderat,
2984 3689 3161 3756 ipsum
3190 3703 3296 3758 qua
3331 3689 3556 3742 virtutis
3589 3688 3769 3742 merito

2206 3796 2312 3849 qua
2343 3782 2511 3835 sortis
2547 3783 2690 3834 dono
2715 3783 2866 3836 varie
2907 3782 3077 3850 partis
3132 3781 3334 3849 opibus
3365 3780 3528 3850 229
3553 3789 3769 3835 exutum

2208 3882 2261 3926 et
2293 3873 2360 3926 ad
2397 3889 2600 3927 meram
2654 3872 2938 3926 redactum
2985 3873 3304 3934 nuditatem;
3352 3873 3587 3926 fortuna:
3643 3871 3771 3926 ludi-

2209 3965 2415 4032 brium,
2447 3964 2652 4020 Iudaeis
2683 3966 3072 4022 excaecaudum
3107 3966 3356 4019 tradidit.
3387 3964 3476 4018 Sic
3508 3964 3604 4018 ille
3623 3964 3775 4017 orba-

2213 4063 2302 4108 tus
2335 4054 2660 4117 luminibus,
2733 4067 3019 4124 postquam
3073 4054 3484 4108 infelicissimus
3518 4068 3582 4107 se
3615 4054 3775 4107 demi-

2217 4146 2384 4201 sisset
2413 4145 2480 4200 ad
2510 4146 2747 4212 infimas,
2783 4145 2878 4200 sed
2917 4146 2981 4197 ad
3018 4153 3319 4198 extremum
3350 4143 3540 4196 irritas
3572 4155 3772 4212 preces,

2212 4238 2440 4293 alterius
2472 4238 2574 4292 sibi
2601 4237 2794 4292 saltem
2825 4238 2969 4292 oculi
2996 4237 3259 4291 donandi.
3299 4235 3457 4288 Tunc
3484 4234 3668 4289 securi
3700 4232 3772 4284 vi-

2215 4339 2399 4384 ctores
2427 4329 2481 4385 in
2513 4331 2794 4385 rebellium
2817 4337 3048 4384 crateres
3095 4329 3320 4382 liberius
3350 4325 3586 4392 saavire;
3623 4333 3776 4392 atque

2217 4423 2342 4478 aliis
2375 4423 2620 4492 quidem,
2655 4424 2818 4477 etiam
2850 4421 3138 4476 monachis
3168 4437 3308 4490 quos
3333 4421 3774 4478 memoravimus,

2215 4517 2541 4572 suasoribus
2571 4515 2920 4582 defectionis,
2959 4517 3075 4584 pari
3125 4514 3340 4568 feritate
3384 4512 3578 4566 oculos
3624 4526 3774 4565 erue-

537 4608 813 4662 niultuosa
871 4609 1244 4678 trepidatione
1286 4612 1642 4666 confusarum
1687 4628 1866 4666 rerum
1901 4613 2110 4682 panicis
2144 4593 2186 4648 ί)
2219 4617 2364 4663 runt.
2409 4609 2544 4664 Aliis
2577 4608 2870 4662 facultates
2919 4615 2973 4661 et
3003 4607 3124 4660 vitae
3174 4603 3420 4660 subsidia
3462 4601 3778 4655 ademerunt

538 4705 1181 4770 unoquoque-terriculis
1206 4704 1430 4760 turbato
1466 4704 1584 4774 ipse
1625 4705 1735 4759 dux
1769 4705 1892 4759 facti
1930 4717 2114 4773 proto-

537 4792 876 4855 vestiarites,
899 4808 1063 4863 quem
1105 4804 1162 4850 et
1201 4811 1301 4866 pro
1335 4781 1690 4866 magistratus
1715 4795 1894 4853 oﬂicio
1925 4808 1979 4852 et
2013 4814 2114 4868 pro

540 4897 655 4935 suae
697 4883 874 4952 ipsius
908 4885 1088 4940 studio
1129 4886 1324 4942 salutis
1358 4888 1546 4941 acrior
1606 4888 1874 4941 incitabat
1913 4887 2115 4941 sollici-

543 4974 675 5029 tudo
704 4976 1044 5043 praecavendi
1083 4992 1152 5032 ne
1183 4993 1289 5047 qua
1324 4978 1443 5032 vice
1492 4979 1704 5033 alterna
1742 4977 2116 5035 ﬂuctuationis

541 5070 936 5138 reciprocantis
988 5071 1116 5126 hinc
1165 5073 1387 5140 quidem
1440 5082 1803 5140 reponeretur
1863 5073 1915 5126 in
1969 5075 2118 5128 sicco

541 5162 864 5232 naufragus,
918 5164 1045 5218 inde
1105 5164 1224 5232 ipse
1259 5165 1350 5234 qui
1407 5167 1766 5230 demerserat,
1808 5182 1837 5219 e
1868 5175 2027 5235 portu
2061 5167 2116 5220 in
2219 5182 2227 5191 ’

544 5255 818 5324 gurgitem
889 5255 1245 5324 dejiceretur,
1285 5259 1453 5311 semel
1510 5259 1918 5329 defungendum
1970 5269 2120 5316 ratus

543 5346 756 5401 difficili
786 5349 1034 5402 custodia
1069 5349 1399 5404 nobilissimi
1438 5351 1539 5415 rei,
1597 5351 1822 5406 subnixi
1856 5350 2120 5406 clientelis

542 5450 595 5492 et
632 5441 1139 5497 necessitudinibus
1167 5443 1354 5497 multis
1401 5444 1705 5512 validisque
1735 5443 2118 5514 plurimorum,

545 5542 600 5584 et
633 5532 827 5586 horum
869 5541 1219 5602 quasstuosas
1270 5549 1397 5604 spes
1473 5537 1873 5605 ambitiosaque
1943 5535 2121 5590 studia

548 5625 824 5680 trahentis
871 5627 936 5679 ad
989 5643 1145 5682 suam
1191 5627 1556 5682 calamitatem
1609 5628 2006 5692 miserandam,
2064 5633 2124 5680 ut

551 5722 700 5767 certa
738 5716 1120 5783 desperatione
1147 5727 1382 5772 conatus
1425 5725 1700 5772 averteret
1727 5715 1992 5783 quiddam
2026 5729 2123 5786 pro

551 5805 672 5872 ejus
696 5806 1025 5863 liberatione
1053 5810 1256 5865 audere
1280 5821 1622 5880 paratarum,
1654 5824 1783 5864 cum.
1808 5809 2049 5878 plurium
2095 5823 2124 5862 e

557 5900 817 5954 Itoniauis
857 5904 971 5958 suis
1002 5903 1306 5973 alienisque
1355 5904 1597 5959 nondum
1633 5904 1790 5972 plane
1819 5901 2124 5972 dissipatis,

2218 4703 2504 4764 universa,
2561 4701 2779 4767 sibique
2811 4699 3217 4773 adjudicarunt.
3251 4694 3445 4764 praeda
3489 4708 3590 4763 per
3641 4693 3775 4746 hunc

2218 4794 2440 4848 modum
2471 4793 2654 4861 Opima
2693 4791 2874 4861 potiti,
2925 4801 2975 4845 et
3011 4787 3288 4860 plausibili
3326 4786 3676 4840 vindicanda:
3705 4784 3778 4837 in-

2213 4885 2375 4954 juriae
2407 4884 2716 4954 principum
2740 4897 2852 4938 suae
2880 4883 3124 4952 ipsorum
3157 4879 3400 4932 avaritia:
3444 4877 3597 4947 large
3625 4873 3778 4946 grati-

2220 4977 2390 5031 ficati.

2221 5069 2311 5125 12.
2362 5068 2638 5134 Quomodo
2677 5078 2726 5122 et
2757 5066 2983 5138 quando,
3013 5067 3300 5135 imperator
3338 5064 3574 5118 audierit
3617 5064 3681 5118 de
3711 5077 3780 5114 re-

2883 5137 3124 5192 bellione.

2295 5255 2421 5310 Haec
2469 5261 2616 5323 gesta
2651 5260 2778 5305 sunt
2830 5266 3017 5306 mense
3050 5250 3370 5312 Decembri,
3404 5248 3631 5301 circiter
3682 5242 3781 5297 Na-

2223 5344 2427 5400 talitias
2447 5344 2653 5399 Christi
2680 5343 2865 5398 ferias.
2892 5341 3155 5395 Kalendis
3183 5355 3310 5394 vero
3331 5339 3564 5392 insecuti
3585 5337 3779 5392 Janua-

2224 5440 2289 5492 rii
2335 5441 2558 5504 missus,
2600 5447 2658 5491 ιιι
2714 5437 2921 5490 dictum
2969 5443 3074 5498 est,
3121 5449 3150 5487 a
3208 5433 3504 5487 Libadario
3564 5430 3779 5484 nuntius

2224 5530 2758 5599 Constantinopolim
2794 5531 3061 5599 pervenit.
3093 5528 3360 5582 ludicavit
3415 5527 3461 5580 is
3501 5540 3609 5579 non
3641 5520 3781 5579 exci-

2225 5640 2341 5680 sam
2377 5624 2510 5694 jam,
2541 5623 2687 5693 quod
2719 5629 2847 5693 post
2905 5621 3026 5690 ejus
3060 5619 3365 5674 discessum
3393 5615 3652 5684 contigit,
3693 5611 3776 5667 sed

2226 5715 2370 5786 quod
2405 5715 2581 5769 solum
2617 5713 2844 5773 sciebat,
2894 5714 3057 5765 modo
3091 5710 3377 5766 conﬂatam
3439 5718 3492 5761 et
3547 5721 3609 5760 se
3647 5701 3779 5759 inci-

2228 5809 2462 5880 pientem
2503 5822 2758 5862 exserere
2799 5803 3252 5874 Philamhropeni
3281 5801 3656 5856 rebellionem.
3708 5793 3778 5846 Ad

2231 5918 2354 5958 eum
2387 5902 2642 5956 nuntium
2688 5899 2862 5970 primo
2925 5899 3106 5954 statim
3157 5897 3541 5951 tumultuatmu
3601 5888 3801 5946 auditu.
