3922 6548
177 463 266 525 ἓ53
1065 463 1162 524 DE
1202 459 1649 522 ANDRONICO
1686 462 1737 520 P.

1845 463 2149 524 v‘EOLOGO
2170 466 2317 525 LIB.
2361 466 2473 528 ΙΙΙ.
3287 414 3395 528 254

171 578 268 646 γὰρ
299 573 376 627 δτι
395 572 510 634 νέος
533 571 609 624 ὢν
641 571 720 624 ἔτι
753 574 847 626 καὶ
878 573 1008 645 παρ’
1037 575 1215 626 αὐτῶν
1253 571 1508 642 ἀναχθεὶς
1539 570 1715 625 τοιού·
1744 574 1789 628 Δ
1819 573 2045 646 γνώμην
2078 575 2178 646 τὴν
2210 576 2360 646 παρά
2395 576 2661 646 βασιλέως
2693 577 3072 647 ὑπισχνεῖσθαι
3093 577 3186 630 καὶ
3213 578 3274 630 τὸ
3299 579 3393 631 τοῦ

173 683 270 730 τοις
297 663 652 730 ἐπιτολμῆσαι
685 664 965 734 ἠνέσχετο,
997 666 1094 727 τὰς
1129 665 1264 734 πρὸς
1305 665 1432 726 τοὺς
1463 663 1715 733 βασιλέας
1819 669 2098 738 Καίσαρος
2127 669 2348 737 ἀξίωμα
2378 670 2813 739 ἐπαγγέλλεσθαι
2850 672 2944 724 καὶ
2974 671 3290 742 πρεπούσας
3321 674 3399 724 ol-

171 759 356 818 πίστεις
394 754 520 824 παρ’
551 755 705 808 οὐδὲν
735 755 1018 824 τιθέμενος
1039 772 1054 786 ·
1110 754 1355 825 ἠθύμουν
1380 755 1427 806 δ’
1456 755 1612 817 αὖθις
1656 754 1715 806 τὺ
1819 761 2081 830 κονομίας
2103 761 2182 829 τῷ
2212 760 2504 831 ἀξιώματι,
2545 765 2594 815 el
2637 763 2804 831 μόνον
2836 763 3225 834 μεταπεισθείη
3261 766 3399 831 πρὸς

173 846 485 918 θερμουργδν
517 847 732 899 ἐκείνου
765 847 859 900 καὶ
893 847 1014 901 νέον
1042 847 1496 912 ὑποτοπάζοντες,
1528 849 1620 900 καὶ
1642 847 1718 908 ὡς

173 942 310 1012 ἔργον
352 938 500 992 ἔσται
538 939 604 990 τὸ
639 939 920 1008 μέγιστον,
960 939 1036 1008 μὴ
1080 940 1162 992 ὅτι
1215 955 1280 1006 γε
1315 938 1608 991 καταλύειν
1638 937 1718 998 εἰς

171 1033 300 1092 τέλος
321 1031 685 1101 μαχομένους,
711 1031 850 1086 ἀλλὰ
880 1035 976 1086 καὶ
1006 1031 1312 1102 ἐξημεροῦν
1345 1032 1481 1094 τέως
1508 1030 1719 1099 μετιὸνο

173 1143 254 1190 τας
281 1123 685 1192 ὐποποιήσεσιν.
720 1124 884 1178 Ὅθεν
914 1125 1009 1179 καὶ
1037 1125 1300 1196 δοκούσης
1340 1124 1418 1196 ἐτι
1457 1124 1556 1192 τῆς
1585 1123 1720 1175 ἀπο-

175 1217 372 1277 στασίας
412 1215 771 1270 συνίστασθαι
802 1215 954 1271 δεινά
998 1194 1376 1280 ἐποίουνρκαὶ
1409 1214 1474 1286 [P
1502 1213 1628 1286 156]
1661 1213 1720 1266 τὸ

174 1309 262 1360 πᾶν
286 1306 338 1358 ἐν
367 1305 597 1368 ἐκείνοις
649 1306 850 1377 κράτος
897 1307 1266 1363 καταλύεσθαι
1301 1307 1488 1378 (paveo,
1521 1307 1612 1360 καὶ
1645 1305 1720 1368 ὡς

175 1395 531 1466 ἀφαιρεθέντες
560 1396 622 1450 τὸ
659 1397 758 1465 τῆς
791 1397 966 1468 ἀρχῆς
995 1396 1158 1450 πλέον
1197 1398 1292 1451 καὶ
1320 1395 1449 1467 περὶ
1478 1395 1571 1449 τοῦ
1611 1395 1722 1447 λει-

179 1489 379 1557 πομένου
407 1487 750 1559 ἐφρόντιζον,
785 1491 880 1542 καὶ
908 1491 1054 1560 δεινή
1086 1508 1166 1552 τις
1195 1489 1514 1558 κατειλήφει
1545 1489 1721 1557 κατή-

179 1599 282 1649 φεια
309 1583 371 1632 τὰ
427 1580 730 1654 ἀνάκτορα.
782 1582 890 1634 Καὶ
940 1582 1006 1652 δὴ
1038 1582 1298 1650 φανέντος
1332 1582 1426 1634 καὶ
1455 1577 1720 1648 τάδελφοῦ

179 1671 623 1742 πρωτοσεϐαστοῦ,
652 1673 715 1726 τὸ
748 1674 856 1726 πᾶν
888 1673 982 1726 τοῦ
1019 1673 1194 1744 θυμοῦ
1223 1673 1310 1726 ἐπ’
1349 1672 1542 1741 ἐκείνῳ
1572 1670 1724 1740 δαψι-

177 1765 398 1833 λέστερον
423 1763 735 1830 ἐξεκένουν.
769 1767 865 1818 καὶ
899 1766 1155 1828 ἀπειλαῖς
1187 1765 1282 1818 καὶ
1302 1763 1525 1832 ὕϐρεσιν
1562 1761 1721 1816 ἔϐαλ-

177 1857 267 1920 λον,
295 1855 426 1916 ὥστε
467 1858 564 1908 καὶ
610 1855 732 1910 καθ’
775 1857 1141 1927 ὑποκειμένου
1187 1856 1257 1910 τὰ
1297 1856 1388 1908 τοῦ
1422 1854 1597 1923 θυμοῦ
1630 1854 1724 1907 καὶ

179 1951 254 2016 τῆς
279 1947 438 2018 ὀργῆς
471 1947 727 2014 γίνεσθαι
758 1949 854 2002 καὶ
902 1948 976 2019 μὴ
1023 1948 1156 2003 κενὰ
1197 1946 1274 2018 τῷ
1305 1949 1428 2018 ἀέρι
1466 1946 1722 2000 δίδοσθαι.

180 2041 312 2105 Τέλος
340 2042 435 2113 τὴν
468 2041 608 2111 πρὸς
630 2044 839 2096 ἐκεῖνον
861 2043 1190 2111 ἀπογνόντες
1223 2045 1427 2112 μάχην,
1462 2043 1727 2112 χρησταῖς

181 2133 464 2202 ὁμολογίαις
500 2136 600 2188 καὶ
639 2134 952 2201 δεξιώσεσιν
1002 2136 1458 2190 ὑποκατακλίνειν
1512 2136 1725 2197 ἑαυτοῖς

183 2225 257 2276 τὸν
279 2225 729 2296 ἀποστατήσαντα
770 2227 1144 2295 ἐϐουλεύοντο,
1182 2227 1277 2281 καὶ
1327 2227 1513 2297 σφίσιν
1552 2227 1727 2280 ἐδόκει

182 2317 650 2386 διαπρεσϐεύεσθαι
699 2318 836 2389 πρὸς
869 2319 1080 2372 ἐκεῖνον
1115 2319 1177 2372 τὸ
1223 2321 1408 2388 τάχος.
1444 2318 1552 2370 Καὶ
1591 2317 1726 2386 πρὸς

181 2407 261 2476 τὴν
287 2410 584 2478 πρεσϐείαν
617 2408 932 2477 ἐξελέγοντο
952 2411 980 2462 ὁ
1001 2409 1197 2476 τυφλὸς
1236 2408 1431 2462 Ῥαοὺλ
1464 2407 1730 2470 Ἰσαάκιος

184 2498 261 2552 καὶ
291 2500 321 2570 ἠ
355 2501 914 2570 πρωτοϐεστιάρισσα
953 2502 1228 2571 Θεοδὼρα.
1264 2497 1375 2554 ἸἮν
1404 2500 1461 2553 δέ
1491 2499 1645 2568 σφίσι
1676 2500 1732 2552 τὸ

182 2593 533 2661 ἀνακείμενον,
566 2593 687 2664 πλῷ
717 2594 1100 2665 χρησαμένους
1125 2594 1220 2647 καὶ
1251 2595 1578 2656 ἐπιστάντας
1607 2607 1735 2660 συγ-

183 2781 320 2838 est,et
333 2773 647 2844 principum
667 2775 886 2828 animos
903 2769 981 2828 ira
1001 2782 1054 2830 et
1071 2783 1244 2827 metus
1267 2771 1740 2844 divisit.lndigna—

186 2865 354 2921 bantur
380 2867 575 2921 homin
590 2882 676 2921 em
710 2867 891 2922 adhuc
913 2865 1349 2930 adolescentem,
1370 2871 1439 2920 ab
1459 2867 1592 2934 ipsis
1609 2868 1741 2922 edu-

1815 851 1916 922 τὴν
1954 850 2048 904 τοῦ
2083 851 2346 921 βασιλέως
2377 852 2593 906 εὔνοιαν
2619 857 2712 908 καὶ
2738 858 2801 925 τῇ
2842 855 2900 922 ἐξ
2933 854 3111 925 ἀρχῆς
3144 853 3399 907 καθυπα-

1819 943 1974 1013 χθείη
2009 944 2246 1014 δουλείᾳ.

1822 1065 1913 1125 ιγ’.
1945 1059 2083 1125 Περὶ
2111 1060 2231 1113 τῶν
2254 1059 2494 1128 ἀγαθῶν
2519 1061 2815 1130 (irremth
2843 1063 2943 1114 καὶ
2972 1061 3081 1125 τῆς
3113 1062 3260 1128 πρὸς
3284 1059 3399 1128 τὴν

2000 1133 2294 1185 Θεοτόκον
2327 1133 2435 1186 τοῦ
2476 1131 2785 1198 βασιλέως
2814 1133 3219 1200 εὐχαριστίας.
3365 1175 3368 1178 .

1905 1217 2045 1271 Ἀλλ’
2070 1217 2130 1282 ἐξ
2159 1219 2370 1272 ἐκείνου
2406 1218 2559 1273 οὔπω
2594 1220 2872 1290 παρῆλθεν
2900 1222 2932 1292 ἡ
2964 1221 3119 1291 ἕκτη,
3145 1222 3238 1274 καὶ
3261 1223 3400 1290 ἀγα·-

1823 1309 1915 1363 θαὶ
1943 1310 2200 1379 ἀγγελίαι
2229 1313 2766 1381 καταλαμϐάνουσιν,
2799 1313 2874 1375 ὡς
2899 1313 2968 1365 τὰ
3007 1314 3114 1364 τῶν
3152 1314 3397 1366 ἀποστα-

1821 1401 2058 1456 τούντων
2091 1404 2185 1456 καὶ
2224 1403 2332 1472 πρὸ
2370 1403 2596 1474 ἡμερῶν
2629 1403 3063 1473 διαπέπρακται.
3099 1405 3203 1456 Καὶ
3251 1401 3396 1456 κατὰ

1822 1494 2019 1548 λεπτὸν
2050 1496 2365 1565 ἐρωτῶντες
2394 1496 2700 1566 ἐμάνθανον
2734 1499 2855 1550 τότε
2905 1497 2974 1550 τὰ
3023 1497 3170 1550 δεινὰ
3216 1495 3399 1563 σφίσιν

1823 1585 2182 1655 ἀγγέλλεσθαι
2212 1587 2302 1640 ὅτε
2353 1586 2568 1641 παῦλαν
2614 1582 2760 1658 εἶχον
2810 1588 2878 1641 τά
2908 1587 3152 1657 λυπηρὰ,
3185 1588 3278 1638 καὶ
3322 1586 3397 1638 ὅτ’

1825 1677 1980 1732 αὐτοὶ
2022 1679 2150 1748 περὶ
2179 1679 2406 1733 ἐκείνων
2443 1681 2760 1750 ἐφρόντιζον
2802 1680 2913 1733 τότ’
2943 1681 3183 1742 ἐκείνους
3213 1681 3400 1732 ἐπιτε-

1824 1771 2126 1842 τελεσμένῃ
2151 1773 2216 1842 τῇ
2245 1771 2551 1841 καταμύσει
2589 1772 2696 1825 τῶν
2737 1771 2991 1841 χαλεπῶν
3025 1769 3397 1840 ἐνηδύνεσθαι.

1839 1862 1899 1915 '0
1940 1863 2126 1932 μέντοι
2158 1879 2222 1930 γε
2260 1861 2514 1932 βασιλεὺς
2538 1862 2598 1915 τὸ
2637 1865 2746 1918 πᾶν
2781 1864 3113 1934 προσνέμειν
3147 1862 3258 1914 δεῖν
3287 1861 3404 1932 κρί-

1831 1972 1935 2009 νων
1971 1957 2037 2024 τῇ
2075 1954 2404 2026 Θεομήτορι,
2447 1957 2542 2008 καὶ
2582 1956 2657 2017 ὠς
2686 1957 2854 2025 αὐτῆς
2897 1954 3096 2025 βοηθοῦ
3129 1954 3402 2008 πιστεύων

1831 2047 2093 2116 φανείσης
2130 2047 2190 2100 τὸ
2218 2048 2327 2101 τῶν
2355 2048 2680 2102 ἀποστατῶν
2713 2047 2884 2110 οὕτως
2915 2049 2973 2100 ἐν
3001 2047 3200 2116 ἀκαρεῖ
3238 2062 3404 2099 κατε-

1829 2137 1966 2209 λύθη
2000 2139 2291 2209 φρύαγμα,
2319 2140 2432 2194 δεῖν
2457 2141 2598 2208 ἔγνω
2628 2141 2720 2194 καὶ
2749 2141 2888 2211 μόνῃ
2907 2139 3081 2210 ταύτῃ
3107 2139 3404 2206 ἀπονέμειν

1829 2230 1899 2284 τὰ
1939 2234 2294 2302 χαριστήρια,
2341 2232 2432 2286 καὶ
2463 2232 2578 2303 ἅμα
2617 2232 2695 2302 τῷ
2721 2233 2821 2295 τὰς
2857 2232 3119 2300 ἀγγελίας
3145 2230 3406 2296 δέξασθαι

1831 2324 1929 2377 κοῦ⁹
1957 2323 2266 2388 πιστεῦσαι,
2298 2325 2524 2378 αὐτόθεν
2555 2325 2614 2390 ἐξ
2642 2324 2959 2395 ἀνακτόρων
2986 2325 3124 2394 πεζῇ
3157 2324 3258 2392 τὴν
3287 2321 3406 2376 ὁδὸν

1831 2411 2218 2482 διεξεληλυθὼς
2258 2414 2376 2486 ἅμα
2404 2418 2471 2487 τῇ
2521 2417 2650 2484 περὶ
2679 2417 2841 2469 αὐτὸν
2883 2416 3034 2480 τάξει
3067 2415 3164 2490 τὴν
3195 2415 3305 2467 τῶν
3339 2412 3405 2486 [Ρ

1835 2504 1959 2578 157]
2008 2505 2250 2575 Ὀδηγῶν
2284 2506 2695 2578 καταλαμϐάνει
2734 2507 2932 2578 μονὴν,
2973 2509 3067 2561 καὶ
3118 2507 3409 2560 κατέναντι

1834 2600 1933 2669 τῆς
1973 2599 2276 2668 σεϐασμίας
2311 2600 2519 2664 εἰκόνος
2554 2599 2770 2663 σταθεὶς
2806 2600 3072 2670 ἀπονέμει
3121 2599 3218 2668 μὲν
3253 2596 3406 2651 κατὰ

1838 2776 1958 2839 His,
1990 2786 2247 2845 correpto
2281 2776 2636 2846 navigatione
2667 2791 2833 2846 quam
2866 2775 3156 2832 celerrima
3185 2775 3407 2842 itinere,

1838 2868 2089 2925 conferre
2139 2885 2199 2925 se
2252 2870 2518 2926 citissime
2544 2872 2611 2924 ad
2665 2870 3193 2939 Philautbropenum
3235 2871 3408 2940 jussis

185 2960 636 3029 catum,ipsorum
657 2959 1222 3022 beneficiisevectum,
1245 2967 1355 3013 tam
1381 2968 1610 3024 mature,
1628 2968 1736 3012 tam
1841 2960 2023 3015 datum
2076 2962 2130 3015 in
2167 2963 2441 3016 mandatis
2468 2971 2552 3016 est
2585 2962 2791 3016 offerre
2833 2963 2938 3030 ipsi
2968 2964 3037 3016 ab
3075 2963 3410 3032 imperatore

187 3047 393 3122 ingrate,
450 3061 671 3107 tantum
727 3053 933 3106 audere
993 3053 1352 3114 sustinuisse,
1390 3051 1512 3107 ﬁdei
1575 3066 1738 3120 quam
1841 3052 2078 3122 primum
2131 3051 2462 3106 oblivionem
2503 3068 2566 3105 ac
2619 3051 2832 3106 veniam
2888 3049 3236 3111 defectionis,
3299 3061 3412 3103 tum

187 3141 387 3199 deberet
411 3145 814 3216 imperantibus
843 3147 990 3200 nulla
1015 3149 1232 3202 ratione
1261 3147 1472 3202 habita.
1511 3147 1742 3202 Aliunde
1843 3144 2007 3199 etiam
2061 3144 2299 3200 Caesaris
2349 3143 2693 3213 dignitatem,
2745 3154 2800 3199 et
2851 3152 3008 3198 tanto
3085 3143 3416 3200 sustinendo

186 3238 476 3291 metuebant
508 3253 537 3290 a
581 3235 789 3291 fervida
822 3238 1004 3291 indole
1032 3253 1195 3292 manu
1224 3239 1458 3309 prompti
1483 3239 1738 3307 juvenis;
1771 3243 1812 3300 ο
1849 3236 2007 3291 titulo
2035 3225 2309 3309 congruas
2349 3254 2379 3292 e
2419 3240 2552 3292 fisco
2586 3240 2908 3307 pensiones'
2943 3237 3216 3308 polliceri,
3251 3238 3413 3291 modo

187 3336 367 3389 etsuis
413 3351 534 3390 rem
566 3343 740 3388 totam
796 3338 1092 3390 momentis
1154 3337 1515 3399 aestimantes,
1578 3336 1736 3390 facile

189 3427 526 3494 providebant
588 3427 744 3480 ardui
811 3427 929 3481 fore
984 3427 1213 3498 negotii,
1273 3427 1625 3497 prteferoccm
1684 3438 1734 3481 et

189 3517 308 3572 bello
359 3518 632 3574 hactenus
663 3517 874 3574 felicem
928 3518 1146 3585 ducem,
1201 3526 1352 3573 tanto
1397 3520 1736 3575 succinctum

191 3611 431 3677 exercitu,
495 3626 608 3665 non
662 3610 842 3665 dicam
880 3626 1060 3681 pugna
1125 3611 1400 3681 frangere,
1434 3619 1515 3664 tot
1568 3613 1740 3679 ipsius

191 3700 546 3756 internecione
598 3701 774 3770 copiis
828 3701 1098 3766 delendis,
1157 3700 1252 3755 sed
1323 3701 1410 3754 vel
1478 3700 1740 3770 mitigare

191 3793 576 3848 conditionibus
626 3793 826 3862 amplis
880 3792 1178 3848 offerendis
1236 3803 1291 3848 et
1341 3793 1627 3848 blanditiis
1674 3794 1740 3848 ad

193 3889 395 3955 gratiam
418 3902 706 3942 revocare.
740 3885 920 3953 Quare
949 3888 1141 3942 valere
1168 3895 1285 3942 tum
1325 3886 1509 3942 adhuc
1537 3896 1590 3942 et
1616 3902 1739 3942 cum

195 3981 406 4037 maxime
435 3981 670 4050 ﬂagrare
703 3982 1030 4037 seditionem
1061 3981 1209 4035 illam
1245 3980 1566 4050 opinantes,
1626 3992 1740 4033 non

195 4073 347 4127 solum
381 4090 646 4143 quorsum
708 4081 1026 4144 erumperet
1077 4072 1429 4132 verebantur.
1464 4085 1652 4126 verum
1691 4079 1746 4123 et

197 4161 374 4220 factum
427 4167 794 4234 imaginantes
847 4165 1021 4235 quod.
1049 4180 1116 4219 ne
1171 4166 1325 4220 ﬁeret
1360 4164 1524 4234 230
1552 4163 1746 4218 horre-

198 4253 332 4317 bant,
384 4257 568 4324 specie
619 4254 939 4310 tristissima
1005 4255 1378 4309 turbabantur
1425 4253 1600 4324 erepti
1631 4253 1744 4324 jam

200 4344 316 4413 ipsis
343 4347 578 4418 imperii,
597 4346 794 4416 suique
823 4360 968 4400 nunc
997 4347 1392 4415 Augustorum,
1424 4361 1549 4400 mox
1578 4347 1743 4402 etiam

202 4437 260 4490 de
281 4438 404 4494 vitae
435 4453 498 4494 ac
551 4439 774 4502 salutis,
800 4440 846 4495 si
876 4455 998 4509 quae
1040 4438 1272 4508 deiectis
1307 4438 1446 4494 solio
1484 4438 1628 4493 forte
1656 4453 1748 4492 su-

202 4529 482 4598 perforent,
518 4532 848 4586 miserrimis
875 4530 1123 4600 reliquiis
1141 4532 1210 4586 ab
1234 4539 1480 4586 extrema
1503 4531 1748 4601 pernicie

1842 3329 2206 3405 illevicissim
2243 3330 2565 3386 ostenderet
2594 3330 2734 3386 bona
2779 3330 2883 3386 fide
2911 3346 2970 3386 se
2999 3338 3413 3398 resumpturum

1845 3421 2174 3476 benevolum
2229 3425 2284 3477 in
2321 3422 2628 3486 Augustum
2687 3423 2953 3486 animum,
2989 3432 3042 3476 et
3075 3421 3139 3474 ad
3193 3421 3246 3475 id
3272 3418 3417 3490 quod

1845 3512 2000 3566 initio
2033 3512 2316 3582 professus
2353 3513 2526 3568 fuerat
2563 3514 2890 3584 obsequium
2927 3514 3260 3569 rediturum.

1845 3624 1932 3678 15.
1969 3622 2042 3679 De
2063 3624 2258 3694 faustis
2299 3625 2498 3706 nuntiis
2539 3633 2588 3679 et
2629 3625 2965 3706 imperatoris
3017 3626 3086 3678 ad
3131 3624 3420 3692 Deipnram

2338 3705 2645 3765 gratiarum
2697 3705 2925 3749 actione.

1917 3782 2119 3837 Verum
2147 3799 2173 3835 a
2199 3782 2378 3854 primo
2402 3783 2736 3838 defectionis
2759 3784 2965 3837 indicio
2991 3782 3233 3836 nondum
3264 3790 3418 3835 sexta

1843 3875 1966 3931 dies
2025 3885 2135 3928 tota
2187 3875 2491 3940 efﬂuxerat,
2549 3891 2674 3930 cum
2735 3891 2864 3931 ecce
2898 3877 3200 3930 adveniunt
3233 3874 3423 3928 felices
3493 3890 3496 3893 ·

1853 3966 2057 4030 nuntii,
2088 3967 2420 4021 debellatum
2453 3968 2523 4020 ab
2557 3969 2767 4036 aliquot
2817 3967 2930 4037 jam
2991 3965 3187 4020 diebus
3218 3973 3423 4020 totam-

1846 4075 1954 4130 que
1988 4059 2271 4114 rebellium
2305 4058 2596 4112 factionem
2660 4058 2912 4114 funditus
2943 4059 3233 4127 disjectam
3268 4056 3424 4110 dele-

1850 4163 2073 4222 tamque
2098 4162 2490 4206 memorantes.
2524 4151 2599 4206 Ex
2628 4151 2714 4206 his
2748 4151 2874 4205 dum
2940 4160 3156 4221 tempus
3190 4165 3424 4219 percon-

1848 4245 2108 4300 tabantur
2145 4251 2312 4313 gestae
2340 4258 2506 4312 quam
2541 4243 2839 4298 narrabant
2878 4244 2979 4309 rei,
3008 4242 3428 4313 comperiebant

1849 4338 1978 4407 ipso
2042 4345 2321 4390 momento
2367 4351 2479 4401 quo
2539 4337 2722 4389 minax
2759 4336 2907 4406 ipsos
2944 4345 2998 4390 et
3035 4335 3210 4389 tristis
3239 4349 3430 4401 percu-

1849 4426 2208 4490 lissetfama,
2267 4426 2424 4496 231
2458 4427 2570 4496 jam
2628 4436 2742 4480 tum
2800 4427 3041 4496 quietem
3133 4422 3312 4477 turbis
3373 4432 3429 4476 et

1849 4518 2050 4574 terrori
2108 4520 2461 4573 securitatem
2524 4519 2888 4583 successisse,
2919 4530 3127 4584 eosque
3180 4516 3275 4586 qui
3316 4515 3426 4568 illic

204 4622 631 4689 periclitantium.
690 4621 903 4676 Talium
966 4623 1192 4677 indiciis
1233 4631 1508 4677 terrorum
1571 4621 1737 4690 pictas

1852 4628 1942 4668 res
2001 4611 2309 4680 principum
2364 4612 2654 4674 curabant,
2739 4619 2870 4664 tunc
2950 4608 3124 4679 plenae
3187 4608 3433 4662 victoria:

205 4727 290 4780 per
333 4715 592 4784 palatium
652 4713 822 4770 facies
850 4713 1088 4781 videres,
1143 4715 1374 4784 pallidas
1433 4722 1490 4768 et
1552 4698 1816 4767 mmsto'
1853 4702 2224 4772 graW'auone
2325 4715 2390 4754 ³ο
2486 4701 2692 4771 Βίιυάίο
2783 4699 3016 4767 “unos.
3121 4714 3246 4752 cum
3347 4698 3435 4754 hic

209 4806 408 4861 tetricas
443 4807 687 4872 silentio,
719 4807 824 4862 nisi
881 4806 1103 4876 quando
1160 4806 1287 4861 novi
1325 4805 1625 4876 perduellis
1672 4815 1737 4860 to?

1857 4795 1962 4864 ipsi
2023 4793 2140 4847 acri
2198 4801 2307 4847 tam
2374 4791 2723 4848 formidolosi
2805 4799 2992 4846 motus
3059 4791 3434 4846 sollicitudine

207 4897 448 4949 malorum
488 4897 737 4952 auctoris
768 4897 940 4951 frater
970 4897 1395 4966 protosebastus
1431 4905 1749 4965 appareret.

208 4986 258 5041 ln
293 4989 431 5044 hunc
483 4991 651 5054 enim,
705 4991 864 5057 quasi
934 4993 1078 5045 nacti
1135 5005 1362 5059 scopum
1421 4989 1647 5059 dignum
1697 4990 1754 5043 in

211 5093 353 5147 quem
387 5097 598 5136 arcana:
660 5081 832 5135 rabiei
887 5099 993 5135 non
1050 5082 1162 5153 jam
1217 5081 1419 5136 frustra
1481 5081 1536 5134 in
1572 5095 1752 5136 aerem

211 5171 462 5236 perdenda
494 5163 600 5226 tela
655 5172 1018 5240 conjicerent,
1053 5173 1569 5227 stomachosissime
1599 5173 1752 5226 inve-

214 5259 480 5330 ltebantur,
496 5266 663 5318 minis
680 5266 1056 5336 conviciisque
1073 5265 1499 5320 debacchantes.
1515 5263 1753 5320 Tandem

216 5360 372 5408 tamen
393 5357 626 5424 experiri
650 5356 869 5410 mitiora
891 5358 1297 5427 timoreignavo
1326 5357 1630 5425 subigente,
1662 5356 1758 5409 de-

164 5430 174 5450 '
216 5455 409 5512 sperato
438 5448 631 5501 Martis
660 5450 835 5514 aperti
870 5449 1150 5518 praesidio,
1195 5449 1572 5503 conditionum
1605 5447 1759 5503 obla.

219 5536 432 5593 tionibus
465 5541 766 5608 amplarum
800 5551 857 5595 et
893 5541 1318 5596 traCtationibus
1347 5541 1564 5596 blandis
1599 5539 1757 5610 pelli-

218 5639 325 5683 cere
370 5632 434 5687 ad
483 5647 606 5687 sese
665 5648 728 5686 ac
783 5633 1146 5688 reconciliare
1213 5633 1404 5687 conari
1495 5631 1757 5686 rebellem

217 5723 548 5785 opportunius
575 5722 808 5778 duxere.
832 5723 1136 5794 Consilium
1165 5738 1296 5793 ergo
1321 5724 1559 5778 inierunt
1587 5723 1760 5778 desti-

219 5812 359 5864 nandi
389 5815 790 5884 quamprimum
825 5815 890 5868 ad
947 5831 1071 5870 eum
1133 5817 1339 5886 legatos
1369 5834 1378 5868 :
1408 5815 1563 5870 electi
1612 5816 1678 5868 ad
1707 5815 1759 5871 id

222 5913 374 5956 οπως
409 5901 543 5958 liaul
579 5903 820 5959 lsaacius
845 5912 898 5960 et
927 5905 1405 5973 protovestiarissa
1443 5904 1757 5966 Tlteodora.

1859 4897 2213 4959 angerentur.
2273 4887 2344 4939 At
2403 4885 2705 4955 imperator
2755 4891 2926 4938 totam
2959 4899 3260 4939 successus
3322 4891 3432 4937 tam

1858 4979 1966 5035 laeti
2023 4978 2336 5034 felicitatem
2391 4984 2675 5046 acceptam
2736 4975 2834 5030 Dei
2875 4974 3034 5029 Matri
3089 4973 3431 5030 referendam

1851 5071 2132 5142 judicans,
2169 5079 2431 5138 grataque
2455 5067 2786 5138 praedicans,
2821 5083 2903 5134 se,
2961 5077 3123 5137 prout
3173 5082 3434 5135 sperave-

1862 5173 1966 5229 rat,
2048 5180 2292 5234 praesens
2353 5163 2752 5234 potentissimae
2837 5171 3082 5230 patronae
3163 5159 3432 5214 auxilium

1859 5266 2110 5325 experto,
2170 5257 2251 5310 sic
2311 5270 2422 5310 uno
2479 5255 2630 5310 nictu
2696 5253 2844 5310 oculi
2906 5263 3012 5308 tam
3085 5260 3434 5317 arrogantem

1862 5348 2016 5403 illum
2071 5348 2434 5422 perduellium
2489 5347 2692 5403 fastqu
2746 5345 3094 5416 depressum,
3145 5345 3345 5398 debere
3377 5356 3436 5396 se

1863 5440 2077 5510 putavit
2112 5440 2162 5494 ei
2201 5441 2304 5495 soli
2341 5442 2548 5510 gratias
2581 5437 2831 5495 reddere.
2892 5435 3068 5491 Simul
3103 5436 3270 5505 igitur
3320 5432 3438 5486 fau-

1866 5545 2016 5589 stum
2074 5533 2326 5587 nuntium
2363 5532 2575 5602 accepit
2628 5540 2683 5585 et
2744 5529 3000 5608 credidit,
3033 5527 3298 5585 indidem,
3345 5523 3435 5576 ubi

1861 5635 2005 5689 erat,
2041 5642 2070 5679 e
2095 5625 2301 5694 palatio
2339 5623 2577 5695 pedibus
2616 5629 2788 5677 totam
2832 5634 3089 5674 emensus
3117 5619 3281 5676 viam,
3311 5628 3436 5666 cum

1863 5732 2148 5787 procerum
2177 5730 2240 5771 ac
2257 5719 2736 5786 prtetorianorum,
2757 5726 2897 5783 quos
2927 5711 3072 5765 circa
3100 5723 3160 5761 se
3179 5705 3433 5760 habebat.

1865 5811 2059 5866 ordine
2083 5811 2368 5880 gradiente
2404 5805 2784 5869 multitudine,
2817 5804 2885 5857 ad
2938 5801 3284 5868 llodegoruni
3324 5815 3436 5848 ttttt-

1869 5904 2167 5958 nastcrium
2227 5901 2514 5970 pervenit;
2575 5909 2630 5954 et
2692 5911 2879 5952 coram
2965 5908 3119 5947 sacra
3201 5891 3437 5960 iniagine
