3922 6558
1766 303 1796 319 ἡ

436 466 546 526 255

1628 470 1950 532 GEORGII
1990 474 2186 533 PACH
2198 472 2470 533 YMERE

3590 471 3718 533 256

434 577 496 629 τὸ
542 576 732 640 εἰωθὸς
787 579 885 646 τὴν
939 579 1330 649 προσκύνησιν,
1369 581 1608 651 λιπαρὰν
1649 585 1749 654 τὴν
1796 588 2006 642 ἱκεσίαν
2037 599 2083 654 Α
2112 586 2359 657 άκρισῶς
2403 588 2528 648 τοὺς
2572 586 2776 648 τόπους
2813 587 3126 656 μαθόντων,
3170 585 3396 655 προσέτι
3433 585 3479 637 δ’
3531 586 3710 638 ἐκλε-

433 666 779 737 ποιούμενος,
839 669 1098 735 ἀπονέμει
1136 671 1193 724 δέ
1250 687 1313 740 γε
1360 673 1456 726 καὶ
1511 674 1610 744 τὴν
1665 677 2011 746 εὐχαριστίαν

439 760 580 829 μετά
603 761 811 829 θερμῆς
839 761 1232 827 ὐποπτώσεως,
1260 764 1396 834 αὐτῇ
1421 783 1484 832 γε
1515 767 1654 836 μετὰ
1683 768 1816 820 Θεὸν
1839 769 2012 836 λέγων

440 855 533 904 καὶ
574 853 853 921 βασιλείαν
908 855 1002 907 καὶ
1069 856 1399 926 Ἐκκλησίαν
1446 860 1527 921 εἰς
1576 861 1744 929 χέρας
1779 862 2008 926 τιθέναι,

437 945 531 996 καὶ
563 945 692 1014 παρ’
745 947 914 1015 αὐτῆς
969 949 1062 1000 καὶ
1117 949 1282 1018 μόνης
1321 951 1564 1017 ἐλπίζειν
1607 954 1766 1019 ἀξίαν
1800 972 1862 1023 γε
1913 957 2012 1026 τὴν

438 1033 708 1101 διοίκησιν
743 1034 835 1086 καὶ
882 1037 969 1088 ἐπ’
1001 1039 1360 1108 ἀμφοτέραις.
1413 1042 1600 1095 Ταῦτα
1645 1047 2015 1114 ποτνιασάμε-

437 1142 528 1187 νος
553 1128 646 1179 καὶ⁵
679 1127 746 1179 τά
787 1127 973 1182 είκότα
1009 1131 1412 1201 εὐχαριστήσας
1438 1134 1631 1198 ἐπιϐάς
1659 1136 1826 1189 ἵππου
1854 1140 2014 1190 ἐπαν-

438 1218 668 1286 εζεύγνυ
701 1220 836 1286 πρὸς
869 1222 938 1275 τὰ
979 1223 1273 1290 ἀνάκτορα.
1309 1223 1400 1296 Τῷ
1427 1226 1485 1278 δέ
1513 1243 1574 1293 γε
1613 1229 2012 1298 πρωτοϐεστια-

441 1311 567 1382 ρίτῃ
600 1313 929 1384 πρόσταγμα
953 1317 1308 1385 χαριστήριον
1335 1318 1695 1386 σχεδιάζεται.
1725 1322 1817 1376 καὶ
1846 1325 2014 1391 τιμὶς

438 1404 754 1474 ὐπερτάτης
792 1405 888 1458 ἐπὶ
918 1407 1135 1469 πολλοῖς
1165 1407 1344 1470 ἀλλοις
1385 1409 1552 1477 φέρον
1593 1411 1911 1480 ὑπόσχεσιν.
1948 1414 2012 1468 ’0

437 1496 503 1564 δὴ
539 1499 634 1550 καὶ
667 1498 782 1564 μετ’
832 1498 894 1550 οὐ
951 1499 1086 1553 πολὺ
1134 1501 1454 1570 άπεπλήρου
1491 1505 1556 1572 τῇ
1599 1505 2011 1558 Κωνσταντίνου

437 1587 864 1657 ἐπιδημήσαντι.
931 1593 1106 1661 μέγαν
1156 1595 1640 1665 στρατοπεδάρχην
1687 1597 1875 1665 ἐτίμα,
1920 1600 2016 1652 καὶ

436 1683 624 1748 τιμαῖς
661 1684 761 1750 τῆς
787 1685 927 1752 ὐπὲρ
962 1687 1158 1739 ἑαυτοῦ
1193 1689 1428 1758 σπονδῆς
1458 1691 1618 1758 χάριν
1649 1689 1904 1759 ἠγαλλεν.

442 1792 522 1848 ιδ’.
577 1795 713 1863 Περὶ
761 1796 881 1849 τῶν
933 1799 1065 1867 περὶ
1100 1800 1217 1923 ἦόν
1266 1802 1779 1881 φιλανθρωπηνὸν
1826 1802 2017 1857 ὄντων

1152 1887 1367 1923 εοσων.

1152 1887 1367 1939 ερσων.

2113 676 2365 738 λοιπότος
2418 677 2511 730 καὶ
2579 677 2640 732 δν
2701 674 2846 744 εἶχον
2893 678 2982 731 διά
3036 677 3202 744 φόϐου
3249 677 3311 729 τδ
3364 675 3543 729 πάλαι
3603 679 3708 727 καὶ

2117 767 2426 838 θαύματος,
2477 769 2555 830 ὡς
2585 770 2680 824 καὶ
2732 770 2928 832 ἀλλους
2969 767 3442 838 καταφρονοῦντας
3492 765 3709 834 ἀνέδην

2114 859 2262 928 ἔχειν
2292 861 2506 915 ἐκθέειν
2539 862 2634 914 καὶ
2663 861 2732 914 τὰ
2765 861 3002 930 μέγιστα
3035 861 3290 928 ζημιοῦν⁹
3322 860 3416 911 καὶ
3446 857 3550 910 σὺν
3591 857 3712 910 αὐ-

2113 951 2226 1010 τοῖς
2261 949 2455 1012 ἀλλους
2481 950 2670 1018 ὥσπερ
2695 951 2863 1013 κύνας
2879 949 3368 1019 ὠστοτραγηκότας
3394 947 3706 1018 λιχνεύσα-

2119 1039 2266 1102 σθαι,
2303 1043 2395 1093 καὶ
2423 1041 2566 1094 οὕτω
2593 1043 2714 1095 κατ’
2756 1043 2937 1110 ὀλίγον
2967 1047 3034 1113 τῇ
3069 1043 3358 1110 Ῥωμαίων
3387 1041 3710 1110 ἐπέχοντας

2114 1129 2284 1198 ἀλλην
2310 1132 2526 1201 ἐρήμην
2557 1133 2726 1197 δείξαι
2754 1135 2853 1204 τὴν
2883 1136 2982 1188 ἀπ’
3015 1134 3264 1198 Εὐξείνου
3298 1133 3502 1185 Πόντου
3529 1131 3713 1200 μέχρι

2118 1221 2216 1273 καὶ
2246 1223 2346 1290 τῆς
2372 1223 2514 1276 κατὰ
2555 1223 2737 1278 Ῥόδον
2783 1224 3060 1294 θαλάσσης
3103 1227 3244 1278 κατά
3273 1241 3332 1277 τε
3376 1224 3560 1294 μῆκος
3603 1223 3711 1275 καὶ

2114 1313 2318 1376 πλάτος
2355 1315 2664 1385 διέχουσαν.
2710 1319 2871 1373 Ἀλλά
2916 1319 3090 1374 ταῦτα
3123 1319 3223 1388 μὲν
3261 1317 3514 1388 ὕστερον.

2117 1425 2199 1480 ιε’.
2235 1429 2386 1498 "apii
2424 1428 2532 1495 τῆς
2580 1430 2906 1498 γενομένης
2954 1431 3229 1492 στάσεως
3268 1426 3504 1498 μεταξὺ
3550 1429 3713 1480 Γεν-

2185 1497 2440 1579 νοινττῶζ
2470 1501 2564 1553 καὶ
2590 1497 2938 1568 Βενετικῶν,
2964 1502 3062 1555 καί
3085 1501 3218 1568 περὶ
3244 1497 3349 1552 τοῦ
3375 1499 3718 1566 γεγονότος

2182 1581 2467 1634 σεισμου.

2188 1675 2253 1748 [Ρ
2301 1677 2427 1750 158]
2491 1679 2626 1732 Τότε
2674 1681 2732 1733 δὲ
2786 1681 3050 1753 διαφορᾶς
3101 1684 3370 1753 ἐνστάσης
3427 1684 3716 1755 μεγίστης

2117 1769 2333 1838 μεταξὺ
2367 1770 2695 1824 Γεννουῖτῶν
2733 1773 2828 1826 καὶ
2855 1774 3176 1838 Βενετικῶν,
3207 1776 3284 1837 ὼς
3314 1777 3449 1829 πᾶσι
3486 1776 3713 1836 πάντας

2113 1861 2182 1913 δι’
2213 1859 2412 1930 ἔχθρας
2443 1856 2584 1914 εἶναι
2622 1864 2716 1916 καὶ
2742 1865 2910 1918 κακὸν
2935 1864 3186 1935 ἀλλήλοις
3212 1865 3514 1935 ἀπάντημα
3543 1867 3713 1932 γίνε-

523 1956 802 2010 Ἐντεῦθεν
838 1960 930 2013 καὶ
951 1961 1112 2022 πόνος
1136 1957 1203 2030 ἦν
1232 1962 1523 2033 Πέρσαιςή
1556 1963 1665 2016 τῶν
1699 1963 1843 2016 [δίων
1869 1981 2010 2016 παν..
2041 1973 2090 2035 Β
2120 1952 2244 2004 σθαι
2280 1957 2374 2005 καὶ
2409 1955 2567 2006 ναυσὶ
2612 1953 2872 2016 πλέοντας
2908 1957 3001 2008 καὶ
3044 1954 3470 2026 ὁδοιποροῦντας
3528 1955 3713 2022 πεζῇ,

440 2047 604 2117 τελὴς
635 2049 943 2115 ὲξαπὼλεια
965 2068 978 2082 ο
1005 2051 1121 2115 {ei};
1149 2053 1211 2123 δὴ
1251 2053 1454 2117 ἐκεῖνος
1485 2056 1585 2123 μὲν
1632 2055 1720 2107 ἐπ’
1747 2055 2014 2124 ἀνατολῆς

441 2133 581 2208 ἦγεν
611 2141 1114 2214 αὐτομολήσαντας,
1147 2144 1195 2196 oi
1217 2143 1260 2196 δ’
1291 2144 1516 2212 ὕστερον
1547 2146 1791 2210 ἐλθόντες
1820 2145 2018 2214 σύναμ’

442 2230 672 2293 ἐκείνοις
708 2212 910 2294 κκακῶς
966 2233 1232 2288 διετίθουν
1265 2235 1363 2306 τὴν
1400 2237 1604 2307 χώραν.
1641 2237 1837 2290 Σκοπῶ
1877 2238 1933 2291 δὲ
1965 2212 2013 2289 εἰ

445 2322 542 2377 καὶ
567 2322 641 2392 μὴ
674 2323 822 2392 παρά
851 2324 950 2392 τὴν
978 2326 1234 2396 τοιαύτην
1259 2327 1536 2386 παντελῶς
1563 2328 1915 2396 ἐρημωθῆναι
1949 2328 2017 2380 τά

445 2415 567 2466 κατ’
607 2414 872 2484 ἀνατολὴν
923 2413 1266 2484 ξυμὸέὸηκεν
1313 2417 1563 2485 ὕστερον,
1607 2418 1831 2471 ἐκείνων
1862 2418 2017 2471 τοῦτο

447 2503 548 2573 μὲν
598 2505 946 2570 πονούντων,
1012 2507 1099 2575 ἐφ’
1167 2503 1249 2572 οἷς
1302 2507 1540 2572 ἔπαθον,
1611 2509 1770 2563 τοῦτο
1817 2509 1873 2562 δὲ
1923 2511 2018 2564 καὶ

447 2691 602 2737 stans
631 2683 792 2736 solita
818 2699 937 2737 eam
972 2685 1206 2752 primum
1241 2693 1325 2740 est
1351 2685 1674 2740 adoratione
1699 2693 2014 2746 veneratus.

449 2789 574 2828 mox
628 2775 877 2844 supplice
931 2791 994 2831 ac
1055 2779 1234 2832 teneri
1295 2777 1523 2832 allectus
1579 2779 1800 2832 indiciis
1855 2780 2014 2846 plena

451 2867 704 2921 oratione
756 2870 1108 2936 pronuntiata
1165 2869 1370 2937 gratias
1423 2869 1490 2922 ad
1550 2877 1860 2922 extremum
1920 2883 2016 2936 pro

449 2961 660 3013 recenti
691 2960 962 3014 beneﬁcio
997 2961 1525 3014 tnunificentissinue
1549 2959 1816 3028 Iargitrici
1847 2974 2013 3028 quam

445 3053 625 3120 potuit
671 3053 1044 3122 amplissimas
1072 3054 1284 3114 retulit,
1347 3054 1740 3107 demississima
1775 3065 2020 3122 prostra-

441 3147 596 3201 tione
657 3146 910 3215 corporis
985 3147 1129 3214 grati
1185 3146 1638 3216 significationem
1703 3146 2018 3214 exprimens

441 3238 612 3292 animi
641 3255 657 3303 ;
685 3247 739 3293 et
779 3238 1118 3308 subjungens
1165 3237 1338 3307 ipsius
1373 3253 1434 3293 se
1488 3238 1862 3305 potissimum,
1895 3245 2019 3305 post

2119 2046 2217 2098 οὐκ
2266 2041 2333 2116 ἦν
2383 2047 2520 2110 ὅλως
2559 2049 2748 2115 καιρὸς
2783 2049 2905 2100 καθ’
2937 2048 2997 2100 ὃν
3037 2049 3138 2102 οὐκ
3188 2048 3453 2114 ἠκούοντο
3497 2052 3530 2118 ἢ
3568 2049 3718 2102 Γεν-

2121 2135 2329 2189 νουῗται
2354 2137 2420 2189 τά
2446 2139 2693 2207 χείριστα
2723 2139 3121 2202 διατεθεικότες
3157 2140 3476 2201 Βενετικοὺς
3497 2140 3531 2208 ἢ
3573 2139 3722 2191 Γεν-

2119 2231 2336 2293 νουῖτας
2369 2232 2666 2296 Βενετικοὶ,
2704 2232 2832 2295 ὅλας
2879 2234 3011 2294 ναῦς
3040 2234 3376 2302 αὐτάνδρους
3417 2245 3688 2286 καταπον

2119 2322 2382 2387 στίζοντες,
2415 2327 2510 2378 καὶ
2541 2326 2798 2394 χρήματα
2830 2325 2897 2377 τά
2941 2325 3040 2394 μὲν
3086 2325 3536 2394 ἀφαρπάζοντες.
3563 2327 3641 2378 τὰ
3665 2325 3716 2378 δ’

2119 2415 2606 2482 ἀφανίζοντες,υὼς
2643 2416 2738 2469 καὶ
2760 2417 2938 2468 πᾶσαν
2967 2415 3244 2486 μεσιτείαν
3267 2417 3362 2469 καὶ
3393 2416 3576 2485 αὐτῆς
3607 2417 3715 2485 τῆς

2120 2505 2244 2558 κατ’
2277 2505 2476 2568 αὐτοὺς
2519 2503 2844 2575 Ἐκκλησίας
2877 2508 2956 2569 εἰς
2987 2506 3211 2576 εἰρήνην
3239 2507 3484 2576 ἀγούσης
3508 2507 3716 2576 ἀπραο

2428 2621 2450 2660 \

2119 2684 2583 2750 Pliilanthmpt'uo
2639 2684 2952 2747 militarent,
2980 2684 3222 2740 locorum
3250 2685 3443 2740 notitia
3483 2685 3551 2740 ad
3601 2700 3714 2742 no-

2120 2778 2354 2831 cendum
2410 2777 2698 2830 exiliusins
2756 2778 3078 2841 utentibus;
3126 2779 3192 2832 ad
3234 2778 3352 2832 haec
3401 2780 3557 2832 nullo
3587 2779 3714 2847 jam

2120 2876 2268 2922 metu
2320 2869 2633 2929 retardatis,
2661 2870 2803 2936 quod
2869 2869 3009 2922 idem
3045 2869 3135 2923 ille
3171 2871 3281 2924 dux
3329 2882 3493 2940 quem
3529 2885 3716 2925 unum

2126 2959 2446 3022 timuerant,
2482 2959 2642 3024 cujus
2671 2960 2778 3012 vim
2810 2960 3020 3028 experti
3053 2972 3108 3014 et
3147 2961 3328 3016 mirati
3363 2962 3709 3016 felicitatem

2121 3053 2274 3121 prius
2303 3067 2331 3105 a
2369 3065 2555 3106 nosno
2579 3053 2750 3106 limite
2783 3055 3041 3107 lentando
3076 3057 3310 3122 repressi
3345 3056 3719 3124 aliquatenus

2122 3141 2533 3211 fuerant,longe
2562 3143 2732 3206 illinc,
2758 3159 2858 3198 nec
2883 3143 3158 3198 rediturus
3186 3160 3450 3214 unquam,
3469 3146 3715 3213 aberat;

2123 3247 2398 3302 posrremo
2420 3233 2687 3301 plurimis,
2720 3243 2778 3287 ut
2807 3235 2888 3298 fit,
2916 3235 3038 3290 aliis
3067 3236 3133 3288 ad
3162 3236 3265 3290 hos
3301 3251 3421 3289 sese
3461 3237 3716 3289 canibus

443 3329 639 3393 Deum,
695 3329 858 3384 unius
921 3331 1213 3399 imperium
1257 3338 1309 3382 et
1362 3328 1666 3382 Ecclesiam
1725 3329 1779 3382 in
1817 3344 2014 3382 manus
2039 3323 2085 3385 C
2118 3327 2541 3394 aggregantibus
2577 3342 2672 3394 spe
2700 3328 3090 3396 participanda
3119 3342 3463 3382 semesorum
3506 3331 3710 3382 rosio-

443 3419 744 3489 deponere,
775 3421 841 3474 ab
874 3422 990 3488 ipsa
1039 3422 1151 3476 sola
1183 3433 1491 3489 sperantem
1521 3421 1741 3490 dignam
1806 3421 2015 3474 utr-ius-

443 3527 551 3582 quc
578 3513 1029 3582 gubernationem
1089 3521 1501 3583 proventuram.
1566 3513 1638 3566 Ea
1672 3513 1854 3568 verbis
1887 3527 2017 3565 con-

443 3606 624 3672 ct-ptis
671 3605 1092 3674 religiosissima
1146 3607 1484 3660 demissione
1541 3603 1810 3674 profatus,
1854 3604 2019 3658 itera-

442 3704 610 3765 taque
642 3695 706 3748 ad
738 3707 1045 3750 extremum
1076 3695 1512 3751 devinetissimze
1540 3698 1593 3750 in
1654 3713 1829 3750 arvum
1855 3711 2017 3750 omne

442 3797 554 3842 tam
622 3788 860 3856 insignis
912 3787 1077 3856 hujus
1112 3789 1308 3843 datrici
1365 3789 1617 3842 muneris
1669 3787 2018 3856 professione

441 3879 766 3942 voluntatis,
838 3894 1148 3933 conscenso
1197 3893 1343 3947 equo
1403 3883 1456 3931 in
1513 3879 1777 3948 palatium
1819 3877 2013 3932 rediit.

441 3971 912 4024 l’rotovestiarita:
943 3987 1072 4026 vero
1105 3971 1342 4038 diploma
1377 3970 1802 4040 gratulatorium
1836 3985 2019 4038 expe-

413 4063 545 4126 .dit,
579 4063 663 4116 cui
727 4063 1093 4130 praecellentis
1158 4064 1466 4130 t'ujttspiatn
1524 4076 1635 4131 quo
1670 4070 1816 4116 esset
1886 4077 2012 4115 eum

442 4169 610 4220 supra
645 4153 935 4222 plerosque
967 4154 1103 4209 alios
1137 4166 1431 4207 evecturns
1476 4154 1897 4222 promissionem
1931 4152 2018 4204 in-

441 4247 616 4302 seruit
648 4248 915 4308 muneris,
953 4245 1006 4298 in
1070 4261 1182 4298 rem
1227 4245 1369 4298 haud
1431 4243 1602 4296 multo
1631 4253 1750 4311 post
1813 4243 2020 4296 deduco

443 4346 591 4389 tam:
630 4352 756 4388 nam
791 4336 1108 4388 advenienti
1160 4335 1208 4387 ei
1272 4333 1806 4402 Cottstantinopolim
1837 4331 2018 4398 magni

444 4425 913 4496 Stratopcdarchat
971 4427 1296 4496 dignitatem
1358 4426 1613 4487 contulit,

444 4520 678 4586 adjectis
733 4521 786 4574 in
843 4523 1344 4574 remunerationem
1407 4518 1725 4587 praestantis
1787 4517 2020 4572 exhibiti

443 4627 572 4680 erga
609 4627 667 4666 se
695 4613 885 4667 studii.

516 4702 604 4755 14.
641 4702 718 4754 De
743 4702 921 4756 Persis
947 4704 1040 4772 qui
1077 4719 1193 4756 cum
1237 4702 1691 4769 Philanthropeno
1717 4703 1948 4771 fuerant.

516 4792 678 4861 232
717 4792 984 4862 Deinceps
1061 4793 1266 4856 Persae,
1309 4808 1536 4846 suorum
1618 4792 1820 4844 irritati
1891 4805 2024 4844 casu

445 4885 672 4944 civium,
717 4883 811 4952 qui
851 4882 1302 4952 Philanthropeni
1361 4882 1542 4935 accitu
1603 4881 1744 4933 intra
1769 4881 2024 4935 Orienta-

445 4975 553 5028 lem
587 4989 652 5029 eo
677 4974 916 5029 ducente
965 4974 1294 5044 deprehensi
1350 4974 1576 5026 limitem
1625 4972 2024 5036 internecione,

451 5070 799 5131 utdiximus,
853 5067 1019 5121 deleti
1079 5083 1106 5118 a
1142 5065 1409 5120 Romanis
1449 5065 1690 5128 fuerant,
1750 5079 1874 5118 cum
1912 5064 2018 5118 hoc

448 5164 632 5233 ipsum
667 5178 697 5216 e
729 5161 918 5232 paucis
974 5175 1163 5214 eorum
1233 5157 1360 5227 fuga
1400 5159 1452 5212 in
1520 5159 1749 5227 patriam
1789 5158 2026 5211 reversis

448 5256 864 5325 cognovissent,
922 5255 1008 5307 his
1089 5267 1214 5307 sese
1277 5266 1476 5321 magno
1535 5250 1728 5318 reliqui
1800 5263 2028 5301 numero

444 5349 769 5420 jungentes,
827 5348 908 5401 ira
969 5355 1024 5401 et
1065 5344 1370 5413 cupiditate
1417 5343 1629 5398 incensi
1662 5341 1834 5396 cladis
1868 5342 2029 5394 istius

453 5441 811 5502 ulciscendae,
871 5441 1007 5494 fines
1041 5437 1322 5492 Romanos
1375 5436 1596 5491 infestis
1625 5432 2030 5502 irruptionibus

451 5535 764 5588 vastabant.
801 5531 939 5587 llinc
977 5547 1171 5602 magna
1194 5547 1258 5586 ex
1294 5540 1450 5599 parte
1480 5535 1842 5583 consecutam
1874 5536 2029 5594 puto,

450 5641 573 5694 qua:
610 5625 771 5694 paulo
832 5635 958 5695 post
1019 5625 1331 5681 miserrima
1366 5621 1598 5692 contigit
1651 5617 2020 5675 Orientalium

452 5718 724 5770 tlesolatio
781 5727 1077 5782 tractuum,
1115 5716 1366 5770 barbaris
1407 5713 1761 5784 praedonibus
1794 5709 2030 5779 primum

453 5809 774 5864 stimulante
807 5811 1070 5865 memoria
1104 5826 1294 5865 eorum
1329 5824 1449 5877 qum
1473 5805 1617 5874 passi
1650 5810 1808 5856 crant
1857 5799 2034 5852 dirius

459 5899 862 5971 imit-aniusan
948 5904 1298 5957 szcvicntilnw
1337 5920 1347 5954 :
1391 5900 1588 5954 deinde
1655 5903 1830 5963 pill'l'd.
1900 5896 2028 5943 "in"

1700 4421 2020 4480 honorariis
2043 4492 2046 4494 I

2049 4651 2102 4710 D

2122 3417 2208 3472 nis
2239 3419 2471 3478 ossium,
2513 3417 2774 3478 maxima,
2807 3420 3053 3486 inquam,
3089 3433 3253 3472 manu
3314 3417 3715 3472 famelicorum

2120 3508 2302 3561 omnis
2326 3507 2538 3572 generis
2573 3509 2841 3561 latronum
2904 3523 3140 3577 unguem
3184 3507 3448 3576 inligente
3507 3509 3720 3571 ulceri,

2120 3614 2186 3654 ac
2253 3607 2402 3676 certa
2447 3599 2556 3666 jam
2614 3601 2941 3667 impunitate
3000 3614 3276 3661 securam,
3337 3599 3487 3669 genti
3553 3601 3720 3652 omni

2123 3691 2380 3760 prasidio
2437 3693 2652 3744 nudatae
2686 3691 3014 3752 avarissime
3067 3691 3569 3758 crudelissimeque
3625 3694 3723 3745 in-

2120 3781 2353 3836 soltandi
2385 3782 2588 3850 passim
2641 3793 2930 3835 exercente
2986 3781 3288 3834 licentiam.
3350 3779 3442 3833 Sic
3477 3788 3726 3833 etinctas

2099 3864 2402 3943 lsigillatim
2434 3872 2553 3938 ejus
2607 3881 2874 3926 tractatus
2930 3872 3183 3939 regiones
3238 3873 3344 3924 ista
3401 3882 3722 3938 pervagata

2124 3966 2296 4035 pestis
2336 3963 2578 4032 denique
2629 3963 2681 4015 in
2729 3972 2943 4016 vastum
2974 3962 3251 4016 desertum
3292 3962 3479 4023 vertit,
3522 3975 3721 4028 quan-

2125 4064 2237 4106 tttm
2293 4062 2562 4107 terrarum
2600 4067 2630 4105 a
2681 4051 2855 4106 Ponto
2885 4051 3096 4105 Euxino
3129 4052 3195 4104 ad
3229 4065 3383 4103 mare
3423 4048 3720 4102 Rhodium

2123 4143 2178 4196 in
2211 4144 2380 4196 latum
2415 4157 2480 4196 ac
2509 4143 2726 4212 longum
2758 4151 2926 4212 patet.
2955 4141 3156 4195 Verum
3201 4143 3314 4195 haec
3341 4150 3562 4211 postea.

2123 4255 2210 4310 15.
2257 4255 2328 4308 De
2367 4255 2623 4308 seditione
2658 4253 2954 4308 Cannenses
2987 4256 3122 4307 inter
3151 4263 3200 4308 et
3234 4255 3449 4308 Venetos
3499 4264 3725 4321 coorta,

2646 4328 2809 4394 deque
2835 4335 2990 4378 terra:
3021 4335 3187 4377 motu.

2200 4419 2354 4471 Tunc
2393 4433 2557 4487 porro
2597 4416 2858 4483 ﬂagrabat
2921 4432 3045 4468 cum
3110 4416 3347 4468 maxime
3405 4414 3723 4470 discidium

2124 4509 2509 4578 gravissimum
2573 4522 2682 4576 quo
2742 4516 2901 4560 erant
2961 4508 3103 4561 inter
3149 4523 3210 4561 se
3271 4508 3600 4562 Genuenscs
3666 4518 3727 4564 et

2131 4599 2316 4653 Veneti
2373 4600 2673 4653 commissi.
2745 4596 2937 4651 Nullus
2992 4601 3185 4651 horum
3247 4615 3355 4651 non
3403 4600 3729 4668 quemlibet

2130 4689 2374 4751 illorum,
2411 4698 2466 4742 et
2499 4689 2774 4751 vicissim,
2803 4689 3074 4741 acerrime
3100 4689 3292 4742 oderat
3323 4707 3336 4741 :
3364 4705 3543 4744 sevas
3576 4708 3730 4757 quo-

2128 4798 2237 4852 que
2269 4783 2405 4835 istas
2436 4793 2488 4835 et
2535 4782 2902 4835 internecinas
2962 4781 3283 4834 inimicitias
3322 4783 3376 4834 in
3435 4784 3588 4835 omni
3616 4799 3726 4836 oc-

2129 4889 2294 4930 cursu
2325 4875 2525 4926 mutuis
2549 4888 2710 4941 quam
2744 4873 3140 4926 humanissime
3192 4874 3427 4927 invicem
3476 4877 3725 4929 nocendi

2131 4967 2421 5020 conatibus
2454 4966 2807 5018 exercebant.
2833 4963 2992 5018 Onmi
3022 4980 3158 5034 pene
3196 4977 3481 5020 momento
3521 4966 3728 5019 audie-

2130 5059 2293 5113 batur
2332 5065 2427 5109 aut
2481 5056 2616 5109 tnari
2652 5057 2970 5125 navigantes
3029 5065 3123 5108 aut
3155 5063 3301 5108 terra
3331 5057 3435 5108 iter
3485 5067 3729 5123 agentes

2130 5149 2213 5202 vel
2249 5148 2566 5202 Genuenses
2597 5165 2624 5198 ιι
2659 5146 2880 5201 Venetis
2915 5147 2994 5200 vel
3026 5164 3056 5200 a
3115 5147 3506 5201 Genuensibns
3552 5147 3726 5217 233

2133 5239 2370 5294 Venetos
2429 5241 2661 5308 pessime
2726 5241 3012 5294 multatos.
3047 5238 3225 5292 Navim
3280 5249 3409 5291 tota:
3476 5239 3722 5292 incursu

2134 5332 2336 5386 infesm
2369 5334 2776 5400 mergebantur.
2809 5331 2914 5386 Res
2941 5341 2993 5385 et
3021 5331 3269 5401 pecuniae
3303 5331 3504 5399 partim
3546 5340 3728 5398 raptae

2133 5423 2547 5485 auferebantur,
2606 5423 2805 5490 partim
2879 5431 3152 5490 corrupta:
3217 5422 3496 5489 peribant.
3559 5419 3724 5474 Multi

2135 5515 2362 5586 frustra,
2395 5516 2557 5567 etiam
2589 5529 2618 5568 e
2650 5514 2976 5582 praesulibus
3013 5527 3076 5566 ac
3107 5510 3498 5567 sacerdotibus
3519 5510 3728 5564 Eccle-

2135 5606 2229 5662 size
2274 5606 2543 5674 ipsorum,
2569 5605 3082 5658 reconciliarcintcr
3097 5601 3447 5656 sicinfensos
3478 5603 3727 5671 gratiam

2138 5706 2503 5754 tentavcrant.
2533 5695 2728 5750 Omnis
2755 5711 2970 5764 semper
3012 5696 3271 5747 tractatio
3325 5695 3726 5760 conventionis

2139 5792 2192 5845 in
2222 5793 2436 5844 irritum
2496 5798 2783 5852 cesserat;
2843 5801 2907 5841 ac
2969 5802 3036 5840 ne
3098 5785 3438 5839 mentionem
3491 5786 3725 5854 quidem

2143 5886 2293 5956 pacis
2329 5885 2492 5938 ullam
2537 5900 2564 5935 a
2599 5882 2906 5937 concordia:
2966 5880 3295 5936 suasoribus
3348 5880 3462 5950 jam
3524 5882 3728 5934 audire
