3922 6552
172 391 259 453 257
1041 387 1138 447 DE
1180 352 1620 450 ANDRONICO
1660 383 2129 447 PALIEOLOGO
2170 386 2316 447 LIB.
2355 385 2469 446 III.

3286 385 3391 448 258

172 507 304 560 κτεῖν
334 506 390 557 τὸ
432 503 858 574 ιιιιαράτταν,ἰιαῖ⁸
911 502 1102 572 λόγους
1150 504 1343 568 κενοὺς
1401 500 1540 557 εἶναι
1592 507 1718 566 τοὺς
1748 509 1792 564 Α
1823 502 2019 556 ὅλύσαι
2071 504 2116 556 δ’
2169 502 2385 573 ἐνιαχοῦ
2429 501 2526 554 καὶ
2561 498 2750 564 ὕδατα,
2810 500 3190 570 ἀνατραπῆναι
3215 500 3274 555 δέ
3299 503 3396 554 καὶ

171 598 390 666 σφίσιτὰ
419 597 516 664 τῆς
547 597 776 668 είρήνης
827 599 1278 668 εἰσηγουμένους.
1328 598 1561 668 Πρώτην
1616 598 1714 667 μὲν

167 685 246 743 οὖν
267 686 361 760 ἦγε
389 688 849 760 Μαιμακτηριὼν,
880 691 972 742 καὶ
991 690 1249 758 βασιλεὺς
1277 675 1454 761 τρισὶν
1479 690 1714 759 ἡμέραις

169 779 405 849 πρότεῳν
454 779 551 848 τῆς
583 780 1002 833 Κωνσταντίνου
1056 779 1400 850 ἐξεληλακὼς
1434 781 1567 849 πρὸς
1616 779 1714 850 τὴν

169 871 328 942 Χηλὴν
355 872 410 922 τὺ
441 871 936 940 άμφιθαλασσίδιον
965 873 1227 943 φρούριον
1258 873 1513 944 ἡλαυνεν,
1543 873 1623 926 ἔτι
1658 874 1716 926 δὲ

169 963 285 1032 πρὸς
312 962 383 1032 τῷ
423 963 707 1031 Δαματρύῖ
738 965 971 1033 ἐσκήνου
1004 965 1066 1016 τὸ
1105 964 1439 1034 ὑπηρετικὸν
1469 964 1717 1033 προσμέ-

170 1073 273 1118 νων,
316 1055 403 1107 καὶ
435 1054 579 1116 ὅσοις
609 1050 676 1123 ἦν
722 1055 870 1125 αὖτῴ
905 1053 1161 1109 ἕπεσθαι.
1206 1057 1315 1108 Καὶ
1360 1059 1458 1123 τῆς
1493 1056 1716 1126 πρώτης

169 1145 244 1198 τοῦ
276 1145 431 1214 μηνὸς
466 1146 708 1215 ἑσπέρας
728 1146 858 1214 περί
884 1165 984 1200 που
1020 1147 1081 1198 τὸ
1107 1147 1463 1218 μεσονύκτιον
1497 1147 1716 1214 σεισμὸς

172 1240 396 1306 ἐμπίπτει
429 1239 626 1306 μέγας,
671 1237 816 1291 κατὰ
851 1241 977 1300 τοὺς
1011 1240 1120 1291 τῶν
1173 1239 1393 1304 ζώντων
1444 1240 1718 1308 σωμάτιον

175 1328 458 1398 σφυγμούς
487 1330 586 1392 οὓς
625 1330 826 1400 μᾶλλον
858 1335 957 1386 καὶ
992 1333 1202 1394 δεινοὺς
1240 1334 1291 1385 οἱ
1337 1333 1467 1401 περὶ
1511 1335 1718 1386 τούτων

174 1424 447 1491 γράψαντες
477 1423 737 1491 λέγουσιν
765 1429 840 1488 ὠς
883 1425 1128 1479 κάτωθεν
1169 1426 1406 1488 διιέντας
1449 1427 1543 1480 καὶ
1578 1426 1717 1478 ὑπο-

176 1514 388 1576 σπῶντας
411 1513 662 1584 Θεμέλια.
706 1517 874 1579 Τόσος
919 1518 1051 1585 γοῦν
1081 1521 1108 1570 6
1137 1519 1262 1571 τότε
1303 1519 1443 1572 ὥστε
1483 1519 1579 1571 καὶ
1615 1536 1719 1588 μη-

172 1607 270 1658 δένα
298 1607 433 1674 ἔχειν
473 1607 549 1676 μὴ
587 1609 820 1662 παλαιὸν
873 1610 948 1679 μὴ
985 1611 1104 1662 νέον
1157 1611 1378 1674 εἰδέναι,
1427 1612 1499 1681 μὴ
1539 1613 1623 1664 ὅτι
1655 1627 1719 1678 γε

177 1700 333 1764 μείζω,
366 1699 478 1752 ἀλλ’
510 1701 626 1752 οὐδ’
657 1701 773 1753 ἴσον
808 1704 1056 1756 πώποτε.
1083 1704 1242 1766 Τινὲς
1267 1703 1322 1756 δὲ
1355 1704 1462 1780 τῶν
1491 1703 1592 1772 ήδη
1626 1719 1720 1770 γε-

176 1797 453 1864 γηρακότων
491 1795 572 1864 τῷ
610 1799 732 1849 κατ’
760 1797 954 1866 ἐξοχὴν
983 1795 1268 1865 λεγομένῳ
1319 1795 1544 1862 μεγάλῳ
1573 1797 1721 1847 ἐκεῖ-

177 1907 246 1940 νον
273 1889 598 1958 παρείκαξον
619 1906 632 1919 ’
671 1889 816 1942 οὕτω
856 1890 966 1956 γὰρ
997 1890 1091 1943 καὶ
1119 1887 1315 1942 ’τοῦτον
1351 1891 1438 1956 ἐφ’
1483 1888 1722 1958 ἡμέραις

180 1982 418 2045 πλείσταις
445 1972 897 2053 ἐπισυμϐάίνειν,
922 1984 1016 2035 καὶ
1043 1982 1361 2043 πλειστάκις
1388 1982 1485 2050 τῆς
1510 1982 1722 2049 ἡμέρας

177 2074 300 2142 ῆκαι
333 2076 520 2137 νυκτὸς
555 2075 884 2143 προφαίνειν
915 2075 1058 2127 κατὰ
1093 2074 1292 2144 μικρὸν
1325 2077 1395 2127 τὰ
1427 2073 1524 2126 τοῦ
1566 2073 1727 2126 πνεύ-

179 2183 316 2232 ματος
361 2167 883 2236 ἐγκαταλείμματα,
932 2166 1074 2219 ὥστε
1119 2167 1214 2219 καὶ
1267 2165 1724 2236 Ἀνθεστηριῶνος

179 2260 585 2326 ἑπτακαιδεκάτῃ
635 2259 873 2313 ἐνταῦθα
923 2259 1022 2329 μὲν
1063 2259 1234 2311 πλείω
1287 2259 1348 2310 τὸ
1382 2257 1476 2311 τοῦ
1529 2258 1722 2328 χρόνου

179 2351 320 2417 μῆκος
343 2352 622 2418 γενέσθαι,
654 2351 1044 2421 μαλακώτερον
1086 2350 1143 2403 δὲ
1176 2353 1241 2420 τῇ
1275 2349 1523 2418 δυνάμει,
1573 2351 1630 2402 ἐν
1665 2348 1725 2402 δὲ

176 2445 227 2509 τῇ
261 2443 477 2512 ἀνατολῇ
509 2444 611 2497 καὶ
649 2444 820 2512 μείζω
863 2442 958 2495 τοῦ
1010 2442 1320 2510 φθάσαντος
1344 2444 1450 2495 Om).
1491 2442 1726 2495 δεινότεο

181 2547 270 2598 ρον.
311 2531 609 2599 Ἐνέσκηψε
646 2531 703 2583 δέ
753 2532 813 2584 τὸ
872 2531 1046 2585 δεινὸν
1095 2533 1217 2584 τότε
1274 2531 1381 2584 ἀπὸ
1431 2531 1539 2583 τῶν
1595 2531 1726 2600 περὶ

179 2623 432 2693 Πέργαμον
468 2627 559 2678 διὰ
596 2624 847 2694 Χλιαρῶν
881 2625 1064 2693 μέσων
1105 2625 1198 2676 καὶ⁸
1230 2626 1288 2681 ἐς
1318 2624 1491 2691 αὐτῆς
1524 2624 1725 2694 Περσί-

177 2714 248 2777 δος
283 2717 437 2791 μέρη,
469 2715 550 2780 ὡς
577 2718 868 2786 διαστῆναι
905 2717 1007 2788 μὲν
1041 2716 1310 2787 πολλαχοῦ
1349 2715 1446 2786 τὴν
1480 2717 1606 2786 γῆν,
1635 2718 1728 2768 ἐκ·

177 2904 503 2960 sustiuebant.
536 2906 813 2961 Caeterum
861 2907 1125 2961 Kalendis
1155 2906 1327 2971 Junii,
1365 2921 1490 2960 cum
1534 2906 1726 2962 triduo

177 3008 279 3049 ante
308 2997 612 3066 imperator
663 2999 1144 3068 Constantinopoli
1206 3014 1466 3066 egressus
1522 2997 1726 3052 Chclen

176 3104 339 3143 versus
369 3091 467 3143 iter
491 3092 714 3145 iniisset
743 3091 882 3161 (erat
919 3093 1033 3146 haec
1087 3108 1183 3144 arx
1219 3092 1354 3144 mari
1383 3091 1726 3160 circumﬂua)

175 3188 218 3231 rt
247 3183 410 3236 adhuc
451 3184 520 3236 ad
563 3183 860 3254 Damatt'yn
903 3183 1276 3236 tabernaculis
1329 3181 1449 3235 ﬁxis
1500 3197 1725 3250 exspec-

177 3365 301 3432 sequi
333 3381 450 3421 sese
486 3368 808 3434 praecedens
842 3365 1109 3435 jnsserat,
1131 3380 1356 3434 vespera
1392 3366 1580 3434 primre
1612 3366 1720 3421 diei

178 3457 370 3519 mensis,
424 3458 578 3511 circa
609 3466 827 3512 noctem
865 3457 1123 3522 mediam,
1158 3465 1320 3512 terra:
1354 3467 1538 3512 motus
1571 3473 1725 3513 coor-

179 3556 248 3602 tus
277 3559 351 3603 est
377 3551 597 3618 ingens,
621 3564 826 3619 quassa
861 3550 1058 3601 tellure
1089 3552 1154 3600 ad
1189 3549 1418 3602 formam
1463 3551 1722 3619 pulsuum

178 3643 508 3697 artericorum
565 3643 620 3696 in
671 3642 809 3696 vivis
842 3641 1188 3710 corporibus,
1222 3641 1434 3696 alterna
1463 3651 1722 3698 contrac-

179 3731 299 3786 tione
324 3751 381 3789 ac
406 3735 737 3790 dilatatione
778 3734 1121 3788 micantium.
1154 3733 1312 3799 Quod
1344 3750 1518 3802 genus
1562 3743 1724 3791 terrae

181 3833 412 3884 motuum.
445 3826 542 3896 qui
578 3827 645 3879 de
675 3825 783 3878 illis
825 3827 1190 3892 scripserunt,
1226 3825 1462 3878 maxime
1495 3827 1718 3880 noxium

181 3926 230 3964 ac
256 3912 588 3970 formidabile
620 3931 744 3971 esse
800 3916 1167 3980 tradiderunt,
1205 3925 1390 3984 utpote
1441 3932 1553 3986 quo
1607 3917 1724 3988 ipsa

181 4005 305 4069 quasi
329 4005 689 4061 fundamenta
725 4008 877 4062 orbis
902 4008 1119 4076 penitus
1162 4009 1376 4072 evoluta
1407 4007 1725 4062 convellan-

182 4099 271 4148 tur.
292 4096 493 4155 Tantus
516 4111 699 4154 autem
734 4101 781 4154 is
812 4100 904 4168 qui
945 4109 1079 4156 tunc
1105 4101 1305 4154 exstitit
1342 4101 1464 4165 fuit,
1489 4112 1726 4157 utnemo

181 4185 364 4252 juvmis
415 4201 510 4245 aut
565 4207 730 4246 senex
787 4193 1091 4263 quamlibet
1129 4209 1262 4259 vage
1319 4194 1724 4262 peregrinatus.

184 4286 450 4346 quantaevis
487 4286 776 4340 vetustatis
812 4301 906 4353 per
949 4296 1164 4340 aetatem
1223 4286 1453 4339 multum
1501 4302 1727 4355 provec-

185 4377 272 4424 tam
325 4391 554 4442 memor,
609 4393 793 4447 parem
847 4379 922 4432 illi
977 4393 1036 4432 se
1084 4393 1321 4446 unquam
1365 4388 1458 4430 aut
1513 4379 1724 4446 uspiam

184 4465 412 4529 sensisse,
443 4470 650 4524 nedum
707 4470 996 4537 majorem,
1036 4480 1224 4538 posset
1265 4470 1559 4524 aii'irmare.
1593 4468 1728 4536 Qui-

1816 597 1910 650 τοῦ
1948 595 2089 662 κατὰ
2138 597 2206 649 τὰ
2251 594 2466 665 Χλιαρά
2499 595 2766 665 φρουρίου
2819 593 3069 664 Θεμέλια,
3105 594 3201 647 καὶ
3233 593 3398 657 ναοὺς

1818 690 1910 742 καὶ
1941 690 2125 750 οἴκους
2159 687 2268 740 τῶν
2323 686 2672 758 περιπύστων
2702 689 3059 741 καταπεσεῖν.
3100 686 3206 744 Τοῦ
3261 685 3398 754 γοῦν

1820 782 2037 850 πρῶτον)
2066 781 2292 850 σεισμοῦ
2323 785 2416 834 καί¹
2459 780 2580 833 καθ’
2613 782 2759 850 ἡμᾶς
2800 780 3043 847 μεγάλου
3089 779 3401 849 ἐνσκήψαν-

1820 893 1912 938 τος
1941 875 2112 928 πολλά
2137 875 2235 944 μὲν
2260 875 2620 943 ἀναστήματα
2643 873 2748 926 τῶν
2768 876 2909 927 κατὰ
2936 873 3036 942 τὴν
3061 872 3217 925 πόλιν
3241 874 3404 926 κατέ-

1821 983 2043 1026 πιπτον,
2089 967 2152 1019 ἐκ
2187 964 2420 1018 παλαιοῦ
2459 965 2551 1018 τὸν
2595 965 2866 1035 ἐδρασμὸν
2917 963 3132 1036 [1)159]
3184 965 3402 1035 ἔχοντα,

1822 1059 2021 1110 πολλαὶ
2049 1059 2103 1110 δὲ
2132 1061 2227 1111 κοιὶ
2267 1059 2378 1110 τῶν
2420 1057 2554 1111 νέων
2588 1058 2755 1111 οἰκῶν
2784 1059 3229 1125 κατηρείιποντο.
3262 1057 3403 1118 Τοὺς

1819 1152 1876 1204 δέ
1917 1169 1980 1217 γε
2019 1151 2126 1204 τῶν
2162 1151 2404 1204 αύλαιῶν
2435 1151 2716 1217 θριγκοὺς,
2760 1150 2809 1203 οἳ
2851 1153 2943 1202 καὶ
2973 1153 3036 1205 ἐκ
3070 1150 3248 1220 ξηρῶν
3280 1167 3406 1203 συν-

1824 1241 2040 1295 ίσταντο
2068 1241 2252 1307 λίθων,
2287 1243 2427 1295 κατὰ
2471 1243 2704 1312 σωρείαν
2754 1243 2989 1295 ἕκαστον
3035 1238 3144 1297 εῖδὲ
3176 1260 3259 1306 τις
3287 1241 3405 1297 κεί-

1825 1352 2004 1404 μενον,
2068 1336 2254 1403 ὅμοιον
2307 1335 2386 1397 ὡς
2440 1335 2505 1388 ἂν
2560 1336 3041 1403 ἐπισωρευθέντων
3099 1335 3320 1388 ἄλλοθεν
3375 1334 3404 1386 6

1817 1430 2073 1498 τεχνίτης
2108 1429 2236 1492 τοὺς
2269 1430 2480 1500 τοίχους
2521 1429 2715 1498 ἔμελλε
2747 1430 3020 1498 συνιστᾷν.
3056 1429 3157 1480 Δύο
3187 1428 3230 1480 δ’
3264 1427 3404 1498 ἔργα

1821 1521 1928 1573 τῶν
1971 1520 2223 1590 μεγάλων
2270 1521 2504 1574 πεσόντα
2538 1521 2636 1590 τὴν
2668 1521 2790 1591 βίαν
2822 1522 3062 1589 ἐσήμηνε
3113 1519 3205 1572 τοῦ
3247 1519 3405 1588 κινή-

1825 1628 2016 1680 ματος.
2056 1611 2113 1663 Ὀ
2155 1612 2265 1682 γὰρ
2313 1613 2423 1665 τῶν
2469 1612 2666 1680 Ἀγίων
2695 1611 2953 1664 ἁπάντων
2998 1607 3122 1672 ναὸς
3177 1611 3233 1671 ἐς
3281 1609 3406 1661 τότε

1821 1683 2169 1774 συνεστηκὼς
2191 1746 2206 1769 ,
2260 1714 2353 1760 καὶ
2384 1706 2624 1774 μηδενὸς
2658 1705 2764 1758 τῶν
2807 1704 3119 1771 ἀναγκαίων
3146 1702 3406 1772 λειπόμε-

1825 1813 1936 1860 νος,
1978 1797 2224 1869 ἐλεεινὴν
2277 1798 2503 1868 θραῦσιν
2535 1799 2737 1866 πάσχει
2771 1797 2864 1849 καὶ
2897 1797 3103 1848 πτῶσιν
3156 1797 3254 1862 τῆς
3284 1796 3409 1866 ὀρο-

1827 1889 1954 1958 φῆς,
1983 1891 2084 1954 ὅση
2112 1908 2171 1942 τε
2204 1894 2332 1962 περὶ
2373 1893 2434 1944 τὸ
2462 1893 2614 1961 βῆμα
2645 1893 2735 1942 καὶ
2767 1892 2866 1959 ὅση
2918 1891 3048 1958 περὶ
3083 1889 3246 1958 μέσον
3275 1891 3408 1960 ἀνῳ-

1829 1981 2122 2053 κοδόμητο.
2161 1985 2267 2036 Καὶ
2294 1988 2320 2037 ὁ
2349 1986 2526 2036 ἐκεῖσε
2581 1983 2818 2052 χαλκοῦς
2844 1983 3070 2050 ἀνδριὰς
3098 1982 3192 2036 τοῦ
3244 1982 3406 2052 ἀρχι-

1829 2076 2164 2146 στρατήγου,
2199 2080 2228 2130 6
2262 2059 2368 2130 ἐπὶ.Δ
2404 2077 2696 2140 κιονὼδους
2733 2077 2830 2147 μὲν
2883 2076 3281 2147 ἐρηρεισμένος
3310 2075 3409 2128 τοῦ

1826 2170 2034 2239 ἅναστή
2046 2187 2236 2237 ματος,
2280 2171 2336 2232 ἐς
2365 2169 2534 2232 πόδας
2567 2168 2610 2220 δ’
2642 2169 2780 2238 ἔχων
2812 2169 2905 2221 τὸν
2937 2171 3145 2222 ἄνακτα
3191 2167 3408 2236 Μιχαὴλ

1826 2265 1928 2335 τὴν
1960 2263 2118 2316 πόλιν
2145 2262 2382 2332 φέροντα
2412 2261 2654 2332 κάκείνῳ
2681 2261 3151 2331 προσανατιθέντοι
3180 2263 3277 2315 καὶ
3304 2263 3408 2330 τὴν

1828 2352 2037 2421 ταύτης
2066 2351 2315 2420 φυλακὴν
2340 2350 2725 2417 ἐπιτρέποντα,
2753 2350 2782 2402 6
2801 2353 3040 2413 τοιοῦτος
3066 2350 3160 2404 οὖν
3185 2350 3408 2421 ἀνδριὰς

1829 2445 1921 2498 καὶ
1953 2445 1985 2514 ἡ
2017 2443 2120 2496 ἀνὰ
2157 2445 2347 2512 χεῖρας
2377 2443 2454 2515 τῷ
2487 2443 2697 2508 βασιλεί
2726 2443 2901 2507 πόλις,
2932 2446 2960 2497 6
2992 2445 3091 2514 μὲν
3113 2446 3214 2516 τὴν
3235 2461 3408 2512 κεφα-

1828 2535 1927 2606 λὴν
1977 2539 2318 2606 ἀφαιρεῖται,
2374 2538 2406 2606 ή
2458 2537 2513 2589 δέ
2557 2536 2666 2589 τῶν
2708 2537 2912 2607 χειρῶν
2943 2537 3036 2591 τοῦ
3075 2538 3407 2608 κρατοῦντος

1830 2627 2206 2690 ἐξολισθαίνει,
2243 2632 2338 2680 καὶ
2370 2628 2506 2696 πρὸς
2543 2628 2648 2697 γῆν
2677 2627 2844 2695 ἄμφω
2875 2629 3155 2684 πίπτουσι.
3189 2628 3407 2682 Τούτων

1828 2715 1922 2774 οῦν
1950 2721 2275 2791 συμϐάντων
2299 2723 2330 2790 ή
2361 2721 2462 2791 μέν
2486 2722 2640 2784 πόλις
2669 2723 2820 2775 πᾶσα
2843 2721 2933 2774 ὑπ’
2957 2722 3136 2790 αὐγὰς
3165 2724 3404 2795 ἡμέρας,

1833 2904 2050 2971 templis
2089 2917 2309 2972 quoque
2347 2917 2409 2956 ac
2463 2903 2588 2956 aliis
2615 2902 2860 2958 aedificiis
2907 2903 3088 2971 specie
3119 2918 3182 2956 ac
3213 2904 3409 2958 solidi-

1833 3005 1942 3050 tate
1973 2997 2282 3051 celebribus
2308 2998 2619 3065 prostratis.
2649 2996 2835 3050 Primo
2877 3012 3042 3065 porro
3091 2996 3258 3065 hujus
3289 3006 3404 3053 ter-

1831 3104 1906 3142 rae
1932 3097 2115 3142 motus
2147 3088 2201 3142 in
2237 3088 2352 3141 haec
2380 3086 2498 3142 loca
2528 3088 2772 3156 impulsu
2803 3095 2989 3144 mutue
3023 3090 3197 3145 moles
3225 3093 3411 3145 excelo

1750 3201 1794 3260 ρ
1831 3193 1925 3242 sm,
1955 3193 2078 3246 qua:
2105 3192 2259 3232 suam
2289 3177 2604 3232 ﬁrmitatem
2631 3178 2794 3247 longo
2829 3187 2973 3234 statu
3019 3181 3405 3250 probaverant,

176 3280 292 3326 taret
345 3284 556 3338 partem
592 3273 738 3326 illam
794 3273 1050 3342 palatina:
1115 3274 1337 3327 familia:
1367 3289 1530 3342 quam
1590 3274 1722 3330 illuc
1772 3336 1777 3340 η

1832 3269 2219 3336 conciderunt,
2250 3271 2434 3324 multa:
2471 3284 2627 3324 novae
2679 3281 2969 3330 structurae
2998 3273 3221 3341 dejectae
3253 3283 3404 3330 sunt.

1833 3361 1994 3432 Septa
2064 3377 2192 3416 vero
2249 3361 2353 3416 late
2410 3364 2708 3430 patentium
2741 3379 2990 3418 arearum
3021 3374 3077 3418 et
3121 3367 3396 3422 siccorum

1831 3453 1952 3508 sine
1980 3463 2243 3509 caainento
2275 3456 2548 3524 dispositu
2602 3470 2862 3510 saxorum
2916 3459 3144 3513 sublatae
3194 3462 3404 3514 circum

1830 3547 2086 3600 macerite
2114 3547 2438 3601 cumulatim
2496 3564 2839 3620 unaquaeque
2872 3551 2924 3603 in
2975 3552 3115 3605 latus
3148 3568 3410 3620 procum-

1835 3637 2056 3702 hebant,
2095 3648 2154 3691 ut
2191 3653 2284 3693 eas
2320 3641 2409 3708 qui
2463 3648 2649 3696 strues
2674 3652 2984 3708 cernerent,
3019 3643 3086 3697 de
3134 3645 3408 3700 industria

1831 3740 2208 3800 comportatos
2237 3742 2469 3802 apteque
2503 3734 2748 3802 digestos
2781 3735 2997 3804 lapides
3012 3735 3068 3789 in
3093 3752 3250 3792 usum
3274 3740 3410 3792 arti-

1833 3821 1952 3876 ﬁcis
2011 3839 2196 3879 muros
2236 3824 2348 3880 illic
2401 3824 2642 3878 molituri
2701 3826 2913 3895 opinari
2967 3827 3095 3894 jure
3159 3841 3404 3899 possent.

1835 3914 1950 3968 Duo
1980 3921 2159 3968 tamen
2186 3915 2414 3970 aediﬁcia
2449 3916 2698 3985 ingentia
2756 3918 2873 3972 suis
2905 3918 3082 3974 ruinis
3117 3921 3412 3976 vehemen-

1834 4005 1966 4060 tiam
2004 4015 2184 4061 motus
2242 4007 2626 4062 oSIenderunt.
2662 4008 2988 4064 Sanctorum
3041 4015 3246 4067 etenim
3286 4029 3409 4067 om-

1837 4099 1985 4151 nium
2024 4098 2307 4164 templum,
2351 4098 2498 4167 quod
2553 4110 2786 4154 eatenus
2816 4101 3209 4158 inconcussum
3239 4113 3411 4159 stete-

1836 4198 1939 4251 rat,
1972 4189 2099 4244 licet
2124 4190 2177 4243 in
2203 4205 2268 4245 eo
2299 4191 2432 4244 nihil
2465 4195 2731 4247 omissum
2762 4193 2828 4248 ad
2865 4194 3065 4250 tuenda
3109 4204 3408 4251 sartatecta
3457 4191 3468 4204 ’

1835 4283 2224 4337 necessarium
2255 4283 2552 4346 diceretur,
2586 4285 2948 4340 miserabilem
2981 4303 3199 4358 passum
3233 4289 3411 4344 labem

1834 4384 1940 4437 est,
1974 4374 2348 4430 eminentibus
2405 4377 2636 4445 fastigiis
2667 4377 2907 4443 duobus,
2968 4395 3203 4444 quorum
3241 4395 3409 4434 unum

1836 4482 1943 4521 ara:
1969 4472 2216 4521 maximae
2248 4477 2682 4537 superstructum
2714 4469 2912 4536 fuerat,
2966 4474 3195 4527 alterum
3231 4473 3411 4528 umbi-

183 4552 284 4608 dam
315 4567 489 4614 tamen
521 4563 616 4631 qui
651 4563 792 4616 ultra
829 4565 1109 4632 vulgarem
1146 4562 1366 4616 modum
1406 4571 1727 4626 senuerunt,
1760 4561 1807 4618 D
1835 4559 1942 4612 liro
1972 4560 2349 4625 incumbebat,
2379 4562 2520 4616 tristi
2545 4578 2674 4616 casu
2705 4563 3035 4618 deturbatis.
3065 4564 3197 4631 Quae
3226 4575 3407 4621 autem

183 4652 337 4714 prisco
364 4654 437 4707 illi
470 4665 631 4708 terrae
698 4658 890 4720 motui,
935 4656 1026 4725 qui
1062 4671 1158 4725 per
1189 4655 1572 4710 excellentiam
1610 4672 1726 4708 ma-

184 4754 298 4804 gnus
323 4747 644 4814 appellatur,
680 4747 824 4800 hunc
856 4747 1093 4815 quadam
1130 4762 1196 4800 ex
1232 4757 1387 4816 parte
1438 4762 1726 4814 compara-

188 4830 320 4886 bilem
353 4840 658 4904 putabant:
697 4856 821 4892 nam
873 4848 926 4893 et
985 4840 1036 4892 in
1072 4841 1196 4901 hoc,
1245 4839 1502 4893 similiter
1555 4847 1614 4892 ut
1671 4840 1725 4892 in

187 4924 280 4989 ιιιυ,
311 4933 657 5000 contingebat
685 4933 1010 5001 plerumque
1070 4947 1168 5001 per
1201 4933 1345 4985 diem
1399 4941 1455 4986 et
1511 4943 1724 4985 noctem

185 5018 385 5080 proferri
421 5023 674 5077 debiliori
714 5038 984 5077 succussu
1013 5023 1170 5090 quasi
1204 5023 1408 5077 sensim
1436 5025 1727 5091 elangues-

184 5112 334 5163 rentis
362 5113 619 5184 reliquias
652 5115 904 5182 spiritus.
957 5117 1108 5168 Adeo
1141 5125 1201 5168 ut
1253 5115 1482 5185 septima
1506 5116 1726 5169 decima

186 5203 508 5260 mensisJulii
539 5209 937 5262 concussiones
994 5209 1083 5261 hic
1109 5206 1328 5276 quidem
1364 5215 1550 5261 essent
1603 5220 1728 5275 pro-

185 5286 430 5350 ductiores
459 5307 725 5367 tempore,
791 5298 1139 5352 remissiores
1200 5311 1328 5350 vero
1389 5297 1621 5366 impetu,
1673 5296 1727 5350 in

186 5379 378 5443 Oriente
405 5406 531 5446 vero
560 5392 801 5459 majores
834 5401 890 5446 et
925 5391 1090 5463 234
1120 5391 1562 5447 vehementiores
1590 5407 1727 5460 prae-

186 5476 492 5538 cedentibus.
545 5485 802 5539 Grassari
863 5498 1044 5538 autem
1098 5486 1150 5538 id
1207 5487 1409 5538 malum
1471 5487 1638 5554 coepit
1697 5500 1726 5538 a

189 5567 422 5642 Pergamo
452 5593 546 5647 per
594 5578 771 5633 media
801 5577 1020 5632 Clrliara
1075 5579 1382 5648 procedens
1441 5593 1617 5645 usque
1661 5577 1725 5629 ad

192 5663 338 5730 ipsius
382 5667 618 5727 Persidis
671 5680 875 5741 partes,
928 5672 1116 5726 hiante
1166 5671 1354 5725 multis
1408 5671 1541 5724 locis
1585 5669 1726 5733 solo,

189 5756 357 5815 alicubi
401 5765 558 5818 etiam
595 5780 770 5834 aquas
823 5780 885 5818 ex
932 5765 1127 5817 intimo
1172 5763 1323 5818 foras
1371 5763 1726 5832 propellente,

188 5847 307 5899 arcis
366 5850 430 5903 ad
483 5853 703 5909 Cltliara
739 5856 856 5910 siue
887 5854 1261 5908 fundamentis
1327 5854 1460 5924 ipsis
1494 5853 1726 5918 eversis,

1837 4651 1949 4705 illic
1980 4653 2260 4705 visebatur
2291 4668 2440 4707 aenea
2472 4662 2652 4708 statua
2693 4657 2870 4708 sancti
2911 4656 3117 4710 militiae
3167 4658 3411 4712 caelestis
3477 4633 3491 4646 ’

1831 4745 2229 4815 imperatoris,
2269 4747 2538 4803 insistens
2607 4749 2724 4803 basi
2792 4750 3064 4814 rotundae,
3118 4751 3184 4805 ad
3245 4752 3411 4821 pedes

1831 4838 2039 4895 habens
2097 4838 2412 4894 Michaelem
2466 4831 2770 4910 Augustum
2819 4843 2972 4897 urbis
3042 4844 3408 4900 simulacrum

1832 4932 2196 4986 sustinentem
2267 4932 2542 4994 manibus,
2619 4932 2808 4987 habitu
2871 4934 3158 4990 offerentis
3217 4949 3410 4991 sancto

1830 5025 1933 5078 sibi
1983 5024 2297 5094 cognomini
2329 5026 2658 5095 arcltangelo
2705 5027 2934 5096 ejusque
2964 5028 3226 5082 custodia:
3256 5043 3411 5083 com-

1831 5117 2145 5172 mendantis
2173 5118 2476 5181 civitatem.
2514 5119 2663 5183 talis,
2721 5121 2968 5189 inquam,
3005 5129 3182 5177 statua
3231 5122 3410 5188 capite

1832 5208 2049 5277 dejecto
2081 5208 2294 5264 minuta
2354 5219 2458 5274 est,
2519 5219 2574 5266 et
2632 5211 2684 5264 in
2741 5212 2843 5281 ipsi
2892 5213 3139 5282 subjecta
3199 5214 3411 5282 species

1832 5301 2074 5354 civitatis
2103 5315 2134 5354 e
2172 5300 2430 5356 manibus
2491 5301 2727 5369 Augusti
2757 5303 3024 5367 concidit,
3082 5313 3314 5372 utroque
3355 5305 3410 5357 in

1833 5401 2031 5444 terram
2059 5391 2222 5460 235
2251 5393 2528 5447 devoluto.
2585 5392 2952 5447 Consternata
3006 5408 3172 5447 sensu
3236 5396 3413 5463 primo

1832 5491 1942 5534 tam
1984 5483 2118 5536 dira:
2152 5482 2482 5537 calamitatis
2535 5497 2796 5538 universa
2827 5486 2960 5538 urbs
3003 5484 3246 5538 diluculo
3276 5499 3413 5538 con-

1831 5577 2008 5628 currit
2038 5574 2103 5628 ad
2138 5575 2401 5644 templum
2457 5577 2778 5640 maximum,
2841 5576 2931 5629 ubi
2966 5578 3200 5631 vacabat
3223 5577 3412 5645 propi-

1835 5666 2024 5719 tiaudo
2085 5666 2340 5735 precibus
2395 5666 2525 5719 Deo.
2581 5667 2650 5718 At
2684 5669 2983 5733 imperator
3010 5678 3163 5721 extra
3222 5668 3411 5721 urbem

1833 5769 1970 5811 tunc
2027 5769 2297 5828 repertus,
2350 5769 2407 5812 ιιι
2463 5761 2730 5822 diximus,
2779 5769 2832 5813 et
2863 5769 3132 5830 quantum
3174 5761 3226 5814 id
3288 5762 3414 5814 tnaii

1832 5861 1980 5907 esset
2037 5853 2375 5923 intelligens,
2416 5851 2598 5906 timuit
2653 5853 2746 5907 ille
2783 5853 3006 5922 quidem
3045 5853 3258 5908 civitati
3297 5853 3419 5909 uni-
