3922 6548
184 342 273 407 961

988 343 1084 405 DE
1126 346 1568 413 ANDRONICO
1611 350 2079 417 PAL/EOLOGO
2108 356 2258 418 LIB.
2301 358 2418 418 III.

3307 365 3416 431 262

188 455 265 521 ις’.
307 455 435 526 Περι
481 452 587 509 τοῦ
634 455 1164 546 ὅριξζοϐοᾼιίμείρμ
1209 460 1396 529 ,λόγου
1452 460 1549 515 διὰ
1593 460 1733 530 τοὺς
1766 474 1812 530 Α
1838 466 1946 518 τῶν
1973 465 2072 538 τῆς
2114 468 2323 531 πόλεως
2353 468 2571 539 τειχῶν,
2607 468 2726 539 μεθ’
2754 470 2836 523 ὅτι
2886 469 3143 542 πλείστης
3177 475 3417 546 κορύζης

474 553 494 579 ο
631 524 842 595 κριτὰς
872 525 970 580 καὶ
996 528 1249 595 κρίσεις.

259 639 480 710 Ὀλίγαις
503 638 551 691 δ’
583 638 811 712 ὕστερον
842 640 1079 711 ἡμέραις
1104 640 1198 695 καὶ
1236 643 1266 697 ό
1291 644 1734 715 χρυσοϐούλλειος

189 734 278 803 μὶν
309 730 644 785 συντάττεται
670 730 869 801 λόγος,
894 732 944 784 oi
973 730 1019 784 δ’
1059 731 1373 800 ἐκλέγονται
1410 735 1730 805 πρόσφοροι,

189 825 271 878 καὶ
316 821 520 887 σΰναξις
560 820 725 877 πάλιν
780 817 936 885 αὖθις
988 823 1130 878 κατὰ
1179 825 1247 878 τὰ
1295 825 1394 893 τῆς
1445 826 1734 895 δεσποίνης

184 916 433 986 ἀνάκτορα
476 914 710 982 γίνεται,
756 915 880 986 τῇδε
916 916 1039 969 τότε
1084 915 1179 969 τοῦ
1216 918 1545 987 κρατοῦντος
1593 937 1729 995 σκη-

186 1007 399 1068 νοῦντος.
452 1006 561 1058 Καὶ
614 1006 920 1076 δημηγορεῖ
964 1006 1217 1076 βασιλεὺς
1251 1007 1335 1081 [Ρ.
1384 1008 1508 1081 iiii]
1543 1009 1610 1063 τὰ
1656 1014 1735 1064 εξ-

187 1099 326 1161 κότα,
373 1095 463 1152 καὶ
504 1098 534 1150 ό
584 1097 1036 1166 χρυσοϐούλλειος
1068 1099 1225 1167 λόγος
1274 1101 1729 1169 ἀναγινώσκεται.

188 1189 374 1260 Προὲϐη
420 1189 476 1242 δέ
524 1190 620 1242 καί
667 1206 812 1243 τισιν
856 1191 1017 1262 ὅρκος
1059 1191 1170 1245 τῶν
1206 1192 1496 1258 δικαστῶν,
1523 1197 1638 1249 ὅσοι
1675 1196 1733 1249 δὲ

189 1280 270 1333 καὶ
312 1282 371 1332 ἐκ
416 1280 517 1350 τῆς
570 1280 877 1350 συγκλήτου
928 1283 1095 1355 πείρᾳ
1125 1287 1323 1355 νομικῇ
1368 1288 1465 1339 καὶ
1517 1286 1731 1340 συνέσει

189 1371 528 1442 προφέροντες
587 1372 932 1443 ἐκλελέχατο.
993 1376 1102 1439 Καὶ
1157 1375 1387 1446 φοϐερὸν
1442 1378 1732 1432 καθίστατο

188 1462 506 1532 δικαστήριον
541 1463 769 1534 μεγάλῳ
799 1482 857 1518 τε
892 1467 987 1519 καὶ
1018 1466 1200 1537 μικρῷ
1230 1467 1320 1520 ἐπ’
1347 1468 1466 1539 ίσης
1494 1469 1589 1532 τὰς
1614 1470 1735 1542 κρί-

153 1596 159 1623 _.
190 1571 284 1619 οεις
311 1554 557 1625 ἐκφέρον,
586 1555 636 1608 εί
670 1556 763 1609 καὶ
802 1557 877 1626 μὴ
905 1558 962 1620 ἐς
991 1559 1211 1627 μακρὰν
1244 1558 1561 1626 διετέλεσεν,
1595 1562 1733 1617 ἀλλὰ

154 1650 157 1690 ;
189 1640 289 1696 ἐπ’
310 1642 509 1711 ὀλίγον,
544 1646 689 1698 κατὰ
728 1645 827 1710 τὰς
858 1647 965 1701 τῶν
1002 1648 1275 1717 μουσικῶν
1321 1651 1527 1722 χορδῶν
1568 1653 1733 1724 κρού-

190 1750 301 1796 σεις,
327 1732 684 1804 ἐξησθενηκδς
712 1735 1143 1808 διαπεφωνήκει.

1852 554 2117 626 Ἰταλικῆς
2155 560 2246 610 καὶ
2299 559 2680 629 φρυάγματος,
2723 561 2857 630 πρὸς
2891 560 2950 614 τὸ
2977 563 3201 616 τοπικὸν
3235 565 3417 638 ῥεῦμα

1837 645 2207 711 ἀντωθοῢντες
2254 653 2373 713 ταῖς
2419 650 2633 713 κώπαις
2683 652 2971 722 ἀνήγοντο,
3036 648 3294 723 βασιλεὺς
3357 656 3415 710 δὲ

1836 739 2209 808 πρωῖαίτερον
2241 742 2435 806 ἐπιϐὰς
2483 743 2652 796 ἵππου
2697 744 2794 797 σὺν
2825 746 2937 808 τοῖς
2965 743 3105 815 ἀμφ’
3131 746 3314 812 αὐτὸν,
3355 748 3414 800 ἐν

1836 833 1900 909 τῇ
1943 831 2036 884 τοῦ
2072 831 2434 903 Ἰπποδρόμου
2497 835 2758 909 σφενδόνῃ
2807 837 3120 906 ἱστάμενος,
3169 839 3267 911 τὴν
3298 840 3409 894 τῶν

1837 921 1977 974 νεῶν
2006 924 2298 994 ἀναγωγὴν
2344 925 2756 981 κατεπὼπτευε.
2798 927 3061 983 Κάτωθεν
3105 928 3161 983 δὲ
3195 931 3243 983 οἱ
3279 933 3415 1002 περὶ

1834 1010 1927 1062 τὸν
1956 1013 2131 1080 μέγαν
2152 1013 2470 1083 δομέστικον
2517 1015 2771 1086 Ἰωάννην
2803 1019 2895 1071 rev
2939 1020 3283 1091 Σεναχηρεὶμ
3313 1024 3414 1076 καὶ

1838 1103 2103 1171 Ἀγγελον
2130 1105 2229 1174 τῆς
2267 1107 2648 1176 στρατιώτιδος
2689 1110 2894 1175 τάξεως
2938 1111 3273 1182 ὠπλισμένοι
3302 1114 3413 1167 διέο

1836 1193 1958 1247 θεον
2003 1195 2151 1249 ἔνδον
2197 1197 2290 1251 καὶ
2313 1199 2470 1251 αὐτοὶ
2516 1198 2609 1252 τοῦ
2644 1201 2881 1269 τείχους,
2929 1203 3062 1256 ὅπου
3096 1202 3162 1255 ἂν
3196 1204 3411 1275 αι’νῇες

1834 1287 2248 1356 προσϐάλλοιεν,
2289 1291 2497 1355 ἐννοίας
2527 1290 2692 1361 οὔσης
2725 1292 2804 1360 (οὐ
2848 1293 2956 1364 γὰρ
2986 1288 3132 1365 εἶχον
3165 1294 3410 1367 ἀκριϐῶς

1832 1379 2035 1433 εἰδέναι
2081 1381 2180 1453 τὴν
2226 1382 2454 1454 ἄφιξιν),
2498 1385 2570 1456 μή
2597 1384 2649 1436 τί
2675 1401 2778 1437 που
2822 1386 2919 1441 καὶ
2961 1387 3070 1439 τῶν
3100 1387 3288 1441 δεινῶν
3315 1389 3410 1440 ἐπὶ

1833 1475 1900 1544 τῇ
1937 1473 2089 1527 πόλει
2143 1475 2813 1547 καταπανουργεύσαιντο,
2852 1475 2991 1531 ὥστε
3048 1479 3141 1532 καὶ¹
3168 1479 3267 1543 τὰς
3300 1479 3407 1534 πύ-

1831 1563 1930 1629 λας
1977 1567 2441 1638 ἐγκεκλεισμένας
2491 1568 2708 1632 πολλοῖς
2752 1570 2964 1625 ἔνδοθεν
2996 1573 3108 1635 τοῖς
3154 1572 3408 1634 ὁπλίταις

1831 1654 2231 1725 διατηρεῖσθαι,
2277 1660 2404 1728 μιᾶς
2450 1657 2507 1711 δὲ
2572 1661 2712 1713 κατὰ
2749 1661 2849 1730 τὴν
2903 1661 3069 1732 μονὴν
3101 1661 3198 1714 τοῦ
3247 1661 3406 1729 ἁγίου

1831 1748 2084 1818 Λαζάρου
2119 1751 2343 1812 πυλίδος
2394 1752 2736 1822 ἀνοιχθείσης
2782 1751 2905 1806 κατ’
2949 1753 3121 1823 αὐτὴν
3169 1752 3409 1817 ἐξελθεῖν

188 1853 260 1917 ιη’,
292 1849 423 1928 asp;
465 1848 593 1928 τῆς.
622 1849 1014 1928 ἐπελεύᾳεωε
1048 1853 1168 1908 τῶν
1213 1808 1542 1928 έενετικῶν
1574 1858 1727 1914 κατά
1760 1859 1803 1915 Β
1831 1839 1921 1894 τὸν
1951 1841 2060 1894 ἀπὸ
2091 1840 2358 1925 βασιλέως
2393 1808 2798 1913 πρδςμέκείνους
2840 1808 3102 1899 σταλέντα
3132 1848 3406 1917 περιφανῆ

519 1918 642 1973 τῶν
669 1920 737 1974 ἐν
762 1924 935 1975 πόλει
963 1925 1360 1982 Γεννουῑτῶν.

238 2006 359 2060 Τότε
383 2007 434 2062 δέ
466 2010 588 2078 μετ’
639 2011 842 2079 ὀλίγον,
875 2015 1095 2087 εἰκοστῇ
1125 2015 1357 2091 δευτέρᾳ
1398 2018 1493 2073 τοῦ
1535 2011 1722 2076 ’Ᾱνθε-

188 2101 451 2169 αηριῶνος
506 2102 697 2172 μηνὸς,
735 2104 1011 2159 Βενετικοὶ
1065 2112 1303 2181 μακραῖς
1353 2112 1513 2166 ναυσὶ⁵
1556 2114 1723 2170 πέντε

185 2191 262 2243 καὶ
283 2192 644 2263 ἐϐδομήκοντα
683 2196 775 2249 τὸν
811 2195 1200 2269 Ἑλλήσποντον
1252 2201 1551 2268 διελθόντες
1599 2203 1725 2272 ἐξα·

185 2282 387 2345 ¹ιςιναίως
411 2287 476 2355 τῇ
507 2287 919 2342 Ιςωνσταντίνου
948 2292 1370 2362 προσϐάλλουσι.
1405 2297 1517 2351 Καὶ
1537 2297 1726 2369 ἡμέρα

186 2373 498 2444 κυριώνυμος
522 2371 613 2447 ἦν,
652 2376 730 2431 ὅτ’
752 2381 952 2434 ἐκεῖνοι
984 2382 1084 2453 μὲν
1110 2386 1484 2452 προσελῶντες
1518 2390 1574 2443 ἐν
1607 2390 1724 2462 χρῷ

187 2550 255 2607 l7.
318 2553 392 2608 De
441 2559 816 2638 constitutione
867 2578 1031 2638 aurea
1081 2562 1236 2638 pulla
1302 2567 1521 2638 ﬁrmata
1579 2571 1727 2627 circa

655 2630 865 2699 judice:
904 2642 956 2687 et
990 2633 1218 2702 judicia.

238 2738 421 2796 Paucis
444 2753 569 2811 post
597 2741 791 2799 diebus
820 2745 1091 2814 promissa
1112 2744 1367 2819 superius
1400 2755 1725 2813 constitutio
1758 2792 1767 2797 ι

179 2832 467 2902 conscripta
496 2843 552 2889 et
577 2849 740 2891 aurea
782 2837 929 2892 bulla
983 2840 1194 2896 munita
1233 2851 1340 2901 est.
1381 2844 1726 2918 ldoneiquo-

177 2936 271 3015 que
298 2924 487 2981 delecti
509 2937 641 2981 sunt
661 2926 899 2996 judices.
935 2931 1093 2999 Tum,
1123 2948 1299 2990 novus
1339 2953 1532 2995 rursus
1552 2942 1717 3015 237

178 3008 417 3065 indicitur
439 3025 744 3072 conventus
775 3018 844 3072 ad
880 3019 1116 3077 dominae
1142 3026 1367 3094 regiam.
1419 3008 1724 3090 Natu—forte

179 3109 290 3156 tunc
315 3104 389 3158 ibi
413 3105 639 3175 degebat
670 3109 969 3179 imperator
990 3155 1004 3179 ,
1036 3116 1130 3185 qui
1159 3119 1462 3175 orationem
1500 3123 1565 3176 ad
1593 3138 1735 3199 con-1

1825 1949 1948 1985 τινα
1973 1933 2145 2006 ἄνδρα
2172 1918 2455 1989 Βενετικδν
2484 1936 2626 1990 κατὰ
2654 1937 2844 2007 χρείαν
2868 1936 3165 2005 πρεσϐείας
3192 1932 3406 1990 ἐνταῦθ’

1825 2022 2253 2095 εὑρισκόμενος,
2316 2024 2445 2079 ὥστ’
2505 2025 2783 2096 ἐρωτῆσαι
2840 2027 2937 2080 καὶ
2993 2028 3185 2095 μαθεῖν
3234 2026 3320 2094 ἐφ’
3361 2022 3408 2093 ᾧ

1824 2116 2218 2185 παραγένοιντο
2246 2118 2511 2183 ἐκείνους,
2549 2119 2764 2172 καὶτὸν
2802 2118 3103 2173 ἀπόστολον
3152 2136 3408 2190 παρακα-

1823 2212 2065 2279 τασχεῖν,
2089 2207 2186 2262 καὶ
2212 2209 2382 2279 μηδὲν
2404 2210 2636 2275 ἀξιῶσαι
2656 2211 2766 2264 τῶν
2795 2211 2876 2274 είς
2902 2211 3218 2279 ἀπόκρισιν.
3262 2210 3407 2283 Παρ’

1825 2302 1893 2372 ἢν
1933 2302 2113 2355 αἰτίαν
2145 2303 2240 2355 καὶ
2288 2304 2490 2373 μᾶλλον
2529 2303 2656 2367 τοὺς
2698 2303 2841 2357 κατὰ
2871 2305 2971 2373 τὴν
3000 2303 3160 2355 πόλιν
3192 2303 3407 2355 Βενετι·

1828 2391 1958 2453 κοὺς
1989 2393 2047 2446 ἐν
2074 2392 2575 2468 δειναῖςτῦποψίαις
2624 2395 2853 2462 ἄγοντες
2901 2394 3175 2463 φυλακαῖς
3223 2393 3408 2463 διετή-

3176 2512 3187 2545 l

1826 2583 1934 2638 que
1978 2569 2270 2640 manipulis
2320 2578 2376 2627 et
2429 2571 2748 2627 cohortibus
2779 2570 2924 2627 uitro
2977 2572 3228 2643 citroque
3259 2573 3404 2628 intra

1828 2674 2016 2716 muros
2038 2669 2093 2716 et
2124 2662 2226 2732 ipsi
2259 2662 2664 2729 discurrebant,
2693 2665 2887 2722 intenti
2919 2664 2985 2718 ad
3002 2664 3403 2720 occurrendum

1826 2768 2154 2824 quacunque
2189 2771 2355 2810 naves
2395 2757 2725 2811 molirentur
2750 2771 3112 2812 exscensum:
3148 2770 3272 2811 nam
3294 2771 3405 2825 quo

1826 2844 2059 2899 consilio
2096 2844 2201 2900 illae
2250 2846 2591 2916 ingruereut,
2658 2847 2801 2901 haud
2866 2847 2995 2900 dum
3055 2853 3402 2916 perspectum

1826 2932 1992 3004 238
2014 2946 2132 2989 erat
2183 2936 2356 3002 satis;
2402 2947 2455 2990 et
2513 2937 2817 3005 periculum
2873 2945 2994 2989 erat
3050 2951 3117 2989 ne
3190 2933 3405 2988 infestae

1827 3023 2097 3085 venirent,
2130 3023 2498 3077 calamitatem
2528 3023 2649 3077 urbi
2683 3024 2924 3092 aliquam
2951 3023 3079 3077 dolo
3111 3022 3256 3076 maio
3282 3037 3403 3075 ma-

1826 3113 2138 3167 chinantes.
2177 3114 2363 3183 Itaque
2425 3123 2595 3183 portae
2649 3115 2846 3168 clausa:
2903 3114 3145 3168 civitatis
3207 3114 3404 3167 validis

180 3204 408 3263 negatos
447 3200 520 3253 rei
558 3216 681 3270 qua:
703 3216 969 3272 agebatur
999 3211 1469 3265 accommodatam
1506 3214 1718 3270 habuit.
1747 3212 1790 3271 Ο
1823 3215 1946 3260 εηιε
1967 3218 2242 3274 ειυιιηιψιε
2273 3203 2565 3274 ἀίδροείίίε
2618 3205 2886 3273 Ρτεεείάίίε
2934 3214 3272 3258 ²¹Ί¹¹³ί⁰¹⁹¹¹¹¹¹
3305 3218 3404 3256 (δι”

182 3283 286 3340 Post
312 3302 430 3342 eam
452 3280 653 3360 legitur
691 3296 1015 3351 constitutio
1067 3314 1204 3354 auro
1254 3301 1476 3357 bullata.
1522 3304 1719 3361 Datum

180 3380 315 3434 etiam
350 3397 382 3434 a
429 3385 1029 3457 qnibusdamjudicum
1057 3393 1240 3448 verbis
1300 3398 1580 3467 conceptis
1605 3399 1727 3468 jus-

180 3468 441 3534 jurandum
468 3486 575 3530 est.
616 3476 761 3531 inid
813 3495 946 3534 sane
993 3483 1283 3554 collegium
1347 3488 1662 3558 quicunque
1692 3505 1724 3545 e

180 3566 341 3612 senatu
371 3563 566 3629 peritia
605 3580 817 3634 usuque
849 3568 1024 3637 legum
1075 3580 1147 3626 ac‘
1170 3575 1461 3642 prudentia
1506 3579 1720 3633 emine-

183 3650 307 3717 bant,
328 3662 461 3710 sunt
483 3656 661 3714 electi.
684 3656 946 3717 Constitit
976 3663 1104 3721 inde
1120 3665 1465 3740 inciytum'et
1492 3689 1727 3743 peccan-

181 3743 300 3797 tibus
324 3747 569 3805 terribile
603 3752 866 3817 tribunal,
891 3755 1012 3809 sine
1042 3758 1154 3811 ullo
1185 3772 1434 3832 respectu
1468 3779 1567 3833 pro
1600 3767 1721 3820 solo

181 3847 328 3893 rerum
357 3840 552 3896 merito
581 3843 648 3897 de
681 3846 899 3902 cunctis
929 3856 1176 3906 statuens
1223 3864 1276 3908 et
1298 3854 1504 3923 judicia
1541 3856 1720 3914 ferens

180 3929 480 3996 aequissima.
506 3933 614 3987 Sed
648 3950 757 3991 non
787 3937 880 3991 diu
914 3937 1168 4008 duravit;
1220 3959 1346 3999 nam
1377 3947 1523 4001 velut
1561 3951 1723 4003 chor-

181 4017 245 4072 dis
265 4020 436 4075 evenit
490 4025 738 4091 cithar-te,
798 4027 987 4098 plectri
1037 4042 1131 4086 aut
1180 4034 1472 4104 digitorum
1526 4039 1718 4094 attritu

180 4115 352 4166 sensim
397 4119 703 4172 extenuatis
747 4126 842 4173 aut
887 4123 1165 4191 relaxatis,
1201 4130 1417 4182 tandem
1458 4133 1719 4188 exsurde-

181 4205 444 4269 scentibns,
508 4209 584 4262 ita
638 4210 796 4265 istius
849 4214 978 4266 novi
1032 4217 1299 4286 AreOpagi
1351 4222 1507 4290 quasi
1560 4222 1715 4278 chori

181 4296 341 4350 musici
367 4299 727 4356 suavissimus
780 4313 1080 4362 concentus
1124 4311 1349 4365 remisso
1388 4314 1591 4369 sensim
1640 4326 1716 4372 te-

184 4396 291 4440 nore
321 4389 551 4457 primum
583 4392 993 4463 elanguescens,
1049 4398 1189 4454 haud
1219 4401 1379 4475 longo
1403 4404 1529 4461 inde
1586 4421 1716 4476 pro-

181 4486 310 4528 cessu
341 4478 493 4546 plane
514 4480 843 4538 dissolutum
874 4485 1164 4543 obmutuit.

184 4583 254 4638 l8.
303 4587 375 4643 De
421 4589 715 4662 irruptwne
759 4594 1172 4673 Yenelgorumiiu
1222 4584 1517 4665 Cannenses
1569 4612 1716 4667 urbis

776 4668 1084 4738 inquilinos.

240 4747 427 4821 Exiguo
454 4765 579 4823 post
605 4756 710 4812 ista
740 4766 1003 4830 tempore,
1064 4763 1153 4820 die
1185 4768 1445 4825 vicesima
1474 4774 1739 4830 secunda"

185 4844 356 4898 mensis
392 4844 542 4911 Julii,
590 4845 781 4905 Veneti
838 4853 1015 4925 longis
1066 4859 1296 4915 naribus
1353 4864 1595 4935 quinque
1652 4883 1716 4924 ac

184 4937 507 5005 septuaginta,
545 4940 894 5009 Hellesponto
951 4948 1178 5019 trajecto
1217 4952 1530 5024 improviso,
1567 4958 1716 5014 Con-

185 5027 554 5112 stantinopolim
587 5036 933 5102 appulerunt.
967 5039 1091 5096 Dies
1117 5054 1234 5096 erat
1258 5044 1561 5112 Dominica,
1588 5067 1712 5108 cum

184 5110 246 5202 illi
264 5130 456 5175 summa
474 5124 802 5181 conﬁdentia
831 5141 884 5184 et
910 5147 1072 5199 quam
1099 5140 1471 5195 minacissimo
1503 5110 1715 5202 tumore

186 5199 329 5263 fastus
364 5210 534 5270 italici
563 5218 629 5269 ad
679 5226 831 5272 oram
874 5221 1044 5292 ipsam
1086 5214 1369 5285 murorum
1438 5236 1589 5290 urbis
1634 5239 1716 5291 in-

185 5299 315 5363 vecti,
341 5305 620 5361 adversum
655 5325 720 5366 eo
768 5311 875 5367 loci
916 5316 1082 5387 maris
1134 5319 1338 5375 ﬂuxum
1372 5328 1537 5381 remis
1593 5330 1713 5384 elu-

184 5393 377 5482 ctantes,
414 5401 833 5465 promovebant.
865 5403 1164 5477 imperator
1201 5415 1377 5482 primo
1403 5432 1562 5473 mane
1585 5435 1708 5475 cum

184 5478 278 5583 illis
297 5498 423 5554 equo
445 5504 754 5583 conscenso
785 5505 1011 5555 exstans
1060 5500 1113 5555 in
1149 5478 1315 5559 funda
1353 5505 1709 5580 Hippodronti

184 5581 361 5660 navium
383 5581 671 5650 appulsum
705 5588 1110 5655 speculabatur.
1166 5591 1399 5653 Inferius
1452 5599 1710 5660 ductores

182 5657 454 5761 iniiitarium
484 5672 766 5741 ordinum,
796 5689 1028 5748 magnus
1059 5681 1396 5744 domesticus
1445 5689 1706 5761 Joannes,

185 5748 595 5823 Sennaclterimus
631 5775 684 5823 et
713 5769 971 5841 Angelus.
1005 5777 1198 5830 armati
1236 5792 1360 5834 cum
1411 5784 1528 5839 suis
1556 5748 1707 5856 quis-'-

1828 3293 2235 3361 stodiebantur,
2256 3310 2367 3348 uno
2389 3295 2547 3364 juxta
2570 3299 2963 3350 monasterium
2989 3294 3175 3348 Sancti
3206 3293 3403 3349 Lazari

1827 3387 2024 3443 ostiolo
2046 3397 2287 3457 patente.
2332 3387 2439 3443 Per
2465 3390 2516 3442 id
2550 3390 2818 3458 posticum
2863 3387 3098 3442 emissus
3128 3388 3197 3441 ab
3228 3388 3402 3456 impe-

1827 3486 2012 3532 ratore
2042 3478 2263 3551 quidam
2295 3489 2381 3534 est
2409 3495 2473 3535 ex
2509 3480 2815 3534 illustribus
2870 3476 3114 3539 Venetis,
3150 3477 3241 3545 qui
3272 3486 3404 3531 tunc

1828 3569 1968 3625 forte
2017 3572 2304 3640 legationis
2363 3588 2525 3629 causa
2586 3574 2640 3628 in
2675 3574 2936 3629 comitatu
3003 3572 3401 3644 reperiebatur,

1821 3666 2010 3738 jussus
2032 3656 2321 3722 occurrere
2348 3668 2463 3723 suis
2512 3668 2620 3721 illis
2656 3670 2855 3724 classis
2900 3667 3250 3722 adventantis
3298 3666 3402 3718 du-

1827 3760 1982 3814 cibus
2028 3768 2083 3813 et
2148 3775 2214 3814 ex
2270 3759 2403 3827 ipsis
2463 3759 2763 3813 resciscere
2816 3772 3078 3828 quorsum
3128 3755 3400 3811 venirent.

1828 3847 1934 3904 Sed
1989 3850 2026 3905 ii
2067 3850 2204 3904 nihil
2241 3850 2486 3920 responsi
2541 3849 2751 3921 dignati
2795 3858 2924 3904 sunt
2973 3848 3231 3913 reddere;
3265 3848 3401 3917 quin

1826 3942 1916 3996 ille
1948 3944 2064 4011 ipse
2120 3943 2325 3997 missus
2366 3941 2507 4011 apud
2543 3956 2638 3995 eos
2684 3941 2910 4003 mansit,
2966 3940 3297 3995 detentusne
3345 3942 3399 3995 vi

1824 4049 1893 4088 an
1940 4034 2081 4088 uitro
2118 4034 2197 4097 sic
2245 4033 2455 4101 volens,
2506 4034 2801 4088 incertum.
2848 4033 3115 4089 Caeterum
3169 4034 3222 4087 in
3255 4033 3399 4087 hanc

1824 4133 2035 4194 partem
2107 4127 2333 4195 pronior
2385 4125 2627 4202 suspicio
2708 4135 2993 4195 suspectos
3048 4126 3400 4181 vehementer

1823 4218 2084 4273 reddebat
2110 4218 2247 4275 alios
2269 4236 2507 4290 quoque,
2551 4220 2815 4289 qui‘tunc
2881 4220 3202 4286 per-urbem
3247 4222 3397 4273 varie

1820 4312 2003 4380 sparsi
2038 4313 2327 4382 degebant,
2383 4314 2642 4378 Venetos,
2683 4329 2750 4368 ne
2777 4314 2981 4384 pariter
3032 4321 3218 4366 cunctt
3266 4327 3397 4365 con-

1822 4407 2128 4476 spirassent
2155 4416 2208 4461 et
2231 4422 2296 4462 ex
2327 4416 2612 4477 compacto
2643 4421 2756 4461 rem
2789 4414 3082 4475 gererent;
3112 4420 3247 4474 quos
3270 4403 3394 4457 ideo
3480 4394 3493 4403 ”

1823 4499 2217 4568 comprehendi
2245 4501 2620 4570 custodiisque
2649 4500 2817 4556 teneri
2872 4498 3248 4553 necessarium
3307 4506 3395 4550 est

1822 4590 2023 4643 visum.
2057 4587 2264 4642 Classis
2288 4604 2454 4659 porro
2495 4589 2700 4643 Veneta
2760 4588 2888 4643 dum
2930 4588 3156 4657 remigio
3200 4600 3395 4654 prove-

1822 4680 2075 4744 hebatttr,
2109 4681 2425 4748 conspicata
2461 4680 2515 4733 in
2547 4689 2759 4734 tantum
2814 4695 2919 4733 non
2966 4680 3223 4748 contigua
3254 4670 3394 4731 vici-

1818 4772 1909 4826 nia
1940 4788 2104 4828 naves
2134 4773 2401 4843 quasdam
2436 4773 2627 4842 longas
2656 4771 3054 4832 Gennensiunt,
3091 4770 3143 4824 in
3172 4786 3266 4825 eas
3303 4771 3391 4825 in-

1819 4864 1957 4920 festa
1985 4882 2045 4922 se
2076 4866 2370 4933 coitvertit,
2419 4867 2639 4936 assequi
2667 4864 2948 4922 affectans.
2992 4868 3188 4922 Atilius
3233 4867 3392 4921 habi-

1819 4960 1986 5016 liores
2018 4970 2166 5016 ntotu
2198 4976 2474 5030 onereque
2511 4960 2766 5025 leviores,
2828 4960 3133 5016 velocitatis
3191 4961 3391 5017 lltlncia

1817 5054 2040 5120 majoris
2088 5053 2253 5108 remis
2286 5052 2628 5123 aliquantum
2659 5051 2926 5120 inhibitis,
2979 5054 3125 5109 velut
3187 5070 3390 5123 exspe-

1816 5154 2029 5201 ctantes
2050 5147 2350 5201 constitere
2386 5162 2400 5199 :
2438 5154 2573 5212 tum,
2609 5156 2667 5199 ut
2702 5143 2918 5201 Venetae
2936 5145 3050 5215 jam
3092 5161 3258 5216 prope
3297 5162 3390 5200 ac-

1816 5250 2116 5305 cesserant,
2150 5240 2443 5296 incitantes
2467 5256 2712 5303 cursum,
2744 5241 2930 5296 latiori
2982 5258 3042 5297 se
3069 5258 3232 5310 quam
3279 5258 3389 5311 quo

1816 5330 1968 5400 prius
1994 5331 2322 5386 abstiterunt
2366 5331 2657 5386 intervallo
2715 5330 3141 5402 disjungehant;
3202 5332 3389 5401 ibique

1815 5436 2010 5476 rursus
2034 5421 2627 5477 cottsistemesiterum
2657 5422 2724 5476 ad
2784 5422 3124 5492 sequendum
3189 5421 3390 5477 invita-

1815 5512 1947 5567 bant
1973 5513 2231 5568 similiter
2265 5515 2587 5580 eiudendas,
2634 5515 2726 5570 ubi
2752 5518 3011 5570 accedere
3056 5523 3384 5579 tentassent,

1812 5600 2048 5658 Venetas
2084 5604 2352 5661 triremes.
2385 5605 2542 5673 Quod
2575 5621 2701 5661 cum
2726 5607 2920 5661 iterum
2947 5621 3010 5661 ac
3043 5608 3204 5662 tertio
3239 5616 3389 5663 esset

1811 5692 2040 5761 factum,
2078 5692 2352 5752 Venetise
2374 5696 2579 5752 frustra
2617 5697 2669 5750 in
2695 5712 2759 5751 eo
2793 5697 3127 5752 contendere
3155 5713 3384 5753 cernen-

1812 5796 1891 5841 tes
1916 5788 1985 5843 iis
2009 5786 2229 5845 omissis
2286 5798 2505 5859 portum
2541 5789 2710 5845 Ceras
2744 5789 2948 5845 dictum
2976 5789 3206 5846 navibus
3236 5804 3385 5846 com-
