3862 6550
526 396 632 458 263
1719 391 2040 455 GEORGII
2079 391 2554 454 PACHYMER/‘E
2933 439 2936 444 .
3673 383 3760 449 261

531 522 678 577 ρουν.
723 505 958 560 Ἐκεῖνοι
1007 506 1063 559 δὲ
1093 506 1240 570 τότε,
1276 506 1350 569 ὡς
1391 505 1764 576 προσελῶντες
1812 506 2103 576 ἀνήγοντο,
2137 507 2184 563 Α
2219 503 2582 573 συγκείμενον
2620 499 2772 571 παρά
2808 497 3074 570 βασιλέως
3105 496 3346 569 ἀρχῆθεν
3373 495 3467 552 τοῦ
3489 497 3758 569 δεξαμένου

527 599 614 670 [Ρ.
652 597 780 670 162]
812 599 948 668 νῆας
977 600 1196 669 μακρὰς
1223 600 1488 668 φανείσας
1516 598 1844 652 Γεννουῖτῶν
1874 597 2102 666 ἐγγύθεν
2206 596 2274 649 τὰ
2302 596 2434 667 γένη
2467 594 2607 649 ὥστε
2633 594 2897 664 διαφορᾶς
2930 593 3214 664 ξυμϐάσης
3265 593 3446 656 αὐτοῖς
3492 593 3664 657 ἐκτὸς,
3691 595 3742 647 εν

523 691 792 754 πλεούσας
850 691 1183 744 ἐπέσπευδον
1232 693 1334 762 τὴν
1390 692 1526 762 πρὸς
1585 694 1822 756 ὲκείνας.
1870 692 2010 744 Ἀλλ’
2046 693 2101 744 αἱ
2205 687 2358 740 δοθεν
2389 689 2486 758 μὲν
2525 687 2634 740 τῶν
2663 688 2764 757 τῆς
2802 686 3025 740 Ἀϐύδου
3078 685 3302 750 στενῶν,
3356 685 3564 739 ἔνδοθεν
3599 686 3652 738 δὲ
3679 689 3759 741 τοῦ

528 785 630 852 μὲν
663 783 897 852 ἐλαφραὶ
928 777 1106 846 οὖσαι,
1133 782 1432 854 θαρροῦσαι
1463 787 1528 853 τῇ
1561 783 1844 854 ταχύτητι,
1877 784 1964 836 ἐπ’
1994 783 2106 834 ὀλί-
2206 775 2412 842 Φάρου,
2444 776 2585 830 οὕτω
2612 775 2754 830 κατὰ
2798 776 3070 830 θάλατταν
3103 776 3395 846 μάχεσθαι,
3443 775 3503 828 τὸ
3535 775 3693 845 μέσον
3714 779 3760 830 δὲ

525 877 622 940 γον
664 873 1021 942 προσέμενον,
1077 872 1174 924 καὶ
1225 872 1638 942 πλησιαζόντων
1692 874 1916 927 ἐκείνων
1951 874 2104 926 αὐτοὶ
2207 867 2414 920 τούτων
2445 869 2646 932 πάσαις
2667 869 2870 923 ἄϐατον
2901 868 3106 938 μάχαις
3132 868 3208 932 ὥς
3240 886 3292 920 τι
3316 867 3422 921 τῶν
3455 869 3762 939 ἁφωσιωμέ-

524 962 990 1030 ταχυναυτοῦντες
1044 963 1224 1034 πολλῷ
1261 963 1422 1016 πλέον
1467 964 1500 1033 ἢ
1562 966 1825 1034 πρότερον
1878 964 2103 1034 ἀπεῖχον
2207 977 2316 1010 νων
2342 960 2438 1012 καὶ
2471 961 2631 1029 ίερῶν
2679 960 2775 1013 καὶ
2801 961 3150 1029 ἀμφοτέρους
3197 960 3494 1028 διατηρεῖν,
3537 960 3681 1013 αὐτοὶ
3707 961 3761 1014 ὲκ

524 1055 827 1123 διάστημα.
857 1055 1028 1108 Τοῦτο
1060 1056 1143 1118 δὶς
1175 1057 1269 1110 καὶ
1310 1057 1429 1127 τρὶς
1457 1057 1699 1125 γεγονὸς,
1743 1058 1865 1109 ἐπεὶ
1917 1056 2103 1125 ἑώρων
2210 1045 2560 1120 φρονήμάτος
2613 1051 3053 1122 κατεπαρθέντες
3113 1052 3400 1120 μείζονος,
3463 1051 3762 1120 παριδόντες

526 1148 816 1212 πονοῦντες
853 1149 1122 1218 ἀνήνυτα,
1156 1151 1383 1218 ἀφέντες
1411 1151 1652 1213 ἐκείνους
1675 1152 1944 1220 πληροῦσι
1969 1149 2104 1201 νεῶν
2211 1146 2304 1197 καὶ
2329 1146 2396 1198 τὰ
2427 1145 2780 1213 συγκείμενα.
2811 1145 2962 1205 tm;
2993 1144 3160 1211 αὐτῆς
3186 1145 3285 1212 τῆς
3314 1142 3581 1214 βασιλέως
3603 1146 3762 1209 οἰκίας

523 1242 618 1294 τὸν
642 1241 840 1307 λιμένα
870 1244 932 1295 τὸ
969 1243 1173 1311 Κέρας.
1210 1243 1316 1294 Καὶ
1357 1243 1678 1305 Γεννουῖτας
1717 1244 1816 1312 μὲν
1846 1243 1905 1296 οὐ
1959 1242 2102 1294 κατά
2211 1237 2353 1290 κατά
2381 1237 2489 1289 τῶν
2541 1238 2737 1290 ἱκετῶν
2774 1239 2840 1306 τῇ
2893 1236 3140 1307 βασιλείᾳ
3187 1236 3459 1306 πολέμους
3506 1237 3759 1308 ἐξέφερον.

524 1329 623 1397 τὴν
666 1332 900 1402 περαίαν
948 1333 1461 1400 καταλαμϐάνουσι.
1515 1334 1626 1405 Τὴν
1656 1333 1766 1402 γὰρ
1805 1333 1911 1385 τῶν
1957 1331 2104 1400 νηῶν
2209 1331 2320 1382 Καὶ
2350 1330 2440 1381 διὰ
2477 1331 2648 1382 ταῦτα
2679 1329 2933 1400 βασιλεὺς
2961 1332 3199 1399 μισήσας
3225 1329 3324 1400 τὴν
3352 1331 3502 1399 σφῶν
3531 1330 3760 1401 ἔπαρσιν,

526 1425 723 1476 ἐκεῖνοι
760 1427 1171 1493 προεγνωκότες
1224 1426 1432 1494 ἔφοδον,
1472 1423 1902 1496 προσλιπαροῦσι
1949 1423 2106 1493 βασι·
2208 1419 2395 1487 ἐφίησι
2431 1419 2524 1472 καὶ
2565 1418 2854 1488 Ῥωμαίοις
2902 1418 3223 1480 Γεννουῖτας
3275 1417 3642 1486 προσαμύνειν
3674 1435 3761 1470 κιο

525 1514 622 1566 λέα
654 1517 851 1578 αὐτοὺς
891 1518 986 1570 καὶ
1018 1520 1281 1585 γυναῖκας
1318 1520 1411 1570 καὶ
1442 1519 1634 1579 παῖδας
1677 1520 1773 1570 καὶ
1804 1517 2106 1585 πράγματα
2209 1513 2473 1564 ταστᾶσιν
2507 1513 2586 1574 εἷς
2637 1511 2894 1579 πόλεμον.
2932 1511 3095 1564 Ὅθεν
3147 1514 3389 1564 κάκεῖνοι
3427 1510 3525 1579 μὲν
3573 1508 3763 1579 ἐξερχό-

527 1607 678 1668 ὲντὸς
703 1607 914 1671 πόλεως
943 1608 1200 1672 δέξασθαι
1227 1626 1240 1638 ·
1271 1609 1511 1680 φανερὰν
1540 1611 1649 1680 γὰρ
1676 1611 1767 1661 ἐπὶ
1803 1610 1941 1677 σφᾶς
1965 1603 2104 1660 εἶναι
2211 1620 2365 1670 μενοι
2395 1603 2487 1655 καὶ
2520 1602 2695 1656 ἰλαδὸν
2739 1603 3160 1671 συνταττόμενοι
3208 1600 3530 1671 διεμάχοντο
3563 1601 3764 1668 γαίηθεν

526 1698 626 1767 τὴν
653 1701 865 1768 ἔφοδον.
899 1696 993 1764 Οἷς
1031 1702 1098 1754 δι’
1139 1703 1385 1772 ἀνάγκην
1433 1702 1690 1772 βασιλεὺς
1723 1702 1935 1769 γίνεται
1969 1701 2104 1753 κάτα
2209 1697 2322 1758 τοῖς
2349 1696 2413 1748 ἐκ
2441 1695 2550 1746 τῶν
2602 1694 2781 1763 νηῶν*
2815 1696 2875 1746 τὸ
2916 1696 2972 1748 δὲ
3018 1693 3111 1747 τοῦ
3162 1694 3428 1763 βασιλέως
3470 1711 3766 1764 στρατιωτι-

528 1807 696 1854 αινος,
747 1795 838 1844 καὶ
871 1793 930 1845 τὸ
961 1793 1101 1846 κατὰ
1129 1795 1435 1863 Βλαχέρνας
1489 1795 1653 1864 μέρος
1688 1793 1841 1863 σφίσι
1865 1793 2102 1858 δίδωσιν,
2136 1823 2185 1882 Β
2212 1787 2331 1848 κδν,
2360 1786 2484 1838 ὅσον
2517 1781 2584 1856 ἦν
2636 1787 2693 1882 ὲν
2723 1785 2909 1882 πεζοῖς
2952 1803 3010 1838 τε
3044 1787 3136 1855 καὶ
3172 1785 3440 1882 ἐλαφρὸν,
3477 1787 3542 1838 ἐκ
3591 1785 3763 1882 τειχῶν

526 1886 660 1937 ὅπου
693 1885 827 1954 νῆας
869 1885 1003 1946 ἰδίας
1034 1885 1342 1956 βυθίζουσιν
1370 1887 1445 1949 ὡς
1486 1887 1836 1953 φυλάξοντες,
1869 1889 2024 1940 αὐτοὶ
2051 1888 2109 1940 δὲ
2136 1877 2178 1882 -
2215 1879 2550 1948 προκῦπτον,
2585 1877 2762 1942 τόξοις
2798 1877 3086 1947 βάλλοντες
3116 1879 3212 1931 καὶ
3245 1878 3559 1945 σφενδόναις
3583 1879 3695 1938 τοὺς
3717 1879 3762 1930 ἒν

525 1977 627 2047 τὴν
679 1980 743 2030 ὲκ
788 1979 887 2047 τῆς
935 1978 1072 2040 ιδίας
1118 1980 1300 2050 χειρὸς
1332 1980 1563 2041 ἕκαστος
1611 1979 1748 2049 πρδς
1781 1979 1843 2032 τὸ
1893 1979 2108 2050 συμϐὰν
2210 1972 2329 2031 ταῖς
2358 1969 2550 2022 ναυσὶν
2576 1969 2813 2020 ἐκάκουν
2844 1969 3064 2030 καὶτὰς
3108 1968 3345 2037 ἐμϐολὰς
3378 1967 3528 2035 σφῶν
3571 1967 3765 2019 ἐποίουν

529 2070 885 2139 παραμυθίαν
935 2071 1114 2141 ζητῶν
1143 2075 1242 2140 τῆς
1268 2071 1346 2135 εἰς
1381 2071 1439 2124 τὸ
1471 2071 1696 2124 δυνατὸν
1737 2071 1838 2122 οὐκ
1866 2069 2108 2140 ἠμέλουν
2211 2061 2632 2129 ἀσθενεστέραςο
2670 2060 2807 2130 Ἤδη
2856 2061 2912 2114 δὲ
2961 2061 3055 2112 καὶ
3117 2059 3442 2131 πετροδόλον
3489 2060 3765 2129 μηχάνημα

532 2163 962 2232 σωτηρίαςυΔιὰ
1006 2163 1181 2216 ταῦτα
1211 2164 1498 2228 κάκείνους
1547 2163 1753 2215 κακοῦν
1787 2164 1834 2215 οί
1861 2163 2108 2223 ἐπιόντες
2208 2152 2496 2215 διεκῖνουν.
2529 2155 2706 2206 ἐκεῖσε
2741 2152 2834 2205 τοῦ
2867 2152 3131 2224 βασιλέως
3163 2151 3266 2218 ἔξω
3293 2152 3464 2222 βελῶν
3499 2153 3764 2222 ἱσταμένου

529 2255 628 2305 οὐκ
674 2254 913 2323 ἔχοντες,
966 2258 1511 2326 σκευαγωγησάντων
1545 2258 1639 2309 και)⁵
1673 2257 1780 2308 τῶν
1825 2253 2110 2324 Ῥωμαίων
2213 2244 2309 2297 καὶ
2324 2243 2747 2314 βλέποντος.καὶ
2773 2245 3054 2318 μεγίστοις
3069 2249 3180 2308 τοῖς
3200 2245 3292 2297 ἀπ’
3313 2246 3524 2297 ἐκείνου
3551 2244 3765 2318 [Ρ.163]

530 2347 595 2398 ἐκ
625 2347 721 2414 τῆς
753 2348 1009 2416 περαίας,
1043 2349 1156 2420 πῦρ
1181 2352 1303 2413 ταῖς
1345 2349 1454 2403 τῶν
1495 2348 1708 2403 Ἰταλῶν
1742 2347 1939 2410 οίκίαις
1975 2347 2110 2400 ὲνίε-
2208 2336 2378 2399 λίθοις
2408 2337 2477 2389 τὰ
2526 2337 2624 2406 τῆς
2653 2337 2932 2407 ἡμετέρας
2961 2339 3096 2400 νεὼς
3142 2338 3421 2407 κόρυμϐα.
3471 2339 3544 2408 ἣν
3593 2341 3764 2392 ἐκεῖνοι

531 2457 630 2493 σαν
658 2443 751 2493 καὶ
778 2441 1184 2511 κατεπίμπρων
1214 2441 1419 2495 τέλεον.
1450 2442 1711 2495 Κάκεῖνοι
1733 2440 1834 2509 μὲν
1861 2439 1938 2508 τῷ
1962 2455 2109 2492 κατ-
2211 2431 2461 2498 κατεῖχον
2517 2428 2885 2499 πολεμοῦντες
2941 2428 3152 2482 ἐκεῖθεν
3211 2430 3356 2482 κατά
3411 2430 3763 2506 τοῦ,τείχους.

529 2532 855 2601 επαίρεσθαι
917 2535 1025 2586 τῶν
1063 2535 1216 2597 ἐντὸς
1267 2535 1669 2604 ἀπειροκαλίας
1715 2534 1895 2587 αἰτίαν
1939 2529 2106 2602 εἶχον,
2211 2520 2494 2589 κατέφλων
2528 2519 2866 2589 πέμποντες.
2921 2521 3016 2573 καὶ
3060 2520 3160 2589 τῆς
3191 2521 3371 2590 ὁρμῆς
3429 2524 3558 2583 τοὺς
3591 2521 3764 2591 ἄνδρας

529 2627 621 2676 ἐπι
629 2628 945 2696 μαινόμενοι
989 2630 1100 2690 τοῖς
1138 2627 1392 2698 ἀψύχοις,
1429 2629 1478 2682 οι
1519 2628 1564 2682 δ’
1594 2628 1742 2692 ἐντὸς
1781 2628 1920 2690 τέως
1949 2628 2110 2680 ἀνάν..
2208 2612 2548 2668 ἀνέστελλον.
2591 2613 2745 2666 Ἐπεὶ
2783 2613 2839 2665 δὲ
2869 2613 2964 2665 καὶΙ
2989 2613 3153 2680 tuoan
3185 2615 3214 2666 ὁ
3239 2614 3476 2683 πόλεμος
3507 2614 3766 2666 διετείνετο

531 2718 670 2786 ὅρων
702 2717 898 2788 ἔφερον
924 2720 1112 2788 σχῆμα
1143 2721 1548 2791 κατεπτηχότες
1578 2719 1681 2772 ὑπὸ
1711 2720 1820 2781 τοῖς
1845 2719 2106 2788 τείχεσιν.
2211 2705 2304 2759 καὶ
2335 2706 2484 2759 ἅπαν
2511 2705 2569 2758 τδ
2595 2703 2726 2776 παρ’
2753 2705 2976 2758 ἐκείνων
3007 2707 3307 2775 μηχάνημα
3353 2705 3533 2777 ἔργων
3572 2706 3764 2774 ὑστέρει

533 2809 596 2861 Ui
629 2809 673 2862 δ’
727 2812 784 2873 ἐς
840 2811 1096 2865 τοσοῦτον
1135 2812 1425 2876 αὐθαδείας
1480 2812 1797 2876 ἐξώκειλαν,
1847 2810 1987 2863 ὥστε
2017 2810 2110 2862 καὶ
2209 2799 2304 2850 καὶ
2338 2797 2490 2850 οὐδὲν
2543 2796 2788 2868 ἠνύοντο,
2819 2799 2882 2848 ὲκ
2937 2797 3133 2867 μανίας
3187 2797 3600 2862 “mna-151V“:
3639 2798 3766 2849 πλεί-

532 2983 776 3051 plerunt.
831 2982 911 3036 Ac
960 2998 1067 3036 non
1117 2992 1346 3053 repertis
1380 2984 1523 3054 apud
1561 2984 1804 3040 Peraeam
1858 2985 2112 3040 Genueu-
2209 2988 2434 3048 possent
2465 2985 2580 3030 toto
2629 2976 2795 3052 maris
2842 2975 3018 3044 spatio
3058 2977 3201 3045 quod
3249 2985 3393 3046 patet
3443 2975 3590 3029 inter
3616 2975 3765 3047 Abydi

533 3075 685 3128 sibus
717 3075 792 3141 (ιιί
823 3077 1222 3144 εηίηιρηενῑεο
1262 3077 1598 3132 Venetorum
1631 3078 1683 3132 in
1741 3093 1802 3134 se
1856 3078 2105 3142 incursu.
2213 3067 2400 3122 fauces
2437 3079 2491 3122 et
2521 3068 2785 3130 Pharum,
2833 3068 2925 3121 sed
2964 3076 3119 3122 extra
3176 3068 3324 3122 hunc
3381 3069 3562 3122 locum
3615 3078 3765 3121 utram

534 3167 697 3221 enixe
725 3165 1107 3234 imperatorem
1140 3175 1432 3220 oraverant
1466 3178 1524 3220 ut
1550 3185 1608 3222 se
1637 3184 1759 3222 cum
1787 3169 2109 3226 mulieribus

2224 3159 2414 3214 vellent
2454 3160 2506 3212 in
2575 3169 2784 3229 partem
2835 3160 3120 3212 navalibus
3174 3159 3291 3214 suis
3357 3159 3558 3228 prmliis
3608 3171 3766 3226 aequor

535 3272 601 3311 ac
639 3259 828 3320 liberis
862 3259 1131 3327 rebusque
1183 3262 1397 3314 caneris
1439 3262 1681 3328 ipsorum
1724 3261 1865 3316 intra
1918 3263 2108 3315 urbem

2224 3260 2546 3322 qurererent,
2623 3252 2856 3306 medium
2922 3251 3054 3305 illud
3136 3253 3480 3305 intervallum
3556 3253 3767 3304 immune

536 3344 893 3412 adiuitteret;
941 3349 1105 3418 idque
1140 3351 1458 3419 imperator,
1487 3352 1757 3420 quodjam
1784 3351 2113 3423 esset239
2219 3341 2346 3398 belli
2375 3343 2650 3412 certisque
2689 3341 2934 3411 quietum
2993 3341 3231 3398 induciis
3274 3343 3565 3400 haberent.
3624 3341 3767 3419 Cujus

541 3438 890 3491 manifestum
959 3453 1052 3491 eos
1085 3453 1114 3490 a
1183 3436 1401 3492 Venetis
1444 3439 1656 3495 infestis
1704 3439 1837 3509 peti,
1887 3451 2115 3497 coactus
2222 3433 2540 3502 r€li8i0nem
2577 3435 2959 3489 convetllionis
2996 3451 3118 3489 cum
3178 3435 3343 3490 hodie
3401 3436 3584 3505 palam
3643 3438 3768 3488 inso-

540 3527 719 3580 l‘uerat
767 3528 1105 3596 permittere,
1147 3527 1539 3598 regionemque
1587 3531 1730 3584 circa
1788 3531 2114 3588 Βιειοιιρι-ηεε
2213 3525 2354 3580 lenti
2388 3525 2517 3580 elati
2555 3525 2885 3581 conﬁdentia
2923 3527 3130 3582 violare
3164 3525 3356 3582 Veneti
3387 3544 3498 3582 non
3545 3543 3769 3582 vereren-

543 3621 652 3672 illis
689 3620 754 3673 ad
791 3620 1054 3689 eﬂugiu'm
1087 3631 1473 3688 concesserat;
1512 3622 1694 3692 ibique
1721 3623 1832 3691 jam
1863 3624 2118 3679 Genuen-
2222 3626 2331 3683 tur,
2364 3617 2506 3671 intra
2539 3619 2714 3687 ipsam
2746 3633 2885 3688 pene
2923 3619 3257 3688 imperialem
3295 3621 3518 3674 domum
3567 3619 3769 3690 Augusti

540 3724 629 3762 ses
658 3709 847 3768 iidem.
889 3711 1121 3772 munito,
1167 3720 1222 3763 ιιι
1269 3720 1584 3780 potuerant,
1649 3713 1830 3768 littore
1883 3715 2115 3768 navibus
2225 3709 2500 3779 supplices
2521 3726 2769 3780 quaerere
2787 3711 2852 3765 ad
2886 3727 3101 3780 ptenam
3140 3726 3205 3766 ac
3236 3715 3438 3766 caedem
3483 3714 3622 3775 ausi,
3676 3728 3769 3765 me-

540 3798 873 3866 quibusdam
909 3800 1026 3854 suis
1048 3801 1453 3871 demergendis,
1481 3819 1710 3872 quarum
1743 3804 1961 3873 objectu
1987 3822 2115 3875 pro-
2222 3805 2330 3856 ritu
2363 3804 2429 3857 iis
2459 3815 2745 3872 propterea
2777 3805 2950 3859 iratus
2982 3805 3280 3873 imperator
3316 3807 3579 3860 Romanis
3634 3805 3771 3876 250

536 3891 798 3944 biberent
833 3892 1072 3944 hostium
1103 3907 1454 3958 exscensum,
1505 3911 1563 3950 se
1593 3910 1801 3966 suaque
1847 3913 1944 3966 pro
1987 3898 2120 3951 viri-
2224 3896 2472 3966 permisit
2533 3907 2592 3948 ut
2645 3895 2961 3950 Genuenses
3015 3897 3392 3961 defenderent,
3445 3913 3675 3966 cumque
3718 3898 3770 3948 iis

543 3982 645 4034 bus
675 3982 848 4050 parati
883 3984 1102 4036 stabant
1129 3986 1528 4056 propugnare),
1570 4002 1676 4041 non
1720 3989 1974 4055 repertis,
2036 3989 2120 4042 itt-

543 4093 730 4144 quam,
767 4078 940 4140 domi,
972 4093 1113 4147 quos
1156 4081 1488 4148 quaerebant.
1515 4081 1756 4137 inimicis
1787 4081 2002 4146 Veneti,
2053 4098 2118 4138 ac

534 4185 612 4221 -ne
648 4169 775 4224 aliis
802 4171 1021 4239 quidem
1053 4172 1192 4240 apud
1221 4170 1457 4227 Peraeam
1487 4175 1611 4230 ullis
1643 4176 1660 4245 (
1693 4191 1817 4229 nam
1847 4186 1899 4230 et
1921 4175 2121 4228 Roma—-

548 4263 598 4314 ni
630 4263 723 4327 qui
780 4263 973 4318 domos
1020 4262 1228 4318 Galatas
1290 4266 1582 4331 habebant,
1653 4278 1945 4322 convasata
2015 4270 2116 4337 ipsi

543 4368 760 4420 quoque
788 4354 1114 4422 supellectili
1149 4372 1206 4410 se
1238 4355 1380 4410 intra
1407 4359 1594 4411 urbem
1628 4366 1970 4428 receperant)
1996 4360 2118 4428 igne

546 4445 747 4514 injecto
774 4447 827 4498 in
865 4447 1008 4501 mdes
1059 4447 1317 4501 Italorum
1356 4465 1450 4504 eas
1507 4433 1724 4504 ﬂamma
1760 4466 2119 4518 consttmpse-

2223 3997 2414 4042 contra
2449 3986 2766 4058 ftedifragos
2801 3988 3101 4042 assultores
3130 3987 3185 4041 in
3219 3987 3388 4041 armis
3417 3995 3645 4042 starent.
3682 3985 3768 4038 Ita-

2224 4094 2333 4147 que
2360 4078 2434 4132 uti
2463 4077 2780 4133 Genuenses
2828 4079 3022 4132 armati
3054 4093 3118 4132 ac
3158 4080 3316 4148 longa
3363 4081 3508 4135 serie
3561 4079 3768 4134 ordinati

2223 4186 2318 4239 per
2376 4171 2553 4223 littora
2613 4171 2667 4222 in
2725 4185 2892 4224 naves
2963 4169 3194 4225 Venetas
3240 4172 3650 4240 jaculabantur,
3711 4172 3771 4224 ita

2222 4270 2486 4332 quantum
2521 4262 2573 4315 in
2606 4263 2740 4316 urbe
2786 4273 2896 4316 tum
2931 4263 3032 4316 fuit
3064 4262 3424 4333 imperialium
3488 4267 3768 4335 copiarum,

2222 4356 2498 4426 peditatus
2527 4355 2829 4424 praesertim
2857 4369 2921 4409 ac
2969 4356 3103 4410 levis
3133 4367 3442 4420 armatura,
3480 4359 3773 4427 prominen-

2225 4459 2305 4502 tes
2333 4463 2361 4502 e
2394 4446 2672 4501 mmnibus
2699 4448 2935 4502 arcubus
2989 4462 3054 4502 ac
3079 4448 3261 4504 fundis
3311 4447 3546 4504 Venetos
3589 4466 3678 4517 per
3708 4449 3773 4501 fo-

545 4545 695 4591 runt.
731 4537 783 4590 In
817 4553 926 4604 quo
974 4539 1156 4593 stultae
1207 4539 1540 4608 impotentia:
1569 4541 2030 4610 vituperationem
2065 4544 2117 4597 in
2154 4537 2198 4592 D
2228 4554 2318 4593 ros
2363 4554 2589 4594 suarum
2647 4536 2868 4593 navium
2925 4548 3204 4594 exstantes
3256 4542 3471 4596 eminus
3525 4541 3771 4610 petebant.

547 4637 932 4689 setraxeruut,
986 4630 1190 4682 frustra
1249 4629 1697 4693 iutumescentes.
1751 4633 1893 4699 quod
1935 4635 2114 4688 locum

552 4719 826 4787 cepissent
861 4735 889 4772 a
942 4721 1162 4774 nemine
1222 4721 1532 4786 defensum,
1590 4734 1643 4778 et
1685 4724 1877 4793 ignavo
1929 4725 2116 4780 furore

555 4812 835 4866 saevientes
865 4812 914 4864 in
951 4828 1038 4866 res
1067 4813 1356 4868 inanimas.
1397 4813 1486 4868 Uti
1508 4825 1562 4869 et
1605 4817 1838 4870 vicissim
1868 4817 2122 4872 Genuen-

549 4913 634 4953 ses
666 4900 857 4952 inertis
881 4900 1200 4970 indignique
1232 4902 1364 4954 viris
1400 4902 1635 4955 fortibus
1686 4903 1900 4960 timoris
1955 4907 2123 4962 dede-

554 4990 930 5050 :ustuleruut.
991 5007 1098 5044 non
1138 4993 1253 5044 ausi
1289 5002 1435 5045 stare
1488 4993 1538 5045 in
1584 4994 1811 5062 vestigio
1869 4999 2121 5065 tuerique

551 5080 705 5136 focos
745 5099 808 5137 ac
858 5085 1023 5150 lares,
1087 5085 1180 5137 sed
1214 5085 1415 5138 relictis
1481 5085 1708 5152 ingloric
1763 5087 2120 5148 huniliaribus

549 5175 709 5226 tectis
742 5176 844 5228 sub
878 5177 1126 5228 umbram
1161 5177 1498 5246 tutelamque
1540 5195 1846 5242 murorum,
1874 5190 1931 5234 ut
1971 5196 2118 5238 metu

549 5265 787 5328 attoniti,
831 5267 1204 5320 convolantes.
1268 5264 1443 5334 Majus
1515 5284 1675 5336 porro
1724 5271 1934 5324 crimen
2003 5282 2120 5326 erat

551 5356 878 5410 Venetorum
916 5355 1177 5410 attentata
1213 5367 1403 5412 contra
1442 5359 1597 5414 [idem
1638 5361 1842 5415 dudum
1887 5365 2124 5433 impera-

551 5448 658 5501 tori
693 5449 873 5502 datam
908 5449 1048 5501 intra
1074 5449 1206 5502 ﬁnes
1239 5450 1433 5504 vetitos
1464 5451 1731 5516 incursio,
1756 5452 2026 5522 siquidem
2056 5457 2122 5509 ab

549 5539 708 5593 initio
741 5548 1094 5603 convenerat,
1128 5541 1346 5608 quando
1384 5550 1467 5595 est
1495 5543 1709 5612 utrique
1732 5545 1823 5598 isti
1862 5543 2121 5599 Italorum

549 5631 733 5696 generi
768 5629 1094 5698 permissum
1125 5632 1292 5685 libera
1323 5633 1376 5684 iu
1407 5633 1541 5687 urbe
1569 5651 1632 5688 ac
1666 5651 1760 5706 per
1789 5637 1889 5691 hos
1919 5648 2123 5694 tractus

548 5736 802 5775 exercere
835 5725 1182 5788 oununcrcia,
1246 5735 1303 5778 ut
1337 5728 1381 5781 si
1423 5730 1553 5798 quid
1592 5730 1730 5783 inter
1781 5745 1876 5785 eos
1904 5742 2124 5785 contra-

552 5814 776 5866 heretur
812 5815 965 5881 rixae,
1035 5817 1376 5876 committere
1436 5835 1670 5890 pugnam
1728 5824 1958 5878 invicem
2013 5840 2120 5877 non

2225 4647 2331 4686 non
2367 4632 2470 4686 levi
2501 4646 2688 4685 eorum
2721 4633 2946 4698 damno,
2975 4632 3440 4702 debilitabantque
3464 4633 3607 4687 haud
3633 4635 3774 4687 dubie

2223 4726 2462 4794 impetus
2498 4725 2758 4780 accedere
2784 4740 2847 4779 ac
2884 4733 3026 4779 terra
3056 4726 3219 4794 potiri
3258 4728 3600 4782 conantium.
3641 4724 3774 4781 Jam-

2223 4833 2328 4884 que
2356 4827 2410 4871 et
2444 4817 2752 4870 machinam
2791 4817 3471 4886 movebantjaculatricem
3496 4831 3769 4887 petrarum,

2223 4917 2277 4962 et
2301 4907 2650 4976 despectante
2682 4909 3038 4978 imperatore.
3067 4910 3164 4979 qui
3193 4911 3301 4964 alte
3327 4911 3564 4980 quodam
3614 4913 3664 4966 in
3705 4909 3772 4963 ia—

2225 4999 2386 5068 stigio
2420 5006 2574 5052 extra
2601 4999 2809 5066 jactum
2835 5009 2952 5053 tuto
2981 5001 3180 5062 stabat,
3227 5004 3491 5070 aplustria
3526 5005 3673 5056 navis
3693 5017 3774 5056 no-

2224 5101 2370 5153 strae.
2415 5107 2519 5161 qua
2569 5091 2759 5146 Veneti
2823 5103 3086 5164 occupata
3123 5104 3313 5149 contra
3354 5112 3454 5150 nos
3508 5094 3774 5166 pugnando

2225 5184 2536 5246 utebantur,
2573 5183 2743 5237 vastis
2773 5183 2972 5238 ictibus
3001 5200 3257 5240 saxorum
3319 5202 3416 5256 per
3462 5188 3722 5242 ballistam
3749 5199 3774 5237 e

2227 5289 2384 5326 untro
2423 5275 2748 5328 ctnissorum
2782 5276 3222 5345 contendebant;
3259 5278 3446 5348 sicque
3479 5279 3589 5334 vim
3629 5277 3776 5347 repri-

2227 5364 2445 5416 mebant
2486 5362 2836 5417 irruentium.
2878 5363 3150 5431 Quoniam
3190 5383 3319 5423 vero
3351 5371 3620 5440 producto
3667 5369 3774 5421 inde

2225 5454 2290 5507 ad
2321 5469 2603 5524 vesperam
2640 5455 2936 5511 certamine
2986 5458 3164 5512 omnis
3206 5474 3395 5513 eorum
3460 5457 3773 5527 machinatio

2227 5549 2378 5602 irrita
2406 5550 2654 5615 cedebat,
2691 5567 2793 5604 nec
2824 5553 3182 5620 proﬁciebant
3208 5555 3512 5624 quidquam
3541 5569 3774 5610 necessa-

2227 5643 2309 5696 rio
2354 5644 2674 5698 recedentes
2702 5643 2819 5700 fera
2870 5645 2926 5699 in
2990 5644 3270 5702 Romanos
3332 5648 3577 5702 inst-ineti
3623 5646 3775 5707 rabie,

2225 5737 2368 5804 quod
2400 5735 2470 5790 ab
2508 5735 2574 5789 iis
2601 5753 2659 5791 se
2685 5738 2934 5806 repulsos
2995 5740 3268 5804 videbant,
3302 5741 3486 5794 eadem
3521 5741 3610 5795 die
3640 5753 3776 5806 repe-

2228 5813 2430 5893 tentes,
2470 5843 2575 5898 qua
2603 5845 2774 5884 vacua
2829 5831 3031 5901 potitos
3089 5831 3353 5898 diximus,
3400 5833 3668 5898 Galatam,
3729 5837 3776 5882 ut
