3922 6548
188 422 285 489 265

1015 411 1116 478 DE
1157 408 1600 479 ANDRONICO
1641 406 2104 472 PALAEOLOGO
2150 410 2302 471 LIB.
2346 406 2465 473 ΙΙΙ.

3288 400 3396 468 266

189 557 303 608 στης
326 538 401 591 ὅτι
424 535 514 591 καὶ⁵
541 533 694 589 αὐτοὶ
730 533 992 601 Ῥωμαῖοι
1018 530 1227 598 τούτοις
1271 530 1529 600 ἐπῄεσαν,
1560 542 1720 596 στρα-
1746 531 1792 587 Α
1821 526 1954 595 πρὸς
2005 525 2232 595 βασιλέα
2291 528 2464 596 λέγων
2507 543 2565 580 τε
2595 527 2690 580 καὶ
2745 525 3182 594 ἀπολογούμενος
3241 525 3395 579 οὐδὲν

185 636 352 704 φέντες
368 627 673 699 αὐθημερὸν
696 625 807 697 πῦρ
830 623 1159 694 ἐμϐάλλουσι
1186 622 1281 676 καὶ
1306 623 1427 684 ταῖς
1451 618 1559 673 τῶν
1589 619 1722 672 *Ρω-

188 723 340 796 μαίων
365 720 582 782 οἰκίαις,
619 718 713 772 καὶ
762 716 1183 786 καταφθείρουσι
1236 713 1440 767 τέλεον.
1487 715 1564 766 Δι’
1595 712 1721 781 ὅλης

187 813 272 883 μὲν
306 814 391 865 οὺν
418 807 613 871 νυκτὸς
645 807 703 860 τὸ
728 806 839 876 πῦρ
883 806 1107 876 ἐνέμετο
1148 804 1246 865 τὰς
1287 801 1487 865 οἰκίας,
1526 803 1750 870 φλεγοιο

188 904 351 977 μέναις
374 901 416 953 δ’
438 898 782 955 ἐπανέτειλεν
813 900 846 969 ἡ
872 899 1079 968 ἡμέρα.
1106 897 1273 950 Αὐτοὶ
1297 895 1354 950 δὲ
1382 895 1479 957 τάς
1502 911 1561 946 τε
1587 893 1721 956 ναῦς

186 992 588 1065 προσελάσαντες
624 991 716 1044 καὶ
755 993 869 1051 τοῖς
904 990 1121 1059 θυρεοῖς
1173 986 1509 1059 φραξάμενοι
1543 984 1722 1055 μάχην

185 1088 389 1158 στερρὰν
428 1085 700 1154 ἐγείρουσι
750 1083 1111 1146 Γεννουῗταις.
1143 1082 1208 1135 Oi.
1239 1082 1298 1135 δέ
1346 1081 1444 1142 τὰς
1487 1078 1721 1149 ἐμὸολὰς

184 1181 261 1233 καὶ
290 1178 439 1230 πάλιν
468 1176 750 1245 δεχόμενοι
783 1173 1158 1243 ἁπημύνοντο.
1193 1173 1299 1235 ἕως
1344 1171 1436 1225 καί
1466 1187 1587 1223 τινα
1613 1168 1722 1221 τῶν

184 1276 231 1325 ἐν
279 1270 592 1338 μεγιστᾶσιν
633 1267 857 1320 ἐκείνων
910 1265 1164 1336 βαλόντες
1215 1264 1556 1332 φονεύουσιν.
1613 1260 1722 1313 Καὶ

184 1365 254 1417 διὰ
278 1363 437 1415 ταῦτα
489 1360 818 1428 ψυχρότεροι
858 1361 958 1428 τῆς
1005 1357 1222 1419 ἐλπίδος
1259 1356 1722 1425 ἀποχωρήσαντες

186 1453 441 1522 ἀνακωχήν
469 1468 528 1505 τε
580 1451 659 1521 τῷ
699 1450 920 1521 πολέμῳ
956 1449 1156 1503 ἐδίδουν
1201 1447 1296 1501 καὶ
1350 1446 1471 1501 κατ’
1526 1444 1724 1507 αὐτοὺς

185 1543 316 1619 ἦσαν.

188 1654 254 1709 ιϐ’.
283 1656 470 1720 Ὅπως
494 1659 528 1709 ὁ
552 1656 856 1722 βασιλεὺς
881 1654 1422 1726 μεταπεμψάμενος
1451 1652 1560 1705 τὸν
1588 1652 1725 1721 ἠγε-

420 1728 578 1795 μόνα
604 1726 806 1780 αὐτῶν
832 1723 1453 1794 πρεσόείαννστέλλει.

240 1815 352 1867 Τότε
382 1816 473 1867 καὶ
501 1815 759 1884 βασιλεὺς
792 1816 1015 1885 πέμψας
1042 1816 1133 1869 τὸν
1159 1817 1236 1877 είς
1266 1812 1507 1881 κεφαλὴν
1536 1827 1728 1879 τεταγ-

188 1906 317 1974 μένον
346 1905 568 1959 ἐκείνων
609 1904 1002 1976 μετακαλεῖται
1050 1906 1171 1975 μεθ’
1199 1907 1282 1959 ὅτι
1327 1905 1591 1974 πλείστης
1627 1903 1725 1972 τῆς

187 1998 481 2066 ῐλιρότητος,
513 1998 614 2053 καὶ
644 1998 752 2052 ὑπὸ
799 2001 867 2071 τῇ
903 1997 1263 2071 προσηκούσῃ
1305 1995 1574 2066 ἀσφαλείᾳ
1628 1996 1725 2047 σὺν

185 2089 356 2159 ἑτέροις
407 2090 776 2145 καταλαϐόντι
823 2091 1067 2156 ὠνείδιζέ
1114 2108 1173 2145 τε
1225 2091 1325 2154 τὰς
1379 2089 1724 2160 παραλόγους

183 2182 346 2251 ὁρμὰς,
382 2184 471 2237 καὶ
505 2183 610 2250 τὴν
640 2183 757 2236 τῶν.
788 2184 1163 2252 συγκειμένων
1195 2184 1262 2251 τῇ
1299 2181 1543 2253 βασιλείᾳ
1587 2182 1725 2250 μετὰ

184 2272 351 2325 τούτων
386 2273 739 2341 παραϐασίαν
769 2276 849 2337 είς
881 2275 1124 2342 φανερὰν
1151 2274 1318 2329 ἐτίθει
1351 2275 1553 2337 αἰτίαν,
1581 2275 1644 2326 es
1667 2273 1725 2327 δὲ

172 2365 258 2416 ,καὶ
287 2363 388 2434 πῦρ
434 2366 642 2419 ἐνιέναι
695 2364 984 2437 Ῥωμαίων
1034 2366 1235 2431 οἰκίαις
1286 2365 1636 2437 ταττομένοις
1668 2366 1727 2418 ἐν

184 2453 327 2522 φίλοις
360 2455 671 2527 ὑπερϐολὴν
723 2457 921 2528 μανίας
946 2458 1180 2529 ἔκρινεν.
1224 2456 1288 2512 Ὀ
1329 2456 1386 2512 δέ
1414 2456 1563 2512 πόλλ’
1592 2457 1727 2511 ἄττα
1798 2536 1801 2539 _

186 2720 279 2779 illic
302 2726 441 2794 prius
470 2726 671 2781 domos
690 2720 1062 2782 Genuensium
1081 2722 1459 2794 incenderant,
1486 2727 1560 2782 ita
1583 2739 1729 2785 nunc

186 2818 363 2887 pariter
381 2826 438 2872 et
460 2817 842 2873 Romanorum
873 2818 1016 2874 aedes
1039 2820 1471 2881 intlammarunt,
1492 2820 1729 2876 durante

186 2922 263 2977 per
280 2917 480 2965 noctem
510 2917 710 2975 totam,
737 2918 790 2965 et
816 2911 1045 2965 necdum
1072 2912 1346 2967 exstincto
1384 2912 1605 2981 quando
1637 2928 1729 2969 se-

185 3016 332 3069 quens
356 3002 469 3058 dies
494 3003 701 3067 illuxit,
725 3003 1002 3060 incendio.
1037 3002 1146 3074 Ipsi
1176 3019 1306 3061 vero
1340 3005 1570 3073 remigio
1600 3019 1731 3075 pro-

187 3095 327 3149 motis
348 3097 408 3151 ad
460 3105 653 3166 partes
689 3095 1139 3161 Blacheruarum,
1174 3096 1267 3153 ubi
1299 3106 1444 3152 stare
1479 3094 1732 3151 Genuen-

187 3198 259 3239 ses
298 3195 500 3251 norant,
533 3184 1054 3256 navibus.'protecti
1107 3201 1341 3257 corpora
1386 3190 1561 3243 scutis
1625 3188 1723 3240 ob-

189 3274 359 3344 longis,
390 3279 436 3333 vi
463 3293 686 3336 summa
714 3279 964 3334 nituntur
996 3279 1320 3349 irrumpere.
1355 3278 1460 3334 Sed
1479 3277 1730 3333 Genuen-

188 3368 315 3425 sibus
373 3381 602 3427 strenue
674 3372 1082 3439 resistentibus,
1141 3379 1195 3427 et
1243 3387 1286 3428 -e
1335 3370 1733 3426 munitionibus

187 3473 300 3527 quas
318 3461 385 3516 ad
410 3463 598 3517 aditus
624 3471 950 3532 paraverant
979 3462 1279 3519 fortissime
1312 3463 1733 3533 prohibentibus

189 3564 502 3620 exscensum,
522 3567 648 3608 acre
679 3553 924 3622 praelium
948 3553 1154 3609 exarsit
1179 3553 1234 3609 in
1257 3555 1478 3623 longum
1505 3555 1732 3621 durans;

189 3639 332 3696 donec
381 3661 529 3699 unus
589 3644 858 3714 quispiam
916 3660 948 3700 e
993 3645 1328 3715 primoribus
1379 3645 1732 3711 Venetorum,

192 3733 277 3785 telo
302 3734 435 3791 ictus
460 3750 493 3788 a
518 3735 903 3792 Genuensibus
954 3738 1146 3801 misso,
1182 3737 1419 3793 moriens
1464 3737 1730 3792 concidit.

193 3819 255 3876 Eo
291 3841 409 3881 casu
446 3826 633 3881 ablata
664 3844 956 3884 successus
1003 3844 1099 3897 spe
1157 3838 1211 3884 et
1248 3829 1571 3897 refrigerato
1635 3844 1733 3897 pu-

194 3918 610 3984 gnandiardore,
640 3919 797 3990 24],
855 3920 1113 3975 cedentes
1147 3928 1292 3974 retro
1349 3918 1540 3974 Veneti
1607 3921 1732 3975 belli

194 4007 702 4079 quasdamjnducias
729 4010 1001 4078 fecerunt,
1037 4011 1323 4067 subductis
1345 4020 1496 4065 extra
1521 4010 1733 4079 jactum

196 4097 520 4165 quiescentes
556 4102 810 4157 navibus.

196 4210 267 4266 l9.
298 4213 359 4269 Ut
378 4218 666 4286 imperator
703 4218 872 4270 accito
900 4217 969 4270 ad
1011 4233 1065 4270 se
1106 4217 1239 4270 duce
1275 4215 1463 4269 classis
1528 4214 1733 4271 Venetae

479 4288 792 4355 legationem
850 4286 1086 4342 Venetias
1154 4288 1378 4343 miserit.

250 4368 394 4431 ’l‘unc
449 4379 752 4448 imperator
796 4380 1083 4433 invitatum
1121 4380 1186 4433 ad
1244 4380 1603 4450 colloquium,
1632 4380 1737 4435 fide

199 4468 482 4522 securitatis
511 4468 731 4523 abunde
767 4470 932 4532 facta,
959 4469 1151 4525 ducem
1183 4485 1498 4540 supremum
1540 4472 1737 4527 classis

1825 617 1983 669 πλέον
2013 618 2106 670 τοῦ
2140 619 2321 681 κακῶς
2350 618 2499 685 δόξαι
2529 618 2789 689 πράττειν
2822 618 2919 673 καὶ
2969 618 3121 687 παρὰ
3155 616 3215 670 τὸ
3246 618 3396 680 εἰκὸς

1825 711 2197 779 ἀπηνέγκατο.
2255 711 2447 781 Ὅμως
2496 712 2542 765 δ’
2589 710 2649 776 ἐξ
2705 712 2875 782 αὐτῆς
2933 710 3231 781 πρεσϐείαν
3293 708 3394 780 μὶν

1826 799 2032 855 στέλλει
2063 801 2198 871 πρὸς
2237 801 2337 869 τὴν
2368 802 2591 858 ἐκείνων
2635 801 2983 873 συναγωγὴν,
3014 799 3100 873 [Ρ.
3148 798 3398 872 1641αὑ-

1822 891 1930 943 τῶν
1962 909 2026 958 γε
2056 892 2329 946 λαϐόντων
2374 895 2466 946 ἐπὶ
2503 894 2613 947 τῶν
2649 894 2793 948 ἰδίων
2823 894 2959 948 νεῶν
2989 895 3082 947 τὸν
3131 896 3212 956 είς
3268 910 3402 961 πρε-

1827 981 2061 1049 σϐευτὴν
2108 982 2395 1052 ταχθέντα.
2442 982 2499 1037 Ὀ
2520 983 2563 1036 δ’
2602 978 2671 1054 ἦν
2728 983 2757 1034 ὁ
2805 982 3026 1052 Κρήτης
3060 979 3397 1052 Νικηφόρος,

1823 1074 1961 1146 ἀνὴρ
1986 1078 2220 1145 γεραρὸς
2256 1078 2345 1129 καὶ
2375 1076 2554 1146 τίμιος
2580 1078 2675 1131 καὶ
2703 1075 2794 1128 διὰ
2819 1074 2991 1129 πολλὰ
3030 1073 3129 1144 μὲν
3171 1089 3401 1144 προκριι-

1826 1168 1937 1230 θεὶς
1968 1169 2048 1231 είς
2098 1168 2279 1235 τοῦτο,
2316 1170 2475 1223 πλέον
2511 1169 2566 1222 δὲ
2620 1170 2712 1223 καὶ
2737 1169 2818 1222 ὅτι
2866 1168 2941 1232 ὡς
2991 1169 3192 1221 οἰκεῖον
3238 1166 3401 1237 δῆθεν

1826 1258 2092 1328 ἀρχιερέα
2137 1259 2362 1329 ἔμελλον
2416 1261 2634 1329 βλέπειν
2688 1260 2997 1313 Βενετικοί’
3048 1262 3238 1330 Κρήτη
3288 1258 3401 1326 γὰρ

1829 1349 1933 1401 ὑπὸ
1959 1348 2179 1411 τούτους
2203 1345 2292 1420 ἦν,
2324 1344 2391 1420 ἧς
2423 1351 2627 1412 ἐκεῖνος
2656 1349 2944 1421 ἀρχιερεὺς
2972 1351 3400 1421 ἐπικεκήρυκτο,

1828 1443 1877 1494 εἰ
1930 1441 2024 1495 καὶ
2059 1443 2249 1515 πὸρῤω
2295 1443 2447 1517 διῆγε
2496 1443 2697 1513 ταύτης
2736 1444 2825 1499 διὰ
2877 1443 2976 1514 τὴν
3015 1443 3123 1497 τῶν
3185 1442 3403 1497 Ἰταλῶν

1828 1533 2206 1603 ἐπικράτειαν.
2232 1536 2401 1599 Αὐτὸς
2424 1536 2480 1589 δὲ
2509 1536 2763 1607 βασιλεὺς
2796 1538 2875 1599 είς
2903 1538 3276 1606 ἀγανάκτησιν
3300 1534 3400 1589 τὴν

1830 1627 2145 1696 πρέπουσαν
2198 1627 2570 1700 προηγμένος,
2607 1629 2701 1684 καὶ
2756 1629 2994 1700 μάλιστα
3040 1629 3127 1682 διὰ
3171 1628 3267 1700 τὴν
3306 1628 3421 1683 τοῦ.

1830 1717 2310 1787 καταφρονηθῆναι
2362 1718 2540 1785 δόξαν,
2595 1720 2841 1790 ἐπισχὼν
2887 1720 3012 1784 τοὺς
3042 1721 3102 1771 ἐν
3147 1722 3213 1791 τῇ
3250 1719 3404 1774 πόλει

1830 1805 2147 1868 Βενετικοὺς
2178 1807 2380 1870 ἱκανοῖς
2427 1809 2675 1879 χρήμασι
2713 1810 2875 1879 μέχρι
2906 1808 2970 1879 δὴ
3005 1808 3101 1861 καὶ
3131 1810 3209 1872 εἰς
3235 1808 3408 1879 χιλιά-

1761 1870 1805 1937 Β
1830 1897 1928 1959 δας
1979 1896 2309 1967 ὀγδοήκοντα
2355 1870 2650 1970 ἐνεξύραζε
2696 1870 3298 1969 τῶν-πυρποληθεισῶν
3328 1900 3409 1951 ol-

1834 1986 1968 2040 κιῶν
1996 1988 2181 2058 χάριν,
2212 1989 2332 2042 ὅσαι
2359 2006 2416 2043 τε
2459 1991 2675 2044 Ἰταλῶν
2704 1991 2845 2044 κατὰ
2870 1992 2973 2059 τὴν
3008 1990 3240 2060 περαίαν
3263 1986 3407 2061 ἦσαν

1833 2079 1928 2132 καὶ
1959 2080 2082 2134 ὅσαι
2130 2080 2452 2152 Ῥωμαίων·
2501 2084 2596 2136 καὶ
2627 2084 2736 2155 γὰρ
2762 2084 2859 2138 καὶ
2895 2085 2994 2148 τὰς
3041 2083 3146 2136 τῶν
3190 2081 3406 2138 Ἰταλῶν

1833 2170 2011 2241 χρεὼν
2038 2168 2108 2244 ἦν
2139 2173 2477 2243 δεφενδεύειν
2506 2175 2600 2230 διὰ
2627 2177 2695 2230 τὰ
2730 2175 3063 2247 συγκείμενα
3095 2175 3306 2244 βασιλεῖ
3345 2191 3408 2227 τε

1835 2266 1930 2316 καὶ
1964 2263 2135 2331 σφίσι.
2167 2265 2395 2319 Δοκοῦσι
2420 2265 2477 2320 δέ
2506 2283 2597 2337 μοι
2642 2267 2740 2321 καὶ
2772 2265 3084 2322 Γεννουῖται
3111 2267 3212 2338 τῆς
3240 2267 3408 2336 αὐτῆς

1831 2356 1992 2425 χάριν
2040 2356 2219 2419 αίτίας
2246 2360 2302 2422 ἐς
2354 2358 2582 2431 ὕστερον
2607 2360 2714 2416 τῶν
2744 2362 2802 2416 ἐν
2844 2363 2913 2433 τῇ
2949 2361 3102 2416 πόλει
3131 2377 3411 2431 κατεπαρ-

1835 2445 1994 2516 θῆναι
2024 2447 2346 2504 Βενετικῶν.

2670 2566 2711 2591 κ

1836 2711 2110 2773 excedens
2131 2712 2346 2772 modum
2374 2724 2635 2788 protervae
2653 2714 2894 2790 perﬁdiae
2914 2721 3190 2791 piaculum
3216 2717 3407 2778 fuisse.

1834 2811 1918 2866 Ad
1956 2826 2018 2867 ea
2052 2810 2342 2882 praefectus
2374 2814 2579 2868 classis
2597 2813 2817 2869 Venetae
2841 2829 2965 2870 cum
3016 2815 3187 2868 multa
3243 2828 3411 2870 excu-

1837 2917 1959 2956 sare
1985 2901 2217 2956 dicendo
2249 2911 2481 2959 conatus
2512 2913 2681 2967 esset,
2732 2905 2867 2959 nihil
2901 2918 3208 2959 memorare
3240 2904 3414 2959 valuit

1838 3008 1947 3062 quo
1980 2994 2118 3048 satis
2162 3002 2423 3063 purgaret
2480 2994 2725 3049 insolens
2778 2994 3012 3062 factum,
3062 2994 3413 3063 efficeretque

1840 3094 1899 3137 ut
1951 3084 2098 3139 aliud
2149 3084 2442 3140 audientes
2491 3085 2806 3155 iudicarent
2853 3101 3015 3155 quam
3060 3100 3121 3141 se
3160 3100 3224 3141 ac
3280 3100 3413 3141 suos

1838 3175 2016 3245 egisse
2046 3172 2103 3229 in
2129 3189 2196 3230 eo
2244 3191 2532 3247 perperam
2562 3185 2618 3231 et
2649 3189 2840 3233 contra
2868 3192 3033 3233 omne
3076 3176 3164 3233 fas
3193 3193 3413 3248 gressa—-

1841 3275 1950 3321 tos.
1985 3265 2190 3321 Tamen
2222 3267 2525 3338 imperator
2555 3285 2617 3325 ex
2650 3277 2783 3325 tunc
2836 3271 3051 3339 putavit
3080 3270 3409 3340 legationem

1839 3356 1907 3413 ad
1935 3373 2123 3412 eorum
2155 3366 2406 3415 senatum
2438 3359 2843 3426 destinandam,
2867 3361 3004 3431 ipsis
3037 3362 3269 3418 libenter
3311 3363 3412 3417 ad-

1839 3448 2181 3504 mittentibus
2208 3458 2262 3504 et
2292 3450 2565 3507 delectum
2619 3451 2690 3507 ad
2740 3453 2791 3508 id
2831 3454 3065 3524 legatum
3105 3454 3160 3509 in
3188 3469 3320 3510 suas
3346 3470 3413 3509 eo
3494 3514 3519 3523 κ

1804 3541 2189 3597 ‘deferendum
2223 3542 2623 3612 accipientibus
2656 3559 2843 3601 naves.
2892 3544 3019 3600 Fuit
3051 3545 3143 3601 ille
3178 3546 3408 3602 antistes

1836 3631 2180 3687 Cretensium
2203 3630 2566 3703 Nicephorus,
2592 3651 2756 3705 quem
2785 3635 2904 3691 fore
2941 3635 3162 3694 Venetis
3186 3645 3407 3709 gratum

1836 3740 1901 3779 co
1934 3727 2151 3781 nomine
2182 3729 2391 3796 putavit
2418 3729 2739 3799 imperator,
2776 3729 2923 3800 quod
2957 3745 3082 3786 cum
3103 3730 3220 3798 jam
3276 3730 3415 3800 ipsis
3478 3712 3488 3724 ’

1836 3817 2089 3874 subesset
2125 3819 2285 3874 Creta
2315 3820 2518 3885 insula,
2550 3822 2868 3892 episcopum
2908 3821 3018 3879 loci
3074 3838 3187 3879 suae
3215 3823 3413 3879 ditioni
3454 3872 3471 3879 -

1837 3911 2041 3965 subditi
2072 3911 2304 3966 libenter
2351 3913 2426 3967 illi
2482 3915 2624 3984 apud
2661 3929 2720 3970 se
2753 3916 2925 3971 visuri
2970 3917 3168 3972 merito
3220 3931 3414 3988 spera-

1837 4011 2047 4056 rcntur.
2101 4000 2200 4056 Hic
2257 4018 2422 4071 porro
2465 4003 2812 4075 Nicephorus
2847 4006 3062 4064 electus
3095 4008 3319 4078 quidem
3355 4017 3414 4064 et

1834 4093 1942 4149 rite
1985 4093 2273 4150 ordinatus
2305 4097 2602 4167 episcopus
2646 4097 2825 4155 Cretae
2860 4098 3064 4165 fuerat,
3116 4099 3280 4163 seda
3309 4114 3413 4156 sua

1836 4184 2065 4241 ecclesia
2097 4187 2288 4255 procul
2316 4189 2545 4259 degebat
2576 4198 2797 4259 propter
2838 4190 3187 4248 dominantes
3237 4191 3292 4245 in
3347 4205 3413 4245 ea

1839 4278 2025 4335 Italos.
2082 4278 2178 4336 llis
2242 4282 2505 4350 profectis
2560 4283 2883 4353 imperator,
2917 4294 3080 4355 prout
3133 4300 3234 4354 par
3267 4297 3412 4347 erat.

1840 4371 2153 4444 indignatus
2201 4374 2281 4459 oh
2317 4375 2586 4432 hostiliter
2641 4375 2805 4448 252
2854 4377 3100 4432 invasam
3136 4384 3290 4430 tanto
3323 4377 3412 4429 ειιί

1839 4474 2151 4535 contemptu
2196 4472 2252 4520 et
2281 4465 2510 4521 deletam
2567 4466 2823 4524 incendio
2876 4467 3146 4530 Galatam,
3181 4463 3406 4522 Venetis

198 4549 387 4611 Venetae
437 4558 588 4613 vultu
626 4562 861 4613 maxime
894 4559 1054 4613 hilari
1101 4575 1166 4614 ac
1226 4575 1496 4616 summam
1546 4563 1737 4632 praefe-
1766 4560 1813 4619 D
1843 4556 2130 4623 inquilinis
2160 4558 2335 4621 urbis,
2388 4574 2553 4630 quos,
2602 4568 2661 4615 ut
2695 4567 2781 4616 est
2820 4568 2947 4616 ante
3001 4559 3234 4625 dictum,
3266 4573 3418 4614 com-

200 4654 329 4702 rente
360 4648 610 4702 ﬁduciam
645 4649 860 4718 excepit
895 4664 1020 4703 cum
1073 4664 1270 4719 magno
1296 4652 1528 4706 aliorum
1561 4653 1734 4706 comi-

199 4742 291 4791 tatu
340 4743 663 4797 venientem.
714 4740 811 4796 llis
860 4744 1308 4813 Augustushaud
1343 4760 1505 4813 parce
1538 4759 1736 4814 expro-

201 4827 350 4885 bravit
376 4834 725 4889 inconsultos
760 4848 961 4901 ausus;
990 4842 1044 4889 et
1087 4836 1242 4905 cujus
1275 4835 1550 4889 manifesti
1589 4845 1754 4891 tene-‘

202 4932 362 4978 rentur
385 4924 686 4995 fmdifragas
724 4925 781 4979 in
816 4942 971 4980 suam
1008 4926 1349 4996 maiestatem
1387 4926 1736 4991 temeritatis,

202 5023 364 5068 contra
390 5017 594 5072 dudum
654 5017 900 5072 stabilita
952 5017 1184 5072 invicem
1248 5027 1407 5088 pacta
1441 5016 1737 5088 perfidiose

203 5109 806 5178 [temtariucrepavit
857 5110 1092 5173 crimen,
1142 5109 1307 5179 hujus
1340 5110 1505 5165 etiam
1538 5110 1738 5166 distin-

206 5211 351 5265 guens
380 5200 599 5271 gradus.
630 5198 768 5255 Nam
826 5208 884 5257 et
935 5200 1209 5255 nefarium
1250 5198 1422 5257 fuisse
1455 5202 1738 5256 incurrere

206 5286 405 5349 inlutos
438 5294 593 5365 ipsos
648 5293 703 5348 in
744 5294 866 5348 loca
902 5290 1271 5362 imperatoria:
1298 5291 1547 5358 ditionis,
1577 5292 1742 5347 adeo-

206 5396 294 5450 que
317 5384 366 5441 in
392 5396 572 5457 partes
603 5385 759 5442 urbis
786 5386 946 5457 regis:
972 5382 1066 5440 ubi
1121 5398 1224 5439 suo
1251 5384 1519 5454 permissu
1549 5399 1614 5439 ac
1636 5384 1741 5440 sub

207 5482 509 5541 protectione
535 5479 751 5550 imperii
773 5477 1091 5535 Genuenses
1113 5470 1446 5531 habitarent.
1464 5474 1733 5532 Caeterum

210 5578 347 5636 super
376 5572 505 5627 illud
540 5587 638 5642 per
664 5586 725 5626 se
768 5572 1002 5625 immane
1044 5568 1277 5633 facinus,
1312 5583 1422 5623 non
1456 5567 1741 5625 dubitasse

209 5656 336 5726 ipsos
366 5663 736 5719 llotnanorum
784 5677 1005 5733 quoque
1055 5662 1329 5732 ipsorum,
1363 5676 1488 5715 cum
1538 5660 1739 5729 quibus

210 5763 367 5816 Pacem
422 5750 708 5820 haberent,
765 5758 901 5810 sitas
930 5753 1078 5825 apud
1132 5753 1375 5809 Galatam
1428 5753 1623 5807 domos
1655 5755 1741 5807 in-

212 5846 432 5918 cendere,
467 5849 670 5905 furoris
699 5847 946 5918 prof:cto
987 5847 1268 5903 cumulum
1299 5853 1353 5902 et
1382 5859 1596 5902 omnem
1621 5844 1737 5914 jam

539 5945 809 6005 Pavnoc.
852 5944 967 6004 Gn.
1007 5940 1275 6006 CXLIV.

1849 4650 2115 4717 prehendi
2148 4651 2255 4721 iam
2289 4651 2555 4721 iusserat,
2609 4653 2836 4708 multam
2891 4650 3092 4707 iudiirit
3148 4652 3413 4722 pecunia-

1848 4742 1982 4794 riam
2020 4755 2248 4795 sumnue
2276 4741 2562 4811 octoginta
2586 4740 2816 4795 millium
2862 4754 3214 4796 nummorum
3245 4738 3422 4794 conli~

1848 4834 2092 4889 ciendam
2123 4850 2190 4888 ex
2219 4836 2567 4905 oppignerari
2614 4835 2799 4892 statim
2835 4835 3006 4908 jussis
3052 4836 3297 4891 omnium
3330 4835 3417 4905 ip-

1850 4939 2035 4980 sorum
2090 4924 2269 4990 bonis,
2300 4940 2408 4994 qua
2468 4924 2830 4981 resarciretur
2871 4925 3134 4981 damnum
3194 4925 3420 4981 combu-

1850 5025 2057 5070 starum
2083 5015 2194 5070 illic
2214 5017 2496 5082 domuum,
2524 5016 2605 5071 vel
2638 5015 2708 5072 ad
2736 5015 2902 5072 italos
2932 5017 3014 5074 vel
3048 5015 3115 5072 ad
3140 5017 3417 5073 Romanos

1850 5109 2276 5177 pertinentium:
2308 5124 2435 5164 nam
2489 5120 2543 5164 et
2594 5108 2854 5164 [talorum
2889 5110 3084 5166 domos
3117 5111 3276 5181 juxta
3322 5125 3420 5180 pa-

1852 5209 1939 5254 cta
1971 5216 2095 5255 cum
2133 5201 2200 5254 iis
2232 5216 2261 5255 a
2292 5217 2352 5258 se
2377 5201 2510 5256 inita
2549 5201 2848 5259 defendere
2871 5218 2934 5260 se
2975 5204 3174 5260 debere
3197 5202 3418 5270 judica-

1853 5291 1949 5345 vit.
1979 5288 2208 5346 Videtur
2249 5306 2466 5360 quoque
2497 5292 2629 5347 mihi
2663 5304 2831 5349 causa
2862 5292 3078 5359 eadem,
3119 5293 3298 5361 dolor,
3330 5293 3421 5348 in-

1850 5398 2038 5452 quam,
2061 5394 2114 5437 et
2143 5382 2449 5454 indignatio
2477 5384 2693 5439 animos
2736 5399 2986 5454 pungens
3036 5384 3420 5440 recordatione

1853 5474 2312 5531 iuﬂammatarum
2343 5490 2373 5531 a
2409 5476 2627 5532 Venetis
2672 5477 2891 5541 aedium,
2928 5476 3237 5532 concitasse
3269 5485 3422 5544 post-

1853 5568 2077 5623 modum
2099 5566 2418 5625 Geuuenses
2442 5567 2512 5623 ad
2545 5568 2936 5637 insumendum
2960 5568 3017 5623 in
3044 5582 3142 5624 eos
3172 5567 3419 5637 ipsorum

1855 5663 1947 5730 qui
1977 5668 2105 5715 tunc
2128 5669 2287 5716 erant
2312 5661 2370 5717 in
2404 5661 2562 5729 urbe,
2592 5668 2648 5717 et
2677 5660 2899 5717 eosdem
2929 5675 3073 5717 sava
3107 5658 3429 5715 incursione

1857 5752 2265 5823 opprimendos.

3039 5930 3080 5993 9
