3922 6552
473 425 578 488 ΞϐἸ

1655 409 1975 470 GEORGII
2021 409 2493 470 PACHYMEIL‘E

3611 416 3713 478 268

460 536 533 591 κ’.
573 533 714 606 Περὶ
762 529 868 598 τῆς
908 528 1037 606 quia:
1076 522 1635 606 I'SVYquttIW‘fatd
1684 521 1803 576 τῶν
1848 523 1917 574 ἐν
1959 521 2032 589 τῇ
2068 535 2105 584 Α
2135 522 2286 584 δέους
2334 526 2487 585 ὄντες
2530 527 2801 592 μετοικεῖν
2833 525 2912 589 είς
2949 534 3047 596 την
3100 524 3238 578 ἰδίαν
3271 524 3454 598 χώραν
3487 525 3582 580 καὶ
3612 530 3710 598 τὴν

799 595 972 656 dolet
996 596 1325 654 Βενετικῶν
1356 595 1700 658 ἐπιθέσεως.

2136 613 2233 664 τοῦ
2267 617 2458 680 γένους
2495 617 2820 688 συναγωγὴν
2849 616 3110 685 ἔγνωσαν.

529 712 638 766 Τοῦ
663 712 776 783 γὰρ
796 709 953 764 αὐτοῦ
976 709 1146 773 ἔτους.
1171 707 1334 777 μηνὸς
1356 704 1820 776 Σκιρροφοριῶνος
1843 703 2035 771 λῆγον·
2134 717 2242 773 κα’.
2266 721 2403 789 Περί
2438 721 2547 792 τῆς
2566 726 2653 791 είς
2675 725 3027 790 Βενετικοὺς
3057 725 3377 794 πρεσϐείας
3401 725 3499 781 διὰ
3521 726 3711 783 ταῦτα

461 822 574 870 τος,
593 805 655 858 ἐκ
671 821 812 866 τινος
828 803 1036 864 είκαίας
1056 799 1231 862 αἰτίας
1257 798 1767 868 παρακροτήσαντες
1785 794 2031 860 ἐαυτοὺς,

463 899 558 953 καὶ
592 895 753 949 αὑτοῦ
786 893 878 948 τοῦ
914 891 1077 964 ρηγδς
1125 888 1417 959 Ἀρμενίας
1466 888 1720 957 τυχόντος
1751 890 1808 940 ἐν
1856 887 2030 950 πόλει.

461 991 521 1054 ὃς
553 989 616 1059 δὴ
645 989 740 1041 καὶ⁸
767 986 906 1040 κατὰ
942 982 1201 1055 φρερίους
1241 981 1475 1042 Ἰταλοὺς
1503 979 1684 1048 διῆγε,
1713 978 1782 1030 τά
1806 978 2032 1032 πλεῖστα

460 1083 590 1152 γοῦν
615 1079 707 1133 καὶ
742 1077 906 1132 αὐτοῦ
935 1073 1310 1134 δυσωποῦντος
1339 1071 1434 1124 καὶ
1459 1069 1855 1141 μεσιτεύοντος,
1884 1070 2031 1122 πλεῖ-

461 1191 576 1226 στοι
624 1173 825 1238 ὀλίγοις
850 1168 945 1220 καὶ
995 1167 1226 1236 ἡμέροις
1275 1164 1456 1233 ἄγριοι
1505 1161 1840 1230 ἐπιθέμενοι,
1874 1160 2032 1213 δυνα-

2697 794 2802 848 τοῦ
2825 795 3156 861 βασιλέως.

2212 885 2272 940 ’0
2303 885 2412 956 γὰρ
2467 885 2714 956 βασιλεὺς
2746 887 2860 957 ἅμα
2895 889 2995 958 μὶν
3027 889 3103 958 τῷ
3141 889 3316 942 ταῦτα
3351 889 3612 957 γενέσθαι
3643 864 3714 943 δι⁹

2132 977 2343 1040 ἐννοίας
2391 978 2683 1047 γενόμενος
2722 977 2796 1048 μὴ
2843 978 3026 1031 αἰτίαν
3058 979 3214 1049 σχοίη
3261 979 3336 1042 ὡς
3367 980 3710 1048 συμπράξειε

2135 1069 2319 1140 δῆθεν,
2348 1069 2609 1141 πρέσϐεις
2634 1069 2995 1140 ἐκλεξάμενος
3020 1072 3111 1125 τόν
3127 1089 3185 1124 τε
3207 1073 3439 1141 μοναχὸν
3455 1073 3711 1142 Μάξιμον

2133 1161 2225 1212 τὸν
2267 1160 2577 1231 Πλανούδην
2603 1161 2698 1214 καὶ
2719 1161 2808 1214 τὸν
2831 1163 3235 1233 όρφανοτρόφον
3261 1165 3485 1227 Λέοντα,
3510 1164 3711 1234 ἄνδρας

460 1265 782 1326 στεύσαντες
836 1263 930 1314 καὶ
974 1258 1143 1329 αὐτὴν
1175 1257 1272 1327 τὴν
1301 1255 1586 1326 βασιλικὴν
1621 1254 1886 1319 ἐξουσίαν,
1911 1253 2031 1306 τολ-
2134 1251 2462 1321 ἐλλογίμους
2485 1254 2579 1307 καὶ
2610 1255 2888 1319 συνετοὺς,
2917 1256 3003 1309 ἐπ’
3037 1256 3341 1321 ’Δκουῖλίας
3360 1255 3708 1320 ἀπέστειλεν,
3759 1287 3762 1292 -

460 1357 603 1428 μῶσι
623 1357 692 1409 τὰ
714 1353 1060 1409 ἀνοσιώτατα
1081 1351 1362 1421 πράττειν,
1391 1345 1548 1416 θυμῷ
1568 1363 1626 1398 τε
1650 1343 2026 1440 σύστρατιώτῃ
2128 1341 2566 1413 ἀπολογούμενος
2599 1343 2676 1414 τῷ
2714 1345 2878 1416 κοινῷ
2913 1346 3176 1417 συνεδρίῳ
3199 1345 3402 1400 τούτων
3437 1347 3534 1400 καὶ
3560 1363 3708 1416 παρ·
3755 1391 3761 1440 ι

457 1449 794 1520 χρησάμενοι
840 1445 934 1497 καὶ
959 1443 1097 1514 ὀργῇ
1127 1443 1190 1493 ἐκ
1231 1440 1453 1509 μνήμης
1482 1437 1590 1489 τῶν
1641 1434 1770 1506 χθὲς
1817 1448 2029 1503 συμπε-
2130 1434 2294 1490 ιστῶν
2323 1435 2384 1488 τό
2418 1436 2468 1488 οί
2510 1437 2602 1489 ἐπὶ
2632 1439 2739 1500 τοῖς
2769 1438 3176 1508 τετελεσμένοις
3227 1438 3488 1500 ἀναίτιον.
3520 1438 3588 1494 Οἳ
3614 1437 3710 1491 καὶ

461 1543 660 1596 σόντων
699 1537 910 1600 σπάθας
945 1553 1001 1589 τε
1027 1532 1316 1604 γυμνοῦσι,
1349 1532 1442 1583 καὶ
1481 1527 1622 1582 συῶν
1655 1527 1839 1598 τρόπῳ
1878 1525 2026 1578 ὀδόν·
2127 1529 2565 1596 παραγεγονότες
2624 1530 2682 1584 ἐν
2734 1531 2852 1600 χρῷ
2880 1530 3125 1584 κινδύνου
3177 1531 3550 1600 κατέστησαν,
3601 1529 3710 1584 τῶν

458 1653 559 1697 τας
589 1633 846 1704 θήξαντες
870 1629 1068 1698 ἄνδρας
1094 1623 1544 1696 ὑποκλινομένους
1573 1619 1726 1690 σφίσι
1758 1619 1852 1672 καὶ
1871 1618 2029 1672 λιπα-
2128 1620 2444 1691 προσγενῶν
2469 1621 2575 1675 τῶν
2620 1622 2986 1692 φονευθέντων
3018 1622 3203 1690 σφίσιν
3261 1621 3705 1676 ἐπαναστάντων.

461 1726 569 1797 ρῶς
604 1725 663 1790 ἐξ
696 1722 941 1791 ἀνάγκης
999 1718 1284 1789 δεομένους
1340 1715 1602 1786 μεγίστης
1649 1711 1888 1782 ἀνηλεῶς
1926 1711 2026 1764 αύο
2125 1713 2295 1776 Μόλις
2327 1713 2383 1766 δέ
2425 1713 2550 1776 τοὺς
2598 1715 2892 1784 περιόντας
2947 1715 3188 1777 οἰκείους
3236 1713 3584 1783 ζητήσαντες
3615 1715 3707 1770 καὶ

458 1815 704 1887 θημερδν
752 1812 1078 1876 κτείνουσιν,
1127 1809 1279 1871 ἐντὸς
1310 1806 1500 1860 οἰκιῶν
1551 1804 2024 1872 κατασφάττοντες
2053 1865 2096 1887 ἢ
2124 1803 2402 1868 λαϐόντες,
2435 1804 2565 1874 περὶ
2619 1805 2719 1874 τῆς
2767 1805 2907 1875 μετὰ
2965 1805 3074 1859 τῶν
3137 1805 3427 1874 Ῥωμαίων
3475 1806 3707 1874 εἰρήνης

917 1865 1186 1971 Ἆπαγὰρ
1211 1865 1305 1951 τοῦ
1334 1896 1418 1970 [Ρ.
1462 1895 1587 1967 165]
1617 1865 1766 1966 σφῶν
1795 1893 2026 1963 μπαῖού-
2049 1865 2098 1926 Β
2124 1895 2225 1964 τῆς
2257 1895 2351 1948 νῦν
2379 1865 2456 1959 ῶς
2507 1865 2917 1965 πάλαινκαιρὸν
2963 1896 3175 1949 ἐτίθουν
3224 1865 3602 1965 βουλεύεσθαί

456 2001 552 2053 λου
592 1998 908 2070 ἀρξάμενοι,
956 1995 1023 2054 bit
1069 1989 1518 2060 ἐγκεκλεισμένον
1551 1989 1660 2040 άπὸ
1705 1987 1897 2055 τέγους
1925 2003 2026 2056 χα-

456 2090 746 2152 λασθέντες
795 2085 1181 2156 κρεανομοῦσι,
1232 2084 1343 2146 τοῖς
1387 2079 1594 2143 λοιποῖς
1626 2079 1758 2132 ὅπου
1808 2077 2024 2147 τύχοιεν

459 2181 816 2245 ἐπιτίθενται,
841 2181 915 2242 ὠς
951 2179 1047 2232 καὶ
1087 2176 1314 2246 συχνοὺς
1361 2174 1478 2244 ἅμα
1515 2171 1780 2240 τεθάφθαι
1812 2171 1904 2223 καὶ
1933 2186 2025 2237 γε-

455 2274 646 2334 νέσθαι
672 2275 739 2331 τὰ
768 2273 1024 2347 μνήματα
1056 2267 1407 2338 πολυάνδρια.
1438 2265 1558 2319 Τῶν
1585 2265 1715 2334 γοῦν
1739 2261 2023 2331 ἐπιφανῶν

455 2371 630 2434 οὕτως
657 2369 930 2422 ὀλωλότων
959 2360 1169 2436 ἀνδρῶν
1219 2360 1270 2412 οἱ
1304 2356 1726 2426 ἐλλελειμμένοι,
1767 2353 2023 2426 βάναυσοί

454 2478 601 2522 τινες
649 2459 802 2522 ὄντες
841 2457 936 2509 καὶ
988 2447 1308 2519 σκυτοτόμοι
1359 2449 1453 2499 καὶ
1499 2446 1744 2499 κιϐωτῶν
1774 2443 2020 2506 τέκτονες

457 2553 552 2606 καὶ
605 2552 787 2620 πάσης
833 2547 998 2617 ἄλλης
1047 2541 1304 2612 ἐπήϐολοι
1335 2538 1552 2608 τέχνης,
1593 2536 1714 2590 τότε
1769 2537 1866 2604 μὲν
1919 2533 2023 2586 ὑπὸ

462 2646 652 2700 σκότον
682 2643 868 2704 δύντες
903 2641 964 2692 τὸ
1001 2639 1152 2707 ξίφος
1181 2634 1560 2704 ἐκφεύγουσιν,
1601 2628 1825 2700 ὕστερον
1851 2627 1907 2680 δὲ
1935 2626 2024 2680 διὰ

454 2817 547 2875 20.
578 2817 654 2872 De
677 2814 972 2870 incursione
997 2809 1347 2931 Genuensitzm
1391 2809 1445 2862 in
1489 2805 1709 2860 Venetos
1747 2806 1837 2876 qui
1869 2812 2021 2859 erant

1122 2897 1176 2931 ιιι
1207 2897 1272 2931 ur
1307 2895 1356 2931 ϐ.

1122 2897 1176 2934 ιιι
1207 2895 1356 2934 ιιτυσ.

528 2997 729 3054 Eodem
762 2996 964 3065 quippe
989 3007 1155 3055 anno.
1189 3005 1372 3046 mense
1401 2987 1685 3043 Decembri
1708 2985 2018 3050 desinente,

455 3089 574 3143 rixa
630 3103 694 3142 ex
754 3085 962 3153 vulgari
1017 3091 1071 3137 et
1133 3081 1290 3135 nihili
1331 3076 1736 3133 oﬂ‘eusiuncula
1782 3073 2021 3129 exarde-

460 3192 672 3246 scente,
714 3176 972 3233 concitati
1001 3175 1136 3229 adeo
1184 3180 1483 3239 mutuoque
1523 3169 1738 3223 hortatu
1773 3165 1839 3220 ad
1870 3178 2017 3218 arma

456 3270 792 3328 consternati
816 3269 1135 3323 Genuenses
1167 3270 1322 3326 sunt,
1375 3273 1434 3314 ut
1467 3258 1820 3329 quantumvis
1853 3259 2022 3311 inter-

456 3365 672 3422 cederet
703 3372 1000 3430 pacemque
1030 3355 1324 3410 conciliare
1350 3367 1448 3422 pro
1475 3350 1613 3404 virili
1645 3358 1864 3403 curaret
1893 3357 2022 3402 tunc

459 3461 600 3513 forte
645 3458 698 3509 in
737 3454 871 3508 urbe
911 3461 1154 3522 praesens
1187 3462 1281 3502 rex
1325 3445 1620 3510 Armeniae,
1667 3443 1807 3513 apud
1844 3453 2025 3499 utros-

459 3566 568 3619 que
601 3560 885 3603 sacrorum
921 3541 1313 3598 communione
1347 3537 1644 3606 gratiosus,
1671 3535 1869 3605 quippe
1897 3548 2022 3588 cum

458 3639 663 3695 Freriis
697 3635 844 3690 Italis
875 3635 1082 3696 vivens,
1113 3659 1183 3671 —-
1209 3631 1334 3694 isto,
1371 3629 1619 3697 inquam,
1653 3626 1718 3681 ad
1767 3626 1866 3681 bos
1909 3640 1940 3679 a
1969 3625 2022 3680 vi

457 3729 860 3789 dissuadendos
888 3725 1252 3796 nequidquam
1286 3723 1471 3778 omnia
1500 3727 1770 3787 tentante,
1806 3720 1858 3773 in
1885 3733 2024 3788 pau-

458 3842 554 3882 cos
604 3823 854 3894 plurimi,
908 3822 964 3875 in
1022 3819 1187 3874 mites
1224 3829 1277 3872 et
1315 3816 1582 3871 obnoxios
1639 3814 1737 3868 feri
1785 3815 2024 3883 saevique

458 3921 724 3988 impetum
774 3915 1060 3976 facientes,
1116 3911 1253 3981 Ipsis
1285 3910 1449 3966 etiam
1501 3909 1722 3963 obstare
1775 3907 2022 3962 nascenti

458 4009 716 4065 tumultui
762 4005 980 4060 conatis
1026 4002 1379 4072 imperatoris
1433 4000 1704 4054 ministris
1760 4009 1814 4055 et
1854 3999 2025 4070 magi-

457 4100 747 4164 stratibus,
776 4099 975 4153 cedere
1004 4093 1320 4164 compulsis,
1372 4093 1427 4148 in
1461 4107 1597 4148 ausa
1644 4092 1853 4147 nefaria
1891 4107 2024 4160 pro-

456 4200 746 4262 ruperunt,
796 4189 1152 4244 auxiliaribus
1188 4187 1270 4241 usi
1325 4185 1445 4240 zelo
1491 4199 1557 4239 ac
1615 4183 1825 4249 furore,
1883 4198 2024 4253 quos

455 4299 746 4340 recurrens
783 4281 1042 4337 memoria
1093 4292 1268 4350 nuper
1325 4288 1574 4334 actorum
1636 4277 2021 4334 inﬂammaret.

459 4376 680 4432 Strictis
709 4389 842 4444 ergo
875 4381 1098 4428 ruentes
1133 4372 1384 4436 ensibus,
1438 4381 1494 4426 et
1541 4385 1798 4444 aprorum
1852 4371 2026 4425 instar

453 4468 644 4523 dentes
679 4466 745 4521 ad
784 4466 983 4520 eadem
1019 4464 1333 4519 acuentium
1393 4461 1732 4526 frendentes,
1790 4461 2022 4516 miseros

2127 1986 2234 2057 μὴν
2285 1987 2340 2040 δέ
2368 1987 2463 2040 καὶ
2499 1988 2758 2057 πρέσϐεις
2793 1988 3220 2040 άντεπέστελλον
3265 1987 3410 2050 τότε,
3465 1985 3608 2039 ἀλλά
3638 1985 3704 2038 δι’

2123 2078 2304 2132 αὐτῶν
2335 2079 2646 2150 περιαλγῶς
2685 2079 3083 2144 ἐξωνειδίξοντυ
3116 2079 3326 2150 βασιλεῖ
3346 2097 3405 2132 τε
3432 2080 3532 2133 καὶ
3573 2080 3706 2133 Ῥωο

2126 2171 2329 2241 μαίοις,
2357 2173 2508 2236 ὅπως
2553 2173 2703 2236 ἐντὸς
2749 2174 2948 2243 χειρῶν
2979 2173 3202 2226 ἐκείνων
3251 2173 3533 2234 τοιαύταις
3571 2187 3706 2241 συμ-

2123 2265 2317 2332 φοραῖς
2365 2265 2440 2333 μη
2489 2265 2866 2334 χωρουμέναις
2911 2263 2989 2332 τῷ
3027 2265 3251 2316 ἐκείνων
3303 2262 3417 2315 ἐθει
3466 2263 3601 2323 τοὺς
3625 2264 3704 2315 ol-

2127 2357 2312 2417 κείους
2364 2357 2412 2408 οί
2462 2355 2840 2425 ἐχθραίνοντες
2893 2353 3235 2426 περιέϐαλον.
3269 2354 3351 2407 Τὰ
3401 2354 3592 2423 μέντοι
3640 2370 3700 2422 γε

2124 2447 2429 2516 πράγματα
2479 2447 2586 2500 τῶν
2625 2446 2925 2500 Βενετικῶν
2958 2448 3053 2499 καὶ
3101 2445 3464 2515 σφοδρότερον
3490 2447 3706 2499 ἀνταπ-

2120 2534 2282 2606 ῄτουν
2315 2536 2402 2606 (τά
2432 2536 2476 2588 δ’
2526 2531 2667 2606 ἦσαν
2698 2535 2734 2588 ἃ.
2785 2536 2996 2603 φθάσας
3036 2536 3065 2588 δ
3120 2534 3372 2604 βασιλεὺς
3417 2535 3545 2587 ἀντὶ
3594 2535 3702 2588 τῶν

2121 2626 2572 2696 πυρποληθεισῶν
2621 2627 2807 2679 οἰκιῶν
2840 2627 3190 2694 ἐνεχύραζεν)
3223 2628 3299 2687 ὡς
3343 2628 3438 2694 οὐχ
3483 2626 3620 2678 οἴων
3644 2641 3702 2677 τε

2123 2817 2250 2862 tunc
2273 2804 2492 2874 quidem
2528 2802 2697 2858 abditi
2727 2803 2966 2857 tenebris
2992 2802 3230 2874 gladium
3255 2802 3534 2869 fugerunt,
3561 2808 3708 2870 pust-

2120 2915 2183 2955 ea
2239 2909 2468 2968 urgente
2524 2908 2667 2951 metu
2723 2905 2971 2966 repetere
3003 2896 3234 2964 patriam
3275 2910 3444 2964 seque
3479 2895 3554 2948 ad
3589 2911 3702 2951 suae

2122 2993 2303 3064 gentis
2347 2992 2592 3061 recipere
2624 2993 2932 3045 convictqu
2966 2989 3116 3043 factu
3164 2989 3544 3043 necessarium
3596 3003 3698 3058 pu-

2125 3094 2331 3139 larunt.

2263 3177 2353 3231 21.
2391 3176 2464 3230 οε
2500 3175 2758 3246 legatione
2783 3175 2852 3228 ad
2895 3173 3114 3228 Venetos
3146 3172 3208 3225 ob
3245 3174 3340 3226 hoc
3372 3174 3559 3227 missa.

2191 3268 2258 3323 2|
2294 3270 2363 3321 At
2394 3269 2694 3337 imperator
2722 3265 2887 3319 simul
2920 3266 3032 3318 haec
3065 3265 3117 3317 in
3158 3265 3306 3318 hunc
3335 3266 3560 3318 modum
3584 3275 3701 3321 acta

2125 3361 2401 3434 cegnovit,
2428 3361 2696 3415 sollicitus
2730 3373 2796 3412 ne
2836 3357 3150 3426 culparetur
3179 3358 3338 3427 quasi
3371 3368 3701 3427 cooperatus

2103 3445 2189 3509 ’τω
2207 3453 2368 3508 istam
2387 3453 2588 3508 aedem
2609 3449 3017 3513 Genuensibus,
3039 3452 3370 3504 monachum
3395 3449 3694 3506 Maximum

2123 3544 2422 3600 Planudem
2459 3552 2514 3597 et
2558 3539 2873 3612 pra-fectum
2927 3539 3380 3608 orpltanotrophii
3429 3537 3698 3603 Leonem,

2123 3637 2271 3692 viros
2302 3635 2548 3706 insignes
2587 3649 2652 3687 ac
2673 3633 2968 3702 prudentes
2992 3643 3391 3701 proptereaque
3420 3634 3701 3702 iudicatos

2125 3729 2354 3784 idoneos
2389 3727 2520 3782 huic
2560 3737 2708 3780 recte
2752 3726 3042 3795 fungendae
3073 3726 3354 3794 legationi,
3387 3727 3699 3795 Aquileiam

2121 3817 2288 3888 jussit
2319 3833 2378 3874 se
2407 3817 2680 3879 conferre,
2719 3831 3064 3886 purgareque
3093 3815 3209 3869 illic
3256 3815 3400 3885 apud
3435 3829 3695 3871 scitatum

2129 3910 2455 3966 Venetorum
2496 3911 2876 3978 imperatorem
2912 3921 3071 3963 suum
3103 3908 3171 3961 ab
3201 3906 3349 3961 omni
3376 3909 3698 3976 suspicione

2125 4000 2540 4070 approbationis
2570 4010 2664 4054 aut
2715 3999 3070 4054 conscientia:
3114 4013 3296 4053 rerum
3327 4013 3358 4052 a
3385 3997 3701 4054 Genuensi-

2125 4093 2228 4146 bus
2261 4093 2530 4146 violenter
2561 4098 2825 4144 actarum.
2862 4091 2941 4144 Eo
2995 4089 3074 4143 illi
3117 4104 3240 4143 cum
3285 4090 3696 4158 pervenissent,

2125 4187 2181 4240 in
2213 4186 2454 4239 maximo
2486 4185 2732 4254 periculo
2782 4183 3028 4246 fuerunt,
3083 4183 3334 4252 cognatis
3366 4194 3421 4236 et
3451 4197 3698 4236 consan-

2124 4277 2338 4347 guineis
2395 4293 2585 4332 eorum
2633 4277 2726 4346 qui
2783 4277 2951 4331 occisi
2985 4277 3204 4330 fuerant
3235 4275 3422 4329 ulcisci
3464 4289 3694 4329 suorum

2124 4371 2325 4426 aedem
2353 4373 2600 4438 ipsorum
2625 4382 2758 4422 nece
2783 4367 3263 4422 contendentibus.
3283 4365 3449 4436 Egre
3477 4367 3692 4420 laudent

2125 4458 2412 4527 praevaluit
2466 4460 2589 4512 vitae
2645 4458 2843 4512 horum
2907 4456 3167 4527 parcendi
3209 4456 3524 4521 consilium,
3563 4469 3732 4534 cura.

453 4561 590 4630 ipsis
623 4574 682 4614 se
713 4557 1042 4612 inclinantes
1074 4562 1128 4608 et
1162 4557 1215 4608 in
1253 4561 1494 4608 extrema
1546 4553 1875 4607 necessitate
1909 4552 2007 4605 bu-
2049 4552 2093 4608 D
2123 4552 2361 4606 maxime
2379 4551 2672 4621 recipiendi
2693 4555 3095 4620 permutatione
3115 4566 3238 4605 cum
3263 4550 3414 4605 hisce
3440 4567 3584 4621 quos
3608 4549 3692 4606 sui

453 4651 678 4704 millime
721 4649 996 4718 supplices
1051 4645 1352 4700 crudeliter
1418 4645 1535 4714 ipsa
1593 4643 1680 4698 die
1746 4643 2015 4714 plurimos

451 4741 806 4801 obtruncant,
839 4739 980 4790 intra
1011 4735 1203 4791 domus
1250 4733 1492 4802 ipsorum
1529 4735 1636 4787 ritu
1668 4733 2014 4788 victimarum

446 4833 785 4904 jugulantes.
812 4830 971 4885 Initio
1000 4830 1147 4884 enim
1184 4828 1328 4883 facto
1350 4843 1380 4882 a
1403 4827 1591 4896 bajulo
1613 4840 1826 4888 eorum,
1855 4841 2015 4895 quem

451 4941 481 4980 e
515 4932 660 4978 tecto
713 4921 814 4976 sub
847 4936 957 4990 quo
1003 4919 1227 4974 clausus
1283 4918 1574 4972 tenebatur
1620 4919 2018 4988 praecipitantes

451 5012 796 5069 membratim
825 5010 1210 5076 conciderunt,
1265 5007 1424 5081 243
1453 5010 1507 5063 in
1545 5008 1683 5064 alios
1730 5008 1855 5064 inde
1893 5011 2018 5064 ubi-

449 5121 667 5176 cunque
727 5106 978 5161 inventos
1037 5104 1154 5174 pari
1215 5113 1345 5158 sunt
1392 5103 1734 5157 immanitate
1793 5101 2015 5166 invecti,

453 5207 607 5254 tanta
651 5198 732 5254 sic
761 5198 910 5252 edita
939 5205 994 5251 et
1019 5205 1225 5251 temere
1264 5209 1452 5266 sparsa
1507 5204 1709 5265 strage,
1742 5203 1801 5246 ut
1829 5195 2019 5264 singu-

450 5291 662 5345 laribus
713 5290 948 5344 cadaver
985 5289 1242 5358 quodque
1296 5287 1559 5342 mandare
1603 5286 1873 5354 sepulcris
1923 5301 2020 5354 per

452 5365 675 5437 nimiam
706 5382 920 5452 copiam
954 5395 1063 5436 non
1091 5381 1301 5435 liceret.
1340 5377 1505 5433 Multa
1543 5378 1857 5433 necessario
1891 5390 2018 5430 coa-

449 5482 670 5527 cervata
702 5473 755 5526 in
795 5487 957 5526 unam
1014 5470 1228 5526 foveam
1259 5470 1537 5526 communi
1577 5470 1785 5522 tumulo
1823 5482 2018 5522 cumu-

447 5563 725 5617 labantur.
780 5562 872 5618 Sic
925 5563 1092 5633 igitur
1149 5559 1545 5616 illustrioribus
1583 5561 1894 5629 quibusque
1914 5555 2020 5613 Ve-

447 5661 704 5708 netorum
767 5653 821 5707 in
879 5658 1012 5708 urbe
1060 5652 1380 5722 degentium
1445 5650 1777 5720 absumptis.
1822 5651 2017 5719 reliqui

447 5744 669 5814 Opiﬁces
702 5744 872 5800 ferme
910 5747 1066 5809 viles,
1125 5756 1364 5810 sutores,
1399 5741 1644 5801 coriarii.
1682 5741 1821 5795 fabri
1856 5755 2017 5796 arca-

449 5849 594 5904 t‘um,
617 5838 1078 5909 illiberaliumque
1097 5838 1404 5894 istiusmodi
1428 5833 1768 5906 professores
1789 5836 2014 5902 artium,

2119 4644 2336 4714 generis
2367 4643 2542 4699 adhuc
2561 4643 2800 4712 reliquos
2832 4643 3004 4698 teneri
3022 4640 3499 4710 Constantinopoli
3536 4644 3693 4698 scie—
3727 4679 3734 4698 ε

2118 4736 2270 4791 bant.
2286 4735 2490 4802 Quibus
2505 4734 2750 4806 repetitis
2763 4736 3124 4805 receptisque,
3144 4734 3348 4804 legatos
3363 4734 3690 4789 dimiserunt

2118 4828 2269 4882 nullo
2303 4842 2564 4896 responso
2596 4827 2849 4896 dignatus
2889 4827 3035 4881 circa
3067 4826 3506 4897 propositionem
3537 4839 3690 4896 pacis

2119 4919 2265 4973 inter
2310 4920 2600 4988 imperium
2633 4929 2685 4972 et
2725 4918 2962 4973 Venetos
3009 4919 3213 4973 veteris
3259 4933 3400 4972 nova
3453 4919 3689 4973 invicem

2120 5011 2484 5066 conventione
2526 5009 2828 5064 ﬁrmandae.
2875 5009 2978 5064 Ista
3028 5009 3174 5063 enim
3219 5008 3288 5063 de
3323 5023 3385 5063 re
3412 5023 3474 5064 se
3503 5021 3691 5077 postea

2119 5105 2512 5158 deliberaturos
2543 5101 2822 5166 dixerunt,
2857 5101 2948 5155 ubi
2981 5111 3128 5157 esset
3167 5102 3302 5171 ipsis
3349 5102 3420 5156 ab
3453 5103 3692 5171 impera-

2119 5205 2239 5251 tore
2269 5193 2609 5249 satisfactum
2641 5194 2786 5247 circa
2816 5193 3066 5262 quedam
3123 5208 3251 5262 quae
3318 5193 3388 5247 ab
3423 5193 3544 5262 ipso
3595 5207 3692 5262 po-

2119 5293 2356 5341 scerent.
2409 5283 2619 5350 Quibus
2655 5291 2834 5337 tamen
2888 5283 2992 5353 ipsi
3062 5285 3408 5354 exponendis
3476 5285 3689 5355 legatos

2117 5377 2360 5431 vicissim
2389 5374 2926 5444 Constantinopolim
2959 5375 3176 5430 mittere
3226 5391 3338 5429 non
3379 5387 3686 5432 curarunt:

2117 5471 2210 5524 sed
2243 5483 2340 5538 per
2375 5467 2514 5524 duos
2545 5469 2744 5523 missos
2796 5468 2946 5522 illinc
2987 5470 3179 5524 eodem
3210 5481 3548 5526 revertentes
3576 5471 3688 5540 pri-

2117 5577 2265 5617 mum
2300 5561 2554 5617 dolenter
2587 5561 2995 5631 exprobrarunt
3047 5564 3365 5635 imperatori
3398 5575 3452 5620 et
3481 5563 3690 5618 Boum-

2118 5653 2204 5709 nis
2236 5655 2380 5725 quod
2411 5653 2755 5710 crudelitatis
2785 5655 3128 5710 immanioris
3159 5671 3322 5724 quam
3366 5671 3550 5713 mores
3598 5657 3685 5725 ip-

2118 5761 2303 5800 sorum
2335 5745 2498 5817 244
2543 5755 2596 5800 et
2645 5746 2824 5801 civilia
2880 5749 3154 5803 institutio
3182 5764 3378 5820 capere
3427 5764 3494 5805 ac
3540 5747 3684 5803 ferre

2118 5852 2275 5908 pass;
2303 5841 2640 5903 \idereutur,
2679 5840 2930 5896 exercitae
2966 5841 3100 5911 ipsis
3135 5843 3440 5898 sinentibus
3475 5843 3530 5896 in
3556 5854 3682 5909 sup-
