3922 6548
194 472 286 535 269

1017 471 1114 530 DE
1155 471 1596 534 ANDRONlCO
1639 472 2095 534 PAL/EOLOGO
2131 475 2279 535 LlB.
2325 475 2444 535 ΙΙΙ.

3293 483 3402 546 2ῖο

188 580 288 636 τῶν
315 578 552 633 σπονδῶν
590 577 934 648 γενήσεσθαι,
986 580 1064 642 είς
1093 579 1390 633 ἀνανέωσιν
1420 580 1520 651 ἤδη
1549 579 1736 648 κειμέ-
1761 583 1812 640 Α
1841 579 1988 650 παρὰ
2026 579 2132 631 τῶν
2169 581 2502 651 σχιζομένων
2531 580 2753 649 ἀφανεῖς
2795 599 2853 634 τε
2883 582 2976 636 καὶ
3010 585 3250 656 φανερὰς
3284 591 3408 643 ἐπι-

191 690 305 734 νων,
348 669 724 740 ἑξηνυσμένων
767 669 875 722 τῶν
904 669 1001 739 τῆς
1042 671 1312 742 προτέρας
1347 673 1567 742 εἰρήνης
1615 689 1737 726 και-

191 762 306 834 ρῶν,
332 763 377 814 εί
403 761 476 830 μὴ
506 761 680 816 ταῦτα
707 762 938 830 γένοιτο.
963 763 1222 827 Βασιλεὺς
1253 765 1308 817 δὲ
1333 769 1422 818 καὶ
1453 765 1531 816 ἔτι
1570 765 1737 834 ἀπρὶξ

189 854 348 922 είχετο
375 852 604 919 τούτων,
640 853 699 906 οὐ
729 853 868 906 κατὰ
900 851 1088 924 χρείαν
1119 855 1323 924 μᾶλλον
1354 855 1385 925 ἢ
1414 855 1512 926 τὴν
1544 854 1636 908 τοῦ
1661 855 1739 907 δι-

187 943 327 998 καίου
364 944 544 1011 δόξαν,
580 945 942 1015 ὑπερηφανῶν
970 945 1106 1010 ὅλως
1127 945 1204 1009 ὡς
1231 945 1457 1000 ἐκείνων
1486 947 1578 999 καὶ
1603 948 1738 1016 μᾶλ-

187 1036 266 1088 λον
309 1035 458 1099 αὖθις
507 1039 610 1108 τῆς
661 1036 800 1106 πρὸς
853 1036 1162 1107 Ῥωμαίους
1210 1036 1624 1108 δεηθησομένων
1663 1039 1737 1091 εί·
1781 1105 1784 1109 _

187 1129 351 1199 μήνης·

186 1237 274 1306 ιβ’.
301 1235 433 1303 Περὶ
482 1236 592 1310 toi}
625 1237 947 1310 ῥιφθέντος
991 1235 1175 1310 γόμου
1217 1239 1287 1310 ἐξ
1330 1232 1378 1306 ᾧ
1409 1239 1734 1310 ἐγέγραπτο

243 1304 874 1377 κατηγορήματάτιγα,
908 1307 1005 1361 καὶ
1033 1310 1169 1376 περὶ
1200 1307 1308 1377 τῆς
1344 1304 1558 1363 τούτου
1589 1310 1735 1364 ἀπο-

242 1376 438 1444 λογίας
470 1375 581 1429 τοῦ
607 1377 936 1443 βασιλέως.

240 1487 299 1558 [Ρ
319 1484 438 1560 166]
457 1487 574 1556 Τῆς
604 1488 704 1558 μὲν
730 1488 822 1542 τοῦ
841 1489 1108 1559 βασιλεως
1137 1492 1260 1562 περ)⁸
1287 1492 1384 1562 τὴν
1407 1493 1734 1564 Ἐκκλησίαν

183 1579 480 1648 κηδεμονίας
528 1579 702 1632 πολλὰ
748 1582 842 1633 καὶ
870 1580 1003 1635 ἄλλα
1035 1583 1103 1636 τὰ
1131 1581 1420 1652 δείγματα,
1455 1587 1501 1637 εί
1545 1587 1639 1640 καὶ
1668 1586 1735 1639 τὰ

184 1671 282 1724 κατ’
303 1672 464 1740 αὐτὴν
495 1672 802 1742 πράγματα
827 1673 965 1742 ὕδρα
1000 1692 1082 1736 τις
1104 1673 1169 1744 ἦν
1197 1675 1229 1744 ἡ
1270 1675 1612 1746 μυθευομένη
1639 1678 1734 1732 καὶ

186 1761 357 1823 πολλὰς
386 1761 702 1815 σκανδάλων
728 1763 932 1832 ἀνέφυε
961 1763 1219 1833 κεφαλάς.
1260 1763 1405 1818 Ἔδει
1436 1766 1493 1819 δὲ
1519 1767 1734 1830 πάντως

181 1855 242 1923 τῷ
280 1856 534 1922 Ἡρακλεῖ
555 1857 808 1927 τέμνοντι
839 1859 933 1911 καὶ
962 1859 1280 1924 ὲπικάοντος
1324 1859 1547 1913 Ἰολάου.
1590 1861 1732 1914 Ἀλλ’

185 1949 207 1998 ὁ
232 1949 315 2016 μὲν
357 1947 640 2017 Ἡρακλῆς
689 1944 756 2019 ἦν
811 1943 988 2012 οὗτος,
1027 1950 1225 2016 Ἰόλαος
1270 1951 1327 2004 δὲ
1362 1954 1389 2004 ὁ
1436 1953 1529 2005 καὶ
1579 1952 1729 2019 ἄξιος

186 2038 409 2106 σλνεργὸς
440 2037 692 2108 ἐζητεῖτο
728 2040 850 2108 μὲν,
883 2043 979 2110 οὐχ
1026 2041 1309 2111 εὑρίσκετο
1338 2043 1416 2097 δέ.
1446 2044 1544 2097 Διὰ
1567 2043 1726 2098 τοῦτο

185 2131 259 2182 καὶ
285 2134 372 2183 οὐκ
397 2127 461 2200 ἦν
489 2131 632 2193 ὅλως
663 2133 824 2202 μόνον
858 2133 954 2194 τὰς
981 2133 1153 2202 τομὰς
1183 2133 1406 2200 εὐοδεῖν,
1443 2138 1491 2189 εἰ
1526 2138 1620 2189 καὶ
1650 2137 1727 2208 μὴ

182 2219 228 2268 τὸ
255 2219 392 2285 ξὲςος
419 2220 518 2290 τῆς
559 2221 841 2293 φροντίδος
875 2222 1204 2293 ἠμϐλύνετο.
1242 2227 1351 2281 Καὶ
1390 2227 1592 2299 ἀφίημι
1627 2229 1725 2294 τὰς

183 2397 321 2462 plices
366 2398 638 2465 ipsorum,
693 2416 832 2468 quos
888 2411 1174 2472 protegere
1235 2403 1362 2474 jure
1423 2406 1644 2476 hospitii
1672 2416 1728 2463 et

184 2488 408 2554 promissi
440 2491 739 2558 patrocinii
778 2492 881 2546 ﬁde
915 2492 1244 2560 debuerant,
1303 2494 1626 2552 manifestos
1671 2507 1727 2553 et

184 2577 300 2630 farto
331 2581 631 2646 gloriantes
670 2593 926 2638 auctores
978 2583 1033 2637 in
1085 2584 1200 2640 suis
1249 2587 1500 2640 manibus
1533 2602 1597 2641 ac
1625 2604 1726 2658 po-

183 2678 345 2726 testate
376 2672 602 2742 impune
653 2671 833 2728 vivere
881 2677 1282 2744 permitterent.
1335 2675 1542 2733 Deinde
1584 2680 1728 2735 bona

181 2776 406 2829 suorum,
448 2780 551 2835 pro
613 2766 782 2820 multa
860 2767 1063 2822 indicta
1114 2768 1170 2822 in
1220 2771 1724 2840 compensationem

181 2853 335 2907 damni
370 2855 782 2910 conibustarum
832 2860 1029 2913 aedium
1051 2901 1064 2924 ,
1094 2870 1436 2929 sequestrata
1503 2877 1729 2932 magno-

186 2959 306 3010 pere,
359 2956 413 2999 ut
443 2949 854 3013 relaxarentur,
887 2949 1228 3013 institerunt,
1288 2957 1569 3021 negantes,
1619 2950 1725 3004 nisi

183 3035 278 3087 hac
305 3037 510 3102 tierent,
544 3053 606 3092 se.
635 3053 799 3107 posse
838 3041 1150 3095 consentire
1187 3041 1241 3095 in
1312 3044 1724 3098 renovationem

184 3128 291 3178 (tllm
320 3128 403 3182 icti
428 3147 557 3183 cuin
586 3131 840 3200 imperio,
865 3132 917 3185 iu
949 3140 1157 3187 certum
1190 3138 1534 3206 tempusjam
1568 3152 1724 3206 pror-

179 3230 254 3269 sus
283 3221 545 3287 elapsum,
597 3219 840 3275 foederis.
894 3220 1108 3287 Quibus
1158 3224 1360 3278 auditis
1422 3225 1725 3293 imperator

178 3305 456 3364 obiit-mavit
498 3325 560 3366 se
591 3311 645 3364 in
678 3311 913 3366 consilio
939 3311 1175 3382 negandi
1211 3313 1357 3382 quod
1411 3314 1721 3382 petebatur,

177 3415 264 3454 non
298 3404 465 3472 magis
495 3415 820 3473 praesentem
865 3404 1157 3460 utilitatem
1191 3421 1349 3475 quam
1394 3405 1485 3475 jus
1515 3406 1720 3476 ipsum,

177 3508 264 3559 quo
307 3495 400 3547 niti
455 3511 519 3550 se
568 3497 620 3550 in
681 3497 765 3551 his
816 3507 970 3552 certo
1035 3497 1404 3562 existimabat,
1456 3514 1716 3569 sequens,

177 3593 507 3642 contemnens
565 3598 748 3642 autem
824 3587 1052 3642 omnino
1109 3587 1441 3643 Venetorum
1498 3593 1714 3657 minas;

177 3688 286 3741 quos
313 3679 524 3746 priores
586 3695 727 3750 Opus
760 3679 1047 3734 habituros
1074 3695 1270 3733 rursus
1311 3679 1548 3734 stabilita
1590 3695 1715 3733 eum

178 3761 402 3825 Romanis
467 3786 621 3841 pace,
657 3783 708 3825 et
741 3772 805 3825 ad
841 3773 894 3826 id
926 3773 1104 3840 ipsum
1137 3770 1430 3833 orandum,
1485 3773 1716 3825 rationi-

179 3856 259 3917 bus
288 3862 524 3933 ipsorum
557 3865 924 3938 adigentibus,
977 3865 1122 3920 ultro
1172 3863 1542 3920 descensuros
1581 3879 1716 3920 con-

182 3951 366 4011 ﬁdebat.

179 4065 346 4124 22.0:
387 4072 538 4140 jacio
593 4082 736 4125 tomo
774 4073 826 4126 in
883 4089 984 4155 quo
1032 4076 1243 4154 scripta:
1298 4082 1715 4155 erantoaccusa-

235 4140 378 4194 tiones
423 4143 707 4212 quedam;
747 4151 796 4196 et
847 4140 903 4196 ut
941 4144 1004 4196 de
1059 4147 1121 4196 iis
1171 4159 1223 4196 se
1260 4143 1501 4212 purgarit
1553 4160 1714 4212 tmpe-

233 4219 378 4263 ταίοτ.

232 4320 386 4384 Quam
428 4324 583 4378 cordi
608 4335 792 4380 essent
840 4327 1160 4396 imperatori
1200 4343 1287 4382 res
1327 4327 1604 4390 Ecclcsim,
1648 4343 1710 4382 ac

178 4423 311 4478 quam
359 4417 594 4471 sollicito
628 4417 718 4471 ille
749 4419 933 4472 studio
961 4434 1142 4486 pacem
1179 4421 1296 4490 ejus
1341 4423 1709 4490 tranquillita-

177 4511 358 4574 temque
391 4521 736 4578 procuraret,
775 4511 964 4566 multis
1019 4514 1166 4565 varie
1229 4529 1325 4582 per
1359 4514 1500 4567 hanc
1537 4516 1710 4568 histo-

1841 668 2226 737 τεχνιτεύσεις.
2258 669 2482 740 ψυχρῶν
2517 671 2753 740 χαρίτων
2789 675 2939 742 παρὰ
2986 676 3196 730 πολλῶν
3241 694 3410 736 κατα-

1838 759 2135 826 τιθεμένων
2168 760 2328 832 αὐτῇ,
2360 760 2436 825 ὡς
2474 764 2774 834 είρηνεύειν
2811 765 2934 834 μὲν,
2987 766 3047 818 οὐ
3089 770 3194 838 μὴν
3225 771 3282 823 δὲ
3316 776 3412 826 καὶ

1840 850 2053 915 παγίως
2104 851 2248 921 ἔχειν
2283 853 2419 922 πρὸς
2467 853 2563 924 τὴν
2611 857 2854 927 εἰρήνην,
2890 857 3004 911 ἀλλ’
3063 863 3408 931 ἀμφικλινῶς

1838 941 1933 992 καὶ
1966 941 2038 1004 ὼς
2093 942 2306 1023 ἔτυχεν.
2365 945 2507 997 Ἀλλ’
2552 943 2663 999 οἷον
2708 948 2770 1000 τὸ
2818 951 2959 1004 τότε.
3015 952 3253 1018 Φάκελος
3301 957 3409 1028 γὰρ

1837 1033 2182 1102 γραμμάτων
2211 1037 2304 1088 καὶ
2355 1035 2554 1106 τόμος,
2584 1036 2612 1089 ὃ
2639 1037 2702 1108 δὴ
2747 1038 2963 1109 λέγεται
2998 1043 3298 1112 φάμουσος,
3331 1051 3411 1111 εἰς

1837 1123 2024 1191 χεῖρας
2069 1125 2147 1196 τῷ
2181 1126 2390 1196 βασιλεῖ
2437 1128 2666 1198 γίνεται,
2707 1131 2769 1185 τὸ
2820 1132 2919 1202 μὲν
2948 1135 3069 1188 ὅθεν
3120 1140 3212 1190 καὶ¹
3260 1145 3411 1212 παρὰ

1835 1214 1999 1269 τίνων
2028 1217 2128 1271 οὐκ
2179 1212 2316 1285 οῖδα,
2356 1221 2496 1286 τέως
2540 1222 2599 1278 δὲ
2658 1224 2806 1277 πόλλ’
2841 1227 2978 1280 ἄττα
3024 1229 3204 1300 φέρων
3231 1235 3410 1289 αἰτιά-

1840 1323 2003 1372 ματα.
2041 1309 2242 1365 Τοῦτον
2287 1310 2569 1383 βουληθεὶς
2613 1315 2942 1385 ἀνατρέπειν
2976 1320 3004 1370 ὁ
3035 1319 3285 1390 βασιλεὺς
3317 1326 3411 1379 καλ⁸

1836 1397 2028 1466 λόγους
2055 1403 2239 1472 φέρειν
2263 1404 2591 1470 παλαίοντας
2621 1409 2876 1480 (ἥπτοντο
2899 1413 3004 1485 γάρ
3032 1417 3289 1482 ἐπιεικῶς
3319 1421 3412 1473 κά-

1837 1485 2016 1542 κείνου
2047 1492 2113 1543 τὰ
2148 1494 2469 1566 αἰτιάματα)
2503 1497 2560 1550 τὸ
2592 1500 2688 1568 μὲν
2713 1506 2952 1570 γραφαῖς
2972 1507 3069 1574 τὴν
3098 1507 3410 1569 ἀντιλογίαν

1836 1577 2152 1649 ἐπιτρέπειν
2198 1584 2464 1652 γίνεσθαι,
2519 1589 2594 1652 ὡς
2623 1590 2690 1643 ἄν
2738 1609 2801 1659 γε
2833 1597 2973 1648 κατὰ
3007 1597 3158 1667 ῥῆμα
3188 1601 3254 1652 τὰ
3308 1603 3408 1671 τῆς
3457 1628 3460 1631 ·

1837 1672 2150 1744 ἀνασκευῆς
2205 1677 2468 1745 γίγνοιτο,
2525 1682 2626 1735 οὐκ
2676 1685 2967 1754 ἐδοκίμαζε
3014 1690 3150 1754 τέως
3201 1693 3452 1747 πολλῶνκ

1836 1764 2024 1816 αἰτιῶν
2066 1765 2228 1821 ἕνεκα
2257 1785 2271 1802 ο
2323 1771 2486 1834 αὐτὸς
2522 1771 2567 1824 δ’
2595 1773 2736 1841 ἔγνω
2771 1779 3129 1846 προκαθίσας,
3168 1799 3414 1852 συναγω-

1837 1854 1938 1922 γῆς
1965 1858 2152 1926 κοινῆς
2184 1860 2493 1926 γεγονυίας,
2521 1865 2644 1918 καθ’
2671 1865 2729 1918 ἓν
2755 1870 3259 1942 ἀναγινωσκόμενον
3283 1878 3414 1929 ἀνα-

1833 1947 2076 2015 τρέπειν.
2115 1949 2223 2004 Καὶ
2247 1953 2474 2021 γέγονεν
2514 1955 2676 2012 οὕτω.
2714 1960 2824 2013 Καὶ
2856 1959 2920 2032 δὴ
2962 1965 3286 2032 συνάγονται
3312 1971 3411 2038 μὲν

1831 2034 2127 2105 ἀρχιερεῖς,
2156 2042 2478 2109 συνάγονται
2510 2043 2556 2096 δ’
2603 2047 2651 2098 οἱ
2689 2047 2782 2100 τοῦ
2822 2048 3021 2120 κλήρου
3061 2055 3155 2107 καὶ
3189 2034 3412 2128 μοναχοὶ

1833 2129 1929 2181 καὶ
1956 2127 2105 2196 λαὸς,
2137 2132 2232 2184 καὶ
2264 2132 2518 2204 βασιλεὺς
2547 2138 2664 2206 ἅμα
2692 2141 2804 2203 τοῖς
2832 2143 2890 2196 ὲν
2939 2144 3086 2197 τέλει
3130 2127 3409 2217 συνεδριά-

1833 2235 1933 2284 σας
1963 2220 2194 2276 ἕκαστον
2237 2226 2535 2295 κεφάλαιον
2575 2232 2684 2284 τῶν
2713 2231 2808 2284 τοῦ
2842 2233 3009 2304 τόμου
3053 2235 3152 2289 οὐκ
3200 2241 3412 2308 ἁγενῶς

1832 2410 1915 2458 est
1947 2404 2251 2476 indignius,
2278 2410 2485 2466 multos
2513 2410 2654 2466 ineo
2687 2427 2888 2482 pasBus
2921 2418 3274 2475 adversantes
3303 2423 3410 2477 sit?

1830 2493 1987 2552 Mitto
2031 2499 2396 2556 discissarum
2451 2504 2519 2557 ab
2557 2503 2807 2562 Ecclesia
2873 2515 3066 2579 partim
3120 2515 3405 2569 machina-

1833 2591 2011 2648 tioncs
2039 2592 2094 2646 in
2148 2608 2270 2647 eum
2309 2596 2591 2661 subdolas,
2645 2603 2841 2670 partim
2879 2605 3197 2672 eruptiones
3231 2610 3404 2674 palam

1831 2685 2187 2741 vehementes
2213 2703 2226 2737 :
2250 2687 2540 2745 dissimulo
2561 2694 2784 2756 frigidas
2800 2699 3004 2778 gra‘tias
3025 2700 3264 2768 ipsorum
3284 2704 3406 2770 ejus

1829 2775 1993 2848 245
2021 2793 2121 2847 ope
2146 2782 2629 2838 reconciliatorum
2681 2775 2956 2854 Ecclesiae,
2986 2809 3218 2861 quorum
3265 2797 3406 2851 haud

1832 2881 1988 2934 pauci
2025 2869 2110 2923 vel
2140 2885 2248 2924 non
2284 2871 2424 2925 bona
2461 2875 2565 2928 ride
2599 2877 2683 2930 usi
2741 2879 3024 2940 beneficio.
3061 2887 3144 2938 vel
3180 2901 3283 2939 non
3317 2903 3408 2942 sa-

1831 2959 1903 3013 tis
1933 2971 2093 3028 grato
2126 2961 2312 3016 animo
2348 2965 2592 3019 studium
2636 2983 2790 3036 aqua
2822 2975 3174 3040 proportione
3207 2981 3405 3034 merito

1830 3049 2216 3120 rependentes,
2248 3055 2318 3106 ita
2348 3060 2524 3124 pacati
2553 3069 2712 3112 erant
2742 3072 2798 3114 ut
2825 3064 2876 3116 in
2910 3079 3041 3132 pace
3074 3068 3402 3138 titubareut,

1830 3144 2073 3214 ambigui
2099 3145 2238 3200 inter
2267 3156 2581 3217 utrumque,
2609 3160 2662 3206 et
2693 3154 2758 3207 ad
2791 3171 3006 3212 omnem
3036 3177 3182 3216 aura:
3213 3163 3400 3221 ﬂatum

1751 3273 1794 3332 Ο
1829 3233 2210 3306 inquietudine
2256 3240 2488 3296 obnoxia
2523 3245 2774 3313 mobiles,
2805 3249 2974 3317 llujus
3024 3258 3242 3322 generis
3284 3259 3404 3314 cui-

1830 3330 1974 3395 piam
2005 3330 2390 3399 imputaverim
2428 3337 2572 3404 quod
2608 3345 2738 3393 tunc
2797 3345 3028 3412 centigit
3061 3348 3220 3401 modo
3249 3366 3277 3402 a
3315 3367 3402 3406 me

1827 3419 2189 3475 narrandum.
2223 3421 2543 3482 Fasciculus
2575 3427 2890 3483 chartarum
2926 3435 3041 3488 sive
3078 3447 3276 3501 tomus,
3303 3449 3401 3496 aut

1827 3513 2028 3579 potius,
2065 3520 2124 3566 ut
2151 3518 2335 3569 vocari
2368 3517 2529 3578 solet.
2563 3517 2808 3575 famosus
2841 3522 3078 3588 libellus,
3121 3527 3171 3580 in
3206 3544 3400 3586 manus

1823 3600 2175 3669 imperatoris
2203 3605 2372 3671 venit,
2410 3607 2555 3661 unde
2589 3619 2682 3662 aut
2730 3625 2826 3679 per
2860 3627 3000 3682 quos
3043 3616 3267 3682 allatus,
3303 3635 3398 3675 ne-

1819 3693 1956 3756 scio.
2008 3705 2264 3750 caeterum
2317 3699 2484 3752 multa
2544 3700 2992 3759 criminationum
3055 3710 3395 3779 amplectens

1820 3785 2021 3854 capita.
2060 3785 2134 3838 Ea
2175 3787 2426 3843 refellere
2461 3792 2648 3847 volens
2683 3792 3007 3864 imperator,
3038 3808 3091 3854 et
3120 3803 3393 3870 Oppositis

1818 3875 2237 3933 defensionibus
2271 3880 2481 3935 idoneis
2516 3883 2945 3943 ineluctabiliter
2975 3891 3226 3948 evincere
3255 3895 3396 3950 nihil

1819 3970 1873 4023 in
1918 3969 1982 4025 iis
2011 3971 2115 4025 nisi
2153 3988 2351 4026 vanum
2408 3985 2462 4030 et
2493 3977 2897 4032 calumniosum
2935 3996 3058 4036 esse
3085 3983 3258 4054 (erant
3295 4005 3392 4042 an-

1818 4069 1924 4115 tem
1962 4061 2074 4114 illic
2110 4061 2360 4128 quaedam
2397 4065 2534 4118 satis
2594 4067 2837 4120 aculeata
2879 4071 2932 4124 in
2997 4072 3174 4139 ipsum
3209 4079 3390 4148 Augu-

1814 4159 1984 4218 stum,
2003 4166 2234 4219 qumque
2257 4151 2412 4206 illum
2435 4153 2580 4208 haud
2601 4156 2794 4210 leviter
2817 4162 3140 4231 pungerent)
3181 4167 3394 4238 scripto

1815 4245 2162 4299 committere
2188 4245 2626 4303 confutatiouem
2671 4251 2865 4305 ordine
2898 4255 3130 4324 singulis
3159 4259 3390 4326 objectis

1814 4351 2166 4391 occursuram
2197 4353 2304 4392 non
2328 4338 2593 4407 judicavit
2624 4353 3012 4413 Opportunum,
3039 4349 3288 4416 pluribus
3321 4353 3391 4405 de

1814 4428 2031 4482 causis:
2065 4444 2201 4483 voce
2247 4429 2369 4483 viva
2429 4432 2602 4487 satius
2641 4434 2830 4488 habuit
2880 4451 2992 4490 rem
3039 4441 3286 4508 exsequi,
3335 4453 3394 4498 et

1813 4517 1985 4570 habiti
2024 4534 2135 4588 pra:
2160 4521 2338 4574 oculis
2376 4522 2542 4576 libelli
2584 4533 2790 4592 partes,
2840 4537 2961 4597 post
2989 4545 3263 4602 quamque
3304 4551 3391 4590 re-

177 4592 288 4648 riam
331 4599 537 4667 sparsis
596 4601 824 4673 intelligi
875 4605 1050 4671 potuit
1095 4605 1379 4674 exemplis.
1435 4605 1702 4660 Ca-terum
1740 4626 1787 4684 ο
1816 4610 2062 4671 citatam.
2089 4611 2326 4666 dicendo
2351 4621 2600 4668 evertere
2624 4615 2891 4685 singulas.
2924 4617 2978 4672 ω
3001 4621 3140 4676 adeo
3165 4625 3217 4676 in
3245 4627 3392 4682 hunc

175 4697 272 4751 qua:
306 4697 427 4744 tunc
477 4691 776 4748 Ecclesiam
834 4696 1132 4749 turbabant
1188 4697 1474 4761 scandala,
1529 4697 1712 4766 hydrae

176 4772 322 4833 instar
355 4783 500 4838 illius
543 4795 856 4839 memoratae
889 4787 940 4840 in
973 4786 1192 4851 fabulis,
1224 4787 1455 4842 fecundo
1481 4790 1711 4844 subinde

177 4876 475 4928 nascentium
525 4879 763 4944 capitum
799 4879 1141 4946 pullulabant
1197 4879 1331 4944 fetu,
1358 4879 1557 4948 quibus
1600 4879 1710 4933 uti-

177 4970 261 5024 que
284 4964 556 5020 vincendis
586 4982 725 5034 opus
759 4967 980 5020 omnino
1012 4976 1127 5020 erat
1173 4968 1430 5030 Hercule.
1486 4977 1709 5022 secante

179 5058 218 5100 et
240 5067 407 5108 urente
424 5055 602 5110 Jolao.
633 5055 917 5112 Herculem
953 5061 1005 5111 in
1040 5059 1368 5128 imperatore
1389 5060 1706 5115 Andronico

176 5153 558 5206 repereramus:
634 5149 727 5218 qui
806 5151 855 5203 ei
927 5163 1233 5222 Opportune
1293 5162 1702 5221 cooperaretur,

175 5237 396 5297 quaesitus
425 5241 513 5294 diu
557 5251 660 5305 est,
686 5241 926 5295 nondum
961 5251 1142 5296 autem
1178 5243 1458 5308 iuventus,
1489 5241 1700 5298 Jolaus.

178 5319 290 5385 Quid
331 5346 451 5398 ergo
507 5333 707 5384 mirum
748 5333 794 5386 si
835 5335 982 5388 solus
1015 5337 1155 5403 ipse,
1210 5333 1333 5388 licet
1366 5349 1545 5401 opera:
1591 5351 1698 5389 non

177 5426 402 5486 parcens,
465 5423 738 5491 negotium
801 5439 906 5477 non
968 5427 1282 5480 absolveret
1333 5426 1575 5480 secando
1630 5425 1699 5480 ad

177 5508 295 5569 quod
341 5529 620 5581 nunquam
670 5515 837 5568 hebes
882 5515 1258 5584 deprehensus
1312 5523 1396 5569 cst
1431 5516 1552 5585 ejus
1585 5516 1700 5585 gla-

176 5593 309 5665 dius;
361 5606 592 5673 gladius,
655 5607 901 5675 inquam,
959 5609 1204 5676 spiritus,
1244 5611 1344 5662 hoc
1400 5617 1504 5672 est,
1557 5610 1699 5665 acris

177 5699 279 5743 cura
315 5694 360 5747 in
398 5714 614 5752 omnem
645 5698 854 5752 intenta
889 5703 1235 5756 occasionem
1270 5699 1532 5756 Ecclesia:
1565 5717 1699 5770 quo-

171 5777 232 5833 τίς
267 5791 410 5843 modo
451 5791 774 5845 consulendi
828 5791 1118 5848 laboranti.
1186 5792 1254 5846 At
1315 5792 1445 5862 quid
1496 5808 1698 5861 queror

172 5871 433 5941 adillioram
467 5888 570 5938 hoc
607 5886 788 5956 agenti
815 5883 1052 5942 defuisse
1085 5885 1350 5957 Angusto,
1377 5901 1520 5950 cum,
1547 5884 1692 5954 quod

1816 4703 2034 4754 modum
2064 4711 2276 4770 gestum
2303 4714 2384 4758 est
2411 4706 2826 4762 :Convencrant
2856 4710 2909 4764 in
2939 4722 3138 4767 coetum
3171 4730 3388 4784 peram-

1815 4791 1964 4858 plum
2000 4793 2269 4863 episcopi,
2305 4795 2508 4874 clerus,
2542 4799 2822 4860 monachi.
2853 4804 3111 4872 populus.
3145 4806 3389 4877 Impera-

1815 4889 1901 4937 tor
1931 4899 2216 4950 procerum
2267 4887 2481 4944 medius
2529 4890 2825 4948 considens
2846 4892 3037 4950 Libelli
3075 4898 3265 4956 famosi
3299 4916 3388 4954 ca-

1812 4976 1924 5042 pita
1950 4977 2136 5030 omnia
2165 4979 2424 5043 retexuit,
2446 4988 2500 5034 et
2524 4986 2955 5055 unumquodque
2979 4988 3196 5044 illorum
3225 4993 3386 5048 diluit

1809 5064 2019 5120 victrici
2079 5067 2424 5132 defensione,
2481 5072 2660 5140 reipsa
2692 5076 2988 5133 ostendens
3021 5079 3382 5140 eﬂicaciorem

1808 5169 1930 5210 esse
1967 5157 2021 5210 in
2059 5165 2308 5228 tempore
2339 5176 2402 5214 ae
2432 5176 2540 5214 non
2571 5180 2697 5218 raro
2726 5164 2942 5221 felicius
2972 5171 3220 5227 adhiberi
3251 5191 3384 5230 sua-

1810 5259 1928 5299 vem
1984 5249 2396 5316 persuasionem
2462 5251 2614 5308 freta:
2689 5257 3002 5316 rationibus
3053 5264 3383 5334 eloquentia:

1805 5349 1970 5404 quam
2003 5338 2355 5406 imperiosam
2383 5341 2491 5394 vim
2519 5354 2740 5400 armatae
2769 5350 3092 5418 maiestatis,
3145 5358 3382 5412 niaxime

1803 5425 2029 5495 quando
2063 5427 2146 5495 (ut
2179 5445 2328 5484 nunc
2379 5431 2550 5488 videri
2583 5438 2792 5497 [auctor
2837 5443 3024 5509 scripti
3061 5446 3379 5501 clanculatii

1803 5518 2018 5572 volebat
2049 5519 2166 5587 ipso
2221 5521 2318 5575 illo
2375 5525 2652 5580 malitioso
2705 5531 2793 5582 sui
2851 5533 3064 5588 celandi
3115 5538 3374 5608 artiﬁcio)

1803 5618 2077 5676 metuunt,
2113 5611 2207 5682 qni
2239 5625 2552 5683 queruntur
2605 5627 2699 5671 aut
2746 5632 3030 5688 accusant,
3079 5639 3148 5680 ne
3200 5626 3294 5694 jus
3323 5641 3378 5682 et

1801 5717 2020 5771 aequum
2071 5719 2296 5758 suarum
2327 5707 2540 5763 scilicet
2579 5711 2967 5780 allegationum
3007 5719 3290 5786 tyrannica
3324 5719 3375 5774 vi

1799 5793 2037 5863 quadam
2059 5798 2398 5866 opprimatur
2421 5801 2667 5856 subnixa:
2700 5803 2843 5860 fastu
2870 5810 3156 5877 potestatis
3183 5811 3375 5868 audire

1802 5887 2097 5954 tranquille
2134 5890 2500 5961 dedignantis,
2548 5904 2601 5949 et
2631 5899 2866 5967 superbe
2899 5900 3148 5959 obterere
3171 5915 3374 5976 parata:
