3862 6556
469 475 573 542 271

1657 476 1985 537 GEORGII
2029 471 2528 536 PACHYMERE

3617 476 3724 539 272

469 597 696 662 διέλυεν,
731 594 876 666 ἔργῳ
906 593 1117 656 δεικνὺς
1144 592 1218 656 ὡς
1250 592 1421 647 πειθὼ
1470 594 1731 666 κρείττων
1764 596 1905 667 βῖας,
1941 595 2032 650 καὶ
2062 601 2108 658 Α
2136 593 2530 664 γειτνιότητα.α
2551 593 2820 664 Κεκίνητο
2874 593 3030 661 λόγος
3084 592 3158 664 τῷ
3209 595 3426 665 βασιλεῖ
3455 596 3583 668 rupi
3627 597 3720 649 τοῦ

473 689 674 760 μᾶλλον
706 689 839 741 ὅπου
866 687 958 740 καὶ
987 685 1046 738 τὸ
1075 686 1173 753 τῆς
1208 684 1456 748 ἐξουσίας
1490 687 1796 757 ὑφορᾶσθαι
1834 689 2042 757 πέφυκε

471 784 609 852 πρὸς
642 780 741 847 τὴν
784 777 876 830 τοῦ
931 778 1152 846 κρατεῖν
1207 776 1360 846 ίσχὺν
1408 776 1876 847 συμϐαλλόμενον.
1936 778 2044 832 Καὶ

472 869 772 946 [P.167]6
824 868 1038 938 γράψας
1086 860 1298 936 ἀφανὴς
1340 863 1427 940 ἦν,
1473 869 1574 939 τὴν
1613 870 1854 924 οὐδενεαν
1901 871 2043 940 τάχα

470 970 566 1021 καὶ
593 966 654 1018 τὸ
681 962 754 1035 μὴ
779 963 869 1016 ὲπί
892 977 1034 1015 τισιν
1067 960 1444 1031 ἰσχυρίζεσθαι
1474 964 1539 1034 τῇ
1581 963 1644 1015 ἐκ
1670 963 1764 1032 τῆς
1796 962 2042 1026 ἐξουσίας

470 1053 872 1127 ὑπωπτευμένῃ
903 1051 993 1126 βίᾳ
1035 1051 1335 1104 καλύπτειν
1380 1053 1626 1122 οἰόμενος
1649 1068 1662 1082 ·
1713 1052 1967 1122 βασιλεὺς
1997 1053 2040 1106 δ’

466 1149 726 1222 ἐμφανῶς
757 1147 1012 1215 ἀντέλεγε
1061 1146 1339 1215 προτιθεὶς
1392 1150 1501 1210 τοῖς
1545 1148 1708 1200 πᾶσιν
1747 1146 1828 1209 εἰς
1864 1145 2042 1199 κοινὸν

465 1242 591 1305 τοὺς
611 1241 824 1310 λόγους,
852 1240 950 1308 τὴν
991 1241 1087 1309 μὲν
1122 1240 1369 1307 ἀνάγκην
1393 1238 1491 1308 τῆς
1513 1239 1760 1304 ἐξουσίας
1788 1240 1845 1291 ὲν
1887 1239 2042 1309 μέρει

463 1334 656 1400 τιθεὶς,
693 1335 759 1402 τῇ
789 1331 844 1384 δὲ
892 1329 1071 1383 πειθοί
1112 1328 1487 1400 προσάγεσθαι
1521 1329 1692 1382 θέλων
1724 1330 1788 1382 ἐκ
1815 1347 2042 1402 περιουο

466 1427 586 1489 σίας
615 1424 815 1494 πολλῆς
853 1423 944 1476 τὸν
982 1421 1270 1476 ἀκούοντα.

463 1546 574 1606 κγ’.
607 1537 745 1606 Περὶ
779 1536 883 1590 τοῦ
923 1537 1270 1600 κινηθέντος
1299 1534 1446 1588 κατὰ
1471 1534 1576 1590 τοῦ
1604 1533 2042 1602 Φιλαδελφείας

1056 1607 1457 1674 ἐγκλήματος.

536 1703 709 1755 Τοῦτο
743 1702 834 1753 καὶ
866 1698 1132 1768 πρότερον
1160 1699 1250 1750 ἐπὶ
1287 1697 1606 1750 Ἀθανασίου
1635 1694 2041 1766 πατριαρχοῦν-

463 1812 554 1857 τος
610 1794 806 1856 ἐποίει,
857 1793 948 1844 καὶ
998 1789 1240 1858 κεφαλὴν
1296 1789 1462 1852 ἄλλην
1508 1788 1802 1841 σκανδάλου
1863 1787 2040 1854 σοφῶς

463 1888 765 1950 ἀπέκοπτε,
799 1884 892 1936 καὶ
932 1883 1107 1950 λόγοις
1155 1883 1245 1934 ἐπὶ
1279 1881 1458 1934 κοινοῦ
1498 1880 1768 1951 λεχθεῖσιν
1796 1879 1870 1941 ῶς
1899 1897 2038 1932 τισιν

2150 685 2291 739 κατὰ
2335 685 2432 754 τὴν
2473 683 2767 737 Βαϐυλῶνα
2805 685 3057 750 σουλτάν,
3103 685 3534 756 διευλαϐουμένῳ
3587 690 3724 750 τέως

2145 776 2294 838 ὅπως
2324 776 2402 839 είς
2453 776 2790 846 ἀδελφότητα
2839 778 3039 847 γράφοι
3066 775 3159 830 τὸν
3201 777 3394 848 ἐχθρὸν
3424 777 3516 832 τοῦ
3554 795 3726 831 σταυ-

2147 867 2266 938 ροῦ.
2305 869 2412 921 Καὶ
2437 869 2500 921 τὸ
2544 869 2777 937 πρᾶγμα
2828 867 3086 932 ἐπιεικῶς
3121 868 3228 923 τῶν
3261 870 3479 923 ἀτόπων
3522 871 3724 934 ἐδόκει,

2145 959 2194 1010 εἰ
2223 959 2314 1011 καὶ
2345 957 2573 1028 σύνηθες
2605 954 2672 1029 ἦν
2702 959 2762 1024 ἐξ
2795 959 3024 1030 ἀρχαίου
3057 961 3170 1023 τοῖς
3199 961 3440 1025 εὐσεϐῶς
3473 962 3727 1033 βασιλεύ-

2144 1067 2316 1105 ουσιν.
2359 1045 2484 1115 Dio;
2509 1051 2601 1106 οὖν
2623 1047 2690 1123 ἧν
2721 1053 2948 1115 ἐκεῖνος,
2980 1053 3119 1124 πρδς
3148 1053 3372 1106 τοιαῦτα
3401 1055 3723 1108 διευλαϐού-

2148 1161 2307 1214 μενος
2335 1144 2417 1212 (τὸ
2474 1145 2579 1216 γὰρ
2615 1147 2830 1217 πατέρα
2891 1147 3126 1217 γράφειν
3183 1148 3282 1202 οὐκ
3323 1149 3580 1212 ἀξιοῦντα
3634 1152 3727 1204 τὸν

2147 1235 2377 1289 πάππαν
2398 1236 2486 1289 διὰ
2511 1238 2570 1290 τὸ
2593 1237 2754 1309 δῆθεν
2782 1238 3070 1307 ἐσφάλθαι,
3095 1240 3176 1301 είς
3203 1239 3469 1308 ἀδελφοὺς
3502 1243 3725 1295 τάττειν

2148 1328 2221 1398 μὴ
2245 1329 2326 1381 ὅτι
2354 1346 2417 1396 γε
2447 1329 2630 1395 ἄθεον,
2658 1330 2794 1383 άλλά
2817 1330 2912 1382 καὶ
2941 1330 3134 1400 ἐχθρὸν
3182 1330 3276 1385 τοῦ
3310 1331 3398 1398 [Ρ.
3430 1332 3554 1404 168]
3586 1334 3726 1403 Χρι-

2146 1420 2294 1487 στοῦ,
2325 1422 2486 1485 πόνος
2500 1418 2569 1493 ἦν
2595 1423 2656 1475 οὑ
2683 1422 2876 1492 μικρὸς
2904 1423 3146 1494 ἐκείνῳ),
3179 1423 3454 1477 κοινοῦταί
3485 1443 3595 1480 τισι
3619 1427 3728 1480 τῶν

2143 1511 2445 1582 ἀρχιερέων
2487 1513 2723 1583 παροῦσι
2757 1513 2818 1566 τὸ
2856 1516 3103 1584 σκέμμα,
3152 1516 3246 1568 καὶ
3295 1515 3395 1587 τὴν
3427 1517 3726 1586 θεραπείαν

2139 1605 2234 1657 τοῦ
2263 1605 2564 1668 συνειδότος
2614 1605 2786 1674 ζητεῖ.
2833 1607 2943 1660 Καὶ
2987 1609 3014 1661 ὁ
3048 1607 3146 1677 μὲν
3174 1608 3379 1675 ἔλεγεν,
3427 1610 3455 1662 ὁ
3483 1609 3538 1663 δὲ
3565 1611 3727 1673 ἄλλος

2140 1694 2269 1748 ἄλλο
2296 1714 2347 1748 τι
2385 1696 2454 1749 τὰ
2487 1699 2568 1760 είς
2613 1697 2912 1767 θεραπείαν
2942 1699 3036 1752 τοῦ
3068 1701 3371 1764 συνειδότος
3401 1704 3726 1774 ἀπεσχεδία-

2141 1786 2254 1850 ζεν.
2291 1786 2348 1839 Ὀ
2380 1788 2560 1856 μέντοι
2586 1805 2647 1854 γε
2674 1788 3062 1859 Φιλαδελφείας
3091 1793 3402 1862 Θεόληπτος
3434 1794 3604 1848 θέλων
3639 1810 3726 1849 σε·

2146 1877 2404 1948 ραπεύειν
2434 1878 2644 1947 βασιλεῖ
2672 1879 2768 1950 τὴν
2801 1882 3129 1952 συνείδησιν,
3184 1884 3410 1938 ἀνεκτὸν
3437 1885 3546 1938 ἀπὸ
3587 1887 3726 1954 Γρα-

463 1978 700 2047 ὲπῳδαῖς
727 1978 786 2029 τὸ
805 1975 1048 2030 ἀνοιδοῦν
1077 1974 1450 2042 κατεμάλαττε
1477 1989 1490 2002 '
1516 1973 1680 2042 σοφοῦ
1709 1972 1814 2041 γὰρ
1851 1971 2032 2042 ἰατροῦ
2073 1951 2112 2006 Β
2142 1970 2258 2038 φῶν
2303 1973 2562 2041 ἐπειρᾶτο
2610 1973 2672 2024 τὺ
2719 1974 2953 2044 πρᾶγμα
3008 1951 3304 2031 δεικνύειν.
3353 1997 3371 2030 ι
3406 1979 3514 2032 Καὶ
3553 1979 3610 2032 τί
3635 1951 3724 2047 γε,

463 2072 600 2140 πρὸς
648 2071 880 2138 τομῶντι
935 2068 1146 2138 πήματι
1195 2067 1367 2134 τομὰς
1422 2065 1673 2131 ἐπάγειν,
1730 2061 1860 2132 πρὸς
1894 2061 1937 2113 δ’
1967 2055 2034 2114 αὖ

464 2161 676 2228 ὑφιέντι
700 2160 800 2229 τῆς
824 2159 1150 2228 άνοιδήσεως
1173 2157 1472 2228 προσηνέσι
1502 2156 1812 2225 φαρμάκοις
1839 2155 1903 2207 ἐκ
1929 2152 2037 2205 τῶν

463 2253 640 2321 λόγων
681 2249 1066 2306 καταστέλλειν
1117 2248 1435 2318 πειρᾶσθαι,
1475 2247 1571 2300 καὶ
1623 2247 1787 2318 μηδὲν
1837 2246 2037 2299 διδόναι

463 2349 528 2414 τῇ
564 2345 780 2415 ὲκτὴξει
823 2343 1075 2413 πάροδον.
1110 2342 1317 2409 Καιρὸς
1345 2341 1402 2394 δὲ
1450 2340 1750 2393 συνάπτειν
1786 2340 1896 2401 τοῖς
1930 2355 2037 2390 πα-

465 2436 620 2510 ροῦσι
665 2436 762 2490 καὶ
789 2435 849 2488 τὺ
891 2430 1053 2504 ἦττον
1097 2433 1312 2501 ἑγγίζον
1341 2431 1430 2484 διὰ
1458 2430 1558 2502 τὴν
1597 2430 1694 2500 τῆς
1727 2428 2036 2492 ὑποθέσεως

461 2613 729 2688 quidquid
781 2611 1135 2684 quantumvis
1186 2611 1466 2682 probabile
1517 2610 1884 2681 prteiudicatis
1918 2611 2038 2681 ejus

465 2707 753 2764 erroribus
807 2705 990 2776 quivis
1037 2719 1207 2758 ausus
1243 2703 1407 2756 fuerit
1435 2717 1732 2774 opponere.
1791 2705 2038 2772 Scriptor

462 2800 630 2856 libelli
665 2800 790 2870 quis
839 2797 1057 2859 fuisset,
1104 2797 1158 2850 in
1217 2796 1454 2852 obscuro
1502 2797 1727 2860 mansit,
1765 2811 1863 2851 seu
1925 2810 2038 2850 sua:

463 2891 542 2947 illi
589 2892 818 2946 vilitatis
850 2891 1193 2945 conscientia
1243 2890 1418 2942 lucem
1459 2888 1667 2957 fugere,
1710 2903 1816 2957 qua
1853 2887 2038 2941 tradu-

462 2984 669 3040 cendus
703 2983 768 3035 ad
797 2980 1096 3034 ludibrium
1136 2979 1336 3040 fuerat,
1370 2981 1564 3042 suasit,
1603 2980 1735 3042 sive,
1782 2977 1926 3046 (μίσει
1957 2977 2040 3029 iu-

461 3073 664 3139 dicavi,
696 3071 928 3126 artificis
960 3071 1143 3126 scelus
1175 3070 1276 3124 fuit
1338 3069 1594 3124 affectare
1645 3083 1776 3122 cura
1826 3069 1926 3120 ista
1958 3068 2039 3120 la-

464 3165 611 3221 tendi
664 3165 901 3233 speciem
937 3163 1168 3225 timoris,
1205 3176 1326 3231 quze
1358 3161 1724 3231 suspicionem
1758 3159 2041 3237 impinge-1

463 3264 548 3312 ret
576 3254 988 3310 dominantibus
1036 3251 1200 3323 2&6
1247 3251 1611 3320 arrongantiae
1651 3249 1892 3318 iniustae,
1939 3245 2041 3300 mi-

2144 2063 2296 2132 φησὶ,
2332 2063 2490 2116 τοῦτο
2518 2063 2711 2128 δεινὸν,
2750 2065 2798 2118 εἰ
2849 2067 2942 2119 καὶ
2988 2069 3099 2130 τοῖς
3128 2067 3399 2138 δαίμοσιν,
3445 2072 3545 2140 οὐχ
3573 2073 3724 2135 ὅπως

2143 2152 2417 2222 ἄνθρωποι
2442 2155 2661 2220 πάντες,
2684 2155 2818 2210 ἀλλὰ
2853 2159 2945 2210 καὶ
2965 2158 3281 2228 Χριστιανοὶ
3305 2160 3683 2229 ἁδελφίζουσιν
3705 2180 3721 2228 ;

2144 2247 2254 2317 Τὴν
2290 2245 2422 2316 γοῦν
2475 2248 2726 2318 ἀνάγκην
2758 2248 3004 2317 γίνεσθαι
3037 2251 3194 2320 χάριν
3221 2253 3346 2306 νίκα
3377 2256 3443 2324 τῇ
3488 2257 3724 2313 συνέσει.

2145 2337 2322 2416 Ὅπου
2352 2338 2407 2392 δὲ
2453 2338 2613 2391 τοῦτο
2643 2341 2736 2392 καὶ
2769 2341 3116 2411 γέγραπται;
3151 2361 3168 2394 ι
3207 2341 3326 2396 Υίοὶ
3378 2347 3586 2415 μητρός
3620 2365 3725 2416 μου

2144 2409 2482 2500 ἐμαχέσαντό
2527 2447 2638 2500 μοι,
2679 2449 2696 2482 ι
2734 2409 2885 2499 λέγει
2937 2435 2968 2501 ἡ
3024 2409 3451 2503 ᾴσματίζουσαί
3476 2409 3641 2499 Ῠὶοὺς
3671 2439 3730 2490 δὲ

2147 2613 2270 2659 tunc
2287 2604 2489 2660 editum
2509 2605 2750 2673 principe
2766 2604 3002 2674 providae
3018 2605 3403 2662 moderationis
3415 2607 3728 2678 exemplum

2144 2716 2173 2754 e
2197 2699 2561 2768 praetermissa
2589 2698 2846 2752 memoria
2868 2697 3086 2754 decursi
3109 2699 3382 2754 narrando
3413 2709 3558 2754 retro
3592 2707 3733 2755 tern-

2148 2793 2298 2861 poris
2331 2801 2624 2844 retractum
2660 2789 2747 2843 hic
2779 2805 3002 2858 ponere,
3027 2791 3073 2845 si
3102 2791 3288 2846 minus
3319 2791 3512 2846 ordine
3541 2800 3732 2860 gesta-

2147 2899 2265 2935 rum
2322 2898 2498 2935 rerum
2551 2881 2616 2934 ad
2665 2881 2812 2935 hunc
2871 2880 3117 2934 historia:
3178 2880 3354 2935 locum
3410 2883 3728 2950 pertinens,

2148 2989 2342 3043 genere
2372 2984 2550 3026 tamen
2585 2983 2638 3027 et
2666 2972 3030 3027 similitudine
3061 2972 3375 3043 argumenti
3411 2987 3520 3026 non
3555 2987 3729 3042 pror-

2151 3079 2247 3118 sus
2282 3064 2349 3116 ab
2394 3080 2458 3118 co
2509 3063 2768 3117 alienum.
2815 3061 2949 3116 Cum
2987 3063 3271 3116 incidisset
3311 3062 3628 3131 imperatori
3658 3077 3727 3118 ex

2151 3171 2253 3209 usu
2292 3153 2546 3223 praesenti
2582 3152 2886 3206 necessitas
2913 3152 3076 3206 dandi
3111 3152 3324 3206 litteras
3358 3153 3424 3206 ad
3450 3151 3727 3207 sultanem

2153 3245 2464 3316 Babylonis,
2516 3245 2622 3299 etsi
2661 3244 2916 3312 exigebat
2949 3243 3179 3312 antiquo
3232 3259 3403 3309 more,
3447 3244 3730 3316 Augusto-

463 3349 551 3403 nis
585 3361 649 3401 ac
679 3345 982 3416 supercilio
1014 3307 1342 3399 deterrentis
1370 3342 1620 3397 subditos
1646 3359 1674 3396 a
1723 3341 1892 3394 libera
1923 3353 2044 3408 pro-
2071 3307 2113 3366 θ
2149 3354 2266 3392 rum
2296 3337 2738 3408 pracedentium,
2763 3335 2926 3389 etiam
2953 3334 3513 3404 religiosissimorum,
3541 3350 3733 3390 exem-

464 3441 674 3496 latione
708 3439 982 3494 veritatis.
1032 3439 1310 3492 Adversus
1341 3437 1486 3505 quod
1521 3436 1797 3504 sapienter
1849 3432 2039 3501 utique

462 3533 765 3604 Augustus,
819 3532 1061 3600 seposito
1114 3531 1376 3598 tantisper
1404 3538 1614 3583 terrore
1651 3527 1950 3593 majestatis
1984 3530 2040 3579 et

462 3627 613 3679 velut
641 3625 780 3678 solio
819 3622 1182 3685 descendens,
1234 3637 1390 3691 aequo
1417 3622 1470 3675 in
1513 3635 1728 3690 campo,
1759 3635 1922 3673 mera:
1951 3635 2040 3673 ra-

464 3718 631 3772 tionis
669 3715 836 3770 armis
873 3715 1202 3769 calumniam
1233 3726 1357 3770 astu
1399 3723 1743 3784 grassantem
1794 3716 2039 3770 debella-

467 3809 570 3871 vit,
605 3808 829 3877 privala:
885 3807 1226 3862 defensionis
1274 3808 1584 3877 eloquentia
1647 3823 1860 3862 omnem
1922 3809 2042 3876 opi-

467 3901 690 3955 nionem
746 3900 831 3955 sui
887 3900 1169 3955 sinistram
1214 3899 1553 3954 audientium
1621 3899 1870 3954 eximens
1917 3900 2040 3954 aui-

469 3993 618 4057 mis,
671 4000 724 4046 et
767 3991 1025 4046 damnum
1083 3991 1242 4059 plene
1299 3991 1607 4046 resarciens
1660 3991 2042 4059 qualecunque

468 4084 733 4140 maledica
762 4085 855 4138 illa
875 4083 1102 4155 scriptio
1135 4083 1292 4138 famae
1330 4099 1442 4140 suae
1474 4084 1722 4138 intulisse
1748 4085 2038 4152 potuisset.

541 4217 632 4274 23.
669 4217 744 4272 De
776 4227 915 4271 mota
947 4218 1000 4272 in
1027 4217 1535 4287 Philadelphiensem
1575 4216 1966 4272 criminatione.

540 4353 658 4407 Tali
692 4351 920 4408 consilio
958 4365 1068 4405 non
1115 4365 1260 4404 nunc
1304 4350 1540 4419 primum
1574 4349 1870 4419 imperator
1905 4363 2040 4404 usus

470 4453 574 4500 est.
622 4443 782 4498 Prius
813 4443 956 4498 enim
991 4441 1423 4512 patriarchatum
1457 4449 1678 4512 gerente
1717 4442 2043 4506 Athanasio,

473 4537 621 4591 aliud
672 4535 923 4590 similiter
963 4535 1218 4590 exoriens
1270 4540 1434 4602 caput
1483 4533 1728 4589 scandali
1773 4534 1888 4602 pari
1947 4549 2038 4588 sa-

2143 3429 2246 3498 plis
2287 3430 2536 3498 probato,
2564 3427 2807 3496 vulgaris
2841 3427 3199 3497 epistolarqu
3249 3428 3567 3482 istiusmodi
3605 3427 3726 3483 for-

2143 3522 2286 3574 mula
2329 3530 2387 3573 ut
2428 3521 2613 3574 fratris
2646 3521 2835 3574 titulus
2886 3519 2940 3574 in
2983 3520 3345 3590 inscriptione
3396 3531 3724 3591 poneretur,

2145 3625 2326 3667 tamen
2363 3629 2486 3668 eum
2538 3630 2636 3668 sua
2689 3613 2986 3684 peculiaris
3021 3614 3270 3682 quaedam
3321 3615 3730 3684 delicatiorque

2144 3705 2337 3775 religio
2364 3705 2811 3759 cunctabundum
2854 3705 2908 3760 in
2943 3705 3103 3776 247
3136 3721 3201 3761 eo
3240 3707 3481 3772 tenebat,
3507 3708 3730 3762 scilicet

2145 3806 2422 3852 verentem
2469 3812 2536 3852 ne
2595 3795 2882 3865 indignum
2924 3796 3307 3866 nefastumque
3337 3797 3462 3865 jure
3511 3801 3729 3854 videre-

2143 3899 2232 3946 tur
2266 3890 2474 3944 hostem
2530 3890 2712 3943 crucis
2764 3888 2834 3942 ab
2887 3889 3221 3959 imperatore
3265 3890 3567 3945 christiano
3612 3891 3727 3946 fra-

2142 3993 2278 4037 trem
2309 3983 2554 4037 salutari.
2588 3982 2794 4038 Urebat
2817 3982 3013 4036 acriori
3047 3981 3130 4036 sui
3161 3996 3327 4036 sensu
3355 3981 3444 4036 hic
3475 3981 3725 4037 animum

2142 4074 2454 4144 scrupulus,
2502 4074 2648 4144 quod
2685 4075 2843 4144 quasi
2897 4073 3136 4144 penitius
3173 4073 3488 4142 adigeretur
3536 4075 3728 4144 appri-

2144 4177 2324 4220 mente
2365 4167 2584 4222 conscia
2641 4165 2908 4222 memoria
2970 4181 3146 4235 nuper
3204 4181 3234 4219 a
3279 4180 3338 4220 se
3388 4167 3631 4233 omissae,
3669 4169 3728 4223 in

2143 4259 2432 4313 occasione
2467 4273 2574 4313 nou
2625 4259 2808 4312 minus
2860 4267 3113 4330 urgente,
3154 4259 3474 4329 scriptionis
3515 4260 3729 4315 littera-

2143 4366 2264 4405 rum
2297 4350 2364 4405 ad
2407 4350 2627 4419 Papam,
2659 4365 2721 4404 ea
2771 4349 2947 4405 solum
2985 4354 3052 4405 de
3079 4365 3270 4415 causa,
3317 4368 3385 4408 ne
3429 4351 3613 4408 Patris
3655 4367 3728 4407 ex

2142 4439 2544 4496 consuetudine
2570 4441 2790 4494 titulum
2817 4441 3066 4510 epistolae
3091 4444 3371 4512 przeligere
3397 4451 3726 4514 cogeretur;

2142 4533 2286 4603 quod
2335 4531 2592 4588 inducere
2633 4532 2688 4586 in
2745 4534 2985 4586 animum
3038 4534 3314 4602 nequiret,
3364 4549 3491 4590 eum
3538 4533 3728 4590 Patris

473 4627 680 4696 pientia
720 4626 983 4679 districta:
1038 4625 1092 4678 in
1147 4632 1388 4692 tempore
1421 4623 1676 4678 dictionis
1719 4624 2036 4692 amputavit,
2073 4651 2116 4706 ο
2146 4625 2506 4694 appellatione
2538 4624 2775 4694 dignari,
2809 4639 2972 4694 quem
3021 4626 3226 4680 erroris
3263 4635 3580 4682 autumaret
3627 4642 3728 4682 cu-

471 4719 719 4773 oratione
757 4717 824 4770 ad
866 4724 1194 4771 conventum
1227 4715 1522 4784 prudenter
1557 4715 1762 4778 habita,
1795 4731 1900 4784 qua
1932 4715 2042 4769 vel-

476 4821 534 4864 ut
565 4811 801 4879 maligne
847 4819 1159 4864 tumescens
1213 4809 1340 4878 aegri
1381 4808 1626 4877 corporis
1658 4805 1816 4861 tuber
1847 4808 2040 4860 blanda

473 4904 854 4958 excantatione
891 4901 1258 4970 praamollivit,
1293 4916 1358 4954 ne
1394 4915 1545 4953 mora
1589 4907 1641 4954 et
1687 4899 1930 4967 neglectu
1959 4900 2043 4951 iu-

472 4993 810 5045 flammatum
846 4991 896 5045 in
929 4989 1086 5044 ulcus
1120 4990 1487 5059 perniciosum
1514 4997 1842 5054 erumperet.
1871 4985 2040 5041 Periti

476 5082 679 5152 quippe
718 5082 912 5136 medici
949 5090 1053 5146 est,
1084 5083 1163 5135 uti
1205 5095 1232 5133 a
1258 5081 1455 5133 saavius
1495 5088 1761 5134 aestuante
1783 5080 2039 5148 rigidius-

472 5189 578 5242 que
612 5175 848 5228 distenta
888 5173 1100 5227 ferrum
1137 5187 1199 5225 ac
1249 5171 1548 5225 sectionem
1604 5187 1710 5225 non
1763 5173 2038 5225 abstinere

471 5268 704 5332 vomica,
740 5267 836 5328 ita,
865 5264 958 5318 ubi
993 5263 1147 5318 dolor
1172 5262 1436 5338 remissus
1460 5261 1800 5331 duritiesque
1827 5271 2038 5317 tumore

474 5359 652 5413 laxato
698 5357 1093 5413 remollescens
1139 5369 1290 5424 spem
1343 5353 1568 5410 fecerint
1627 5372 1732 5408 non
1773 5355 2041 5411 inutiliter

475 5450 747 5506 tentandae
800 5447 1104 5504 curationis
1156 5446 1476 5512 blandiaris,
1537 5446 1818 5518 indulgere
1867 5448 2042 5504 medi-

473 5545 740 5600 camentis
786 5541 1088 5596 leuioribus
1133 5549 1535 5610 unguentorum
1576 5555 1640 5596 ac
1677 5542 2043 5610 cataplasma-

474 5644 612 5698 tum,
646 5647 878 5704 quorum
914 5643 1015 5699 ope
1039 5627 1272 5700 benigna
1303 5639 1658 5699 praevertatur
1692 5631 1811 5686 dira
1839 5647 2037 5687 neces-

475 5730 609 5783 sitas
646 5721 928 5794 rumpendi
954 5722 1159 5778 exitum
1184 5723 1401 5779 ustione
1421 5739 1484 5780 ac
1514 5734 1739 5779 cruenta
1762 5726 2040 5796 chirurgia

476 5823 624 5876 intus
653 5819 923 5884 bullienti,
949 5811 1008 5874 et
1036 5819 1139 5875 nisi
1179 5817 1327 5875 foras
1351 5820 1697 5884 extrahatur,
1729 5822 2038 5876 membrum

473 5922 812 5983 corruptum
854 5913 1048 5970 saniei.
1087 5911 1270 5970 Placet
1309 5913 1456 5969 istud
1508 5926 1728 5984 quoque
1765 5927 1794 5968 a
1850 5922 2039 5971 nostro

2143 4715 2380 4785 juspiam
2429 4715 2663 4771 afﬁnem.
2709 4715 2786 4770 Ex
2818 4717 2974 4786 cujus
3011 4716 3136 4772 facti
3189 4717 3504 4786 praeiudicio
3548 4734 3727 4789 prona

2147 4818 2264 4863 erat
2309 4807 2364 4860 in
2424 4809 2709 4876 praesentis
2755 4809 3084 4863 solutionem
3143 4809 3295 4863 dubii
3344 4811 3675 4865 consecutio
3710 4851 3726 4878 ,

2148 4899 2338 4968 utique
2368 4915 2492 4954 cum
2548 4901 2720 4954 multo
2753 4912 3042 4970 appareret
3096 4901 3582 4956 inconvenientius
3625 4901 3730 4957 ho-

2147 4992 2353 5047 minem
2393 5008 2501 5046 non
2547 4993 2720 5046 solum
2761 4993 3010 5058 atbeum,
3045 4993 3140 5048 sed
3174 5001 3230 5047 et
3274 4993 3484 5048 hostem
3517 4992 3729 5051 Christi

2148 5081 2499 5138 manifestum
2561 5083 2628 5138 ab
2701 5083 3036 5153 imperatore
3092 5085 3395 5140 christiano
3452 5086 3727 5153 fratrem,

2148 5189 2311 5242 quam
2347 5176 2414 5229 ab
2441 5174 2630 5230 eodem
2662 5175 2880 5231 Patrem
2916 5176 3225 5231 Romanum
3267 5177 3587 5233 Pontificent
3622 5193 3729 5232 vo-

2149 5268 2280 5322 cari.
2325 5267 2464 5339 Ergo
2519 5268 2666 5322 haud
2704 5270 2892 5324 valens
2948 5269 3029 5325 sic
3091 5271 3368 5341 imperare
3429 5270 3727 5326 stomacho

2148 5358 2368 5414 cuidam
2407 5375 2510 5415 suo
2538 5361 2762 5430 proprio
2794 5360 3276 5418 fastidiosiusculte
3317 5363 3624 5434 religionis,
3668 5375 3732 5420 ut

2147 5457 2360 5505 tantum
2403 5451 2656 5508 absurda:
2694 5452 3016 5508 indecentiae
3046 5455 3126 5508 vel
3155 5455 3450 5511 exsorbere
3481 5459 3732 5513 sustine-

2147 5556 2232 5600 ret
2279 5545 2364 5600 vel
2419 5557 2665 5616 speraret
2719 5561 2883 5616 posse
2912 5561 3281 5617 concoquere,
3337 5560 3532 5604 atstum
3573 5551 3731 5607 hunc

2149 5635 2328 5706 ipsum
2370 5637 2539 5691 animi
2577 5637 2718 5694 forte
2757 5639 3122 5709 praesentibus
3162 5641 3378 5709 aperuit
3419 5642 3728 5712 episcOpis,

2149 5729 2195 5784 si
2226 5727 2356 5800 quid
2407 5728 2536 5786 huic
2566 5732 2770 5785 morsui
2820 5731 3178 5789 conscientia:
3215 5731 3465 5788 sedando
3505 5747 3731 5788 accom-

2150 5821 2428 5876 modatum
2476 5821 2532 5884 in
2588 5829 2840 5892 promptu
2880 5821 3166 5891 haberent,
3201 5823 3446 5894 proferre
3496 5839 3566 5878 ne
3599 5839 3732 5894 grao

2148 5923 2428 5981 varentur,
2477 5929 2734 5972 exorans.
2791 5914 2872 5970 Ad
2920 5932 3038 5971 eam
3095 5916 3539 5985 provocationem
3593 5931 3726 5973 cum
