3922 6548
181 382 281 448 273

1007 394 1106 455 DE
1150 396 1602 457 ANDRUNICO
1643 401 2111 462 PAIu-EOIDGO
2152 403 2295 463 LIB.
2336 404 2457 466 nr.

3309 397 3419 462 9.7-1

184 494 368 565 μητρὸς
395 495 492 564 τῆς
527 496 854 569 Ἐκκλησιας
882 501 1120 574 Χριστοῦ
1150 507 1177 558 ό
1202 506 1424 575 Noae-r1;
1454 504 1729 575 ἐξηγεῖται
1756 506 1803 565 Δ
1834 508 2085 578 βασιλεὺς
2114 510 2516 579 πλατυνομένου
2552 508 2653 562 τοῦ
2684 506 2863 577 λόγου,
2898 507 2999 561 καῖ
3031 505 3105 571 ὡς
3145 504 3294 571 εἰκὸς
3322 522 3421 561 πε·-

180 584 291 647 τοὺς
317 585 597 656 δαίμονας,
629 589 705 653 ὡς
734 591 801 645 ἂν
829 593 894 647 ὲκ
922 595 1023 663 τῆς
1047 596 1219 665 αὐτῆς
1253 598 1345 649 καὶ
1392 600 1524 669 μιᾶς
1554 596 1734 660 αἰτίας

180 670 230 742 (ἡ
255 671 295 723 δ’
323 673 486 737 ἔστιν,
528 673 711 747 οἶμαι,
747 682 904 751 ήτοῦ
943 682 1081 738 Θεοῦ
1136 686 1434 754 ἀγαθότης,
1465 688 1608 757 ἀρχή
1649 703 1733 750 τις

185 765 430 835 γενομένη
459 770 573 832 τοῖς
606 771 679 841 μὴ
710 766 863 828 οὖσιν
895 776 972 839 εἰς
1004 775 1252 847 ὅντωσιν)
1276 778 1499 842 τούτους
1544 795 1607 831 τε
1636 778 1734 831 κά-

178 859 367 922 κείνους
393 861 467 922 ὼς
500 866 565 918 ἐκ
600 868 691 920 τοῦ
720 870 886 925 αὐτοῦ
916 873 1128 945 Πατρδς
1152 874 1420 945 προῆχθαι
1451 877 1545 930 καὶ
1571 893 1730 948 ποιη-

176 948 258 1003 τοῦ
306 969 325 1003 ι
345 952 510 1008 Τοῦτο
553 957 681 1022 ἴσως
707 961 802 1015 καὶ
824 963 963 1017 κατὰ
983 965 1042 1017 τὸ
1077 966 1235 1037 τυχὸν
1256 967 1333 1037 τῷ
1355 968 1563 1022 εἰπόντι
1592 985 1730 1039 παρ·

177 1041 424 1111 έρῤιπται,
452 1047 511 1113 ἐξ
550 1051 777 1106 εἰκότων
817 1054 873 1107 δὲ
903 1056 1094 1123 γέγονε
1142 1058 1285 1128 μέγα
1329 1060 1424 1113 καὶ
1454 1062 1533 1123 εἰς
1564 1077 1730 1113 σκαν-

176 1131 313 1186 Siloa
343 1137 617 1207 πρόφασιν
655 1143 861 1201 ἰκανόν.
905 1145 964 1200 Ὀ
995 1148 1104 1218 γὰρ
1143 1151 1447 1221 Δυρραχίου
1483 1152 1731 1220 Νικήτας

178 1222 255 1275 τὸν
300 1226 455 1293 λόγον
509 1230 755 1297 ἀκούσας
785 1236 885 1290 οὐκ
934 1238 1162 1292 ἀνεκτὸν
1205 1240 1396 1303 ἀκοαῖς
1449 1241 1730 1295 εὐσεϐέσιν

178 1316 396 1383 ἡγήσατο
429 1319 687 1391 πάμπαν,
737 1327 786 1379 εἰ
833 1327 1104 1395 δαιμόνων
1135 1333 1531 1401 ἀντικειμένων
1583 1333 1727 1405 Θεῷ,

178 1407 426 1478 ἄνθρωποι
479 1413 717 1485 ὑπήκοοι
770 1418 849 1489 τῷ
900 1421 1122 1493 Χριστῷ
1180 1426 1274 1479 καὶ
1324 1425 1728 1493 υἰοθετηθέντες

176 1497 272 1567 θεῷ
291 1499 371 1555 διὰ
388 1500 482 1555 τοῦ
495 1504 903 1578 βαπτίσματος,
938 1513 1160 1582 ἀδελφοὶ
1187 1516 1450 1584 λέγοιντο.
1477 1517 1729 1587 Γνησίοις

177 1590 284 1657 γοῦν
307 1592 394 1645 διὰ
448 1596 630 1653 ταῦτα
666 1599 760 1653 τὸν
796 1603 1017 1658 εἰπόντα
1065 1604 1282 1675 βλέπειν
1334 1608 1578 1678 ὄμμασιν
1628 1608 1729 1664 οὐκ

175 1680 421 1751 ἠνέσχετο,
461 1685 605 1741 ἀλλὰ
636 1690 859 1755 πολλοῖς
884 1694 1118 1750 διελάλει
1149 1698 1240 1751 τὸν
1272 1698 1433 1766 λόγον
1471 1699 1567 1754 καὶ
1599 1698 1729 1770 βλα-

178 1774 391 1841 στημξαν
432 1777 633 1833 τοῦτον
679 1783 739 1835 οὐ
773 1786 1002 1856 μετρίαν
1038 1788 1242 1860 ἔκρινε.
1291 1791 1481 1847 Ταῦτα
1510 1793 1728 1859 πολλοῖς

179 1861 262 1930 μὲν
283 1865 433 1935 ἐπῄει
477 1868 770 1938 χλευάζειν
799 1878 893 1928 καί
923 1877 1014 1930 τὸν
1051 1878 1207 1947 λόγον
1251 1881 1513 1947 ἐπιεικῶς
1544 1885 1621 1948 ὡς
1658 1884 1733 1940 ἰὸν
1762 1862 1811 1922 Β

180 1957 371 2026 πικρίας
402 1960 498 2014 καὶ
525 1962 710 2031 ὄφεων
736 1966 1181 2040 ἀποστρέφεσθαι
1208 1989 1220 2000 ’
1259 1974 1536 2030 ἐπέπυστο
1563 1975 1620 2031 δὲ
1645 1980 1737 2033 καὶ

178 2132 249 2187 alii
276 2134 371 2191 alia
399 2136 678 2207 dicerent.
703 2152 758 2198 et
783 2145 955 2203 variis
974 2162 1040 2202 ex
1077 2157 1322 2221 tempore
1353 2168 1451 2223 pro
1487 2169 1546 2211 se
1577 2156 1735 2226 quis-

177 2241 265 2296 que
289 2229 589 2300 allegandis
627 2238 785 2306 quasi
822 2240 1080 2297 hebetare
1134 2254 1448 2317 satagerent
1481 2250 1730 2307 aculeum

178 2332 269 2387 quo
305 2322 407 2376 alte
447 2324 619 2387 infixo
685 2332 1033 2404 pungebatur
1069 2337 1297 2392 nimium
1356 2349 1541 2398 tenera
1595 2360 1735 2414 pene

185 2415 530 2479 superstitiosi
577 2423 912 2478 conscientia
946 2426 1231 2496 principis,
1282 2430 1734 2505 Philadelphien-

178 2503 239 2559 sis
267 2500 595 2579 Tlieoleptus
622 2513 948 2582 palmarium
986 2534 1046 2575 se
1091 2524 1300 2591 putavit
1339 2540 1371 2580 e
1400 2500 1578 2585 sacris
1606 2545 1735 2586 ora-

175 2595 292 2652 culis
317 2610 701 2670 argumentum
737 2610 1025 2679 reperisss,
1058 2630 1169 2684 quo
1217 2620 1496 2678 evinceret
1523 2610 1729 2682 licitam

182 2685 348 2757 istam,
378 2709 487 2750 nec
512 2696 608 2751 ulli
635 2700 923 2757 obnoxiam
951 2719 1200 2764 censurae
1227 2710 1414 2769 haberi
1433 2715 1634 2776 debere
1655 2720 1735 2776 lo-

180 2782 357 2849 quendi
384 2799 447 2842 ac
491 2788 770 2846 scribendi
794 2790 1108 2854 formulam.
1142 2799 1277 2872 Ejus
1302 2803 1407 2861 hoc
1444 2822 1477 2864 e
1505 2810 1731 2867 canoni-

179 2873 246 2928 cis
280 2874 580 2950 Scripturis
616 2891 866 2942 astruere
917 2891 1172 2948 conantis
1231 2894 1349 2953 haec
1403 2897 1575 2959 ferme
1629 2904 1731 2963 fuit

178 2966 375 3068 oratio:
406 2988 427 3068 ι
465 2969 611 3038 Quid
648 2976 928 3035 enimvero
967 2991 1177 3039 tantum
1203 2987 1405 3057 piaculi
1443 2993 1515 3048 sit
1548 2994 1729 3068 Baby-

178 3054 318 3159 loniae
343 3061 617 3120 suitanem
656 3066 883 3126 fratrem
909 3054 1248 3146 nominasse,
1289 3081 1337 3138 si
1372 3095 1561 3142 sancto
1609 3054 1731 3161 spi-

178 3147 291 3216 ritu,
319 3153 406 3222 qui
447 3171 643 3214 sacros
688 3159 860 3221 libros
901 3165 1149 3238 dictavit,
1197 3184 1422 3232 auctore
1461 3147 1696 3238 discimlu

181 3240 319 3298 malis
360 3243 503 3316 ipsis
533 3247 875 3312 daemonibus
909 3272 1019 3315 non
1067 3269 1281 3320 tantum
1325 3267 1576 3329 homines
1612 3289 1732 3329 om-

180 3345 298 3432 nes.
331 3339 422 3394 sed
471 3343 637 3397 etiam
687 3344 1034 3409 Christianos
1086 3354 1325 3416 fraterna
1354 3364 1590 3432 quadam
1632 3383 1730 3424 ne-

183 3425 493 3487 cessitudine
546 3434 847 3508 conjungi?
883 3439 1080 3501 Vincat
1135 3462 1264 3519 ergo
1314 3425 1456 3508 ratio
1508 3455 1729 3515 inanem

184 3526 400 3586 metum;
429 3529 487 3576 et
531 3538 654 3579 cum
684 3542 773 3584 res
803 3530 988 3603 exigat
1030 3540 1317 3595 conveniri
1342 3544 1611 3602 suitanem
1644 3549 1733 3604 lit—

184 3605 317 3672 teris,
357 3617 412 3665 et
440 3613 641 3669 harum
677 3616 1094 3692 inscriptionem
1123 3638 1373 3698 oporteat
1414 3638 1576 3692 talem
1609 3654 1733 3697 esse

184 3700 339 3796 qualis
360 3701 477 3775 jam
507 3707 638 3763 olim
667 3704 932 3784 exemplis
955 3716 1268 3791 principum
1292 3725 1508 3796 piorum
1543 3743 1595 3786 et
1629 3748 1732 3790 usu

184 3788 425 3893 hactenus
454 3801 721 3859 continuo
755 3804 1052 3867 informata
1101 3788 1210 3880 est,
1250 3788 1412 3874 detur
1457 3837 1626 3893 opera

186 3886 307 3951 quod
335 3891 654 3949 necessario
683 3892 996 3954 faciendum
1019 3910 1126 3971 est,
1158 3906 1276 3962 fieri
1302 3886 1537 3967 libenter
1561 3929 1734 3986 appa-

186 3985 322 4074 reat:
352 3981 561 4074 alioqui
610 3986 755 4042 enim
794 4004 901 4046 non
960 3992 1189 4053 haberet
1242 4003 1472 4072 gratiam
1527 3981 1732 4074 meriti,

189 4070 310 4161 quod
338 4072 390 4127 vi
422 4088 745 4145 expressum
771 4083 1005 4152 quadam
1038 4096 1092 4144 et
1127 4070 1402 4150 extortum
1438 4097 1509 4153 ab
1550 4070 1737 4161 invitis

186 4160 467 4263 videretur:
496 4166 679 4226 Locus
709 4172 1009 4245 Scriptum
1042 4194 1151 4251 quo
1175 4181 1347 4241 fretus
1368 4186 1486 4245 haec
1514 4189 1734 4263 loquor,

189 4249 265 4308 hic
301 4265 402 4313 est.
434 4257 651 4331 Sponsa
687 4263 745 4318 in
772 4265 1004 4327 Cantieo
1043 4249 1125 4328 sic
1150 4272 1229 4328 ait
1265 4291 1280 4331 :
1329 4296 1349 4330 ι
1386 4278 1511 4338 Filii
1543 4249 1738 4343 matris

189 4355 303 4445 Elea
356 4363 735 4445 pugnaverunt
786 4368 978 4416 eontra
1033 4379 1121 4420 me
1154 4367 1193 4423 ¹.
1243 4387 1263 4421 ι
1315 4368 1397 4426 ibi
1451 4373 1736 4445 Nyssenus

1703 3199 1798 3272 sC

1846 600 2145 670 ριαλγήσας
2197 603 2291 656 καὶ
2347 601 2459 656 τῶν
2505 601 2850 672 πραγμάτων
2907 599 3336 664 καταπενάξας,
3365 598 3417 652 εἰ

1843 691 1920 760 μί·
1948 692 2108 762 μόνον
2136 696 2249 757 τοῖς
2284 694 2647 764 σχιζομένοις,
2680 693 2815 747 ἀλλὰ
2864 690 2959 746 καὶ
2988 692 3173 756 αὐτοῖς
3206 692 3270 764 δὴ
3299 693 3419 756 τοῖς

1840 783 2139 853 ἡνωμένοις
2167 785 2236 838 τὰ
2265 786 2373 849 τῶν
2419 785 2565 838 ἰδίων
2599 785 2979 855 χλευάζονται,
3026 784 3247 840 σύνοδον
3283 800 3418 852 συγ-

1839 879 2046 946 κροτεῖ,
2078 880 2170 934 xui.
2198 876 2441 933 διαλαλεῖ
2466 880 2602 932 πᾶσι
2634 878 2705 932 τὰ
2734 879 2871 941 τέως
2900 878 3180 949 λεχθέντα,
3216 877 3312 932 καὶ
3342 876 3419 942 ὡς

1838 962 1907 1037 ἦν
1937 967 2077 1021 κατὰ
2110 961 2172 1022 rb
2218 970 2368 1034 εἰκὸς
2412 969 2540 1034 τοὺς
2574 969 2767 1039 λόγους
2818 971 3100 1035 διευθετεῖ,
3140 970 3419 1025 ὲκὸἀλλων

1840 1057 2077 1128 ὑποψίαν
2110 1060 2349 1130 ματαίαν
2383 1061 2447 1114 ἐκ
2492 1060 2731 1130 καρδιῶν
2757 1061 3063 1114 ἀκουόντων
3102 1061 3421 1131 ἔνσκιῤῥου-

1843 1147 2009 1218 μένην
2031 1150 2131 1220 ἤδη
2163 1150 2240 1219 τῷ
2274 1151 2594 1222 Θεολήπτῳ.
2628 1152 2803 1215 Αὐτὸς
2832 1151 2889 1205 δὲ
2918 1150 3189 1222 πειράσας
3213 1148 3421 1204 κακοῦν

1836 1242 1928 1294 τὸν
1957 1242 2056 1313 τὴν
2093 1242 2189 1297 τοῦ
2222 1244 2522 1299 σκανδάλου
2558 1245 2834 1314 πυρκαϊὰν
2874 1243 3237 1313 ὑπανόυῴαντα
3282 1243 3424 1298 αἰδοῖ

1837 1331 1930 1383 τοῦ
1960 1332 2152 1403 ἀνδρὸς
2196 1334 2464 1405 εἴργεται,
2499 1336 2560 1389 τὺ
2612 1336 2711 1405 μὲν
2749 1335 2838 1390 διὰ
2865 1336 2964 1403 τὴν
3012 1335 3221 1389 ἐκείνου
3254 1334 3424 1389 κατά-

1839 1438 2032 1475 στασιν
2064 1420 2152 1495 (ἦν
2183 1426 2291 1497 γὰρ
2314 1428 2434 1489 ταῖς
2473 1426 2752 1497 ἀληθείαις
2788 1427 3024 1497 εὐλαϐὴς
3062 1427 3091 1479 ὁ
3130 1426 3288 1496 ἀνὴρ,
3325 1424 3423 1479 καὶ

1837 1514 1896 1566 οὐ
1933 1512 2261 1589 κακουργίᾳ,
2308 1518 2426 1572 ἀλλ’
2473 1519 2732 1592 εὐλαὸεέᾳ
2775 1518 3232 1591 παρακεκίνητο),
3268 1517 3329 1570 τὺ
3366 1517 3423 1569 δὲ

1838 1604 1934 1657 καὶ
1955 1607 2043 1661 διὰ
2069 1608 2130 1661 τὸ
2160 1609 2393 1679 ἀρθῆναι
2416 1608 2592 1665 θέλειν
2613 1613 2754 1682 μέγα
2784 1612 2847 1665 rb
2890 1611 3182 1666 σκάνδαλον
3232 1613 3296 1664 ὲκ
3325 1610 3421 1663 τοῦ

1835 1696 1926 1749 τὸν
1957 1698 2347 1771 ὑπομνήσαντα
2380 1704 2745 1760 κινδυνεῦσαι.

1838 1805 1937 1864 κδ’.
1969 1809 2107 1879 Περί
2157 1810 2274 1866 τῶν
2312 1812 3089 1887 ἀποτεθειμένωνχαρτίων
3125 1817 3220 1871 καί
3265 1817 3427 1882 ὅπως

2450 1885 2813 1954 εὑρέθησαν.

1910 1968 2092 2023 Δεινὸν
2123 1970 2178 2025 δὲ
2211 1970 2384 2038 πάθος
2416 1975 2668 2032 ἐντεῦθεν
2698 1976 3000 2052 εἰσῄειἻΡ.
3038 1978 3162 2052 169]
3193 1979 3285 2034 τὸν
3317 1995 3425 2032 πα-

1838 2146 1943 2202 lem
1976 2148 2079 2220 piis
2109 2152 2334 2210 auribus
2363 2155 2665 2211 orationem
2704 2158 2942 2225 censuit,
2977 2175 3082 2230 qua
3138 2161 3422 2217 rebellium

1837 2239 1949 2296 Deo
2000 2241 2302 2299 daemonum
2350 2244 2570 2304 Christo
2618 2249 2848 2316 subjecti
2901 2250 3172 2315 homines,
3235 2268 3265 2307 a
3309 2252 3423 2309 Deo

1837 2346 1935 2401 per
1961 2333 2293 2405 baptismum
2343 2339 2398 2394 in
2436 2340 2573 2397 filios
2614 2342 2877 2413 adoptati,
2918 2344 3119 2401 fratres
3170 2345 3421 2401 diceren-

1838 2429 1949 2478 tur.
1982 2423 2178 2497 IEquis
2206 2428 2373 2500 igitur
2397 2432 2573 2489 oculis
2612 2442 2861 2504 spectare
2892 2437 2974 2492 sic
3025 2436 3266 2491 locutum
3307 2452 3420 2492 non

1836 2518 2100 2575 sustinuit
2127 2540 2141 2576 :
2171 2522 2267 2579 sed
2296 2531 2350 2578 et
2371 2525 2557 2582 verbis
2589 2527 2852 2583 continuo
2879 2528 3129 2599 plurimis
3164 2529 3416 2598 impiam,

1837 2618 1895 2664 ut
1923 2611 2169 2681 putabat,
2226 2615 2558 2671 mentionem
2614 2626 2923 2684 aversatus,
2970 2618 3020 2674 ei
3074 2634 3176 2675 suo
3208 2619 3422 2690 judicio

1832 2702 2187 2773 blasphemiae
2214 2722 2325 2762 non
2357 2710 2644 2768 mediocris
2666 2719 2849 2767 notam
2878 2713 3098 2768 inussit.
3128 2712 3282 2767 Ducti
3306 2727 3419 2767 non

1831 2799 1993 2868 pauci
2024 2801 2352 2857 auctoritate
2373 2800 2575 2859 Nicetaa
2604 2804 2808 2860 amaris
2847 2804 3200 2861 irrisionibus
3243 2803 3422 2859 Theo-

1832 2891 2035 2963 leptum
2064 2896 2447 2966 traducebant,
2473 2899 2708 2972 ejusque
2746 2903 3076 2957 sententiam
3106 2903 3282 2958 nihilo
3305 2917 3424 2958 mo-

1830 2984 2075 3044 deratius
2106 3002 2269 3058 quam
2294 2999 2503 3058 pestem
2547 2998 2601 3045 et
2631 3006 2899 3046 venenum
2929 2992 3236 3061 viperinum
3265 3008 3422 3047 aver-

1831 3079 2117 3137 sabantur.
2148 3081 2418 3137 Cmterum
2448 3084 2750 3153 Augustus,
2780 3086 2875 3155 qui
2906 3086 3183 3141 orationes
3212 3086 3424 3142 utrius-

1831 3185 1939 3240 que
1963 3169 2273 3227 contrarias
2329 3185 2570 3240 praesens
2624 3172 2785 3242 plene
2843 3174 3071 3229 auribus
3132 3173 3418 3239 hauserat,

1832 3262 1925 3319 ubi
1972 3263 2123 3335 quod
2155 3263 2281 3321 inde
2331 3280 2428 3336 per
2456 3264 2719 3336 populum
2776 3266 2831 3320 in
2872 3264 3413 3336 Philadelphiensem

1830 3372 2084 3413 murmur
2132 3359 2389 3430 glisceret
2418 3368 2606 3431 postea
2663 3363 2940 3433 cognovit,
2996 3375 3160 3432 aegre,
3220 3366 3421 3428 utpar

1832 3459 1972 3518 erat,
2006 3465 2159 3507 novae
2204 3467 2370 3521 super
2399 3462 2477 3509 tot
2496 3454 2633 3511 alias
2666 3453 2988 3511 oli‘ensionis
3039 3464 3288 3511 exortum
3328 3466 3418 3511 tu-

1834 3541 1936 3610 liti;
1971 3550 2027 3598 et
2066 3542 2358 3599 miseratus
2404 3554 2607 3601 sortem
2645 3546 2943 3616 publicam,
2975 3547 3121 3617 quod
3164 3547 3277 3617 jam
3308 3562 3419 3603 non

1834 3634 2013 3691 solum
2037 3636 2339 3692 schismate
2380 3636 2603 3707 abrupti
2645 3652 2770 3692 cum
2804 3639 3176 3709 perstantibus
3211 3641 3270 3696 in
3320 3641 3422 3697 Ec-

1836 3726 2018 3783 clesiae
2039 3725 2250 3783 unitate
2281 3729 2697 3794 contenderent,
2743 3730 2842 3786 sed
2879 3731 2932 3785 hi
2973 3748 3193 3802 quoque
3220 3732 3420 3805 jurgiis

1834 3820 2152 3888 mutuisque
2190 3819 2440 3876 ludibriis
2473 3822 2966 3889 committerentur,
3001 3833 3304 3881 convocata
3328 3841 3421 3895 sy-

1835 3908 1981 3964 nodo
2026 3909 2290 3965 disseruit
2342 3909 2411 3965 de
2476 3912 2703 3966 suborto
2767 3913 3221 3985 Dyrrachiensem
3278 3917 3423 3972 inter
3512 3929 3526 3938 ‘

1836 3999 2477 4072 Philadelphiensemque
2524 4003 2849 4069 certamine,
2903 4005 3179 4077 hujusque
3247 4008 3420 4063 verba

1838 4092 1893 4148 in
1927 4095 2252 4150 sententiam
2279 4096 2533 4163 exposuit
2563 4096 2930 4160 commodam,
2977 4112 3194 4153 omnem
3246 4100 3315 4154 ab
3353 4115 3423 4156 eo

1839 4186 2022 4242 minus
2050 4200 2197 4241 sanae
2217 4186 2482 4243 doctrinae
2521 4196 2616 4242 aut
2650 4187 3113 4258 freprehensihilis
3161 4191 3422 4249 novitatis

1840 4276 2211 4346 suspicionem
2262 4276 2481 4332 inanem
2541 4279 2833 4345 amoliens,
2899 4279 3009 4334 imo
3065 4281 3262 4336 animis
3303 4282 3421 4351 jam

1840 4368 2140 4422 multorum
2186 4367 2435 4423 inoiitam
2481 4369 2733 4437 stirpitus
2768 4369 3031 4425 avellens.
3082 4370 3262 4439 Atque
3307 4369 3420 4435 ille,

191 4423 607 4533 Sponsafnqua:
674 4447 757 4502 sic
818 4450 1063 4522 loquitur
1142 4471 1267 4517 esse
1328 4423 1955 4533 docetJEccleZuno
1982 4458 2261 4515 ferebatur
2288 4454 2459 4517 ruens
2501 4460 2685 4516 studio
2740 4461 2808 4515 ad
2860 4460 3284 4516 exstinctionem
3332 4460 3423 4515 in-

190 4524 307 4583 siam
337 4530 595 4630 Christi.‘
617 4536 744 4596 Haec
776 4556 807 4596 a
843 4547 1038 4604 matris
1092 4563 1209 4606 suae
1264 4551 1394 4611 filiis
1428 4561 1735 4630 oppugnari

193 4629 243 4670 se
272 4626 537 4720 queritur,
580 4626 684 4685 hoc
733 4640 838 4700 est,
872 4636 1064 4694 eodem
1119 4642 1287 4718 248
1333 4626 1656 4720 interprete,
1708 4668 1740 4708 a

194 4711 340 4807 malis!
366 4714 731 4790 daemonibus,
768 4729 862 4796 qui
894 4731 1087 4788 matris
1116 4711 1293 4805 ipsius
1322 4737 1414 4794 filii
1458 4711 1739 4807 dicuntur.

195 4805 430 4868 quoniam
463 4819 575 4865 tam
625 4812 872 4874 Ecclesia
914 4836 1080 4890 quam
1123 4825 1402 4886 daemones
1432 4847 1499 4888 ex
1548 4805 1739 4891 eadem

196 4905 337 4951 causa
375 4909 427 4955 et
454 4902 727 4974 principio
751 4919 881 4966 sunt
896 4914 1035 4981 prti,
1077 4915 1263 4975 divina
1291 4922 1553 4978 nimirum
1582 4924 1744 4982 boni-

204 5073 591 5141 beneiiceutiam
632 5099 829 5147 cuncta
858 5109 923 5150 ex
953 5073 1127 5154 nihilo
1157 5103 1209 5156 in
1241 5073 1569 5164 exstantiam
1614 5123 1746 5180 pro-

199 5171 344 5266 tracta
370 5185 516 5266 sunt.
554 5176 681 5266 Haec
711 5194 902 5240 omnes
933 5185 1111 5246 bonos
1132 5193 1286 5260 juxta
1326 5171 1742 5266 malosquean-

200 5253 327 5341 δοιοί
350 5268 440 5313 aut
472 5262 723 5322 homines
755 5284 865 5325 uno
898 5276 1098 5341 pariter
1124 5253 1453 5335 cunctorum
1488 5253 1649 5340 Patre
1678 5300 1744 5341 ac

200 5340 460 5443 tionditore
480 5356 687 5443 genuit.
728 5377 747 5410 ι
781 5360 934 5419 Talia
980 5368 1162 5423 minus
1211 5369 1352 5427 forte
1400 5376 1744 5443 praemedita-

204 5437 443 5507 tusquasi
504 5442 1002 5519 Philadelphiensis
1056 5456 1289 5526 projecit
1347 5437 1416 5515 in-
1463 5463 1744 5531 medium;

204 5538 305 5592 Quae
332 5534 503 5599 gravis
549 5538 735 5593 statim
771 5544 1015 5601 scandali
1052 5559 1107 5603 et
1140 5549 1361 5606 invidiae
1392 5552 1446 5606 in
1500 5569 1626 5609 eum
1656 5570 1748 5612 oc-

205 5619 450 5713 casionem
500 5637 633 5683 sunt
698 5632 811 5689 visa
864 5641 1166 5707 praebuisse
1218 5643 1583 5713 plausibilem.
1633 5646 1748 5703 lioc

206 5711 323 5764 enim
357 5716 542 5774 audito
584 5718 997 5792 Dyrrachiensis
1050 5711 1268 5792 Nicctas
1301 5738 1445 5794 haud
1495 5740 1748 5797 tolerabis

296 5836 309 5866 '
341 5836 493 5894 Cant.
528 5855 566 5904 ι,
600 5841 655 5897 5.

1839 4550 2000 4606 vidiae
2027 4548 2193 4621 2&9
2219 4556 2425 4605 temere
2471 4550 2526 4604 in
2566 4549 2926 4619 Theoleptum
2960 4564 3230 4617 accensae,
3264 4549 3425 4606 facile

1840 4638 2019 4694 obiter
2066 4638 2396 4693 incitaretur
2448 4637 2504 4692 in
2542 4641 2801 4708 impetum
2854 4653 2998 4708 mgre
3058 4640 3298 4695 vicissim
3342 4640 3425 4694 fa-

1841 4729 2017 4786 ciendi
2044 4729 2162 4798 ejus
2191 4729 2571 4802 reprehensori
2602 4728 2826 4794 Nicetae,
2858 4731 2950 4799 qui
2986 4729 3105 4787 face
3133 4744 3265 4802 rogo
3291 4731 3424 4787 sub-

1839 4820 1983 4891 jecta
2006 4834 2172 4876 causa
2205 4819 2447 4875 incendii
2482 4817 2698 4883 fuisset,
2745 4820 2853 4876 nisi
2902 4819 2971 4875 ab
3005 4819 3113 4875 isto
3150 4835 3274 4875 eum
3326 4837 3423 4874 co-

1843 4920 1971 4967 natu
1993 4912 2272 4967 cohiberet
2290 4911 2526 4982 primum
2545 4912 2723 4982 pudor
2749 4911 2850 4965 viri
2872 4913 3043 4966 multa
3071 4914 3340 4984 gravitate
3360 4926 3426 4967 ac

1843 5003 2108 5073 religione
2140 5003 2487 5071 venerabilis,
2523 5017 2626 5059 nec
2653 5009 2763 5057 tam
2792 5003 2845 5056 in
2873 5003 2977 5058 hoc
3011 5004 3131 5073 ipso
3172 5002 3427 5071 maligni-

1845 5102 1956 5149 tate
1988 5094 2098 5149 uila
2139 5110 2304 5165 quam
2336 5094 2436 5151 zeli
2461 5095 2695 5164 quadam
2746 5095 3112 5166 imprudentia
3156 5096 3423 5165 prolapsi,

1845 5187 2043 5242 deinde
2078 5194 2256 5241 metus
2292 5201 2360 5241 ne
2404 5187 2619 5257 qualem
2652 5202 2718 5242 ex
2758 5187 3101 5244 traductione
3148 5187 3426 5244 Philadelé

1845 5279 2089 5350 phiensis
2150 5278 2506 5335 offensionem
2567 5279 2886 5336 fOrmidarat
2943 5281 3240 5351 publicam,
3299 5283 3424 5336 talis

1848 5379 2133 5442 tantaque,
2163 5384 2226 5426 ac
2254 5385 2361 5427 nec
2412 5371 2596 5428 minus
2626 5372 2711 5428 vel
2758 5373 3065 5443 periculosa
3114 5373 3197 5428 vel
3237 5373 3421 5439 noxia,

1846 5479 1878 5521 e
1905 5459 2322 5534 Dyrrachiensis
2348 5460 2755 5533 impugnatione
2790 5472 3133 5533 sequeretur.

1846 5572 1939 5627 '24.
1984 5569 2061 5623 De
2106 5566 2305 5623 chartis
2346 5567 2401 5623 in
2425 5567 2633 5650 occulto
2670 5570 2978 5650 reconditis,
3025 5579 3075 5623 et
3111 5580 3274 5624 utea:
3318 5570 3435 5623 sint

2513 5649 2757 5695 ιηισεηιω.
2786 5676 2794 5682 -
3327 5654 3334 5661 ’

1921 5734 2034 5792 Sub
2065 5735 2178 5790 haec
2219 5732 2402 5806 gravis
2450 5734 2671 5805 quidam
2729 5734 2904 5790 anxia
2954 5731 3438 5818 reiigionismstus
