3862 6548
487 345 594 413 ὶ75

1670 358 1995 419 GEORGII
2026 358 2502 423 PACHYMEILE

3616 359 3722 421 276

480 458 750 533 τριάρχην
773 460 1048 534 Ἰωάννην,
1078 464 1171 520 καὶ
1200 464 1330 536 ἤλυε
1358 465 1545 530 δεινῶς
1574 466 1643 521 δι’
1664 468 1953 524 εὐλάϐειαν
1980 464 2039 530 ἐξ
2068 467 2114 525 Δ
2139 470 2532 539 παρασυρέντα
2559 466 2679 523 καθ’
2717 462 2890 540 οὗπερ
2938 464 3082 539 ἦσαν
3109 467 3201 522 καὶ⁵
3226 467 3282 523 αι
3313 467 3467 539 ἀραί.
3505 467 3620 522 Καὶ
3653 466 3718 536 δη

480 550 659 613 αἰτίας
680 554 917 610 τοιᾶσδε.
950 555 1107 620 Τινὲς
1140 556 1245 629 γὰρ
1273 558 1384 613 τῶν
1407 559 1641 623 ἐκείνου,
1657 554 1739 623 οἷς
1759 562 1899 623 νέοις
1922 556 1987 611 οὒ
1998 576 2045 611 σι

481 636 713 713 ξῶγρεϊν
743 643 901 715 ἐπῄει
931 645 1270 716 περιστερῶν
1299 649 1555 712 νεοσσοὺς
1578 647 2045 719 νεοκομουμένους

480 734 539 787 ἐν
565 736 679 799 τοῖς
737 737 1237 807 κατηχουμενείοις,
1298 741 1613 810 ἐφίστανται
1668 742 1762 796 καὶ
1799 740 1878 812 τῷ
1906 740 2044 794 κίονι

477 825 606 883 ἔνθα
637 828 703 883 τὰ
756 827 1066 897 δηλωθέντα
1097 830 1207 885 τῶν
1242 834 1589 903 γραμμάτων
1646 834 1950 904 ἐκπώματα
1984 834 2044 886 ἐν

477 920 659 987 κρυφῇ
696 917 923 983 κείμενα
951 913 1090 990 ἦσαν
1141 921 1477 993 (Γαμηλιὼν
1525 923 1571 980 δ’
1598 924 1903 994 ἐνειστήκει
1937 922 2044 992 μὴν

478 1006 596 1061 καθ’
621 1006 681 1061 ὃν
714 1008 871 1083 ταῦτ’
894 1011 1228 1085 ἐπράττετο)
1262 1015 1321 1069 ἐν
1345 1016 1655 1087 ἀριστεροῖς
1678 1018 1789 1078 τοῖς
1813 1015 2043 1071 εἰσιοῦσι

476 1103 951 1172 κατηχουμενείοις
984 1106 1079 1160 τοῦ
1103 1111 1451 1178 περιωνύμου
1486 1108 1637 1163 ναοῦ.
1669 1110 1776 1162 Καὶ
1805 1108 1926 1162 ἐπεὶ
1947 1125 2042 1160 πε-

475 1194 769 1263 ριστερεὼν
802 1192 867 1268 ἦν
911 1199 1060 1269 τῇδε,
1110 1201 1204 1254 καὶ
1257 1200 1363 1255 εδει
1409 1202 1509 1255 οὐκ
1569 1200 1699 1266 igni;
1727 1204 1819 1255 καὶ⁵
1849 1200 2038 1264 λίνοις.

476 1281 605 1337 ἁλλὰ
662 1287 821 1357 χερσὶ
877 1290 972 1343 καὶ¹
1012 1289 1205 1358 μόναις
1242 1291 1501 1353 νεοσσοὺς
1556 1292 1805 1361 ἀπτῆνας
1840 1293 2038 1362 αἱρεῖν,

473 1372 716 1441 κλίμακά
745 1393 800 1430 τε
836 1379 1145 1445 ἐπιτιθεῖσι,
1171 1381 1264 1435 καὶ
1288 1376 1368 1445 εἷς
1391 1380 1599 1444 ἀναϐὰς
1628 1383 1851 1435 ἐκείνων
1883 1398 2040 1434 νεοσ-

471 1464 597 1527 troia;
625 1467 724 1535 μὲν
771 1470 1011 1533 ἐκείνους
1039 1471 1143 1525 ὑπὸ
1191 1474 1381 1543 χεῖρας
1425 1468 1590 1542 εἶχεν,
1629 1471 1959 1539 ὑπεφαίνετο
1991 1471 2039 1524 δ’

470 1554 671 1620 εὐθέως
696 1558 790 1611 καὶ
821 1559 882 1612 τὸ
911 1563 970 1614 ὲν
1025 1562 1183 1632 μυχῷ
1202 1563 1301 1628 τῆς
1327 1564 1464 1633 ὀπῆς
1491 1563 1764 1631 κείμενον·
1799 1559 1872 1615 Τὸ
1898 1562 1942 1615 δ’
1971 1556 2048 1632 ἦν’

470 1650 530 1705 τὸ
560 1656 1002 1725 συνεπτυγμένον
1031 1656 1141 1709 τῶν
1173 1656 1326 1726 ἀρῶν
1353 1656 1641 1728 ὄστρακον.
1702 1655 1790 1719 Ὦς
1816 1655 1859 1709 δ’
1903 1656 2039 1709 ἀναι·

2149 558 2243 613 τὸν
2278 560 2506 630 ἀδελφὸν
2535 559 2757 631 πέμψας
2785 560 3066 627 Μεθόδιον,
3092 559 3246 632 ὴξίου
3280 559 3507 631 βασιλέα
3539 575 3716 630 παρα-

2148 650 2399 720 γενέσθαι
2425 654 2475 707 οί
2495 668 2509 683 ο
2552 654 2688 724 μηδὲ
2718 655 2827 724 γὰρ
2846 653 2998 724 ἔχειν
3029 654 3278 725 ἀπαντᾷν
3322 656 3457 724 παρ’
3488 654 3715 706 ἐκεῖνον.

2160 743 2497 813 ’Δπήγγελλε
2525 744 2584 799 δὲ
2604 745 2697 801 καὶ
2729 747 2828 815 τὴν
2856 745 3058 813 αἰτίαν,
3079 744 3157 809 ὡς
3184 744 3376 798 ἔλαθον
3406 743 3501 798 ἐπὶ
3521 741 3721 797 τοσοῦ-

2144 849 2238 887 τον
2273 833 2518 906 φρικτῶν
2543 834 2691 906 ἀρῶν
2715 835 2969 898 εὐθύναις
2997 834 3072 898 ὼς
3103 835 3201 888 ούκ
3224 834 3431 901 οῐᾷασιν
3463 832 3720 903 ἐνεχόμε-

2144 941 2247 988 νοι.
2279 927 2374 979 καὶ
2402 925 2477 988 ὠς
2497 926 2831 990 ἀπεναντίας
2853 928 2952 996 τῆς
2979 926 3146 983 πάλαι
3180 926 3531 998 περιστερᾶς,
3561 923 3718 979 λύσιν

2145 1015 2644 1090 εὐαγγελιζομένης
2698 1018 3114 1090 κατακλυσμοῦ,
3174 1018 3336 1089 hercl
3378 1014 3473 1069 τοῦ
3535 1015 3717 1079 κίονος

2142 1108 2325 1179 ἐκείνη
2355 1109 2628 1178 φαίνεται,
2658 1110 2789 1182 παρ’
2818 1113 2944 1165 ὅσον
2975 1110 3075 1163 οὐκ
3106 1110 3384 1178 εὐλογίας,
3415 1107 3553 1161 ἀλλά
3580 1123 3719 1159 κατ-

2143 1198 2283 1272 άρας
2335 1201 2430 1254 καὶ
2459 1201 2786 1273 ἀφορισμῶν
2822 1200 3097 1273 μηνύτρια
3118 1202 3332 1270 γέγονε.
3365 1198 3479 1253 Καὶ
3506 1199 3571 1251 τδ
3596 1197 3715 1266 χείο

2142 1309 2350 1362 ριστον.
2380 1294 2455 1354 ὠς
2481 1292 2605 1347 τότε
2648 1293 2751 1363 μὲν
2780 1294 2806 1346 ὁ
2842 1293 2976 1347 δέων
3017 1292 3363 1363 πατριάρχης
3389 1285 3458 1359 ἦν
3485 1288 3580 1342 καὶ
3614 1287 3715 1356 τὴν

2139 1384 2230 1438 τοῦ
2254 1385 2363 1438 δεῖν
2392 1384 2645 1451 ἐξουσίαν
2669 1386 2763 1439 τοῦ
2792 1385 3107 1456 πνεύματος
3136 1384 3321 1454 ἔφερε.
3348 1382 3443 1436 νῦν
3474 1380 3520 1435 δ’
3553 1381 3584 1435 ὁ
3618 1379 3717 1433 καὶ

2140 1476 2270 1537 ἴσως
2323 1476 2471 1528 λύειν
2523 1476 2752 1546 μέλλων,
2801 1479 2851 1531 εί
2877 1476 3016 1541 τέως
3052 1476 3146 1529 καὶ
3174 1474 3314 1537 λύοι.
3346 1472 3717 1544 ἐστερημένος

2138 1566 2237 1636 τῆς
2285 1564 2379 1619 τοῦ
2431 1567 2581 1621 λύειν
2630 1567 2877 1632 ἐξουσίας
2910 1565 3247 1636 εὑρίσκεται.
3283 1565 3397 1617 Καὶ
3418 1560 3508 1616 διά
3537 1559 3716 1615 ταῦτα

2137 1656 2212 1720 ὡς
2247 1656 2446 1726 πολλῆς
2476 1658 2575 1727 τῆς
2610 1656 2897 1721 δυσκολίας
2928 1657 3098 1727 οὔσης
3135 1656 3245 1726 χρὴ
3275 1655 3499 1723 κοπιᾷν,
3530 1651 3711 1719 ἔλεγε,

471 1744 802 1808 πτύσσοντες
847 1748 1259 1818 κατεμάνθανον
1309 1748 1337 1801 ὃ
1388 1765 1441 1801 τι
1493 1744 1700 1819 ποτ’ἦν
1754 1748 2037 1808 ἐκεῖνο,ἐν
2071 1806 2109 1821 _
2140 1750 2239 1803 καὶ
2274 1748 2670 1820 συμϐουλεύειν
2723 1748 2784 1803 τὸ
2840 1749 3115 1821 ποιητέον,
3149 1748 3224 1812 ὡς
3277 1745 3717 1817 ἐμϐραδύνουσιν

470 1834 708 1904 θαύματι
739 1806 815 1899 ὡής
849 1806 998 1902 SMC.
1019 1835 1159 1910 ἦσαν
1181 1839 1276 1893 καὶ
1314 1839 1606 1909 διηπόρουν
1642 1806 1669 1892 έ
1698 1857 1749 1892 τι
1786 1838 1876 1892 καὶ
1908 1806 2034 1908 δρᾶ·
2070 1806 2111 1861 Β
2140 1841 2268 1904 ῐσως
2300 1806 2376 1911 μέ)
2409 1840 2591 1908 σφίσιν
2623 1840 2907 1895 ἀκίνδυνον
2928 1806 3007 1895 δν.
3038 1806 3222 1893 Ταῦτα
3262 1806 3521 1908 βασιλεὺς
3540 1836 3716 1890 ἀκού-

470 1946 645 1983 σαυσι.
668 1929 816 1993 Τέως
839 1929 886 1983 δ’
912 1931 1281 1999 ἀπαγγέλλειν
1309 1931 1406 2000 μὲν
1438 1934 1639 2001 πατριὰ
1650 1948 1775 2001 ρχῃ,
1797 1929 1879 2000 [Ρ.
1908 1926 2031 1999 170]

467 2019 793 2089 ἃγχειρίζειν
818 2021 875 2074 δὲ
902 2021 997 2074 καὶ
1018 2023 1226 2093 χάρτας
1245 2023 1338 2075 καὶ
1371 2022 1614 2093 ὄστρακα
1646 2021 1914 2089 ἔγνωσαν.
1947 2020 2032 2083 Ὠς

467 2108 597 2179 γοῦν
623 2112 702 2174 είς
724 2115 911 2184 χεῖρας
945 2115 973 2165 ὁ
1002 2115 1349 2183 πατριάρχης
1401 2109 1514 2181 εἶχε
1565 2113 1658 2166 καὶ
1701 2109 1946 2165 κατενόει
1975 2110 2036 2162 τὸ

466 2199 669 2270 δρᾶμα.
712 2202 1151 2271 προσαναφέρειν
1211 2201 1352 2270 ἔγνω
1401 2202 1468 2255 τὰ
1516 2202 1644 2272 περὶ
1694 2200 1886 2253 τούτου
1940 2198 2035 2253 καὶ

467 2290 700 2361 βασιλεῖ,
757 2292 840 2346 ὅτι
870 2294 962 2347 καὶ
1008 2293 1203 2346 οὐδένα
1238 2292 1397 2347 ἄλλον
1438 2292 1470 2362 ἦ
1504 2290 1665 2346 αὐτὸν
1696 2290 1913 2347 ὑπενόει
1942 2290 2033 2344 τὸν

468 2467 817 2522 vehementer
856 2468 1083 2538 agitavit
1131 2466 1377 2524 animum
1432 2465 1660 2529 Joannis
1713 2470 2035 2541 patriarcha:

465 2561 753 2616 occasione
804 2577 964 2631 quam
1025 2562 1113 2617 hic
1167 2563 1423 2619 referam.
1480 2561 1708 2630 Quidam
1752 2578 1783 2618 e
1827 2564 2034 2619 familia

465 2655 616 2710 illius
642 2655 1036 2723 adolescentes,
1068 2655 1371 2727 Septembri
1407 2671 1614 2720 mense,
1642 2656 1911 2726 pullorum
1942 2669 2035 2711 co-

463 2748 832 2804 lumbinorum
895 2749 948 2803 in
1032 2749 1175 2803 nidis
1246 2749 1638 2820 capiendorum
1698 2747 2033 2816 cupiditate,

462 2850 627 2909 prout
658 2840 747 2895 illa
808 2842 908 2895 fert
938 2851 1092 2908 aetas,
1124 2841 1366 2896 inStincti
1417 2840 1838 2899 catechumenea
1876 2854 2035 2896 scru-

459 2936 739 3001 tabantur,
770 2934 949 2989 locum
1005 2935 1059 2989 in
1092 2934 1277 3003 templi
1335 2932 1515 3002 magni
1567 2940 1719 3005 parte
1754 2933 2037 3003 superiore

461 3026 529 3079 ad
558 3028 743 3079 laevam
794 3023 1241 3092 ingredientibus,
1282 3025 1433 3079 cavis
1462 3040 1559 3093 per
1599 3039 1784 3081 muros
1832 3024 2031 3094 passim

2138 1949 2235 1996 σας
2264 1931 2593 2003 διευλαϐηθη
2618 1932 2754 1995 τέως
2784 1933 2883 2002 τὴν
2914 1931 3112 2001 πρᾶξιν
3148 1931 3241 1984 καὶ
3271 1929 3409 2000 πρὸς
3431 1930 3522 1980 τὸν
3552 1927 3715 1995 λόγον

2136 2023 2463 2095 ἐθορυϐήθη,
2494 2024 2590 2077 καὶ
2616 2024 2691 2085 ὡς
2718 2019 2865 2092 εἶχεν
2896 2022 3100 2084 εὐθέως
3133 2021 3284 2092 παρὰ
3310 2022 3404 2074 τὸν
3435 2019 3717 2088 πατριάρ-

2135 2132 2239 2187 χην
2264 2116 2495 2183 γίνεται.
2534 2116 2621 2179 Ὡς
2641 2116 2697 2169 δὲ
2727 2114 2797 2168 τά
2819 2115 3125 2185 γράμματα
3152 2109 3283 2179 εἶδε,
3314 2112 3410 2166 καὶ
3429 2112 3567 2165 ὅπου
3596 2109 3716 2163 κεί-

2139 2222 2279 2275 μενα
2308 2207 2403 2261 καὶ
2436 2206 2586 2270 ὅπως
2630 2206 2937 2277 εὑρέθησαν
2991 2205 3246 2259 πέπυστο
3267 2245 3282 2268 ,
3325 2207 3385 2256 ἐν
3416 2204 3610 2274 ἀπόρῳ
3643 2199 3717 2272 ἦν

2135 2294 2229 2350 καὶ
2259 2298 2319 2348 τὸ
2354 2297 2605 2368 ποιητέον
2625 2297 2887 2350 ἐσκόπειο
2922 2294 2983 2351 τὸ
3014 2294 3122 2365 γὰρ
3158 2293 3509 2364 πατριάρχην
3553 2293 3715 2348 Ἀθαο

2136 2471 2258 2528 dem
2306 2472 2661 2545 insuperabili
2698 2471 2987 2528 obstaculo
3026 2470 3433 2541 prohiberetur.
3481 2471 3716 2529 haberet

2136 2575 2318 2622 autem
2372 2581 2492 2633 quas
2542 2580 2664 2619 cum
2705 2564 2825 2633 ejus
2862 2563 3146 2634 majestate
3203 2579 3386 2641 coram
3434 2573 3488 2621 et
3522 2566 3713 2620 statim

2136 2659 2358 2713 tractari
2386 2665 2682 2728 oporteret,
2711 2672 2903 2727 nempe
2935 2662 2994 2711 ut
3025 2658 3430 2727 quamprimum
3460 2672 3717 2711 commu-

2136 2752 2279 2805 niter
2312 2751 2558 2805 viderent
2591 2764 2698 2819 quo
2732 2764 2791 2805 se
2824 2759 3048 2820 possent
3079 2757 3235 2817 pacto
3261 2748 3520 2819 expedire
3572 2749 3714 2807 diris

2137 2844 2375 2900 vinculis
2417 2843 2820 2907 horrendorum
2872 2843 3306 2907 anathematum,
3361 2842 3567 2912 quibus
3620 2841 3718 2896 hac

2138 2949 2336 2993 ctenus
2388 2937 2737 3007 ignorassent
2770 2949 2830 2997 se
2858 2938 3032 2991 teneri
3062 2934 3413 2993 constrictos.
3451 2931 3717 2993 Declara—

2139 3039 2250 3086 tum
2291 3038 2470 3091 autem
2505 3028 2606 3083 hoc
2641 3042 2788 3087 nunc
2836 3026 2971 3098 ipsis
3019 3026 3223 3080 indicio
3263 3025 3555 3087 columbas.
3590 3040 3717 3095 ane

460 3116 742 3170 hiantibus
778 3124 1083 3184 pertusum.
1113 3130 1283 3185 eoque
1331 3131 1455 3171 cum
1493 3116 1724 3172 istarum
1777 3114 2025 3170 nidiﬁcia
2053 3129 2100 3191 c
2132 3124 2289 3193 longe
2321 3123 2536 3176 diverso
2568 3135 2597 3175 a
2630 3120 2800 3177 sacris
2839 3118 3112 3177 celebrata
3145 3117 3368 3175 Litteris
3397 3118 3593 3173 nuntia
3633 3118 3718 3172 dt-

459 3210 743 3261 volucrum
806 3216 918 3261 tum
978 3207 1186 3263 ludicro
1239 3208 1474 3277 aucupio
1507 3206 1814 3261 vacantium
1865 3222 2029 3276 opere

462 3300 758 3371 urgentiori
795 3316 1088 3370 puerorum
1115 3310 1503 3371 opportunum,
1538 3302 1738 3371 quippe
1764 3300 1882 3376 ubi,
1911 3300 2030 3357 sine

461 3393 727 3451 lacinioso
764 3402 1028 3463 apparatu
1064 3395 1364 3449 venatorius
1416 3392 1794 3463 supellectilis,
1829 3393 2026 3447 retium

461 3495 555 3539 aut
608 3486 939 3540 calamorum
970 3486 1123 3542 visco
1170 3486 1513 3557 pet-litorum,
1563 3501 1727 3540 manu
1778 3486 2030 3542 cominus

458 3580 603 3632 nuda
638 3578 978 3634 columbulos
1010 3578 1191 3633 adhuc
1228 3579 1517 3647 implumes
1549 3579 1603 3632 in
1634 3578 1831 3633 nativis
1879 3579 2027 3631 cubi.

457 3671 605 3725 libus
638 3670 1057 3741 prehenderent.
1084 3670 1220 3725 Dum
1250 3671 1379 3728 huic
1411 3670 1686 3725 inhianter
1721 3670 1905 3725 studio
1949 3670 2032 3724 in-

459 3765 592 3818 tenti
622 3773 817 3819 cuncta
850 3764 959 3818 illic
991 3762 1267 3823 foramina
1302 3763 1591 3826 rimantur,
1627 3776 1771 3816 unus
1796 3777 1859 3815 ex
1894 3760 2030 3830 ipsis

458 3856 750 3911 observato
789 3869 955 3926 supra
1007 3852 1316 3908 columnam
1374 3852 1623 3909 altiorem
1676 3868 1832 3921 cavo,
1868 3854 2031 3909 scalis

458 3950 592 4005 illuc
633 3950 866 4004 admotis
919 3954 1141 4019 evectus
1197 3948 1379 4015 pullos
1406 3946 1650 4017 quidem,
1693 3956 1751 4001 ut
1786 3948 2026 4012 volebat,

457 4044 659 4114 reperit
681 4050 735 4097 et
763 4042 905 4112 cepit
935 4060 949 4096 :
981 4041 1078 4097 sed
1122 4040 1263 4095 idem
1308 4039 1535 4095 ulterius
1567 4055 1785 4112 quoque
1808 4041 2032 4112 conspi-

456 4144 614 4192 catus
670 4132 1042 4205 nescio‘quid
1100 4132 1301 4187 ibidem
1354 4132 1680 4200 profundius
1726 4142 2028 4201 repostum,

456 4242 623 4282 manu
653 4226 876 4285 attraxit
915 4239 1044 4280 vasa
1078 4225 1189 4281 duo
1232 4231 1400 4280 testea
1446 4223 1739 4278 commissa
1774 4223 2028 4278 invicem.

458 4315 594 4369 Tum
620 4315 941 4373 curiositate
969 4315 1161 4386 puerili
1194 4314 1324 4384 quid
1365 4314 1474 4367 illic
1510 4316 1707 4369 lateret
1746 4320 2024 4379 scrutans,

456 4408 675 4465 chartas
718 4417 962 4477 repertas
991 4413 1044 4461 et
1103 4406 1220 4475 ipse
1270 4405 1396 4474 legit
1448 4414 1503 4460 et
1546 4404 1713 4459 sociis
1764 4403 2026 4458 ostendit.

456 4501 627 4554 Erant
649 4515 726 4557 ea:
761 4514 897 4571 quas
927 4497 1171 4555 diximus
1203 4498 1291 4552 tali
1328 4497 1450 4551 loco
1495 4497 1564 4551 ab
1605 4494 1905 4551 Athanasio
1931 4495 2026 4549 ab-
2058 4480 2104 4536 υ

456 4591 785 4648 dicationem
816 4591 1218 4662 patriarcbatus
1242 4591 1535 4649 meditante
1556 4590 1872 4654 abstrusas;
1906 4587 2032 4658 qui-

456 4684 559 4740 bus
591 4684 756 4740 simul
780 4700 901 4754 qute
938 4684 1147 4740 inarata
1180 4683 1397 4740 fuerant
1433 4684 1679 4739 dirarum
1714 4672 2034 4739 anathema-

454 4783 687 4844 tumque
724 4774 982 4830 terricula
1014 4789 1123 4830 non
1166 4774 1285 4829 sine
1332 4773 1563 4828 horrore
1602 4771 1836 4843 quodam
1878 4770 2032 4839 pueri

456 4866 735 4931 viderunt,
778 4866 1098 4922 dubitantes
1147 4865 1282 4937 quid
1324 4865 1392 4921 iis
1422 4864 1686 4926 facerent.
1714 4863 1877 4935 350
1908 4872 2033 4935 post

456 4957 696 5028 aliquam
726 4956 1178 5011 deliberationem
1215 4965 1616 5017 consenserunt
1649 4955 1945 5011 deferenda
1975 4964 2032 5011 ut

456 5056 613 5105 erant
640 5049 705 5103 ad
742 5050 1107 5119 patriarcham
1142 5061 1365 5103 cuncta.
1396 5047 1624 5117 Moxque
1658 5063 1713 5103 re
1738 5047 1834 5104 illi.
1870 5055 2033 5117 prout

458 5142 788 5213 contigerat,
848 5151 1091 5206 narrata,
1142 5140 1333 5195 lit-tilia
1369 5154 1494 5195 cum
1544 5137 1773 5192 inclusis
1826 5138 2035 5193 chartis

460 5236 798 5291 obtulerunt.
836 5232 933 5293 His
979 5233 1291 5304 patriarcha
1348 5231 1403 5287 in
1448 5246 1641 5284 manus
1685 5230 1919 5299 sumptis
1955 5240 2036 5283 at-

461 5333 717 5395 tenteque
766 5326 1043 5391 periei-tis,
1100 5322 1258 5391 plane
1303 5320 1633 5375 intellectam
1693 5334 1803 5373 rem
1864 5328 2032 5374 tutam

456 5416 660 5471 referre
709 5416 777 5470 ad
827 5417 1213 5485 imperatorem
1274 5413 1488 5478 statuit,
1514 5414 1566 5464 in
1600 5428 1760 5482 quem
1813 5410 2034 5482 ιοιίεεί-

457 5522 605 5560 mum
633 5507 838 5561 intenta
888 5505 1202 5573 intortaque
1234 5505 1321 5559 illa
1359 5504 1815 5585 itn’precatiunum
1850 5503 2028 5557 horri-

462 5600 651 5654 bilium
699 5598 925 5652 fulmina
963 5597 1333 5663 existimabat.
1391 5595 1557 5651 Misso
1589 5597 1755 5665 igitur
1803 5596 1869 5650 ad
1904 5611 2029 5650 eum

461 5707 563 5747 suo
586 5691 758 5747 fratre
785 5690 1079 5755 Methodio,
1126 5690 1335 5758 rogavit
1386 5704 1453 5743 ne
1497 5700 1819 5760 gravaretur
1846 5689 2031 5744 venire

462 5789 528 5841 a.l
559 5802 639 5851 se,
678 5787 937 5857 quoniam
971 5787 1084 5857 ipse
1111 5786 1174 5839 a:l
1212 5786 1469 5856 palatium
1495 5784 1714 5841 tendere
1749 5794 1879 5839 tunc
1912 5785 2034 5855 qni—

2134 3215 2263 3271 Iuvii
2294 3212 2567 3271 cessantis
2596 3212 2849 3282 augurio,
2884 3227 2992 3273 non
3043 3224 3227 3281 pacem
3276 3224 3341 3264 ac
3372 3209 3717 3265 benedictio-

2133 3323 2256 3363 nem
2309 3315 2367 3361 ut
2397 3305 2512 3369 illa,
2545 3303 2639 3359 sed
2688 3303 2996 3374 piaculares
3030 3300 3208 3359 nodos
3260 3301 3593 3363 terribilium
3623 3318 3719 3358 ex-

2132 3396 2702 3453 communicationum
2737 3410 2769 3451 e
2800 3395 3072 3452 columnae
3098 3393 3321 3463 fastigio
3347 3394 3605 3451 eminens
3624 3396 3719 3451 de-

2130 3489 2429 3552 nuntiaret,
2465 3499 2630 3558 atque
2677 3486 2752 3541 ita
2779 3485 3000 3558 quidem
3028 3486 3195 3559 (quod
3226 3488 3346 3545 erat
3395 3486 3719 3555 pessimum)

2133 3589 2194 3635 ut
2234 3580 2396 3636 simul
2438 3579 2664 3637 doceret
2720 3593 2844 3632 eum
2891 3577 2986 3645 qui
3033 3576 3257 3653 laqueos
3310 3577 3446 3634 istos
3498 3585 3719 3635 atroces

2133 3680 2397 3727 nexuerat
2432 3680 2488 3726 et
2548 3670 2881 3736 intenderat,
2917 3678 3051 3724 tunc
3107 3684 3231 3722 cum
3287 3668 3343 3731 id
3390 3669 3501 3738 egit
3541 3668 3720 3724 fuisse

2136 3761 2531 3833 patriarcham,
2575 3760 2681 3816 hoc
2710 3768 2795 3815 est
2834 3759 3059 3814 minime
3100 3758 3323 3817 dubiam
3360 3759 3568 3828 ligandi
3624 3759 3721 3814 lia-

2134 3855 2322 3910 bnisse
2352 3861 2674 3924 pctestatem
2710 3869 2723 3906 :
2756 3867 2907 3907 nunc
2949 3860 3130 3907 autem
3185 3851 3455 3929 privatum
3490 3851 3718 3919 degere,

2131 3958 2235 3999 nec
2287 3943 2492 3998 clavem
2526 3942 2761 4013 amplius
2796 3956 2978 3998 tenere
3030 3958 3135 4014 qua
3194 3942 3371 4013 possit
3424 3956 3717 3998 carcerem

2133 4036 2370 4106 pandere
2407 4035 2462 4090 in
2493 4052 2654 4106 quem
2692 4037 2843 4107 ipsos
2894 4046 3051 4092 antea
3084 4036 3369 4106 coniectos
3402 4035 3718 4091 incluserit.

2130 4129 2263 4196 Quae
2311 4144 2434 4189 cum
2487 4128 2562 4183 ita
2603 4127 2736 4194 sint,
2770 4128 2882 4182 acri
2935 4143 3075 4201 opus
3122 4142 3248 4187 esse
3294 4127 3718 4194 deliberatione,

2132 4236 2253 4293 quae
2280 4221 2398 4277 vias
2436 4230 2651 4277 mature
2692 4220 2987 4292 investiget
3055 4218 3394 4277 extricaudae
3431 4219 3719 4289 perplexi-

2132 4314 2229 4368 tati
2260 4314 2561 4370 ‘letbalium
2607 4320 2662 4369 et
2706 4310 2899 4367 fauces
2956 4310 3347 4380 stringtmtium
3411 4312 3717 4375 nodorum.

2133 4420 2366 4476 quorum
2403 4403 2653 4460 cassibus
2691 4403 2896 4459 haerere
2932 4402 3231 4471 implicitus
3263 4418 3329 4459 ne
3356 4402 3423 4457 ad
3465 4418 3719 4458 momen-

2132 4510 2244 4553 tum
2280 4497 2499 4567 quidem
2536 4496 2810 4552 sustineat
2848 4492 2942 4564 qui
2975 4493 3298 4564 gravitatem
3345 4493 3578 4562 periculi
3631 4508 3721 4548 ur-

2134 4589 2313 4660 gentis
2345 4597 2436 4641 ant
2468 4586 2652 4657 potius
2694 4585 2981 4657 praesentis
3006 4584 3158 4640 exitii
3191 4585 3490 4654 perniciem
3518 4600 3589 4640 ea
3623 4600 3720 4641 es-

2134 4682 2332 4753 pendat
2368 4680 2686 4736 christiana:
2713 4678 3019 4750 prudentia:
3051 4678 3277 4743 trutina,
3310 4693 3416 4748 qua
3473 4679 3721 4749 quisque

2135 4773 2449 4845 pra‘babere
2473 4770 2806 4841 quibuslibet
2837 4771 3001 4825 rebus
3050 4770 3243 4825 debeat
3273 4778 3476 4825 statum
3511 4770 3723 4825 animae

2134 4878 2197 4920 ac
2223 4863 2417 4918 salutis
2449 4872 2668 4917 aeterna:
2715 4862 2978 4916 rationes.
3015 4858 3112 4915 His
3156 4860 3460 4930 imperator
3508 4860 3721 4916 auditis

2135 4956 2275 5009 haud
2300 4972 2489 5025 parum
2523 4955 2883 5010 conturbatus
2927 4950 2995 5008 ad
3025 4951 3399 5022 patriarcham
3446 4953 3717 5020 accurrit,

2135 5049 2293 5121 251
2334 5048 2598 5119 lectisque
2633 5048 2851 5113 libellis,
2882 5055 2936 5102 et
2984 5046 3075 5100 ubi
3110 5059 3290 5114 quove
3336 5060 3468 5101 casu
3508 5044 3718 5114 reperti

2139 5143 2371 5199 fuissent
2398 5143 2640 5215 cognito,
2670 5138 3198 5212 disquirebatanxio
3226 5136 3551 5205 incertoque
3581 5151 3722 5189 con.

2136 5232 2241 5285 silii
2279 5236 2462 5287 animo
2496 5250 2657 5302 quem
2699 5233 2865 5289 iniret
2906 5232 3129 5287 modum
3156 5230 3245 5286 his
3276 5242 3402 5286 sese
3436 5227 3720 5298 angustiis

2136 5327 2469 5395 explicandi.
2518 5325 2651 5381 Nam
2711 5339 2997 5381 recurrere
3043 5324 3109 5379 ad
3165 5321 3612 5394 espatriarcham
3667 5330 3725 5373 et

2137 5432 2351 5477 merum
2387 5433 2532 5471 nunc
2569 5417 2899 5475 monachum
2936 5415 3324 5475 Athanasium,
3364 5421 3424 5465 ut
3471 5412 3720 5467 solveret

2138 5510 2281 5579 quod
2316 5510 2428 5579 ipse
2462 5508 2591 5564 dum
2626 5519 2770 5565 esset
2815 5509 2871 5564 in
2904 5510 3174 5580 dignitate
3207 5506 3538 5563 nodaverat.
3574 5518 3721 5573 pra-

2139 5609 2221 5657 ter
2260 5611 2510 5655 czeteram
2550 5599 3130 5669 intenipcstivitatem,
3173 5598 3340 5654 etiam
3388 5595 3591 5651 inutile
3625 5609 3722 5646 va-

2137 5705 2378 5758 numque
2411 5689 2720 5753 videbatur,
2752 5689 3045 5747 deficiente
3079 5690 3192 5760 jam
3230 5689 3284 5743 in
3320 5688 3440 5757 ipso
3467 5685 3533 5741 ad
3561 5682 3718 5745 istud

2138 5788 2427 5851 potestate.
2470 5779 2788 5836 Accersitus
2828 5796 2959 5851 ergo
3007 5780 3168 5853 jussu
3211 5777 3446 5850 Augusti
3509 5776 3717 5846 raptim
