3922 6576
176 380 266 446 277
994 387 1093 448 DE
1135 387 1575 458 ANDRONICO
1611 395 2079 462 PALEOLOGO
2098 396 2243 460 LIB.
2286 397 2404 459 III.
3259 384 3367 446 373

175 499 337 548 νάσιον
371 496 553 550 δέοντα
585 497 764 567 ἀξιοῦν
819 500 1208 557 ίδιωτεύσαντα
1235 505 1388 568 ,λύειν
1417 505 1516 577 οὐχ
1554 507 1704 579 εΰρι-
1731 510 1779 568 Α
1801 509 1894 565 τὸν
1927 512 2135 568 ἐκεῖνον
2187 512 2623 581 καταγινώσκειν
2683 509 2785 579 τῆς
2851 501 3126 576 πράξεως.
3180 492 3292 560 Ἧς
3325 497 3388 564 δὴ

175 602 285 639 σκον
318 586 600 661 αὔταρκες.
635 590 796 644 Ὅθεν
826 594 920 646 καὶ
945 593 1263 666 συνέρχεται
1301 595 1399 666 μὲν
1431 596 1614 666 σφίσιν
1643 599 1709 651 ὲκ
1813 604 2291 676 καταγνωσθείσης
2324 604 2414 677 [Ρ.
2444 602 2566 674 171]
2599 599 2693 655 καὶ
2721 598 2851 668 παρ’
2882 595 3373 662 ἐκείνου,προκατ·

173 677 464 749 προπαγῆς
516 680 546 731 δ
615 681 1042 754 Ἀλεξανδρείας,
1087 688 1410 756 συνέρχεται
1440 688 1498 742 δὲ
1530 687 1560 740 ὃ
1611 688 1713 759 τῆς
1811 695 2156 764 εγνωσμένον
2203 695 2422 758 πάντως
2446 696 2537 748 καὶ⁵
2554 694 2666 754 τοῖς
2683 685 3126 762 τῆςἘκκλησίας
3146 679 3361 744 κανόσι,

181 767 381 834 Ἐφέσου
429 770 698 843 Ἰωάννης.
765 774 942 840 οὕτως
975 777 1160 849 ἀργῶς
1212 779 1312 849 τῆς
1347 780 1514 850 τιμῆς
1545 778 1709 850 ἔχων,
1815 784 1889 856 μη
1913 785 2069 838 λύσιν
2097 787 2263 858 ἄλλην
2288 787 2502 857 ζητεῖνο
2531 785 2599 840 τὰ
2624 783 2734 854 γὰρ
2762 780 2989 842 δικαίως
3017 777 3114 832 καὶ⁸
3136 775 3240 830 ὑπὸ
3273 791 3372 828 κα-

172 865 383 931 συνῆσαν
417 863 473 916 δὲ
505 865 740 919 καὶτῶν
794 866 1098 936 ἀρχιερέων
1150 870 1198 922 οἱ
1249 870 1708 940 παρευρεθέντες,

171 956 250 1007 καὶ
280 957 423 1024 κοινῇ
479 955 667 1026 σκέψει
702 957 762 1010 τδ
800 959 1034 1029 πρᾶγμα
1080 959 1346 1013 ἐδίδοσαν.
1373 961 1586 1023 Κοινῶς
1617 960 1711 1014 οὖν

171 1046 508 1114 κατεστύγουν
528 1047 789 1114 ἅπαντες,
809 1050 906 1103 καὶ
928 1053 1026 1121 τῆς
1044 1049 1296 1120 πράξεως
1316 1051 1409 1105 τὸν
1429 1051 1711 1122 πράξαντα

172 1136 219 1188 ἐν
239 1137 293 1188 οὗ
325 1137 514 1201 καλαῖς
557 1140 836 1203 ὑπονοίαις
866 1136 1001 1212 ἦγον
1025 1157 1039 1173 ·
1088 1142 1148 1194 ού
1181 1142 1290 1211 γὰρ
1324 1143 1452 1196 ἄλλο
1485 1160 1562 1206 τι,
1595 1141 1711 1196 ἀλλ’

172 1227 323 1298 ἐαυτῷ
371 1231 463 1282 καὶ
519 1231 684 1286 πάλιν
736 1235 1040 1302 περιποιεῖν
1086 1233 1186 1305 τὴν
1235 1234 1420 1305 τιμὴν,
1451 1233 1710 1302 ἀφύκτως

171 1319 288 1372 οὕτω
319 1323 406 1373 καὶ
435 1322 610 1375 ταῦτα
655 1321 715 1377 δν
764 1325 865 1376 οὐκ
897 1325 1064 1394 ἐχρῆν
1113 1325 1440 1394 δεσμοῦντα.
1472 1326 1620 1385 Τέως
1649 1341 1711 1394 γε

176 1411 326 1479 μέντοι
355 1414 462 1475 τοῖς
493 1413 596 1482 μὲν
643 1415 820 1468 ἐδόκει
868 1417 1028 1470 αὐτὸν
1084 1415 1270 1480 ἀξιοῦν
1298 1415 1469 1483 λύειν,
1503 1418 1618 1479 τοῖς
1655 1417 1712 1470 δὲ

174 1502 265 1554 ἀλλ’
288 1503 514 1558 ἀδύνατα
547 1508 731 1573 ἀξιοῦν
763 1511 854 1561 καὶ
893 1508 1070 1572 ἄλλως
1121 1509 1396 1580 ἀπᾴδοντα
1442 1511 1712 1578 κατεφαί-

1811 877 1928 930 νόσι
1965 877 2246 947 δεδεμένα,
2299 879 2484 930 ἐκεῖνα
2531 877 2624 930 καὶ
2676 872 2898 929 λύεσθαι
2937 867 3075 925 εἶναι
3109 864 3379 935 ἀνάγκην,

1809 967 1879 1022 τὰ
1909 968 1956 1020 δ’
1981 967 2040 1033 ἐξ
2066 969 2244 1040 ἀρχῆς
2277 969 2629 1022 ἀνυπόστατα
2683 964 2884 1036 μόχθον
2918 960 3175 1032 περιττὸν
3211 958 3386 1019 ἄλλως

1811 1054 1948 1112 εἷναι
1975 1059 2068 1111 καὶ
2099 1059 2284 1130 ζητεῖν
2316 1058 2564 1114 λύεσθαι.
2596 1059 2661 1112 Ei
2695 1057 2740 1111 δ’
2766 1054 2882 1120 οὖν,
2913 1053 3027 1107 ἀλλ’
3057 1051 3259 1104 αὐτίκα
3291 1049 3391 1102 καὶ

1814 1150 2160 1221 πατριάρχην
2192 1144 2334 1204 εἶναι
2363 1149 2458 1204 καὶ
2489 1148 2705 1202 σύνοδον
2730 1147 2808 1208 εἰς
2831 1144 2985 1198 λύσιν
3014 1145 3114 1214 τὴν
3139 1142 3247 1195 ἀπὸ
3274 1139 3385 1193 τῶν

1812 1242 2054 1295 κανόνων
2085 1242 2304 1297 δικαίαν
2342 1241 2714 1308 ἀξιοπίστους.
2771 1237 2947 1293 Αὐτὸν
2976 1236 3033 1289 δὲ
3061 1235 3155 1288 καὶ
3186 1233 3392 1303 μᾶλλον

1813 1331 1906 1384 ὑπ’
1945 1332 2128 1397 αἰτίας
2177 1332 2391 1396 δικαίας
2422 1331 2660 1402 ἀχθέντα
2705 1327 3009 1388 κανονικῶς
3037 1322 3392 1378 εὐθύνεσθαι.

1811 1422 1884 1474 Τὸ
1906 1424 2012 1491 γὰρ
2046 1423 2239 1476 ἑαυτὸν
2264 1423 2517 1492 συνιστᾷν
2548 1417 2921 1502 ύπονοῃθέντα
2954 1416 3022 1468 τά
3047 1414 3298 1484 χείριστα
3332 1413 3392 1464 ὲν

1811 1512 1993 1582 ὅρκοις
2016 1530 2074 1565 τε
2103 1511 2196 1565 καὶ
2226 1514 2385 1582 ἀραῖς
2410 1514 2527 1575 ταῖς
2548 1510 2668 1564 καθ’
2687 1507 2880 1574 αὑτοῦ,
2896 1508 3016 1559 τίνα
3043 1505 3198 1571 λόγον
3223 1503 3392 1571 ἔχειν,

174 1612 290 1660 vero,
317 1597 470 1666 εἴπερ
501 1598 721 1668 ἰδιώτης
745 1600 820 1652 ὢν
843 1599 936 1653 καὶ
963 1599 1064 1670 τῆς
1108 1601 1384 1670 ίερατείας
1418 1618 1711 1672 γεγυμνω-
1812 1602 1968 1672 είπερ
2014 1604 2107 1656 καὶ
2129 1603 2276 1656 τοῦθ’
2303 1603 2486 1657 ἱκανὸν
2507 1603 2584 1666 εἰς
2612 1599 2824 1654 τελείαν
2853 1599 2960 1652 τῶν
3003 1596 3167 1663 ὲγκλη
3205 1594 3392 1662 μάτων

178 1686 308 1753 μένος
330 1687 496 1741 ἄλυτα
531 1689 688 1742 λύοι·
721 1689 816 1742 τοῦ
851 1691 962 1761 γάρ
995 1684 1138 1743 εἶναι
1165 1694 1259 1744 καὶ
1287 1691 1348 1744 τὸ
1382 1691 1606 1761 σκέμμα
1634 1690 1710 1762 τῷ
1813 1693 2132 1764 ἀποφυγήν;
2170 1695 2284 1747 Οὐκ
2309 1693 2532 1764 ὀμνύειν
2561 1692 2689 1762 γὰρ,
2716 1690 2829 1744 ἀλλ’
2863 1687 3259 1760 ἀποτρίϐεσθαι
3294 1684 3394 1752 τὴν

175 1779 471 1847 πεπραγότι.
531 1781 634 1834 Διά
684 1781 854 1836 ταῦτα
884 1783 1096 1852 ἑτέροις
1129 1783 1330 1846 ἐδόκει,
1384 1785 1478 1837 καὶ
1512 1784 1712 1854 μᾶλλον
1749 1845 1782 1854 _
1816 1784 2151 1853 κατηγορίαν
2189 1785 2278 1840 διὰ
2310 1784 2520 1838 πιστῶν
2547 1783 2947 1854 παραστάσεων
2969 1780 3208 1848 εὔλογον.
3247 1777 3319 1829 Τὸ
3337 1775 3395 1829 δὲ

173 1845 557 1936 τιίςνάκριϐέσι,
594 1869 737 1939 ’μηδ’
792 1845 1138 1936 ἀξιοῦν-ὅλως
1191 1845 1334 1925 κατά
1369 1845 1543 1938 λύσιν,
1577 1873 1712 1927 ἀλλά
1746 1845 1787 1900 Β
1810 1845 2319 1939 τοὺς-κατειπόντας
2345 1875 2378 1946 ἢ
2402 1876 2529 1937 τοὺς
2557 1845 3042 1944 συναρπασθέντας
3067 1845 3228 1939 ἀραῖς
3260 1869 3396 1920 ὑπο-

175 1959 351 2029 κρίνειν
381 1961 532 2024 ὅπως
569 1963 628 2013 ὲν
660 1963 842 2033 ἀδήλῳ
875 1963 944 2017 τά
975 1963 1179 2035 φρικτὰ
1214 1965 1465 2034 πράξειε,
1497 1967 1593 2020 καὶ
1631 1967 1713 2030 είς
1812 1963 2026 2018 ϐάλλειν
2049 1964 2152 2018 ποῦ
2178 1966 2385 2019 δίκαιον
2402 1965 2493 2018 καὶ
2515 1966 2650 2026 ὅλως
2668 1962 2948 2016 κανονικὸν
2971 1962 3065 2014 καὶ
3085 1960 3193 2013 τῶν
3216 1959 3396 2027 νόμων

174 2047 435 2115 ἀπολογίαν
461 2049 728 2119 καθιστᾷν
766 2050 870 2103 ύπδ
917 2051 1215 2121 Ῥωμαίοις
1244 2053 1410 2105 πᾶσιν
1433 2053 1582 2114 ὅπως
1621 2046 1713 2104 καὶ
1813 2059 1910 2128 τῆς
1948 2057 2306 2128 Ἐκκλησίαςς
2343 2057 2602 2119 Βασιλεὺς
2643 2057 2698 2109 δὲ
2749 2053 3056 2124 σοφώτερόν
3101 2070 3154 2106 τι
3201 2049 3396 2111 ποιῶν,

174 2139 321 2204 ποίοις
364 2143 591 2197 κανόσιν
647 2142 913 2212 ἑπόμενος
965 2143 1290 2215 ἀνθρώπους
1351 2143 1714 2215 Χριστιανοὺς
1814 2148 1890 2211 ὡς
1944 2147 2122 2202 ἐδόκει
2188 2149 2281 2202 καὶ
2336 2148 2424 2202 ἀεὶ
2479 2150 2578 2212 τὰς
2638 2149 2695 2210 ἐς
2758 2147 2984 2217 εἰρήνην
3051 2143 3394 2213 αἱρούμενος,

175 2233 419 2304 ἀφορίσειε
449 2235 626 2306 μηδὲν
648 2236 1038 2305 γινώσκοντας,
1066 2236 1160 2290 καὶ
1188 2235 1334 2291 οὕτω
1367 2235 1597 2308 συνελᾷν
1619 2237 1716 2290 αύ-
1817 2239 2166 2294 συνεϐούλευε
2213 2241 2456 2310 πέμπειν
2508 2239 2603 2293 καὶ
2641 2238 2853 2309 ἐρωτᾷν
2899 2234 3242 2302 Ἀθανάσιον,
3293 2236 3394 2287 καὶ

179 2411 658 2467 estAlexandrinus
683 2413 990 2481 patriarcha
1014 2431 1029 2481 ;
1063 2422 1291 2470 vocatus
1315 2415 1520 2484 pariter
1543 2415 1720 2487 Ephe-

1823 2421 2454 2481 excommunicationum
2528 2420 2687 2483 diris,
2768 2418 3107 2473 clanculario
3174 2416 3385 2486 scripto

177 2502 305 2556 sinus
332 2500 596 2569 Joannes,
626 2506 754 2559 licet
781 2505 917 2560 citra
949 2520 1108 2561 usum
1141 2506 1471 2576 pontiﬁcalis
1509 2507 1564 2560 in
1597 2523 1716 2562 eam

179 2591 442 2648 Ecclesiam
473 2597 858 2661 auctoritatis,
887 2596 1045 2652 titulo
1078 2596 1346 2652 duntaxat
1377 2608 1536 2654 tenus
1571 2607 1717 2655 esset

182 2686 466 2756 episcopus.
501 2687 706 2742 ϐαδιεῖ-ἰ
740 2703 981 2759 quoque,
1016 2697 1286 2760 quotquot
1319 2689 1463 2746 forte
1497 2699 1630 2746 tunc
1664 2691 1720 2746 in

179 2777 294 2830 urbe
321 2779 736 2846 reperiebantur
766 2781 1068 2846 antistites,
1099 2781 1272 2851 rogati
1304 2783 1561 2837 similiter
1584 2799 1720 2838 con-

180 2877 468 2925 currerunt.
498 2869 564 2923 Hi
593 2869 988 2925 deliberatione
1015 2871 1380 2927 communiter
1405 2872 1537 2927 inita
1559 2888 1723 2942 super

180 2963 370 3028 negotio
400 2964 694 3034 proposito
734 2964 972 3032 primum
1007 2980 1204 3034 magno
1235 2979 1508 3020 consensu
1569 2966 1722 3020 dete-

176 3052 432 3108 stabantur
461 3053 696 3119 factum,
737 3063 790 3110 et
828 3054 956 3110 l‘acti
988 3065 1271 3111 auctorem
1302 3057 1540 3128 graviter
1568 3057 1723 3110 incu-

1820 2514 2156 2572 tentaverit?
2180 2513 2399 2569 Auditis
2430 2511 2625 2567 deinde
2652 2526 2772 2582 quae
2803 2511 2891 2564 ille
2936 2509 3307 2578 respondebit,
3341 2515 3397 2561 et

1821 2607 1964 2679 quod
1993 2607 2226 2674 allegare
2251 2604 2386 2659 nihil
2411 2604 2514 2659 nisi
2544 2601 2796 2658 frivolum
2825 2603 3044 2671 poterit,
3075 2599 3236 2655 facile
3269 2613 3394 2652 mox

1823 2698 2133 2767 redargutis
2163 2711 2228 2752 ac
2251 2697 2544 2762 convictis,
2577 2697 2684 2750 rite
2711 2695 2891 2764 ipsum
2913 2690 3391 2748 condemnandum

1823 2788 1892 2842 ad
1931 2787 2214 2843 fatendum
2254 2788 2308 2842 in
2345 2785 2565 2854 publico
2604 2793 2875 2838 conventu
2913 2783 3281 2836 Romanorum
3329 2795 3390 2836 se

1823 2895 2108 2951 perperam
2155 2886 2210 2933 et
2254 2879 2397 2932 ultra
2434 2891 2596 2948 quam
2660 2876 2934 2930 debuerat
2977 2881 3071 2928 aut
3121 2881 3395 2944 potuerat,

1825 2971 1955 3026 dum
1989 2971 2082 3025 illa
2126 2969 2412 3034 scriberet,
2468 2967 2672 3038 egisse.
2707 2965 2849 3020 Hinc
2889 2979 3081 3020 omnes
3105 2978 3203 3033 pro
3236 2963 3399 3032 plane

1825 3061 2134 3117 frustraneo
2162 3070 2216 3117 et
2237 3061 2442 3116 nullius
2475 3059 2691 3114 roboris
2722 3058 3000 3113 habebunt
3031 3056 3083 3110 id
3105 3055 3247 3127 quod
3283 3056 3400 3126 ipse

178 3145 370 3208 sabant,
419 3147 581 3202 make
633 3147 832 3203 mentis
877 3148 1150 3202 exstantia
1206 3147 1276 3202 iis
1324 3147 1638 3203 scribendis
1669 3155 1793 3242 etc
1827 3155 1918 3226 qui
1971 3154 2121 3219 fecit,
2174 3168 2233 3209 se
2281 3162 2472 3231 contra
2513 3151 2631 3218 las,
2675 3151 2794 3207 sine
2835 3148 3074 3220 legitima
3128 3157 3399 3218 potestate

179 3236 559 3293 abscondendis
594 3238 802 3292 chartis
824 3237 1030 3292 indicia
1059 3238 1345 3294 trahentes
1375 3239 1441 3293 ad
1471 3235 1631 3293 laevas
1654 3239 1722 3294 de

178 3327 281 3398 ipso
321 3331 694 3400 suspiciones,
727 3330 884 3399 quasi
921 3329 1158 3385 artiﬁcio
1192 3331 1300 3384 isto
1346 3330 1549 3400 ligandi
1602 3332 1725 3402 quas

178 3433 316 3476 nemo
345 3433 548 3491 praeter
577 3423 754 3492 ipsum
789 3432 973 3491 posset
1005 3424 1238 3487 solvere,
1267 3423 1550 3478 ambitioni
1593 3425 1728 3478 veli-

177 3511 344 3569 ﬁcatus
373 3515 638 3585 propriae,
677 3515 1062 3569 necessitatem
1109 3514 1388 3583 imponere
1419 3514 1726 3570 studuisset

180 3608 248 3660 sui
291 3610 613 3665 restituendi
650 3610 704 3664 in
747 3624 872 3664 eum
912 3609 1057 3664 unde
1094 3609 1303 3664 invitus
1351 3611 1728 3666 descendisset

181 3699 427 3756 thronum.
464 3702 632 3758 Circa
661 3701 1035 3758 definitionem
1073 3703 1196 3771 ejus
1231 3705 1373 3770 quod
1405 3702 1549 3758 facto
1581 3713 1727 3760 esset

180 3795 413 3861 optimum
436 3795 539 3849 illo
556 3795 790 3850 articulo
817 3809 1021 3858 rerum,
1041 3795 1262 3863 quidam
1289 3795 1726 3864 defungebautur

181 3887 493 3942 consulendo
559 3896 620 3942 ut
685 3888 1021 3944 Athanasius
1113 3888 1422 3944 libellorum
1491 3890 1729 3958 scriptor

185 3975 420 4042 adiretur,
452 3979 530 4034 ab
558 3993 734 4050 eoque
753 3987 1033 4051 peteretur
1066 3979 1338 4036 absolutio
1369 3994 1727 4035 censurarum

184 4063 230 4120 in
277 4066 338 4124 iis
391 4068 755 4124 inlchtarum.
801 4067 897 4123 llis
949 4068 1039 4122 alii
1081 4069 1458 4140 repugnabant
1501 4075 1728 4123 conten-

181 4157 363 4226 dentes,
404 4169 778 4231 prazterquam
817 4162 1108 4227 absonum,
1166 4162 1332 4216 etiam
1394 4160 1609 4215 irritum
1672 4160 1726 4216 id

182 4248 320 4308 fore:
348 4269 473 4308 nam
514 4261 718 4308 etesse
749 4253 1144 4308 inconveniens
1171 4252 1480 4308 insidiatori
1518 4262 1722 4320 astuto,

182 4354 444 4414 postquam
491 4347 616 4417 ejus
670 4345 828 4401 dolos
875 4345 1322 4415 deprehenderis,
1356 4346 1549 4401 fraude
1581 4362 1730 4417 qua:-

181 4436 322 4492 sitnm
350 4439 497 4492 ultro
534 4439 777 4494 tribuere
819 4452 1176 4504 successum;
1216 4438 1359 4508 quod
1392 4440 1542 4494 ﬂeret
1575 4454 1723 4494 nunc

183 4529 539 4584 conveniendo
566 4529 890 4595 Athanasio,
923 4544 1082 4597 quem
1117 4529 1238 4583 ideo
1270 4529 1406 4583 clam
1437 4531 1727 4600 scripsisse
1760 4529 1803 4583 D
1832 4529 2010 4598 ipsum
2056 4528 2320 4581 canonice
2371 4525 2654 4596 judicandi
2713 4535 2766 4580 et
2828 4527 3003 4595 pinnis
3065 4527 3401 4596 subjiciendi
3485 4548 3491 4557 ι

181 4615 266 4674 hos
307 4621 519 4676 libellos
565 4622 951 4693 intelligimus,
1011 4632 1075 4674 ut
1107 4620 1282 4676 redire
1333 4636 1434 4678 nos
1481 4624 1546 4676 ad
1605 4639 1729 4679 sese

182 4722 399 4778 cogeret.
451 4723 509 4767 et
569 4713 653 4767 vel
705 4713 752 4768 si
801 4718 1069 4766 annueret
1122 4711 1170 4766 is
1217 4713 1363 4782 quod
1416 4721 1725 4782 rogaretur,

183 4798 364 4858 frustra
395 4806 488 4859 ille
529 4811 785 4866 tentaret,
822 4818 923 4858 nos
958 4819 1095 4858 vane
1123 4806 1508 4874 ‘speraremus,
1540 4805 1730 4874 utique

183 4911 287 4951 cum
337 4901 412 4954 sit
467 4899 834 4954 indubitatum
892 4897 1101 4953 homini
1163 4899 1465 4969 pontiﬁcali
1524 4909 1729 4954 nudato

182 4998 455 5057 potestate,
486 4993 714 5063 jamque
744 5007 908 5062 supra
941 4992 1213 5062 privatum
1246 4992 1549 5062 quemlibet
1589 4991 1725 5046 nihil

185 5077 408 5146 habenti,
456 5083 778 5138 facultatem
818 5098 924 5138 non
975 5084 1158 5140 inesse
1187 5085 1570 5139 solvendorum
1596 5098 1732 5138 ana-

185 5169 420 5230 lhematis
446 5190 714 5230 nexuum.
745 5173 974 5245 PrOpter
998 5175 1112 5230 haec
1133 5177 1389 5240 aliorum,
1425 5183 1478 5230 et
1507 5177 1728 5247 quidem

185 5276 353 5321 eorum
388 5265 503 5321 fere
555 5269 646 5337 qui
675 5267 817 5337 juris
851 5269 1104 5324 canonici
1145 5269 1513 5324 consultiores
1576 5276 1732 5338 puta-

185 5352 382 5421 bantur,
428 5358 548 5413 haec
577 5365 696 5412 erat
753 5359 1052 5424 sententia,
1104 5359 1236 5413 nihil
1288 5361 1342 5413 in
1390 5355 1631 5427 praesens
1665 5360 1731 5414 de

187 5443 440 5502 solutione
472 5447 837 5503 anathematis
862 5449 1189 5513 curandum,
1228 5449 1322 5503 sed
1350 5447 1629 5502 citandum
1663 5446 1731 5502 ad

188 5535 408 5591 tribunal
479 5538 736 5594 Ecclesiae
806 5539 1184 5604 Athanasium,
1248 5539 1432 5607 ibique
1499 5538 1567 5592 ab
1637 5539 1731 5592 illo

187 5629 558 5697 exquirendum
603 5631 763 5701 252
801 5646 935 5701 quas
966 5631 1035 5685 ob
1069 5644 1287 5695 causas,
1322 5630 1553 5700 etjuxta
1591 5645 1730 5700 quos

191 5734 431 5789 canones,
470 5725 804 5781 christianos
851 5723 1104 5779 homines
1136 5723 1298 5778 nullis
1334 5722 1496 5778 mlnis
1516 5725 1732 5792 praeviis

191 5807 474 5869 admonitos
506 5824 560 5870 et
601 5812 844 5868 funditus
888 5813 1107 5885 ignaros
1151 5813 1360 5882 illigarc
1395 5813 1732 5868 horribilitcr

1829 3255 2130 3302 attentasse
2167 3244 2456 3301 confessus
2505 3244 2681 3314 palam
2733 3241 2922 3297 fuerit.
2974 3238 3131 3296 Unde
3183 3238 3397 3302 cunctis

1799 3339 2111 3411 .apparebit
2132 3353 2241 3393 non
2268 3353 2388 3393 esse
2417 3352 2556 3408 Opus
2584 3335 2930 3392 absolutione
2955 3333 3085 3400 ulla,
3121 3333 3394 3403 siquidem

1827 3448 1890 3488 ea
1934 3440 2147 3485 tantum
2198 3430 2466 3485 canonica
2497 3428 2770 3484 solutione
2818 3425 3084 3497 indigent,
3143 3441 3263 3494 quae
3296 3425 3400 3479 rite

1827 3537 1892 3576 ac
1917 3521 2183 3576 canonica
2237 3520 2564 3574 auctoritate
2601 3525 2728 3574 sunt
2767 3517 2949 3586 ligata.
3009 3515 3066 3572 Si
3106 3530 3212 3586 qua
3261 3529 3400 3586 prae-

1828 3611 2083 3666 damnata
2136 3610 2440 3665 canonihus
2491 3618 2544 3664 et
2593 3609 2661 3663 ab
2715 3607 2873 3663 initio
2926 3621 3086 3663 cassa
3133 3605 3401 3676 irritaquc

1826 3701 2001 3758 fuisse
2034 3708 2273 3767 constat,
2308 3715 2370 3754 ea
2399 3715 2643 3771 quaerere
2674 3698 3133 3770 quemadmodum
3175 3698 3400 3752 solvan-

1827 3802 1940 3859 tur,
1969 3807 2414 3862 supervacaneus
2445 3793 2518 3847 sit
2556 3792 2728 3846 labor.
2767 3789 2912 3856 Quin
2945 3791 3025 3845 vel
3067 3791 3111 3844 si
3163 3791 3401 3860 tingatur

1828 3885 2130 3956 periculum
2165 3885 2394 3941 subesse
2429 3884 2723 3954 quodpiam
2765 3898 2832 3938 ne
2864 3883 3045 3938 valida
3085 3883 3157 3939 sit
3189 3889 3243 3937 et
3275 3895 3403 3937 vero

1829 3978 1959 4048 liget
1990 3975 2493 4031 cxcommunicatio
2525 3975 2606 4031 sic
2639 3976 2772 4039 lata,
2809 3989 2908 4029 nec
2941 3974 3019 4030 sic
3050 3981 3233 4042 tamen
3260 3987 3399 4044 opus

1828 4068 1994 4124 fuerit
2010 4065 2076 4124 ad
2097 4083 2219 4124 eum
2240 4083 2524 4124 recurrere
2542 4067 2636 4137 qui
2658 4069 2865 4133 tulerit,
2892 4069 3151 4138 quoniam
3177 4068 3401 4138 quando

1828 4162 2139 4230 patriarcha
2179 4171 2372 4217 contra
2426 4175 2664 4217 canones
2717 4168 2929 4230 peccat,
2975 4161 3399 4230 patriarchalem

1829 4255 2094 4308 adversus
2156 4267 2278 4307 eum
2332 4259 2657 4322 potestatem
2719 4251 2961 4323 synodus
3013 4252 3246 4316 obtinet,
3307 4253 3402 4308 cui

1826 4354 2113 4416 propterea
2145 4345 2238 4414 jus
2287 4345 2510 4414 plenum
2544 4343 2807 4414 competit
2847 4352 2962 4397 tum
3001 4344 3319 4399 absolvendi
3366 4359 3400 4399 a

1829 4437 2077 4492 censuris
2097 4449 2301 4491 temere
2334 4436 2482 4491 abeo
2519 4435 2662 4500 latis,
2699 4447 2812 4488 tum
2851 4436 3014 4488 etiam
3040 4435 3191 4488 illum
3219 4435 3290 4490 ob
3341 4436 3400 4490 id

1832 4619 2062 4673 meritis.
2097 4619 2280 4688 Neque
2314 4619 2365 4672 in
2405 4619 2654 4687 subjecto
2687 4633 2814 4671 casu
2859 4617 3154 4688 quidquam
3204 4620 3404 4675 suifra-

1831 4709 1944 4777 gari
1978 4707 2283 4762 Athanasio
2315 4721 2478 4776 posse
2507 4708 2571 4760 ad
2605 4706 2946 4761 amoliendas
2972 4722 3003 4760 a
3048 4722 3128 4774 se,
3161 4724 3399 4778 quarum

1832 4813 2052 4854 causam
2077 4799 2278 4869 praebet
2299 4799 2530 4868 justam,
2554 4797 2897 4866 suspiciones
2932 4798 3222 4868 pessimas,
3254 4802 3400 4870 quod

1831 4889 1936 4945 sibi
1970 4891 2261 4956 horrenda,
2306 4891 2351 4946 si
2391 4891 2564 4954 fallat,
2601 4891 2912 4961 imprecans
2947 4894 3183 4949 alienum
3230 4909 3290 4950 se
3333 4894 3402 4950 ab

1831 4984 1978 5037 omni
2020 4983 2250 5039 crimine
2294 4983 2503 5053 dejerat
2553 4999 2568 5037 :
2618 4999 2729 5038 non
2779 4986 2922 5039 enim
2964 4985 3296 5055 juramentis
3347 4993 3403 5041 et

1831 5061 2308 5129 exsecrationibus
2337 5074 2672 5137 istiusmodi,
2703 5075 2797 5131 sed
2823 5075 3034 5133 idoneis
3057 5077 3400 5150 argumentis

1833 5180 1897 5221 ac
1936 5165 2269 5222 testimoniis
2321 5167 2740 5223 criminationes
2788 5168 3038 5238 impacta:
3093 5149 3220 5226 sunt
3267 5184 3400 5239 pur-
3447 5149 3456 5156 ’

1831 5257 2021 5326 gaude
2046 5258 2198 5327 juxta
2229 5267 2504 5327 receptum
2531 5269 2584 5314 et
2608 5262 2802 5315 rationi
2833 5277 3134 5317 consonum
3165 5279 3396 5318 morem.

1832 5348 2002 5404 Multo
2032 5358 2211 5404 autem
2247 5365 2372 5404 esse
2405 5352 2607 5421 pejoris
2650 5354 2905 5422 exempli,
2938 5355 3136 5423 quippe
3164 5370 3192 5408 a
3225 5353 3412 5407 sacris,

1833 5443 2037 5512 regulis
2085 5452 2139 5496 et
2188 5442 2396 5510 legibus
2432 5444 2689 5500 Ecclesiae
2721 5445 3140 5500 intolerabiliter
3170 5444 3394 5500 exet-bi-

1833 5543 1974 5600 tans,
2003 5533 2150 5602 quod
2175 5532 2262 5586 hic
2287 5533 2412 5588 fecit
2441 5535 2791 5600 Athanasius,
2818 5535 2952 5588 diris
2987 5535 3394 5588 anathematum

1792 5668 1804 5677 .
1833 5626 1888 5680 in
1917 5626 2061 5679 solos
2097 5624 2202 5678 rite
2249 5627 2567 5694 torquendis
2607 5628 2846 5681 scienter
2872 5633 3162 5693 peccantes
3187 5633 3239 5676 et
3272 5637 3397 5692 pro-

1833 5728 1982 5774 terve
2017 5726 2390 5782 contumaces,
2427 5718 2696 5786 subjicere
2726 5731 2783 5770 se
2814 5718 2964 5770 alens
2987 5716 3148 5770 etiam
3176 5730 3268 5769 eos
3300 5713 3396 5782 qui

1834 5808 2043 5879 abrepti
2083 5808 2259 5863 aliena
2300 5809 2620 5865 seductionc
2655 5807 3002 5879 prolapsiquc
3049 5821 3143 5876 per
3188 5806 3396 5872 impru-
