3922 6554
508 390 619 453 279

1703 404 2028 469 GEORGII
2068 408 2561 473 PACHYMERIE

3652 407 3741 472 ἓν)

503 518 631 578 τοὺς
662 511 869 585 χάρτας
897 513 1210 579 δεικνύντας
1248 516 1618 574 πυνθάνεσθαι
1643 522 1692 574 εί
1739 524 1905 590 αὐτὸς
1936 526 2075 598 πρά-
2103 532 2149 590 Α
2177 525 2291 600 εἶχε
2325 529 2548 601 δεσμεῖν
2574 530 2648 593 ὡς
2670 528 2828 600 δῆθεν
2859 527 3270 601 παρασυρέντα.
3309 546 3328 581 ι
3378 528 3513 583 Τότε
3550 528 3605 584 δὲ
3632 530 3738 582 ἐπεὶ

504 607 615 671 ξειε
640 604 739 661 καὶ
765 606 915 670 ὅπως
941 606 1165 678 πράξειε
1189 608 1282 663 καὶ
1309 611 1358 663 εί
1392 611 1605 677 τούτοις
1640 609 1797 680 αὖθις
1827 618 2079 688 ἐμμένοι.

518 696 867 769 Ἐκλέγονται
898 698 1079 754 τοίνυν
1115 703 1252 772 πρὸς
1276 703 1375 774 τὴν
1402 706 1707 771 ἀποστολὴν
1730 709 1962 780 δοξάσης
1984 710 2083 779 τῆς

509 791 705 862 βουλῆς
739 794 768 845 ὁ
794 792 886 847 ἐπὶ
912 791 1006 846 τοῦ
1053 793 1363 848 κανικλείου
1388 813 1449 849 τε
1483 797 1731 870 Χοῦμνος
1768 801 1859 855 καὶ
1910 801 1939 854 δ
1972 802 2084 854 Κυ-

506 881 733 953 πριανὸς
756 884 1124 954 χαρτοφύλαξ,
1149 885 1199 938 οῖ
1221 885 1318 940 καὶ
1350 890 1741 958 συγγεγονότες
1763 892 1958 962 ἐκείνῳ
1981 891 2083 962 τὴν

504 974 615 1028 ἀπὸ
640 973 734 1028 τοῦ
765 972 1031 1046 βασιλέως
1050 977 1145 1032 καὶ
1168 978 1267 1049 τῆς
1293 978 1539 1045 συνόδου,
1570 982 1644 1044 ὡς
1672 983 1860 1054 ἐχρῆν,
1880 983 2082 1055 διαμή-

504 1083 657 1120 νυσιν
711 1068 1061 1140 ὶποιήσαντο.
1104 1070 1163 1125 '0
1196 1070 1241 1124 δ’
1272 1071 1474 1126 αὐτίκα
1505 1074 1599 1126 καὶ
1636 1076 1712 1138 ὡς
1758 1075 1920 1140 αὐτὸς
1950 1077 2086 1147 γρά-

502 1159 660 1229 ψειεν
688 1159 961 1231 ὡμολόγει
1003 1162 1098 1215 καὶ
1125 1162 1203 1226 ὡς
1232 1164 1298 1217 ὲκ
1354 1166 1725 1239 μικροψυχίας
1757 1167 1881 1221 τότε
1925 1169 2084 1238 ποιή-

506 1265 642 1315 σειε,
679 1248 756 1322 μὴ
811 1251 920 1323 μὴν
973 1251 1030 1305 δὲ
1059 1254 1155 1306 καὶ
1206 1254 1381 1310 ἄλυτα
1407 1255 1573 1327 ἔχειν,
1629 1258 1767 1313 ἀλλὰ
1799 1260 1892 1313 καὶ
1921 1256 2083 1324 αὖθις

506 1341 708 1395 αὒτίκα
726 1341 897 1408 λύειν,
936 1361 957 1395 ι
992 1343 1053 1398 ΕΙ
1085 1346 1180 1399 καὶ
1217 1346 1317 1401 οὐκ
1342 1348 1643 1419 ἐξεγένετο,
1667 1352 1821 1421 φησὶ,
1842 1354 2084 1417 καὶτοὺς

508 1434 717 1505 χάρτας
749 1434 961 1491 ἐκεῖθεν
999 1436 1361 1494 ἐπανελέσθαι
1392 1443 1829 1515 ὲπεισπεσούσης
1864 1445 1963 1516 τῆς
1992 1462 2087 1499 τα-

510 1525 702 1595 ραχῆς.
732 1544 751 1577 ι
782 1526 947 1581 Ταῦτ’
970 1527 1124 1598 ἔλεγε
1150 1531 1251 1602 μὲν
1278 1534 1508 1599 ἐκεῖνος,
1533 1537 1812 1590 ὑπενοεῖτο
1836 1537 1892 1591 δὲ
1910 1537 1979 1591 τὰ
2008 1540 2084 1608 μὴ

505 1618 637 1672 ὄντα
671 1617 865 1688 λέγων.
907 1622 1058 1676 Ἔδει
1088 1626 1198 1694 γὰρ
1228 1627 1571 1697 ἐμφανίζειν,
1603 1632 1654 1684 οἱ
1699 1631 2084 1703 δοκιμάζοντες

507 1709 716 1779 ελεγον,
747 1714 841 1765 καὶ
869 1713 1056 1783 ζητεῖν
1080 1718 1447 1789 συγγνώμην,
1480 1724 1641 1793 είπερ
1678 1723 1914 1794 εὐθύτης
1958 1727 2087 1797 ἡκο-

507 1802 691 1857 λούθει
719 1807 831 1870 τοῖς
878 1808 1223 1879 πράγμασιν,
1258 1812 1392 1867 ἀλλὰ
1431 1815 1506 1886 μὴ
1549 1818 1958 1889 ἐμπερισκεψία
1988 1821 2084 1872 καὶ

512 1896 752 1969 βαθύτης
803 1899 1060 1968 ὕπουλος,
1084 1901 1160 1966 ὡς
1192 1903 1261 1958 ἂν
1292 1904 1371 1967 είς
1416 1909 1609 1978 καιρὸν
1643 1910 1711 1963 τὰ
1744 1911 1953 1980 φοΰερὰ
1991 1913 2082 1962 καὶ

508 1988 759 2063 φρικώδη
807 1995 1272 2063 προανατετακὼς
1308 1996 1514 2062 ἀξιοῖτο
1570 1999 1742 2065 λύειν,
1799 2000 2087 2055 ἀναλαϐὼν

507 2082 608 2152 τὴν
635 2085 802 2154 τιμὴν
845 2084 910 2156 ἢν
946 2089 1268 2157 παρῃτεῖτο,
1294 2088 1482 2159 σκοπῷ
1506 2090 1563 2143 δὲ
1607 2094 1657 2143 εἰ
1692 2091 1768 2161 μὴ
1793 2090 1884 2145 διὰ
1914 2091 2091 2147 ταῦτα

508 2179 576 2247 τῇ
596 2175 896 2249 Ἐκκλησία
913 2180 1008 2233 καὶ
1029 2179 1182 2245 αὖθις
1204 2182 1554 2253 παρεισήχθη
1582 2182 1670 2237 διὰ
1696 2184 1793 2255 τὴν
1822 2183 2087 2253 πλείστην

510 2268 643 2339 περὶ
668 2266 737 2321 τὰ
768 2267 890 2327 θεῖα
904 2269 1000 2323 τοῦ
1024 2272 1287 2341 βασιλέως
1319 2274 1625 2341 εὐλάϐειαν,
1641 2275 1701 2330 ὃν
1723 2276 1821 2329 καλ⁹
1849 2276 2091 2345 ἄφυκτον

512 2448 755 2503 dentiam
780 2448 1127 2521 impegerint.
1160 2450 1285 2508 Haec
1309 2462 1586 2522 utcunque
1629 2456 2001 2513 verisimiliter
2027 2472 2091 2511 ac

510 2538 792 2608 sapienter
812 2542 887 2597 ita
908 2543 997 2599 isti
1029 2544 1394 2612 disserebant,
1413 2546 1575 2618 253
1594 2558 1774 2604 tamen
1795 2550 2094 2620 imperator

511 2634 568 2687 in
596 2631 929 2688 securiorem
957 2649 1178 2706 semper
1208 2646 1415 2707 partem
1443 2639 1933 2705 incumbere,dum
1952 2658 2094 2713 quo-

514 2724 905 2795 modocunque
952 2726 1259 2789 dubitatur.
1295 2728 1516 2793 solitus,
1552 2731 2015 2801 circumspectius
2041 2744 2095 2788 et

517 2815 583 2867 ad
612 2829 804 2884 pacem
835 2813 1098 2872 Ecclesiae
1119 2816 1594 2875 accommodatius
1621 2823 1903 2875 consultu:
1921 2838 2009 2877 um
2033 2837 2095 2878 se

516 2908 748 2974 putavit,
780 2906 825 2961 si
854 2907 1199 2977 decerneret,
1228 2916 1289 2963 ut
1319 2908 1470 2976 fecit,
1501 2910 1798 2968 mittendos
1825 2913 1892 2967 ad
1917 2913 2092 2967 Atha-

514 2996 732 3053 nasium
794 3006 978 3054 certos
1037 3000 1309 3064 homines.
1366 3002 1461 3071 qui
1517 3002 1588 3057 ab
1642 3018 1707 3059 eo
1756 3015 2089 3075 quaererent,

514 3089 757 3145 ostensis
791 3089 871 3144 illi
904 3104 1042 3160 quos
1079 3091 1200 3161 ipse
1239 3091 1533 3163 scripsisse
1564 3093 1842 3150 diceretur
1870 3095 2093 3162 libellis,

512 3199 583 3238 an
610 3197 803 3239 revera
827 3196 923 3239 eos
946 3193 1003 3239 et
1046 3197 1149 3238 cur
1173 3199 1353 3255 quove
1386 3185 1621 3241 consilio
1655 3187 1998 3257 scripsisset,
2034 3197 2090 3244 et
2120 3216 2162 3276 ε

514 3288 647 3326 num
676 3270 732 3327 in
764 3272 956 3328 eadem
985 3288 1155 3337 nunc,
1184 3290 1291 3345 qua
1334 3276 1469 3331 olim
1503 3274 1701 3332 fuisset
1733 3279 1800 3333 ad
1836 3279 2089 3334 scriben-

513 3363 644 3415 dum
691 3363 984 3431 impulsus,
1042 3367 1316 3420 sententia
1356 3374 1411 3420 et
1461 3367 1739 3424 voluntate
1791 3378 2087 3437 perstaret.

513 3452 594 3506 Αιι
643 3451 745 3507 hoc
776 3453 932 3508 electi
974 3462 1104 3509 sunt
1132 3455 1421 3525 praefectus
1448 3458 1690 3513 Caniclei
1720 3460 2002 3516 Chumnus
2037 3471 2090 3516 et

513 3545 825 3615 Cyprianus
862 3545 1280 3619 chartopbylax.
1319 3548 1420 3615 Qui
1467 3559 1756 3622 postquam
1788 3552 2088 3608 Athanasio

515 3645 789 3691 convento
821 3636 1177 3706 imperatoris
1202 3648 1257 3694 et
1279 3640 1475 3710 synodi
1507 3641 1766 3697 mandata
1798 3642 1902 3697 rite
1925 3657 2089 3714 expo-

514 3737 767 3796 suerunt,
812 3730 904 3786 ille
928 3731 1221 3787 confestim
1272 3741 1357 3788 est
1386 3727 1581 3788 fassus
1611 3742 1667 3787 et
1698 3750 1760 3789 se
1807 3735 1895 3789 illa
1949 3738 2090 3790 seri.

511 3824 718 3895 psisse,
746 3832 797 3879 et
839 3823 1297 3894 pusillanirnitate
1328 3837 1393 3880 ac
1425 3839 1661 3881 interere
1696 3826 1853 3881 fracti
1895 3828 2086 3892 animi,

514 3918 719 3988 quibus
738 3924 872 3975 tunc
888 3919 1210 3989 agitaretur,
1233 3919 1372 3974 male
1389 3921 1767 3989 perturbatum
1790 3921 1841 3974 id
1864 3922 2044 3992 egisse
2069 3939 2086 3976 :

513 4027 641 4071 Sese
664 4010 906 4067 ideonilla
941 4012 1193 4067 etfuisse
1226 4025 1256 4064 a
1291 4012 1566 4083 principio
1601 4012 1755 4067 irrita
1789 4026 2003 4084 putare,
2036 4023 2089 4068 et

513 4119 691 4170 nunc,
720 4112 989 4175 quantum
1013 4114 1198 4175 posset
1220 4115 1317 4159 aut
1348 4119 1488 4174 opus
1519 4113 1688 4171 esset,
1721 4121 1876 4162 cassa
1912 4106 2088 4162 velle:

522 4216 542 4250 ι
568 4197 633 4251 Et
655 4197 890 4262 utinam,
914 4196 1149 4261 addidit,
1169 4195 1369 4252 chartae
1394 4196 1536 4261 istae,
1556 4213 1680 4264 qur.
1705 4197 1853 4252 hunc
1884 4198 2089 4251 tumul-

514 4299 635 4344 tum
668 4289 1042 4352 concitarunt,
1067 4302 1352 4358 nunquam
1389 4288 1443 4342 in
1472 4303 1537 4343 eo
1568 4289 1659 4343 ubi
1697 4287 2091 4344 delitescebant

513 4381 639 4436 loco
688 4389 941 4452 repertae,
992 4394 1274 4451 nunquam
1308 4387 1571 4435 extraetze
1612 4380 1763 4435 illinc
1803 4389 2010 4439 essent.
2064 4400 2083 4433 ι

512 4473 594 4529 lta
634 4482 766 4528 tunc
804 4473 918 4536 ille,
941 4487 1011 4527 ne
1048 4473 1130 4527 sic
1148 4473 1370 4542 quidem
1403 4473 1897 4542 perspicacioribus
1927 4474 2087 4527 tidem

2186 621 2281 674 καὶ
2304 621 2521 691 ἕτοιμος
2552 615 2620 693 ἦν
2649 622 2944 692 γράμμασι
2976 622 3189 684 πιστοῖς
3240 620 3545 692 δγχαράξαι
3572 620 3636 673 τὰ
3657 621 3741 687 τῆς

2183 710 2507 781 ἀπολογίας,
2565 712 2639 776 ὡς
2671 713 2764 767 καὶ
2793 713 3065 784 ἁπῄτητό,
3099 710 3287 765 λαϐὼν
3325 711 3535 782 χάρτην
3571 713 3740 764 οίκειο·

2185 802 2383 874 χείρως
2437 804 2505 857 τὰ
2554 803 2785 857 πλεῖστα
2832 802 2945 857 τάδ’
2980 801 3254 874 ἔγραψεν
3301 820 3321 854 ι
3369 803 3526 871 Ἐμοὶ
3560 802 3739 870 συνέϐη

2184 894 2645 964 πατριαρχεύοντι
2672 895 2890 960 πολλοῖς
2942 895 3036 950 καὶ
3094 896 3424 965 πειρασμοῖς
3477 895 3740 963 ὲμπειεῖν,

2184 987 2278 1037 καὶ
2309 985 2397 1038 διὰ
2428 985 2587 1039 τοῦτο
2618 986 2678 1050 ἐξ
2709 986 2881 1054 αὐτῆς
2911 986 3010 1055 τῆς
3051 984 3435 1055 κατασχούσης
3484 1001 3548 1051 με
3571 982 3744 1051 ὀδύνης

2184 1077 2279 1129 καὶ
2317 1078 2549 1146 πικρίας
2586 1077 2985 1148 παρακινηθεὶς
3039 1077 3346 1147 γράμματα
3373 1076 3458 1147 ΙΡ.
3494 1073 3611 1146 ne]
3639 1074 3747 1142 ὲξήο

2185 1185 2355 1236 νεγκα
2384 1168 2547 1239 βάρος
2576 1170 2891 1240 ἀφορισμοῦ
2923 1176 3016 1224 καὶ
3069 1169 3273 1223 λοιπῶν
3324 1168 3614 1234 ἐπιτιμίων
3639 1166 3745 1217 κατ’

2184 1261 2361 1314 αὐτῶν
2399 1263 2594 1330 ἔχοντα
2622 1262 2729 1316 τῶν
2759 1261 3066 1332 θλιψᾶντωι
3103 1279 3172 1332 με
3220 1261 3314 1315 καὶ
3350 1257 3745 1328 λελυπηκὸτων.

2197 1351 2493 1423 Ἐγνώρισε
2530 1353 2574 1405 δ’
2628 1352 2687 1419 ἐξ
2728 1352 2907 1406 αὐτῶν
2943 1353 3052 1406 τῶν
3104 1351 3546 1422 ἐπιτιμηθέντων
3592 1348 3751 1411 ossa;

2184 1443 2307 1495 οὔτε
2343 1441 2470 1513 περὶ
2500 1442 2609 1496 τῶν
2639 1443 2949 1513 εἰρημένων
2989 1443 3332 1513 γραμμάτων
3361 1437 3484 1493 οὔτε
3511 1438 3634 1508 περὶ
3652 1436 3748 1494 τῶν

2186 1535 2243 1585 ὲν
2273 1535 2457 1597 αὐτοῖς
2484 1534 2804 1604 ἐπιτιμίων.
2872 1532 3005 1588 Εἶτα
3056 1534 3196 1587 αὐτὰ
3231 1533 3329 1603 μὲν
3361 1533 3430 1586 τὰ
3466 1530 3750 1602 γράμματα

2186 1626 2244 1677 ἐν
2284 1626 2590 1697 ἀποκρύφῳ
2647 1628 2755 1680 τινὶ
2786 1627 2884 1681 καὶ
2941 1626 3226 1687 παντελῶς
3264 1625 3446 1695 ἀδήλῳ
3496 1622 3748 1693 τόπῳτοῦ

2188 1718 2428 1787 μεγάλου
2456 1720 2584 1774 ναοῦ
2610 1719 2710 1790 τῆς
2736 1720 2830 1774 τοῦ
2860 1718 2993 1773 Θεοῦ
3025 1718 3187 1788 ἁγίας
3212 1719 3405 1787 σοφίας
3434 1714 3752 1769 ἀποτεθέντα

2189 1814 2245 1863 ὲν
2288 1810 2435 1883 αὐτῷ
2464 1813 2544 1880 τῷ
2573 1812 2721 1882 τόπῳ
2759 1813 2853 1865 καὶ
2898 1811 3137 1879 διέμεινε
3182 1807 3581 1879 φυλαττόμενα.
3623 1805 3753 1872 Ἐγὼ

2187 1902 2245 1955 δὲ
2276 1904 2399 1956 ἐπεὶ
2432 1904 2525 1956 τοῦ
2566 1905 2758 1975 θρόνου
2791 1904 3150 1974 ἀναχωρῆσαι
3182 1903 3273 1954 καὶ
3305 1900 3405 1967 τῆς
3442 1916 3755 1970 πατριαρχι-

2192 1996 2294 2062 κῆς
2332 1995 2513 2065 πάσης
2539 1993 2878 2062 προστασίας
2910 1990 3245 2062 παραίτησιν
3271 1989 3582 2060 ηὸουλήθην
3612 1988 3758 2057 ποιή-

2194 2084 2390 2139 σασθαι
2421 2086 2520 2139 καὶ
2542 2086 2839 2154 ἡσυχάζειν
2870 2084 3033 2138 πάλιν
3069 2082 3190 2136 κατ’
3247 2080 3490 2151 ἐμαυτὸν
3544 2080 3614 2143 ὡς
3663 2078 3757 2132 καὶ

2194 2178 2486 2247 πρότερον,
2523 2176 2686 2237 εὐθὺς
2715 2178 2810 2230 καὶ
2840 2175 2900 2229 τὸ
2942 2173 3166 2246 σύμπαν
3217 2176 3329 2233 τῶν
3361 2174 3757 2246 γεγραμμένων

2196 2271 2372 2323 ἐκεῖεο
2402 2268 2565 2339 βάρος
2589 2268 2648 2333 ἐξ
2674 2268 2844 2339 αὐτῆς
2863 2267 3043 2338 ψυχῆς
3067 2266 3327 2341 διαλύσας
3349 2267 3610 2338 ἡθέτησα.
3632 2280 3759 2331 συγ·

2202 2454 2441 2508 animum
2476 2448 2843 2520 imperatoris,
2884 2462 3119 2517 eumque
3154 2457 3300 2503 metu
3341 2447 3447 2503 isto
3482 2444 3757 2501 induceret

2198 2545 2262 2599 ad
2295 2559 2355 2599 se
2388 2543 2441 2596 in
2478 2542 2675 2597 throno
2709 2540 3106 2609 reponendum,
3158 2540 3300 2594 unde
3338 2539 3582 2608 ingratus
3623 2551 3686 2591 ac
3709 2536 3754 2588 vi

2196 2642 2423 2690 coaetus
2444 2630 2843 2696 descendisset,
2880 2630 3039 2685 facile
3068 2640 3366 2684 autumans
3397 2628 3533 2684 nihil
3560 2627 3753 2696 pacisci

2198 2738 2578 2781 recusaturum
2629 2723 2935 2792 Augustum
2979 2737 3077 2792 pro
3112 2736 3209 2791 spe
3242 2720 3474 2774 infirmae
3497 2736 3561 2775 ac
3598 2733 3753 2789 supra

2198 2817 2421 2873 modum
2455 2814 2703 2871 delicata:
2731 2814 3084 2870 conscientiae
3106 2813 3368 2883 pacanda:
3389 2852 3407 2869 .
3438 2812 3608 2880 Quem
3639 2813 3755 2867 ideo

2199 2918 2408 2969 terrere
2445 2907 2768 2963 nominatim
2814 2915 2869 2963 et
2911 2904 3078 2977 255.
3115 2906 3457 2960 damnationi
3510 2921 3540 2959 a
3596 2920 3654 2961 se
3703 2905 3753 2959 in

2199 3017 2392 3059 omnes
2423 3001 2703 3056 intentata:
2740 3000 2945 3056 diserte
2978 2999 3257 3056 involvere
3296 2998 3581 3055 studuisse
3621 2997 3759 3054 vide-

2199 3101 2374 3156 retur.
2423 3094 2547 3148 dum
2591 3092 2737 3147 inter
2772 3092 2877 3146 alia
2912 3091 3062 3147 clare
3096 3090 3383 3169 professus
3430 3100 3518 3146 est
3560 3106 3621 3148 se
3653 3105 3752 3145 non

2200 3187 2355 3243 solos
2380 3200 2478 3241 eos
2508 3184 2987 3243 exeommunicare
3029 3184 3124 3254 qui
3157 3184 3400 3240 scientes
3423 3192 3756 3255 peccassent,

2195 3294 2385 3334 verum
2418 3277 2543 3333 illos
2563 3277 2729 3332 etiam
2758 3276 2852 3341 qui
2876 3276 3052 3331 aliena
3082 3275 3294 3332 seducti
3324 3273 3522 3331 fraude
3557 3276 3756 3345 impru-

2195 3370 2388 3425 denter
2435 3368 2700 3437 pertraeti
2741 3367 2973 3423 fuissent
3018 3366 3072 3420 in
3124 3366 3565 3437 qualemcunque
3596 3363 3756 3435 parti-

2180 3456 2528 3531 cipationem
2565 3459 2827 3514 initorum
2856 3468 3044 3514 contra
3081 3472 3143 3514 se
3172 3457 3557 3513 consiliorum.
3597 3474 3617 3507 ι
3650 3453 3756 3511 Hoc

2197 3555 2299 3612 fuit
2326 3553 2620 3610 multorum
2644 3553 2710 3607 de
2731 3553 2837 3609 isto
2858 3552 3144 3608 Athanasii
3176 3566 3442 3623 responso
3457 3550 3754 3620 judicium:

2198 3663 2343 3703 nunc
2373 3655 2571 3702 caetera
2602 3645 2916 3700 reddamus.
2961 3644 3047 3700 Ab
3085 3660 3151 3701 eo
3191 3646 3271 3701 sic
3298 3646 3483 3701 locuto
3519 3658 3761 3714 perrexe-

2199 3752 2327 3797 runt
2377 3742 2671 3810 exquirere
2724 3739 2912 3811 legati,
2973 3755 3103 3795 num
3150 3736 3297 3792 hanc
3353 3738 3554 3808 ipsam,
3601 3751 3754 3806 quam

2198 3834 2365 3889 verbo
2404 3833 2539 3903 ipsis
2586 3831 2977 3902 expressisset,
3011 3830 3426 3885 excusationem
3484 3829 3651 3883 istius
3683 3823 3756 3880 sui

2198 3925 2348 3987 facti,
2395 3932 2622 3995 paratus
2649 3930 2815 3990 esset,
2849 3922 2896 3977 si
2936 3931 3244 3992 rogaretur,
3280 3921 3349 3974 ad
3396 3934 3590 3976 eorum
3644 3917 3758 3985 cuja

2198 4019 2466 4075 intererat
2506 4015 2758 4071 notitiam
2790 4024 2845 4077 et
2887 4014 3320 4070 satisfactionem
3357 4012 3570 4082 scripto
3620 4024 3761 4066 com-

2197 4109 2382 4180 plecti.
2423 4107 2503 4163 Ad
2545 4123 2610 4164 ea
2666 4107 2755 4162 ille
2792 4105 2997 4161 charta:
3025 4102 3315 4160 confestim
3362 4113 3598 4172 arreptae
3632 4104 3757 4163 haec,

2197 4220 2316 4272 qua:
2342 4202 2468 4256 licet
2491 4199 2739 4271 pluscula
2763 4196 2853 4251 hic
2881 4194 3138 4262 referam,
3160 4194 3332 4250 illevit
3367 4211 3382 4248 :
3421 4211 3442 4246 ι
3480 4192 3614 4247 Mihi
3645 4206 3760 4246 conv

2201 4296 2320 4364 tigit
2350 4290 2729 4363 patriarcbatu
2763 4289 3009 4357 {augenti
3040 4288 3093 4342 in
3129 4289 3332 4343 multas
3360 4285 3758 4345 tribulationcs.

2200 4385 2403 4441 multas
2429 4381 2762 4437 tentatioues
2786 4379 3048 4436 incidere.
3075 4377 3276 4433 Harum
3306 4378 3494 4433 subito
3523 4387 3578 4432 et
3614 4376 3760 4431 vehe-

2200 4477 2367 4532 menti
2420 4482 2729 4544 pertractus
2781 4487 2945 4526 sensu
3004 4472 3057 4525 in
3099 4486 3345 4525 amaram
3391 4467 3754 4523 habitudinem

514 4565 725 4621 fat-iens
766 4564 996 4620 sincera:
1035 4578 1100 4619 ac
1161 4564 1377 4620 veracis
1411 4564 1794 4634 professionis.
1852 4584 1870 4616 ι
1916 4564 2089 4635 Opor-
2117 4572 2166 4631 D
2192 4566 2532 4624 exacerbata).
2560 4564 2780 4627 mentis,
2811 4562 3007 4631 scripsi
3032 4561 3246 4616 litteras
3278 4560 3630 4614 anathemata
3650 4572 3760 4629 gra-

517 4658 893 4722 tueratenim,
937 4675 956 4709 ι
993 4656 1220 4713 aiebant
1247 4656 1528 4725 rigidioris
1569 4657 1846 4726 supercilii
1894 4671 2094 4712 censo-

515 4765 627 4813 res,
676 4767 694 4799 ι
744 4749 1033 4820 agnovisse
1065 4749 1232 4804 simul
1285 4757 1339 4804 et
1399 4750 1714 4806 declarasse
1762 4748 2092 4804 submissius

518 4840 796 4912 propriam
864 4840 919 4893 in
968 4856 1034 4897 eo
1084 4840 1231 4896 facto
1276 4840 1494 4910 culpam
1541 4842 1878 4917 _veniamque
1927 4854 2094 4908 pepo-

520 4932 717 4997 seisse,
768 4931 813 4986 si
852 4942 1035 4988 rectus
1077 4941 1132 4988 et
1180 4933 1409 5002 simplex
1435 4934 1517 4988 sic
1570 4933 1812 5001 loquenti
1867 4935 2091 4986 suberat

519 5025 740 5079 animus
780 5024 1105 5094 Athanasio,
1153 5033 1209 5081 et
1251 5040 1470 5090 revera,
1525 5035 1583 5079 ut
1635 5026 1806 5079 videri
1858 5026 2090 5088 volebat,

518 5132 617 5186 per
659 5131 865 5171 meram
899 5117 1029 5185 σιενὶ
1074 5116 1241 5171 animi
1292 5116 1673 5171 delirationem
1727 5117 1792 5171 ad
1848 5131 1911 5170 ea
1959 5115 2094 5169 seri-

524 5210 702 5267 benda
722 5212 899 5266 fuerat
924 5209 1212 5281 impulsus.
1253 5210 1330 5263 Ex
1372 5210 1474 5263 hac
1501 5208 1644 5262 enim
1675 5208 1921 5277 profecto
1967 5206 2093 5260 facti

522 5304 607 5358 sui
639 5313 748 5356 tam
786 5303 991 5358 atrocis
1036 5316 1157 5357 sera
1200 5301 1305 5356 ista
1337 5315 1482 5354 nunc
1523 5299 1740 5353 demum
1771 5311 1944 5366 eaque
1975 5305 2083 5348 tam

524 5396 561 5455 fu
579 5394 724 5464 igida
760 5392 1165 5463 improbatione
1186 5392 1324 5447 satis
1356 5391 1607 5462 intelligi,
1631 5398 1912 5459 spectasse
1938 5387 2091 5440 illum

523 5491 578 5542 in
618 5503 685 5543 eo
734 5486 894 5556 longe
928 5488 1051 5556 plus
1081 5503 1245 5557 quam
1288 5485 1450 5541 modo
1498 5502 1607 5554 pra:
1636 5499 1695 5541 se
1744 5484 1886 5539 ferat
1934 5491 2097 5551 atque

523 5581 661 5636 adeo
697 5590 817 5635 astu
856 5578 1127 5649 profundo
1179 5581 1377 5637 mentis
1411 5579 1673 5649 improbae
1713 5593 1772 5634 re
1817 5579 1933 5648 ipsa
1986 5591 2100 5628 ma-

523 5673 743 5727 ehinam
778 5670 834 5727 in
869 5672 975 5728 illis
1004 5672 1232 5729 latebris
1264 5675 1554 5735 struxisse,
1597 5687 1720 5743 qua!
1757 5670 1814 5726 in
1853 5680 2097 5736 tempore

524 5766 738 5836 prolata
767 5773 976 5822 terrore
998 5767 1716 5822 diroanathematismorum
1752 5762 2094 5819 borribilium

527 5870 871 5930 concuteret,
894 5878 1054 5933 quem
1081 5862 1164 5919 bis
1184 5863 1479 5918 olsnoxivm
1501 5858 1890 5918 formidinibus
1918 5861 2091 5920 uorat,

2201 4663 2285 4714 via
2321 4672 2699 4728 censurasque
2726 4657 2779 4712 id
2827 4671 3002 4726 genus
3042 4663 3259 4709 atroces
3316 4654 3371 4706 in
3414 4668 3509 4707 eos
3556 4653 3651 4721 qui
3681 4662 3756 4702 me
3794 4672 3800 4677 -

2196 4759 2522 4807 vexaverant
2561 4759 2614 4803 et
2651 4749 2903 4803 laeserant
2957 4746 3259 4811 habentes;
3292 4758 3526 4814 quarum
3575 4740 3755 4797 uetitis

2195 4855 2556 4898 eeusurarum
2595 4839 2794 4893 nemini
2832 4853 3025 4893 eorum
3076 4838 3129 4889 in
3162 4850 3302 4905 quos
3348 4835 3454 4889 illae
3487 4835 3757 4902 intorque-

2197 4936 2397 4990 bantur
2420 4933 2598 4989 oblata
2623 4932 2732 4985 ulla
2766 4939 2877 4997 est;
2911 4946 2977 4985 ac
3006 4945 3073 4984 ne
3105 4927 3372 4983 indicium
3402 4927 3627 4996 quidem
3647 4922 3755 4979 cui-

2196 5028 2277 5080 vis
2304 5026 2505 5079 factum
2536 5024 2622 5076 vel
2667 5024 2890 5077 istarum
2920 5020 3163 5091 ipsarum
3195 5019 3499 5073 litterarum
3542 5017 3625 5072 vel
3652 5016 3756 5085 pia-

2197 5117 2464 5172 cularium
2505 5129 2770 5169 noxarum
2821 5127 2954 5182 quas
3002 5110 3382 5165 continebant.
3440 5106 3536 5161 Ha:
3564 5102 3753 5160 deinde

2196 5209 2389 5261 littera:
2422 5205 2475 5258 in
2506 5204 2740 5274 quodam
2774 5202 3029 5256 abstruso
3057 5207 3111 5254 et
3146 5214 3374 5269 prorsus
3420 5197 3613 5268 ignoto
3642 5197 3753 5251 loco

2199 5298 2378 5370 magni
2404 5299 2589 5366 templi
2622 5304 2846 5370 sanctae
2874 5294 2964 5348 Dei
3014 5291 3313 5364 Sapientiae
3348 5291 3636 5361 depositae,
3664 5288 3756 5342 ibi-

2198 5366 2320 5445 dem
2354 5388 2645 5444 custodita:
2675 5366 3120 5456 permanserunt.
3157 5383 3271 5456 Ego
3303 5398 3434 5437 vero
3473 5392 3753 5452 postquam

2201 5484 2397 5537 throno
2437 5480 2629 5535 cedere
2668 5489 2722 5532 et
2770 5476 2951 5533 omnis
2994 5474 3381 5547 patriarebalis
3425 5472 3756 5542 praefectura:

2199 5572 2601 5628 abdicationem
2652 5570 2797 5624 volui
2864 5568 3068 5634 facere,
3122 5567 3528 5637 quicscereque
3574 5575 3754 5619 rursus

2203 5665 2346 5735 apud
2366 5681 2450 5718 me
2482 5664 2624 5718 sicut
2650 5664 2818 5733 prius,
2842 5661 3026 5716 statim
3062 5670 3232 5715 tetum
3266 5657 3401 5713 illud
3431 5657 3752 5727 scriptorum

2201 5772 2344 5812 onus
2385 5771 2447 5810 ex
2510 5753 2626 5821 ipsa
2688 5752 2866 5807 anima
2919 5750 3137 5807 dilucns
3203 5748 3490 5817 abrogavi,
3553 5744 3749 5799 veniam

2203 5866 2416 5908 omnem
2448 5849 2714 5905 univt-rsae
2749 5847 2838 5902 Dei
2874 5846 3190 5917 impertiens
3242 5842 3504 5900 Ecclesiae
3545 5849 3593 5897 et
3630 5834 3749 5909 ipsis
