3922 6550
302 424 472 493 εει.

1223 420 1324 484 DE
1364 418 1813 483 ANDBONICO
1851 418 2320 483 PALIEOLOGO
2353 423 2504 484 LIB.
2546 422 2662 485 ῙΠ.

3445 417 3558 481 282

299 544 584 614 χωρήσεως
616 538 811 611 πάσης
847 540 914 609 τῇ
963 537 1056 592 τοῦ
1082 535 1218 590 Θεοῦ
1270 537 1418 608 πάσῃ
1452 534 1716 605 μεταδοὺς
1741 533 1869 587 Ἐκ·
1896 535 1940 595 Α
1972 537 2063 589 καὶ
2097 537 2195 609 τὴν
2227 538 2553 607 ἐπιτίμησιν
2609 537 2832 599 λύοντες
2878 534 3015 589 πᾶσι
3052 530 3312 603 καθαρῶς
3346 549 3559 603 συγχω-

302 633 522 705 κλησίᾳ,
551 632 644 686 καὶ
664 632 847 694 αὐτοῖς
868 632 980 694 τοῖς
1001 628 1280 698 ἀνωτέρω,
1313 627 1388 691 ὡς
1415 626 1651 697 είρηται,
1684 622 1870 693 θλίψαι

300 726 445 792 ἡμᾶς
504 723 598 778 καὶ
651 723 1045 793 παραλυπῆσαι
1082 718 1471 773 σπουδάσασιν.
1532 718 1608 771 Οὐ
1664 717 1773 785 γὰρ
1802 711 1870 784 ἢν

299 817 415 871 οὔτε
443 818 543 883 τῆς
569 816 660 869 τοῦ
711 816 845 869 Θεοῦ
877 814 1097 879 ἐντολῆς
1149 811 1272 865 οὔτε
1312 811 1420 864 τῶν
1448 809 1654 861 ἐκείνου
1693 810 1873 876 νόμων

303 912 394 961 καὶ
414 910 915 977 παραγγελμάτων,
936 904 1062 959 οὔτε
1093 905 1272 974 ψυχῆς
1297 902 1461 971 φόϐον
1483 901 1619 962 ὅλως
1645 899 1876 969 ἐχούσης

302 998 459 1052 αὑτοῦ
489 997 581 1050 τοῦ
609 997 744 1049 Θεοῦ
778 999 869 1049 καὶ
900 996 1113 1051 ἔννοιαν
1168 995 1266 1063 τῆς
1303 991 1600 1062 μελλοὺσης
1641 990 1875 1060 κρίσεως

299 1087 434 1159 ὁμοῦ
464 1089 561 1141 καὶ
596 1086 1029 1151 ἀνταποδόσεως,
1086 1084 1496 1139 ἀκατάλλακτον
1544 1082 1644 1151 τὴν
1673 1080 1876 1149 ἔχθραν

299 1183 484 1248 τηρεῖν
509 1183 609 1233 καὶ
638 1184 759 1234 ἀντὶ
790 1181 977 1234 κακῶν
1022 1178 1349 1233 ἀντιδιδόναι
1404 1178 1577 1239 κακὰ,
1613 1172 1735 1226 οὔτε
1772 1172 1877 1239 μὴν

299 1271 611 1338 ἐπαρᾶσθαι
632 1272 774 1325 κατὰ
809 1272 916 1324 τῶν
942 1271 1400 1341 ἐπηρεαζόντων,
1435 1267 1690 1337 εὔχεσθαι
1735 1265 1877 1332 ὑπὲρ

300 1364 476 1418 αὐτῶν
501 1362 639 1417 Θεοῦ
671 1362 856 1432 σαφῶς
891 1363 985 1416 καὶ
1009 1363 1266 1432 λέγοντος
1287 1362 1382 1415 καὶ
1416 1359 1875 1431 προστάσσοντος.

299 1454 391 1507 Διὰ
420 1454 597 1507 ταῦτα
629 1457 721 1507 καὶ
756 1454 1058 1525 γράμματα
1118 1455 1217 1524 μὲν
1247 1456 1430 1508 ἐκεῖνα
1471 1456 1649 1507 πάντα
1678 1451 1747 1503 τὰ
1781 1452 1879 1519 τῆς

304 1547 697 1618 μικροψυχίας,
736 1549 832 1617 μᾶ)
844 1547 935 1599 λον
958 1546 1015 1599 δὲ
1042 1548 1223 1601 πᾶσαν
1252 1546 1352 1615 τὴν
1377 1546 1559 1606 αὐτοῖς
1588 1545 1882 1610 ἐγκατατε-

300 1641 481 1692 θεῖσαν
524 1640 806 1711 βαρύτητα
837 1639 932 1692 τοῦ
964 1638 1276 1710 ἀφορισμοῦ
1328 1654 1388 1689 τε
1440 1636 1536 1690 καὶ
1570 1635 1679 1686 τῶν
1710 1634 1881 1685 ἐπιτι-

305 1732 459 1802 μὲων,
496 1733 561 1784 ἐκ
593 1732 775 1800 ψυχῆς
807 1731 986 1798 πάσης
1012 1729 1425 1797 ἀπεϐαλλόμην,
1456 1730 1591 1780 πᾶσι
1613 1727 1724 1785 τοῖς
1758 1727 1879 1777 ἐπι-

299 1822 581 1890 τιμηθεῖσι
613 1820 864 1890 καθαρὰν
886 1819 1064 1881 διδοὺς
1093 1818 1192 1888 τὴν
1225 1816 1578 1885 συγχώρησιν
1603 1829 1616 1843 ·
1646 1812 1788 1864 ὥστε
1821 1809 1879 1860 δέ

1979 629 2178 700 ροῦμεν
2197 631 2317 684 καθ’
2334 623 2407 683 ὧν
2431 630 2572 699 αὕτη
2593 629 2841 699 γέγονεν,
2861 628 2997 683 ἀλλά
3021 646 3103 681 τοι
3128 627 3224 680 καὶ
3265 624 3557 695 πρότερον,

1974 721 2033 785 ἐξ
2066 722 2188 774 ὅτου
2219 721 2460 790 δηλονότι
2488 722 2596 774 τῶν
2651 720 3070 790 πιτριαρχικῶν
3105 718 3314 788 Θρόνιον
3347 718 3562 784 ἀναχω-

1978 814 2143 883 ρῆσαι
2187 814 2589 885 ἐβουλήθημεν,
2645 814 2806 875 εὐθὺς
2861 814 2963 866 καὶ
3009 813 3107 881 τῆς
3156 810 3291 879 πρὸς
3351 810 3561 870 πάντας

1976 904 2174 976 ἔχθρας
2221 908 2560 977 ἀπέστημεν,
2600 906 2871 976 μηδεμίαν
2905 906 3043 975 πρὸς
3092 904 3284 957 οὐδένα
3311 902 3556 970 φανερὰν

1977 997 2010 1068 ἦ
2046 998 2441 1068 κεκρυμμένην
2473 998 2695 1068 ἔχοντες
2749 998 2983 1067 ἄμυναν,
3043 998 3139 1050 καὶ
3171 994 3295 1056 τοὺς
3335 992 3560 1062 εἰρημέ-

1978 1107 2102 1151 νους
2135 1090 2476 1161 ἀφορισμοὺς
2515 1092 2606 1144 καὶ
2656 1089 2853 1153 λοιπὶς
2911 1089 3261 1157 ἐπιτιμήσεις
3296 1086 3407 1139 ἀπὸ
3434 1086 3557 1137 τότε

1979 1182 2140 1243 εὐθὺς
2194 1182 2606 1246 καταλύσαντες
2662 1182 3036 1252 ὴθετήσαμεν.
3088 1182 3199 1233 Καὶ
3230 1173 3343 1248 εἶχε
3385 1176 3564 1231 ταῦτα.

1980 1272 2069 1324 ἐπ’
2105 1272 2366 1341 ἀληθείας
2389 1274 2585 1336 οὕτως.
2628 1275 2747 1327 Ἵνα
2773 1275 2829 1326 δὲ
2883 1274 2958 1343 μή
2995 1290 3101 1325 τινι
3136 1271 3247 1323 τῶν
3282 1271 3425 1323 κατὰ
3464 1268 3564 1335 τῆς

1980 1362 2075 1417 τοῦ
2104 1364 2243 1417 Θεοῦ
2270 1365 2435 1432 ἁγίας
2481 1365 2810 1436 Ἐκκλησίας
2844 1362 3271 1434 ἐπιχειρούντων
3304 1361 3398 1413 καὶ
3432 1357 3567 1411 ταῦ⁴

1980 1473 2083 1525 την
2140 1455 2225 1528 [Ρ.
2265 1456 2392 1529 173]
2442 1457 2787 1528 βουλομένων
2838 1456 3224 1524 διαταράττειν
3288 1448 3566 1522 πρόφασίς

1982 1561 2116 1597 ποτε
2175 1545 2411 1612 γένοιτο,
2467 1548 2657 1611 κακῶς
2713 1546 2812 1616 μὲν
2840 1545 3161 1599 παντάπασι
3211 1541 3317 1593 καὶ
3340 1538 3563 1598 ἀδίκως,

1984 1636 2199 1702 γένοιτο
2227 1636 2362 1702 γοῦν
2417 1638 2557 1706 μετὰ
2592 1637 2687 1690 τοῦ
2722 1635 2961 1705 πονηροῦ
2994 1632 3248 1704 ζητοῦντι
3294 1631 3361 1684 τὰ
3395 1629 3564 1682 σκάν-

1981 1728 2141 1790 δαλα,
2176 1729 2370 1783 τούτου
2424 1729 2488 1800 δὴ
2537 1730 2700 1799 χάριν
2727 1730 2821 1782 καὶ
2861 1730 2927 1781 τὰ
2960 1727 3208 1795 παρόντα
3237 1724 3565 1793 γράμματα,

1982 1818 2119 1874 Θεοῦ
2150 1820 2317 1874 αὑτοῦ
2355 1823 2696 1875 κατενώπιον
2753 1822 2897 1875 κατὰ
2946 1820 3054 1872 τῶν
3092 1817 3287 1888 πρώην
3318 1817 3568 1876 ἐκείνων,

301 1880 391 1967 an
418 1880 798 1967 iivalaéésﬁait
831 1911 899 1965 τὰ
938 1880 1165 1965 τοιαῦτα
1194 1880 1503 1979 γράμματα
1533 1906 1631 1958 καὶ
1679 1899 1877 1970 ἀφανί-
1915 1880 1954 1933 Β
1980 1911 2057 1975 ὡς
2106 1912 2341 1982 ἔφημεν⁹
2413 1913 2825 1983 γεγραμμένων
2878 1880 3201 1979 ἐξεθέμεθᾷ,
3244 1880 3330 1960 ’Δι’
3371 1902 3447 1960 ὧν
3476 1906 3571 1959 καὶ

302 2022 385 2058 σαι
434 2002 694 2074 ἠμελήθη
755 2001 886 2071 παρ’
923 2000 1103 2071 ἡμῶν,
1161 2002 1256 2052 καὶ
1282 1997 1407 2052 οὔτε
1439 1995 1709 2065 ἐλάϐομεν
1756 1991 1881 2045 οὔτε

300 2096 672 2167 ἠφανίσαμεν.
727 2094 1089 2167 Εὑρίσκονται
1122 2086 1216 2146 οῦν
1248 2090 1474 2158 ἀρτίως,
1523 2090 1619 2144 καὶ
1650 2087 1881 2141 δίδονται

303 2193 374 2252 εἰς
410 2192 612 2259 χεῖρας
653 2189 730 2258 τῷ
768 2190 1048 2261 κρατίστῳ
1084 2189 1179 2242 καὶ
1215 2187 1428 2258 βασιλεῖ
1475 2200 1576 2254 μου
1599 2183 1691 2235 καὶ
1726 2180 1884 2233 αὑτο-

305 2284 558 2353 κρὰτορι.
585 2282 722 2351 Παρ⁹
752 2274 814 2334 οὗ
846 2282 939 2334 καὶ
970 2281 1107 2352 πρὸς
1128 2281 1274 2350 ἡμᾶς
1298 2278 1623 2349 ἐρωτήσεως
1655 2270 1886 2341 γενομέ-

303 2394 396 2445 νης
422 2376 609 2428 αὐτῶν
645 2375 709 2445 δὴ
739 2375 948 2427 τούτων
971 2373 1080 2427 τῶν
1116 2373 1470 2443 γραμμάτων
1497 2370 1706 2430 ἐνεκεν,
1730 2367 1884 2420 οὐδὲν

304 2467 489 2536 ἐτερος
514 2464 546 2534 ἢ
578 2466 709 2518 αὐτὸ
736 2466 797 2517 τδ
844 2463 1044 2535 ἀληθὲς
1075 2465 1321 2524 εἰπόντες
1345 2459 1881 2530 ἐπληροφορήσαμεν

305 2554 412 2612 οἷον
444 2559 531 2611 ὅτι
566 2557 628 2609 οὐ
656 2554 752 2609 νῦν
785 2556 1049 2627 πρότερον
1098 2555 1195 2624 τὴν
1224 2551 1452 2622 γνώμην
1486 2548 1883 2619 μεταϐαλόντες

310 2743 397 2812 qui
431 2740 713 2811 superius,
746 2745 806 2792 ιιι
839 2737 1048 2792 dictum
1095 2744 1199 2804 est,
1244 2749 1447 2789 vexare
1479 2747 1578 2789 nos
1610 2741 1657 2787 et
1686 2731 1888 2788 laedere

311 2835 662 2891 studuerant.
692 2833 810 2887 Non
859 2832 1003 2885 enim
1048 2828 1150 2883 fuit
1197 2828 1459 2882 memoris
1500 2826 1885 2880 mandatorum

312 2926 494 2999 legum
540 2942 605 2981 ac
646 2913 1186 2980 commendationum
1225 2922 1538 2975 divinarum
1581 2917 1771 2982 animi,
1825 2931 1887 2971 ac

310 3022 536 3075 omnino
579 3028 783 3073 metum
845 3017 1103 3073 habentis
1148 3014 1321 3085 ipsius
1363 3014 1482 3077 Dei,
1537 3019 1592 3067 ct
1647 3010 1887 3065 futurum

307 3110 578 3183 judicium
624 3108 784 3180 255
832 3108 993 3162 simul
1048 3122 1111 3163 ac
1141 3105 1558 3161 retributionem
1597 3113 1744 3157 certa
1774 3114 1894 3170 per-

314 3203 578 3257 suasione
620 3199 947 3270 reputantis,
979 3198 1328 3268 implacabile
1366 3196 1551 3250 odium
1580 3206 1799 3250 servare
1837 3197 1892 3245 et

272 3280 276 3284 ’
312 3307 417 3362 pro
458 3292 623 3348 malis
654 3292 794 3345 mala
838 3289 1156 3358 rependere,
1206 3303 1385 3358 neque
1413 3288 1564 3341 diras
1606 3282 1894 3355 imprecari

315 3389 386 3442 lis
430 3385 524 3453 qui
568 3384 702 3439 mihi
736 3389 1068 3445 nocuerant,
1100 3395 1222 3435 cum
1259 3395 1358 3450 pro
1391 3379 1591 3433 talibus
1625 3375 1895 3432 orandum

317 3480 466 3533 Deus
509 3477 659 3530 clare
704 3474 853 3529 dicat
891 3481 943 3527 et
984 3473 1194 3543 jubeat.
1251 3470 1485 3541 Propter
1533 3471 1646 3525 lucc
1684 3456 1897 3522 litteras

315 3569 440 3624 illas
478 3583 541 3621 es
571 3565 1029 3637 pusillanimitate
1053 3573 1106 3619 et
1137 3563 1464 3633 aegritudine
1491 3560 1693 3616 turbati
1728 3558 1898 3613 animi

321 3661 628 3732 prolectas,
685 3659 991 3729 praesertim
1047 3672 1180 3713 vero
1212 3668 1465 3710 cunctam
1496 3653 1631 3723 ipsis
1675 3652 1901 3706 inditam

321 3753 682 3809 acerbitatem
734 3749 1097 3805 anathematis
1145 3756 1199 3804 et
1237 3747 1596 3818 piacularium
1634 3758 1900 3800 noxarum

321 3860 386 3898 ex
414 3853 529 3895 toto
553 3843 773 3910 penitus
800 3841 981 3893 animo
1009 3839 1194 3908 rcjeci,
1231 3837 1445 3891 cunctis
1474 3852 1611 3906 quos
1635 3834 1909 3903 subjicere

321 3932 503 4001 pinnis
546 3928 857 3984 istiusmodi
908 3928 1218 3992 volueram,
1262 3926 1477 3996 plenam
1525 3926 1906 3989 sinceramque

324 4021 612 4092 indulgens
665 4021 882 4073 veniam
941 4033 1005 4073 ac
1055 4033 1265 4090 pacem.
1323 4018 1513 4085 itaque
1566 4031 1750 4072 merus
1803 4014 1906 4069 fuit

324 4129 488 4170 casus
525 4112 849 4175 oblivionis,
881 4111 1030 4181 quod
1062 4111 1223 4165 nobis
1257 4110 1311 4164 in
1350 4118 1584 4164 mentem
1614 4123 1723 4161 non
1751 4123 1908 4161 vene-

326 4209 398 4262 rit
449 4220 728 4261 resumere
784 4205 907 4259 inde
945 4205 1158 4260 litteras
1190 4203 1311 4258 illas
1364 4211 1417 4258 et
1463 4202 1706 4266 abolere,
1748 4207 1909 4270 prout

332 4299 818 4353 constitueramus.
886 4295 993 4350 Sed
1062 4296 1189 4365 quia
1253 4294 1586 4364 negligentia
1657 4292 1907 4362 quaedam

329 4400 514 4445 nostra
538 4406 605 4442 ne
625 4403 1030 4444 resumeremus
1051 4396 1107 4442 et
1134 4388 1477 4443 aboleremns
1499 4387 1730 4451 obstitit,
1755 4400 1909 4440 seen-

331 4493 443 4538 tum
473 4484 601 4537 inde
622 4493 707 4536 est
736 4490 796 4535 ut
827 4482 987 4536 modo
1011 4482 1115 4535 illa:
1137 4481 1513 4550 reperirentur
1536 4480 1909 4545 darentnrqne

1981 2005 2147 2058 πάλιν
2176 2006 2238 2057 οὐ
2272 2003 2626 2075 συγχώρησιν
2667 2003 2827 2074 μόνον
2866 2004 3051 2055 πᾶσαν
3092 2002 3257 2054 πᾶσιν
3286 1997 3456 2051 ἁπονέ
3470 2013 3571 2066 μο-

1984 2114 2085 2166 μεν
2117 2097 2253 2159 τοῖς,
2309 2096 2384 2159 ὡς
2414 2095 2657 2166 εἴρηται,
2704 2094 2865 2166 ήμῶν
2896 2093 2977 2147 ἐτι
3040 2090 3572 2162 πατριαρχευόντων

1982 2188 2365 2259 ἐπιτιμηθεϊσι
2415 2187 2601 2256 λόγοις
2653 2187 2686 2257 ἢ
2726 2186 3060 2256 γράμμασιν
3100 2182 3404 2253 ἡμετέροις
3457 2180 3573 2232 τισὶ

1984 2283 2244 2353 φανεροῖς
2285 2283 2344 2334 ἐν
2396 2280 2473 2350 τῷ
2527 2280 2758 2349 παρόντι
2798 2276 3192 2347 γεγενημένοις
3255 2273 3288 2344 ἢ
3350 2274 3407 2325 ἐν
3459 2273 3574 2333 τοῖς

1984 2372 2210 2444 ὕστερον
2231 2372 2339 2427 τῶν
2370 2372 2580 2443 χρόνων
2601 2371 2786 2442 δήλοις
2813 2368 3117 2440 ἐσομένοις,
3142 2365 3280 2421 ἀλλὰ
3304 2365 3395 2419 καὶ
3419 2364 3571 2434 εἰρή-

1984 2481 2084 2535 νην
2116 2466 2212 2518 καὶ
2241 2463 2340 2534 τὴν
2363 2463 2503 2517 κατὰ
2530 2463 2663 2517 Θεὸν
2695 2463 2920 2531 ἀγάπην
2945 2457 3085 2530 μετὰ
3117 2458 3337 2511 πάντων
3362 2456 3574 2509 τούτων

1985 2557 2284 2628 κυροῦμεν,
2338 2554 2512 2609 οὐδενί
2571 2571 2626 2609 τι
2681 2555 2789 2607 τῶν
2845 2554 3106 2608 ἁπάντων
3158 2549 3234 2604 ὡς
3269 2547 3363 2602 ὑπ’
3401 2545 3574 2600 αὐτοῦ

1988 2745 2143 2792 runt.
2177 2735 2257 2791 Ne
2292 2743 2471 2789 autem
2514 2734 2681 2806 256
2709 2734 2819 2788 ulla
2846 2731 2973 2787 inde
2996 2729 3136 2785 male
3173 2727 3385 2783 affectis
3442 2739 3573 2795 erga

1987 2837 2231 2884 sanctam
2255 2827 2345 2881 Dei
2377 2825 2701 2890 Ecclesium,
2721 2836 2775 2880 ct
2798 2825 3018 2879 turbare
3050 2823 3193 2876 illam
3220 2816 3576 2875 studentibus

1987 2920 2209 2976 occasio
2236 2927 2329 2971 aut
2354 2927 2652 2989 praetextus
2700 2929 2944 2985 unquam
2975 2914 3210 2969 exsistat
3239 2909 3295 2965 id
3334 2906 3579 2963 conandi

1991 3009 2159 3080 (quod
2189 3007 2411 3078 quidem
2442 3019 2726 3077 perperam
2757 3017 2809 3059 et
2842 3004 3045 3074 injuste
3069 3001 3335 3066 facerent,
3370 3011 3576 3068 coope-

1989 3110 2185 3157 rantcs
2245 3100 2489 3167 maligno
2521 3097 2802 3167 quaesitori
2848 3092 3261 3162 scandalorum)
3301 3090 3470 3158 hujus
3496 3086 3578 3141 rei

1996 3191 2170 3265 gratia
2214 3200 2512 3260 praesentes
2567 3190 2798 3253 litteras,
2854 3186 3059 3241 intuitu
3112 3183 3202 3238 Dei
3262 3178 3576 3252 praesentis,

2004 3284 2266 3339 adversus
2296 3281 2442 3345 illas,
2486 3287 2542 3333 ut
2572 3279 2831 3341 diximus,
2864 3291 2891 3330 a
2920 3276 3080 3331 nobis
3128 3270 3279 3344 prius
3324 3270 3578 3339 scriptas,

2002 3375 2299 3437 edidimus,
2332 3388 2428 3442 per
2456 3385 2593 3443 quas
2616 3371 2780 3425 etiam
2811 3383 3007 3422 rursus
3038 3381 3147 3420 non
3167 3364 3378 3420 veniam
3401 3362 3578 3417 solum

2002 3476 2057 3521 et
2100 3464 2499 3522 absolutionem
2554 3477 2771 3515 omnem
2837 3463 3186 3529 impertimus
3232 3460 3299 3512 iis
3347 3456 3462 3525 qui,
3524 3463 3584 3506 ut

2003 3561 2208 3615 dictum
2242 3566 2348 3618 est,
2384 3570 2413 3609 a
2450 3555 2607 3609 nobis
2646 3552 3077 3623 patr‘archatnm
3110 3549 3421 3620 gerentibus
3453 3546 3584 3601 sub-

1999 3651 2134 3719 jccti
2194 3648 2449 3702 censuris
2521 3646 2862 3715 quibuslibet
2926 3646 3161 3708 fuerant,
3237 3643 3418 3697 verbis
3489 3653 3585 3694 aut

2005 3741 2204 3796 litteris
2239 3740 2443 3794 nostris
2469 3738 2792 3806 quibusdam
2831 3752 2977 3791 nunc
3010 3736 3320 3806 publicatis,
3356 3749 3420 3788 ac
3452 3734 3585 3802 qui-

2005 3834 2331 3900 buscunqne
2378 3832 2499 3884 aliis
2553 3840 2837 3892 secuturo,
2868 3829 2913 3883 si
2959 3828 3115 3890 forte,
3153 3836 3398 3895 tempore
3444 3839 3582 3893 quo-

2011 3925 2311 3980 Inodolibet
2348 3923 2712 3989 publicandis.
2742 3921 2943 3975 Contra
2975 3936 3110 3988 quas
3135 3934 3321 3988 pactnn
3345 3920 3433 3971 hic
3458 3925 3511 3969 et
3532 3916 3583 3969 In

2010 4021 2119 4074 lteo
2157 4019 2483 4076 charitatem
2516 4030 2672 4086 teque
2719 4015 2971 4069 omnibus
3002 4014 3281 4067 tlrmamns
3307 4021 3362 4066 et
3408 4010 3591 4064 sanni-

2011 4131 2131 4170 mus
2182 4122 2449 4175 nostram,
2490 4112 2694 4167 nemini
2752 4112 3014 4175 omnium,
3078 4115 3337 4179 tanquam
3394 4108 3462 4161 ab
3518 4119 3585 4159 eo

2011 4209 2060 4263 vi
2088 4208 2264 4262 'elicet
2290 4206 2488 4276 injuria
2516 4205 2715 4270 affecti,
2750 4203 2959 4268 odium,
2999 4203 3134 4255 iram
3167 4208 3263 4254 aut
3296 4211 3581 4252 rancorem

2012 4303 2219 4364 ullum,
2281 4300 2636 4354 acerbitatem
2709 4298 3149 4367 qualemcunque
3210 4306 3432 4363 gravem
3490 4299 3587 4343 a'tt

2012 4394 2185 4447 levem
2212 4392 2552 4459 dcsignantis
2586 4400 2679 4443 aut
2708 4389 3003 4458 indigentis
3039 4387 3316 4448 vindictae,
3342 4381 3585 4453 reposita

2013 4487 2158 4538 velut
2184 4484 2237 4537 in
2275 4484 2415 4539 besze
2456 4483 2654 4535 utentis
2679 4483 2801 4535 sinu
2836 4488 3142 4535 servantes.
3174 4477 3329 4544 Quod
3357 4462 3404 4531 si
3434 4476 3583 4545 quis,

332 4575 955 4645 potentissimodomino
977 4589 1096 4629 meo
1120 4573 1573 4643 imperatori,qui
1606 4588 1730 4625 cum
1758 4574 1903 4625 circa
1937 4566 1982 4620 D
2010 4579 2322 4646 quicunque
2380 4574 2598 4629 tandem
2650 4573 2836 4635 fuerit,
2888 4572 2973 4627 vel
3028 4569 3316 4641 pradicias
3366 4575 3589 4622 nostras
3663 4570 3670 4583 ‘

334 4666 463 4720 istas
537 4679 566 4716 a
631 4665 786 4717 nobis
849 4663 1083 4732 scriptas
1148 4663 1360 4717 litteras
1420 4661 1748 4731 interrogari
1810 4675 1911 4714 nos

334 4766 602 4819 curasset,
636 4756 771 4809 nihil
808 4755 956 4809 aliud
990 4755 1093 4808 nisi
1118 4755 1264 4824 quod
1297 4769 1486 4809 revera
1528 4765 1645 4808 erat
1685 4769 1911 4825 respon-

334 4850 520 4903 dentes
538 4848 951 4912 amrmavimns,
973 4846 1232 4900 nimirum
1255 4861 1360 4901 non
1384 4862 1483 4902 nos
1502 4861 1648 4899 nunc
1672 4847 1906 4915 primum

338 4948 512 4995 mente
568 4947 775 4993 mutata
839 4938 1049 4993 solvere
1104 4953 1489 5008 quamcunque
1551 4944 1907 4991 memoratam

338 5033 447 5089 illic
505 5046 821 5097 censuram,
890 5045 955 5086 ac
1009 5031 1170 5101 plane
1230 5029 1552 5100 sincereque
1595 5027 1910 5084 condonare

340 5126 608 5179 universis
639 5125 694 5178 in
723 5138 864 5194 quos
903 5122 1286 5178 intendebatur
1332 5138 1547 5193 pinnam
1596 5138 1909 5192 noxamque

342 5229 553 5271 omnem
578 5214 872 5284 ejusmodi,
898 5215 992 5269 sed
1024 5215 1196 5269 multo
1226 5227 1408 5278 antea,
1431 5216 1539 5283 jam
1560 5224 1672 5269 tum
1687 5215 1911 5268 scilicet

340 5309 561 5376 quando
625 5307 968 5362 decrevimus
1027 5308 1374 5376 patriarchali
1435 5309 1634 5363 throno
1693 5307 1912 5374 cedere,

341 5398 628 5453 confestim
660 5413 878 5453 omnem
927 5400 982 5453 in
1012 5413 1204 5454 omnes
1240 5398 1600 5455 offensionem
1649 5402 1908 5470 deposui-

342 5505 486 5554 mus,
555 5491 762 5545 nullam
823 5490 1089 5545 adversus
1157 5489 1326 5545 ullum
1393 5492 1743 5548 manifestam
1812 5501 1910 5548 aut

341 5583 609 5636 occultam
651 5581 917 5636 habentes
948 5582 1384 5638 malevolentiam
1416 5592 1511 5636 aut
1558 5585 1907 5653 cupiditatem

345 5674 593 5734 ultionis,
663 5684 1104 5744 memoratasque
1179 5676 1784 5731 excommunicationcs
1854 5686 1911 5732 et

343 5771 567 5818 eseteras
624 5763 997 5835 irrogationes
1058 5781 1344 5836 pcenarum
1407 5783 1471 5821 ex
1536 5778 1667 5823 tunc
1723 5769 1906 5823 sta'im

345 5852 621 5911 abolcntes
649 5855 1053 5927 abrogavimus.
1096 5856 1184 5912 Sic
1224 5856 1314 5912 illa
1348 5872 1413 5912 cx
1448 5873 1573 5913 vero
1612 5873 1667 5913 sc
1705 5856 1906 5914 habue-

2017 4670 2254 4732 litteras,
2281 4669 2452 4734 omni,
2484 4680 2546 4722 ut
2575 4667 2913 4723 declaratum
2950 4673 3055 4729 est,
3085 4662 3428 4718 auctoritatis
3454 4675 3592 4733 pon-

2012 4766 2143 4820 dere
2168 4771 2443 4827 carentes,
2494 4760 2579 4815 vel
2634 4760 2772 4814 alias
2823 4758 3096 4828 quaslibet
3128 4756 3332 4826 pariter
3374 4763 3591 4811 nostras

2016 4854 2071 4909 in
2105 4862 2427 4925 praetextum
2454 4851 2739 4907 turbarum
2769 4861 2963 4906 contra
2986 4848 3261 4920 quoslibet
3282 4863 3317 4903 e
3335 4862 3590 4901 commu-

2012 4947 2330 5002 nicautihns
2392 4944 2648 4999 Ecclesia
2702 4944 2946 5014 proferre
3008 4942 3240 4998 voluerit
3300 4949 3355 4994 et
3411 4939 3590 5008 reipsa

2014 5040 2246 5094 turbans
2276 5040 2586 5108 protulerit,
2620 5038 2769 5092 hunc
2813 5036 3163 5091 maledictum
3194 5043 3249 5090 et
3285 5034 3589 5088 obnoxium

2013 5129 2305 5185 reddenda!
2332 5128 2455 5182 facti
2484 5127 2870 5199 hujugrationi
2886 5142 3009 5182 esse
3031 5127 3307 5191 volumus,
3330 5132 3590 5192 tanquam

2015 5224 2107 5291 qui
2161 5221 2397 5291 propria:
2425 5220 2741 5290 obsequens
2774 5220 3101 5288 malignitati
3134 5234 3245 5272 non
3271 5231 3452 5271 veram
3488 5228 3591 5268 no-

2013 5316 2119 5380 bis,
2141 5313 2235 5369 sed
2255 5313 2479 5368 omnino
2501 5310 2691 5367 falsam
2718 5312 3072 5368 intentionem
3091 5311 3377 5379 impingat.
3402 5308 3591 5360 Mense

2015 5403 2341 5474 Septembri,
2392 5402 2693 5457 indictione
2720 5419 2799 5457 ιι.
2857 5421 2875 5453 ι
2934 5401 3172 5456 Suberat
3211 5408 3389 5453 autem
3439 5395 3593 5451 hisce

2012 5496 2210 5551 litteris
2235 5496 2347 5550 haec
2379 5495 2713 5565 subscriptio
2739 5512 2752 5548 :
2778 5515 2799 5546 τ
2833 5494 3168 5548 Athanasius
3188 5500 3461 5561 peccator,
3494 5490 3587 5559 qui

2011 5589 2087 5641 fui
2117 5586 2428 5657 patriarcha
2464 5585 2978 5655 Constantinopolis
3014 5592 3171 5639 novae
3201 5582 3406 5635 Romae.
3449 5600 3466 5630 ι
3505 5579 3587 5633 Ex

2010 5680 2114 5735 huc
2171 5679 2366 5734 ultimo
2413 5677 2624 5747 scripto
2676 5676 2989 5741 Athanasii,
3016 5675 3220 5745 quires
3244 5672 3366 5742 ejus
3389 5686 3590 5727 censo-

2008 5768 2107 5822 riis
2138 5766 2314 5822 oculis
2345 5764 2731 5827 observabant,
2754 5764 3111 5818 nihilominus
3157 5760 3391 5815 validum
3424 5758 3589 5828 257

2009 5877 2173 5933 quam
2207 5877 2271 5916 ex
2318 5858 2426 5913 ullo
2465 5858 2716 5926 superius
2752 5854 3260 5912 animadversurum
3294 5852 3577 5923 pravitatis
