3862 6546
373 367 484 433 283

1576 375 1905 436 GEORGII
1935 381 2125 440 PACH
2141 378 2417 442 ΥΜΕΗίΕ

3568 371 3684 430 284

372 485 538 554 δῆθεν
564 484 886 556 ἠδικημένοι
917 485 1120 557 ἔχθραν
1151 486 1183 558 ἢ
1210 487 1382 558 ὀργὴν
1414 489 1446 560 ἢ
1474 490 1641 562 βάρος
1687 495 1748 546 τὸ
1789 497 1957 565 τυχὸν
1985 504 2030 558 Α
2062 499 2350 568 γράμμασι
2387 497 2484 551 καὶ
2511 495 2660 549 λύειν
2694 495 2866 549 ἐθέλοι
2914 495 3006 550 καὶ
3054 492 3340 565 ἀφανίζειν
3385 495 3607 562 αίροῖτο
3645 488 3683 544 ἁ

373 577 857 645 ἀποταμιεύοντες.
911 578 1020 631 Καὶ
1074 579 1127 631 ei
1177 595 1261 641 τις
1311 580 1374 651 δή
1414 599 1542 635 ποτε
1603 585 1670 637 τὰ
1699 585 1962 655 λεχθέντα

375 669 682 738 γράμματα
703 672 797 722 καὶ
827 671 887 722 ού
912 670 1114 740 βάρους
1138 672 1513 746 μετέχοντα,ἢ
1543 677 1706 748 ἕτερα
1733 681 1962 732 κάκεῖνα

373 760 640 830 ἡμέτερα,
696 763 778 823 είς
826 765 1075 832 ταραχῆς
1132 765 1410 832 πρόφασιν
1472 770 1614 822 κατά
1661 788 1823 822 τινων
1853 772 1962 826 τῶν

373 852 779 904 κοινωνούντων
831 855 896 922 τῇ
933 855 1239 926 Ἐκκλησία
1299 857 1680 926 προϐαλέσθαι
1740 859 1960 931 θελήσοι

373 946 469 998 καὶ
494 947 783 1016 ταράσσων
817 949 1197 1016 προϐάλλοιτο,
1222 949 1414 1002 τοῦτον
1445 953 1721 1022 ἐπάρατον
1753 955 1846 1006 καὶ
1884 954 1958 1023 μὴ

370 1037 664 1090 ἀνεύθυνον
696 1036 834 1091 εἶναι
870 1039 1202 1108 βουλόμεθα.
1228 1042 1302 1104 ὼς
1341 1043 1478 1094 ἰδίαν
1509 1044 1610 1113 μὲν
1639 1044 1957 1112 πληροῦντα

369 1129 588 1190 κακίαν,
622 1133 877 1200 ἀφορμὴν
911 1132 954 1184 δ’
991 1135 1137 1201 ἡμᾶς
1165 1135 1265 1187 ούκ
1298 1136 1496 1205 ἀληθῆ,
1521 1135 1690 1206 ψευδῆ
1727 1138 1784 1190 δὲ
1819 1155 1958 1190 παν-

365 1222 538 1283 τελῶς
561 1223 1020 1292 προϐαλλόμενον.
1052 1227 1198 1293 Μηνὶ
1239 1227 1622 1299 Σεπτεμϐρίῳ,
1659 1230 1759 1283 ινδ.
1797 1230 1884 1283 ια’.
1931 1250 1950 1283 ι

397 1315 474 1368 Ην
537 1314 592 1366 δὲ
649 1317 743 1368 καὶ
801 1320 913 1379 τοῖς
972 1320 1300 1388 γράμμασιν
1349 1322 1730 1392 ύποσήμανσις
1777 1323 1953 1393 αὕτη⁸

381 1435 400 1457 ι.
439 1406 761 1470 Ἀθανάσιος
803 1410 1129 1480 ἁμαρτωλὸς
1169 1413 1196 1465 ὁ
1226 1413 1576 1482 χρηματίσας
1610 1417 1958 1486 πατριάρχης

365 1495 991 1560 Κωνσταντινουπόλεως
1021 1500 1146 1563 νέας
1182 1501 1428 1572 Ῥώμης.
1462 1523 1480 1553 ι
1514 1504 1826 1575 Ἀθανασίῳ
1853 1505 1954 1574 μὲν

364 1582 460 1640 οὖν
489 1588 644 1641 οὐδὲν
674 1590 914 1643 ἐλάττων
946 1592 1054 1644 τῶν
1080 1593 1257 1646 ἄλλων
1285 1596 1436 1648 αίτία
1471 1595 1564 1648 καὶ
1601 1596 1740 1666 αὕτη
1780 1617 1954 1668 προσ-

363 1679 634 1740 πεσοῦσα.
667 1681 760 1734 τού
792 1681 942 1746 δόξαι
976 1683 1074 1752 οὐχ
1109 1680 1274 1756 ἦττον
1321 1684 1528 1755 βαθέως
1558 1687 1589 1757 ἢ
1627 1688 1826 1757 ῥᾳδίως
1859 1693 1956 1759 ὲρ-

363 1769 656 1836 γάζεσθαι,
691 1773 895 1840 μείζων
929 1775 1080 1844 παρὰ
1115 1778 1229 1838 τοῖς
1260 1776 1383 1830 κατ’
1413 1778 1624 1831 ἐκείνου
1650 1781 1951 1852 ἐπιτηρού-

364 1878 451 1915 σιν
482 1861 664 1926 ἒδοξεν
697 1863 901 1932 ἑαυτῆς
935 1841 1088 1919 Exite:
1121 1866 1212 1920 τοῦ
1243 1869 1337 1920 καὶ
1367 1869 1532 1922 αὐτὸν
1575 1841 1857 1940 ὁμολογεῖν
1891 1873 1952 1926 τὸ
1987 1841 2027 1897 Β

362 1955 640 2024 προσῆκον
669 1956 1036 2026 Χριστιανοῖς,
1058 1961 1133 2023 ὡς
1158 1958 1280 2012 οὗτε
1311 1959 1408 2030 τῆς
1441 1960 1538 2014 τοῦ
1566 1962 1700 2014 Θεοῦ
1733 1964 1954 2035 ἐντολῆς

360 2045 487 2100 οὔτε
510 2048 618 2099 τῶν
645 2050 854 2103 ἐκείνου
905 2050 1087 2121 νόμων
1141 2055 1231 2105 καὶ
1273 2055 1783 2126 παραγγελμάτων,
1826 2057 1952 2110 οὔτε

365 2141 472 2208 μὴν
505 2139 681 2211 ψυχῆς
708 2142 870 2212 φόϐον
901 2144 1038 2206 ὅλως
1090 2145 1328 2216 ἐχούσης
1363 2147 1529 2202 αὑτοῦ
1561 2150 1656 2201 τοῦ
1683 2150 1818 2203 Θεοῦ
1858 2152 1952 2204 καὶ

359 2233 569 2286 ἔννοιαν
595 2234 695 2301 τῆς
723 2236 1161 2303 ἀνταποδόσεως,
1183 2240 1330 2293 κακὰ
1360 2240 1482 2294 ἀντὶ
1512 2242 1697 2294 κακῶν
1719 2243 1950 2296 ἀποδοῦ-

359 2341 466 2379 ναι.
501 2326 563 2379 Εἰ
584 2326 640 2378 δέ
667 2343 718 2379 τι
748 2327 878 2381 ἄλλο
925 2330 1034 2382 ἀπὸ
1075 2329 1314 2401 Χριστοῦ
1376 2335 1702 2404 ἀφορισμῶν
1767 2338 1950 2406 μεῖζον

361 2419 530 2472 κακὸν
561 2419 735 2474 ταῦτα
755 2421 842 2474 ἐπ’
859 2422 1065 2487 αἰτίαις
1083 2427 1248 2488 τισὶν,
1274 2429 1299 2480 ό
1326 2426 1496 2480 θέλων
1519 2430 1776 2498 κρινέτω.
1799 2431 1950 2494 Τέως

332 2517 423 2576 ’γε
457 2513 564 2580 μὴν
592 2513 694 2566 κάν
719 2512 797 2582 τῷ
825 2513 1137 2582 ὁμολογεῖν,
1163 2517 1288 2570 ὅσον
1327 2520 1386 2570 τὸ
1413 2518 1612 2583 δοκεῖν,
1647 2521 1722 2582 ὼς
1750 2520 1852 2573 ούκ
1891 2523 1948 2574 ὲν
1978 2572 1996 2578 _.

359 2601 538 2674 χρόνῳ
567 2606 697 2668 τινί,
725 2605 864 2659 ἀλλὰ
899 2609 993 2660 καὶ
1025 2601 1226 2662 αὐτίκα
1285 2611 1375 2663 ἐπ’
1427 2611 1611 2676 αὐτοῖς
1645 2614 1944 2685 μεταγνοίη

359 2781 536 2851 ipsius
579 2781 930 2849 indiciorum,
965 2798 1349 2858 argumentum
1386 2791 1659 2847 duxerunt
1699 2795 1766 2848 ad
1801 2796 1946 2863 judi-

354 2877 593 2932 candum
627 2877 840 2933 Vufrum
875 2895 1000 2936 esse
1040 2883 1195 2936 illum
1236 2900 1297 2939 ac
1331 2885 1650 2951 subdolum,
1693 2891 1946 2946 minime-

355 2985 464 3041 que
495 2971 654 3026 bonaa
707 2972 830 3027 ﬁdei
880 2988 944 3027 ac
985 2974 1214 3030 sincera:
1241 2977 1294 3031 in
1329 2981 1539 3047 agendo
1570 2981 1942 3050 simplicitatis

356 3066 660 3122 hominem.
706 3067 841 3122 Nam
892 3085 962 3124 ne
999 3083 1118 3123 acta
1161 3071 1281 3137 ejus
1315 3073 1442 3138 ista,
1474 3091 1594 3143 quae
1624 3093 1768 3131 nunc
1815 3093 1943 3146 pur-

2065 591 2200 653 τέως
2236 589 2353 643 ἔδεέ
2382 607 2439 643 τε
2473 588 2565 642 καὶ
2593 587 2943 660 ἠσφαλίζετο.

2066 705 2165 752 κε’.
2201 699 2346 767 Περὶ
2383 699 2492 752 τοῦ
2525 698 2968 767 Ταρχανειώτου
2997 697 3302 767 Ἰωάννου.
3336 697 3500 762 ὅπως
3535 692 3678 748 κατ’

2339 766 3020 837 ἀνατολὴνστρατηγὸς
3048 766 3388 837 ἀπεστάλη.

2137 861 2358 915 Βασιλεῖ
2383 861 2438 914 δὲ
2469 861 2556 934 [Ρ.
2595 861 2720 934 174]
2749 863 2845 916 καὶ
2865 861 3022 923 αὖθις
3046 861 3268 930 φροντὶς
3299 856 3367 932 ῆν
3396 860 3456 913 ού
3483 856 3677 927 μικρὰ

2062 955 2600 1023 παρακεκινημένων
2636 953 2788 1007 ἔνθεν
2827 955 2926 1026 μὲν
2947 955 3056 1008 τῶν
3109 955 3390 1024 Τοχάρων,
3431 954 3556 1006 ὅσοι
3605 951 3674 1022 δὴ

2061 1045 2157 1098 καὶ
2192 1047 2287 1098 ἐπὶ
2326 1046 2559 1115 βορείοις
2583 1049 2697 1110 τοῖς
2722 1048 2948 1116 μέρεσιν
2980 1046 3210 1110 ἔκειντο,
3253 1045 3465 1099 ἐκεῖθεν
3503 1042 3571 1096 δέ
3605 1059 3674 1110 γε

2059 1135 2166 1188 τῶν
2198 1137 2520 1206 Τριϐαλλῶν
2547 1138 2854 1208 χρωμένων
2885 1138 2963 1209 τῷ
2997 1136 3333 1210 Κοτανίτζῃ,
3377 1137 3437 1199 ὃς
3465 1136 3537 1206 δὴ
3570 1135 3672 1188 καὶ

2059 1229 2305 1300 ἀποδρὰς
2365 1230 2643 1295 ἐντεῦθεν,
2709 1233 3011 1302 προσρυεὶς
3067 1231 3147 1298 τῷ
3193 1231 3372 1303 κράλῃ
3417 1227 3672 1300 Σερϐίας

2057 1319 2348 1391 ληΐστορος
2381 1323 2582 1393 τρόπον
2616 1324 2902 1376 καταθέων
2937 1322 3026 1394 [Ρ.
3072 1320 3198 1393 175]
3247 1321 3317 1374 τὰ
3351 1321 3668 1390 πρόσχωρα

2056 1410 2327 1479 ὲληῖζετο,
2375 1414 2436 1467 ού
2476 1415 2585 1484 μὴν
2613 1414 2670 1468 δὲ
2719 1413 2858 1467 ἀλλὰ
2887 1415 2984 1468 καὶ
3017 1412 3128 1466 τῶν
3160 1413 3260 1484 τῆς
3292 1412 3574 1479 ἀνατολῆς
3601 1410 3665 1462 οὑ

2055 1506 2240 1572 καλῶς
2269 1507 2504 1578 ἑχόντων
2536 1509 2601 1560 ὲκ
2628 1508 2726 1577 τῆς
2756 1507 3030 1576 προτέρας
3055 1506 3272 1572 ἐκείνης
3307 1504 3662 1574 συγχύσεως.

2056 1597 2245 1652 Ταῦτά
2277 1615 2359 1651 τοι
2399 1599 2493 1652 καὶ
2527 1597 2783 1668 βασιλεὺς
2811 1598 3004 1670 ἀνδρὸς
3034 1595 3327 1650 σπουδαίου
3351 1599 3498 1666 ὁρῶν
3540 1594 3667 1646 δεό-

2057 1707 2219 1760 μενον
2248 1691 2338 1743 τὸν
2373 1692 2566 1760 καιρ³›ν
2595 1690 2693 1744 καὶ
2719 1689 3051 1760 στρατηγοῦ,
3102 1689 3220 1758 ἅμα
3271 1687 3369 1757 μὲν
3426 1683 3663 1750 ξυνετοῦ

2055 1781 2168 1833 τῶν
2193 1779 2477 1840 τοιούτων.
2513 1781 2628 1850 ἅμα
2651 1780 2708 1832 δὲ
2733 1781 2828 1834 καὶ
2847 1781 2955 1832 τῶν
2979 1779 3307 1847 ἐγγιζόντων
3337 1776 3490 1846 αύτῷ
3517 1773 3666 1845 πρὸς

2056 1869 2270 1939 αἵματι,
2312 1869 2554 1940 παριδὼν
2586 1870 2684 1940 τὴν
2717 1869 2810 1921 ἐπὶ
2863 1867 2940 1939 τῷ
2990 1869 3251 1938 σχίσματι
3291 1866 3665 1936 μικρολογίαν

2055 1961 2150 2015 τοῦ
2192 1960 2469 2026 Ἰωάννου,
2524 1961 2618 2014 καὶ
2669 1961 2744 2024 ὡς
2777 1960 2937 2023 αὐτὸς
2981 1960 3082 2030 μὲν
3132 1960 3316 2031 ἥκιστ’
3372 1960 3440 2012 ἂν
3472 1957 3569 2010 διὰ
3600 1957 3665 2009 τὸ

2059 2053 2344 2123 σχίζεσθαι
2399 2053 2680 2124 βλάψειεν,
2713 2053 2930 2123 ὀνήσειε
2959 2052 3015 2106 δὲ
3070 2051 3130 2106 τὸ
3185 2051 3373 2105 κοινὸν
3406 2049 3495 2104 διὰ
3554 2048 3664 2118 τὴν

2055 2145 2347 2198 εὐϐουλίαν
2381 2147 2474 2199 καὶ
2508 2148 2568 2198 τὸ
2611 2145 2700 2200 ἐπ’
2733 2144 2919 2215 ἔργοις
2974 2145 3286 2209 σπουδαῖον,
3313 2145 3362 2197 εί
3400 2145 3664 2214 προσλη-

2055 2237 2239 2308 φθείη,
2272 2237 2678 2308 διανοούμενος,
2712 2238 2911 2292 αὐτίκα
2947 2239 3110 2306 ἀφεὶς
3153 2236 3406 2304 ἐγκαλεῖν
3448 2235 3664 2304 ἐκείνῳ

2052 2331 2152 2401 τὴν
2179 2331 2315 2401 πρὸς
2342 2314 2676 2400 Ἐκκλησίαν
2697 2329 2987 2400 διαφορὰν,
3018 2329 3094 2391 ὡς
3125 2325 3238 2398 εἶχε
3267 2328 3324 2381 δὲ
3364 2326 3466 2397 τῆς
3502 2324 3664 2395 γνώω

2055 2441 2162 2494 μης
2195 2425 2288 2477 καὶ
2314 2423 2481 2478 πάλιν
2503 2424 2671 2487 ἐάσας
2691 2425 2857 2493 ἔχειν,
2886 2421 3235 2494 προσλαϐὼν,
3269 2419 3472 2488 ὀλίγοις
3496 2420 3662 2471 τισὶν

2051 2514 2343 2583 ἑφοδιάσας
2375 2516 2468 2566 καὶ
2501 2516 2750 2585 χρήμασι
2789 2515 2887 2567 καὶ
2937 2513 3344 2584 στρατεύμασιν
3378 2509 3470 2563 ἐπ’
3504 2512 3658 2561 ἁνα-

2048 2605 2208 2676 τολῆς
2241 2607 2538 2676 ἐκπέμπει.
2583 2606 2643 2658 Ὀ
2672 2606 2730 2658 δὲ
2772 2607 2871 2675 τὴν
2903 2603 3202 2675 ἠγεμονίαν
3235 2602 3660 2670 ἀναδεξάμενος

2048 2785 2101 2840 in
2135 2800 2375 2853 praesens
2403 2786 2704 2840 securitate
2752 2785 2970 2839 cunctis
3015 2783 3222 2837 reddita
3277 2782 3478 2846 omnis,
3521 2796 3660 2853 qua:

2045 2893 2110 2934 ex
2138 2880 2238 2932 hoc
2267 2893 2406 2950 casu.
2425 2878 2739 2941 exstiterat,
2760 2887 2844 2932 est
2874 2877 3175 2931 commetio
3205 2876 3418 2930 sedata.

2043 2991 2132 3048 25.
2179 2992 2254 3048 De
2309 2993 2666 3047 Tarchianota
2711 2995 2956 3060 Joanne,
3003 3005 3059 3049 ut
3117 2997 3166 3049 in
3219 2996 3487 3049 Urimtem
3536 2994 3658 3049 dua:

2467 3067 2729 3120 exercitus
2763 3069 2953 3119 missus
2985 3067 3169 3135 fuerit.

356 3170 541 3227 gutum
586 3160 718 3227 ibat,
756 3161 1084 3230 ignorantiae
1115 3173 1209 3217 aut
1242 3165 1508 3222 caecitatis
1546 3186 1610 3222 ex
1651 3171 1939 3238 perturba-

2115 3155 2384 3212 Creterum
2421 3158 2934 3229 imperatoriacrem
2960 3159 3324 3214 admovebant
3359 3161 3654 3217 sollicitu-

355 3256 508 3309 tione
555 3256 832 3323 praesenti,
876 3255 1192 3312 cadentium
1243 3259 1296 3312 in
1352 3259 1502 3315 viros
1558 3261 1722 3315 etiam
1765 3263 1938 3319 honos

353 3362 631 3414 errorum,
661 3349 1114 3405 excusationibus
1145 3367 1171 3403 a
1209 3351 1568 3420 malignitatis
1601 3366 1728 3410 nota
1762 3357 1941 3412 vindi-

354 3450 633 3500 carentur,
657 3440 934 3502 obstabat,
976 3442 1122 3511 quod
1159 3445 1275 3514 ipse
1309 3461 1454 3500 nunc
1493 3447 1638 3500 ultro
1667 3446 1938 3503 fatebatur

351 3533 500 3584 seire
528 3547 651 3586 sese
694 3547 757 3586 ac
811 3548 923 3600 pra:
970 3534 1148 3589 oculis
1206 3537 1408 3592 mentis
1467 3538 1749 3604 habuisse,
1806 3539 1937 3608 quid

349 3623 642 3678 christiani
669 3625 904 3680 officium
958 3638 1235 3697 posceret,
1280 3630 1412 3698 quid
1451 3630 1545 3686 Dei
1587 3634 1934 3701 mandatum,

353 3717 486 3786 quid
519 3717 639 3786 ejus
685 3719 833 3790 leges
888 3729 942 3774 ct
986 3721 1436 3778 denuntiationes
1479 3727 1934 3796 praescriberent;

353 3818 553 3874 prmsto
580 3811 746 3863 etiam
785 3812 888 3866 sibi
926 3812 1176 3868 adfuisse
1209 3813 1300 3868 Dei
1347 3816 1595 3871 timorem
1640 3832 1702 3872 ac
1726 3820 1940 3889 cogita-
1985 3848 1990 3850 -

353 3901 558 3956 tionem
609 3915 940 3972 exspectata?
979 3906 1386 3973 retributionis,
1423 3910 1627 3978 quibus
1677 3912 1936 3970 omnibus

350 3993 518 4048 rebus
568 3996 952 4064 prohiberetur
1009 4001 1150 4053 mala
1200 4016 1300 4071 pro
1359 4003 1516 4057 malis
1557 4003 1804 4058 reddere.
1840 4004 1937 4062 llis

351 4087 547 4153 plenus
588 4087 846 4144 sensibus
882 4090 975 4160 qui
1030 4100 1215 4146 tamen
1247 4109 1613 4165 quoscunque
1660 4095 1765 4152 sibi
1818 4099 1942 4168 qui-

352 4177 592 4234 buslibet
628 4181 700 4236 de
729 4183 915 4239 causis
947 4185 1268 4242 adversatos
1299 4189 1468 4242 exitio
1499 4191 1657 4259 longe
1688 4193 1934 4248 omnium

349 4271 610 4338 maxime,
657 4276 996 4342 separationi
1045 4279 1259 4333 scilicet
1311 4293 1341 4334 a
1389 4280 1629 4345 Christo,
1668 4293 1935 4353 quantum

350 4360 455 4414 fuit
483 4362 536 4416 in
577 4364 717 4433 ipso,
765 4367 1086 4438 subjecerit,
1126 4370 1339 4438 judicet
1387 4373 1478 4440 qui
1516 4375 1663 4428 volet
1698 4391 1827 4428 num
1871 4391 1938 4430 ex

350 4468 502 4509 mera
535 4455 900 4524 imprudentia
926 4461 1394 4529 subreptioneque
1427 4464 1660 4519 turbatae
1697 4466 1934 4519 tumultu
1969 4491 2012 4547 ι)

351 4545 551 4602 mentis
601 4547 892 4619 prolapsus
925 4553 978 4606 in
1013 4553 1189 4622 prima
1237 4556 1326 4609 illa
1379 4557 1684 4628 scriptione
1744 4559 1931 4627 fuerit,

350 4656 419 4694 an
455 4659 559 4695 non
591 4644 774 4711 potius
818 4649 992 4702 atroci
1031 4650 1285 4707 vimlictre
1326 4654 1586 4723 cupidine
1636 4655 1934 4725 furoreque

351 4729 638 4800 impotenti
688 4733 903 4790 chartis
970 4752 1266 4807 expressas
1316 4741 1436 4795 istis
1488 4745 1931 4797 exsecratiunum

348 4823 754 4879 horrendarum
783 4833 1101 4900 conceperit
1137 4831 1331 4889 furias.
1367 4833 1496 4889 Utut
1524 4835 1592 4889 de.
1625 4835 1710 4890 his
1739 4835 1929 4902 fuerit,

345 4929 494 4970 nunc
545 4917 765 4990 quidem
834 4923 926 4978 ille
1008 4932 1291 4995 utcunque
1351 4928 1642 4984 satisfecit.
1716 4931 1929 4984 Etenim

348 5009 686 5074 confitendo,
737 5024 1004 5082 quantum
1037 5021 1090 5072 in
1141 5021 1384 5088 speciem
1429 5022 1564 5075 satis
1609 5021 1771 5086 foret,
1811 5038 1935 5078 sese

346 5113 458 5153 non
499 5111 689 5170 postea
743 5107 964 5163 demum
1017 5126 1182 5180 quam
1236 5112 1651 5182 renuntiaverat
1705 5115 1936 5184 patriar-

349 5193 563 5256 chatui,
621 5196 714 5250 sed
763 5197 876 5266 jam
933 5209 1048 5253 tum
1098 5211 1391 5267 antequam
1438 5201 1640 5257 throno
1691 5206 1930 5270 cederet,

348 5281 653 5342 d'unnasse
697 5304 761 5342 ac
808 5300 1025 5345 matura
1081 5294 1405 5360 pmnitcntia
1441 5310 1737 5350 revocasse
1771 5298 1934 5365 quid-

351 5376 486 5446 quid
533 5395 822 5450 perperam
873 5385 1080 5455 egisset
1118 5387 1457 5442 clancularia
1521 5391 1828 5459 scriptione
1877 5399 1932 5446 et

354 5485 550 5524 arcana
599 5472 948 5540 depositione
994 5478 1314 5533 chartarum
1366 5484 1527 5536 modo
1563 5483 1928 5549 inventarum,

349 5563 500 5617 omni
557 5565 716 5630 plane
780 5576 927 5621 metu
981 5569 1148 5624 solvit
1193 5574 1492 5641 quamlibet
1544 5575 1788 5639 timidos,
1834 5592 1934 5632 nec

349 5657 730 5726 suspicionem
777 5660 870 5712 ulli
907 5666 1261 5731 quantumvis
1301 5669 1688 5738 superstitioso
1718 5669 1936 5740 reliquit

356 5751 524 5806 ullam
559 5761 858 5807 contractae
906 5769 935 5808 a
983 5771 1044 5812 se
1076 5769 1165 5811 aut
1212 5760 1314 5816 sibi
1349 5761 1529 5816 adhuc
1563 5761 1821 5818 haerentis
1867 5779 1932 5818 ex

359 5842 467 5900 ista
508 5843 760 5904 horribili
793 5846 1067 5917 scriptura
1121 5853 1318 5918 piaculi
1351 5853 1751 5920 cuiuscunque.
1783 5855 1935 5912 Unde

2049 3250 2233 3306 dinem
2283 3261 2698 3308 commoventes
2746 3267 2874 3308 sese
2921 3253 3053 3306 hinc
3107 3253 3328 3322 quidem
3374 3255 3653 3318 Tochari,

2047 3355 2315 3412 quotquot
2364 3345 2611 3400 boreales
2649 3355 2862 3401 tractus
2895 3345 3254 3412 insederant;
3292 3347 3418 3402 inde
3451 3358 3653 3402 autem

2048 3433 2300 3501 Triballi,
2344 3437 2409 3491 ad
2442 3437 2490 3491 id
2537 3449 2752 3493 utentes
2783 3439 3090 3504 Cotanilza,
3126 3441 3218 3510 qui
3268 3447 3572 3508 postquam
3621 3453 3654 3492 τι

2047 3527 2206 3582 nobis
2263 3528 2674 3598 transfugisset,
2731 3530 3041 3598 adjnngens
3099 3543 3159 3583 se
3210 3528 3340 3583 erali
3397 3529 3651 3595 Serbia,

2046 3620 2278 3674 latronis
2339 3629 2449 3674 ritu
2513 3621 2806 3676 incursans
2865 3620 3102 3675 confinia
3174 3619 3649 3690 depraedabatur.

2043 3709 2356 3766 Accedebat
2403 3712 2468 3766 ad
2513 3711 2627 3766 hac
2660 3711 3024 3767 Orientalium
3075 3727 3295 3782 quoque
3341 3713 3649 3782 regionum

2046 3804 2214 3857 miser
2269 3811 2468 3868 status,
2516 3802 2739 3874 258e
2793 3804 3018 3874 nuperis
3072 3804 3178 3859 illis
3227 3803 3403 3858 turbis
3451 3803 3652 3858 adhuc

2046 3896 2292 3963 graviter
2333 3895 2729 3951 laborantium.
2779 3896 2901 3962 llis,
2951 3904 3116 3966 prout
3171 3913 3259 3953 res
3304 3896 3650 3966 poscebant,

2046 3987 2413 4056 procurandis
2447 4005 2571 4043 cum
2605 3989 2815 4045 videret
2844 3990 3145 4060 imperator
3172 4005 3310 4059 Opus
3339 4005 3463 4047 esse
3489 3991 3650 4045 duce

2047 4089 2276 4136 strenuo
2299 4090 2354 4137 et
2379 4082 2660 4152 prudenti,
2689 4096 2851 4152 quem
2878 4090 2932 4137 et
2955 4082 3023 4138 ad
3049 4082 3430 4138 auctoritatem
3459 4099 3648 4154 expe-

2045 4173 2188 4230 diret
2231 4191 2298 4230 ex
2334 4175 2438 4230 sibi
2486 4175 2972 4244 consanguinitate
3011 4174 3222 4230 intimis
3269 4176 3469 4244 legere,
3524 4192 3647 4232 non

2046 4268 2260 4338 putavit
2293 4267 2598 4321 habendam
2640 4268 2908 4321 rationem
2937 4268 3302 4322 contumacia:
3325 4283 3430 4335 qua
3461 4267 3650 4325 Joan-

2047 4376 2145 4416 nes
2173 4359 2563 4424 Tarchaniota,
2593 4359 2993 4430 superstitione
3018 4361 3287 4416 hactenus
3311 4359 3645 4428 inﬂexibili,

2046 4453 2286 4509 haerebat
2317 4453 2510 4508 aﬂixus
2541 4455 2848 4521 schismati,
2882 4455 2948 4509 ad
2990 4470 3114 4510 eum
3158 4455 3372 4510 caeteris
3400 4455 3643 4513 dotibus

2044 4544 2134 4599 tali
2161 4543 2498 4614 prtefecturte
2520 4553 2705 4613 aptum
2736 4546 2860 4601 inde
2880 4552 3166 4615 propterea
3194 4545 3639 4612 excludendum,

2039 4636 2280 4692 maxime
2306 4652 2433 4691 cum
2468 4645 2746 4706 reputaret
2773 4653 2870 4708 per
2902 4640 3060 4693 istam
3097 4640 3240 4692 hunc
3273 4639 3638 4693 occasionem

2037 4729 2106 4783 ab
2131 4729 2268 4782 urbe
2297 4735 2537 4782 amotum
2572 4728 2756 4782 minus
2789 4745 2954 4798 quam
2989 4729 3120 4784 dum
3159 4729 3234 4784 ibi
3271 4730 3410 4785 foret
3442 4732 3644 4786 schis-

2036 4821 2256 4878 maticis
2310 4821 2687 4890 profuturum,
2725 4821 2946 4876 interim
2998 4831 3210 4887 autem,
3251 4839 3359 4892 qua
3405 4825 3643 4880 valebat

2036 4913 2394 4968 consiliorqu
2453 4913 2723 4980 sapientia
2780 4915 3221 4984 dexteritathue
3281 4930 3347 4970 ac
3404 4915 3519 4972 fide
3579 4918 3640 4972 in

2035 5007 2266 5076 agendo,
2298 5007 2341 5059 si
2375 5005 2422 5060 ei
2455 5006 2764 5061 ministerio
2810 5007 3189 5073 adhiberetur,
3222 5009 3433 5064 utiliter
3453 5011 3642 5065 servi-

2036 5109 2221 5153 turum
2258 5099 2596 5167 reipublicae.
2640 5099 2814 5170 Igitur
2851 5100 3074 5156 omissis
3106 5101 3160 5156 in
3210 5117 3457 5171 prmsens
3496 5103 3642 5173 qui-

2035 5191 2141 5246 bus
2169 5206 2294 5247 eum
2345 5193 2556 5247 solebat
2589 5193 2871 5248 incessere
2901 5193 3414 5259 criminationibus,
3463 5197 3638 5262 quasi

2036 5299 2142 5339 non
2183 5294 2429 5340 cessaret
2459 5285 2762 5339 Eeclesiam
2798 5286 3022 5341 turbare
3071 5301 3174 5341 suo
3221 5289 3274 5340 in
3325 5302 3637 5358 segregutn

2036 5377 2334 5433 factionem
2369 5379 2637 5448 pertinaci
2673 5380 2878 5444 studio,
2926 5382 3060 5450 quin
3098 5389 3152 5434 et
3185 5382 3408 5436 liberam
3457 5383 3508 5436 ei
3544 5383 3634 5436 fa-

2037 5474 2295 5529 cultatem
2325 5473 2576 5527 tribuens
2617 5473 2670 5526 in
2707 5489 2804 5529 sua
2837 5473 2905 5527 de
2949 5475 3214 5544 religione
3247 5476 3638 5546 qualicunque

2036 5567 2313 5622 sententia
2358 5581 2455 5635 pro
2490 5566 2646 5620 libito
2689 5566 2952 5636 deinceps
2999 5567 3353 5637 persistendi,
3396 5583 3634 5624 assum-

2037 5669 2188 5731 ptum
2221 5676 2345 5715 eum
2383 5670 2437 5716 et
2488 5661 2680 5728 paucis
2723 5676 2829 5729 qua
2863 5661 3114 5727 pecuniis
3158 5677 3263 5728 qua
3301 5661 3479 5729 copiis
3531 5664 3632 5717 in-

2037 5762 2308 5810 Structum
2342 5753 2394 5807 in
2427 5751 2738 5807 Orientales
2776 5760 2987 5806 tractus
3019 5752 3186 5806 misit.
3234 5751 3297 5806 At
3333 5753 3426 5807 ille
3461 5769 3634 5809 acce-

2039 5856 2126 5916 pta
2189 5847 2515 5916 praefectura
2569 5858 2733 5900 omne
2782 5843 3028 5900 studium
3081 5845 3328 5900 ostendit
3388 5853 3502 5900 tum
3567 5849 3631 5900 in
