3922 6552
314 385 414 448 ἳΰὸ

1244 396 1346 456 DE
1381 399 1827 460 ANDRONICO
1869 403 2328 465 PAL/EOLOGO
2353 406 2497 467 LIB.
2540 406 2654 466 ιΙῐ.

3426 405 3532 468 ἓὸῐί

309 498 480 552 πᾶσαν
525 495 756 568 σπουδὴν
790 497 1125 555 ἐνδείκνυται
1177 487 1446 576 καθιστᾷν
1489 509 1586 577 μὲν
1631 510 1700 562 τὰ
1731 513 1856 582 τῇδε
1886 518 1938 576 Α
1964 530 2094 581 στης
2119 515 2544 584 ἀγανακτήσεως
2565 511 2657 585 ἦν,
2688 515 2781 569 καὶ.
2809 514 3070 580 πολλάκις
3102 519 3530 588 προσιναφέρων

308 588 463 659 μέρη,
521 587 844 658 θεραπεύειν
892 591 1074 646 δὲκαὶ
1108 593 1335 664 βασιλέα
1364 600 1484 662 ταῖς
1531 599 1655 653 καθ’
1693 603 1854 655 αὐτὸν

306 681 390 731 ἐπὶ
442 683 550 744 τοῖς
600 682 919 752 πράγμασιν
973 687 1310 757 οἰκονομίαις
1359 693 1452 742 καὶ
1500 691 1850 762 διοικήσεσιν.

316 769 518 835 Ἐπειδὴ
553 769 660 838 γάρ
685 773 732 822 οἱ
767 772 864 840 μὲν
898 773 1085 826 πολλοὶ
1121 777 1230 829 τῶν
1270 783 1616 849 στρατιωτῶν
1647 784 1854 850 καιρῶν

303 861 553 923 πολλάκις
581 863 868 931 λαὸόμενοι
897 868 990 919 καὶ
1019 870 1331 938 προσηῦξον
1356 873 1453 936 τὰς
1483 875 1688 937 οἰκείας
1718 894 1856 947 προ·

299 957 440 1018 νοίας
471 957 563 1009 καὶ
587 958 771 1026 ἀργῶς
803 956 946 1029 εἶχον
987 964 1050 1014 ὲκ
1078 963 1168 1015 τοῦ
1204 966 1396 1034 δώροις
1425 969 1516 1018 καὶ
1543 967 1855 1032 δεξιώσεσιν

300 1045 621 1112 ὑπέρχεσθαι
670 1052 796 1111 τοὺς
829 1054 1276 1120 ήγεμονεύοντας,
1333 1059 1480 1112 ἄλλοι
1509 1060 1564 1112 δὲ
1595 1062 1855 1123 πολλάκις

299 1137 386 1188 καὶ
415 1141 565 1202 σφῶν
613 1141 894 1212 ἀξιώτεροι
959 1145 1345 1201 ὲκλελοιπυιῶν
1397 1154 1506 1203 τῶν
1541 1153 1680 1204 κατὰ
1716 1154 1855 1218 σφᾶς

297 1232 606 1296 οἰκονομιῶν
638 1233 736 1301 τὴν
762 1235 993 1304 ἀπορίαν
1022 1234 1165 1306 εἶχον
1197 1241 1290 1291 καὶ
1312 1243 1732 1311 προαιρούμενοι
1759 1244 1852 1295 τοῦ

298 1325 674 1391 στρατεύεσθαι
696 1327 942 1395 κώλυμα,
975 1333 1064 1382 καὶ
1095 1327 1162 1403 ἦν
1191 1335 1578 1403 ἀμφοτέρωθεν
1597 1335 1672 1404 τῷ
1692 1334 1854 1403 κοινῷ

297 1412 474 1482 ζημία,
505 1421 599 1468 καὶ
626 1421 657 1487 ἡ
693 1421 942 1490 ἀνισότης
975 1422 1109 1492 αὕτη
1141 1426 1313 1477 ἐδέετο
1337 1425 1660 1490 ὲξισώσεως,
1697 1428 1854 1490 αὐτὸς

294 1508 355 1560 τὰ
406 1509 616 1576 μεγάλα
657 1512 896 1582 Θαρῤῶν,
934 1514 1005 1576 ὡς
1067 1521 1231 1586 πιστῇ
1261 1517 1452 1588 γνώμῃ
1518 1521 1608 1572 καὶ
1639 1520 1856 1591 καθαρᾷ

296 1600 418 1666 πρὸς
451 1600 681 1670 βασιλέα
706 1606 996 1674 πράττοντι
1025 1609 1176 1661 οὐδὲν
1205 1609 1268 1662 ἂν
1302 1613 1604 1681 προσσταίη
1629 1613 1734 1664 τῶν
1755 1613 1854 1664 ὅσα

293 1695 379 1744 καὶ
433 1694 510 1756 είς
547 1696 804 1764 ἐμπόδιον
862 1699 970 1767 εῐη,
1037 1703 1388 1768 μεταγγίζειν
1449 1703 1588 1771 ἔγνω
1626 1705 1759 1774 πρὸς
1787 1705 1854 1758 τὰ

293 1786 434 1839 κοινᾶ
452 1786 522 1838 τὰ
548 1787 655 1856 πλη
669 1792 901 1857 ρέστατα
935 1791 1030 1844 καὶ
1061 1791 1230 1855 οὕτως
1265 1794 1478 1857 ἐξισοῦν
1506 1798 1611 1855 τοῖς
1630 1796 1853 1864 ἀνδράσι

291 1879 376 1929 καὶ
411 1878 506 1939 τὰς
535 1881 739 1949 ὁρμὰς,
787 1881 982 1945 ἑξισῶν
1038 1886 1148 1946 τοῖς
1181 1888 1522 1954 πράγμασιν.
1571 1887 1852 1942 Ἐντεῦθεν

293 1971 375 2020 xxi.
409 1972 639 2039 στρατὸν
690 1974 786 2040 μὲν
833 1974 1058 2027 συνίστα
1109 1976 1292 2042 πλέον,
1325 1981 1457 2048 νῆας
1495 1979 1538 2032 δ’
1561 1979 1850 2049 tan-come-

292 2056 424 2121 ζετο,
450 2062 543 2111 καὶ
569 2061 726 2114 διττὰ
756 2066 1002 2134 στρέφων
1032 2065 1184 2120 ἐνθεν
1213 2071 1311 2138 μὲν
1339 2071 1479 2123 κατὰ
1501 2071 1625 2140 γῆν,
1646 2071 1852 2124 ἐκεῖθεν

292 2150 340 2202 δὲ
365 2153 499 2204 κατὰ
534 2153 810 2207 Θάλατταν
860 2156 1208 2227 διηυμᾶριξε,
1267 2161 1360 2213 καὶ
1394 2163 1571 2226 καλῶς
1622 2165 1853 2234 ἠκούετο

294 2243 560 2311 πράττων.
597 2247 695 2298 καὶ
731 2246 943 2315 βασιλεῖ
972 2252 1271 2313 άπόδεκτος
1307 2249 1396 2324 ἦν,
1431 2256 1479 2305 εί
1515 2255 1605 2306 καὶ
1639 2254 1713 2322 τῷ
1747 2275 1849 2308 πα-

291 2337 634 2404 τριαρχοῦντι
667 2337 891 2412 Ἰωάννῃ
933 2342 966 2409 ἠ
1015 2343 1225 2397 ἐκείνου
1257 2347 1557 2414 στρατηγία
1589 2347 1673 2400 διὰ
1703 2349 1855 2416 μεγῖ-

292 2517 634 2574 restituendis
688 2521 796 2575 illis
832 2524 1031 2578 misere
1077 2523 1274 2580 aﬂictis
1321 2526 1590 2596 partibus,
1630 2538 1742 2583 tum
1794 2528 1849 2583 in

292 2611 611 2669 demerendo
649 2614 1001 2685 imperatore,
1047 2620 1241 2687 suique
1275 2620 1416 2688 apud
1450 2636 1572 2675 eum
1615 2622 1851 2692 antiquis

291 2707 694 2776 suspicionibus
737 2711 1038 2780 purgandis
1078 2712 1251 2765 solida
1297 2712 1628 2768 exhibitione
1666 2724 1852 2784 grato-

291 2809 399 2848 rum
428 2796 531 2866 ipsi
577 2797 997 2865 obsequiorum,
1049 2800 1150 2854 fida
1195 2802 1563 2871 prudentique
1617 2804 1852 2859 admini-

291 2887 543 2942 stratione
589 2890 875 2943 commissi
923 2893 1024 2945 sibi
1059 2894 1321 2965 muneris,
1380 2911 1485 2964 qua
1533 2910 1592 2951 se
1627 2897 1850 2968 dignum

288 2979 532 3047 probaret
579 2981 793 3035 honore
819 2997 880 3037 ac
917 2983 1198 3040 beneficiis
1246 2986 1485 3042 collatis.
1530 2987 1668 3042 Hinc
1712 3003 1852 3058 quo-

289 3068 420 3122 niam
467 3070 705 3123 militum
753 3072 1017 3141 plurimos
1054 3074 1272 3130 videbat
1316 3075 1574 3141 eorrasis,
1625 3091 1721 3147 per
1751 3093 1850 3147 0p-

1959 605 2171 676 βασιλεῖ
2199 606 2666 677 προσωνειδίζετο,
2698 609 2752 660 εί
2781 625 2844 676 γε
2897 609 3036 679 ἀνὴρ
3072 611 3400 679 στρατηγοίη
3431 612 3532 680 οὐκ

1954 698 2102 760 ὅπως
2126 699 2292 768 μηδὲν
2311 699 2466 762 εἰδὼς
2488 717 2538 751 τι
2547 701 2652 770 μᾷν
2669 701 3021 770 Ἐκκλησίαν,
3044 701 3181 754 ἀλλὰ
3202 703 3297 754 καὶ
3318 701 3532 764 πολλαῖς

1954 789 2082 851 τοὺς
2096 790 2266 858 αὐτῆς
2284 790 2494 842 πλύνων
2512 789 2642 860 ὖόρε
2653 807 2724 845 σι.
2743 793 3001 855 Βασιλεὺς
3015 792 3070 844 δὲ
3091 797 3153 863 τῇ
3176 792 3304 862 παρ’
3322 793 3529 846 ἐκείνου

1956 875 2223 949 θεραπεία
2247 879 2655 948 ἐνειλημμένος,
2679 881 2754 943 ὡς
2801 883 2854 934 αί
2907 885 3096 952 συχναὶ
3127 883 3335 940 πίστεις
3363 875 3528 949 εἶχον,

1953 969 2196 1039 λογισμῷ
2215 971 2388 1033 διδοὺς
2417 972 2578 1023 πλέον
2602 972 2632 1039 ἢ
2663 973 2801 1042 ὀργῇ
2821 973 2909 1024 διὰ
2934 975 3030 1042 τὴν
3053 977 3114 1024 ὲκ
3140 973 3234 1026 τοῦ
3260 973 3532 1042 πατιράρ-

1956 1079 2051 1130 χοι)
2080 1062 2378 1131 ἀναφοράν,
2409 1064 2560 1116 οὐδὲν
2589 1070 2868 1133 περαίνειν
2899 1067 3021 1118 κατ’
3067 1065 3272 1118 ἐκείνου
3301 1069 3528 1132 παρεῖχε

1953 1153 2078 1214 τοὺς
2096 1152 2218 1204 κατ’
2249 1153 2460 1206 ἐκείνου
2476 1154 2751 1222 λέγοντας.
2783 1153 2919 1207 ἀλλὰ
2943 1159 3036 1209 καὶ
3060 1157 3370 1226 προσάντως
3395 1156 3532 1222 μᾶλ-

1955 1243 2044 1296 λον
2066 1245 2278 1315 ἐδέχετο
2297 1247 2391 1308 τὰς
2409 1247 2746 1315 ὑπομνήσεις
2768 1247 2864 1316 τὴν
2893 1249 2983 1300 ἐπὶ
3001 1249 3110 1309 τοῖς
3137 1249 3527 1316 πραττομένοις

1957 1336 2335 1407 σταθηρὸτητα
2361 1337 2444 1407 [Ρ.
2484 1337 2610 1410 176]
2639 1339 3072 1408 βασιλικωτέραν
3098 1339 3300 1406 κρίνων
3329 1339 3531 1406 παλιμ-

1957 1428 2138 1490 6ολίας
2154 1431 2247 1482 καὶ
2265 1430 2525 1491 άστασίας
2553 1432 2644 1482 ἐπὶ
2673 1433 2784 1494 τοῖς
2814 1431 2938 1494 δόξα
2952 1449 3018 1483 τι.
3053 1432 3198 1501 Πλὴν
3237 1431 3373 1498 μετά
3401 1447 3527 1481 και-

1958 1519 2071 1590 ρὸν,
2091 1521 2164 1583 ὡς
2187 1523 2449 1591 ἁρμόζειν
2482 1522 2680 1575 αὐτίκα
2706 1522 2908 1589 λέγειν,
2939 1523 3270 1575 ὲπιτίθενταί
3300 1523 3349 1574 οἱ
3381 1523 3526 1582 τινὲς

1955 1610 2063 1663 τῶν
2078 1612 2192 1665 ὅσοι
2223 1614 2316 1666 καὶ
2341 1614 2449 1666 τῶν
2477 1615 2800 1681 οἰκονομιῶν
2817 1617 2877 1666 τὸ
2907 1616 3155 1666 πλεῖστον
3177 1615 3529 1683 προσαφῃρέ-

1957 1705 2154 1774 θησαν,
2180 1706 2448 1774 προφάσει
2473 1707 2569 1774 μὲν
2598 1709 2662 1776 τῇ
2687 1707 2763 1766 είς
2786 1705 3007 1775 βασιλέα
3033 1705 3216 1758 πίστει
3245 1706 3528 1774 χρησάμε-

1957 1813 2036 1849 νοι
2058 1815 2070 1826 ·
2109 1798 2260 1850 οὐδὲν
2284 1798 2338 1849 δὲ
2369 1794 2531 1867 ἦττον
2573 1800 2786 1860 ἑαυτοῖς
2833 1798 3063 1866 ἀμύνειν
3095 1797 3306 1867 ἤθελον,
3346 1814 3526 1865 παραε

1953 1886 2319 1956 λελυπημένοι
2357 1881 2438 1950 οἷς
2469 1887 2914 1956 προσαιρῄρηντο,
2978 1887 3086 1938 Καὶ
3125 1885 3200 1953 τῷ
3234 1885 3528 1954 Θεολήπτῳ

1953 1976 2333 2045 Φιλαδελφείας
2356 1975 2746 2046 προσελθόντες
2771 1975 2868 2038 τὰς
2898 1976 3032 2042 πρὸς
3065 1974 3287 2044 βασιλέα
3317 1975 3528 2034 πίστεις

1953 2071 2280 2140 ἠθετηκέναι
2313 2070 2405 2122 τὸν
2444 2070 2697 2138 Ἰωάννην
2721 2069 2931 2135 ἔλεγον,
2958 2069 3053 2122 καὶ
3082 2068 3239 2135 δῆλον
3270 2063 3434 2124 εἶναι.
3467 2065 3528 2131 ἐξ

1952 2157 2026 2215 ῶν
2057 2179 2118 2228 γε
2155 2162 2249 2214 καὶ
2307 2162 2558 2230 πράττοι,
2609 2161 2700 2214 τὸν
2744 2161 2844 2228 τῆς
2901 2161 3322 2228 ἀποστατήσεως
3360 2157 3526 2212 κύϐον

1953 2251 2309 2321 ἀναρρίπτειν
2370 2251 2694 2322 ἀρξάμενον.
2753 2251 2940 2304 Ταῦτα
2990 2251 3239 2315 λέγοντες
3281 2250 3524 2314 ἔπειθον,

1955 2344 2051 2396 καὶ
2088 2343 2287 2413 μᾶλλον
2323 2346 2405 2407 είς
2434 2344 2532 2414 τὴν
2565 2343 2686 2397 κατ’
2743 2344 2951 2398 ἐκείνου
2998 2343 3297 2412 ἀπέχθειαν
3331 2342 3526 2411 ὡρμη-

1953 2523 2219 2595 marique,
2247 2539 2358 2581 rem
2391 2539 2497 2579 non
2528 2524 2757 2592 impigre
2779 2523 2956 2578 solum
2985 2537 3050 2578 ae
3094 2520 3386 2598 prudenter
3423 2523 3519 2577 sed

1954 2617 2183 2673 feliciter
2210 2618 2373 2672 etiam
2408 2632 2596 2687 gerere
2625 2617 2736 2670 cito
2759 2615 2976 2670 auditus
3012 2623 3114 2680 est,
3142 2616 3518 2676 successibus.

1951 2709 2408 2780 quemadmodum
2451 2707 2562 2761 fere
2593 2707 2672 2770 fit,
2727 2706 2959 2760 fortuna:
3013 2707 3290 2774 sapientia:
3335 2707 3520 2761 consi-

1951 2801 2146 2855 liorum
2184 2798 2660 2868 respondentibus.
2694 2795 2829 2850 Hinc
2856 2796 3053 2851 faustis
3091 2797 3158 2852 de
3214 2796 3314 2850 illo
3344 2797 3526 2851 incre-

1949 2892 2302 2947 bescentibus
2333 2891 2541 2945 nuntiis
2571 2889 2745 2959 magis
2779 2890 3060 2958 magisque
3087 2889 3523 2944 confirmabatur

1951 2985 2006 3041 in
2039 3001 2137 3041 suo
2161 2985 2226 3040 de
2250 3001 2314 3039 eo
2353 2983 2562 3054 judicio
2615 2984 2964 3049 imperator,.
2992 2981 3406 3050 impensiusque
3444 2981 3524 3036 fa-

1948 3093 2076 3133 vere
2108 3077 2358 3131 ministro
2379 3086 2495 3128 tam
2529 3075 2646 3128 utili
2689 3075 2981 3142 pergebat;
3031 3089 3206 3136 eoque
3265 3074 3524 3128 obfirma-

287 3161 648 3226 portunitates
690 3162 745 3215 in
807 3178 944 3232 quas
988 3165 1145 3220 avide
1207 3166 1588 3232 imminebant,
1644 3168 1918 3264 divitiisc
1953 3171 2062 3225 tius
2098 3169 2385 3238 rejiciebat
2441 3167 2727 3221 continuas
2780 3167 3046 3221 adversus
3092 3166 3515 3220 Tarchaniotam

287 3253 527 3307 maximis
558 3254 691 3306 inde
716 3257 994 3325 segniores
1019 3259 1083 3312 ad
1117 3258 1357 3313 laborem
1399 3259 1535 3326 fieri,
1561 3270 1846 3332 propterea

287 3343 442 3409 quod,
477 3345 782 3412 quamlibet
825 3357 1108 3402 cessarent
1143 3358 1190 3403 et
1225 3348 1399 3404 officio
1446 3349 1718 3416 deessent,
1745 3351 1848 3404 im-

287 3449 419 3501 pune
442 3450 498 3489 se
525 3437 741 3489 laturos
768 3439 1100 3494 confiderent
1123 3441 1191 3494 ob
1221 3441 1326 3496 sibi
1364 3450 1606 3512 paratam
1638 3443 1846 3500 crebris

287 3529 621 3593 muneribus,
662 3540 821 3596 prout
858 3530 961 3583 illis
1006 3543 1122 3585 erat
1160 3531 1210 3584 in
1239 3540 1348 3585 tam
1398 3534 1579 3603 pingui
1628 3533 1844 3587 fortuna

286 3615 452 3680 facile,
475 3621 680 3674 ducum
706 3636 928 3675 suorum
952 3623 1206 3692 gratiam,
1232 3625 1450 3678 aliunde
1472 3635 1652 3679 autem
1677 3623 1847 3680 fortes

286 3707 588 3776 bellatores,
639 3713 785 3780 quod
830 3717 1010 3770 minus
1051 3718 1240 3770 attenti
1280 3718 1344 3770 ad
1388 3717 1598 3772 lucrum
1644 3717 1844 3781 forent,

285 3817 382 3856 non
423 3805 718 3872 superﬂuis
763 3809 948 3874 modo,
997 3825 1117 3876 quae
1156 3811 1536 3878 impenderent
1578 3812 1632 3866 in
1679 3810 1846 3878 dona,

284 3894 367 3947 sed
419 3898 584 3950 etiam
662 3900 1034 3964 necessariis,
1093 3901 1232 3954 unde
1287 3901 1389 3955 sibi
1450 3901 1842 3967 consulerent,

287 3995 527 4040 carentes
594 4001 664 4041 eo
712 3988 832 4057 ipso
895 3990 1166 4043 tardiores
1213 3990 1278 4044 ad
1325 3991 1665 4044 militandum
1721 3993 1846 4046 red-

284 4076 566 4148 debantur,
616 4083 797 4150 inepia
853 4083 1219 4154 insuperabile
1272 4085 1584 4138 ειιηεηιιῑιοιί
1653 4071 1846 4154 quam-

282 4167 398 4224 libet
426 4172 564 4229 bene
598 4175 860 4229 animatae
887 4176 1228 4231 obstaculum
1262 4177 1589 4244 obiectante,
1637 4179 1846 4232 incom-

281 4265 428 4317 modo
474 4267 756 4334 utrimque
803 4269 857 4323 in
911 4269 1170 4323 damnum
1228 4272 1456 4339 publica:
1508 4272 1585 4326 rei
1641 4272 1842 4325 redun-

280 4351 428 4408 dante
444 4355 610 4426 259
636 4357 893 4422 maximo,
928 4358 1321 4428 inaequalitates
1357 4361 1490 4414 istas
1519 4361 1648 4422 sibi,
1684 4371 1843 4430 prout

279 4453 388 4497 erat
439 4457 567 4499 ante
622 4449 804 4501 omnia
851 4442 1344 4512 necesse,rmutua
1395 4453 1842 4520 compensatione

1949 3261 2412 3332 expostulationes
2431 3260 2757 3330 patriarchae
2782 3258 3029 3325 Joannis,
3058 3259 3152 3329 qui
3177 3273 3520 3327 concoquere

1951 3352 2093 3407 haud
2125 3367 2363 3422 unquam
2412 3353 2599 3406 valens
2629 3352 2887 3406 honorari
2920 3351 3236 3421 praefectura
3291 3352 3383 3405 tali
3417 3352 3520 3406 bo-

1952 3442 2151 3497 minem
2213 3445 2349 3498 adeo
2407 3458 2512 3497 non
2540 3443 2697 3498 {bene
2728 3442 2978 3496 affectum
3029 3457 3154 3512 erga
3192 3441 3516 3507 Ecclesiam,

1951 3547 2010 3590 ut
2042 3537 2328 3606 plerosque
2364 3536 2859 3592 ecclesiasticorum
2911 3536 3128 3604 probris
3159 3535 3520 3589 conscindere

1948 3640 2058 3680 non
2083 3625 2391 3687 desisteret,
2425 3626 2662 3694 querelis
2692 3640 2755 3679 ea
2789 3625 2854 3679 de
2901 3641 2957 3679 re
2985 3625 3226 3678 assiduis
3271 3639 3372 3678 nec
3403 3625 3522 3679 sine

1951 3717 2235 3772 stomacho
2266 3718 2565 3785 Angustum
2626 3715 2992 3784 inquietabat;
3027 3715 3119 3785 qui
3146 3724 3324 3769 tamen
3373 3714 3512 3769 nihil

1949 3807 2037 3862 his
2059 3817 2259 3870 motus,
2287 3809 2432 3881 quod
2480 3809 2838 3877 praesentibus
2875 3808 3051 3876 iisque
3101 3807 3267 3862 certis
3305 3807 3523 3876 experi-

1947 3900 2146 3954 mentis
2179 3899 2351 3954 fidelis
2377 3899 2637 3966 utili-sque
2684 3900 2787 3952 sibi
2843 3898 3223 3953 Tarrhaniota:
3270 3899 3520 3968 obsequii

1948 3991 2072 4060 plus
2094 3989 2342 4060 quotidie
2385 3992 2618 4059 plusque
2652 3989 2881 4060 obligari
2910 4005 2968 4043 se
3001 3989 3228 4045 sentiret
3259 3991 3326 4046 ad
3359 3992 3523 4046 benc-

1946 4083 2126 4136 volam
2154 4082 2210 4135 in
2235 4096 2364 4137 eum
2391 4092 2714 4154 gratamque
2747 4083 3099 4145 voluntatem,
3133 4083 3212 4136 sic
3243 4097 3401 4135 aures
3424 4097 3521 4136 ne-

1947 4172 2240 4242 quidquam
2283 4174 2564 4226 accusanti
2602 4172 2923 4240 patriarchae
2951 4172 3133 4234 dabat,
3163 4181 3222 4225 ut
3275 4171 3517 4224 animum

1946 4280 2039 4320 reo
2074 4273 2334 4328 servaret,
2399 4264 2704 4332 rationique
2772 4263 3005 4332 amplius
3061 4277 3226 4333 quam
3283 4263 3376 4316 ira:
3423 4263 3520 4316 tri-

1946 4357 2121 4413 buens
2153 4357 2343 4410 irritos
2387 4355 2648 4410 reddebat
2683 4369 2875 4408 omnes
2905 4355 3006 4422 ipsi
3041 4369 3240 4408 nocere
3267 4363 3519 4423 satagen-

1950 4449 2082 4499 tium
2111 4454 2364 4506 conatus,
2391 4445 2622 4498 libenter
2649 4451 2837 4497 contra
2864 4442 3206 4511 benignusque
3233 4443 3516 4510 excipiens

279 4528 506 4585 decrevit
533 4536 918 4602 exmquandas.
950 4536 1018 4588 ita
1057 4546 1114 4589 ut
1152 4553 1213 4590 ex
1263 4538 1596 4591 abundantia
1643 4554 1836 4606 super—
1868 4543 1913 4598 D
1941 4533 2206 4603 quidquid
2250 4534 2320 4587 ab
2359 4533 2406 4588 ei
2461 4532 2772 4587 faventibus
2817 4541 3224 4601 suggereretur,
3275 4532 3518 4600 denique

279 4619 372 4676 liue
397 4625 776 4693 opulentorum
831 4626 1233 4688 transferendo,
1287 4631 1428 4696 quod
1487 4630 1622 4683 satis
1669 4638 1835 4693 esset,

278 4713 326 4766 in
349 4728 612 4786 egestates
645 4720 888 4786 inepum.
928 4735 1027 4773 nec
1079 4720 1153 4773 illi
1188 4721 1512 4774 redundanti
1537 4722 1688 4788 copia
1727 4733 1834 4774 tor-

280 4820 474 4872 perent,
509 4825 611 4863 nec
643 4809 692 4862 bi
729 4811 1052 4865 necessariis
1075 4810 1600 4881 destituti-languere
1627 4827 1690 4866 ae
1735 4812 1838 4866 mi-

277 4897 431 4953 litiam
475 4901 727 4971 refugere
792 4912 1136 4971 cogerentur.
1199 4903 1387 4958 Tanta:
1443 4904 1570 4958 huic
1598 4920 1661 4959 ac
1720 4915 1828 4958 tam

279 4992 475 5045 eunetis
517 4993 905 5062 praevertenda:
944 4995 1019 5046 rei
1043 5004 1154 5048 tum
1186 4995 1545 5064 suscipiendae
1579 4996 1830 5049 fiduciam

277 5088 378 5133 tum
427 5084 789 5154 exsequendas
840 5085 1146 5139 facultatem
1204 5087 1434 5155 praebuit
1493 5088 1830 5142 conscientia

277 5179 533 5246 praecipue
569 5178 743 5232 fidelis
773 5196 897 5248 erga
935 5181 1319 5249 imperatorem
1368 5182 1530 5234 studii
1568 5191 1621 5234 et
1672 5183 1832 5251 hujus

275 5278 420 5321 certat
449 5269 551 5322 sibi
583 5270 969 5324 benevolentia:
1011 5271 1206 5326 fiducia
1236 5286 1448 5326 secura.
1485 5270 1611 5326 lude
1644 5288 1828 5340 porro.

274 5358 400 5421 qut-ff
432 5358 754 5427 palmarium
782 5357 882 5412 fuit
907 5359 973 5412 ad
1028 5371 1348 5428 praesentem
1406 5378 1584 5427 usum,
1642 5363 1693 5416 id
1745 5373 1828 5417 est

272 5443 406 5501 brevi
437 5463 794 5513 consecutus,
829 5461 888 5506 ut
912 5454 1215 5507 exercitum
1258 5453 1522 5508 conflaret
1554 5455 1688 5508 satis
1722 5471 1827 5507 nu-

269 5553 528 5597 merosum
564 5544 629 5598 ad
663 5547 888 5598 classem
932 5546 1090 5598 sinml
1128 5547 1398 5600 maritima
1455 5549 1644 5602 militia
1673 5563 1827 5604 com-

267 5629 506 5694 ptendam
535 5645 822 5702 castraque
855 5635 1204 5688 terrestribus
1252 5636 1466 5692 abunde
1508 5638 1827 5694 instruenda

268 5719 457 5783 copiis;
489 5738 594 5791 qua
628 5737 856 5792 utraque
907 5723 1076 5780 fretus
1122 5727 1382 5796 potentia,
1443 5729 1672 5784 navibus
1717 5746 1826 5785 uno

267 5817 496 5880 tempore
535 5814 715 5871 multis
745 5816 960 5888 egregie
988 5819 1232 5882 armatis,
1266 5827 1409 5874 terra
1451 5836 1558 5876 uno
1591 5821 1822 5878 consilio

1935 4626 2194 4693 judicans
2218 4623 2268 4676 id
2307 4623 2574 4690 ejusmodi
2597 4638 2718 4677 esse
2752 4625 3056 4692 negotium,
3085 4623 3139 4676 in
3181 4636 3290 4692 quo
3344 4624 3517 4692 magis

1941 4718 2325 4785 imperatorem
2363 4714 2506 4783 regia
2557 4714 2810 4768 insistere
2861 4715 3171 4768 constantia
3203 4716 3370 4769 semel
3401 4729 3513 4769 caa-

1911 4811 2068 4878 'ptis,
2103 4823 2264 4876 quam
2298 4805 2538 4860 instabili
2571 4805 2981 4874 desultoriaque
3032 4807 3192 4860 modo
3247 4809 3512 4861 aientium

1941 4916 2065 4955 mox
2098 4901 2411 4969 negantium
2439 4898 2792 4951 consiliorum
2822 4897 3038 4951 levitate
3059 4898 3223 4969 260
3242 4897 3514 4953 ﬂuctuare

1937 5009 2035 5062 par
2065 4993 2222 5047 foret.
2275 4992 2539 5046 Caeterum
2602 4991 2938 5060 periclitatus
2995 4993 3084 5045 hic
3136 4992 3432 5062 aliquando
3475 5006 3509 5046 a

1936 5087 2052 5140 suis
2090 5083 2558 5154 Oppugnatoribus
2623 5081 2757 5148 fuit;
2813 5083 2960 5152 quod
3008 5084 3111 5138 etsi
3167 5084 3351 5138 evenit
3406 5083 3510 5136 ali-

1935 5189 2201 5249 quantum
2241 5185 2362 5246 post
2389 5175 2491 5229 hoc
2520 5186 2736 5244 tempus
2790 5177 2843 5230 in
2878 5191 2985 5245 quo
3016 5176 3292 5230 narrando
3323 5191 3513 5230 versa-

1935 5287 2078 5330 mur,
2110 5278 2290 5322 tamen
2326 5268 2412 5321 hic
2442 5277 2662 5336 propter
2693 5269 2932 5322 materiae
2979 5268 3380 5323 connexionem
3418 5284 3510 5324 re-

1933 5360 2078 5414 ferre
2109 5357 2408 5426 occupabo.
2441 5357 2682 5412 Conflata
2719 5359 2772 5411 in
2801 5373 2922 5412 eum
2949 5367 3034 5412 est
3063 5357 3231 5412 factio
3265 5357 3502 5413 militum

1933 5467 2122 5507 eorum
2148 5466 2312 5521 quos,
2345 5458 2404 5503 ut
2429 5451 2634 5504 dictum
2675 5459 2782 5514 est,
2813 5448 3320 5520 superﬂueldivites
3351 5460 3508 5520 parte

1931 5560 2092 5615 opum
2119 5544 2458 5598 redundante
2490 5543 2834 5607 multaverat,
2889 5558 2993 5611 qua
3038 5542 3341 5612 indigentes
3395 5557 3505 5597 cae-

1931 5642 2074 5688 teros
2124 5632 2361 5702 iuvaret.
2399 5631 2460 5686 lii
2511 5632 2694 5688 studio
2750 5634 2979 5687 sincerae
3011 5633 3062 5686 iu
3117 5632 3500 5700 imperatorem

1929 5725 2054 5779 fidei
2084 5725 2288 5780 moveri
2315 5741 2376 5780 se
2408 5726 2752 5790 simulantes,
2811 5739 2935 5779 cum
3001 5738 3188 5777 revera
3244 5723 3497 5779 concita-

1932 5827 2115 5874 rentur
2141 5818 2327 5874 dolore
2352 5818 2648 5874 imminutae
2706 5817 2840 5886 ipsis
2871 5816 3132 5882 pecuniae,
3196 5817 3260 5871 ad
3319 5817 3494 5890 impo-
