3862 6556
401 372 510 437 287

1604 346 1930 433 GEORGII
1972 370 2451 433 menmium

3540 358 3648 423 288

404 489 566 559 μένον
594 485 761 541 πάλαι
817 484 913 540 ατε
958 486 1051 540 καί⁹
1109 486 1273 541 αὐτὸν
1308 486 1428 540 κατ’
1463 486 1673 543 ἐκείνου
1704 489 1772 543 τὰ
1803 488 1972 543 πολλά
2000 495 2043 551 Α
2075 487 2349 559 λοιδοριῶν
2399 487 2473 551 ὡς
2502 486 2726 551 δικαίως
2777 484 3107 552 ἐπεςιοῦσιν.
3164 483 3222 537 Ὀ
3247 482 3289 536 δ’
3315 479 3526 535 ἔνδοθεν
3555 473 3650 545 ἀφ’

405 577 788 648 μωμούμονον.
814 575 926 645 Καὶ
949 578 1047 631 σὺν
1079 577 1231 647 σφίσι
1269 578 1367 644 τὴν
1392 580 1529 648 πρὸς
1564 581 1774 634 ἐκεῖνον
1797 576 1897 650 (ἦν
1923 580 1974 633 δ’

404 669 499 721 ἐπὶ
520 667 616 720 τοῦ
642 666 877 737 πυργίον
916 665 1075 736 τότε)
1131 666 1448 734 ἠπείγοντο.
1516 669 1576 722 ’0
1601 669 1657 722 δὲ
1705 670 1972 740 προγνοὺς

404 759 504 829 τὴν
533 758 640 812 τῶν
667 759 927 811 ἐπιόντων
950 756 1162 826 ἔφοδον,
1187 758 1282 811 καὶ
1298 758 1373 822 ὡς
1398 758 1490 813 ἐπὶ
1513 763 1654 831 κακῇ
1687 766 1974 832 προϋπηρ-

405 849 577 920 γμένῃ
635 849 813 919 φήμῃ,
871 849 920 901 εἰ
972 848 1064 902 καὶ
1111 848 1313 920 ψευδὴς
1344 845 1433 921 ἦν,
1487 851 1801 906 ἀπαντῶσιν
1847 853 1969 922 ἥδη,

406 940 666 1009 οραύεται
692 942 791 1008 τὴν
816 940 1016 1010 ὁρμὴν,
1051 943 1142 994 καὶ
1171 941 1427 995 εἰσελθὼν
1464 943 1562 1014 τὴν
1598 945 1777 997 ἐκεῖσε
1803 943 1972 1014 μονὴν

405 1035 499 1087 τοῦ
531 1036 587 1088 ὲν
621 1034 859 1105 μάρτυσι
905 1037 1163 1105 μεγίστου
1233 1038 1525 1106 Γεωργίου,
1572 1039 1672 1102 τὴν
1726 1037 1819 1089 τοῦ
1849 1037 1972 1098 Διὸς

410 1125 554 1195 ἱεροῦ
578 1126 770 1191 πάλαι,
804 1128 897 1180 τοῦ
929 1127 1205 1194 ἀσφαλοῦς
1241 1127 1416 1198 ἐαυτῷ
1473 1128 1744 1198 προύνόει.
1789 1128 1898 1180 Καὶ
1922 1127 1972 1180 οἰ

408 1218 510 1288 μὲν
534 1218 849 1281 ἐπιστάντες
879 1218 1077 1283 ἔξωθεν
1128 1220 1573 1287 ὲπιζυγωθεισῶν
1630 1219 1738 1271 τῶν
1786 1217 1971 1271 πυλῶν

405 1310 503 1379 τῆς
535 1309 704 1380 μονῆς
758 1311 1212 1381 ἐσπουδασμένως
1272 1314 1341 1365 τὰ
1392 1314 1488 1381 τῆς
1514 1312 1704 1380 κωφῆς
1757 1312 1974 1383 ἐκείνης

406 1402 739 1471 κατηγορίας
767 1402 1115 1467 συνέπλεκον,
1139 1404 1234 1455 καὶ
1267 1403 1366 1457 οὐκ
1410 1402 1477 1457 ἂν
1506 1403 1691 1470 ἔλεγον
1717 1403 1971 1472 Ἰωάννην

407 1492 719 1563 περαιτέρω
742 1494 851 1545 τῶν
881 1495 1109 1547 ἐντολῶν
1136 1495 1244 1547 τῶν
1276 1495 1420 1564 παρὰ
1453 1494 1713 1564 βασιλέως
1742 1494 1975 1564 προελη-

407 1584 627 1638 λυθέναι
657 1584 754 1653 (τὸ
785 1585 831 1639 δ’
879 1581 948 1655 ἦν
973 1585 1034 1638 τὸ
1058 1587 1157 1657 τὴν
1195 1586 1376 1639 αὐτῶν
1407 1587 1770 1641 ὑπαλλάττειν
1804 1602 1974 1657 στρα-

407 1676 607 1742 τείαν),
626 1677 674 1728 ιί
709 1677 782 1747 μή
818 1693 881 1745 γε
903 1677 1001 1731 καὶ
1026 1678 1126 1746 τῆς
1152 1679 1233 1738 εἰς
1260 1677 1486 1747 βασιλέα
1517 1678 1973 1748 καταφρονήσεως

408 1768 600 1837 ἄρχειν
632 1768 887 1836 ἐγνώκει.
909 1769 983 1822 Τὸ
1011 1770 1055 1823 δ’
1085 1766 1153 1839 ἦν
1178 1769 1436 1838 ἄντικρυς
1477 1770 1972 1840 καταδημαγωγία,

408 1860 441 1912 οἶ
462 1877 486 1923 ς
515 1860 765 1913 ἐντεῦθεν
794 1859 893 1930 τὴν
920 1862 1039 1914 κατ’
1087 1862 1251 1916 αὑτοῦ
1287 1864 1435 1930 σφῶν
1482 1862 1688 1933 ἰσχύειν
1711 1863 1975 1927 ἐπίθεσιν,

411 1952 507 2005 sui
535 1951 826 2023 πρόϐλημα
858 1949 926 2024 ἦν
956 1953 1137 2018 αὐτοῖς
1169 1955 1393 2026 ἰσχυρὸν
1443 1955 1551 2008 τῶν
1605 1954 1728 2008 κατ’
1767 1954 1977 2008 ἐκείνου

412 2142 614 2188 tentem
642 2134 989 2204 cupiditatem
1024 2133 1321 2190 ulciscendi
1356 2134 1596 2191 molestae
1622 2135 1778 2204 ipsis,
1808 2150 1980 2207 quan-

415 2228 619 2283 tumvis
650 2242 819 2298 aequae
870 2242 932 2282 ac
967 2228 1181 2296 publice
1260 2229 1520 2285 salutaris
1577 2230 1980 2287 distributionis

414 2326 733 2381 auctorem.
777 2317 1136 2390 'l‘heoleptum
1186 2319 1715 2392 Philadelphiensem
1774 2339 1976 2379 conve-

419 2404 580 2461 niunt
608 2408 953 2477 episcOpum.
1004 2410 1164 2480 eique
1194 2409 1448 2466 delerunt
1495 2412 1847 2468 manifestum
1897 2412 1977 2468 vi-

414 2497 535 2579 deri
563 2512 631 2554 ex
661 2498 730 2554 iis
762 2515 885 2568 quae
915 2498 1274 2556 Tarcbaniota
1311 2512 1518 2573 ageret,
1555 2503 1806 2559 meditari
1853 2518 1977 2560 eum

410 2590 773 2648 defectionem
806 2592 876 2646 ab
901 2592 1251 2662 imperatore,
1276 2593 1571 2664 omniaque
1600 2593 1791 2650 sedulo
1826 2610 1980 2650 com-

415 2696 606 2751 parare
641 2691 698 2736 ut
728 2697 851 2737 mox
886 2693 1075 2738 contra
1110 2683 1263 2737 illum
1299 2685 1475 2754 palam
1520 2686 1847 2756 insurgeret.
1881 2686 1981 2741 Fa-

348 2816 367 2833 .
412 2774 517 2828 cile
540 2774 590 2828 id
628 2774 706 2828 illi
738 2783 1135 2844 persuaserunt
1177 2776 1436 2837 antistiti.
1494 2776 1638 2832 male
1661 2776 1772 2846 jam
1822 2788 1978 2833 antea

415 2862 470 2917 in
511 2860 941 2919 Tarchaniotam
977 2863 1192 2932 affecto,
1245 2865 1448 2935 quippe
1485 2882 1514 2921 a
1554 2882 1664 2937 quo
1697 2877 1981 2923 contume-

414 2956 553 3011 liose
595 2971 655 3011 se
699 2971 920 3028 quoque
973 2958 1287 3013 traductum
1319 2968 1372 3013 et
1424 2962 1641 3016 irrisum
1682 2960 1981 3031 reprehen-

413 3061 649 3115 sumque
683 3048 1046 3104 meminisset.
1075 3050 1219 3121 Ergo
1252 3058 1306 3104 et
1353 3049 1443 3105 hic
1481 3049 1714 3108 ducibus
1750 3051 1978 3107 seditio-

2080 580 2250 651 ὕψους
2280 580 2375 634 τοῦ
2398 578 2614 650 τείχους
2650 578 2961 649 ἐωραμένος
2992 576 3127 647 πρὸς
3167 575 3267 642 τὴν
3314 571 3652 641 κατηγορίαν

2079 667 2336 737 ἀσφαλῶς
2388 668 2597 733 ἵστατο,
2650 668 2747 721 καὶ
2803 665 2880 736 τῷ
2909 666 3160 737 ἀρχιερεῖ
3203 660 3651 734 προσωνείδιζεν,

2080 757 2268 820 ἀνοίας
2290 757 2516 827 κρίνων,
2547 759 2595 810 εἰ
2628 759 3109 828 συμπεπεισμένος
3132 757 3395 819 τοιούτοις
3425 755 3654 824 ἀνδράσι

2083 851 2256 901 ποιεῖν
2295 848 2364 901 τὰ
2396 850 2558 917 ὃμοια
2607 849 2748 917 ἔγνω
2780 849 3172 921 παραγεγονὼς
3194 850 3284 903 τὸν
3317 850 3453 920 μηδὲ
3494 849 3656 903 σκιὰν

2080 938 2337 1002 ἀπιστίας
2371 939 2572 994 εἰδότα.
2601 941 2824 994 Βασιλεί
2845 940 2952 1012 γὰρ
2983 944 3078 996 καὶ
3130 941 3333 1010 μᾶλλον
3363 940 3658 1010 φυλάττειν

2081 1026 2265 1078 πίστιν
2318 1027 2414 1079 καὶ
2453 1026 2678 1096 βεϐαίαν
2704 1029 2890 1099 φέρειν
2937 1030 3036 1098 τὴν
3086 1029 3323 1096 εὔνοιαν,
3390 1028 3543 1099 αὐτῷ
3597 1028 3654 1081 δὲ

2078 1117 2397 1172 τούντεῦθεν
2421 1119 2513 1171 καὶ
2542 1119 2743 1188 μᾶλλον
2772 1122 2900 1191 μηδ’
2940 1120 3016 1184 ὡς
3048 1122 3302 1191 ἀρχιερεῖ
3332 1120 3654 1192 προσέχειν,

2077 1208 2126 1259 εἰ
2156 1196 2254 1276 τὴν
2288 1208 2423 1279 πρὸς
2470 1208 2656 1263 αὐτὸν⁹
2686 1210 2776 1264 διὰ
2833 1211 2930 1282 τὴν
2963 1212 3059 1265 τοῦ
3121 1211 3419 1283 σχίσματπ
3469 1212 3656 1265 αἰτίαν

2079 1298 2403 1371 ἀπέχθειαν,
2437 1300 2465 1354 ὃ
2487 1300 2551 1371 δὴ
2575 1303 2670 1354 καὶ
2708 1301 2963 1371 βασιλεὺς
2990 1300 3098 1357 οἵδε
3128 1305 3221 1357 καὶ
3254 1306 3530 1374 συγχωρεῖ
3558 1305 3626 1357 αὑ

2079 1391 2192 1455 τδς,
2227 1394 2341 1455 τοῖς
2368 1392 2551 1446 οὐκέτ’
2579 1391 2699 1449 οὖσι
2722 1396 2863 1449 κατά
2892 1396 3155 1466 βασιλέως
3188 1398 3481 1467 αἰτιάμασι
3514 1416 3645 1469 cup-

2082 1483 2303 1536 πλέκειν
2349 1486 2520 1539 ἐθέλοι
2552 1489 2646 1540 καὶ
2691 1490 2807 1552 τοῖς
2838 1487 3051 1542 ἐπιοῦσι
3084 1491 3467 1560 συμπράττειν
3492 1492 3650 1559 φόνοι

2085 1574 2254 1644 μηδὲν
2306 1574 2586 1646 προσῆκον
2634 1578 2721 1632 διὰ
2749 1578 2848 1648 τὴν
2877 1582 2976 1650 τῆς
3027 1581 3385 1652 συνειδήσεως
3415 1582 3653 1652 καθαρό-

2077 1681 2236 1734 τητα.
2292 1667 2483 1723 Ταῦτα
2527 1668 2702 1739 λέγων
2724 1671 3084 1742 ἀντετεχνᾶτο
3126 1674 3399 1738 κάκεῖνος,
3430 1675 3530 1727 καὶ
3556 1676 3663 1745 τὴν

2079 1758 2265 1812 εἰκόνα
2295 1758 2390 1812 τοῦ
2447 1761 2728 1832 μάρτυρος
2774 1762 2956 1829 φέρων
2994 1764 3306 1834 ἐπευφήμει
3336 1766 3464 1829 τοὺς
3506 1764 3665 1828 βασι-

2079 1849 2213 1911 λεῖς.
2242 1851 2354 1905 Καὶ
2384 1850 2572 1904 λοιπδν
2608 1853 2889 1922 ἄπρακτον
2927 1854 3028 1927 μὲν
3076 1852 3147 1925 ἦν
3180 1856 3367 1921 αὐτοῖς
3395 1858 3456 1909 τὸ
3479 1859 3666 1927 ἐγχεί-

2081 1962 2251 2017 ρημα,
2289 1943 2376 2020 [Ρ.
2402 1944 2524 2019 177]
2553 1949 2793 2001 συνεῖναι
2841 1946 2886 2002 δ’
2915 1948 3148 2012 ἐκείνοις
3181 1948 3384 2018 ἣκιστα
3412 1950 3663 2018 ἀσφαλὲς

2080 2124 2335 2196 pessimis
2384 2124 2631 2191 armatis,
2696 2125 2923 2182 haberet
2975 2128 3270 2198 perduellis
3306 2129 3374 2184 ad
3434 2146 3661 2187 manum

2080 2231 2311 2286 quorum
2345 2216 2568 2272 lacertis
2617 2232 2682 2272 ac
2731 2220 3089 2275 mucronibus
3134 2222 3440 2290 Augustum
3476 2238 3665 2293 appu-

2079 2316 2299 2377 gnaret,
2328 2308 2598 2379 Augusto,
2633 2310 2726 2379 qui
2755 2310 2934 2380 ipsum
2965 2311 3339 2377 defenderent,
3373 2314 3677 2370 deessent.-

2079 2397 2209 2454 lnde
2234 2397 2372 2453 adeo
2403 2414 2560 2454 suam
2600 2400 2762 2465 hanc,
2814 2416 2979 2470 quam
3048 2403 3384 2458 intentarent
3442 2406 3661 2473 rebelli,

2080 2490 2226 2544 haud
2254 2504 2376 2544 esse
2414 2489 2671 2560 injustam
2706 2493 2837 2548 vim.
2871 2491 2968 2548 Pia
3000 2504 3302 2566 sanctaque
3332 2497 3385 2552 in
3439 2496 3663 2555 hostem

2079 2582 2268 2649 patriae
2304 2594 2421 2635 sese
2448 2595 2597 2633 arma
2636 2581 2878 2639 induisse
2905 2600 2919 2649 ;
2952 2599 3053 2639 nec
3075 2584 3184 2653 jam
3216 2587 3453 2654 privatas
3481 2588 3663 2643 ultum

2080 2672 2160 2728 ire
2185 2674 2566 2738 contumelias,
2603 2688 2743 2743 quas
2770 2674 2880 2729 sint
2934 2676 3003 2730 ab
3058 2676 3176 2744 ipso
3225 2678 3495 2747 perpessi,
3559 2679 3664 2733 sed

2080 2771 2374 2835 tyrannum
2408 2766 2797 2820 exsecrabilem
2819 2766 2970 2836 justo
3001 2766 3144 2821 bello
3189 2768 3468 2839 persequi.
3500 2769 3663 2824 Talia

2081 2856 2375 2913 seditiosus
2410 2858 2787 2914 vociferantes
2818 2859 3149 2928 despectans
3175 2876 3206 2915 e
3246 2862 3477 2916 summis
3511 2864 3664 2916 muri

2082 2947 2269 3018 pinnis
2300 2947 2687 3016 Tarchaniota,
2722 2965 2836 3007 sua:
2893 2952 3268 3009 defensionem
3327 2954 3667 3009 innocentiae

2083 3056 2207 3096 cum
2242 3043 2485 3110 ipsorum
2536 3042 2885 3100 accusatione
2932 3044 3240 3100 insolentiae
3301 3045 3661 3115 conjunctam

416 3139 506 3192 uis
562 3137 839 3193 immistus
862 3137 1062 3193 infesto
1094 3154 1219 3194 cum
1273 3141 1380 3196 illis
1415 3142 1618 3211 impetu
1649 3142 1716 3197 ad
1743 3141 1981 3199 Tarcha-
2009 3141 2053 3201 ο
2084 3147 2152 3187 ει
2183 3141 2299 3189 ιιιιο
2329 3134 2571 3190 disertus
2610 3135 2921 3206 perorabat,
2966 3135 3129 3191 etiam
3179 3136 3325 3192 ultro
3379 3135 3667 3193 Philadel-

416 3230 644 3295 niotam,
676 3231 755 3286 uti
796 3232 938 3286 haud
973 3232 1135 3287 dubie
1169 3233 1516 3289 rebellionem
1556 3237 1979 3303 machinantem,

415 3324 782 3379 coercendum
836 3334 933 3379 aut
993 3327 1562 3396 comprehendendum
1622 3329 1790 3385 vadit.
1854 3329 1984 3384 Erat

417 3427 551 3471 tunc
584 3416 630 3472 is
660 3416 714 3470 in
748 3417 883 3471 turri
911 3417 1167 3486 quadam,
1219 3419 1311 3473 ubi
1345 3419 1414 3474 de
1460 3421 1699 3476 coitione
1749 3437 1982 3491 praemo-

417 3511 569 3566 nitus
596 3518 650 3564 et
676 3509 940 3577 imparem
975 3526 1055 3573 se,
1090 3509 1210 3565 loco
1239 3511 1355 3574 tali,
1424 3519 1590 3566 tanta:
1647 3514 1985 3569 sustinenda:

417 3603 765 3671 impressioni
796 3609 974 3666 ratus,
1007 3602 1158 3657 illinc
1202 3617 1260 3658 se
1289 3604 1601 3671 proripiens
1655 3607 1710 3659 in
1747 3606 1983 3661 vicinum

416 3695 642 3750 maximi
715 3696 974 3766 martyris
1047 3695 1266 3765 Georgii
1335 3698 1727 3752 monasterium
1801 3698 1983 3770 fugit,

417 3788 647 3859 ejusque
677 3787 886 3841 foribus
918 3787 1157 3842 occlusis
1186 3788 1297 3842 vim
1335 3802 1521 3843 eorum
1553 3789 1697 3844 fama
1732 3806 1986 3860 praenun-

416 3878 606 3932 tiatam
642 3881 945 3948 opperitur.
975 3877 1175 3932 Fuerat
1212 3879 1319 3933 illic
1346 3880 1476 3933 olim
1510 3879 1663 3935 Jovis
1696 3883 1985 3952 templum,

416 3969 725 4024 christiano
796 3968 993 4024 deinde
1047 3969 1153 4023 ritu
1206 3970 1479 4038 expiatum
1532 3982 1585 4026 et
1633 3972 1685 4026 in
1725 3973 1985 4029 honorem

420 4061 594 4115 sancti
645 4062 902 4132 martyris
946 4060 1163 4132 Georgii
1194 4061 1532 4117 dedicatum.
1571 4064 1647 4119 Eo
1679 4065 1986 4136 ingressmn

419 4150 606 4221 ibique
626 4150 879 4208 obductis
910 4167 1099 4208 secure
1132 4152 1340 4209 foribus
1367 4163 1544 4209 tutum
1577 4156 1827 4213 seditiosi
1856 4158 1991 4212 Tar-

424 4241 741 4299 chaniotam
774 4244 1062 4300 audientes
1092 4246 1262 4299 nihilo
1288 4246 1469 4302 secius
1498 4246 1638 4300 facta
1676 4263 1838 4303 manu
1874 4264 1991 4304 mo-

419 4335 665 4390 nasterio
689 4349 750 4390 se
782 4334 1095 4400 admovent,
1109 4344 1163 4388 et
1189 4342 1362 4402 extra,
1390 4343 1449 4389 ut
1469 4343 1646 4401 erant,
1668 4336 1880 4404 magnis
1902 4350 1997 4391 vo-

418 4426 573 4482 cibus
594 4425 775 4480 tictam
800 4426 949 4479 illam
981 4427 1226 4497 cogitata:
1249 4426 1638 4495 perduellionis
1659 4425 1989 4482 calumniam

419 4525 710 4587 oggerunt,
744 4517 880 4570 falso
902 4517 1050 4570 illum
1075 4515 1317 4585 jactasse
1343 4516 1704 4572 vociferantes
1738 4532 1817 4581 se.
1856 4517 1986 4572 dum

420 4608 574 4677 ipsos
597 4608 879 4678 spoliaret,
915 4607 1145 4678 Augusti
1209 4609 1481 4663 mandatis
1511 4610 1763 4679 obsequi.
1801 4609 1989 4680 Longe

420 4700 625 4770 quippe
652 4700 791 4753 ultra
816 4701 1153 4756 voluntatem
1200 4714 1265 4754 ac
1296 4700 1717 4757 destinationem
1773 4716 1989 4757 omnem

423 4791 836 4847 clementissimi
871 4792 1131 4861 principis
1158 4792 1315 4846 istam
1347 4792 1465 4860 ejus
1496 4792 1768 4860 perﬁdiosi
1793 4806 1857 4847 ac
1894 4808 1991 4846 ra-

421 4885 701 4954 pacissimi
768 4885 1002 4939 ministri
1053 4884 1349 4939 violentam
1380 4885 1435 4938 in
1466 4884 1624 4954 261
1669 4898 1729 4938 se
1772 4899 1991 4954 grassa-

424 4976 629 5031 tiouem
670 4977 1022 5045 processisse.
1056 4975 1168 5031 Nec
1211 4975 1434 5030 dubium
1463 4974 1652 5044 [videri
1698 4974 1829 5044 quin
1890 4976 1992 5030 hoc

423 5064 542 5134 ipse
567 5064 622 5119 id
653 5065 862 5136 agendo
897 5075 1217 5133 spectasset,
1249 5074 1306 5118 ut
1336 5080 1393 5119 se
1418 5079 1448 5117 a
1476 5063 1671 5117 militia
1702 5078 1798 5134 per
1829 5063 1988 5118 istam

423 5155 822 5211 intolerabilem
851 5155 1200 5226 spoliationis
1234 5155 1488 5219 injuriam
1522 5154 1784 5224 depulsis,
1812 5155 1989 5223 praeda

423 5248 560 5317 ipsis
591 5257 801 5302 extorta
830 5247 1122 5302 seditiosos
1155 5256 1491 5312 auctoraret,
1525 5262 1755 5316 quorum
1787 5247 1886 5302 sibi
1911 5247 1990 5300 sic

419 5337 787 5393 obmxiorum
820 5338 923 5392 fida
968 5352 1134 5406 opera
1189 5344 1437 5392 uteretur
1482 5338 1551 5392 ad
1612 5338 1988 5401 rebellionem,

422 5449 586 5503 quam
622 5433 927 5496 moliretur,
956 5431 1012 5485 iu
1046 5433 1427 5501 imperatorem
1454 5432 1881 5502 exsequendum.
1912 5431 1992 5487 Ad

423 5525 535 5581 hoc
556 5525 713 5594 plane
744 5523 1073 5593 pertinuisse
1103 5521 1251 5577 illam
1303 5521 1564 5578 allectatte
1611 5524 1992 5593 pepularitatis

422 5616 691 5682 speciem,
727 5614 848 5668 illas
880 5628 945 5668 ex
976 5612 1155 5667 alieno
1189 5612 1526 5681 largitiones,
1588 5612 1711 5668 illas
1771 5611 1993 5667 ell‘usio-

423 5721 527 5762 nes
558 5705 611 5760 in
646 5705 969 5759 vilissimum
1002 5720 1273 5775 quemque
1333 5707 1577 5774 pecuniae
1610 5705 1826 5774 injuriis
1859 5720 1993 5760 cou—

417 5793 584 5861 natae.
630 5795 845 5866 rapinis
871 5802 1094 5850 extortae
1121 5835 1136 5863 ,
1178 5811 1235 5850 ιιι
1295 5794 1610 5852 melioribus
1674 5791 1990 5861 debilitatis,

2084 3224 2365 3293 phiensem
2409 3226 2720 3297 increpans,
2759 3227 2902 3296 quod
2933 3240 3057 3282 eum
3115 3243 3223 3283 non
3284 3229 3515 3298 puderet
3566 3244 3665 3286 sa-

2085 3327 2377 3373 crosancta
2417 3318 2681 3388 insignem
2712 3318 2983 3390 dignitate
3009 3321 3375 3391 sanguinariis
3402 3336 3462 3377 se
3486 3322 3665 3378 latro-

2086 3411 2251 3465 nibus
2280 3411 2474 3467 ducem
2505 3411 2571 3465 ad
2596 3412 2777 3467 scelus
2810 3412 2951 3467 ferre
2979 3429 2994 3467 :
3030 3431 3048 3465 ι
3086 3411 3351 3479 Otnittite,
3381 3414 3519 3469 heus
3539 3430 3662 3478 vos,

2086 3504 2385 3575 inquiebat,
2417 3505 2463 3560 si
2489 3505 2614 3574 quis
2655 3503 2830 3574 pudor
2865 3513 2973 3570 est,
3026 3506 3349 3563 mendacem
3399 3506 3667 3575 jactatio-

2088 3610 2212 3649 nem
2243 3605 2436 3649 vestrm
2464 3596 2517 3650 in
2548 3597 2852 3667 Augustum
2880 3597 3024 3663 fidei,
3059 3599 3500 3667 qui/non-studio
3533 3614 3666 3670 erga

2087 3686 2388 3754 principem
2438 3687 2796 3749 sincero,sed
2848 3688 2975 3742 odio
3024 3690 3285 3744 adversus
3336 3688 3664 3745 fidissimum

2091 3776 2195 3846 ipsi
2223 3777 2556 3841 ministrum,
2591 3778 2782 3833 ducem
2812 3787 3078 3844 vestrum,
3135 3796 3281 3835 δαενο
3334 3770 3705 3850 ηθΐειτὶοιιυθ’

2090 3867 2463 3923 concitamini.
2509 3869 2849 3926 liehellionis
2897 3885 3059 3942 quam
3114 3871 3313 3939 ﬁngitis
3345 3888 3409 3926 ne
3467 3874 3667 3928 umbra

2090 3962 2306 4031 quidem
2346 3972 2439 4015 aut
2465 3963 2639 4031 prima
2663 3963 2921 4033 cogitatio
2948 3961 3338 4018 conscientiam
3363 3963 3670 4019 maculavit

2091 4070 2291 4109 meam.
2352 4053 2538 4110 Fidem
2587 4055 2898 4126 imperatori
2950 4069 3110 4110 servo
3176 4054 3445 4126 integram
3514 4071 3671 4112 nunc

2092 4146 2364 4209 maxime;
2398 4145 2452 4199 in
2478 4145 2635 4215 cujus
2678 4146 2999 4217 obsequium
3059 4146 3257 4203 aﬂ'ectu
3305 4148 3670 4204 devotissimo

2092 4231 2295 4286 nemini
2344 4231 2603 4286 concedo.
2640 4228 2715 4289 Te
2756 4249 2909 4301 vero,
2948 4253 2967 4287 ι
3006 4233 3362 4306 'l‘heolcptum
3416 4237 3669 4305 intuens,

2099 4341 2119 4374 ‹
2153 4339 2431 4393 nunquam
2465 4324 2730 4394 episcopi,
2758 4326 2902 4393 quod
2936 4324 3078 4383 falso
3119 4329 3286 4399 geris,
3318 4330 3671 4398 compellabo

2096 4414 2335 4481 nomine,
2381 4425 2475 4471 aut
2513 4416 2696 4473 debita
2730 4417 2821 4472 isti
2864 4418 3054 4487 gradui
3083 4420 3437 4476 veneratione
3470 4436 3671 4489 prose-

2096 4509 2389 4578 quar.lsta
2436 4510 2639 4564 dudum
2697 4513 3027 4566 commercia
3084 4513 3229 4568 inter
3290 4528 3392 4569 nos
3442 4515 3672 4585 abrupit

2095 4605 2254 4653 vetus
2284 4598 2351 4653 de
2377 4598 2639 4668 religione
2689 4598 3001 4653 discidium.
3041 4598 3255 4654 Dudum
3284 4610 3370 4655 est
3426 4615 3552 4655 cum
3608 4612 3666 4656 tu

2092 4707 2179 4746 me
2208 4694 2639 4759 schismaticum,
2690 4708 2791 4763 ego
2838 4701 2890 4749 te
2932 4692 3220 4764 profanum
3270 4709 3492 4749 censeo.
3539 4694 3670 4753 Hac

2095 4790 2200 4837 tua:
2222 4799 2251 4837 a
2283 4800 2390 4848 me,
2417 4799 2581 4853 quam
2615 4784 2750 4838 nihil
2775 4799 2979 4848 moror,
3006 4785 3314 4839 eversionis
3348 4801 3473 4839 vera
3497 4801 3669 4842 causa

2091 4884 2193 4929 est.
2239 4892 2338 4929 nec
2365 4877 2465 4930 ista
2512 4874 2696 4943 ignota
2749 4875 3005 4944 principi,
3037 4876 3194 4942 cujus
3225 4884 3278 4930 te
3309 4877 3428 4930 zelo
3479 4876 3669 4947 digni-

2095 4968 2224 5022 tatis
2252 4977 2309 5022 et
2340 4968 2632 5038 formidine
2662 4967 2889 5035 periculi
2927 4967 3135 5022 moveri
3176 4968 3449 5023 mentiris.
3508 4968 3668 5024 Tolle

2095 5058 2337 5125 fraudes,
2368 5073 2560 5112 amove
2591 5058 2975 5113 confictionem
3043 5058 3323 5114 vanissimi
3373 5059 3666 5116 criminis:

2094 5152 2266 5207 fatere
2302 5159 2354 5206 te
2385 5159 2574 5205 contra
2605 5150 2841 5205 oliicium
2879 5150 3268 5206 ecclesiastica
3291 5150 3559 5213 lenitatis,
3594 5152 3670 5206 si-

2096 5244 2316 5299 tientem
2348 5242 2452 5295 mei
2482 5242 2786 5311 sanguinis,
2816 5241 2885 5296 ab
2918 5242 3268 5309 iniquissima
3328 5243 3668 5311 minimeque

2094 5334 2377 5389 verisimili
2432 5333 2745 5401 suspicione
2798 5341 2908 5387 tuae
2942 5331 3168 5387 immani
3216 5333 3529 5388 crudelitati
3569 5333 3672 5390 ob-

2098 5434 2307 5481 tentum
2344 5439 2613 5494 quaerere,
2669 5423 2887 5478 interim
2939 5423 3092 5487 dum,
3150 5423 3296 5492 quod
3354 5432 3666 5479 monstrum

2095 5515 2463 5572 iu‘sacerdote
2508 5515 2600 5580 sit,
2661 5516 2903 5570 cruentis
2965 5523 3017 5569 te
3056 5513 3272 5569 sicariis
3320 5513 3668 5581 immiscens,

2095 5621 2356 5681 quantum
2404 5618 2600 5679 potes,
2656 5605 2967 5676 cooperaris
3024 5606 3090 5662 ad
3141 5604 3343 5661 caedem
3400 5606 3666 5671 hominis.

2095 5716 2243 5770 pura:
2271 5703 2415 5757 omni
2448 5701 2567 5756 labe
2583 5701 2744 5777 262
2769 5698 3114 5754 conscientia:
3140 5698 3315 5753 veraci
3347 5698 3670 5756 testimonio

2096 5790 2559 5849 innocentissimi.
2601 5808 2617 5841 ι
2652 5788 2803 5844 Talia
2833 5789 3075 5858 locutus,
3111 5797 3170 5843 ut
3192 5788 3407 5844 infestis
3451 5790 3669 5846 machi-
