  <div class='ocr_page' id='page_1' title='image "/cluster/home/n/w/nwhite01/storage/ocr_20150623/144/hvd.32044019208339/152.png"; bbox 0 0 3922 6548; ppageno 0'>
   <div class='ocr_carea' id='block_1_1' title="bbox 224 438 321 502">
    <p class='ocr_par' dir='ltr' id='par_1_1' title="bbox 224 438 321 502">
     <span class='ocr_line' id='line_1_1' title="bbox 224 438 321 502; baseline -0.031 -1"><span class='ocrx_word' id='word_1_1' title='bbox 224 438 321 502; x_wconf 67' lang='lat'><strong>239</strong></span> 
     </span>
    </p>
   </div>
   <div class='ocr_carea' id='block_1_2' title="bbox 1160 435 2599 501">
    <p class='ocr_par' dir='ltr' id='par_1_2' title="bbox 1160 435 2599 501">
     <span class='ocr_line' id='line_1_2' title="bbox 1160 435 2599 501; baseline -0.001 -1"><span class='ocrx_word' id='word_1_2' title='bbox 1160 440 1259 500; x_wconf 85' lang='lat' dir='ltr'><strong>DE</strong></span> <span class='ocrx_word' id='word_1_3' title='bbox 1302 437 1747 499; x_wconf 77' lang='lat' dir='ltr'><strong>ANDRONICO</strong></span> <span class='ocrx_word' id='word_1_4' title='bbox 1786 435 2257 498; x_wconf 64' lang='lat' dir='ltr'><strong>PALIEOLOC-O</strong></span> <span class='ocrx_word' id='word_1_5' title='bbox 2287 438 2439 501; x_wconf 83' lang='lat' dir='ltr'><strong>LIB.</strong></span> <span class='ocrx_word' id='word_1_6' title='bbox 2484 437 2599 499; x_wconf 88' lang='lat' dir='ltr'><strong>IlI.</strong></span> 
     </span>
    </p>
   </div>
   <div class='ocr_carea' id='block_1_3' title="bbox 3344 438 3455 502">
    <p class='ocr_par' dir='ltr' id='par_1_3' title="bbox 3344 438 3455 502">
     <span class='ocr_line' id='line_1_3' title="bbox 3344 438 3455 502; baseline 0.018 -2"><span class='ocrx_word' id='word_1_7' title='bbox 3344 438 3455 502; x_wconf 71' lang='lat'><strong>290</strong></span> 
     </span>
    </p>
   </div>
   <div class='ocr_carea' id='block_1_4' title="bbox 224 546 3518 625">
    <p class='ocr_par' dir='ltr' id='par_1_4' title="bbox 224 546 3518 625">
     <span class='ocr_line' id='line_1_4' title="bbox 224 546 3518 625; baseline 0 -22"><span class='ocrx_word' id='word_1_8' title='bbox 224 550 402 605; x_wconf 71' lang='grc' dir='ltr'>ἐδόκει.</span> <span class='ocrx_word' id='word_1_9' title='bbox 431 546 593 602; x_wconf 83' lang='grc' dir='ltr'>Ὅθεν</span> <span class='ocrx_word' id='word_1_10' title='bbox 626 548 715 603; x_wconf 70' lang='grc' dir='ltr'>καὶ</span> <span class='ocrx_word' id='word_1_11' title='bbox 743 549 924 602; x_wconf 79' lang='grc' dir='ltr'>πᾶσαν</span> <span class='ocrx_word' id='word_1_12' title='bbox 943 547 1101 620; x_wconf 74' lang='grc' dir='ltr'>ἀφεὶς</span> <span class='ocrx_word' id='word_1_13' title='bbox 1130 552 1321 622; x_wconf 71' lang='grc' dir='ltr'>ινοχην</span> <span class='ocrx_word' id='word_1_14' title='bbox 1344 550 1774 623; x_wconf 72' lang='grc' dir='ltr'>προστρέχειτῷ</span> <span class='ocrx_word' id='word_1_15' title='bbox 1802 552 1847 609; x_wconf 77' lang='grc' dir='ltr'><strong>Δ</strong></span> <span class='ocrx_word' id='word_1_16' title='bbox 1888 550 1948 603; x_wconf 91' lang='lat' dir='ltr'><strong>&#39;O</strong></span> <span class='ocrx_word' id='word_1_17' title='bbox 1994 550 2175 605; x_wconf 88' lang='grc' dir='ltr'>τοίνυν</span> <span class='ocrx_word' id='word_1_18' title='bbox 2229 551 2434 619; x_wconf 80' lang='grc' dir='ltr'>Νογᾶς,</span> <span class='ocrx_word' id='word_1_19' title='bbox 2498 552 2628 622; x_wconf 78' lang='grc' dir='ltr'>περὶ</span> <span class='ocrx_word' id='word_1_20' title='bbox 2678 547 2738 605; x_wconf 68' lang='grc' dir='ltr'>οὗ</span> <span class='ocrx_word' id='word_1_21' title='bbox 2789 551 2882 605; x_wconf 67' lang='grc' dir='ltr'>καὶ</span> <span class='ocrx_word' id='word_1_22' title='bbox 2926 552 3191 623; x_wconf 84' lang='grc' dir='ltr'>πρότερον</span> <span class='ocrx_word' id='word_1_23' title='bbox 3240 553 3460 625; x_wconf 76' lang='grc' dir='ltr'>ἐρρέθη.</span> <span class='ocrx_word' id='word_1_24' title='bbox 3506 607 3518 623; x_wconf 59' lang='grc'><em>,</em></span> 
     </span>
    </p>
   </div>
   <div class='ocr_carea' id='block_1_5' title="bbox 223 640 1773 715">
    <p class='ocr_par' dir='ltr' id='par_1_5' title="bbox 223 640 1773 715">
     <span class='ocr_line' id='line_1_5' title="bbox 223 640 1773 715; baseline 0.001 -20"><span class='ocrx_word' id='word_1_25' title='bbox 223 641 418 712; x_wconf 76' lang='grc' dir='ltr'>βασιλεῖ</span> <span class='ocrx_word' id='word_1_26' title='bbox 442 642 507 711; x_wconf 72' lang='grc' dir='ltr'>τῇ</span> <span class='ocrx_word' id='word_1_27' title='bbox 544 640 951 714; x_wconf 74' lang='grc' dir='ltr'>πολυανδρούσῃ</span> <span class='ocrx_word' id='word_1_28' title='bbox 982 642 1139 696; x_wconf 85' lang='grc' dir='ltr'>πόλει</span> <span class='ocrx_word' id='word_1_29' title='bbox 1188 642 1563 715; x_wconf 69' lang='grc' dir='ltr'><strong>Θεσσαλονίκῃ</strong></span> <span class='ocrx_word' id='word_1_30' title='bbox 1592 643 1773 697; x_wconf 77' lang='grc' dir='ltr'>ἐνδια-</span> 
     </span>
    </p>
   </div>
   <div class='ocr_carea' id='block_1_6' title="bbox 222 732 1776 808">
    <p class='ocr_par' dir='ltr' id='par_1_6' title="bbox 222 732 1776 808">
     <span class='ocr_line' id='line_1_6' title="bbox 222 732 1776 808; baseline 0.001 -22"><span class='ocrx_word' id='word_1_31' title='bbox 222 732 465 805; x_wconf 77' lang='grc' dir='ltr'>τρίϐοντι.</span> <span class='ocrx_word' id='word_1_32' title='bbox 494 733 661 789; x_wconf 77' lang='grc' dir='ltr'>Ἀλλά</span> <span class='ocrx_word' id='word_1_33' title='bbox 692 733 866 789; x_wconf 84' lang='grc' dir='ltr'>ταῦτα</span> <span class='ocrx_word' id='word_1_34' title='bbox 901 735 1001 806; x_wconf 79' lang='grc' dir='ltr'><strong>μὲν</strong></span> <span class='ocrx_word' id='word_1_35' title='bbox 1050 735 1299 808; x_wconf 75' lang='grc' dir='ltr'>ὕστερον,</span> <span class='ocrx_word' id='word_1_36' title='bbox 1332 734 1456 789; x_wconf 83' lang='grc' dir='ltr'>καθ’</span> <span class='ocrx_word' id='word_1_37' title='bbox 1488 735 1547 790; x_wconf 81' lang='grc' dir='ltr'><strong>ὃν</strong></span> <span class='ocrx_word' id='word_1_38' title='bbox 1578 736 1776 807; x_wconf 71' lang='grc' dir='ltr'>καιρὸν</span> 
     </span>
    </p>
   </div>
   <div class='ocr_carea' id='block_1_7' title="bbox 221 823 1777 897">
    <p class='ocr_par' dir='ltr' id='par_1_7' title="bbox 221 823 1777 897">
     <span class='ocr_line' id='line_1_7' title="bbox 221 823 1777 897; baseline 0.001 -20"><span class='ocrx_word' id='word_1_39' title='bbox 221 824 281 877; x_wconf 80' lang='grc' dir='ltr'>τά</span> <span class='ocrx_word' id='word_1_40' title='bbox 309 825 354 876; x_wconf 89' lang='grc' dir='ltr'><strong>οί</strong></span> <span class='ocrx_word' id='word_1_41' title='bbox 390 823 784 894; x_wconf 76' lang='grc' dir='ltr'><strong>στρατηγοῦντι</strong></span> <span class='ocrx_word' id='word_1_42' title='bbox 816 825 1165 897; x_wconf 79' lang='grc' dir='ltr'><strong>πεπονημένα</strong></span> <span class='ocrx_word' id='word_1_43' title='bbox 1193 826 1650 896; x_wconf 65' lang='grc' dir='ltr'><strong>ἐσπουδασμένως</strong></span> <span class='ocrx_word' id='word_1_44' title='bbox 1676 827 1777 893; x_wconf 84' lang='grc' dir='ltr'><strong>τῆς</strong></span> 
     </span>
    </p>
   </div>
   <div class='ocr_carea' id='block_1_8' title="bbox 221 914 1777 990">
    <p class='ocr_par' dir='ltr' id='par_1_8' title="bbox 221 914 1777 990">
     <span class='ocr_line' id='line_1_8' title="bbox 221 914 1777 990; baseline 0.002 -22"><span class='ocrx_word' id='word_1_45' title='bbox 221 914 318 969; x_wconf 76' lang='grc' dir='ltr'>τῶν</span> <span class='ocrx_word' id='word_1_46' title='bbox 338 916 449 967; x_wconf 78' lang='grc' dir='ltr'>ἐκεῖ</span> <span class='ocrx_word' id='word_1_47' title='bbox 467 917 813 986; x_wconf 80' lang='grc' dir='ltr'>πραγμάτων</span> <span class='ocrx_word' id='word_1_48' title='bbox 845 921 1240 990; x_wconf 74' lang='grc' dir='ltr'><strong>κατορθώσεως</strong></span> <span class='ocrx_word' id='word_1_49' title='bbox 1258 918 1418 990; x_wconf 83' lang='grc' dir='ltr'>χάριν</span> <span class='ocrx_word' id='word_1_50' title='bbox 1444 916 1777 990; x_wconf 80' lang='grc' dir='ltr'>ἀθετηθέντα</span> 
     </span>
    </p>
   </div>
   <div class='ocr_carea' id='block_1_9' title="bbox 221 1007 1779 1081">
    <p class='ocr_par' dir='ltr' id='par_1_9' title="bbox 221 1007 1779 1081">
     <span class='ocr_line' id='line_1_9' title="bbox 221 1007 1779 1081; baseline 0 -20"><span class='ocrx_word' id='word_1_51' title='bbox 221 1007 305 1061; x_wconf 72' lang='grc' dir='ltr'>καὶ</span> <span class='ocrx_word' id='word_1_52' title='bbox 331 1008 407 1070; x_wconf 82' lang='grc' dir='ltr'><strong>είς</strong></span> <span class='ocrx_word' id='word_1_53' title='bbox 432 1007 589 1061; x_wconf 83' lang='grc' dir='ltr'>οὐδὲν</span> <span class='ocrx_word' id='word_1_54' title='bbox 624 1008 943 1077; x_wconf 72' lang='grc' dir='ltr'><strong>λογισθέντα</strong></span> <span class='ocrx_word' id='word_1_55' title='bbox 978 1009 1130 1081; x_wconf 87' lang='grc' dir='ltr'><strong>παρά</strong></span> <span class='ocrx_word' id='word_1_56' title='bbox 1160 1009 1267 1064; x_wconf 84' lang='grc' dir='ltr'><strong>τῶν</strong></span> <span class='ocrx_word' id='word_1_57' title='bbox 1316 1009 1542 1073; x_wconf 77' lang='grc' dir='ltr'><strong>ἐσαῦθις</strong></span> <span class='ocrx_word' id='word_1_58' title='bbox 1566 1025 1779 1079; x_wconf 80' lang='grc' dir='ltr'>πεμπο-</span> 
     </span>
    </p>
   </div>
   <div class='ocr_carea' id='block_1_10' title="bbox 223 1097 1776 1173">
    <p class='ocr_par' dir='ltr' id='par_1_10' title="bbox 223 1097 1776 1173">
     <span class='ocr_line' id='line_1_10' title="bbox 223 1097 1776 1173; baseline 0.003 -23"><span class='ocrx_word' id='word_1_59' title='bbox 223 1097 384 1167; x_wconf 83' lang='grc' dir='ltr'>μένων</span> <span class='ocrx_word' id='word_1_60' title='bbox 432 1098 637 1171; x_wconf 75' lang='grc' dir='ltr'>πολλὴν</span> <span class='ocrx_word' id='word_1_61' title='bbox 663 1099 764 1172; x_wconf 75' lang='grc' dir='ltr'>τὴν</span> <span class='ocrx_word' id='word_1_62' title='bbox 810 1100 992 1173; x_wconf 83' lang='grc' dir='ltr'><strong>λύμην</strong></span> <span class='ocrx_word' id='word_1_63' title='bbox 1022 1101 1276 1156; x_wconf 66' lang='grc' dir='ltr'>ἐνέδοσαν</span> <span class='ocrx_word' id='word_1_64' title='bbox 1303 1099 1574 1171; x_wconf 83' lang='grc' dir='ltr'>γίνεσθαι,</span> <span class='ocrx_word' id='word_1_65' title='bbox 1602 1101 1776 1171; x_wconf 84' lang='grc' dir='ltr'>ὕπερ·</span> 
     </span>
    </p>
   </div>
   <div class='ocr_carea' id='block_1_11' title="bbox 221 1176 1781 1264">
    <p class='ocr_par' dir='ltr' id='par_1_11' title="bbox 221 1176 1781 1264">
     <span class='ocr_line' id='line_1_11' title="bbox 221 1176 1781 1264; baseline 0.003 -23"><span class='ocrx_word' id='word_1_66' title='bbox 221 1189 424 1260; x_wconf 78' lang='grc' dir='ltr'>ημέρων</span> <span class='ocrx_word' id='word_1_67' title='bbox 455 1188 563 1259; x_wconf 88' lang='grc' dir='ltr'>μὲν</span> <span class='ocrx_word' id='word_1_68' title='bbox 614 1190 710 1245; x_wconf 71' lang='grc' dir='ltr'>καὶ</span> <span class='ocrx_word' id='word_1_69' title='bbox 740 1191 848 1246; x_wconf 83' lang='grc' dir='ltr'><strong>τῶν</strong></span> <span class='ocrx_word' id='word_1_70' title='bbox 879 1192 1250 1264; x_wconf 61' lang='grc' dir='ltr'>μισθοφοριῶν</span> <span class='ocrx_word' id='word_1_71' title='bbox 1280 1176 1583 1263; x_wconf 86' lang='grc' dir='ltr'>γινομένων</span> <span class='ocrx_word' id='word_1_72' title='bbox 1616 1208 1781 1262; x_wconf 90' lang='grc' dir='ltr'>στρα-</span> 
     </span>
    </p>
   </div>
   <div class='ocr_carea' id='block_1_12' title="bbox 220 1277 1776 1354">
    <p class='ocr_par' dir='ltr' id='par_1_12' title="bbox 220 1277 1776 1354">
     <span class='ocr_line' id='line_1_12' title="bbox 220 1277 1776 1354; baseline 0.005 -25"><span class='ocrx_word' id='word_1_73' title='bbox 220 1277 422 1341; x_wconf 81' lang='grc' dir='ltr'>τιώταις</span> <span class='ocrx_word' id='word_1_74' title='bbox 447 1279 605 1349; x_wconf 82' lang='grc' dir='ltr'><strong>παρά</strong></span> <span class='ocrx_word' id='word_1_75' title='bbox 634 1281 745 1334; x_wconf 82' lang='grc' dir='ltr'>τῶν</span> <span class='ocrx_word' id='word_1_76' title='bbox 769 1282 1187 1354; x_wconf 66' lang='grc' dir='ltr'>κατ’ίὰνατολὴν</span> <span class='ocrx_word' id='word_1_77' title='bbox 1226 1281 1598 1351; x_wconf 79' lang='grc' dir='ltr'>συλλεγόντων</span> <span class='ocrx_word' id='word_1_78' title='bbox 1639 1280 1776 1353; x_wconf 86' lang='grc' dir='ltr'>χρή·</span> 
     </span>
    </p>
   </div>
   <div class='ocr_carea' id='block_1_13' title="bbox 222 1367 1779 1445">
    <p class='ocr_par' dir='ltr' id='par_1_13' title="bbox 222 1367 1779 1445">
     <span class='ocr_line' id='line_1_13' title="bbox 222 1367 1779 1445; baseline 0.004 -26"><span class='ocrx_word' id='word_1_79' title='bbox 222 1385 368 1439; x_wconf 78' lang='grc' dir='ltr'>ματα,</span> <span class='ocrx_word' id='word_1_80' title='bbox 410 1367 853 1441; x_wconf 79' lang='grc' dir='ltr'>ἑλλελειμμένων</span> <span class='ocrx_word' id='word_1_81' title='bbox 900 1372 958 1427; x_wconf 78' lang='grc' dir='ltr'>δὲ</span> <span class='ocrx_word' id='word_1_82' title='bbox 987 1373 1084 1428; x_wconf 68' lang='grc' dir='ltr'>καὶ</span> <span class='ocrx_word' id='word_1_83' title='bbox 1130 1374 1239 1428; x_wconf 85' lang='grc' dir='ltr'><strong>τῶν</strong></span> <span class='ocrx_word' id='word_1_84' title='bbox 1280 1372 1554 1445; x_wconf 76' lang='grc' dir='ltr'>πλείστων</span> <span class='ocrx_word' id='word_1_85' title='bbox 1581 1373 1645 1425; x_wconf 70' lang='grc' dir='ltr'><strong>ἐκ</strong></span> <span class='ocrx_word' id='word_1_86' title='bbox 1678 1374 1779 1442; x_wconf 81' lang='grc' dir='ltr'>τῆς</span> 
     </span>
    </p>
   </div>
   <div class='ocr_carea' id='block_1_14' title="bbox 220 1458 1779 1536">
    <p class='ocr_par' dir='ltr' id='par_1_14' title="bbox 220 1458 1779 1536">
     <span class='ocr_line' id='line_1_14' title="bbox 220 1458 1779 1536; baseline 0.003 -25"><span class='ocrx_word' id='word_1_87' title='bbox 220 1458 313 1511; x_wconf 84' lang='grc' dir='ltr'>τῶν</span> <span class='ocrx_word' id='word_1_88' title='bbox 357 1459 712 1532; x_wconf 79' lang='grc' dir='ltr'>προύχόντων</span> <span class='ocrx_word' id='word_1_89' title='bbox 772 1467 901 1535; x_wconf 73' lang='grc' dir='ltr'>περὶ</span> <span class='ocrx_word' id='word_1_90' title='bbox 942 1465 1085 1519; x_wconf 81' lang='grc' dir='ltr'>αὐτὰ</span> <span class='ocrx_word' id='word_1_91' title='bbox 1116 1465 1506 1536; x_wconf 75' lang='grc' dir='ltr'>σφετερίσεως,</span> <span class='ocrx_word' id='word_1_92' title='bbox 1538 1466 1632 1519; x_wconf 75' lang='grc' dir='ltr'><strong>καὶ</strong></span> <span class='ocrx_word' id='word_1_93' title='bbox 1668 1465 1779 1518; x_wconf 84' lang='grc' dir='ltr'>τῶν</span> 
     </span>
    </p>
   </div>
   <div class='ocr_carea' id='block_1_15' title="bbox 221 1549 1780 1630">
    <p class='ocr_par' dir='ltr' id='par_1_15' title="bbox 221 1549 1780 1630">
     <span class='ocr_line' id='line_1_15' title="bbox 221 1549 1780 1630; baseline 0.005 -28"><span class='ocrx_word' id='word_1_94' title='bbox 221 1549 516 1619; x_wconf 82' lang='grc' dir='ltr'>πολεμικῶν</span> <span class='ocrx_word' id='word_1_95' title='bbox 587 1555 840 1612; x_wconf 64' lang='grc' dir='ltr'>ἐντεῦθεν</span> <span class='ocrx_word' id='word_1_96' title='bbox 889 1557 1282 1630; x_wconf 81' lang='grc' dir='ltr'>ἀμελουμένων</span> <span class='ocrx_word' id='word_1_97' title='bbox 1327 1556 1469 1612; x_wconf 86' lang='grc' dir='ltr'><strong>κατά</strong></span> <span class='ocrx_word' id='word_1_98' title='bbox 1517 1556 1577 1611; x_wconf 78' lang='grc' dir='ltr'>τὸ</span> <span class='ocrx_word' id='word_1_99' title='bbox 1628 1557 1780 1623; x_wconf 80' lang='grc' dir='ltr'>είκδς</span> 
     </span>
    </p>
   </div>
   <div class='ocr_carea' id='block_1_16' title="bbox 221 1644 479 1713">
    <p class='ocr_par' dir='ltr' id='par_1_16' title="bbox 221 1644 479 1713">
     <span class='ocr_line' id='line_1_16' title="bbox 221 1644 479 1713; baseline 0.019 -18"><span class='ocrx_word' id='word_1_100' title='bbox 221 1644 479 1713; x_wconf 60' lang='grc' dir='ltr'>πράξεων.</span> 
     </span>
    </p>
   </div>
   <div class='ocr_carea' id='block_1_17' title="bbox 223 1718 1781 1835">
    <p class='ocr_par' dir='ltr' id='par_1_17' title="bbox 223 1718 1781 1835">
     <span class='ocr_line' id='line_1_17' title="bbox 223 1718 1781 1835; baseline 0.008 -28"><span class='ocrx_word' id='word_1_101' title='bbox 223 1755 324 1820; x_wconf 71' lang='grc' dir='ltr'><strong>ις’.</strong></span> <span class='ocrx_word' id='word_1_102' title='bbox 351 1757 489 1826; x_wconf 72' lang='grc' dir='ltr'>Περὶ</span> <span class='ocrx_word' id='word_1_103' title='bbox 521 1775 646 1813; x_wconf 80' lang='grc' dir='ltr'>των</span> <span class='ocrx_word' id='word_1_104' title='bbox 673 1760 828 1816; x_wconf 77' lang='grc' dir='ltr'>κατὰ</span> <span class='ocrx_word' id='word_1_105' title='bbox 864 1761 938 1817; x_wconf 79' lang='grc' dir='ltr'>τὰ</span> <span class='ocrx_word' id='word_1_106' title='bbox 967 1762 1183 1835; x_wconf 72' lang='grc' dir='ltr'>,βόρεια</span> <span class='ocrx_word' id='word_1_107' title='bbox 1230 1764 1505 1835; x_wconf 81' lang='grc' dir='ltr'>Τοχάρων</span> <span class='ocrx_word' id='word_1_108' title='bbox 1536 1765 1635 1821; x_wconf 77' lang='grc' dir='ltr'>καί</span> <span class='ocrx_word' id='word_1_109' title='bbox 1674 1718 1781 1820; x_wconf 66' lang='grc' dir='ltr'><strong>τοῦ</strong></span> 
     </span>
    </p>
   </div>
   <div class='ocr_carea' id='block_1_18' title="bbox 734 1834 1246 1902">
    <p class='ocr_par' dir='ltr' id='par_1_18' title="bbox 734 1834 1246 1902">
     <span class='ocr_line' id='line_1_18' title="bbox 734 1834 1246 1902; baseline 0.002 -15"><span class='ocrx_word' id='word_1_110' title='bbox 734 1834 1246 1902; x_wconf 69' lang='grc' dir='ltr'>Σφεντισθλάόου.</span> 
     </span>
    </p>
   </div>
   <div class='ocr_carea' id='block_1_19' title="bbox 1880 643 3456 717">
    <p class='ocr_par' dir='ltr' id='par_1_19' title="bbox 1880 643 3456 717">
     <span class='ocr_line' id='line_1_19' title="bbox 1880 643 3456 717; baseline 0.002 -23"><span class='ocrx_word' id='word_1_111' title='bbox 1880 643 2156 713; x_wconf 67' lang='grc' dir='ltr'>πεμφθεὶς</span> <span class='ocrx_word' id='word_1_112' title='bbox 2197 644 2440 714; x_wconf 73' lang='grc' dir='ltr'>ἀρχῆθεν</span> <span class='ocrx_word' id='word_1_113' title='bbox 2496 645 2647 717; x_wconf 84' lang='grc' dir='ltr'>ποιρά</span> <span class='ocrx_word' id='word_1_114' title='bbox 2676 644 2783 698; x_wconf 84' lang='grc' dir='ltr'>τῶν</span> <span class='ocrx_word' id='word_1_115' title='bbox 2812 646 2877 697; x_wconf 85' lang='grc' dir='ltr'>ὲκ</span> <span class='ocrx_word' id='word_1_116' title='bbox 2926 644 3117 712; x_wconf 80' lang='grc' dir='ltr'>γένους</span> <span class='ocrx_word' id='word_1_117' title='bbox 3154 646 3456 715; x_wconf 83' lang='grc' dir='ltr'><strong>ἀρχόντων,</strong></span> 
     </span>
    </p>
   </div>
   <div class='ocr_carea' id='block_1_20' title="bbox 1878 734 3463 807">
    <p class='ocr_par' dir='ltr' id='par_1_20' title="bbox 1878 734 3463 807">
     <span class='ocr_line' id='line_1_20' title="bbox 1878 734 3463 807; baseline 0 -18"><span class='ocrx_word' id='word_1_118' title='bbox 1878 735 1979 789; x_wconf 77' lang='grc' dir='ltr'>οὐκ</span> <span class='ocrx_word' id='word_1_119' title='bbox 2007 735 2193 805; x_wconf 77' lang='grc' dir='ltr'>ἄρχων</span> <span class='ocrx_word' id='word_1_120' title='bbox 2229 734 2328 801; x_wconf 83' lang='grc' dir='ltr'><strong>ὢν,</strong></span> <span class='ocrx_word' id='word_1_121' title='bbox 2357 736 2472 793; x_wconf 82' lang='grc' dir='ltr'>ἀλλ’</span> <span class='ocrx_word' id='word_1_122' title='bbox 2506 737 2921 807; x_wconf 79' lang='grc' dir='ltr'>ὑποστράτηγος</span> <span class='ocrx_word' id='word_1_123' title='bbox 2954 738 3126 806; x_wconf 81' lang='grc' dir='ltr'>σφῶν,</span> <span class='ocrx_word' id='word_1_124' title='bbox 3187 738 3463 807; x_wconf 75' lang='grc' dir='ltr'>πεμφθεὶς</span> 
     </span>
    </p>
   </div>
   <div class='ocr_carea' id='block_1_21' title="bbox 1879 821 3459 901">
    <p class='ocr_par' dir='ltr' id='par_1_21' title="bbox 1879 821 3459 901">
     <span class='ocr_line' id='line_1_21' title="bbox 1879 821 3459 901; baseline 0 -21"><span class='ocrx_word' id='word_1_125' title='bbox 1879 821 1972 881; x_wconf 82' lang='grc' dir='ltr'><strong>οῦν</strong></span> <span class='ocrx_word' id='word_1_126' title='bbox 2005 827 2125 897; x_wconf 86' lang='grc' dir='ltr'>μεθ’</span> <span class='ocrx_word' id='word_1_127' title='bbox 2151 829 2231 882; x_wconf 82' lang='grc' dir='ltr'>ὅτι</span> <span class='ocrx_word' id='word_1_128' title='bbox 2286 827 2544 897; x_wconf 80' lang='grc' dir='ltr'>πλείστης</span> <span class='ocrx_word' id='word_1_129' title='bbox 2589 828 2872 898; x_wconf 82' lang='grc' dir='ltr'>δυνάμεως</span> <span class='ocrx_word' id='word_1_130' title='bbox 2901 830 2995 882; x_wconf 76' lang='grc' dir='ltr'><strong>ἐπὶ</strong></span> <span class='ocrx_word' id='word_1_131' title='bbox 3018 829 3120 899; x_wconf 81' lang='grc' dir='ltr'>τῆς</span> <span class='ocrx_word' id='word_1_132' title='bbox 3150 829 3293 882; x_wconf 79' lang='grc' dir='ltr'><strong>κατά</strong></span> <span class='ocrx_word' id='word_1_133' title='bbox 3326 828 3459 901; x_wconf 78' lang='grc' dir='ltr'><strong>βορο</strong></span> 
     </span>
    </p>
   </div>
   <div class='ocr_carea' id='block_1_22' title="bbox 1883 918 3466 991">
    <p class='ocr_par' dir='ltr' id='par_1_22' title="bbox 1883 918 3466 991">
     <span class='ocr_line' id='line_1_22' title="bbox 1883 918 3466 991; baseline 0.001 -19"><span class='ocrx_word' id='word_1_134' title='bbox 1883 919 1984 990; x_wconf 79' lang='grc' dir='ltr'>ρἄ</span> <span class='ocrx_word' id='word_1_135' title='bbox 2020 918 2276 991; x_wconf 78' lang='grc' dir='ltr'>περαίας,</span> <span class='ocrx_word' id='word_1_136' title='bbox 2328 918 2418 973; x_wconf 78' lang='grc' dir='ltr'><strong>ἵνα</strong></span> <span class='ocrx_word' id='word_1_137' title='bbox 2447 921 2542 971; x_wconf 76' lang='grc' dir='ltr'><strong>καὶ</strong></span> <span class='ocrx_word' id='word_1_138' title='bbox 2571 919 2804 988; x_wconf 81' lang='grc' dir='ltr'>διάφορα</span> <span class='ocrx_word' id='word_1_139' title='bbox 2833 918 2963 988; x_wconf 76' lang='grc' dir='ltr'>ἔθνη</span> <span class='ocrx_word' id='word_1_140' title='bbox 2992 919 3161 973; x_wconf 84' lang='grc' dir='ltr'>πάλαι</span> <span class='ocrx_word' id='word_1_141' title='bbox 3197 919 3295 989; x_wconf 73' lang='grc' dir='ltr'>μὶν</span> <span class='ocrx_word' id='word_1_142' title='bbox 3327 919 3466 973; x_wconf 79' lang='grc' dir='ltr'><strong>Ῥω-</strong></span> 
     </span>
    </p>
   </div>
   <div class='ocr_carea' id='block_1_23' title="bbox 1884 1007 3466 1079">
    <p class='ocr_par' dir='ltr' id='par_1_23' title="bbox 1884 1007 3466 1079">
     <span class='ocr_line' id='line_1_23' title="bbox 1884 1007 3466 1079; baseline 0.001 -18"><span class='ocrx_word' id='word_1_143' title='bbox 1884 1008 2064 1078; x_wconf 86' lang='grc' dir='ltr'>μαίοις</span> <span class='ocrx_word' id='word_1_144' title='bbox 2102 1009 2317 1079; x_wconf 78' lang='grc' dir='ltr'>ὑπήκοα</span> <span class='ocrx_word' id='word_1_145' title='bbox 2344 1047 2361 1072; x_wconf 90' lang='lat'><strong>,</strong></span> <span class='ocrx_word' id='word_1_146' title='bbox 2419 1007 2648 1079; x_wconf 73' lang='grc' dir='ltr'>ὕστερον</span> <span class='ocrx_word' id='word_1_147' title='bbox 2680 1009 2725 1063; x_wconf 85' lang='grc' dir='ltr'>δ’</span> <span class='ocrx_word' id='word_1_148' title='bbox 2760 1007 2994 1079; x_wconf 79' lang='grc' dir='ltr'>ἁλούσης</span> <span class='ocrx_word' id='word_1_149' title='bbox 3046 1009 3142 1078; x_wconf 84' lang='grc' dir='ltr'>τῆς</span> <span class='ocrx_word' id='word_1_150' title='bbox 3178 1010 3466 1063; x_wconf 80' lang='grc' dir='ltr'>Κωνστανο</span> 
     </span>
    </p>
   </div>
   <div class='ocr_carea' id='block_1_24' title="bbox 1879 1097 3466 1171">
    <p class='ocr_par' dir='ltr' id='par_1_24' title="bbox 1879 1097 3466 1171">
     <span class='ocr_line' id='line_1_24' title="bbox 1879 1097 3466 1171; baseline 0.002 -19"><span class='ocrx_word' id='word_1_151' title='bbox 1879 1097 2025 1152; x_wconf 88' lang='grc' dir='ltr'>τίνου</span> <span class='ocrx_word' id='word_1_152' title='bbox 2049 1098 2170 1153; x_wconf 76' lang='grc' dir='ltr'>καθ’</span> <span class='ocrx_word' id='word_1_153' title='bbox 2198 1101 2339 1153; x_wconf 84' lang='grc' dir='ltr'><strong>αὐτά</strong></span> <span class='ocrx_word' id='word_1_154' title='bbox 2368 1099 2497 1154; x_wconf 69' lang='grc' dir='ltr'>ὄντα</span> <span class='ocrx_word' id='word_1_155' title='bbox 2528 1099 2620 1154; x_wconf 76' lang='grc' dir='ltr'><strong>καὶ</strong></span> <span class='ocrx_word' id='word_1_156' title='bbox 2656 1101 2983 1171; x_wconf 77' lang='grc' dir='ltr'>τοπαρχίαις</span> <span class='ocrx_word' id='word_1_157' title='bbox 3017 1103 3128 1154; x_wconf 72' lang='grc' dir='ltr'>τισὶ</span> <span class='ocrx_word' id='word_1_158' title='bbox 3171 1103 3466 1171; x_wconf 77' lang='grc' dir='ltr'>μεριζόμε-</span> 
     </span>
    </p>
   </div>
   <div class='ocr_carea' id='block_1_25' title="bbox 1881 1192 3468 1265">
    <p class='ocr_par' dir='ltr' id='par_1_25' title="bbox 1881 1192 3468 1265">
     <span class='ocr_line' id='line_1_25' title="bbox 1881 1192 3468 1265; baseline 0.003 -19"><span class='ocrx_word' id='word_1_159' title='bbox 1881 1209 1969 1256; x_wconf 85' lang='grc' dir='ltr'>να,</span> <span class='ocrx_word' id='word_1_160' title='bbox 1996 1192 2070 1256; x_wconf 83' lang='grc' dir='ltr'>ὡς</span> <span class='ocrx_word' id='word_1_161' title='bbox 2095 1194 2316 1263; x_wconf 79' lang='grc' dir='ltr'>ἐρήμων</span> <span class='ocrx_word' id='word_1_162' title='bbox 2356 1194 2905 1264; x_wconf 82' lang='grc' dir='ltr'>καταδραμούμενος,</span> <span class='ocrx_word' id='word_1_163' title='bbox 2941 1196 3174 1261; x_wconf 71' lang='grc' dir='ltr'>ἐπιστὰς</span> <span class='ocrx_word' id='word_1_164' title='bbox 3214 1196 3293 1265; x_wconf 74' lang='grc' dir='ltr'>τῷ</span> <span class='ocrx_word' id='word_1_165' title='bbox 3323 1195 3468 1250; x_wconf 82' lang='grc' dir='ltr'>κατὰ</span> 
     </span>
    </p>
   </div>
   <div class='ocr_carea' id='block_1_26' title="bbox 1884 1283 3467 1356">
    <p class='ocr_par' dir='ltr' id='par_1_26' title="bbox 1884 1283 3467 1356">
     <span class='ocr_line' id='line_1_26' title="bbox 1884 1283 3467 1356; baseline 0.003 -20"><span class='ocrx_word' id='word_1_166' title='bbox 1884 1284 2030 1353; x_wconf 78' lang='grc' dir='ltr'>σφᾶς</span> <span class='ocrx_word' id='word_1_167' title='bbox 2058 1283 2164 1338; x_wconf 86' lang='grc' dir='ltr'>δέει</span> <span class='ocrx_word' id='word_1_168' title='bbox 2219 1284 2362 1354; x_wconf 81' lang='grc' dir='ltr'>μόνῳ</span> <span class='ocrx_word' id='word_1_169' title='bbox 2403 1284 2686 1354; x_wconf 84' lang='grc' dir='ltr'>χειροῦται</span> <span class='ocrx_word' id='word_1_170' title='bbox 2736 1285 2831 1337; x_wconf 72' lang='grc' dir='ltr'>καὶ</span> <span class='ocrx_word' id='word_1_171' title='bbox 2863 1285 3147 1339; x_wconf 82' lang='grc' dir='ltr'>ὑποκλίνει</span> <span class='ocrx_word' id='word_1_172' title='bbox 3200 1287 3467 1356; x_wconf 79' lang='grc' dir='ltr'>Τοχάροις</span> 
     </span>
    </p>
   </div>
   <div class='ocr_carea' id='block_1_27' title="bbox 1882 1375 3468 1447">
    <p class='ocr_par' dir='ltr' id='par_1_27' title="bbox 1882 1375 3468 1447">
     <span class='ocr_line' id='line_1_27' title="bbox 1882 1375 3468 1447; baseline 0.001 -16"><span class='ocrx_word' id='word_1_173' title='bbox 1882 1375 2327 1445; x_wconf 73' lang='grc' dir='ltr'>αὕτονομούμενα</span> <span class='ocrx_word' id='word_1_174' title='bbox 2346 1376 2510 1447; x_wconf 81' lang='grc' dir='ltr'>πρότε</span> <span class='ocrx_word' id='word_1_175' title='bbox 2521 1393 2632 1446; x_wconf 89' lang='grc' dir='ltr'>ρον.</span> <span class='ocrx_word' id='word_1_176' title='bbox 2667 1376 2737 1429; x_wconf 77' lang='grc' dir='ltr'>Ἀ</span> <span class='ocrx_word' id='word_1_177' title='bbox 2747 1395 2822 1446; x_wconf 89' lang='grc' dir='ltr'><strong>μα</strong></span> <span class='ocrx_word' id='word_1_178' title='bbox 2840 1375 2971 1446; x_wconf 82' lang='grc' dir='ltr'>γοῦν</span> <span class='ocrx_word' id='word_1_179' title='bbox 2998 1378 3272 1432; x_wconf 77' lang='grc' dir='ltr'>τοσούτων</span> <span class='ocrx_word' id='word_1_180' title='bbox 3297 1378 3468 1432; x_wconf 84' lang='grc' dir='ltr'>έθνῶν</span> 
     </span>
    </p>
   </div>
   <div class='ocr_carea' id='block_1_28' title="bbox 1880 1450 3465 1540">
    <p class='ocr_par' dir='ltr' id='par_1_28' title="bbox 1880 1450 3465 1540">
     <span class='ocr_line' id='line_1_28' title="bbox 1880 1450 3465 1540; baseline 0.005 -24"><span class='ocrx_word' id='word_1_181' title='bbox 1880 1450 2075 1537; x_wconf 67' lang='grc' dir='ltr'>ἦρξαν,</span> <span class='ocrx_word' id='word_1_182' title='bbox 2110 1466 2208 1519; x_wconf 75' lang='grc' dir='ltr'>καὶ</span> <span class='ocrx_word' id='word_1_183' title='bbox 2264 1466 2379 1537; x_wconf 75' lang='grc' dir='ltr'><strong>ἅμα</strong></span> <span class='ocrx_word' id='word_1_184' title='bbox 2432 1466 2877 1540; x_wconf 80' lang='grc' dir='ltr'>πολυανδροῦντα</span> <span class='ocrx_word' id='word_1_185' title='bbox 2918 1469 3083 1523; x_wconf 85' lang='grc' dir='ltr'>τόπον</span> <span class='ocrx_word' id='word_1_186' title='bbox 3132 1470 3335 1533; x_wconf 74' lang='grc' dir='ltr'>ἰδόντες</span> <span class='ocrx_word' id='word_1_187' title='bbox 3366 1473 3465 1524; x_wconf 78' lang='grc' dir='ltr'>καὶ</span> 
     </span>
    </p>
   </div>
   <div class='ocr_carea' id='block_1_29' title="bbox 1883 1554 3468 1630">
    <p class='ocr_par' dir='ltr' id='par_1_29' title="bbox 1883 1554 3468 1630">
     <span class='ocr_line' id='line_1_29' title="bbox 1883 1554 3468 1630; baseline 0.005 -22"><span class='ocrx_word' id='word_1_188' title='bbox 1883 1554 2169 1625; x_wconf 81' lang='grc' dir='ltr'>ἀρετῶσαν</span> <span class='ocrx_word' id='word_1_189' title='bbox 2219 1557 2322 1628; x_wconf 76' lang='grc' dir='ltr'>γῆν</span> <span class='ocrx_word' id='word_1_190' title='bbox 2381 1557 2517 1630; x_wconf 76' lang='grc' dir='ltr'>πρὸς</span> <span class='ocrx_word' id='word_1_191' title='bbox 2571 1557 2749 1613; x_wconf 83' lang='grc' dir='ltr'>πάντα</span> <span class='ocrx_word' id='word_1_192' title='bbox 2792 1559 2861 1611; x_wconf 78' lang='grc' dir='ltr'>τὰ</span> <span class='ocrx_word' id='word_1_193' title='bbox 2912 1561 3207 1629; x_wconf 82' lang='grc' dir='ltr'>ἀναγκαῖα.</span> <span class='ocrx_word' id='word_1_194' title='bbox 3249 1562 3468 1624; x_wconf 76' lang='grc' dir='ltr'>ἑαυτοῖς</span> 
     </span>
    </p>
   </div>
   <div class='ocr_carea' id='block_1_30' title="bbox 1884 1647 3464 1728">
    <p class='ocr_par' dir='ltr' id='par_1_30' title="bbox 1884 1647 3464 1728">
     <span class='ocr_line' id='line_1_30' title="bbox 1884 1647 3464 1728; baseline 0.007 -27"><span class='ocrx_word' id='word_1_195' title='bbox 1884 1647 2272 1703; x_wconf 78' lang='grc' dir='ltr'>ὐποποιοῦνται</span> <span class='ocrx_word' id='word_1_196' title='bbox 2322 1652 2419 1713; x_wconf 83' lang='grc' dir='ltr'>τὰς</span> <span class='ocrx_word' id='word_1_197' title='bbox 2448 1651 2634 1724; x_wconf 81' lang='grc' dir='ltr'>χώρας</span> <span class='ocrx_word' id='word_1_198' title='bbox 2662 1655 2757 1708; x_wconf 76' lang='grc' dir='ltr'>καὶ</span> <span class='ocrx_word' id='word_1_199' title='bbox 2789 1654 2911 1707; x_wconf 86' lang='grc' dir='ltr'>καθ’</span> <span class='ocrx_word' id='word_1_200' title='bbox 2941 1656 3140 1720; x_wconf 74' lang='grc' dir='ltr'>αὐτοὺς</span> <span class='ocrx_word' id='word_1_201' title='bbox 3169 1651 3327 1728; x_wconf 74' lang='grc' dir='ltr'>ἦσαν.</span> <span class='ocrx_word' id='word_1_202' title='bbox 3375 1658 3464 1720; x_wconf 82' lang='grc' dir='ltr'><strong>Ὦς</strong></span> 
     </span>
    </p>
   </div>
   <div class='ocr_carea' id='block_1_31' title="bbox 1883 1739 3469 1818">
    <p class='ocr_par' dir='ltr' id='par_1_31' title="bbox 1883 1739 3469 1818">
     <span class='ocr_line' id='line_1_31' title="bbox 1883 1739 3469 1818; baseline 0.004 -24"><span class='ocrx_word' id='word_1_203' title='bbox 1883 1739 1940 1794; x_wconf 81' lang='grc' dir='ltr'>δὲ</span> <span class='ocrx_word' id='word_1_204' title='bbox 1973 1741 2072 1795; x_wconf 60' lang='grc' dir='ltr'><strong>καλ⁸</strong></span> <span class='ocrx_word' id='word_1_205' title='bbox 2101 1742 2210 1795; x_wconf 85' lang='grc' dir='ltr'><strong>τῶν</strong></span> <span class='ocrx_word' id='word_1_206' title='bbox 2238 1744 2350 1796; x_wconf 81' lang='grc' dir='ltr'><strong>ἀνω</strong></span> <span class='ocrx_word' id='word_1_207' title='bbox 2380 1744 2664 1815; x_wconf 86' lang='grc' dir='ltr'>Τοχάρων,</span> <span class='ocrx_word' id='word_1_208' title='bbox 2698 1743 2779 1809; x_wconf 74' lang='grc' dir='ltr'>οἷς</span> <span class='ocrx_word' id='word_1_209' title='bbox 2808 1747 2904 1800; x_wconf 81' lang='grc' dir='ltr'><strong>καὶ</strong></span> <span class='ocrx_word' id='word_1_210' title='bbox 2942 1743 3010 1817; x_wconf 73' lang='grc' dir='ltr'><strong>ἦν</strong></span> <span class='ocrx_word' id='word_1_211' title='bbox 3045 1747 3257 1818; x_wconf 80' lang='grc' dir='ltr'>ἄρχειν,</span> <span class='ocrx_word' id='word_1_212' title='bbox 3290 1749 3469 1802; x_wconf 80' lang='grc' dir='ltr'>ἐπιόν-</span> 
     </span>
    </p>
   </div>
   <div class='ocr_carea' id='block_1_32' title="bbox 1884 1834 3468 1907">
    <p class='ocr_par' dir='ltr' id='par_1_32' title="bbox 1884 1834 3468 1907">
     <span class='ocr_line' id='line_1_32' title="bbox 1884 1834 3468 1907; baseline 0.005 -21"><span class='ocrx_word' id='word_1_213' title='bbox 1884 1851 1994 1887; x_wconf 87' lang='grc' dir='ltr'><strong>των</strong></span> <span class='ocrx_word' id='word_1_214' title='bbox 2019 1834 2116 1888; x_wconf 73' lang='grc' dir='ltr'><strong>καὶ</strong></span> <span class='ocrx_word' id='word_1_215' title='bbox 2144 1836 2206 1888; x_wconf 80' lang='grc' dir='ltr'>τὸ</span> <span class='ocrx_word' id='word_1_216' title='bbox 2233 1836 2434 1906; x_wconf 78' lang='grc' dir='ltr'>κράτος</span> <span class='ocrx_word' id='word_1_217' title='bbox 2468 1837 2775 1907; x_wconf 80' lang='grc' dir='ltr'>ζητούντων</span> <span class='ocrx_word' id='word_1_218' title='bbox 2808 1840 3015 1901; x_wconf 75' lang='grc' dir='ltr'>ἐκεῖνος</span> <span class='ocrx_word' id='word_1_219' title='bbox 3040 1843 3252 1893; x_wconf 84' lang='grc' dir='ltr'>συνέσει</span> <span class='ocrx_word' id='word_1_220' title='bbox 3292 1858 3348 1894; x_wconf 86' lang='grc' dir='ltr'><strong>τε</strong></span> <span class='ocrx_word' id='word_1_221' title='bbox 3372 1842 3468 1894; x_wconf 77' lang='grc' dir='ltr'>καὶ</span> 
     </span>
    </p>
   </div>
   <div class='ocr_carea' id='block_1_33' title="bbox 280 1915 3463 2001">
    <p class='ocr_par' dir='ltr' id='par_1_33' title="bbox 280 1915 3463 2001">
     <span class='ocr_line' id='line_1_33' title="bbox 280 1915 3463 2001; baseline 0.005 -30"><span class='ocrx_word' id='word_1_222' title='bbox 280 1915 341 1990; x_wconf 81' lang='grc' dir='ltr'><strong>[Ρ</strong></span> <span class='ocrx_word' id='word_1_223' title='bbox 372 1918 495 1992; x_wconf 77' lang='grc'><strong>178]</strong></span> <span class='ocrx_word' id='word_1_224' title='bbox 529 1922 668 1992; x_wconf 79' lang='grc' dir='ltr'>Περὶ</span> <span class='ocrx_word' id='word_1_225' title='bbox 698 1922 755 1977; x_wconf 86' lang='grc' dir='ltr'><strong>δέ</strong></span> <span class='ocrx_word' id='word_1_226' title='bbox 798 1940 862 1993; x_wconf 83' lang='grc' dir='ltr'><strong>γε</strong></span> <span class='ocrx_word' id='word_1_227' title='bbox 893 1924 1003 1977; x_wconf 79' lang='grc' dir='ltr'><strong>τῶν</strong></span> <span class='ocrx_word' id='word_1_228' title='bbox 1037 1925 1264 1994; x_wconf 83' lang='grc' dir='ltr'>βορείων</span> <span class='ocrx_word' id='word_1_229' title='bbox 1290 1926 1545 1996; x_wconf 86' lang='grc' dir='ltr'>Τοχάρων</span> <span class='ocrx_word' id='word_1_230' title='bbox 1571 1928 1639 1994; x_wconf 79' lang='lat' dir='ltr'><strong>(oi</strong></span> <span class='ocrx_word' id='word_1_231' title='bbox 1671 1928 1779 1997; x_wconf 80' lang='grc' dir='ltr'><strong>γὰρ</strong></span> <span class='ocrx_word' id='word_1_232' title='bbox 1810 1928 1851 1985; x_wconf 90' lang='grc' dir='ltr'><strong>Β</strong></span> <span class='ocrx_word' id='word_1_233' title='bbox 1881 1925 1958 1997; x_wconf 78' lang='grc' dir='ltr'>τῷ</span> <span class='ocrx_word' id='word_1_234' title='bbox 1991 1926 2110 1980; x_wconf 80' lang='grc' dir='ltr'>καθ’</span> <span class='ocrx_word' id='word_1_235' title='bbox 2135 1927 2297 1981; x_wconf 85' lang='grc' dir='ltr'>αὑτὸν</span> <span class='ocrx_word' id='word_1_236' title='bbox 2328 1928 2521 1997; x_wconf 73' lang='grc' dir='ltr'>πλήθει</span> <span class='ocrx_word' id='word_1_237' title='bbox 2545 1931 2917 2000; x_wconf 78' lang='grc' dir='ltr'>περιεγένετο,</span> <span class='ocrx_word' id='word_1_238' title='bbox 2938 1931 3033 1984; x_wconf 89' lang='grc' dir='ltr'><strong>τοῦ</strong></span> <span class='ocrx_word' id='word_1_239' title='bbox 3048 1932 3242 1985; x_wconf 84' lang='grc' dir='ltr'>λοιποῦ</span> <span class='ocrx_word' id='word_1_240' title='bbox 3268 1932 3463 2001; x_wconf 79' lang='grc' dir='ltr'>ἀνέδην</span> 
     </span>
    </p>
   </div>
   <div class='ocr_carea' id='block_1_34' title="bbox 226 2008 1782 2087">
    <p class='ocr_par' dir='ltr' id='par_1_34' title="bbox 226 2008 1782 2087">
     <span class='ocr_line' id='line_1_34' title="bbox 226 2008 1782 2087; baseline 0.006 -24"><span class='ocrx_word' id='word_1_241' title='bbox 226 2008 330 2063; x_wconf 80' lang='grc' dir='ltr'>κατ’</span> <span class='ocrx_word' id='word_1_242' title='bbox 350 2012 621 2084; x_wconf 80' lang='grc' dir='ltr'>ἀνατολὴν</span> <span class='ocrx_word' id='word_1_243' title='bbox 645 2013 736 2068; x_wconf 79' lang='grc' dir='ltr'>τὸν</span> <span class='ocrx_word' id='word_1_244' title='bbox 763 2013 1020 2086; x_wconf 73' lang='grc' dir='ltr'>Καξάνην</span> <span class='ocrx_word' id='word_1_245' title='bbox 1040 2012 1206 2086; x_wconf 77' lang='grc' dir='ltr'>εἶχον,</span> <span class='ocrx_word' id='word_1_246' title='bbox 1235 2016 1310 2080; x_wconf 83' lang='grc' dir='ltr'>ὡς</span> <span class='ocrx_word' id='word_1_247' title='bbox 1340 2018 1490 2071; x_wconf 73' lang='grc' dir='ltr'>αὐτοὶ</span> <span class='ocrx_word' id='word_1_248' title='bbox 1522 2021 1681 2087; x_wconf 83' lang='grc' dir='ltr'>φαῖεν</span> <span class='ocrx_word' id='word_1_249' title='bbox 1696 2018 1782 2086; x_wconf 79' lang='grc' dir='ltr'><strong>ἂν,</strong></span> 
     </span>
    </p>
   </div>
   <div class='ocr_carea' id='block_1_35' title="bbox 226 2102 1787 2180">
    <p class='ocr_par' dir='ltr' id='par_1_35' title="bbox 226 2102 1787 2180">
     <span class='ocr_line' id='line_1_35' title="bbox 226 2102 1787 2180; baseline 0.006 -24"><span class='ocrx_word' id='word_1_250' title='bbox 226 2102 401 2169; x_wconf 82' lang='grc' dir='ltr'>Κάνιν,</span> <span class='ocrx_word' id='word_1_251' title='bbox 428 2103 488 2169; x_wconf 86' lang='grc' dir='ltr'>ὃς</span> <span class='ocrx_word' id='word_1_252' title='bbox 506 2104 579 2178; x_wconf 80' lang='grc' dir='ltr'>δη</span> <span class='ocrx_word' id='word_1_253' title='bbox 603 2107 701 2161; x_wconf 79' lang='grc' dir='ltr'><strong>καὶ</strong></span> <span class='ocrx_word' id='word_1_254' title='bbox 740 2108 804 2162; x_wconf 83' lang='grc' dir='ltr'><strong>ὲκ</strong></span> <span class='ocrx_word' id='word_1_255' title='bbox 828 2108 1048 2163; x_wconf 84' lang='grc' dir='ltr'>Χαλαοῦ</span> <span class='ocrx_word' id='word_1_256' title='bbox 1078 2126 1138 2162; x_wconf 84' lang='grc' dir='ltr'><strong>τε</strong></span> <span class='ocrx_word' id='word_1_257' title='bbox 1170 2110 1265 2164; x_wconf 70' lang='grc' dir='ltr'>καὶ</span> <span class='ocrx_word' id='word_1_258' title='bbox 1292 2111 1513 2179; x_wconf 79' lang='grc' dir='ltr'>’Λπαγᾱ</span> <span class='ocrx_word' id='word_1_259' title='bbox 1538 2111 1597 2164; x_wconf 77' lang='grc' dir='ltr'>τὸ</span> <span class='ocrx_word' id='word_1_260' title='bbox 1631 2112 1787 2180; x_wconf 83' lang='grc' dir='ltr'>γένος</span> 
     </span>
    </p>
   </div>
   <div class='ocr_carea' id='block_1_36' title="bbox 225 2195 1785 2269">
    <p class='ocr_par' dir='ltr' id='par_1_36' title="bbox 225 2195 1785 2269">
     <span class='ocr_line' id='line_1_36' title="bbox 225 2195 1785 2269; baseline 0.007 -21"><span class='ocrx_word' id='word_1_261' title='bbox 225 2195 434 2269; x_wconf 71' lang='grc' dir='ltr'>κατῆγε)</span> <span class='ocrx_word' id='word_1_262' title='bbox 467 2196 605 2269; x_wconf 83' lang='grc' dir='ltr'>περὶ</span> <span class='ocrx_word' id='word_1_263' title='bbox 656 2196 788 2267; x_wconf 86' lang='grc' dir='ltr'>γοῦν</span> <span class='ocrx_word' id='word_1_264' title='bbox 814 2198 1041 2254; x_wconf 70' lang='grc' dir='ltr'>ἐκείνων</span> <span class='ocrx_word' id='word_1_265' title='bbox 1085 2197 1234 2266; x_wconf 78' lang='grc' dir='ltr'>ἀξιον</span> <span class='ocrx_word' id='word_1_266' title='bbox 1282 2200 1489 2257; x_wconf 81' lang='grc' dir='ltr'>ἄνωθεν</span> <span class='ocrx_word' id='word_1_267' title='bbox 1536 2201 1785 2259; x_wconf 86' lang='grc' dir='ltr'>διελθεῖν.</span> 
     </span>
    </p>
   </div>
   <div class='ocr_carea' id='block_1_37' title="bbox 231 2468 1790 2543">
    <p class='ocr_par' dir='ltr' id='par_1_37' title="bbox 231 2468 1790 2543">
     <span class='ocr_line' id='line_1_37' title="bbox 231 2468 1790 2543; baseline 0.001 -18"><span class='ocrx_word' id='word_1_268' title='bbox 231 2468 520 2526; x_wconf 77' lang='lat' dir='ltr'><strong>nationibus</strong></span> <span class='ocrx_word' id='word_1_269' title='bbox 548 2469 775 2525; x_wconf 68' lang='lat' dir='ltr'><strong>invidiae</strong></span> <span class='ocrx_word' id='word_1_270' title='bbox 824 2484 954 2526; x_wconf 89' lang='lat' dir='ltr'><strong>suas</strong></span> <span class='ocrx_word' id='word_1_271' title='bbox 983 2478 1171 2527; x_wconf 81' lang='lat' dir='ltr'><strong>contra</strong></span> <span class='ocrx_word' id='word_1_272' title='bbox 1231 2471 1347 2542; x_wconf 90' lang='lat' dir='ltr'><strong>ipse</strong></span> <span class='ocrx_word' id='word_1_273' title='bbox 1396 2484 1617 2543; x_wconf 86' lang='lat' dir='ltr'><strong>quoque</strong></span> <span class='ocrx_word' id='word_1_274' title='bbox 1644 2478 1790 2526; x_wconf 81' lang='lat' dir='ltr'><strong>artes</strong></span> 
     </span>
    </p>
   </div>
   <div class='ocr_carea' id='block_1_38' title="bbox 230 2561 1790 2632">
    <p class='ocr_par' dir='ltr' id='par_1_38' title="bbox 230 2561 1790 2632">
     <span class='ocr_line' id='line_1_38' title="bbox 230 2561 1790 2632; baseline 0.002 -18"><span class='ocrx_word' id='word_1_275' title='bbox 230 2570 533 2632; x_wconf 82' lang='lat' dir='ltr'><strong>opponeret,</strong></span> <span class='ocrx_word' id='word_1_276' title='bbox 566 2562 786 2617; x_wconf 85' lang='lat' dir='ltr'><strong>sublata</strong></span> <span class='ocrx_word' id='word_1_277' title='bbox 822 2562 877 2617; x_wconf 91' lang='lat' dir='ltr'><strong>in</strong></span> <span class='ocrx_word' id='word_1_278' title='bbox 910 2576 1108 2619; x_wconf 88' lang='lat' dir='ltr'><strong>manus</strong></span> <span class='ocrx_word' id='word_1_279' title='bbox 1134 2561 1354 2632; x_wconf 90' lang='lat' dir='ltr'><strong>alteque</strong></span> <span class='ocrx_word' id='word_1_280' title='bbox 1396 2571 1616 2618; x_wconf 85' lang='lat' dir='ltr'><strong>ostensa</strong></span> <span class='ocrx_word' id='word_1_281' title='bbox 1650 2563 1790 2617; x_wconf 84' lang='lat' dir='ltr'><strong>ima-</strong></span> 
     </span>
    </p>
   </div>
   <div class='ocr_carea' id='block_1_39' title="bbox 232 2653 1793 2724">
    <p class='ocr_par' dir='ltr' id='par_1_39' title="bbox 232 2653 1793 2724">
     <span class='ocr_line' id='line_1_39' title="bbox 232 2653 1793 2724; baseline 0.002 -17"><span class='ocrx_word' id='word_1_282' title='bbox 232 2653 339 2723; x_wconf 84' lang='lat' dir='ltr'><strong>gine</strong></span> <span class='ocrx_word' id='word_1_283' title='bbox 376 2655 660 2724; x_wconf 73' lang='lat' dir='ltr'><strong>martyris,</strong></span> <span class='ocrx_word' id='word_1_284' title='bbox 713 2653 1018 2710; x_wconf 85' lang='lat' dir='ltr'><strong>acclamare</strong></span> <span class='ocrx_word' id='word_1_285' title='bbox 1082 2654 1316 2710; x_wconf 75' lang='lat' dir='ltr'><strong>salutem</strong></span> <span class='ocrx_word' id='word_1_286' title='bbox 1370 2654 1793 2724; x_wconf 72' lang='lat' dir='ltr'><strong>imperatoribus</strong></span> 
     </span>
    </p>
   </div>
   <div class='ocr_carea' id='block_1_40' title="bbox 232 2743 1794 2816">
    <p class='ocr_par' dir='ltr' id='par_1_40' title="bbox 232 2743 1794 2816">
     <span class='ocr_line' id='line_1_40' title="bbox 232 2743 1794 2816; baseline 0.002 -19"><span class='ocrx_word' id='word_1_287' title='bbox 232 2743 356 2812; x_wconf 71' lang='lat' dir='ltr'><strong>patri</strong></span> <span class='ocrx_word' id='word_1_288' title='bbox 398 2752 454 2800; x_wconf 90' lang='lat' dir='ltr'><strong>et</strong></span> <span class='ocrx_word' id='word_1_289' title='bbox 512 2745 630 2799; x_wconf 88' lang='lat' dir='ltr'><strong>filio</strong></span> <span class='ocrx_word' id='word_1_290' title='bbox 684 2743 976 2816; x_wconf 75' lang='lat' dir='ltr'><strong>faustaque</strong></span> <span class='ocrx_word' id='word_1_291' title='bbox 1025 2745 1291 2801; x_wconf 87' lang='lat' dir='ltr'><strong>ambobus</strong></span> <span class='ocrx_word' id='word_1_292' title='bbox 1336 2746 1550 2816; x_wconf 88' lang='lat' dir='ltr'><strong>precari</strong></span> <span class='ocrx_word' id='word_1_293' title='bbox 1608 2746 1794 2800; x_wconf 83' lang='lat' dir='ltr'><strong>omnia</strong></span> 
     </span>
    </p>
   </div>
   <div class='ocr_carea' id='block_1_41' title="bbox 232 2833 1797 2907">
    <p class='ocr_par' dir='ltr' id='par_1_41' title="bbox 232 2833 1797 2907">
     <span class='ocr_line' id='line_1_41' title="bbox 232 2833 1797 2907; baseline 0.003 -19"><span class='ocrx_word' id='word_1_294' title='bbox 232 2833 362 2889; x_wconf 80' lang='lat' dir='ltr'><strong>clara</strong></span> <span class='ocrx_word' id='word_1_295' title='bbox 398 2849 534 2890; x_wconf 88' lang='lat' dir='ltr'><strong>voce</strong></span> <span class='ocrx_word' id='word_1_296' title='bbox 562 2835 769 2907; x_wconf 74' lang='lat' dir='ltr'><strong>saepius</strong></span> <span class='ocrx_word' id='word_1_297' title='bbox 804 2836 1150 2907; x_wconf 89' lang='lat' dir='ltr'><strong>ingeminans</strong></span> <span class='ocrx_word' id='word_1_298' title='bbox 1180 2836 1402 2891; x_wconf 78' lang='lat' dir='ltr'><strong>institit.</strong></span> <span class='ocrx_word' id='word_1_299' title='bbox 1439 2834 1531 2891; x_wconf 91' lang='lat' dir='ltr'><strong>Sic</strong></span> <span class='ocrx_word' id='word_1_300' title='bbox 1582 2835 1678 2891; x_wconf 90' lang='lat' dir='ltr'><strong>illo</strong></span> <span class='ocrx_word' id='word_1_301' title='bbox 1708 2850 1797 2892; x_wconf 85' lang='lat' dir='ltr'><strong>se-</strong></span> 
     </span>
    </p>
   </div>
   <div class='ocr_carea' id='block_1_42' title="bbox 233 2924 1796 2999">
    <p class='ocr_par' dir='ltr' id='par_1_42' title="bbox 233 2924 1796 2999">
     <span class='ocr_line' id='line_1_42' title="bbox 233 2924 1796 2999; baseline 0.003 -21"><span class='ocrx_word' id='word_1_302' title='bbox 233 2924 436 2980; x_wconf 87' lang='lat' dir='ltr'><strong>ditionis</strong></span> <span class='ocrx_word' id='word_1_303' title='bbox 461 2926 674 2997; x_wconf 86' lang='lat' dir='ltr'><strong>impetu</strong></span> <span class='ocrx_word' id='word_1_304' title='bbox 704 2926 952 2997; x_wconf 86' lang='lat' dir='ltr'><strong>repulso,</strong></span> <span class='ocrx_word' id='word_1_305' title='bbox 970 2926 1133 2983; x_wconf 89' lang='lat' dir='ltr'><strong>facile</strong></span> <span class='ocrx_word' id='word_1_306' title='bbox 1163 2927 1475 2999; x_wconf 72' lang='lat' dir='ltr'><strong>intelligens</strong></span> <span class='ocrx_word' id='word_1_307' title='bbox 1506 2927 1650 2983; x_wconf 84' lang='lat' dir='ltr'><strong>haud</strong></span> <span class='ocrx_word' id='word_1_308' title='bbox 1681 2936 1796 2983; x_wconf 90' lang='lat' dir='ltr'><strong>tuto</strong></span> 
     </span>
    </p>
   </div>
   <div class='ocr_carea' id='block_1_43' title="bbox 232 3016 1796 3087">
    <p class='ocr_par' dir='ltr' id='par_1_43' title="bbox 232 3016 1796 3087">
     <span class='ocr_line' id='line_1_43' title="bbox 232 3016 1796 3087; baseline 0.004 -19"><span class='ocrx_word' id='word_1_309' title='bbox 232 3016 313 3069; x_wconf 89' lang='lat' dir='ltr'><strong>diu</strong></span> <span class='ocrx_word' id='word_1_310' title='bbox 343 3032 401 3072; x_wconf 87' lang='lat' dir='ltr'><strong>se</strong></span> <span class='ocrx_word' id='word_1_311' title='bbox 431 3032 603 3087; x_wconf 82' lang='lat' dir='ltr'><strong>posse</strong></span> <span class='ocrx_word' id='word_1_312' title='bbox 630 3018 937 3073; x_wconf 81' lang='lat' dir='ltr'><strong>consistere</strong></span> <span class='ocrx_word' id='word_1_313' title='bbox 966 3018 1021 3073; x_wconf 91' lang='lat' dir='ltr'><strong>in</strong></span> <span class='ocrx_word' id='word_1_314' title='bbox 1053 3026 1162 3074; x_wconf 88' lang='lat' dir='ltr'><strong>tam</strong></span> <span class='ocrx_word' id='word_1_315' title='bbox 1196 3017 1538 3075; x_wconf 74' lang='lat' dir='ltr'><strong>infensorum</strong></span> <span class='ocrx_word' id='word_1_316' title='bbox 1567 3019 1673 3075; x_wconf 86' lang='lat' dir='ltr'><strong>sibi</strong></span> <span class='ocrx_word' id='word_1_317' title='bbox 1694 3020 1796 3075; x_wconf 80' lang='lat' dir='ltr'><strong>bo-</strong></span> 
     </span>
    </p>
   </div>
   <div class='ocr_carea' id='block_1_44' title="bbox 233 3107 1797 3181">
    <p class='ocr_par' dir='ltr' id='par_1_44' title="bbox 233 3107 1797 3181">
     <span class='ocr_line' id='line_1_44' title="bbox 233 3107 1797 3181; baseline 0.001 -21"><span class='ocrx_word' id='word_1_318' title='bbox 233 3107 422 3162; x_wconf 87' lang='lat' dir='ltr'><strong>minum</strong></span> <span class='ocrx_word' id='word_1_319' title='bbox 444 3107 840 3179; x_wconf 86' lang='lat' dir='ltr'><strong>contubernio,</strong></span> <span class='ocrx_word' id='word_1_320' title='bbox 859 3108 928 3164; x_wconf 87' lang='lat' dir='ltr'><strong>ad</strong></span> <span class='ocrx_word' id='word_1_321' title='bbox 948 3109 1254 3180; x_wconf 82' lang='lat' dir='ltr'><strong>Augustum</strong></span> <span class='ocrx_word' id='word_1_322' title='bbox 1272 3109 1326 3164; x_wconf 90' lang='lat' dir='ltr'><strong>in</strong></span> <span class='ocrx_word' id='word_1_323' title='bbox 1350 3108 1797 3181; x_wconf 84' lang='lat' dir='ltr'><strong>frequentissima</strong></span> 
     </span>
    </p>
   </div>
   <div class='ocr_carea' id='block_1_45' title="bbox 234 3196 1794 3272">
    <p class='ocr_par' dir='ltr' id='par_1_45' title="bbox 234 3196 1794 3272">
     <span class='ocr_line' id='line_1_45' title="bbox 234 3196 1794 3272; baseline 0.003 -20"><span class='ocrx_word' id='word_1_324' title='bbox 234 3196 802 3256; x_wconf 74' lang='lat' dir='ltr'><strong>Thessalouicensium</strong></span> <span class='ocrx_word' id='word_1_325' title='bbox 836 3202 971 3256; x_wconf 89' lang='lat' dir='ltr'><strong>urbe</strong></span> <span class='ocrx_word' id='word_1_326' title='bbox 995 3209 1125 3257; x_wconf 91' lang='lat' dir='ltr'><strong>tunc</strong></span> <span class='ocrx_word' id='word_1_327' title='bbox 1148 3202 1432 3271; x_wconf 78' lang='lat' dir='ltr'><strong>degentem</strong></span> <span class='ocrx_word' id='word_1_328' title='bbox 1472 3202 1617 3272; x_wconf 90' lang='lat' dir='ltr'><strong>(nam</strong></span> <span class='ocrx_word' id='word_1_329' title='bbox 1657 3201 1794 3267; x_wconf 66' lang='lat' dir='ltr'><strong>hac,</strong></span> 
     </span>
    </p>
   </div>
   <div class='ocr_carea' id='block_1_46' title="bbox 1886 2018 3471 2100">
    <p class='ocr_par' dir='ltr' id='par_1_46' title="bbox 1886 2018 3471 2100">
     <span class='ocr_line' id='line_1_46' title="bbox 1886 2018 3471 2100; baseline 0.003 -29"><span class='ocrx_word' id='word_1_330' title='bbox 1886 2018 2285 2089; x_wconf 84' lang='grc' dir='ltr'>ηὐτονομοῦντο</span> <span class='ocrx_word' id='word_1_331' title='bbox 2309 2019 2401 2073; x_wconf 69' lang='grc' dir='ltr'><strong>καὶ</strong></span> <span class='ocrx_word' id='word_1_332' title='bbox 2426 2019 2515 2074; x_wconf 71' lang='grc' dir='ltr'><strong>τὸν</strong></span> <span class='ocrx_word' id='word_1_333' title='bbox 2538 2020 2649 2073; x_wconf 78' lang='grc' dir='ltr'>ἄνω</span> <span class='ocrx_word' id='word_1_334' title='bbox 2670 2019 2922 2086; x_wconf 79' lang='grc' dir='ltr'>Εὐξείνου</span> <span class='ocrx_word' id='word_1_335' title='bbox 2946 2022 3108 2075; x_wconf 85' lang='grc' dir='ltr'>τόπον</span> <span class='ocrx_word' id='word_1_336' title='bbox 3133 2023 3471 2100; x_wconf 82' lang='grc' dir='ltr'>ἀρχοντικῶς</span> 
     </span>
    </p>
   </div>
   <div class='ocr_carea' id='block_1_47' title="bbox 1888 2104 3471 2184">
    <p class='ocr_par' dir='ltr' id='par_1_47' title="bbox 1888 2104 3471 2184">
     <span class='ocr_line' id='line_1_47' title="bbox 1888 2104 3471 2184; baseline 0.003 -23"><span class='ocrx_word' id='word_1_337' title='bbox 1888 2107 2266 2179; x_wconf 71' lang='grc' dir='ltr'>ἑκαρπίζοντο.</span> <span class='ocrx_word' id='word_1_338' title='bbox 2295 2104 2405 2164; x_wconf 83' lang='grc' dir='ltr'>Ἦν</span> <span class='ocrx_word' id='word_1_339' title='bbox 2434 2111 2564 2179; x_wconf 89' lang='grc' dir='ltr'>γοῦν</span> <span class='ocrx_word' id='word_1_340' title='bbox 2606 2111 2780 2165; x_wconf 90' lang='grc' dir='ltr'>ταῦτα</span> <span class='ocrx_word' id='word_1_341' title='bbox 2829 2112 2922 2165; x_wconf 76' lang='grc' dir='ltr'>ἐπὶ</span> <span class='ocrx_word' id='word_1_342' title='bbox 2967 2115 3206 2182; x_wconf 80' lang='grc' dir='ltr'>καιροῖς,</span> <span class='ocrx_word' id='word_1_343' title='bbox 3259 2114 3356 2166; x_wconf 75' lang='grc' dir='ltr'><strong>καὶ</strong></span> <span class='ocrx_word' id='word_1_344' title='bbox 3390 2112 3471 2184; x_wconf 79' lang='grc' dir='ltr'>τῷ</span> 
     </span>
    </p>
   </div>
   <div class='ocr_carea' id='block_1_48' title="bbox 1888 2199 3473 2277">
    <p class='ocr_par' dir='ltr' id='par_1_48' title="bbox 1888 2199 3473 2277">
     <span class='ocr_line' id='line_1_48' title="bbox 1888 2199 3473 2277; baseline 0.003 -22"><span class='ocrx_word' id='word_1_345' title='bbox 1888 2199 1981 2255; x_wconf 83' lang='grc' dir='ltr'><strong>τοῦ</strong></span> <span class='ocrx_word' id='word_1_346' title='bbox 2045 2201 2310 2271; x_wconf 77' lang='grc' dir='ltr'>βασιλέως</span> <span class='ocrx_word' id='word_1_347' title='bbox 2365 2203 2519 2273; x_wconf 77' lang='grc' dir='ltr'>κήδει</span> <span class='ocrx_word' id='word_1_348' title='bbox 2566 2203 2594 2256; x_wconf 81' lang='grc' dir='ltr'>ὁ</span> <span class='ocrx_word' id='word_1_349' title='bbox 2624 2203 2808 2272; x_wconf 56' lang='lat' dir='ltr'><strong>Nord;</strong></span> <span class='ocrx_word' id='word_1_350' title='bbox 2861 2204 3174 2277; x_wconf 72' lang='grc' dir='ltr'>ἡγλαϊζετο.</span> <span class='ocrx_word' id='word_1_351' title='bbox 3231 2201 3387 2260; x_wconf 77' lang='grc' dir='ltr'>Ἐπεὶ</span> <span class='ocrx_word' id='word_1_352' title='bbox 3414 2203 3473 2260; x_wconf 72' lang='grc' dir='ltr'>δὲ</span> 
     </span>
    </p>
   </div>
   <div class='ocr_carea' id='block_1_49' title="bbox 1891 2463 3474 2541">
    <p class='ocr_par' dir='ltr' id='par_1_49' title="bbox 1891 2463 3474 2541">
     <span class='ocr_line' id='line_1_49' title="bbox 1891 2463 3474 2541; baseline 0.007 -24"><span class='ocrx_word' id='word_1_353' title='bbox 1891 2463 2093 2519; x_wconf 86' lang='lat' dir='ltr'><strong>nebant</strong></span> <span class='ocrx_word' id='word_1_354' title='bbox 2116 2472 2343 2533; x_wconf 88' lang='lat' dir='ltr'><strong>tractus,</strong></span> <span class='ocrx_word' id='word_1_355' title='bbox 2375 2475 2459 2523; x_wconf 91' lang='lat' dir='ltr'><strong>est</strong></span> <span class='ocrx_word' id='word_1_356' title='bbox 2489 2468 2630 2539; x_wconf 88' lang='lat' dir='ltr'><strong>quod</strong></span> <span class='ocrx_word' id='word_1_357' title='bbox 2653 2469 2816 2524; x_wconf 89' lang='lat' dir='ltr'><strong>modo</strong></span> <span class='ocrx_word' id='word_1_358' title='bbox 2849 2469 3086 2541; x_wconf 81' lang='lat' dir='ltr'><strong>repetito</strong></span> <span class='ocrx_word' id='word_1_359' title='bbox 3115 2471 3277 2540; x_wconf 85' lang='lat' dir='ltr'><strong>paulo</strong></span> <span class='ocrx_word' id='word_1_360' title='bbox 3307 2471 3474 2528; x_wconf 82' lang='lat' dir='ltr'><strong>altius</strong></span> 
     </span>
    </p>
   </div>
   <div class='ocr_carea' id='block_1_50' title="bbox 1890 2554 3475 2635">
    <p class='ocr_par' dir='ltr' id='par_1_50' title="bbox 1890 2554 3475 2635">
     <span class='ocr_line' id='line_1_50' title="bbox 1890 2554 3475 2635; baseline 0.005 -26"><span class='ocrx_word' id='word_1_361' title='bbox 1890 2554 2157 2624; x_wconf 91' lang='lat' dir='ltr'><strong>principio</strong></span> <span class='ocrx_word' id='word_1_362' title='bbox 2182 2572 2496 2614; x_wconf 87' lang='lat' dir='ltr'><strong>narremus.</strong></span> <span class='ocrx_word' id='word_1_363' title='bbox 2525 2559 2705 2632; x_wconf 85' lang='lat' dir='ltr'><strong>Nugas</strong></span> <span class='ocrx_word' id='word_1_364' title='bbox 2738 2561 2930 2632; x_wconf 85' lang='lat' dir='ltr'><strong>igitur,</strong></span> <span class='ocrx_word' id='word_1_365' title='bbox 2962 2563 3031 2618; x_wconf 89' lang='lat' dir='ltr'><strong>de</strong></span> <span class='ocrx_word' id='word_1_366' title='bbox 3057 2563 3219 2635; x_wconf 77' lang='lat'><strong>263</strong></span> <span class='ocrx_word' id='word_1_367' title='bbox 3254 2578 3367 2633; x_wconf 91' lang='lat' dir='ltr'><strong>quo</strong></span> <span class='ocrx_word' id='word_1_368' title='bbox 3388 2576 3475 2619; x_wconf 87' lang='lat' dir='ltr'><strong>est</strong></span> 
     </span>
    </p>
   </div>
   <div class='ocr_carea' id='block_1_51' title="bbox 1892 2648 3474 2725">
    <p class='ocr_par' dir='ltr' id='par_1_51' title="bbox 1892 2648 3474 2725">
     <span class='ocr_line' id='line_1_51' title="bbox 1892 2648 3474 2725; baseline 0.005 -26"><span class='ocrx_word' id='word_1_369' title='bbox 1892 2648 2146 2717; x_wconf 86' lang='lat' dir='ltr'><strong>superius</strong></span> <span class='ocrx_word' id='word_1_370' title='bbox 2176 2662 2206 2702; x_wconf 87' lang='lat' dir='ltr'><strong>a</strong></span> <span class='ocrx_word' id='word_1_371' title='bbox 2236 2650 2392 2705; x_wconf 88' lang='lat' dir='ltr'><strong>nobis</strong></span> <span class='ocrx_word' id='word_1_372' title='bbox 2421 2649 2648 2719; x_wconf 89' lang='lat' dir='ltr'><strong>dictum,</strong></span> <span class='ocrx_word' id='word_1_373' title='bbox 2717 2654 2923 2709; x_wconf 88' lang='lat' dir='ltr'><strong>missus</strong></span> <span class='ocrx_word' id='word_1_374' title='bbox 2984 2654 3116 2709; x_wconf 91' lang='lat' dir='ltr'><strong>olim</strong></span> <span class='ocrx_word' id='word_1_375' title='bbox 3151 2670 3180 2709; x_wconf 92' lang='lat' dir='ltr'><strong>a</strong></span> <span class='ocrx_word' id='word_1_376' title='bbox 3216 2655 3474 2725; x_wconf 84' lang='lat' dir='ltr'><strong>principi-</strong></span> 
     </span>
    </p>
   </div>
   <div class='ocr_carea' id='block_1_52' title="bbox 1892 2737 3474 2815">
    <p class='ocr_par' dir='ltr' id='par_1_52' title="bbox 1892 2737 3474 2815">
     <span class='ocr_line' id='line_1_52' title="bbox 1892 2737 3474 2815; baseline 0.006 -24"><span class='ocrx_word' id='word_1_377' title='bbox 1892 2737 1997 2792; x_wconf 88' lang='lat' dir='ltr'><strong>bus</strong></span> <span class='ocrx_word' id='word_1_378' title='bbox 2029 2739 2207 2809; x_wconf 86' lang='lat' dir='ltr'><strong>gentis</strong></span> <span class='ocrx_word' id='word_1_379' title='bbox 2229 2754 2337 2796; x_wconf 92' lang='lat' dir='ltr'><strong>non</strong></span> <span class='ocrx_word' id='word_1_380' title='bbox 2364 2740 2615 2813; x_wconf 79' lang='lat' dir='ltr'><strong>duxipse</strong></span> <span class='ocrx_word' id='word_1_381' title='bbox 2664 2760 2979 2813; x_wconf 83' lang='lat' dir='ltr'><strong>supremus,</strong></span> <span class='ocrx_word' id='word_1_382' title='bbox 3036 2745 3128 2800; x_wconf 90' lang='lat' dir='ltr'><strong>sed</strong></span> <span class='ocrx_word' id='word_1_383' title='bbox 3183 2744 3474 2815; x_wconf 82' lang='lat' dir='ltr'><strong>praefectus</strong></span> 
     </span>
    </p>
   </div>
   <div class='ocr_carea' id='block_1_53' title="bbox 1896 2829 3477 2902">
    <p class='ocr_par' dir='ltr' id='par_1_53' title="bbox 1896 2829 3477 2902">
     <span class='ocr_line' id='line_1_53' title="bbox 1896 2829 3477 2902; baseline 0.004 -19"><span class='ocrx_word' id='word_1_384' title='bbox 1896 2829 2070 2898; x_wconf 89' lang='lat' dir='ltr'><strong>copiis</strong></span> <span class='ocrx_word' id='word_1_385' title='bbox 2109 2832 2432 2888; x_wconf 87' lang='lat' dir='ltr'><strong>auctoritate</strong></span> <span class='ocrx_word' id='word_1_386' title='bbox 2472 2834 2698 2902; x_wconf 78' lang='lat' dir='ltr'><strong>vicaria,</strong></span> <span class='ocrx_word' id='word_1_387' title='bbox 2755 2850 2883 2890; x_wconf 92' lang='lat' dir='ltr'><strong>cum</strong></span> <span class='ocrx_word' id='word_1_388' title='bbox 2931 2836 3173 2891; x_wconf 80' lang='lat' dir='ltr'><strong>exercitu</strong></span> <span class='ocrx_word' id='word_1_389' title='bbox 3218 2852 3477 2891; x_wconf 90' lang='lat' dir='ltr'><strong>numero-</strong></span> 
     </span>
    </p>
   </div>
   <div class='ocr_carea' id='block_1_54' title="bbox 1895 2916 3478 2996">
    <p class='ocr_par' dir='ltr' id='par_1_54' title="bbox 1895 2916 3478 2996">
     <span class='ocr_line' id='line_1_54' title="bbox 1895 2916 3478 2996; baseline 0.004 -24"><span class='ocrx_word' id='word_1_390' title='bbox 1895 2916 2118 2974; x_wconf 87' lang='lat' dir='ltr'><strong>sissimo</strong></span> <span class='ocrx_word' id='word_1_391' title='bbox 2145 2920 2198 2975; x_wconf 93' lang='lat' dir='ltr'><strong>in</strong></span> <span class='ocrx_word' id='word_1_392' title='bbox 2228 2921 2471 2978; x_wconf 77' lang='lat' dir='ltr'><strong>obversa:</strong></span> <span class='ocrx_word' id='word_1_393' title='bbox 2504 2924 2645 2980; x_wconf 69' lang='lat' dir='ltr'><strong>Asiae</strong></span> <span class='ocrx_word' id='word_1_394' title='bbox 2679 2926 3013 2981; x_wconf 87' lang='lat' dir='ltr'><strong>continentis</strong></span> <span class='ocrx_word' id='word_1_395' title='bbox 3070 2926 3326 2981; x_wconf 83' lang='lat' dir='ltr'><strong>Boreales</strong></span> <span class='ocrx_word' id='word_1_396' title='bbox 3354 2942 3478 2996; x_wconf 85' lang='lat' dir='ltr'><strong>par-</strong></span> 
     </span>
    </p>
   </div>
   <div class='ocr_carea' id='block_1_55' title="bbox 1895 3008 3474 3089">
    <p class='ocr_par' dir='ltr' id='par_1_55' title="bbox 1895 3008 3474 3089">
     <span class='ocr_line' id='line_1_55' title="bbox 1895 3008 3474 3089; baseline 0.008 -28"><span class='ocrx_word' id='word_1_397' title='bbox 1895 3015 1978 3062; x_wconf 87' lang='lat' dir='ltr'><strong>tes</strong></span> <span class='ocrx_word' id='word_1_398' title='bbox 2008 3008 2369 3079; x_wconf 88' lang='lat' dir='ltr'><strong>irruptionem</strong></span> <span class='ocrx_word' id='word_1_399' title='bbox 2398 3012 2548 3071; x_wconf 87' lang='lat' dir='ltr'><strong>fecit.</strong></span> <span class='ocrx_word' id='word_1_400' title='bbox 2582 3014 2749 3071; x_wconf 86' lang='lat' dir='ltr'><strong>Sedes</strong></span> <span class='ocrx_word' id='word_1_401' title='bbox 2796 3016 2908 3073; x_wconf 90' lang='lat' dir='ltr'><strong>illic</strong></span> <span class='ocrx_word' id='word_1_402' title='bbox 2950 3019 3222 3072; x_wconf 75' lang='lat' dir='ltr'><strong>habebant</strong></span> <span class='ocrx_word' id='word_1_403' title='bbox 3278 3026 3474 3089; x_wconf 84' lang='lat' dir='ltr'><strong>gentes</strong></span> 
     </span>
    </p>
   </div>
   <div class='ocr_carea' id='block_1_56' title="bbox 1894 3096 3473 3179">
    <p class='ocr_par' dir='ltr' id='par_1_56' title="bbox 1894 3096 3473 3179">
     <span class='ocr_line' id='line_1_56' title="bbox 1894 3096 3473 3179; baseline 0.011 -30"><span class='ocrx_word' id='word_1_404' title='bbox 1894 3096 2059 3151; x_wconf 78' lang='lat' dir='ltr'><strong>varia:</strong></span> <span class='ocrx_word' id='word_1_405' title='bbox 2084 3097 2210 3153; x_wconf 91' lang='lat' dir='ltr'><strong>olim</strong></span> <span class='ocrx_word' id='word_1_406' title='bbox 2240 3099 2502 3158; x_wconf 79' lang='lat' dir='ltr'><strong>Romanis</strong></span> <span class='ocrx_word' id='word_1_407' title='bbox 2558 3106 2841 3174; x_wconf 61' lang='lat' dir='ltr'><strong>subjecta,</strong></span> <span class='ocrx_word' id='word_1_408' title='bbox 2873 3108 2965 3163; x_wconf 89' lang='lat' dir='ltr'><strong>sed</strong></span> <span class='ocrx_word' id='word_1_409' title='bbox 3021 3119 3144 3178; x_wconf 91' lang='lat' dir='ltr'><strong>post</strong></span> <span class='ocrx_word' id='word_1_410' title='bbox 3192 3118 3405 3179; x_wconf 88' lang='lat' dir='ltr'><strong>captam</strong></span> <span class='ocrx_word' id='word_1_411' title='bbox 3441 3126 3473 3166; x_wconf 85' lang='lat' dir='ltr'><strong>a</strong></span> 
     </span>
    </p>
   </div>
   <div class='ocr_carea' id='block_1_57' title="bbox 1896 3186 3477 3272">
    <p class='ocr_par' dir='ltr' id='par_1_57' title="bbox 1896 3186 3477 3272">
     <span class='ocr_line' id='line_1_57' title="bbox 1896 3186 3477 3272; baseline 0.009 -30"><span class='ocrx_word' id='word_1_412' title='bbox 1896 3186 2108 3246; x_wconf 85' lang='lat' dir='ltr'><strong>Latinis</strong></span> <span class='ocrx_word' id='word_1_413' title='bbox 2128 3192 2662 3266; x_wconf 81' lang='lat' dir='ltr'><strong>Constantinopolim</strong></span> <span class='ocrx_word' id='word_1_414' title='bbox 2685 3199 2770 3253; x_wconf 83' lang='lat' dir='ltr'><strong>sui</strong></span> <span class='ocrx_word' id='word_1_415' title='bbox 2799 3199 2939 3268; x_wconf 83' lang='lat' dir='ltr'><strong>juris</strong></span> <span class='ocrx_word' id='word_1_416' title='bbox 2967 3197 3142 3265; x_wconf 61' lang='lat' dir='ltr'><strong>facta,</strong></span> <span class='ocrx_word' id='word_1_417' title='bbox 3175 3200 3477 3272; x_wconf 58' lang='lat' dir='ltr'><strong>divisaeque</strong></span> 
     </span>
    </p>
   </div>
   <div class='ocr_carea' id='block_1_58' title="bbox 236 3282 3475 3364">
    <p class='ocr_par' dir='ltr' id='par_1_58' title="bbox 236 3282 3475 3364">
     <span class='ocr_line' id='line_1_58' title="bbox 236 3282 3475 3364; baseline 0 -16"><span class='ocrx_word' id='word_1_418' title='bbox 236 3293 876 3362; x_wconf 85' lang='lat' dir='ltr'><strong>utadmonui,posterius</strong></span> <span class='ocrx_word' id='word_1_419' title='bbox 893 3300 1022 3349; x_wconf 90' lang='lat' dir='ltr'><strong>sunt</strong></span> <span class='ocrx_word' id='word_1_420' title='bbox 1043 3291 1803 3364; x_wconf 73' lang='lat' dir='ltr'><strong>gesta)Tliessalonicam,in-</strong></span> <span class='ocrx_word' id='word_1_421' title='bbox 1827 3284 1873 3345; x_wconf 74' lang='grc' dir='ltr'><strong><em>ϐ</em></strong></span> <span class='ocrx_word' id='word_1_422' title='bbox 1904 3282 1959 3338; x_wconf 88' lang='lat' dir='ltr'><strong>in</strong></span> <span class='ocrx_word' id='word_1_423' title='bbox 1994 3284 2182 3354; x_wconf 86' lang='lat' dir='ltr'><strong>plures</strong></span> <span class='ocrx_word' id='word_1_424' title='bbox 2210 3287 2523 3357; x_wconf 87' lang='lat' dir='ltr'><strong>toparcbias</strong></span> <span class='ocrx_word' id='word_1_425' title='bbox 2560 3289 2839 3358; x_wconf 84' lang='lat' dir='ltr'><strong>sigillatim</strong></span> <span class='ocrx_word' id='word_1_426' title='bbox 2864 3290 3097 3356; x_wconf 88' lang='lat' dir='ltr'><strong>debiles,</strong></span> <span class='ocrx_word' id='word_1_427' title='bbox 3138 3308 3240 3347; x_wconf 90' lang='lat' dir='ltr'><strong>nec</strong></span> <span class='ocrx_word' id='word_1_428' title='bbox 3275 3307 3388 3347; x_wconf 90' lang='lat' dir='ltr'><strong>uno</strong></span> <span class='ocrx_word' id='word_1_429' title='bbox 3419 3296 3475 3349; x_wconf 88' lang='lat' dir='ltr'><strong>in</strong></span> 
     </span>
    </p>
   </div>
   <div class='ocr_carea' id='block_1_59' title="bbox 235 3383 1796 3455">
    <p class='ocr_par' dir='ltr' id='par_1_59' title="bbox 235 3383 1796 3455">
     <span class='ocr_line' id='line_1_59' title="bbox 235 3383 1796 3455; baseline -0.001 -15"><span class='ocrx_word' id='word_1_430' title='bbox 235 3399 401 3454; x_wconf 83' lang='lat' dir='ltr'><strong>quam,</strong></span> <span class='ocrx_word' id='word_1_431' title='bbox 426 3383 891 3442; x_wconf 78' lang='lat' dir='ltr'><strong>adAndronicum</strong></span> <span class='ocrx_word' id='word_1_432' title='bbox 908 3400 968 3441; x_wconf 85' lang='lat' dir='ltr'><strong>se</strong></span> <span class='ocrx_word' id='word_1_433' title='bbox 983 3383 1111 3440; x_wconf 86' lang='lat' dir='ltr'><strong>inde</strong></span> <span class='ocrx_word' id='word_1_434' title='bbox 1132 3386 1421 3455; x_wconf 88' lang='lat' dir='ltr'><strong>proripuit.</strong></span> <span class='ocrx_word' id='word_1_435' title='bbox 1440 3383 1559 3451; x_wconf 85' lang='lat' dir='ltr'><strong>Quo</strong></span> <span class='ocrx_word' id='word_1_436' title='bbox 1577 3385 1796 3455; x_wconf 83' lang='lat' dir='ltr'><strong>quidem</strong></span> 
     </span>
    </p>
   </div>
   <div class='ocr_carea' id='block_1_60' title="bbox 238 3477 1797 3548">
    <p class='ocr_par' dir='ltr' id='par_1_60' title="bbox 238 3477 1797 3548">
     <span class='ocr_line' id='line_1_60' title="bbox 238 3477 1797 3548; baseline -0.001 -18"><span class='ocrx_word' id='word_1_437' title='bbox 238 3487 487 3546; x_wconf 88' lang='lat' dir='ltr'><strong>tempore,</strong></span> <span class='ocrx_word' id='word_1_438' title='bbox 520 3478 739 3534; x_wconf 88' lang='lat' dir='ltr'><strong>intento</strong></span> <span class='ocrx_word' id='word_1_439' title='bbox 772 3478 933 3534; x_wconf 88' lang='lat' dir='ltr'><strong>unice</strong></span> <span class='ocrx_word' id='word_1_440' title='bbox 958 3477 1288 3548; x_wconf 87' lang='lat' dir='ltr'><strong>imperatore</strong></span> <span class='ocrx_word' id='word_1_441' title='bbox 1310 3477 1670 3546; x_wconf 82' lang='lat' dir='ltr'><strong>praesentibus</strong></span> <span class='ocrx_word' id='word_1_442' title='bbox 1697 3490 1763 3530; x_wconf 93' lang='lat' dir='ltr'><strong>cu</strong></span> <span class='ocrx_word' id='word_1_443' title='bbox 1782 3503 1797 3517; x_wconf 88' lang='lat'><strong>-</strong></span> 
     </span>
    </p>
   </div>
   <div class='ocr_carea' id='block_1_61' title="bbox 236 3566 1798 3638">
    <p class='ocr_par' dir='ltr' id='par_1_61' title="bbox 236 3566 1798 3638">
     <span class='ocr_line' id='line_1_61' title="bbox 236 3566 1798 3638; baseline -0.001 -15"><span class='ocrx_word' id='word_1_444' title='bbox 236 3570 421 3635; x_wconf 86' lang='lat' dir='ltr'><strong>randis,</strong></span> <span class='ocrx_word' id='word_1_445' title='bbox 459 3578 514 3626; x_wconf 88' lang='lat' dir='ltr'><strong>et</strong></span> <span class='ocrx_word' id='word_1_446' title='bbox 561 3568 774 3638; x_wconf 85' lang='lat' dir='ltr'><strong>imperii</strong></span> <span class='ocrx_word' id='word_1_447' title='bbox 805 3569 955 3625; x_wconf 87' lang='lat' dir='ltr'><strong>vires</strong></span> <span class='ocrx_word' id='word_1_448' title='bbox 995 3568 1108 3623; x_wconf 83' lang='lat' dir='ltr'><strong>fere</strong></span> <span class='ocrx_word' id='word_1_449' title='bbox 1139 3567 1429 3624; x_wconf 74' lang='lat' dir='ltr'><strong>universas</strong></span> <span class='ocrx_word' id='word_1_450' title='bbox 1454 3566 1798 3638; x_wconf 83' lang='lat' dir='ltr'><strong>impendente</strong></span> 
     </span>
    </p>
   </div>
   <div class='ocr_carea' id='block_1_62' title="bbox 236 3656 1799 3730">
    <p class='ocr_par' dir='ltr' id='par_1_62' title="bbox 236 3656 1799 3730">
     <span class='ocr_line' id='line_1_62' title="bbox 236 3656 1799 3730; baseline -0.001 -17"><span class='ocrx_word' id='word_1_451' title='bbox 236 3659 630 3717; x_wconf 84' lang='lat' dir='ltr'><strong>constituendis</strong></span> <span class='ocrx_word' id='word_1_452' title='bbox 662 3659 771 3715; x_wconf 89' lang='lat' dir='ltr'><strong>illis</strong></span> <span class='ocrx_word' id='word_1_453' title='bbox 814 3660 868 3714; x_wconf 91' lang='lat' dir='ltr'><strong>in</strong></span> <span class='ocrx_word' id='word_1_454' title='bbox 896 3659 1100 3730; x_wconf 84' lang='lat' dir='ltr'><strong>quibus</strong></span> <span class='ocrx_word' id='word_1_455' title='bbox 1132 3666 1265 3714; x_wconf 88' lang='lat' dir='ltr'><strong>tunc</strong></span> <span class='ocrx_word' id='word_1_456' title='bbox 1290 3658 1611 3715; x_wconf 80' lang='lat' dir='ltr'><strong>versabatur</strong></span> <span class='ocrx_word' id='word_1_457' title='bbox 1641 3656 1799 3714; x_wconf 86' lang='lat' dir='ltr'><strong>Occi-</strong></span> 
     </span>
    </p>
   </div>
   <div class='ocr_carea' id='block_1_63' title="bbox 237 3747 1799 3819">
    <p class='ocr_par' dir='ltr' id='par_1_63' title="bbox 237 3747 1799 3819">
     <span class='ocr_line' id='line_1_63' title="bbox 237 3747 1799 3819; baseline 0 -18"><span class='ocrx_word' id='word_1_458' title='bbox 237 3748 346 3804; x_wconf 86' lang='lat' dir='ltr'><strong>duis</strong></span> <span class='ocrx_word' id='word_1_459' title='bbox 379 3748 676 3813; x_wconf 84' lang='lat' dir='ltr'><strong>tractibus,</strong></span> <span class='ocrx_word' id='word_1_460' title='bbox 716 3748 947 3819; x_wconf 87' lang='lat' dir='ltr'><strong>contigit</strong></span> <span class='ocrx_word' id='word_1_461' title='bbox 981 3747 1133 3803; x_wconf 82' lang='lat' dir='ltr'><strong>brevi</strong></span> <span class='ocrx_word' id='word_1_462' title='bbox 1174 3749 1353 3819; x_wconf 88' lang='lat' dir='ltr'><strong>perire</strong></span> <span class='ocrx_word' id='word_1_463' title='bbox 1387 3748 1623 3802; x_wconf 85' lang='lat' dir='ltr'><strong>fructum</strong></span> <span class='ocrx_word' id='word_1_464' title='bbox 1679 3763 1799 3801; x_wconf 89' lang='lat' dir='ltr'><strong>om-</strong></span> 
     </span>
    </p>
   </div>
   <div class='ocr_carea' id='block_1_64' title="bbox 240 3837 1799 3911">
    <p class='ocr_par' dir='ltr' id='par_1_64' title="bbox 240 3837 1799 3911">
     <span class='ocr_line' id='line_1_64' title="bbox 240 3837 1799 3911; baseline 0 -17"><span class='ocrx_word' id='word_1_465' title='bbox 240 3855 347 3896; x_wconf 88' lang='lat' dir='ltr'><strong>nem</strong></span> <span class='ocrx_word' id='word_1_466' title='bbox 384 3855 569 3911; x_wconf 65' lang='lat' dir='ltr'><strong>Operz</strong></span> <span class='ocrx_word' id='word_1_467' title='bbox 621 3856 653 3895; x_wconf 90' lang='lat' dir='ltr'><strong>a</strong></span> <span class='ocrx_word' id='word_1_468' title='bbox 697 3837 1067 3896; x_wconf 87' lang='lat' dir='ltr'><strong>Tarcbaniota</strong></span> <span class='ocrx_word' id='word_1_469' title='bbox 1116 3840 1374 3911; x_wconf 86' lang='lat' dir='ltr'><strong>prudenti</strong></span> <span class='ocrx_word' id='word_1_470' title='bbox 1429 3854 1544 3895; x_wconf 80' lang='lat' dir='ltr'><strong>suae</strong></span> <span class='ocrx_word' id='word_1_471' title='bbox 1604 3839 1799 3910; x_wconf 68' lang='lat' dir='ltr'><strong>praefe-</strong></span> 
     </span>
    </p>
   </div>
   <div class='ocr_carea' id='block_1_65' title="bbox 240 3929 1804 4002">
    <p class='ocr_par' dir='ltr' id='par_1_65' title="bbox 240 3929 1804 4002">
     <span class='ocr_line' id='line_1_65' title="bbox 240 3929 1804 4002; baseline 0 -18"><span class='ocrx_word' id='word_1_472' title='bbox 240 3938 390 3987; x_wconf 72' lang='lat' dir='ltr'><strong>cturae</strong></span> <span class='ocrx_word' id='word_1_473' title='bbox 409 3931 699 3989; x_wconf 76' lang='lat' dir='ltr'><strong>iunctione</strong></span> <span class='ocrx_word' id='word_1_474' title='bbox 745 3931 1053 4002; x_wconf 66' lang='lat' dir='ltr'><strong>reipublicae</strong></span> <span class='ocrx_word' id='word_1_475' title='bbox 1081 3940 1313 3987; x_wconf 78' lang='lat' dir='ltr'><strong>navatae.</strong></span> <span class='ocrx_word' id='word_1_476' title='bbox 1362 3929 1496 3985; x_wconf 88' lang='lat' dir='ltr'><strong>Nam</strong></span> <span class='ocrx_word' id='word_1_477' title='bbox 1537 3931 1632 4001; x_wconf 86' lang='lat' dir='ltr'><strong>qui</strong></span> <span class='ocrx_word' id='word_1_478' title='bbox 1673 3930 1804 3985; x_wconf 84' lang='lat' dir='ltr'><strong>huic</strong></span> 
     </span>
    </p>
   </div>
   <div class='ocr_carea' id='block_1_66' title="bbox 242 4019 1804 4093">
    <p class='ocr_par' dir='ltr' id='par_1_66' title="bbox 242 4019 1804 4093">
     <span class='ocr_line' id='line_1_66' title="bbox 242 4019 1804 4093; baseline 0 -18"><span class='ocrx_word' id='word_1_479' title='bbox 242 4029 615 4077; x_wconf 86' lang='lat' dir='ltr'><strong>successerunt</strong></span> <span class='ocrx_word' id='word_1_480' title='bbox 683 4021 754 4077; x_wconf 85' lang='lat' dir='ltr'><strong>ab</strong></span> <span class='ocrx_word' id='word_1_481' title='bbox 813 4022 1061 4093; x_wconf 81' lang='lat' dir='ltr'><strong>Augusto</strong></span> <span class='ocrx_word' id='word_1_482' title='bbox 1116 4019 1468 4077; x_wconf 86' lang='lat' dir='ltr'><strong>submissiad</strong></span> <span class='ocrx_word' id='word_1_483' title='bbox 1532 4020 1804 4092; x_wconf 85' lang='lat' dir='ltr'><strong>regendas</strong></span> 
     </span>
    </p>
   </div>
   <div class='ocr_carea' id='block_1_67' title="bbox 241 4110 1805 4185">
    <p class='ocr_par' dir='ltr' id='par_1_67' title="bbox 241 4110 1805 4185">
     <span class='ocr_line' id='line_1_67' title="bbox 241 4110 1805 4185; baseline 0.001 -18"><span class='ocrx_word' id='word_1_484' title='bbox 241 4110 533 4171; x_wconf 84' lang='lat' dir='ltr'><strong>Orientales</strong></span> <span class='ocrx_word' id='word_1_485' title='bbox 596 4113 909 4185; x_wconf 83' lang='lat' dir='ltr'><strong>provincias</strong></span> <span class='ocrx_word' id='word_1_486' title='bbox 937 4152 955 4181; x_wconf 92' lang='lat'><strong>,</strong></span> <span class='ocrx_word' id='word_1_487' title='bbox 1023 4128 1145 4184; x_wconf 69' lang='lat' dir='ltr'><strong>quae</strong></span> <span class='ocrx_word' id='word_1_488' title='bbox 1200 4112 1292 4167; x_wconf 89' lang='lat' dir='ltr'><strong>ille</strong></span> <span class='ocrx_word' id='word_1_489' title='bbox 1354 4111 1515 4167; x_wconf 87' lang='lat' dir='ltr'><strong>malis</strong></span> <span class='ocrx_word' id='word_1_490' title='bbox 1567 4112 1805 4182; x_wconf 82' lang='lat' dir='ltr'><strong>publicis</strong></span> 
     </span>
    </p>
   </div>
   <div class='ocr_carea' id='block_1_68' title="bbox 243 4204 1802 4276">
    <p class='ocr_par' dir='ltr' id='par_1_68' title="bbox 243 4204 1802 4276">
     <span class='ocr_line' id='line_1_68' title="bbox 243 4204 1802 4276; baseline -0.001 -17"><span class='ocrx_word' id='word_1_491' title='bbox 243 4204 589 4261; x_wconf 77' lang='lat' dir='ltr'><strong>emendandis</strong></span> <span class='ocrx_word' id='word_1_492' title='bbox 644 4214 949 4275; x_wconf 90' lang='lat' dir='ltr'><strong>opportuna</strong></span> <span class='ocrx_word' id='word_1_493' title='bbox 1014 4204 1298 4276; x_wconf 88' lang='lat' dir='ltr'><strong>sapienter</strong></span> <span class='ocrx_word' id='word_1_494' title='bbox 1348 4204 1802 4276; x_wconf 78' lang='lat' dir='ltr'><strong>excogitaverat,</strong></span> 
     </span>
    </p>
   </div>
   <div class='ocr_carea' id='block_1_69' title="bbox 245 4293 1805 4366">
    <p class='ocr_par' dir='ltr' id='par_1_69' title="bbox 245 4293 1805 4366">
     <span class='ocr_line' id='line_1_69' title="bbox 245 4293 1805 4366; baseline 0.001 -17"><span class='ocrx_word' id='word_1_495' title='bbox 245 4293 474 4353; x_wconf 86' lang='lat' dir='ltr'><strong>funditus</strong></span> <span class='ocrx_word' id='word_1_496' title='bbox 504 4297 908 4366; x_wconf 80' lang='lat' dir='ltr'><strong>neglexerunt;</strong></span> <span class='ocrx_word' id='word_1_497' title='bbox 946 4311 1174 4366; x_wconf 89' lang='lat' dir='ltr'><strong>quorum</strong></span> <span class='ocrx_word' id='word_1_498' title='bbox 1204 4295 1497 4352; x_wconf 85' lang='lat' dir='ltr'><strong>salubritas</strong></span> <span class='ocrx_word' id='word_1_499' title='bbox 1524 4296 1805 4350; x_wconf 84' lang='lat' dir='ltr'><strong>instituto-</strong></span> 
     </span>
    </p>
   </div>
   <div class='ocr_carea' id='block_1_70' title="bbox 246 4387 1811 4462">
    <p class='ocr_par' dir='ltr' id='par_1_70' title="bbox 246 4387 1811 4462">
     <span class='ocr_line' id='line_1_70' title="bbox 246 4387 1811 4462; baseline -0.002 -19"><span class='ocrx_word' id='word_1_500' title='bbox 246 4403 355 4444; x_wconf 85' lang='lat' dir='ltr'><strong>rum</strong></span> <span class='ocrx_word' id='word_1_501' title='bbox 380 4406 442 4445; x_wconf 82' lang='lat' dir='ltr'><strong>ex</strong></span> <span class='ocrx_word' id='word_1_502' title='bbox 475 4390 633 4462; x_wconf 81' lang='lat' dir='ltr'><strong>gravi</strong></span> <span class='ocrx_word' id='word_1_503' title='bbox 657 4390 922 4460; x_wconf 89' lang='lat' dir='ltr'><strong>pernicie,</strong></span> <span class='ocrx_word' id='word_1_504' title='bbox 954 4404 1119 4459; x_wconf 89' lang='lat' dir='ltr'><strong>quam</strong></span> <span class='ocrx_word' id='word_1_505' title='bbox 1151 4391 1354 4444; x_wconf 86' lang='lat' dir='ltr'><strong>sensim</strong></span> <span class='ocrx_word' id='word_1_506' title='bbox 1388 4389 1441 4442; x_wconf 93' lang='lat' dir='ltr'><strong>in</strong></span> <span class='ocrx_word' id='word_1_507' title='bbox 1494 4387 1811 4445; x_wconf 86' lang='lat' dir='ltr'><strong>desuetudi-</strong></span> 
     </span>
    </p>
   </div>
   <div class='ocr_carea' id='block_1_71' title="bbox 246 4480 1810 4552">
    <p class='ocr_par' dir='ltr' id='par_1_71' title="bbox 246 4480 1810 4552">
     <span class='ocr_line' id='line_1_71' title="bbox 246 4480 1810 4552; baseline -0.001 -16"><span class='ocrx_word' id='word_1_508' title='bbox 246 4496 357 4537; x_wconf 81' lang='lat' dir='ltr'><strong>nem</strong></span> <span class='ocrx_word' id='word_1_509' title='bbox 387 4483 650 4538; x_wconf 88' lang='lat' dir='ltr'><strong>abeuntia</strong></span> <span class='ocrx_word' id='word_1_510' title='bbox 681 4497 918 4552; x_wconf 81' lang='lat' dir='ltr'><strong>moxque</strong></span> <span class='ocrx_word' id='word_1_511' title='bbox 950 4482 1103 4536; x_wconf 86' lang='lat' dir='ltr'><strong>nihili</strong></span> <span class='ocrx_word' id='word_1_512' title='bbox 1147 4482 1335 4537; x_wconf 85' lang='lat' dir='ltr'><strong>habita</strong></span> <span class='ocrx_word' id='word_1_513' title='bbox 1369 4480 1455 4537; x_wconf 86' lang='lat' dir='ltr'><strong>sui</strong></span> <span class='ocrx_word' id='word_1_514' title='bbox 1511 4482 1810 4537; x_wconf 88' lang='lat' dir='ltr'><strong>abolitione</strong></span> 
     </span>
    </p>
   </div>
   <div class='ocr_carea' id='block_1_72' title="bbox 249 4573 1807 4644">
    <p class='ocr_par' dir='ltr' id='par_1_72' title="bbox 249 4573 1807 4644">
     <span class='ocr_line' id='line_1_72' title="bbox 249 4573 1807 4644; baseline 0.001 -17"><span class='ocrx_word' id='word_1_515' title='bbox 249 4582 665 4644; x_wconf 88' lang='lat' dir='ltr'><strong>contemptuque</strong></span> <span class='ocrx_word' id='word_1_516' title='bbox 694 4573 749 4628; x_wconf 92' lang='lat' dir='ltr'><strong>in</strong></span> <span class='ocrx_word' id='word_1_517' title='bbox 812 4574 1203 4643; x_wconf 82' lang='lat' dir='ltr'><strong>rempublicam</strong></span> <span class='ocrx_word' id='word_1_518' title='bbox 1254 4582 1622 4639; x_wconf 76' lang='lat' dir='ltr'><strong>attraxerant,</strong></span> <span class='ocrx_word' id='word_1_519' title='bbox 1682 4588 1807 4629; x_wconf 87' lang='lat' dir='ltr'><strong>sero</strong></span> 
     </span>
    </p>
   </div>
   <div class='ocr_carea' id='block_1_73' title="bbox 251 4663 1808 4737">
    <p class='ocr_par' dir='ltr' id='par_1_73' title="bbox 251 4663 1808 4737">
     <span class='ocr_line' id='line_1_73' title="bbox 251 4663 1808 4737; baseline 0.001 -17"><span class='ocrx_word' id='word_1_520' title='bbox 251 4666 411 4735; x_wconf 46' lang='lat' dir='ltr'><strong>patuit</strong></span> <span class='ocrx_word' id='word_1_521' title='bbox 438 4666 701 4737; x_wconf 87' lang='lat' dir='ltr'><strong>perspici.</strong></span> <span class='ocrx_word' id='word_1_522' title='bbox 723 4663 859 4719; x_wconf 81' lang='lat' dir='ltr'><strong>Nam</strong></span> <span class='ocrx_word' id='word_1_523' title='bbox 885 4680 1010 4720; x_wconf 90' lang='lat' dir='ltr'><strong>cum</strong></span> <span class='ocrx_word' id='word_1_524' title='bbox 1072 4665 1347 4737; x_wconf 85' lang='lat' dir='ltr'><strong>stipendia</strong></span> <span class='ocrx_word' id='word_1_525' title='bbox 1410 4683 1516 4721; x_wconf 89' lang='lat' dir='ltr'><strong>non</strong></span> <span class='ocrx_word' id='word_1_526' title='bbox 1572 4666 1808 4736; x_wconf 82' lang='lat' dir='ltr'><strong>amplius</strong></span> 
     </span>
    </p>
   </div>
   <div class='ocr_carea' id='block_1_74' title="bbox 252 4756 1812 4827">
    <p class='ocr_par' dir='ltr' id='par_1_74' title="bbox 252 4756 1812 4827">
     <span class='ocr_line' id='line_1_74' title="bbox 252 4756 1812 4827; baseline 0.001 -16"><span class='ocrx_word' id='word_1_527' title='bbox 252 4756 311 4811; x_wconf 90' lang='lat' dir='ltr'><strong>ad</strong></span> <span class='ocrx_word' id='word_1_528' title='bbox 336 4757 471 4813; x_wconf 86' lang='lat' dir='ltr'><strong>diem</strong></span> <span class='ocrx_word' id='word_1_529' title='bbox 511 4758 777 4813; x_wconf 88' lang='lat' dir='ltr'><strong>militibus</strong></span> <span class='ocrx_word' id='word_1_530' title='bbox 807 4757 1152 4812; x_wconf 82' lang='lat' dir='ltr'><strong>solverentur</strong></span> <span class='ocrx_word' id='word_1_531' title='bbox 1180 4757 1250 4812; x_wconf 89' lang='lat' dir='ltr'><strong>ab</strong></span> <span class='ocrx_word' id='word_1_532' title='bbox 1295 4757 1362 4812; x_wconf 87' lang='lat' dir='ltr'><strong>iis</strong></span> <span class='ocrx_word' id='word_1_533' title='bbox 1405 4758 1497 4826; x_wconf 92' lang='lat' dir='ltr'><strong>qui</strong></span> <span class='ocrx_word' id='word_1_534' title='bbox 1538 4760 1812 4827; x_wconf 77' lang='lat' dir='ltr'><strong>vectigali-</strong></span> 
     </span>
    </p>
   </div>
   <div class='ocr_carea' id='block_1_75' title="bbox 253 4846 1808 4919">
    <p class='ocr_par' dir='ltr' id='par_1_75' title="bbox 253 4846 1808 4919">
     <span class='ocr_line' id='line_1_75' title="bbox 253 4846 1808 4919; baseline -0.001 -18"><span class='ocrx_word' id='word_1_535' title='bbox 253 4846 342 4903; x_wconf 83' lang='lat' dir='ltr'><strong>bus</strong></span> <span class='ocrx_word' id='word_1_536' title='bbox 367 4863 460 4919; x_wconf 85' lang='lat' dir='ltr'><strong>per</strong></span> <span class='ocrx_word' id='word_1_537' title='bbox 510 4847 637 4903; x_wconf 88' lang='lat' dir='ltr'><strong>illos</strong></span> <span class='ocrx_word' id='word_1_538' title='bbox 682 4855 888 4903; x_wconf 89' lang='lat' dir='ltr'><strong>tractus</strong></span> <span class='ocrx_word' id='word_1_539' title='bbox 947 4846 1230 4918; x_wconf 83' lang='lat' dir='ltr'><strong>exigendis</strong></span> <span class='ocrx_word' id='word_1_540' title='bbox 1295 4856 1453 4901; x_wconf 87' lang='lat' dir='ltr'><strong>erant</strong></span> <span class='ocrx_word' id='word_1_541' title='bbox 1510 4846 1808 4916; x_wconf 64' lang='lat' dir='ltr'><strong>praepositi,</strong></span> 
     </span>
    </p>
   </div>
   <div class='ocr_carea' id='block_1_76' title="bbox 251 4935 1812 5009">
    <p class='ocr_par' dir='ltr' id='par_1_76' title="bbox 251 4935 1812 5009">
     <span class='ocr_line' id='line_1_76' title="bbox 251 4935 1812 5009; baseline -0.003 -17"><span class='ocrx_word' id='word_1_542' title='bbox 251 4937 383 5006; x_wconf 85' lang='lat' dir='ltr'><strong>quod</strong></span> <span class='ocrx_word' id='word_1_543' title='bbox 415 4937 647 5009; x_wconf 87' lang='lat' dir='ltr'><strong>pecunia</strong></span> <span class='ocrx_word' id='word_1_544' title='bbox 682 4936 901 5007; x_wconf 90' lang='lat' dir='ltr'><strong>publica</strong></span> <span class='ocrx_word' id='word_1_545' title='bbox 927 4936 1134 5005; x_wconf 88' lang='lat' dir='ltr'><strong>rapinis</strong></span> <span class='ocrx_word' id='word_1_546' title='bbox 1169 4937 1412 5006; x_wconf 89' lang='lat' dir='ltr'><strong>ipsorum</strong></span> <span class='ocrx_word' id='word_1_547' title='bbox 1445 4944 1499 4989; x_wconf 91' lang='lat' dir='ltr'><strong>et</strong></span> <span class='ocrx_word' id='word_1_548' title='bbox 1526 4935 1658 5004; x_wconf 90' lang='lat' dir='ltr'><strong>ipsis</strong></span> <span class='ocrx_word' id='word_1_549' title='bbox 1682 4949 1812 4988; x_wconf 88' lang='lat' dir='ltr'><strong>con-</strong></span> 
     </span>
    </p>
   </div>
   <div class='ocr_carea' id='block_1_77' title="bbox 252 5025 1815 5099">
    <p class='ocr_par' dir='ltr' id='par_1_77' title="bbox 252 5025 1815 5099">
     <span class='ocr_line' id='line_1_77' title="bbox 252 5025 1815 5099; baseline -0.001 -15"><span class='ocrx_word' id='word_1_550' title='bbox 252 5029 476 5084; x_wconf 84' lang='lat' dir='ltr'><strong>sciorum</strong></span> <span class='ocrx_word' id='word_1_551' title='bbox 514 5028 805 5083; x_wconf 85' lang='lat' dir='ltr'><strong>imminuta</strong></span> <span class='ocrx_word' id='word_1_552' title='bbox 840 5042 1187 5099; x_wconf 88' lang='lat' dir='ltr'><strong>nequaquam</strong></span> <span class='ocrx_word' id='word_1_553' title='bbox 1215 5027 1281 5083; x_wconf 86' lang='lat' dir='ltr'><strong>ad</strong></span> <span class='ocrx_word' id='word_1_554' title='bbox 1329 5027 1383 5081; x_wconf 91' lang='lat' dir='ltr'><strong>id</strong></span> <span class='ocrx_word' id='word_1_555' title='bbox 1414 5025 1703 5089; x_wconf 73' lang='lat' dir='ltr'><strong>sufﬁceret,</strong></span> <span class='ocrx_word' id='word_1_556' title='bbox 1732 5026 1815 5082; x_wconf 85' lang='lat' dir='ltr'><strong>di-</strong></span> 
     </span>
    </p>
   </div>
   <div class='ocr_carea' id='block_1_78' title="bbox 253 5116 1812 5193">
    <p class='ocr_par' dir='ltr' id='par_1_78' title="bbox 253 5116 1812 5193">
     <span class='ocr_line' id='line_1_78' title="bbox 253 5116 1812 5193; baseline 0.002 -21"><span class='ocrx_word' id='word_1_557' title='bbox 253 5116 407 5189; x_wconf 89' lang='lat' dir='ltr'><strong>lapsis</strong></span> <span class='ocrx_word' id='word_1_558' title='bbox 436 5129 661 5193; x_wconf 89' lang='lat' dir='ltr'><strong>propter</strong></span> <span class='ocrx_word' id='word_1_559' title='bbox 702 5119 939 5190; x_wconf 88' lang='lat' dir='ltr'><strong>inopiam</strong></span> <span class='ocrx_word' id='word_1_560' title='bbox 970 5119 1323 5191; x_wconf 66' lang='lat' dir='ltr'><strong>praesidiariis</strong></span> <span class='ocrx_word' id='word_1_561' title='bbox 1352 5117 1662 5175; x_wconf 80' lang='lat' dir='ltr'><strong>functiones</strong></span> <span class='ocrx_word' id='word_1_562' title='bbox 1698 5120 1812 5175; x_wconf 88' lang='lat' dir='ltr'><strong>illic</strong></span> 
     </span>
    </p>
   </div>
   <div class='ocr_carea' id='block_1_79' title="bbox 255 5212 1813 5283">
    <p class='ocr_par' dir='ltr' id='par_1_79' title="bbox 255 5212 1813 5283">
     <span class='ocr_line' id='line_1_79' title="bbox 255 5212 1813 5283; baseline -0.001 -15"><span class='ocrx_word' id='word_1_563' title='bbox 255 5227 431 5270; x_wconf 79' lang='lat' dir='ltr'><strong>Omnes</strong></span> <span class='ocrx_word' id='word_1_564' title='bbox 474 5215 742 5269; x_wconf 81' lang='lat' dir='ltr'><strong>militares</strong></span> <span class='ocrx_word' id='word_1_565' title='bbox 800 5220 1179 5276; x_wconf 85' lang='lat' dir='ltr'><strong>cessaverunt,</strong></span> <span class='ocrx_word' id='word_1_566' title='bbox 1233 5220 1491 5283; x_wconf 85' lang='lat' dir='ltr'><strong>totusque</strong></span> <span class='ocrx_word' id='word_1_567' title='bbox 1541 5216 1659 5268; x_wconf 90' lang='lat' dir='ltr'><strong>sine</strong></span> <span class='ocrx_word' id='word_1_568' title='bbox 1702 5212 1813 5267; x_wconf 90' lang='lat' dir='ltr'><strong>ulla</strong></span> 
     </span>
    </p>
   </div>
   <div class='ocr_carea' id='block_1_80' title="bbox 257 5302 1815 5362">
    <p class='ocr_par' dir='ltr' id='par_1_80' title="bbox 257 5302 1815 5362">
     <span class='ocr_line' id='line_1_80' title="bbox 257 5302 1815 5362; baseline 0.001 -4"><span class='ocrx_word' id='word_1_569' title='bbox 257 5307 491 5361; x_wconf 83' lang='lat' dir='ltr'><strong>custodia</strong></span> <span class='ocrx_word' id='word_1_570' title='bbox 522 5305 815 5362; x_wconf 88' lang='lat' dir='ltr'><strong>Orientalis</strong></span> <span class='ocrx_word' id='word_1_571' title='bbox 848 5304 1012 5359; x_wconf 78' lang='lat' dir='ltr'><strong>limes</strong></span> <span class='ocrx_word' id='word_1_572' title='bbox 1065 5302 1698 5360; x_wconf 84' lang='lat' dir='ltr'><strong>hostium-barbarorum</strong></span> <span class='ocrx_word' id='word_1_573' title='bbox 1749 5304 1815 5359; x_wconf 90' lang='lat' dir='ltr'><strong>li-</strong></span> 
     </span>
    </p>
   </div>
   <div class='ocr_carea' id='block_1_81' title="bbox 162 5393 1704 5466">
    <p class='ocr_par' dir='ltr' id='par_1_81' title="bbox 162 5393 1704 5466">
     <span class='ocr_line' id='line_1_81' title="bbox 162 5393 1704 5466; baseline -0.003 -11"><span class='ocrx_word' id='word_1_574' title='bbox 162 5446 177 5455; x_wconf 58' lang='lat'><strong>.</strong></span> <span class='ocrx_word' id='word_1_575' title='bbox 259 5393 395 5454; x_wconf 79' lang='lat' dir='ltr'><strong>beris</strong></span> <span class='ocrx_word' id='word_1_576' title='bbox 421 5395 827 5452; x_wconf 83' lang='lat' dir='ltr'><strong>incursionibus</strong></span> <span class='ocrx_word' id='word_1_577' title='bbox 849 5395 1196 5451; x_wconf 89' lang='lat' dir='ltr'><strong>condonatus</strong></span> <span class='ocrx_word' id='word_1_578' title='bbox 1222 5394 1278 5449; x_wconf 91' lang='lat' dir='ltr'><strong>in</strong></span> <span class='ocrx_word' id='word_1_579' title='bbox 1310 5400 1546 5466; x_wconf 68' lang='lat' dir='ltr'><strong>praedam</strong></span> <span class='ocrx_word' id='word_1_580' title='bbox 1601 5408 1704 5453; x_wconf 87' lang='lat' dir='ltr'><strong>est.</strong></span> 
     </span>
    </p>
   </div>
   <div class='ocr_carea' id='block_1_82' title="bbox 258 5486 1809 5558">
    <p class='ocr_par' dir='ltr' id='par_1_82' title="bbox 258 5486 1809 5558">
     <span class='ocr_line' id='line_1_82' title="bbox 258 5486 1809 5558; baseline 0.002 -16"><span class='ocrx_word' id='word_1_581' title='bbox 258 5487 342 5544; x_wconf 74' lang='grc'><strong>26.</strong></span> <span class='ocrx_word' id='word_1_582' title='bbox 368 5489 444 5544; x_wconf 82' lang='lat' dir='ltr'><strong>De</strong></span> <span class='ocrx_word' id='word_1_583' title='bbox 470 5486 724 5543; x_wconf 77' lang='lat' dir='ltr'><strong>Tocharis</strong></span> <span class='ocrx_word' id='word_1_584' title='bbox 751 5486 1257 5558; x_wconf 78' lang='lat' dir='ltr'><strong>septentrionalibus</strong></span> <span class='ocrx_word' id='word_1_585' title='bbox 1277 5499 1327 5541; x_wconf 75' lang='lat' dir='ltr'><strong>et</strong></span> <span class='ocrx_word' id='word_1_586' title='bbox 1359 5487 1809 5558; x_wconf 77' lang='lat' dir='ltr'><strong>Splmuisthlabo.</strong></span> 
     </span>
    </p>
   </div>
   <div class='ocr_carea' id='block_1_83' title="bbox 323 5577 1813 5652">
    <p class='ocr_par' dir='ltr' id='par_1_83' title="bbox 323 5577 1813 5652">
     <span class='ocr_line' id='line_1_83' title="bbox 323 5577 1813 5652; baseline 0 -13"><span class='ocrx_word' id='word_1_587' title='bbox 323 5581 393 5639; x_wconf 85' lang='lat' dir='ltr'><strong>De</strong></span> <span class='ocrx_word' id='word_1_588' title='bbox 423 5581 741 5638; x_wconf 84' lang='lat' dir='ltr'><strong>Borealibus</strong></span> <span class='ocrx_word' id='word_1_589' title='bbox 773 5596 937 5651; x_wconf 88' lang='lat' dir='ltr'><strong>porro</strong></span> <span class='ocrx_word' id='word_1_590' title='bbox 990 5577 1258 5635; x_wconf 87' lang='lat' dir='ltr'><strong>Tocharis</strong></span> <span class='ocrx_word' id='word_1_591' title='bbox 1288 5581 1307 5652; x_wconf 97' lang='lat'><strong>(</strong></span> <span class='ocrx_word' id='word_1_592' title='bbox 1335 5596 1459 5635; x_wconf 89' lang='lat' dir='ltr'><strong>nam</strong></span> <span class='ocrx_word' id='word_1_593' title='bbox 1502 5580 1813 5639; x_wconf 86' lang='lat' dir='ltr'><strong>Orientales</strong></span> 
     </span>
    </p>
   </div>
   <div class='ocr_carea' id='block_1_84' title="bbox 260 5670 1815 5743">
    <p class='ocr_par' dir='ltr' id='par_1_84' title="bbox 260 5670 1815 5743">
     <span class='ocr_line' id='line_1_84' title="bbox 260 5670 1815 5743; baseline 0.003 -17"><span class='ocrx_word' id='word_1_594' title='bbox 260 5672 548 5743; x_wconf 86' lang='lat' dir='ltr'><strong>principem</strong></span> <span class='ocrx_word' id='word_1_595' title='bbox 574 5674 712 5737; x_wconf 84' lang='lat' dir='ltr'><strong>sive,</strong></span> <span class='ocrx_word' id='word_1_596' title='bbox 741 5682 799 5727; x_wconf 89' lang='lat' dir='ltr'><strong>ut</strong></span> <span class='ocrx_word' id='word_1_597' title='bbox 831 5671 935 5742; x_wconf 88' lang='lat' dir='ltr'><strong>ipsi</strong></span> <span class='ocrx_word' id='word_1_598' title='bbox 972 5670 1291 5741; x_wconf 89' lang='lat' dir='ltr'><strong>loquuntur,</strong></span> <span class='ocrx_word' id='word_1_599' title='bbox 1322 5670 1522 5737; x_wconf 82' lang='lat' dir='ltr'><strong>Kanin,</strong></span> <span class='ocrx_word' id='word_1_600' title='bbox 1551 5688 1815 5743; x_wconf 85' lang='lat' dir='ltr'><strong>agnosce-</strong></span> 
     </span>
    </p>
   </div>
   <div class='ocr_carea' id='block_1_85' title="bbox 262 5763 1816 5836">
    <p class='ocr_par' dir='ltr' id='par_1_85' title="bbox 262 5763 1816 5836">
     <span class='ocr_line' id='line_1_85' title="bbox 262 5763 1816 5836; baseline 0.001 -17"><span class='ocrx_word' id='word_1_601' title='bbox 262 5763 385 5821; x_wconf 88' lang='lat' dir='ltr'><strong>bant</strong></span> <span class='ocrx_word' id='word_1_602' title='bbox 410 5765 705 5831; x_wconf 77' lang='lat' dir='ltr'><strong>Caunem,</strong></span> <span class='ocrx_word' id='word_1_603' title='bbox 738 5763 831 5834; x_wconf 88' lang='lat' dir='ltr'><strong>qui</strong></span> <span class='ocrx_word' id='word_1_604' title='bbox 862 5780 931 5819; x_wconf 77' lang='lat' dir='ltr'><strong>ex</strong></span> <span class='ocrx_word' id='word_1_605' title='bbox 962 5763 1170 5820; x_wconf 79' lang='lat' dir='ltr'><strong>Cbalau</strong></span> <span class='ocrx_word' id='word_1_606' title='bbox 1203 5773 1255 5818; x_wconf 92' lang='lat' dir='ltr'><strong>et</strong></span> <span class='ocrx_word' id='word_1_607' title='bbox 1276 5765 1461 5836; x_wconf 79' lang='lat' dir='ltr'><strong>Apaga</strong></span> <span class='ocrx_word' id='word_1_608' title='bbox 1512 5765 1816 5821; x_wconf 81' lang='lat' dir='ltr'><strong>deducebat</strong></span> 
     </span>
    </p>
   </div>
   <div class='ocr_carea' id='block_1_86' title="bbox 262 5857 1817 5932">
    <p class='ocr_par' dir='ltr' id='par_1_86' title="bbox 262 5857 1817 5932">
     <span class='ocr_line' id='line_1_86' title="bbox 262 5857 1817 5932; baseline 0.001 -17"><span class='ocrx_word' id='word_1_609' title='bbox 262 5858 465 5932; x_wconf 83' lang='lat' dir='ltr'><strong>genus),</strong></span> <span class='ocrx_word' id='word_1_610' title='bbox 500 5859 566 5915; x_wconf 88' lang='lat' dir='ltr'><strong>de</strong></span> <span class='ocrx_word' id='word_1_611' title='bbox 596 5857 729 5925; x_wconf 90' lang='lat' dir='ltr'><strong>illis,</strong></span> <span class='ocrx_word' id='word_1_612' title='bbox 763 5857 1007 5928; x_wconf 86' lang='lat' dir='ltr'><strong>inquam,</strong></span> <span class='ocrx_word' id='word_1_613' title='bbox 1029 5858 1122 5930; x_wconf 90' lang='lat' dir='ltr'><strong>qui</strong></span> <span class='ocrx_word' id='word_1_614' title='bbox 1155 5858 1619 5928; x_wconf 79' lang='lat' dir='ltr'><strong>Septentrionales</strong></span> <span class='ocrx_word' id='word_1_615' title='bbox 1676 5861 1817 5917; x_wconf 87' lang='lat' dir='ltr'><strong>obti-</strong></span> 
     </span>
    </p>
   </div>
   <div class='ocr_carea' id='block_1_87' title="bbox 1899 3378 3474 3447">
    <p class='ocr_par' dir='ltr' id='par_1_87' title="bbox 1899 3378 3474 3447">
     <span class='ocr_line' id='line_1_87' title="bbox 1899 3378 3474 3447; baseline 0.006 -17"><span class='ocrx_word' id='word_1_616' title='bbox 1899 3388 2193 3433; x_wconf 89' lang='lat' dir='ltr'><strong>commune</strong></span> <span class='ocrx_word' id='word_1_617' title='bbox 2249 3378 2485 3435; x_wconf 91' lang='lat' dir='ltr'><strong>consilio</strong></span> <span class='ocrx_word' id='word_1_618' title='bbox 2537 3390 2774 3447; x_wconf 83' lang='lat' dir='ltr'><strong>utentes,</strong></span> <span class='ocrx_word' id='word_1_619' title='bbox 2832 3383 3039 3437; x_wconf 88' lang='lat' dir='ltr'><strong>nullam</strong></span> <span class='ocrx_word' id='word_1_620' title='bbox 3089 3383 3343 3440; x_wconf 87' lang='lat' dir='ltr'><strong>idoneam</strong></span> <span class='ocrx_word' id='word_1_621' title='bbox 3396 3384 3474 3439; x_wconf 86' lang='lat' dir='ltr'><strong>ir-</strong></span> 
     </span>
    </p>
   </div>
   <div class='ocr_carea' id='block_1_88' title="bbox 1902 3467 3478 3545">
    <p class='ocr_par' dir='ltr' id='par_1_88' title="bbox 1902 3467 3478 3545">
     <span class='ocr_line' id='line_1_88' title="bbox 1902 3467 3478 3545; baseline 0.006 -26"><span class='ocrx_word' id='word_1_622' title='bbox 1902 3467 2190 3524; x_wconf 88' lang='lat' dir='ltr'><strong>ruentibus</strong></span> <span class='ocrx_word' id='word_1_623' title='bbox 2226 3468 2480 3526; x_wconf 87' lang='lat' dir='ltr'><strong>barbaris</strong></span> <span class='ocrx_word' id='word_1_624' title='bbox 2525 3488 2801 3541; x_wconf 90' lang='lat' dir='ltr'><strong>opponere</strong></span> <span class='ocrx_word' id='word_1_625' title='bbox 2838 3472 3220 3532; x_wconf 80' lang='lat' dir='ltr'><strong>defensionem</strong></span> <span class='ocrx_word' id='word_1_626' title='bbox 3283 3483 3478 3545; x_wconf 91' lang='lat' dir='ltr'><strong>potue-</strong></span> 
     </span>
    </p>
   </div>
   <div class='ocr_carea' id='block_1_89' title="bbox 1902 3559 3476 3630">
    <p class='ocr_par' dir='ltr' id='par_1_89' title="bbox 1902 3559 3476 3630">
     <span class='ocr_line' id='line_1_89' title="bbox 1902 3559 3476 3630; baseline 0.007 -21"><span class='ocrx_word' id='word_1_627' title='bbox 1902 3566 2067 3623; x_wconf 89' lang='lat' dir='ltr'><strong>runt;</strong></span> <span class='ocrx_word' id='word_1_628' title='bbox 2109 3573 2280 3628; x_wconf 81' lang='lat' dir='ltr'><strong>quare</strong></span> <span class='ocrx_word' id='word_1_629' title='bbox 2335 3559 2402 3614; x_wconf 90' lang='lat' dir='ltr'><strong>ad</strong></span> <span class='ocrx_word' id='word_1_630' title='bbox 2466 3562 2699 3630; x_wconf 88' lang='lat' dir='ltr'><strong>primmn</strong></span> <span class='ocrx_word' id='word_1_631' title='bbox 2754 3566 2937 3619; x_wconf 89' lang='lat' dir='ltr'><strong>statim</strong></span> <span class='ocrx_word' id='word_1_632' title='bbox 2994 3566 3281 3622; x_wconf 86' lang='lat' dir='ltr'><strong>incursum</strong></span> <span class='ocrx_word' id='word_1_633' title='bbox 3330 3575 3476 3621; x_wconf 90' lang='lat' dir='ltr'><strong>metu</strong></span> 
     </span>
    </p>
   </div>
   <div class='ocr_carea' id='block_1_90' title="bbox 1902 3648 3479 3718">
    <p class='ocr_par' dir='ltr' id='par_1_90' title="bbox 1902 3648 3479 3718">
     <span class='ocr_line' id='line_1_90' title="bbox 1902 3648 3479 3718; baseline 0.006 -17"><span class='ocrx_word' id='word_1_634' title='bbox 1902 3649 2023 3718; x_wconf 90' lang='lat' dir='ltr'><strong>ipso</strong></span> <span class='ocrx_word' id='word_1_635' title='bbox 2055 3648 2335 3717; x_wconf 89' lang='lat' dir='ltr'><strong>debellati,</strong></span> <span class='ocrx_word' id='word_1_636' title='bbox 2400 3651 2579 3706; x_wconf 89' lang='lat' dir='ltr'><strong>facilis</strong></span> <span class='ocrx_word' id='word_1_637' title='bbox 2612 3655 2750 3709; x_wconf 83' lang='lat' dir='ltr'><strong>citra</strong></span> <span class='ocrx_word' id='word_1_638' title='bbox 2807 3666 3085 3711; x_wconf 90' lang='lat' dir='ltr'><strong>certamen</strong></span> <span class='ocrx_word' id='word_1_639' title='bbox 3135 3655 3479 3711; x_wconf 75' lang='lat' dir='ltr'><strong>vincentibus</strong></span> 
     </span>
    </p>
   </div>
   <div class='ocr_carea' id='block_1_91' title="bbox 1903 3739 3480 3817">
    <p class='ocr_par' dir='ltr' id='par_1_91' title="bbox 1903 3739 3480 3817">
     <span class='ocr_line' id='line_1_91' title="bbox 1903 3739 3480 3817; baseline 0.01 -27"><span class='ocrx_word' id='word_1_640' title='bbox 1903 3739 2082 3807; x_wconf 55' lang='lat' dir='ltr'><strong>prada</strong></span> <span class='ocrx_word' id='word_1_641' title='bbox 2108 3755 2343 3797; x_wconf 88' lang='lat' dir='ltr'><strong>cessere.</strong></span> <span class='ocrx_word' id='word_1_642' title='bbox 2373 3743 2431 3798; x_wconf 83' lang='lat' dir='ltr'><strong>In</strong></span> <span class='ocrx_word' id='word_1_643' title='bbox 2463 3744 2552 3799; x_wconf 92' lang='lat' dir='ltr'><strong>illa</strong></span> <span class='ocrx_word' id='word_1_644' title='bbox 2598 3746 2856 3803; x_wconf 89' lang='lat' dir='ltr'><strong>felicitate</strong></span> <span class='ocrx_word' id='word_1_645' title='bbox 2889 3748 3150 3817; x_wconf 90' lang='lat' dir='ltr'><strong>insperati</strong></span> <span class='ocrx_word' id='word_1_646' title='bbox 3185 3763 3480 3807; x_wconf 59' lang='lat' dir='ltr'><strong>suvcessus</strong></span> 
     </span>
    </p>
   </div>
   <div class='ocr_carea' id='block_1_92' title="bbox 1903 3829 3481 3905">
    <p class='ocr_par' dir='ltr' id='par_1_92' title="bbox 1903 3829 3481 3905">
     <span class='ocr_line' id='line_1_92' title="bbox 1903 3829 3481 3905; baseline 0.008 -23"><span class='ocrx_word' id='word_1_647' title='bbox 1903 3829 2345 3888; x_wconf 86' lang='lat' dir='ltr'><strong>animadvertens</strong></span> <span class='ocrx_word' id='word_1_648' title='bbox 2380 3833 2556 3905; x_wconf 77' lang='lat' dir='ltr'><strong>Nugas</strong></span> <span class='ocrx_word' id='word_1_649' title='bbox 2580 3851 2703 3891; x_wconf 90' lang='lat' dir='ltr'><strong>cum</strong></span> <span class='ocrx_word' id='word_1_650' title='bbox 2738 3840 2854 3893; x_wconf 88' lang='lat' dir='ltr'><strong>suis</strong></span> <span class='ocrx_word' id='word_1_651' title='bbox 2894 3838 3097 3895; x_wconf 87' lang='lat' dir='ltr'><strong>habere</strong></span> <span class='ocrx_word' id='word_1_652' title='bbox 3128 3856 3188 3895; x_wconf 86' lang='lat' dir='ltr'><strong>se</strong></span> <span class='ocrx_word' id='word_1_653' title='bbox 3218 3840 3324 3896; x_wconf 91' lang='lat' dir='ltr'><strong>sub</strong></span> <span class='ocrx_word' id='word_1_654' title='bbox 3363 3854 3481 3894; x_wconf 84' lang='lat' dir='ltr'><strong>ma-</strong></span> 
     </span>
    </p>
   </div>
   <div class='ocr_carea' id='block_1_93' title="bbox 1904 3922 3477 4001">
    <p class='ocr_par' dir='ltr' id='par_1_93' title="bbox 1904 3922 3477 4001">
     <span class='ocr_line' id='line_1_93' title="bbox 1904 3922 3477 4001; baseline 0.01 -28"><span class='ocrx_word' id='word_1_655' title='bbox 1904 3936 2036 3974; x_wconf 88' lang='lat' dir='ltr'><strong>num</strong></span> <span class='ocrx_word' id='word_1_656' title='bbox 2068 3922 2540 3994; x_wconf 88' lang='lat' dir='ltr'><strong>frequentissimas</strong></span> <span class='ocrx_word' id='word_1_657' title='bbox 2568 3936 2621 3982; x_wconf 91' lang='lat' dir='ltr'><strong>et</strong></span> <span class='ocrx_word' id='word_1_658' title='bbox 2660 3927 2933 3986; x_wconf 80' lang='lat' dir='ltr'><strong>confertas</strong></span> <span class='ocrx_word' id='word_1_659' title='bbox 2976 3932 3175 4001; x_wconf 90' lang='lat' dir='ltr'><strong>populo</strong></span> <span class='ocrx_word' id='word_1_660' title='bbox 3205 3931 3477 4000; x_wconf 74' lang='lat' dir='ltr'><strong>regiones.</strong></span> 
     </span>
    </p>
   </div>
   <div class='ocr_carea' id='block_1_94' title="bbox 1904 4012 3483 4084">
    <p class='ocr_par' dir='ltr' id='par_1_94' title="bbox 1904 4012 3483 4084">
     <span class='ocr_line' id='line_1_94' title="bbox 1904 4012 3483 4084; baseline 0.008 -18"><span class='ocrx_word' id='word_1_661' title='bbox 1904 4012 2239 4084; x_wconf 85' lang='lat' dir='ltr'><strong>easdemque</strong></span> <span class='ocrx_word' id='word_1_662' title='bbox 2271 4016 2371 4072; x_wconf 89' lang='lat' dir='ltr'><strong>soli</strong></span> <span class='ocrx_word' id='word_1_663' title='bbox 2405 4018 2592 4074; x_wconf 89' lang='lat' dir='ltr'><strong>uberis</strong></span> <span class='ocrx_word' id='word_1_664' title='bbox 2622 4028 2677 4074; x_wconf 91' lang='lat' dir='ltr'><strong>et</strong></span> <span class='ocrx_word' id='word_1_665' title='bbox 2703 4023 2946 4076; x_wconf 91' lang='lat' dir='ltr'><strong>omnium</strong></span> <span class='ocrx_word' id='word_1_666' title='bbox 2979 4024 3108 4078; x_wconf 69' lang='lat' dir='ltr'><strong>vitae</strong></span> <span class='ocrx_word' id='word_1_667' title='bbox 3140 4028 3352 4079; x_wconf 61' lang='lat' dir='ltr'><strong>tuendae</strong></span> <span class='ocrx_word' id='word_1_668' title='bbox 3373 4023 3483 4079; x_wconf 87' lang='lat' dir='ltr'><strong>uti-</strong></span> 
     </span>
    </p>
   </div>
   <div class='ocr_carea' id='block_1_95' title="bbox 1906 4105 3484 4186">
    <p class='ocr_par' dir='ltr' id='par_1_95' title="bbox 1906 4105 3484 4186">
     <span class='ocr_line' id='line_1_95' title="bbox 1906 4105 3484 4186; baseline 0.01 -27"><span class='ocrx_word' id='word_1_669' title='bbox 1906 4105 2037 4159; x_wconf 88' lang='lat' dir='ltr'><strong>lium</strong></span> <span class='ocrx_word' id='word_1_670' title='bbox 2068 4106 2289 4175; x_wconf 78' lang='lat' dir='ltr'><strong>ferncis,</strong></span> <span class='ocrx_word' id='word_1_671' title='bbox 2342 4124 2448 4166; x_wconf 91' lang='lat' dir='ltr'><strong>non</strong></span> <span class='ocrx_word' id='word_1_672' title='bbox 2505 4114 2742 4183; x_wconf 90' lang='lat' dir='ltr'><strong>amplius</strong></span> <span class='ocrx_word' id='word_1_673' title='bbox 2809 4117 3059 4185; x_wconf 86' lang='lat' dir='ltr'><strong>precaria</strong></span> <span class='ocrx_word' id='word_1_674' title='bbox 3113 4126 3379 4186; x_wconf 82' lang='lat' dir='ltr'><strong>potestate</strong></span> <span class='ocrx_word' id='word_1_675' title='bbox 3411 4118 3484 4175; x_wconf 91' lang='lat' dir='ltr'><strong>iis</strong></span> 
     </span>
    </p>
   </div>
   <div class='ocr_carea' id='block_1_96' title="bbox 1909 4203 3484 4278">
    <p class='ocr_par' dir='ltr' id='par_1_96' title="bbox 1909 4203 3484 4278">
     <span class='ocr_line' id='line_1_96' title="bbox 1909 4203 3484 4278; baseline 0.006 -24"><span class='ocrx_word' id='word_1_676' title='bbox 1909 4214 2146 4261; x_wconf 70' lang='lat' dir='ltr'><strong>DTZBCSSO</strong></span> <span class='ocrx_word' id='word_1_677' title='bbox 2177 4211 2307 4256; x_wconf 89' lang='lat' dir='ltr'><strong>sunt</strong></span> <span class='ocrx_word' id='word_1_678' title='bbox 2346 4203 2697 4275; x_wconf 83' lang='lat' dir='ltr'><strong>dignati,aut</strong></span> <span class='ocrx_word' id='word_1_679' title='bbox 2735 4207 2939 4263; x_wconf 91' lang='lat' dir='ltr'><strong>ducum</strong></span> <span class='ocrx_word' id='word_1_680' title='bbox 2989 4218 3259 4277; x_wconf 81' lang='lat' dir='ltr'><strong>veterum,</strong></span> <span class='ocrx_word' id='word_1_681' title='bbox 3294 4223 3326 4264; x_wconf 92' lang='lat' dir='ltr'><strong>a</strong></span> <span class='ocrx_word' id='word_1_682' title='bbox 3361 4213 3484 4278; x_wconf 84' lang='lat' dir='ltr'><strong>qui-</strong></span> 
     </span>
    </p>
   </div>
   <div class='ocr_carea' id='block_1_97' title="bbox 1910 4291 3485 4368">
    <p class='ocr_par' dir='ltr' id='par_1_97' title="bbox 1910 4291 3485 4368">
     <span class='ocr_line' id='line_1_97' title="bbox 1910 4291 3485 4368; baseline 0.004 -23"><span class='ocrx_word' id='word_1_683' title='bbox 1910 4291 2012 4346; x_wconf 88' lang='lat' dir='ltr'><strong>bus</strong></span> <span class='ocrx_word' id='word_1_684' title='bbox 2037 4294 2282 4349; x_wconf 88' lang='lat' dir='ltr'><strong>erantad</strong></span> <span class='ocrx_word' id='word_1_685' title='bbox 2316 4295 2479 4351; x_wconf 88' lang='lat' dir='ltr'><strong>istam</strong></span> <span class='ocrx_word' id='word_1_686' title='bbox 2514 4298 2922 4368; x_wconf 83' lang='lat' dir='ltr'><strong>expeditionem</strong></span> <span class='ocrx_word' id='word_1_687' title='bbox 2970 4298 3254 4363; x_wconf 88' lang='lat' dir='ltr'><strong>destinati,</strong></span> <span class='ocrx_word' id='word_1_688' title='bbox 3288 4308 3485 4361; x_wconf 68' lang='lat' dir='ltr'><strong>nutum.</strong></span> 
     </span>
    </p>
   </div>
   <div class='ocr_carea' id='block_1_98' title="bbox 1910 4385 3481 4462">
    <p class='ocr_par' dir='ltr' id='par_1_98' title="bbox 1910 4385 3481 4462">
     <span class='ocr_line' id='line_1_98' title="bbox 1910 4385 3481 4462; baseline 0.004 -23"><span class='ocrx_word' id='word_1_689' title='bbox 1910 4385 2183 4454; x_wconf 87' lang='lat' dir='ltr'><strong>respicere</strong></span> <span class='ocrx_word' id='word_1_690' title='bbox 2206 4400 2491 4444; x_wconf 84' lang='lat' dir='ltr'><strong>curarunt.</strong></span> <span class='ocrx_word' id='word_1_691' title='bbox 2521 4390 2749 4461; x_wconf 83' lang='lat' dir='ltr'><strong>Proprio</strong></span> <span class='ocrx_word' id='word_1_692' title='bbox 2791 4391 2910 4446; x_wconf 88' lang='lat' dir='ltr'><strong>illas</strong></span> <span class='ocrx_word' id='word_1_693' title='bbox 2942 4391 3201 4462; x_wconf 88' lang='lat' dir='ltr'><strong>nullaque</strong></span> <span class='ocrx_word' id='word_1_694' title='bbox 3236 4391 3481 4447; x_wconf 80' lang='lat' dir='ltr'><strong>obnoxio</strong></span> 
     </span>
    </p>
   </div>
   <div class='ocr_carea' id='block_1_99' title="bbox 1911 4479 3484 4552">
    <p class='ocr_par' dir='ltr' id='par_1_99' title="bbox 1911 4479 3484 4552">
     <span class='ocr_line' id='line_1_99' title="bbox 1911 4479 3484 4552; baseline 0.003 -19"><span class='ocrx_word' id='word_1_695' title='bbox 1911 4479 2186 4545; x_wconf 71' lang='lat' dir='ltr'><strong>subjectus</strong></span> <span class='ocrx_word' id='word_1_696' title='bbox 2218 4481 2443 4551; x_wconf 91' lang='lat' dir='ltr'><strong>imperio</strong></span> <span class='ocrx_word' id='word_1_697' title='bbox 2486 4480 2665 4552; x_wconf 87' lang='lat' dir='ltr'><strong>Nugas</strong></span> <span class='ocrx_word' id='word_1_698' title='bbox 2716 4483 2944 4547; x_wconf 82' lang='lat' dir='ltr'><strong>habuit;</strong></span> <span class='ocrx_word' id='word_1_699' title='bbox 3004 4498 3069 4537; x_wconf 91' lang='lat' dir='ltr'><strong>ac</strong></span> <span class='ocrx_word' id='word_1_700' title='bbox 3123 4483 3484 4552; x_wconf 85' lang='lat' dir='ltr'><strong>repetentium</strong></span> 
     </span>
    </p>
   </div>
   <div class='ocr_carea' id='block_1_100' title="bbox 1907 4554 3486 4649">
    <p class='ocr_par' dir='ltr' id='par_1_100' title="bbox 1907 4554 3486 4649">
     <span class='ocr_line' id='line_1_100' title="bbox 1907 4554 3486 4649; baseline 0.003 -24"><span class='ocrx_word' id='word_1_701' title='bbox 1907 4571 1999 4641; x_wconf 87' lang='lat' dir='ltr'><strong>jus</strong></span> <span class='ocrx_word' id='word_1_702' title='bbox 2020 4589 2179 4628; x_wconf 88' lang='lat' dir='ltr'><strong>suum</strong></span> <span class='ocrx_word' id='word_1_703' title='bbox 2211 4575 2562 4644; x_wconf 85' lang='lat' dir='ltr'><strong>antiquorum</strong></span> <span class='ocrx_word' id='word_1_704' title='bbox 2599 4576 2908 4646; x_wconf 86' lang='lat' dir='ltr'><strong>principum</strong></span> <span class='ocrx_word' id='word_1_705' title='bbox 2938 4576 3126 4649; x_wconf 78' lang='lat' dir='ltr'><strong>gentis</strong></span> <span class='ocrx_word' id='word_1_706' title='bbox 3165 4554 3486 4629; x_wconf 76' lang='lat' dir='ltr'><strong>Tocharira:</strong></span> 
     </span>
    </p>
   </div>
   <div class='ocr_carea' id='block_1_101' title="bbox 1913 4663 3487 4734">
    <p class='ocr_par' dir='ltr' id='par_1_101' title="bbox 1913 4663 3487 4734">
     <span class='ocr_line' id='line_1_101' title="bbox 1913 4663 3487 4734; baseline 0.003 -18"><span class='ocrx_word' id='word_1_707' title='bbox 1913 4663 2163 4731; x_wconf 87' lang='lat' dir='ltr'><strong>querelas</strong></span> <span class='ocrx_word' id='word_1_708' title='bbox 2193 4673 2531 4733; x_wconf 84' lang='lat' dir='ltr'><strong>conatusque</strong></span> <span class='ocrx_word' id='word_1_709' title='bbox 2561 4664 2757 4732; x_wconf 84' lang='lat' dir='ltr'><strong>partim</strong></span> <span class='ocrx_word' id='word_1_710' title='bbox 2786 4665 2953 4719; x_wconf 86' lang='lat' dir='ltr'><strong>elusit</strong></span> <span class='ocrx_word' id='word_1_711' title='bbox 2986 4664 3347 4734; x_wconf 83' lang='lat' dir='ltr'><strong>ambiguitate</strong></span> <span class='ocrx_word' id='word_1_712' title='bbox 3399 4681 3487 4719; x_wconf 93' lang='lat' dir='ltr'><strong>re-</strong></span> 
     </span>
    </p>
   </div>
   <div class='ocr_carea' id='block_1_102' title="bbox 1912 4754 3488 4825">
    <p class='ocr_par' dir='ltr' id='par_1_102' title="bbox 1912 4754 3488 4825">
     <span class='ocr_line' id='line_1_102' title="bbox 1912 4754 3488 4825; baseline 0.001 -18"><span class='ocrx_word' id='word_1_713' title='bbox 1912 4769 2237 4823; x_wconf 89' lang='lat' dir='ltr'><strong>sponsorum</strong></span> <span class='ocrx_word' id='word_1_714' title='bbox 2266 4762 2320 4808; x_wconf 89' lang='lat' dir='ltr'><strong>et</strong></span> <span class='ocrx_word' id='word_1_715' title='bbox 2359 4754 2637 4808; x_wconf 78' lang='lat' dir='ltr'><strong>fictaruin</strong></span> <span class='ocrx_word' id='word_1_716' title='bbox 2670 4754 2737 4808; x_wconf 87' lang='lat' dir='ltr'><strong>ad</strong></span> <span class='ocrx_word' id='word_1_717' title='bbox 2785 4767 2998 4825; x_wconf 84' lang='lat' dir='ltr'><strong>tempus</strong></span> <span class='ocrx_word' id='word_1_718' title='bbox 3056 4756 3488 4825; x_wconf 82' lang='lat' dir='ltr'><strong>promissionum</strong></span> 
     </span>
    </p>
   </div>
   <div class='ocr_carea' id='block_1_103' title="bbox 1914 4846 3486 4917">
    <p class='ocr_par' dir='ltr' id='par_1_103' title="bbox 1914 4846 3486 4917">
     <span class='ocr_line' id='line_1_103' title="bbox 1914 4846 3486 4917; baseline 0.003 -19"><span class='ocrx_word' id='word_1_719' title='bbox 1914 4846 2183 4901; x_wconf 87' lang='lat' dir='ltr'><strong>industria</strong></span> <span class='ocrx_word' id='word_1_720' title='bbox 2208 4846 2417 4910; x_wconf 87' lang='lat' dir='ltr'><strong>solerti,</strong></span> <span class='ocrx_word' id='word_1_721' title='bbox 2444 4847 2641 4915; x_wconf 88' lang='lat' dir='ltr'><strong>partim</strong></span> <span class='ocrx_word' id='word_1_722' title='bbox 2668 4847 2759 4901; x_wconf 90' lang='lat' dir='ltr'><strong>ubi</strong></span> <span class='ocrx_word' id='word_1_723' title='bbox 2779 4859 2964 4917; x_wconf 87' lang='lat' dir='ltr'><strong>aperta</strong></span> <span class='ocrx_word' id='word_1_724' title='bbox 2990 4850 3071 4902; x_wconf 79' lang='lat' dir='ltr'><strong>vis</strong></span> <span class='ocrx_word' id='word_1_725' title='bbox 3090 4847 3352 4902; x_wconf 85' lang='lat' dir='ltr'><strong>intentata</strong></span> <span class='ocrx_word' id='word_1_726' title='bbox 3379 4857 3486 4915; x_wconf 86' lang='lat' dir='ltr'><strong>est,</strong></span> 
     </span>
    </p>
   </div>
   <div class='ocr_carea' id='block_1_104' title="bbox 1914 4938 3492 5009">
    <p class='ocr_par' dir='ltr' id='par_1_104' title="bbox 1914 4938 3492 5009">
     <span class='ocr_line' id='line_1_104' title="bbox 1914 4938 3492 5009; baseline 0.003 -18"><span class='ocrx_word' id='word_1_727' title='bbox 1914 4938 2167 5008; x_wconf 88' lang='lat' dir='ltr'><strong>oppositu</strong></span> <span class='ocrx_word' id='word_1_728' title='bbox 2203 4939 2783 4995; x_wconf 86' lang='lat' dir='ltr'><strong>numerosissimarum</strong></span> <span class='ocrx_word' id='word_1_729' title='bbox 2817 4939 3099 5009; x_wconf 86' lang='lat' dir='ltr'><strong>copiarum</strong></span> <span class='ocrx_word' id='word_1_730' title='bbox 3126 4939 3345 5009; x_wconf 90' lang='lat' dir='ltr'><strong>repulit.</strong></span> <span class='ocrx_word' id='word_1_731' title='bbox 3377 4938 3492 4995; x_wconf 85' lang='lat' dir='ltr'><strong>Nec</strong></span> 
     </span>
    </p>
   </div>
   <div class='ocr_carea' id='block_1_105' title="bbox 1916 5030 3489 5103">
    <p class='ocr_par' dir='ltr' id='par_1_105' title="bbox 1916 5030 3489 5103">
     <span class='ocr_line' id='line_1_105' title="bbox 1916 5030 3489 5103; baseline 0.002 -19"><span class='ocrx_word' id='word_1_732' title='bbox 1916 5030 1988 5084; x_wconf 89' lang='lat' dir='ltr'><strong>ita</strong></span> <span class='ocrx_word' id='word_1_733' title='bbox 2016 5030 2188 5086; x_wconf 86' lang='lat' dir='ltr'><strong>multo</strong></span> <span class='ocrx_word' id='word_1_734' title='bbox 2214 5040 2338 5100; x_wconf 88' lang='lat' dir='ltr'><strong>post</strong></span> <span class='ocrx_word' id='word_1_735' title='bbox 2361 5032 2519 5103; x_wconf 82' lang='lat' dir='ltr'><strong>quasi</strong></span> <span class='ocrx_word' id='word_1_736' title='bbox 2545 5031 2760 5085; x_wconf 84' lang='lat' dir='ltr'><strong>firmato</strong></span> <span class='ocrx_word' id='word_1_737' title='bbox 2783 5030 2908 5100; x_wconf 85' lang='lat' dir='ltr'><strong>jure</strong></span> <span class='ocrx_word' id='word_1_738' title='bbox 2940 5032 3310 5101; x_wconf 87' lang='lat' dir='ltr'><strong>possessionis</strong></span> <span class='ocrx_word' id='word_1_739' title='bbox 3341 5032 3489 5097; x_wconf 78' lang='lat' dir='ltr'><strong>longi</strong></span> 
     </span>
    </p>
   </div>
   <div class='ocr_carea' id='block_1_106' title="bbox 1914 5123 3540 5194">
    <p class='ocr_par' dir='ltr' id='par_1_106' title="bbox 1914 5123 3540 5194">
     <span class='ocr_line' id='line_1_106' title="bbox 1914 5123 3540 5194; baseline -0.001 -17"><span class='ocrx_word' id='word_1_740' title='bbox 1914 5124 2327 5194; x_wconf 68' lang='lat' dir='ltr'><strong>praescriptione</strong></span> <span class='ocrx_word' id='word_1_741' title='bbox 2359 5125 2642 5193; x_wconf 86' lang='lat' dir='ltr'><strong>temporis.</strong></span> <span class='ocrx_word' id='word_1_742' title='bbox 2668 5124 2786 5179; x_wconf 90' lang='lat' dir='ltr'><strong>sine</strong></span> <span class='ocrx_word' id='word_1_743' title='bbox 2804 5123 3184 5179; x_wconf 75' lang='lat' dir='ltr'><strong>controversia</strong></span> <span class='ocrx_word' id='word_1_744' title='bbox 3219 5126 3489 5191; x_wconf 82' lang='lat' dir='ltr'><strong>regnavit,</strong></span> <span class='ocrx_word' id='word_1_745' title='bbox 3528 5158 3540 5169; x_wconf 83' lang='lat'><strong>.</strong></span> 
     </span>
    </p>
   </div>
   <div class='ocr_carea' id='block_1_107' title="bbox 1917 5214 3491 5286">
    <p class='ocr_par' dir='ltr' id='par_1_107' title="bbox 1917 5214 3491 5286">
     <span class='ocr_line' id='line_1_107' title="bbox 1917 5214 3491 5286; baseline 0 -17"><span class='ocrx_word' id='word_1_746' title='bbox 1917 5216 2076 5285; x_wconf 88' lang='lat' dir='ltr'><strong>pleno</strong></span> <span class='ocrx_word' id='word_1_747' title='bbox 2105 5214 2216 5285; x_wconf 85' lang='lat' dir='ltr'><strong>jam</strong></span> <span class='ocrx_word' id='word_1_748' title='bbox 2252 5231 2355 5272; x_wconf 90' lang='lat' dir='ltr'><strong>nec</strong></span> <span class='ocrx_word' id='word_1_749' title='bbox 2386 5226 2640 5270; x_wconf 85' lang='lat' dir='ltr'><strong>revocato</strong></span> <span class='ocrx_word' id='word_1_750' title='bbox 2669 5231 2698 5271; x_wconf 91' lang='lat' dir='ltr'><strong>a</strong></span> <span class='ocrx_word' id='word_1_751' title='bbox 2723 5231 3001 5286; x_wconf 85' lang='lat' dir='ltr'><strong>quoquam</strong></span> <span class='ocrx_word' id='word_1_752' title='bbox 3040 5215 3096 5269; x_wconf 91' lang='lat' dir='ltr'><strong>in</strong></span> <span class='ocrx_word' id='word_1_753' title='bbox 3124 5214 3356 5269; x_wconf 87' lang='lat' dir='ltr'><strong>dubium</strong></span> <span class='ocrx_word' id='word_1_754' title='bbox 3386 5215 3491 5269; x_wconf 85' lang='lat' dir='ltr'><strong>do-</strong></span> 
     </span>
    </p>
   </div>
   <div class='ocr_carea' id='block_1_108' title="bbox 1915 5304 3492 5378">
    <p class='ocr_par' dir='ltr' id='par_1_108' title="bbox 1915 5304 3492 5378">
     <span class='ocr_line' id='line_1_108' title="bbox 1915 5304 3492 5378; baseline -0.001 -17"><span class='ocrx_word' id='word_1_755' title='bbox 1915 5308 2086 5362; x_wconf 84' lang='lat' dir='ltr'><strong>minio</strong></span> <span class='ocrx_word' id='word_1_756' title='bbox 2121 5309 2434 5378; x_wconf 80' lang='lat' dir='ltr'><strong>superiores</strong></span> <span class='ocrx_word' id='word_1_757' title='bbox 2491 5308 2703 5362; x_wconf 77' lang='lat' dir='ltr'><strong>Euxino</strong></span> <span class='ocrx_word' id='word_1_758' title='bbox 2733 5306 2905 5361; x_wconf 86' lang='lat' dir='ltr'><strong>Ponto</strong></span> <span class='ocrx_word' id='word_1_759' title='bbox 2939 5307 3187 5374; x_wconf 81' lang='lat' dir='ltr'><strong>regiones</strong></span> <span class='ocrx_word' id='word_1_760' title='bbox 3214 5304 3492 5360; x_wconf 89' lang='lat' dir='ltr'><strong>obtinens.</strong></span> 
     </span>
    </p>
   </div>
   <div class='ocr_carea' id='block_1_109' title="bbox 1915 5393 3493 5467">
    <p class='ocr_par' dir='ltr' id='par_1_109' title="bbox 1915 5393 3493 5467">
     <span class='ocr_line' id='line_1_109' title="bbox 1915 5393 3493 5467; baseline -0.005 -13"><span class='ocrx_word' id='word_1_761' title='bbox 1915 5399 1965 5454; x_wconf 87' lang='lat' dir='ltr'><strong>ls</strong></span> <span class='ocrx_word' id='word_1_762' title='bbox 1994 5408 2170 5453; x_wconf 85' lang='lat' dir='ltr'><strong>status</strong></span> <span class='ocrx_word' id='word_1_763' title='bbox 2203 5399 2315 5453; x_wconf 91' lang='lat' dir='ltr'><strong>illic</strong></span> <span class='ocrx_word' id='word_1_764' title='bbox 2347 5396 2611 5467; x_wconf 70' lang='lat' dir='ltr'><strong>diuturno</strong></span> <span class='ocrx_word' id='word_1_765' title='bbox 2671 5397 2851 5466; x_wconf 90' lang='lat' dir='ltr'><strong>spatio</strong></span> <span class='ocrx_word' id='word_1_766' title='bbox 2892 5411 3073 5450; x_wconf 87' lang='lat' dir='ltr'><strong>rerum</strong></span> <span class='ocrx_word' id='word_1_767' title='bbox 3111 5394 3237 5456; x_wconf 90' lang='lat' dir='ltr'><strong>fuit.</strong></span> <span class='ocrx_word' id='word_1_768' title='bbox 3268 5393 3493 5463; x_wconf 86' lang='lat' dir='ltr'><strong>quando</strong></span> 
     </span>
    </p>
   </div>
   <div class='ocr_carea' id='block_1_110' title="bbox 1917 5485 3492 5560">
    <p class='ocr_par' dir='ltr' id='par_1_110' title="bbox 1917 5485 3492 5560">
     <span class='ocr_line' id='line_1_110' title="bbox 1917 5485 3492 5560; baseline -0.006 -14"><span class='ocrx_word' id='word_1_769' title='bbox 1917 5490 1985 5546; x_wconf 90' lang='lat' dir='ltr'><strong>ad</strong></span> <span class='ocrx_word' id='word_1_770' title='bbox 2018 5500 2266 5545; x_wconf 66' lang='lat' dir='ltr'><strong>cat-teram</strong></span> <span class='ocrx_word' id='word_1_771' title='bbox 2296 5486 2458 5560; x_wconf 62' lang='lat' dir='ltr'><strong>Nugas</strong></span> <span class='ocrx_word' id='word_1_772' title='bbox 2494 5489 2799 5547; x_wconf 81' lang='lat' dir='ltr'><strong>claritatem</strong></span> <span class='ocrx_word' id='word_1_773' title='bbox 2833 5488 3067 5543; x_wconf 87' lang='lat' dir='ltr'><strong>accessit</strong></span> <span class='ocrx_word' id='word_1_774' title='bbox 3098 5485 3240 5540; x_wconf 86' lang='lat' dir='ltr'><strong>haud</strong></span> <span class='ocrx_word' id='word_1_775' title='bbox 3296 5499 3492 5553; x_wconf 86' lang='lat' dir='ltr'><strong>parum</strong></span> 
     </span>
    </p>
   </div>
   <div class='ocr_carea' id='block_1_111' title="bbox 1915 5578 3494 5645">
    <p class='ocr_par' dir='ltr' id='par_1_111' title="bbox 1915 5578 3494 5645">
     <span class='ocr_line' id='line_1_111' title="bbox 1915 5578 3494 5645; baseline -0.004 -9"><span class='ocrx_word' id='word_1_776' title='bbox 1915 5596 2039 5636; x_wconf 90' lang='lat' dir='ltr'><strong>eum</strong></span> <span class='ocrx_word' id='word_1_777' title='bbox 2069 5581 2351 5636; x_wconf 64' lang='lat' dir='ltr'><strong>illustrans</strong></span> <span class='ocrx_word' id='word_1_778' title='bbox 2381 5579 2613 5635; x_wconf 83' lang='lat' dir='ltr'><strong>affinitas</strong></span> <span class='ocrx_word' id='word_1_779' title='bbox 2636 5595 2759 5637; x_wconf 91' lang='lat' dir='ltr'><strong>cum</strong></span> <span class='ocrx_word' id='word_1_780' title='bbox 2783 5578 3045 5635; x_wconf 77' lang='lat' dir='ltr'><strong>Michaele</strong></span> <span class='ocrx_word' id='word_1_781' title='bbox 3080 5579 3329 5645; x_wconf 79' lang='lat' dir='ltr'><strong>Angusm</strong></span> <span class='ocrx_word' id='word_1_782' title='bbox 3358 5589 3494 5631; x_wconf 84' lang='lat' dir='ltr'><strong>con-</strong></span> 
     </span>
    </p>
   </div>
   <div class='ocr_carea' id='block_1_112' title="bbox 1916 5664 3496 5742">
    <p class='ocr_par' dir='ltr' id='par_1_112' title="bbox 1916 5664 3496 5742">
     <span class='ocr_line' id='line_1_112' title="bbox 1916 5664 3496 5742; baseline -0.006 -13"><span class='ocrx_word' id='word_1_783' title='bbox 1916 5682 2114 5739; x_wconf 83' lang='lat' dir='ltr'><strong>tracta,</strong></span> <span class='ocrx_word' id='word_1_784' title='bbox 2146 5675 2233 5727; x_wconf 84' lang='lat' dir='ltr'><strong>cui</strong></span> <span class='ocrx_word' id='word_1_785' title='bbox 2271 5688 2435 5742; x_wconf 85' lang='lat' dir='ltr'><strong>gener</strong></span> <span class='ocrx_word' id='word_1_786' title='bbox 2467 5673 2648 5726; x_wconf 85' lang='lat' dir='ltr'><strong>factus</strong></span> <span class='ocrx_word' id='word_1_787' title='bbox 2692 5681 2777 5727; x_wconf 84' lang='lat' dir='ltr'><strong>est</strong></span> <span class='ocrx_word' id='word_1_788' title='bbox 2830 5670 3035 5741; x_wconf 84' lang='lat' dir='ltr'><strong>nuptiis</strong></span> <span class='ocrx_word' id='word_1_789' title='bbox 3087 5668 3207 5723; x_wconf 67' lang='lat' dir='ltr'><strong>filim</strong></span> <span class='ocrx_word' id='word_1_790' title='bbox 3242 5664 3496 5737; x_wconf 83' lang='lat' dir='ltr'><strong>Euphro-</strong></span> 
     </span>
    </p>
   </div>
   <div class='ocr_carea' id='block_1_113' title="bbox 1918 5756 3496 5835">
    <p class='ocr_par' dir='ltr' id='par_1_113' title="bbox 1918 5756 3496 5835">
     <span class='ocr_line' id='line_1_113' title="bbox 1918 5756 3496 5835; baseline -0.005 -16"><span class='ocrx_word' id='word_1_791' title='bbox 1918 5780 2099 5835; x_wconf 83' lang='lat' dir='ltr'><strong>syues.</strong></span> <span class='ocrx_word' id='word_1_792' title='bbox 2137 5765 2359 5819; x_wconf 88' lang='lat' dir='ltr'><strong>Interim</strong></span> <span class='ocrx_word' id='word_1_793' title='bbox 2400 5764 2589 5819; x_wconf 84' lang='lat' dir='ltr'><strong>multis</strong></span> <span class='ocrx_word' id='word_1_794' title='bbox 2631 5764 2863 5818; x_wconf 91' lang='lat' dir='ltr'><strong>mortuis</strong></span> <span class='ocrx_word' id='word_1_795' title='bbox 2896 5774 3085 5816; x_wconf 90' lang='lat' dir='ltr'><strong>eorum</strong></span> <span class='ocrx_word' id='word_1_796' title='bbox 3113 5756 3315 5828; x_wconf 89' lang='lat' dir='ltr'><strong>quibus</strong></span> <span class='ocrx_word' id='word_1_797' title='bbox 3345 5764 3496 5812; x_wconf 82' lang='lat' dir='ltr'><strong>sorte</strong></span> 
     </span>
    </p>
   </div>
   <div class='ocr_carea' id='block_1_114' title="bbox 1920 5849 3496 5926">
    <p class='ocr_par' dir='ltr' id='par_1_114' title="bbox 1920 5849 3496 5926">
     <span class='ocr_line' id='line_1_114' title="bbox 1920 5849 3496 5926; baseline -0.006 -11"><span class='ocrx_word' id='word_1_798' title='bbox 1920 5860 2087 5915; x_wconf 78' lang='lat' dir='ltr'><strong>natali</strong></span> <span class='ocrx_word' id='word_1_799' title='bbox 2113 5876 2183 5913; x_wconf 79' lang='lat' dir='ltr'><strong>un</strong></span> <span class='ocrx_word' id='word_1_800' title='bbox 2217 5857 2493 5916; x_wconf 78' lang='lat' dir='ltr'><strong>successio</strong></span> <span class='ocrx_word' id='word_1_801' title='bbox 2524 5872 2587 5912; x_wconf 75' lang='lat' dir='ltr'><strong>ex</strong></span> <span class='ocrx_word' id='word_1_802' title='bbox 2619 5868 2814 5926; x_wconf 84' lang='lat' dir='ltr'><strong>genere</strong></span> <span class='ocrx_word' id='word_1_803' title='bbox 2848 5850 3193 5922; x_wconf 87' lang='lat' dir='ltr'><strong>competebat</strong></span> <span class='ocrx_word' id='word_1_804' title='bbox 3222 5849 3435 5919; x_wconf 88' lang='lat' dir='ltr'><strong>imperii</strong></span> <span class='ocrx_word' id='word_1_805' title='bbox 3463 5862 3496 5906; x_wconf 67' lang='grc' dir='ltr'><strong><em>λ</em></strong></span> 
     </span>
    </p>
   </div>
  </div>
