3862 6552
383 454 486 522 291

1571 461 1895 522 GEORGII
1939 458 2431 522 PACHYMERAZ

3534 451 3643 513 29?.

379 576 590 634 πολλῶν
616 576 859 631 ἐκποδὼν
902 577 1203 646 γεγονότων
1231 570 1311 640 οἷς
1335 576 1400 646 δὴ
1432 577 1526 630 καὶ
1571 577 1634 630 τὸ
1669 578 1859 648 ἄρχειν
1887 577 1950 628 ὲκ
1980 586 2027 640 Α
2057 576 2510 644 περιποιούμενος
2544 573 2641 638 τὰς
2669 573 2762 626 τοῦ
2819 573 2971 640 Novi
3003 571 3171 642 ὀργὰς
3210 567 3534 640 ὲρεθίσειεν.
3576 567 3640 617 '0

378 670 572 737 γόνους
608 670 839 738 προσῆν,
877 671 904 721 6
926 669 1190 730 Τουκτάῖς
1223 667 1685 736 ὲγκαταλέλειπτο
1717 671 1813 720 καὶ
1847 665 1950 737 ήδη

379 761 716 829 γεγηρακότι
737 756 814 826 τῷ
848 757 1000 828 Νογᾷ
1033 759 1346 826 ἐφειστήκει
1385 757 1482 811 καὶ
1513 757 1764 826 εἰσϐολῆς
1796 757 1955 826 στεῤ-

380 850 485 922 ῥᾶς
514 848 799 918 γεγονυίας
829 849 1024 918 περιῆν
1054 848 1194 902 κατὰ
1225 848 1426 916 κράτος
1450 849 1544 902 καὶ
1569 851 1596 902 6
1619 849 1803 916 Νογᾶς
1834 847 1952 900 ἔπι-

382 956 506 1002 πτε,
533 940 599 992 τὰ
649 938 745 1006 μὲν
777 940 917 991 κατά
942 939 1032 991 τὸν
1071 938 1235 992 τόπον
1283 939 1550 1007 γεγονότα
1605 941 1666 992 ὲκ
1694 939 1805 991 τῶν
1835 941 1953 991 ἐνεο

379 1024 599 1082 στωτων
649 1028 902 1098 πολέμων
933 1029 1027 1082 καὶ
1056 1031 1150 1100 τῆς
1206 1031 1542 1100 συγχύσεως,
1587 1032 1679 1084 καὶ
1709 1031 1784 1094 ὼς
1815 1031 1954 1104 ἠρή-

383 1139 530 1192 μωτο
573 1122 670 1192 μὲν
714 1121 867 1192 χώρα
901 1123 1053 1175 πᾶσα
1102 1126 1197 1176 καὶ
1248 1124 1524 1194 ἄνθρωποι
1557 1123 1950 1194 διεφθείροντο,

378 1213 588 1267 ἐκεῖθεν
617 1213 662 1265 δ’
696 1215 745 1266 oi
791 1213 1135 1284 λελειμμένοι
1164 1217 1301 1286 πρὸς
1331 1218 1400 1270 τὰ
1429 1211 1530 1270 ὦδε
1561 1217 1952 1288 μετῳκίζοντο,

379 1307 473 1359 καὶ
505 1305 602 1358 ὅλα
625 1305 770 1375 νηῶν
801 1306 1142 1376 πληρώματα
1170 1311 1265 1362 καὶ
1294 1309 1487 1382 φορτία
1522 1309 1798 1378 ἄνθρωποι
1826 1311 1954 1377 ὲγεο

377 1397 650 1464 γόνεισαν,
681 1397 812 1460 ἰδίας
846 1398 1087 1470 ἱστορίας
1114 1400 1304 1472 χρῄζει
1329 1403 1424 1454 καὶ
1463 1403 1522 1455 οὐ
1553 1402 1654 1470 τῆς
1683 1401 1955 1472 τυχούσης

329 1522 333 1524 -
379 1485 516 1555 πρὸς
541 1487 800 1554 ἀγγελίαν
829 1489 1094 1560 γλώττηςέ
1115 1493 1262 1554 Τέως
1285 1491 1340 1544 δὲ
1369 1493 1740 1562 περιγεγονὼς
1770 1494 1797 1546 6
1819 1494 1956 1544 Tou-

381 1577 536 1640 διτάϊς
560 1577 745 1648 κύριος
776 1579 885 1632 τῶν
912 1582 1094 1634 τόπων
1135 1582 1394 1653 κατέστη,
1427 1586 1520 1636 καὶ
1552 1585 1611 1637 τὸ
1651 1585 1954 1655 Τοχαρικδν

380 1667 473 1720 ὑπ’
508 1669 700 1739 ἐκεινῳ
727 1670 956 1737 γίνεται,
990 1671 1075 1744 [Ρ.
1114 1673 1238 1745 179]
1273 1675 1471 1742 ὀλίγων
1494 1675 1656 1729 τινῶν
1687 1693 1952 1746 προσμει-

379 1759 587 1812 νάντων
613 1760 690 1831 τῷ
725 1763 786 1815 ἐκ
811 1763 910 1832 τῆς
956 1762 1228 1833 ’Δλάκκης
1278 1767 1370 1818 τοῦ
1417 1767 1572 1836 Νογᾶ
1624 1769 1732 1821 uisi
1768 1768 1954 1837 Τζακᾷ

379 1849 636 1920 τοῦνομα,
660 1846 740 1916 οἷς
761 1853 826 1923 δὴ
859 1855 954 1907 καὶ
985 1856 1204 1926 ιθάρρει
1237 1859 1442 1921 ἐκεῖνος
1471 1859 1642 1911 ὲπιὼν
1665 1861 1762 1928 τὴν
1792 1859 1953 1913 Βουλ-

2055 666 2186 736 γοῦν
2215 669 2424 722 ἐκείνου
2453 669 2567 732 υίδς
2593 669 2836 734 Τζακᾶς,
2889 666 2984 720 τοῦ
3013 667 3167 730 Νογᾶ
3205 663 3454 740 ,ἐκποδὼν
3481 677 3643 729 γεγο-

2055 761 2228 822 νότος,
2271 759 2491 831 Θαρῤῶν
2519 763 2634 824 τοῖς
2664 762 2793 831 περὶ
2845 761 3007 814 αὐτὸν
3035 759 3364 826 Βουλγάροις
3403 755 3640 824 ἐπέχρα,

2054 853 2193 924 πλὴν
2220 854 2280 910 οὗ
2302 854 2423 922 δίχα
2451 855 2796 924 προφάσεως,
2833 854 2948 908 ἀλλ’
2967 854 3105 924 ἔχων
3131 853 3228 921 τὴν
3258 849 3351 902 τοῦ
3378 845 3634 917 τερτερῆ

2054 947 2328 1016 θυγατέρα
2381 949 2460 1009 είς
2509 947 2741 1014 σύζυγον
2770 946 2968 1015 ἑαυτῷ.
3003 942 3418 1014 Προσλαμὸἀνει
3453 955 3511 992 τε
3543 937 3642 990 καὶ

2052 1039 2145 1090 τὸν
2177 1038 2377 1108 ταύτης
2407 1037 2634 1108 ἀδελφὸν
2665 1035 3178 1105 Ὄσφεντίσθλαϐον,
3227 1035 3319 1086 καὶ
3361 1033 3459 1084 σὺν
3488 1026 3644 1097 αὖτῷ

2057 1127 2395 1196 Βουλγὰρους
2427 1127 2792 1194 δουλαγωγεῖν
2827 1127 3036 1196 ἢθελεν.
3058 1123 3204 1177 Ἀλλ’
3229 1124 3438 1182 ἐκεῖνος
3469 1120 3644 1187 πένης

2055 1219 2130 1272 ὢν
2160 1218 2363 1289 ἀφνειῷ
2396 1237 2502 1273 τινι
2532 1219 2638 1272 ἀπὸ
2660 1217 3053 1288 πραγματειῶν
3087 1215 3240 1284 ἀνδρὶ
3277 1210 3638 1266 Παντολέοντι

2057 1311 2377 1381 προστυχὼν
2395 1349 2411 1374 ,
2449 1311 2671 1380 εὐγενὴς
2701 1311 2775 1363 ῶν
2805 1311 2898 1363 καὶ
2927 1312 2990 1361 ὲκ
3017 1309 3282 1379 βασιλέως
3309 1304 3524 1373 τυχόντι
3544 1301 3642 1354 καὶ

2059 1402 2242 1474 ἰδιώτῃ
2278 1402 2364 1456 ἐπ’
2394 1403 2622 1474 Ἐγκόνῃ
2640 1403 2965 1470 Μαγκούσου
2993 1401 3135 1463 τινὸς
3167 1401 3419 1466 θυγατρὶ,
3449 1412 3641 1448 τεκνο-

2059 1496 2343 1566 ποιηοεξσῃ
2397 1495 2564 1549 πάλαι
2622 1498 2687 1564 τῇ
2745 1495 2839 1546 τοῦ
2896 1492 3047 1560 Νογᾶ
3083 1489 3404 1560 Εὐφροσύνῃ
3434 1489 3497 1540 ἐκ
3538 1485 3637 1540 τοῦ

2057 1585 2200 1638 θείου
2229 1585 2622 1656 βαπτίσματος,
2656 1586 2745 1639 διὰ
2773 1587 2861 1639 τὸν
2889 1585 3116 1638 πλοῦτον
3137 1581 3637 1651 ἐπιγαμϐρεύεται.

2060 1679 2165 1730 Καὶ
2198 1680 2310 1740 τοῖς
2353 1679 2449 1747 μὲν
2484 1679 2812 1746 Βουλγάροις
2845 1676 3041 1744 δόμοισι
3081 1676 3180 1737 τὰς
3209 1673 3436 1742 γνώμας
3468 1687 3642 1726 κατα-

2014 1768 2346 1838 ,δουλώσας,
2396 1766 2473 1835 τῷ
2505 1767 2693 1837 Τζακᾷ
2743 1768 2797 1818 δὲ
2826 1766 2898 1829 ὠς
2961 1765 3136 1834 κυρίῳ
3185 1763 3489 1833 χρώμενος,
3534 1762 3639 1827 τῆς

2057 1860 2324 1928 Τερνόὸου
2361 1860 2459 1912 σὺν
2494 1859 2686 1928 ἐκείνῳ
2717 1859 3166 1926 ἐπιλαμϐάνεται.
3201 1857 3414 1922 ὐλίγον
3442 1855 3504 1905 τὸ
3538 1869 3641 1922 μεο

380 1943 586 2013 γάρων.
635 1942 694 1997 '0
726 1946 836 2015 γὰρ
867 1944 1147 2017 Τερτερῆς
1183 1950 1278 2000 καὶ
1317 1949 1480 2012 αὐτὸς
1510 1951 1573 2002 ὲκ
1604 1926 1954 2020 τῆς-ἀπειλῆς
1988 1926 2028 1978 Β
2057 1926 2212 2015 ταξὺ,
2267 1953 2362 2003 καὶ
2392 1926 2792 2021 ὲνευκαιρῆσας
2830 1949 3336 2016 Ὀσφεντίσολαϐος,
3391 1945 3643 2011 Βούλγα-

377 2035 472 2088 τοῦ
503 2037 654 2104 Νογᾶ
686 2037 872 2105 φυγὼν
914 2038 1255 2109 προσεχώρει
1310 2040 1388 2110 τῷ
1419 2040 1658 2109 βασιλεῖ,
1707 2043 1798 2095 καὶ
1829 2043 1955 2112 περί

380 2143 482 2178 που
507 2126 606 2196 τὴν
650 2127 962 2198 Ἀνδριανοῦ
1010 2128 1161 2196 διῆγε
1183 2167 1198 2192 ,
1253 2131 1345 2182 τοῦ
1379 2129 1642 2199 βασιλέως
1675 2132 1955 2200 ἀποπροσ-

380 2220 706 2284 ποιουμένου
771 2221 871 2289 τὴν
908 2220 1168 2284 ἱκετείαν,
1197 2220 1270 2284 ὡς
1295 2223 1361 2274 ἄν
1394 2223 1468 2292 μὴ
1509 2222 1824 2292 πέμψαντος
1859 2225 1954 2277 τοῦ

381 2311 535 2378 Νογᾶ
563 2311 724 2374 αὐτὸς
757 2312 963 2364 ἐκεῖνον
992 2311 1133 2364 κατὰ
1164 2312 1224 2364 τδ
1268 2313 1414 2376 εἰκὸς
1441 2313 1517 2376 ὡς
1569 2316 1956 2384 προσφυγόντα

381 2505 491 2560 quo
531 2487 709 2560 Nugas
737 2489 1035 2553 defecerat.
1067 2491 1308 2560 reliquus
1338 2507 1404 2547 ex
1435 2509 1496 2548 ea
1526 2495 1694 2563 stirpe
1730 2493 1954 2550 Tuctais

377 2586 470 2654 jus
503 2586 706 2637 avitmn
774 2598 1104 2652 recuperare
1152 2585 1380 2638 tentavit
1439 2595 1690 2654 suscepta
1721 2586 1772 2638 in
1828 2601 1952 2640 eum

381 2675 724 2743 expeditione
753 2690 818 2727 eo
847 2689 1130 2735 successu,
1167 2684 1224 2728 ut
1253 2675 1363 2743 jam
1401 2691 1569 2730 senex
1603 2675 1782 2745 Nogas
1813 2693 1952 2746 prae-

382 2767 456 2820 lio
481 2768 656 2819 victus
688 2765 850 2836 264,
883 2765 1083 2835 ingenti
1119 2765 1261 2820 inter
1318 2767 1766 2822 cruentissimam
1819 2783 1950 2822 suo-

381 2873 503 2909 rum
538 2866 772 2924 stragem
835 2858 1031 2925 ipsein
1086 2859 1203 2911 acie
1254 2857 1545 2912 confossus
1614 2858 1952 2912 occubuerit.

383 2944 503 3011 Quo
537 2946 676 3000 lzeilo
724 2962 847 3010 qua:
909 2961 1105 3015 magna
1155 2946 1431 3016 multaque
1495 2961 1558 3000 ac
1603 2949 1858 3001 memoria
1896 2946 1954 3000 iu

382 3037 572 3106 primis
603 3037 760 3106 digna
790 3037 1092 3106 contigere,
1122 3036 1384 3094 desolatis
1441 3039 1602 3092 terris
1661 3039 1768 3092 illis
1827 3039 1948 3092 uui-

380 3130 580 3191 versis,
612 3128 1048 3198 tnortalibusque
1093 3132 1271 3184 omnis
1325 3132 1499 3184 :rtatis
1537 3130 1949 3184 innumerabili-

2063 2059 2150 2112 ρος
2177 2040 2252 2093 ῶν
2283 2044 2345 2094 ὲκ
2377 2043 2582 2112 μητρὸς
2613 2044 2659 2108 (6
2687 2042 2792 2109 γὰρ
2819 2044 3003 2108 πατὴρ
3039 2041 3313 2108 Τερτερῆς
3346 2039 3410 2089 ἐκ
3447 2035 3641 2102 Κομά-

2058 2151 2164 2188 νων
2193 2129 2300 2202 ἦν),
2337 2133 2472 2193 τέως
2501 2132 2558 2184 δέ
2585 2149 2643 2196 γε
2677 2133 2742 2184 τὰ
2776 2133 2999 2182 πλεῖστα
3029 2131 3242 2191 οἰκείως
3293 2128 3426 2194 πρὸς
3466 2126 3635 2178 Βουλ-

2058 2227 2259 2294 γάρους
2290 2225 2430 2293 ὑπὲρ
2452 2223 2539 2275 τὸν
2563 2225 2782 2285 Τζακᾶν
2806 2223 2976 2274 δοκῶν
3025 2223 3189 2290 ἔχειν,
3219 2219 3523 2272 ἐπιτίθεται
3553 2217 3638 2284 τῷ

2057 2314 2293 2385 γαμϐρῷ
2319 2313 2557 2384 ἐπισχὼν
2585 2314 2740 2383 δόλῳ,
2762 2316 2855 2366 καὶ
2890 2313 3156 2380 φυλακαῖς
3182 2311 3452 2380 ἀσφαλέσι
3481 2309 3638 2371 δοὺς,

2060 2493 2132 2546 tia
2167 2492 2476 2546 nobilitatis
2505 2493 2701 2563 inopia:
2723 2492 3033 2547 subsidium
3063 2491 3294 2546 invenit.
3318 2491 3452 2545 εἰναι
3483 2492 3638 2545 enim

2058 2585 2197 2638 forte
2221 2585 2501 2640 incidisset
2534 2585 2588 2638 in
2621 2585 3029 2639 Pantaleontem
3059 2584 3347 2653 quemdam
3377 2583 3445 2636 de
3477 2583 3643 2650 plebe

2058 2672 2352 2736 hominem,
2397 2673 2490 2726 sed
2533 2673 2676 2727 felici
2732 2673 3102 2744 negotiatione
3160 2673 3304 2742 longi
3367 2673 3640 2740 temporis

2057 2761 2216 2832 265
2264 2777 2395 2831 opes
2441 2772 2658 2816 nactum
2702 2763 2972 2831 ingentes,
3017 2762 3178 2818 facile
3221 2763 3492 2831 persuasit
3538 2763 3643 2815 ob-

2056 2868 2221 2908 scuro
2259 2864 2312 2907 et
2345 2853 2555 2922 privato
2590 2855 2755 2923 regiis
2794 2855 3072 2908 natalibus
3117 2853 3441 2922 praefulgens
3475 2855 3644 2922 juve-

2059 2946 2142 3000 nis
2194 2953 2252 2999 ut
2294 2945 2533 2998 oblatam
2581 2961 2767 3000 secum
2812 2945 3128 3000 afﬁnitatem
3182 2946 3336 3015 longe
3375 2946 3640 2998 omnibus

2059 3035 2476 3104 praehabendam
2505 3036 2911 3091 conditionibus
2937 3036 3182 3091 duceret.
3209 3035 3415 3090 Carens
3447 3037 3640 3088 liberis

2054 3125 2351 3180 Pantoleon
2383 3127 2614 3194 puellam
2668 3127 2776 3181 sibi
2829 3129 3323 3198 consanguineam,
3373 3126 3637 3181 Encouen

381 3221 483 3276 bus
510 3222 654 3275 varie
677 3219 844 3286 ferro,
867 3220 1032 3286 fame,
1055 3221 1175 3292 fuga
1200 3223 1561 3290 consumptis.
1589 3224 1659 3276 ita
1686 3232 1947 3276 uteorum
1983 3251 2043 3311 C-
2063 3217 2300 3281 nomine,
2327 3233 2355 3270 e
2383 3215 2643 3272 Maucuso
2674 3219 2909 3286 quodam
2945 3229 3129 3272 natam
3163 3229 3215 3273 et
3242 3222 3372 3273 olim
3402 3235 3430 3273 e
3469 3234 3638 3274 sacro

381 3313 596 3380 exigua!
626 3311 871 3379 reliquiae
901 3313 1092 3379 paucis
1115 3317 1220 3367 huc
1254 3314 1482 3368 navibus
1507 3313 1945 3383 deportarentur,

385 3404 522 3467 haec,
542 3403 784 3472 inquam,
808 3414 1190 3474 argumentum
1217 3420 1338 3459 esse
1363 3414 1581 3471 possent
1603 3407 1762 3474 justa:
1783 3405 1948 3460 ltisto-

386 3494 500 3555 riae,
539 3509 637 3547 nec
669 3493 988 3549 indisertum
1027 3495 1093 3548 ad
1123 3495 1370 3548 idoneam
1417 3497 1500 3549 sui
1536 3498 1947 3565 expressionem

384 3587 716 3651 requirentis
749 3586 1095 3655 scriptorem.
1123 3584 1372 3642 Perstitit
1421 3586 1645 3642 Tnetais
1697 3588 1748 3640 in
1789 3590 1949 3643 terris

381 3691 517 3745 quas
541 3677 768 3731 victoria
803 3693 931 3732 suas
966 3678 1194 3744 fecerat,
1231 3694 1353 3730 cum
1388 3679 1451 3731 iis
1484 3694 1622 3748 quos
1655 3695 1720 3734 eo
1774 3681 1949 3735 duxe-

380 3777 484 3832 rat,
520 3784 767 3839 quosque
799 3769 913 3822 illic
947 3780 1230 3838 reperi-rat
1259 3771 1524 3824 Tncbaris
1565 3770 1766 3840 Nogam
1815 3777 1949 3829 alias

379 3860 620 3914 scentis:
651 3875 774 3912 nam
813 3868 866 3912 et
894 3860 945 3911 lti
976 3860 1209 3912 maxima
1242 3877 1304 3912 ex
1345 3872 1495 3929 parte
1523 3862 1709 3915 victori
1740 3879 1798 3918 se
1822 3866 1954 3918 sub-

375 3950 645 4021 jeeerunt,
675 3952 863 4018 paucis
901 3952 1164 4004 duntaxat
1206 3950 1366 4004 fidem
1421 3954 1550 4006 olim
1603 3951 1766 4022 Noga:
1823 3973 1948 4024 pro-

381 4045 605 4096 missam
641 4044 992 4097 servantibus
1027 4044 1192 4112 hujus
1221 4044 1349 4106 filio,
1397 4061 1554 4111 quem
1598 4062 1664 4099 ex
1722 4049 1949 4103 muliere

379 4133 572 4187 Alacca
626 4146 815 4188 vocata
852 4146 1189 4206 susceperat,
1251 4135 1443 4191 Tzacae
1493 4145 1793 4194 nmninato.
1852 4141 1947 4195 liis

379 4223 553 4279 Tzaca
597 4225 764 4278 frctus
808 4227 1016 4282 viribus
1070 4229 1124 4281 iu
1175 4228 1485 4297 Bulgariam
1515 4231 1729 4298 irrttpit,
1763 4247 1791 4285 a
1824 4247 1949 4302 rege

380 4325 508 4370 tunc
542 4318 852 4372 destitutam
885 4335 983 4374 suo
1012 4337 1023 4373 :
1058 4335 1181 4373 nam
1225 4323 1317 4390 qni
1345 4335 1595 4388 regnarat
1652 4324 1766 4376 illic
1815 4324 1946 4377 Ter-

380 4416 545 4472 teres,
577 4409 687 4479 jam
721 4419 878 4464 antea
917 4411 1081 4465 minis
1133 4413 1310 4466 adhuc
1355 4414 1588 4468 viventis
1621 4413 1784 4484 Nega:
1835 4425 1946 4468 ter-

380 4497 519 4551 ritus
542 4499 864 4567 confugerat
895 4500 962 4554 ad
1007 4501 1432 4572 imperatorem;
1489 4522 1596 4572 quo
1651 4523 1756 4558 non
1812 4522 1946 4560 auso

2062 3308 2320 3375 baptismi
2367 3307 2516 3361 fonte
2563 3317 2876 3377 susceptam
2933 3310 3002 3365 ab
3056 3310 3412 3380 Euphrosyne
3468 3307 3640 3378 Nugae

2060 3401 2311 3469 conjuge,
2343 3415 2406 3454 ac
2449 3401 2573 3455 inde
2601 3403 2670 3454 ab
2696 3402 2788 3456 illa
2841 3417 2990 3456 more
3027 3404 3295 3470 majorum
3352 3403 3474 3455 ﬁliai
3511 3403 3642 3454 loco

2063 3489 2337 3552 habitam,
2383 3489 2751 3544 destinaverat
2805 3491 3101 3544 haeredem.
3158 3491 3304 3545 lianc
3348 3493 3450 3546 sibi
3502 3494 3642 3545 ado-

2061 3591 2285 3648 ptatam,
2323 3591 2435 3634 toto
2471 3583 2522 3634 in
2557 3583 2737 3636 dotem
2777 3585 3036 3650 imputato
3076 3586 3428 3653 patrimonio,
3460 3585 3643 3638 liben-

2061 3675 2269 3726 tissime
2315 3674 2604 3742 conjugetu
2656 3674 2803 3727 dedit
2853 3675 3054 3742 petenti
3099 3675 3637 3744 Ospbeutistblabo;

2058 3763 2148 3830 qui
2185 3772 2405 3831 repente
2435 3765 2586 3817 dives
2615 3764 2782 3818 dotali
2828 3769 3080 3834 pecunia,
3128 3781 3449 3823 muneratus
3483 3769 3638 3822 haud

2061 3869 2222 3921 parce
2269 3857 2558 3923 plerosque
2603 3855 2889 3924 Bulgaros.
2938 3860 3113 3912 studia
3163 3859 3267 3912 sibi
3325 3875 3516 3914 eorum
3569 3861 3640 3914 ad

2058 3946 2500 4008 suffragationem
2527 3952 2867 4016 principatus
2896 3965 2959 4003 eo
2991 3952 3344 4018 prapensiora
3372 3956 3641 4006 concilia-

2059 4039 2154 4100 vit,
2185 4038 2328 4104 quod
2365 4038 2482 4106 ipse
2527 4052 2777 4094 materno
2819 4057 3016 4110 genere
3051 4043 3318 4115 Bulgartts
3351 4050 3498 4116 (nam
3535 4064 3638 4116 pa-

2059 4137 2140 4181 ter
2170 4129 2290 4195 ejus
2321 4126 2578 4183 Tel-teres
2626 4145 2656 4184 e
2683 4132 2944 4188 Cumanis
2974 4136 3116 4202 erat)
3154 4146 3363 4191 naturae
3395 4155 3458 4191 ac
3502 4157 3638 4194 san-

2056 4220 2235 4288 guinis
2275 4223 2681 4283 communione,
2710 4240 2831 4293 qua:
2865 4227 2930 4278 ad
2964 4229 3292 4283 charitatem
3329 4232 3469 4285 valet
3501 4235 3629 4302 plu-

2057 4313 2275 4377 rituum,
2329 4315 2506 4382 gentis
2577 4316 2724 4370 illius
2773 4317 3056 4373 affectibus
3121 4325 3624 4384 commendaretur.

2058 4403 2405 4472 Sequebatur
2449 4408 2538 4461 iile
2576 4409 2790 4463 interim
2831 4410 3022 4466 Tzacae
3069 4414 3367 4481 fortunam,
3405 4435 3532 4474 eum
3571 4433 3631 4476 ιιι

2056 4496 2336 4548 dominum
2374 4513 2662 4561 venerans,
2696 4515 2759 4552 ac
2785 4501 3034 4556 videlicet
3059 4519 3158 4573 pro
3187 4507 3375 4561 intima
3410 4525 3536 4563 cum
3565 4529 3631 4565 eo

379 4600 504 4638 eum
531 4587 839 4652 admittere,
879 4605 944 4642 ne
973 4591 1271 4659 repetitnro
1307 4607 1429 4644 mox
1455 4591 1615 4663 Nogzr.
1649 4595 1945 4664 supplicem

2057 4594 2113 4637 ut
2150 4603 2260 4639 suae
2285 4591 2493 4643 sororis
2529 4592 2646 4643 viro
2683 4596 3088 4649 necessitudine
3118 4602 3450 4668 praeciputun
3477 4605 3626 4671 apttd

296 4678 303 4683 ’
377 4677 616 4747 prodere
649 4687 933 4746 cogeretur
961 4693 1104 4735 metu
1141 4683 1277 4735 iram
1320 4685 1439 4752 ejus
1471 4694 1522 4737 et
1556 4701 1704 4737 artua
1741 4686 1791 4738 in
1824 4703 1946 4741 sese

379 4769 911 4825 concitandi.tuiscr
959 4773 1177 4826 interim
1236 4773 1491 4830 Tt-rteres
1545 4777 1740 4829 alicubi
1799 4777 1945 4830 circa

378 4859 788 4928 Adrianopolim
871 4861 1092 4916 latitans
1157 4863 1408 4933 degebat.
1461 4867 1528 4916 At
1596 4864 1770 4918 Tzaca
1824 4882 1947 4920 cum

381 4951 466 5004 his
492 4965 629 5019 quas
665 4951 777 5004 dixi
807 4950 980 5020 c0piis
1014 4952 1068 5005 in
1095 4953 1356 5024 Bulgaros
1407 4956 1627 5010 irruens
1678 4957 1949 5026 subjicere

383 5042 484 5096 hos
509 5042 611 5097 sibi
647 5043 914 5106 tentabat,
937 5044 1030 5112 jus
1055 5047 1326 5113 quoddam
1361 5047 1425 5100 ad
1479 5048 1630 5118 regni
1672 5049 1787 5116 ejus
1819 5064 1948 5103 suc-

335 5139 351 5155 '
381 5133 682 5188 cessionem
708 5135 774 5188 ab
798 5137 1228 5201 uxoretrabens,
1269 5137 1658 5192 liabebatenim
1683 5140 1736 5193 in
1762 5141 1952 5194 matri-

381 5223 821 5280 monio'l‘crteris
851 5227 1234 5292 filiam.Quarc
1265 5238 1321 5282 ut
1343 5245 1462 5283 eam
1489 5247 1638 5297 spem
1657 5232 1828 5300 magis
1853 5233 1947 5286 fir—

380 5325 574 5377 maret,
612 5329 874 5386 tantoque
925 5320 989 5372 ad
1020 5336 1077 5373 se
1109 5321 1352 5375 alliceret
1413 5323 1689 5378 eﬂicacius
1733 5334 1945 5392 gentem

384 5405 746 5476 Bulgaricam,
773 5409 1316 5478 Ospltentistblabum
1345 5413 1447 5467 sibi
1470 5415 1740 5483 adjut‘ixit.
1760 5417 1948 5472 uxoris

381 5514 493 5552 sua:
548 5499 794 5563 fratrem,
834 5503 953 5568 ejus
984 5503 1126 5570 apud
1185 5505 1474 5572 populares
1514 5507 1583 5560 ob
1608 5509 1833 5576 stirpem
1863 5525 1950 5564 re-

383 5591 522 5659 giam
548 5592 684 5660 grati
707 5592 1014 5659 profecturo
1029 5595 1130 5648 sibi
1157 5596 1339 5650 favore
1363 5599 1641 5658 conlidens
1665 5611 1948 5653 assecutu-

385 5697 502 5735 rqu
535 5699 656 5737 esse
686 5695 743 5736 ut
789 5701 1013 5753 regnum
1058 5699 1252 5755 sponte
1307 5689 1452 5743 istud
1487 5692 1802 5745 universum
1838 5706 1949 5746 suae

381 5775 555 5836 ipsuts
579 5773 772 5830 ditioni
824 5777 1066 5833 cederet.
1124 5781 1251 5834 Erat
1299 5783 1384 5838 ltic
1429 5783 1946 5854 Ospbentisthlabus

381 5878 544 5933 egens
572 5864 790 5933 quidem
819 5883 915 5936 per
937 5885 1057 5926 sese
1082 5859 1341 5939 pecunia,
1371 5885 1623 5928 cmtcrum
1657 5873 1943 5928 abundan-

2055 4679 2202 4730 ilfum
2229 4681 2416 4748 gratia:
2442 4683 2620 4735 locum
2647 4685 2920 4740 obtinens.
2946 4684 3099 4742 Unde
3121 4689 3262 4743 intra
3286 4690 3626 4759 Ternobum,

2054 4773 2240 4824 urbem
2291 4775 2492 4842 regiam
2548 4775 2835 4845 Bnlgariae,
2891 4779 3039 4831 illutn
3088 4795 3334 4849 secutus,
3391 4794 3443 4838 et
3497 4788 3627 4854 ejus

2052 4863 2287 4930 regimen
2337 4865 2567 4931 primum
2609 4869 2768 4933 quasi
2807 4867 3000 4921 alienis
3039 4886 3298 4927 exercens
3335 4878 3622 4941 auspiciis,

2051 4959 2255 5007 sensim
2292 4957 2356 5008 ad
2400 4971 2458 5009 se
2489 4957 2598 5008 vim
2641 4958 2852 5026 imperii
2887 4962 3134 5025 attraxit,
3167 4963 3337 5018 donec
3383 4966 3626 5024 fat-tinue

2045 5045 2154 5114 jam
2202 5049 2336 5100 satis
2383 5047 2615 5110 iit-mata,
2652 5047 2882 5105 Tzacam
2917 5055 3257 5121 cognationis
3301 5057 3496 5111 fiducia
3531 5076 3624 5114 se-

2051 5153 2242 5190 curum
2284 5139 2576 5203 improviso
2622 5141 2848 5196 adortus
2894 5147 3327 5213 comprehendit,
3393 5159 3625 5221 tntaque

2052 5232 2227 5282 tenuit
2255 5230 2568 5296 aliquandiu
2611 5235 2880 5300 custodia,
2913 5237 3129 5290 tandem
3165 5237 3366 5296 Judzeis
3411 5244 3475 5296 ad
3511 5260 3622 5298 ca“:-

2051 5321 2171 5375 dem
2201 5321 2467 5374 ministris
2499 5336 2652 5384 usus,
2685 5325 2874 5379 clauso
2909 5327 2960 5379 in
2987 5342 3207 5384 carcere
3236 5330 3420 5386 fauces
3442 5334 3620 5399 elisit;

2049 5411 2386 5465 Joacliimum
2437 5427 2654 5480 quoque
2702 5415 2810 5469 illic
2861 5419 3250 5487 patriarcbam,
3298 5433 3619 5492 suspectum

2051 5504 2204 5571 quasi
2236 5504 2461 5570 prodere
2491 5501 2793 5572 Bulgariam
2827 5507 3092 5564 Tocharis
3119 5520 3377 5580 tentaret,
3413 5521 3617 5583 praeci-

2051 5594 2187 5661 pitio
2235 5593 2489 5658 necavit;
2545 5602 2707 5662 atque
2762 5597 2954 5652 borum
3009 5603 3276 5656 scelerum
3336 5616 3616 5663 tantorum

2051 5685 2331 5755 praemium
2382 5698 2604 5751 repente
2653 5689 2895 5755 Opimum
2941 5691 3205 5762 Bulgaria:
3238 5699 3402 5751 totius
3434 5702 3619 5754 domi-

2054 5790 2238 5830 natum
2292 5780 2436 5833 tulit.
2490 5781 2658 5848 Cujus
2703 5787 2963 5854 paulatim
3011 5805 3072 5845 se
3127 5795 3617 5851 c0rroborantihus

2053 5872 2433 5940 progressibus
2477 5875 2746 5931 obsistere
2771 5887 3002 5944 mature,
3048 5880 3100 5934 id
3128 5897 3156 5938 e
3205 5900 3260 5939 tc
3292 5901 3388 5940 stta
3438 5898 3620 5954 ratus,-
