3922 6554
239 421 333 483 993
1164 421 1260 481 DE
1303 421 1743 484 ANDRONICO
1784 422 2244 484 PALAEOLOGO
2284 425 2430 488 LIB.
2478 424 2593 485 III.

238 534 439 600 ὕστερον
472 527 742 591 Ἰουδαίοις
780 527 1082 599 ὑπηρέταις
1117 532 1212 585 καὶ
1235 526 1319 594 οἷς
1362 532 1442 596 είς
1472 531 1540 586 τὰ
1567 532 1788 587 τοιαῦτα
1818 553 1861 606 Α
1890 536 1954 604 τῇ
1984 533 2079 586 τοῦ
2106 534 2370 603 Σμίλτζου
2400 532 2618 605 συζύγῳ
2666 533 3019 605 προσϐάλλει.
3072 536 3340 606 Σμίλτζου
3376 541 3475 595 τοῦ

235 619 434 688 ἐθάρρει
482 618 858 687 χρησάμενος,
908 619 1200 688 ἀποπνίγει
1234 622 1645 692 κεκλεισμένον,
1686 624 1781 677 καὶ
1886 625 1992 695 πρὸ
2015 627 2199 693 ὀλίγου
2230 630 2321 679 καὶ
2365 625 2532 680 αὑτοῦ
2568 626 2900 696 Βουλγάρων
2930 628 3193 699 ἄρξαντος
3223 630 3476 702 βουλήσει

231 710 312 763 τὸν
342 709 461 779 τῇδε
488 708 927 778 πατριαρχοῦντα
952 710 1210 781 Ὶωακεὶμ
1241 714 1681 782 κατεκρήμνισεν
1702 710 1779 775 ὡς
1885 717 2042 786 Nova
2071 718 2407 785 ἀποδράντος
2435 717 2528 772 τοῦ
2581 720 2847 790 Τερτερῆ,
2875 723 2925 775 εί
2958 724 3051 776 καὶ
3088 724 3226 793 μετὰ
3277 727 3476 797 μικρὸν

232 800 356 868 σφᾶς
386 797 672 865 πωδθῦναι
709 796 975 870 Τὸχάροις
1033 800 1098 853 τδ
1143 801 1310 855 πάλαι
1341 799 1776 866 ὕποπτευθέντα.
1881 811 1972 864 διὰ
2017 810 2079 864 τὸ
2133 810 2296 880 κῆδος
2351 813 2446 864 καὶ
2493 810 2585 865 τὸν
2640 812 2861 877 Τζακᾶν
2916 816 3347 884 προτιμηθέντος
3378 796 3472 872 τοῦ

230 893 309 944 καὶ
331 890 575 979 οὔτωςΑέΕ
599 891 928 960 ἀλαστοριας
950 890 1117 962 τόσης
1135 891 1243 945 τῶν
1268 892 1408 946 ὅλων
1432 891 1623 962 κύριος
1640 892 1781 960 τίνι·
1900 900 2388 969 Ὀσφεντισθλὰϐου
2421 903 2560 972 μετὰ
2595 904 2684 956 τὸν
2730 905 2949 967 Τςακᾶν
2985 907 3215 977 φροῦδος
3246 912 3274 963 ὁ
3308 909 3473 979 Σμίλ-

229 1001 322 1036 ται.
355 982 455 1035 Καὶ
484 965 606 1036 κάτ’
635 981 816 1050 ὀλίγον
838 975 1154 1054 ’προϐαίνων
1184 980 1562 1052 κραταιοῶαι,
1598 985 1648 1037 εί
1674 983 1773 1037 καὶ
1886 965 2018 1055 τζος
2069 992 2299 1060 γίνεται.
2346 965 2480 1046 Τότε
2536 996 2717 1046 τοίνυν
2754 965 2820 1049 ἐκ
2869 965 3272 1070 Θεσσαλονίκτις
3319 965 3474 1073 παρὰ

229 1075 412 1142 φθᾶσας
439 1073 467 1125 ὁ
490 1071 743 1141 βασιλεὺς
770 1074 877 1144 πρδ
900 1071 996 1127 τοῦ
1020 1074 1228 1127 ἐκεῖνον
1260 1072 1397 1137 ὅλως
1432 1073 1780 1145 κραταιωθῆ-

226 1182 318 1228 ναι,
348 1162 449 1216 τῶν
476 1163 803 1232 Βουλγάρων
832 1162 1161 1233 πεμψάντων
1188 1164 1281 1216 καὶ
1307 1164 1400 1217 τὸν
1419 1165 1484 1217 ὲκ
1500 1162 1595 1216 τοῦ
1624 1164 1781 1218 Κων-

229 1254 477 1309 σταντίνου
513 1253 631 1307 υίδν
660 1254 760 1323 τῆς
802 1254 1025 1325 Μαρίας
1074 1253 1385 1323 ζητούντων
1419 1256 1501 1318 είς
1552 1254 1778 1325 βασιλέα

226 1346 299 1399 διὰ
327 1345 382 1398 τὸ
416 1345 658 1410 tamen;
697 1344 798 1415 ἤδη
855 1344 1117 1415 φανείσης
1168 1345 1479 1416 Τοχαρικῆς
1528 1344 1775 1412 ἔξουσίας

226 1437 439 1505 γίνεσθαι
471 1434 780 1506 βούλεσθαι,
824 1435 1144 1490 ἀποστέλλει
1172 1436 1263 1490 τὸν
1301 1436 1541 1507 Μιχαὴλ,
1588 1435 1647 1500 ὃς
1681 1436 1777 1490 καὶ

226 1528 352 1582 οὐδὲν
372 1528 527 1581 πλέον
549 1526 678 1598 ἔσχε
699 1526 1029 1599 Βουλγάροις
1078 1527 1306 1589 intota:
1336 1529 1368 1599 ἢ
1408 1529 1469 1582 τὸ
1501 1528 1606 1595 ἔξω
1631 1529 1773 1595 Τερ-

226 1619 357 1673 νόϐου
377 1617 809 1688 περιπὴνᾶσθαι
839 1619 932 1671 καὶ
985 1617 1099 1688 βίον
1127 1617 1334 1690 τρίϐειν
1369 1619 1640 1673 ίδιωτικοῦ
1675 1618 1774 1689 μὲν

225 1711 277 1765 οὗ
301 1710 492 1783 πόρρω,
521 1708 663 1771 τέως
691 1709 749 1761 δὲ
781 1708 1030 1782 βασιλείᾳ
1054 1710 1262 1780 ἥκιστα
1291 1710 1596 1779 πρέποντα.
1627 1710 1772 1764 Ἀλλ’

226 1803 343 1857 οὕτω
373 1800 468 1871 μὲν
490 1799 1007 1868 Ὀσφεντίσθλαϐος,
1035 1801 1094 1865 ὃς
1124 1802 1221 1854 καὶ
1250 1802 1390 1873 μετὰ
1417 1802 1647 1872 χρόνους
1675 1800 1770 1855 τοῦ

1883 1080 2147 1151 βασιλέως
2200 1084 2600 1148 ἀποσταλέντες
2650 1087 2698 1139 οί
2734 1088 2864 1158 περὶ
2919 1089 3012 1143 τὸν
3054 1091 3450 1146 Ῥαδοσθλάϐον

1884 1177 1984 1230 σὺν
2010 1179 2125 1240 τοῖς
2173 1181 2469 1247 μεγιστᾶσι
2513 1179 2605 1233 τοῦ
2652 1180 2944 1250 βασιλέως,
2991 1184 3322 1257 Βουλγάροις
3357 1190 3472 1252 τοῖς

1880 1270 2010 1338 περὶ
2033 1270 2125 1322 τὸν
2158 1269 2463 1341 Ἐλτιμηρῆ
2494 1272 2897 1341 προσϐάλλουσι
2926 1276 3069 1329 κατὰ
3095 1277 3186 1329 τὸν
3224 1278 3469 1347 Κρουνὸν

1883 1358 2026 1422 ἰδίως
2058 1359 2331 1430 ἄρχοντα·
2369 1360 2490 1413 καθ’
2535 1356 2611 1414 ὧν
2641 1362 2803 1426 αὐτὸς
2847 1364 3200 1434 ἀριστεύσας,
3240 1369 3333 1422 τὸν
3368 1369 3469 1437 μὲν

1880 1449 2362 1523 σεϐαστοκράτορα
2413 1450 2773 1521 ἑκτυφλώσας
2806 1454 3018 1508 στέλλει
3052 1461 3203 1525 παρὰ
3236 1458 3466 1528 βασιλέα

1881 1540 2016 1610 πρὸς
2043 1540 2142 1609 τὴν
2162 1542 2370 1595 οίκείαν
2397 1542 2561 1597 αὑτοῦ
2596 1544 2849 1614 σύζυγον,
2874 1548 3001 1611 τοὺς
3026 1549 3082 1602 δέ
3112 1565 3173 1617 γε
3211 1552 3475 1618 μεγιστᾶ-

1879 1645 1979 1692 νας
2017 1630 2306 1701 Ῥωμαίων
2329 1633 2809 1706 Ὀσφεντισθλὰϐῳ
2846 1639 3081 1707 πέμπει,
3141 1638 3234 1704 οὓς
3264 1640 3329 1710 δὴ
3371 1641 3469 1694 καὶ

1879 1722 2126 1791 κατέχων
2171 1722 2377 1787 ἐκεῖνος
2429 1726 2491 1779 οὗ
2538 1728 2803 1797 πρότερον
2831 1731 3066 1800 διαφῆκε
3097 1733 3227 1801 πρὶν
3277 1731 3344 1786 ἂν
3372 1735 3464 1786 τοῦ
3516 1756 3523 1764 ·

1875 1811 2081 1881 πατρὸς
2096 1812 2339 1883 Τερτερῆ
2369 1815 2522 1886 παρὰ
2544 1816 2808 1885 βασιλέως
2833 1820 3127 1891 ἠμείψατο.
3155 1822 3265 1875 Καὶ
3288 1822 3465 1888 οὕτως

229 1893 337 1947 ίδίου
360 1890 557 1962 πατρὸς
582 1887 831 1962 Τερτερῆ
862 1890 1088 1954 πολλοὺς
1112 1892 1222 1945 τῶν
1240 1891 1334 1946 τοῦ
1352 1892 1615 1985 παλατίοιξ
1645 1893 1773 1947 ἀντ·
1803 1904 1846 1955 Β
1876 1902 1995 1973 ἅμα
2029 1905 2127 1974 μὲν
2151 1904 2401 1960 ἐντεῦθεν
2422 1908 2451 1960 ὁ
2485 1908 2782 1979 Τερτερῆς.
2807 1887 2925 1980 ἅμα
2962 1887 3006 1965 δ’
3041 1915 3250 1967 ἐκεῖθεν
3274 1917 3331 1981 oi
3362 1933 3460 1985 με-

226 1980 441 2053 ήλλαξεν.
490 1979 580 2053 [Ρ.
615 1978 747 2053 180]
789 1978 849 2035 '0
877 1980 989 2051 γὰρ
1016 1982 1126 2034 τῶν
1154 1981 1484 2051 Βουλγάρων
1512 1980 1771 2036 σεϐαστο-

226 2074 416 2145 κράτωρ
478 2071 870 2137 Ῥαδοσθλάϐος
919 2072 1131 2144 βασιλεῖ
1187 2074 1621 2146 προσχωρήσας,
1678 2073 1773 2127 καὶ

226 2168 332 2236 παρ’
352 2164 510 2219 αὐτοῦ
532 2165 599 2237 δὴ
627 2164 708 2229 είς
726 2164 789 2218 τὸ
815 2165 914 2236 τῆς
943 2165 1508 2238 σεϐαστοκρατορείας
1531 2165 1769 2237 βεϐαιω-

227 2258 318 2320 Osi;
340 2257 573 2327 ἀξίωμα,
601 2258 796 2326 γένους
835 2256 913 2309 ὢν
943 2256 1038 2310 τοῦ
1075 2259 1384 2328 πρωτίστου
1417 2258 1573 2331 παρὰ
1601 2258 1771 2311 Βουλ-

225 2349 383 2418 γάροις
422 2349 519 2418 (τῷ
563 2349 678 2418 γὰρ
724 2347 973 2419 Σμίλτζῳ
1019 2348 1115 2402 καὶ
1150 2347 1504 2419 ὡμαιμόνει),
1552 2346 1772 2416 σύναμα

226 2440 460 2502 πλείστοις
484 2438 785 2510 Ἐλτιμηρῇ
814 2438 957 2492 κατὰ
984 2439 1075 2491 τὸν
1098 2439 1338 2508 Κρουνὸν
1364 2439 1654 2509 δεσποτεία
1674 2455 1767 2491 τε·

224 2532 493 2604 τιμημένῳ,
527 2530 748 2602 ἀδελφῷ
776 2547 838 2599 γε
860 2528 974 2584 ὄντι
1001 2530 1096 2585 τοῦ
1124 2531 1394 2604 Τερτερῆ,
1420 2532 1515 2586 καὶ
1541 2530 1679 2602 αὐτῇ
1703 2527 1770 2600 δὴ

225 2710 485 2781 imperator
504 2708 764 2773 studens,
789 2717 1011 2779 arrepta
1038 2711 1269 2767 libenter
1293 2711 1587 2767 occasione
1619 2711 1768 2781 lega—

224 2801 364 2857 tionis
397 2801 461 2856 ad
486 2816 547 2857 se
584 2800 772 2856 missa:
799 2801 1164 2877 quorumdam
1203 2803 1582 2875 Bulgarorum,
1617 2803 1767 2859 Con-

223 2893 417 2950 stantini
462 2893 748 2964 quondam
803 2892 1049 2962 ipsorum
1102 2896 1248 2966 regis
1266 2911 1333 2951 ex
1382 2895 1549 2951 Maria
1598 2895 1764 2950 filium

222 2983 266 3036 in
284 2997 444 3052 regem
467 2983 843 3053 poscentium,
865 2992 921 3037 et
936 2983 1102 3055 266
1122 2993 1337 3056 tempus
1356 2997 1543 3057 aptum
1578 2986 1769 3042 existi-

223 3074 455 3153 mantium
492 3073 840 3132 restituendo
889 3073 1018 3130 huic
1071 3077 1128 3131 in
1173 3085 1463 3147 paternum
1510 3091 1762 3147 regnum,

223 3168 412 3234 quando
431 3183 519 3226 res
542 3167 928 3226 Tocharorum
956 3168 1299 3225 infensorum
1333 3169 1439 3240 ipsi
1469 3169 1766 3225 confirma-

224 3229 278 3310 ta
294 3257 513 3314 nondum
535 3269 701 3316 erant
722 3261 778 3316 in
804 3261 1022 3331 plenum
1043 3260 1215 3317 robur
1239 3277 1303 3318 ex
1341 3229 1614 3317 concussu
1634 3260 1763 3317 belli
1790 3229 1833 3287 ο

223 3350 515 3407 atrocissimi
556 3351 761 3417 civilis,
812 3353 973 3422 cujus
1017 3360 1296 3422 utcunque
1321 3352 1500 3408 victor
1538 3349 1765 3408 Tuctais

223 3447 268 3494 et
284 3441 466 3498 multos
496 3444 761 3499 amiserat
782 3458 1032 3509 suorum,
1059 3449 1115 3498 et
1133 3444 1284 3514 regio
1302 3458 1467 3513 quam
1491 3442 1765 3500 vincendo

224 3531 521 3602 acquisierat
574 3542 791 3589 vastata
840 3533 1195 3603 desolataque
1221 3534 1278 3588 in
1324 3534 1548 3604 longum
1586 3533 1765 3589 adhuc

224 3630 406 3694 tentpus
442 3624 891 3694 erat,—hujus,
946 3625 1196 3695 inquam,
1245 3625 1572 3682 invitatione
1617 3625 1764 3696 lcga-

227 3716 362 3771 tionis
408 3716 728 3774 Micbaelem
781 3715 851 3773 ad
894 3715 1195 3790 Bulgaros,
1231 3726 1395 3786 prout
1438 3717 1760 3787 poscebant,

225 3805 366 3863 misit.
397 3807 459 3862 Et
501 3808 755 3880 pervenit
779 3809 873 3864 ille
920 3809 1143 3879 quidem
1193 3808 1247 3862 in
1282 3806 1631 3879 Bulgariam:
1662 3823 1766 3864 ca:-

225 3905 372 3954 terum
409 3901 552 3957 haud
594 3912 817 3971 paratas
850 3900 963 3956 illic
997 3916 1097 3972 pro
1128 3910 1256 3956 voto
1280 3899 1368 3956 res
1414 3902 1637 3972 reperit,
1676 3903 1762 3957 fa-

225 3990 375 4046 ctione
395 4008 513 4062 quat
539 3992 696 4047 illum
734 3994 1068 4049 accersierat
1101 4008 1212 4048 non
1238 3992 1454 4049 valente
1484 3996 1538 4048 iu
1571 3995 1759 4049 urbem

226 4084 396 4150 regiam
424 4099 549 4140 eum
598 4083 979 4140 introducere.
1032 4084 1213 4151 Quare
1251 4083 1477 4140 Michael
1520 4095 1762 4140 tantum-

226 4178 360 4231 Inodo
407 4193 610 4247 vagans
654 4188 810 4233 extra
843 4177 1152 4236 Teruobum
1196 4179 1362 4235 vitam
1411 4179 1602 4250 agebat
1648 4195 1760 4236 non

226 4267 423 4322 multum
448 4272 659 4340 privata
689 4270 1002 4335 clariorem,
1034 4280 1183 4327 certe
1211 4286 1241 4325 a
1266 4269 1582 4342 principalis
1613 4268 1761 4323 fasti-

226 4357 285 4426 gii
322 4360 602 4429 splendore
648 4362 946 4429 plurimum
997 4362 1340 4420 deficientem
1389 4378 1454 4419 ac
1485 4363 1758 4433 maiestati

225 4450 358 4517 regis
390 4454 609 4509 minime
656 4452 939 4518 decoram,
986 4468 1172 4509 rerum
1225 4456 1333 4512 illic
1369 4455 1540 4511 nihilo
1578 4457 1759 4512 secius

1873 1995 2129 2062 γιστᾶνες
2171 1995 2462 2066 Ῥωμαίων
2495 1999 2576 2062 είς
2619 1998 2750 2053 δέκα
2785 2002 2880 2056 καὶ
2923 2005 3074 2072 τρεῖς
3129 2005 3459 2075 ποσούμενοι

1871 2083 2191 2140 ἀπελύοντο.
2217 2087 2294 2141 Οὐ
2339 2089 2445 2158 μὴν
2462 2088 2520 2141 δὲ
2544 2091 2639 2143 καὶ
2672 2090 2962 2146 ἀπολαϐὼν
2991 2095 3084 2147 τὸν
3108 2099 3323 2166 πατέρα
3346 2099 3373 2149 ὁ
3398 2098 3459 2165 ἐξ

1871 2175 2039 2229 αὐτοῦ
2066 2175 2346 2250 βασιλικῆς
2376 2179 2538 2245 ἀξίας
2569 2181 2860 2252 ίπέϐησεν,
2891 2184 3027 2239 ἀλλὰ
3063 2189 3164 2258 μιᾷ
3194 2187 3301 2240 τῶν
3331 2188 3456 2242 καθ’

1869 2268 2032 2322 αὐτὸν
2056 2269 2266 2323 πόλεων
2292 2271 2673 2341 περικλείσας,
2707 2272 2783 2336 ὠς
2827 2271 2962 2347 ἧκεν
3012 2279 3145 2348 ἡμῖν
3183 2279 3214 2348 ἡ
3249 2281 3456 2346 πίστις,

1870 2359 2240 2429 ἀπραγμόνως
2290 2360 2392 2432 ζῇν
2435 2363 2496 2415 δν
2544 2366 2777 2433 τρυφαῖς
2813 2365 2876 2435 δὴ
2912 2368 3008 2419 καὶ
3041 2368 3231 2436 μόναις
3275 2386 3452 2439 παρε-

1871 2455 2159 2506 σκευάκει.
2210 2453 2321 2507 Καὶ
2365 2454 2396 2507 δ
2442 2454 2545 2523 μὲν
2586 2454 3073 2524 Ὀσφεντίσθλαϐος
3105 2461 3300 2524 ταῦτα,
3355 2465 3454 2519 ἐπὶ

1869 2541 2042 2613 νηπία
2069 2544 2136 2613 τῇ
2167 2540 2355 2613 ἡλικίᾳ
2386 2544 2483 2597 καὶ
2515 2545 2851 2616 συνειρχθεὶς
2881 2550 2946 2619 τῇ
2980 2552 3154 2621 μητρὶ
3185 2551 3332 2606 κατὰ
3355 2550 3457 2605 Νί-

1868 2720 2200 2776 snbstitutus
2256 2735 2286 2776 a
2337 2721 2487 2794 Noga
2557 2725 2861 2796 transfugae
2918 2729 2985 2783 ad
3059 2730 3452 2799 imperatorem

1867 2808 2112 2865 Terteri:
2153 2810 2251 2867 sed
2280 2813 2421 2867 solio
2471 2826 2718 2891 cesserat
2745 2816 2919 2871 Tzaca
2957 2820 3194 2887 primum
3243 2838 3451 2891 praeva-

1868 2902 2054 2968 lente;
2090 2919 2215 2958 mox
2259 2919 2289 2957 a
2323 2904 2747 2962 subinsinuante
2791 2923 2913 2964 sese
2960 2912 3455 2981 Ospbentistlilabo

1867 2992 2036 3054 initio
2063 2993 2283 3061 quidem
2335 2992 2547 3061 Tzacz,
2593 2998 2681 3051 cui
2715 2999 2965 3066 parebat,
3011 3003 3211 3071 gratia,
3256 3004 3457 3061 deinde

1865 3081 2071 3151 opibus
2102 3082 2379 3139 dotalibus
2406 3085 2642 3140 conflata
2682 3088 2924 3144 factione
2959 3088 3190 3147 Tzacam
3230 3110 3457 3167 quoque

1869 3171 2047 3242 ipsum
2103 3174 2422 3244 dejiciente,
2473 3176 2721 3234 funditus
2769 3195 2999 3237 eversus
3043 3195 3368 3258 amotusque
3415 3204 3449 3243 e

1868 3263 2048 3319 medio
2088 3265 2292 3321 fuerat.
2326 3266 2483 3323 Iquc
2507 3284 2637 3338 ergo
2668 3268 3107 3329 Radostblabum
3150 3278 3453 3346 imperator

1866 3366 2156 3428 postquam
2182 3359 2250 3413 ad
2281 3375 2403 3415 sese
2436 3363 2844 3430 confugientem
2877 3368 3185 3437 excepisset
3226 3373 3455 3428 honori-

1866 3449 1988 3513 fice,
2036 3466 2103 3507 ac
2150 3452 2200 3508 ei
2248 3453 2802 3511 sebastocratoricam
2859 3460 3240 3519 confirmasset
3297 3474 3451 3534 pote-

1867 3549 2089 3607 statem,
2123 3543 2381 3599 idoneum
2414 3552 2565 3600 ratus
2599 3547 2986 3616 promovendis
3018 3550 3297 3608 Michaelis
3319 3571 3446 3624 spe-

1864 3632 1990 3699 bus,
2018 3635 2230 3691 remisit
2259 3635 2669 3704 Thessalonica,
2690 3640 2782 3694 ubi
2806 3650 2938 3697 tunc
2962 3652 3101 3708 erat,
3126 3645 3180 3700 in
3210 3650 3441 3717 patriam

1863 3724 2024 3796 267
2069 3742 2196 3782 cum
2234 3731 2506 3794 exercitu,
2549 3731 2637 3785 cui
2673 3731 2843 3788 duces
2879 3735 3199 3803 praefecerat
3233 3738 3448 3810 aliquot

1864 3831 1896 3871 e
1926 3832 2028 3873 suo
2075 3818 2340 3874 comitatu
2380 3819 2719 3879 clarissimos
2764 3827 2938 3882 viros.
2999 3826 3098 3885 His
3129 3829 3443 3899 Bulgariam

1864 3908 2178 3974 petentibus
2209 3909 2423 3979 primus
2469 3912 2523 3965 in
2557 3902 2729 3971 armis
2777 3919 3029 3974 occurrit
3061 3921 3351 3979 Eltimeres
3374 3925 3443 3981 ad

1864 3997 2132 4064 Crununi,
2164 4001 2428 4069 peculiari
2454 4003 2576 4073 ejus
2612 4005 2810 4063 ditioni
2843 4010 3170 4080 subjectum,
3206 4025 3268 4071 ut
3299 4018 3443 4084 dixi,

1862 4087 2077 4157 locum;
2110 4092 2202 4147 ubi
2236 4092 2421 4162 praello
2449 4098 2750 4155 commisso
2792 4099 2928 4158 fusae
2979 4102 3243 4163 Romae
3270 4111 3444 4179 copiae

1864 4189 1918 4234 et
1939 4184 2078 4251 capti
2102 4182 2274 4239 duces
2297 4193 2448 4242 sunt.
2465 4186 2986 4249 Atﬂadosthlabum
3013 4196 3238 4265 quidem
3264 4202 3441 4257 victor

1863 4269 2152 4329 Eltimeres
2179 4285 2509 4332 excaecatum
2543 4279 2612 4334 ad
2653 4280 2830 4350 ipsius
2873 4299 3102 4341 uxorem
3147 4287 3445 4347 Thessalo-

1865 4363 2002 4418 uicae
2032 4365 2085 4418 iu
2133 4364 2383 4436 digressu
2430 4369 2502 4424 ab
2534 4371 2864 4441 imperatore
2905 4377 3151 4434 relictam
3187 4383 3441 4441 remisit:

1865 4470 2119 4524 proceres
2154 4472 2284 4513 vero
2333 4457 2614 4518 Romanos
2642 4474 2759 4519 tuto
2798 4468 3020 4522 curavit
3057 4471 3449 4539 perducendos

224 4541 433 4606 potiente
458 4540 985 4614 Ospheutisthlabo;
1031 4544 1119 4599 cui
1158 4555 1213 4599 et
1242 4554 1369 4615 post
1393 4558 1608 4615 tempus
1634 4544 1758 4599 inde
1786 4547 1928 4624 Dad
1966 4542 2528 4615 Osphentisthlabum,
2576 4554 2669 4621 qui
2722 4554 2825 4611 hos
2864 4572 2972 4612 nou
3025 4558 3180 4628 prius
3234 4562 3442 4620 dimisit

226 4630 413 4700 aliquod
445 4634 675 4705 contigit
720 4633 991 4689 redimere
1024 4632 1307 4691 Terterem
1342 4643 1551 4706 patrem
1584 4636 1759 4705 capti-

225 4733 332 4775 vum
370 4724 433 4778 ab
466 4725 799 4796 imperatore
833 4725 1138 4789 detentum,
1192 4727 1592 4798 permutatione
1622 4726 1763 4781 mul-

227 4819 380 4871 torum
424 4832 454 4873 e
501 4818 763 4890 palatinis
808 4816 1062 4888 Augusti,
1112 4818 1206 4886 qui
1257 4823 1311 4873 ln
1359 4818 1480 4888 ejus
1525 4826 1763 4888 potesta-

227 4910 316 4959 tem
341 4922 595 4964 venerant
621 4923 752 4964 casu
784 4910 1020 4979 quodam
1049 4908 1140 4963 hic
1174 4909 1417 4965 breviter
1450 4907 1758 4964 referendo.

225 4992 595 5056 Radosthlabus
626 5009 747 5056 erat
772 5000 997 5072 quidam
1032 5001 1366 5071 perillustris
1399 5001 1543 5055 inter
1565 5000 1762 5072 Bulga-

226 5101 303 5143 ros
337 5098 440 5145 tum
473 5092 739 5163 dignitate
782 5092 1247 5149 sebastoeratoris
1278 5109 1384 5163 qua
1418 5094 1472 5147 in
1502 5091 1760 5164 Bulgaria

227 5177 588 5244 honorabatur.
641 5192 759 5238 tum
808 5183 1095 5239 nobilitate
1148 5183 1370 5239 familiae
1434 5183 1595 5238 facile
1648 5182 1761 5238 illic

226 5272 386 5337 prima:
415 5277 675 5331 omnium.
704 5273 841 5345 Nam
900 5275 1153 5343 Smiltzo,
1194 5276 1651 5331 numerosissima
1702 5276 1758 5329 in

227 5360 305 5416 illo
327 5379 478 5435 regno
514 5368 839 5438 cognatione
863 5367 1092 5438 inclyte,
1116 5367 1308 5422 intima
1336 5383 1458 5421 cum
1485 5368 1761 5438 plerisque

226 5464 474 5519 procerum
513 5458 693 5528 gentis
738 5459 1067 5528 cognatione
1101 5458 1602 5525 admOVebatur;et
1629 5456 1763 5512 Elli-

227 5549 367 5599 tnem
392 5544 553 5604 Cruni
581 5549 827 5618 despota:
852 5564 1097 5605 sororem
1128 5549 1183 5603 in
1220 5550 1568 5605 matrimonio
1596 5549 1756 5605 habe-

228 5631 321 5701 bat,
342 5639 487 5709 cujus
506 5638 778 5696 Eltimcrae
809 5655 1119 5712 germanam
1143 5642 1367 5696 alteram
1382 5643 1498 5712 ipse
1515 5657 1607 5696 rex
1631 5639 1764 5696 Ter-

229 5733 348 5783 teres
369 5745 581 5787 uxorem
626 5732 874 5788 duxerat.
909 5731 1080 5788 Porro
1105 5731 1366 5789 Smiltzns
1406 5733 1511 5789 iste
1535 5750 1759 5804 regnum

229 5816 545 5882 R"lxarerum
584 5827 746 5896 paulo
778 5835 900 5881 ante
925 5828 1259 5893 obtinuerat,
1293 5828 1344 5880 iu
1370 5841 1433 5881 eo
1452 5826 1761 5897 principatu

1862 4652 2022 4707 quam
2046 4652 2145 4707 pro
2167 4639 2235 4693 iis
2259 4640 2553 4697 liberatum
2578 4645 2646 4700 ab
2677 4646 3007 4717 imperatore
3036 4661 3245 4721 patrem
3273 4671 3438 4715 suum

1864 4729 2160 4797 recepisset
2176 4729 2487 4788 Terterem.
2510 4734 2569 4789 lu
2595 4736 2741 4791 hunc
2764 4741 2985 4797 modum
3009 4743 3139 4798 hinc
3160 4745 3444 4815 Terteres,

1862 4817 1989 4873 inde
2029 4817 2260 4875 Romani
2307 4823 2585 4894 principes
2635 4843 2867 4884 numero
2913 4831 3198 4899 tredecim,
3247 4849 3440 4894 mutua

1862 4911 2292 4966 commutatione
2317 4913 2529 4968 liberati
2553 4917 2741 4985 patria:
2759 4918 2993 4977 invicem
3027 4927 3265 4980 restituti
3284 4938 3439 4984 sunt.

1861 4999 1931 5053 At
1976 5017 2082 5055 non
2121 5000 2378 5060 Terteres
2424 5008 2645 5077 quidem
2706 5026 2909 5082 regno,
2955 5031 3078 5071 nam
3114 5017 3441 5088 Οερίιεηιίεε

1864 5091 2106 5157 thlabus,
2132 5096 2287 5165 quasi
2333 5097 2495 5167 plene
2529 5098 2825 5159 defunctus
2870 5108 3019 5161 onmi
3046 5123 3175 5180 erga
3219 5120 3439 5180 patrem

1863 5186 2080 5255 pietatis
2128 5186 2307 5243 oﬂiclo
2342 5189 2520 5258 ipsius
2550 5193 2790 5251 vinculis
2833 5201 3176 5269 rumpendis,
3208 5218 3440 5261 necesse

1864 5275 2000 5329 nihil
2047 5279 2258 5345 putavit
2319 5293 2516 5335 rursus
2561 5298 2685 5338 eum
2733 5286 2837 5342 sibi
2901 5289 3123 5359 dempto
3179 5292 3441 5349 redimire

1861 5366 2187 5432 diademate,
2224 5370 2344 5433 sed,
2381 5386 2646 5443 quantum
2690 5378 2759 5433 ad
2795 5395 2899 5437 nos
2925 5393 3073 5438 certa
3103 5384 3255 5443 illinc
3284 5386 3436 5442 fama

1861 5460 2135 5528 perlatum
2175 5471 2280 5528 est,
2333 5480 2501 5520 unam
2541 5467 2590 5522 ei
2635 5470 2914 5527 civitatem
2960 5477 3283 5545 assignavit,
3338 5480 3431 5534 ubi

1862 5552 2085 5621 quantis
2107 5553 2266 5610 vellet
2291 5557 2665 5615 circumﬂuam
2690 5563 2923 5630 deliciis,
2962 5566 3126 5622 modo
3162 5568 3432 5638 privatam

1862 5652 1917 5700 et
1953 5644 2020 5700 ab
2049 5646 2197 5700 omni
2229 5663 2412 5705 rerum
2443 5652 2921 5711 administratione
2954 5657 3226 5724 feriatam,
3263 5663 3434 5719 vitam

1862 5736 2106 5793 duceret.
2166 5739 2258 5796 Sic
2313 5760 2541 5816 regnare
2596 5749 2838 5816 perrexit
2882 5749 3435 5824 Ospbeutistlilabus,

1865 5831 2021 5902 cujus
2062 5839 2556 5912 quomodocunquc
2585 5841 2747 5897 illata
2778 5843 3040 5902 melitioni
3085 5861 3193 5902 non
3222 5847 3436 5905 lucem-
