3862 6552
381 424 491 491 295

1574 404 1903 469 GEORGII
1942 402 2430 468 PACHYMER/E

3533 391 3638 457 296

381 555 570 606 καιαν,
596 538 692 593 καὶ
716 530 871 599 αὖθις
899 528 1266 597 animum;
1304 525 1525 596 ἐκείνης
1556 525 1698 578 κατὰ
1725 522 1955 585 σπονδὰς
1988 532 2033 588 Α
2060 525 2282 579 θέντων.
2321 523 2431 577 Καὶ
2468 520 2591 576 τότε
2626 515 2852 588 πέμψας
2894 515 3027 585 πρὸς
3060 512 3280 584 βασιλέα
3305 512 3505 582 ἀπῄτει
3540 514 3642 585 τὴν

383 633 548 698 αὐτὸς
571 628 886 703 ὁμηρεύσας
932 623 1086 694 παρὰ
1144 618 1457 690 Ῥωμαίοις,
1492 615 1720 684 ὕστερον
1772 615 1829 667 δὲ
1860 613 1955 666 τοῦ

383 701 729 794 πατριάρχου
795 713 1140 784 Βουλγαρίας
1196 708 1454 776 Ὶωακεὶμ
1521 704 1656 777 πρὸς
1731 701 1958 773 βασιλέα

2068 616 2319 685 σύζυγον,
2344 616 2412 687 ἢν
2427 616 2492 685 δὴ
2524 614 2619 668 καὶ
2644 609 2866 673 ὲσαῦϐις
2883 608 2912 661 ὁ
2937 606 3187 678 βασιλεὺς
3212 606 3316 659 ὑπὸ
3333 602 3644 674 προσηκοό-

2068 723 2137 779 σῃ
2163 710 2230 778 τῇ
2264 708 2396 777 τιμῇ
2425 706 2522 760 καὶ
2552 701 2901 775 δορυφορίαις
2930 699 3169 759 ἁπάσαις
3198 697 3501 764 ἐκπέμπει.
3532 696 3645 748 Καὶ

385 788 826 890 πρεσϐεὖξαντος
873 808 1015 864 κατά
1064 823 1118 860 τι
1177 800 1628 875 προσδοκώμενον
1680 797 1860 867 κῆδος.
1896 793 1979 847 τὸν
2065 803 2095 854 ὁ
2126 802 2223 870 μὲν
2245 800 2428 868 Nord;
2457 798 2743 868 ἠφάνιστο,
2764 796 2794 847 ὁ
2821 794 2877 845 δὲ
2909 790 3173 852 Τουκτάῖς
3199 789 3267 840 τὰ
3292 788 3392 856 τῆς
3416 790 3649 856 ἐπικρα-

385 888 481 965 tati.
507 911 575 980 τῇ
604 906 833 975 θυγατρὶ
859 900 951 957 τοῦ
988 897 1225 971 μεγάλου
1274 891 1745 968 στρατοπεδάρχου
1788 888 1960 940 Euva-

383 978 571 1072 Gnvoﬁ,
601 1000 735 1071 πρὸς
760 998 852 1053 τὸν
879 995 1091 1065 πατέρα
1112 988 1424 1052 ἀπολυθείς.
1468 985 1626 1038 Ἀλλὰ
1654 983 1825 1036 ταῦτα
1861 978 1960 1050 μὲν

384 1094 675 1164 πρότερον.

386 1208 491 1277 κζ’.
533 1205 674 1276 Περὶ
698 1203 806 1259 τοῦ
837 1195 1190 1321 κήδουςστὲιὲ
1216 1193 1366 1260 πρὸς
1391 1188 1677 1245 Τουκτάτν
1713 1182 1818 1241 τοῦ
1847 1183 1961 1248 βαι-

1099 1285 1114 1319 ι
1192 1283 1290 1321 ως.

1052 1280 1290 1331 σιλεως.

458 1369 546 1443 [Ρ.
576 1363 704 1436 181]
743 1362 802 1417 ’0
829 1360 1010 1431 μέντοι
1055 1373 1120 1425 γε
1159 1353 1417 1424 βασιλεὺς
1442 1350 1533 1403 τὸν
1574 1345 1840 1443 Tang-reita
1869 1344 1963 1395 ἐπὶ

386 1428 529 1530 νόδῳ
557 1428 788 1524 θυγατρὶ
824 1428 889 1519 τῇ
930 1446 1123 1517 Μαρίᾳ
1155 1439 1651 1512 ἐπιγαμϐρεύεται.
1683 1428 1761 1506 ᾝ
1783 1434 1846 1504 δὴ
1871 1432 1962 1485 καὶ

389 1527 772 1626 ἁρμοσάμενος
797 1545 826 1597 ὀ
867 1539 1156 1601 Τουκτάῖς,
1188 1534 1308 1590 ἐπεὶ
1350 1530 1442 1585 καὶ
1467 1530 1546 1583 ἔτι
1576 1530 1645 1583 τὰ
1671 1528 1764 1580 τοῦ
1791 1527 1965 1594 Τοχα·

392 1616 550 1718 ρικοῦ
589 1616 829 1710 ’πτολέμου
880 1636 1307 1702 συνεκεκρότητο
1356 1626 1454 1679 καῖ
1479 1622 1549 1676 τὰ
1579 1621 1721 1674 κατὰ
1744 1619 1834 1671 τὸν
1859 1616 1965 1669 Νο-

391 1711 498 1806 ζιίᾶν
535 1733 609 1797 ὡς
637 1732 856 1802 οὐραῖον
890 1724 1269 1795 παρέσπαιρεν
1299 1718 1498 1786 ὄφεως,
1554 1711 1832 1783 ἀσχολίαις
1864 1724 1965 1760 πο-

391 1800 646 1901 λεμικαῖς
686 1800 894 1884 ἐκεῖνος
953 1817 1121 1869 θέλων
1177 1811 1368 1865 ἑαυτὸν
1406 1809 1606 1901 διδόναι
1636 1806 1731 1857 καὶ
1760 1802 1836 1872 μὴ
1865 1800 1965 1868 γά-

626 1880 782 1986 σῶμα
808 1880 1215 1981 ἐκθηλύνουσιν,
1242 1887 1667 1957 ἁνταπὸστέλλει
1690 1898 1783 1948 καὶ
1807 1894 1969 1947 πάλιν
2003 1880 2046 1937 Β

391 1980 732 2084 τὴννΜαρίαν
758 2007 895 2075 πρὸς
924 1980 1170 2072 βασιλέα.
1205 1992 1496 2050 Κάνταῦθα
1528 1988 1852 2074 ἐπίχρόνοις
1877 1980 1967 2055 ἦν,

390 2104 498 2166 ἕως
540 2095 601 2154 οὗ
628 2097 770 2152 κατὰ
809 2094 1013 2164 κράτος
1042 2091 1245 2150 ἐκεῖνος
1286 2084 1349 2137 τὸ
1403 2080 1707 2150 Τοχαρικῖν
1744 2075 1970 2145 ext-api)-

392 2212 548 2257 σατο,
570 2195 645 2255 ὡς
685 2188 852 2260 μηδὲν
881 2186 939 2239 τὸ
968 2179 1247 2248 ἀντιξοοῦν
1275 2173 1415 2230 εἶναι
1452 2172 1710 2228 ἁπάντων
1745 2167 1972 2222 ὑποκλι·

392 2375 575 2439 mode,
612 2377 879 2442 quantum
926 2363 1192 2424 arbitror,
1237 2354 1532 2425 adiungam
1602 2346 1806 2419 prioris
1852 2344 1974 2416 ejus

393 2471 629 2524 fortunae
654 2477 719 2517 ac
754 2460 1034 2516 variorum
1061 2465 1293 2509 casuum
1333 2444 1663 2517 compendio
1688 2442 1972 2497 collectam

394 2560 523 2616 inde
552 2569 729 2626 usque
767 2552 836 2607 ab
875 2549 1068 2604 ultima
1116 2540 1350 2616 pueritia
1400 2535 1749 2592 memoriam.
1792 2530 1975 2587 Infans

395 2652 579 2708 adhuc
621 2647 896 2715 relegatus
940 2653 1067 2694 cum
1106 2644 1280 2689 matre
1319 2628 1584 2695 Nicaeam,
1629 2626 1703 2679 ibi
1750 2638 1874 2678 cum
1911 2636 1976 2676 ea

396 2745 503 2800 fuit
546 2742 603 2796 in
643 2714 887 2799 carcere,
941 2734 1116 2787 donec
1151 2727 1266 2791 illa,
1315 2737 1423 2779 una
1461 2737 1528 2777 ex
1564 2714 1976 2774 conditionibus

394 2846 563 2903 supra
596 2836 914 2885 memoratae
941 2816 1347 2878 conventionis,
1377 2813 1552 2868 libera
1602 2809 1831 2865 remissa
1859 2807 1979 2876 ipse

395 2925 563 2980 obses
611 2918 757 2992 apud
795 2916 1078 2971 Rou'ianos
1132 2908 1352 2962 mansit.
1412 2905 1607 2958 Postea
1653 2914 1784 2956 vero
1826 2907 1976 2953 sata-

395 3024 556 3087 gente
574 3008 858 3067 Joachimo
897 3000 1206 3077 patriarcha
1231 2994 1521 3066 Bulgariae,
1555 2993 1647 3070 qui
1677 2993 1970 3046 occasione

398 3083 705 3177 cujuspiam
754 3106 1086 3168 exspectatas
1133 3089 1412 3146 afﬁnitatis
1441 3083 1833 3141 contrahendae
1882 3097 1977 3170 per

399 3159 812 3254 matrimonium
848 3159 970 3243 filia:
1001 3182 1183 3256 magni
1212 3166 1673 3249 stratopedarcbi‘
1695 3159 1976 3244 Syuadeni

401 3290 621 3361 legatus
656 3285 722 3340 ad
766 3284 1153 3352 imperatorem
1199 3274 1408 3329 missus
1443 3269 1645 3331 fuerat,
1690 3266 1975 3321 restitutus

401 3380 547 3453 patri
578 3386 685 3433 est.

402 3495 497 3550 i7.
529 3493 603 3547 De
655 3489 904 3560 aﬂinitale
949 3501 1066 3539 cum
1098 3480 1355 3606 {acaciae
1385 3478 1449 3533 ab
1497 3479 1817 3547 imperatore
1859 3489 1982 3528 con-

1128 3568 1215 3606 rac
1242 3568 1297 3605 a.

1128 3568 1297 3606 racia.

478 3655 645 3728 268
662 3653 926 3710 Caeterum
950 3647 1246 3716 imperator
1262 3656 1523 3714 generum
1544 3655 1702 3696 suum
1728 3639 1909 3695 facere
1928 3643 1985 3693 et

408 3724 653 3803 tamarta
678 3736 1081 3798 necessitudine
1101 3733 1380 3788 devincire
1398 3729 1501 3786 sibi
1521 3726 1753 3783 Tuctain
1775 3724 1985 3782 studuit

413 3839 581 3894 notha
616 3835 665 3891 ei
703 3833 812 3887 filia
840 3828 1008 3884 Maria
1044 3821 1453 3895 despondeuda.
1486 3818 1711 3888 Accepit
1737 3817 1982 3872 oblatum

414 3932 680 3987 honorem
709 3923 963 3988 Tuctais,
997 3919 1211 3987 riteque
1244 3914 1544 3984 profectam
1593 3910 1662 3964 ad
1694 3924 1754 3964 se
1781 3908 1983 3977 regiam

412 4021 681 4092 virginem
709 4017 765 4071 in
799 4027 1021 4070 uxorem
1056 4006 1301 4074 admisit,
1332 4003 1552 4075 nuptias
1596 4011 1775 4056 tamen
1807 3999 1987 4053 distu-

416 4115 503 4181 lit,
548 4126 613 4168 ea
665 4108 895 4164 remissa
939 4103 1085 4158 unde
1128 4108 1373 4160 venerat,
1420 4095 1602 4167 quoad
1655 4092 1984 4149 debellatum

417 4219 545 4261 cum
580 4200 729 4271 Noga
779 4197 939 4253 foret.
979 4195 1171 4249 Adhuc
1212 4191 1355 4245 enim
1407 4187 1519 4247 ille,
1567 4184 1816 4239 cladibus
1862 4183 1989 4237 licet

421 4295 643 4351 attritus
679 4290 915 4362 magnis,
949 4289 1097 4343 velut
1124 4295 1355 4354 serpens
1383 4282 1548 4350 longo
1587 4293 1817 4348 corpore
1866 4291 1988 4331 cre-

419 4390 537 4446 bris
568 4386 804 4442 afﬂictus
855 4382 1046 4452 plagis,
1090 4387 1243 4433 motu
1288 4374 1467 4430 adhuc
1512 4380 1770 4426 extremae
1800 4370 1990 4424 caudae

2064 889 2215 952 τείας
2271 891 2479 942 ἐκείνου
2535 887 2627 956 ὑφ’
2683 884 2862 952 ἑαυτῷ
2918 881 3284 951 ποιησάμενος
3351 878 3500 946 ἔσχε,
3553 874 3646 938 τὰς

2069 982 2301 1045 σπονδὰς
2321 982 2407 1035 διὰ
2440 982 2500 1035 τὸ
2528 981 2686 1050 κῆδος
2726 976 3080 1048 βεϐαιοτέρας
3107 970 3551 1038 ἁποταμύμενος.

2069 1094 2174 1166 κη’.
2204 1097 2341 1163 Περὶ
2386 1095 2488 1148 τοῦ
2514 1091 2811 1162 ῥαγδαίου
2839 1088 3017 1144 ὑετοῦ
3051 1085 3148 1138 καὶ
3185 1082 3304 1136 τῶν
3338 1084 3470 1136 τότε
3498 1099 3653 1152 συμ-

2692 1166 3023 1213 πεσόντων.

2138 1259 2226 1330 [Ρ.
2259 1257 2383 1329 182]
2418 1257 2548 1309 Τότε
2583 1256 2675 1307 καὶ
2702 1252 3060 1313 Ποσειδεῶνος
3090 1250 3253 1319 ἐνάτῃ
3288 1249 3381 1300 καὶ
3405 1247 3651 1313 εἰκοστῇ,

2069 1351 2287 1421 καθ’ἥν
2337 1350 2445 1403 ἀπὸ
2493 1347 2710 1416 θερινῆς
2758 1347 2969 1414 τροπῆς
3016 1346 3151 1413 πρὸς
3191 1343 3287 1409 τὴν
3323 1341 3649 1407 ἰσημερινήν

2071 1442 2353 1496 ἀποκλίνει
2374 1443 2401 1492 ὁ
2426 1440 2597 1510 ἥλιος,
2646 1437 2902 1506 ῥαγδαῖος
2932 1434 3084 1495 ὑετὸς
3121 1431 3367 1483 κάτεισιν
3397 1431 3485 1495 ἐφ’
3511 1430 3654 1496 ὴμέ-

2072 1552 2173 1605 ρας
2204 1534 2328 1601 ὅλης
2366 1547 2431 1596 γε
2463 1532 2556 1583 καὶ
2578 1529 2794 1591 νυκτὸς,
2830 1527 2940 1577 τῶν
2969 1524 3155 1592 ἄκρων
3200 1522 3294 1573 τοῦ
3326 1519 3450 1572 καθ’
3500 1517 3653 1587 ἡμᾶς

2071 1624 2345 1696 ὁρίζοντος
2383 1622 2489 1676 ὑπὸ
2531 1618 2706 1689 νεφῶν
2752 1616 3106 1677 πιεσθέντων,
3158 1613 3300 1666 ὥστε
3350 1612 3444 1665 καὶ
3476 1626 3655 1679 χαραο

2071 1717 2342 1787 δρωοῆναι
2374 1716 2470 1784 μὲν
2499 1715 2589 1766 τὸν
2637 1714 2780 1765 κατὰ
2813 1716 2913 1780 τὴν
2944 1709 3177 1779 περαίαν
3224 1706 3438 1760 ἅπαντα
3489 1704 3656 1756 τόπον

2074 1810 2276 1865 ἄνωθέν
2329 1809 2490 1861 ποθεν
2537 1806 2645 1858 τῶν
2700 1805 2908 1856 ὑδάτων
2944 1802 3155 1869 ἄῦρζων
3210 1797 3657 1867 κατερχομένων.

2073 1903 2264 1972 δένδρα
2299 1900 2353 1953 δὲ
2382 1896 2785 1967 καταφέρεσθαι
2822 1894 3080 1963 χερσόθεν
3108 1893 3198 1944 ἐπὶ
3228 1889 3326 1959 τὴν
3354 1888 3660 1951 θάλασσαν,

2073 1998 2156 2064 ἐφ’
2179 1990 2250 2048 ὧν
2276 1995 2370 2048 καὶ
2407 1994 2557 2060 ὄφεις
2588 1992 2685 2052 τὰς
2718 1988 3082 2048 κατακλύσεις
3107 1986 3399 2053 φεύγοντες
3421 1983 3514 2033 καὶ
3539 1981 3663 2032 δέν-

2071 2088 2220 2159 δρεσι
2253 2085 2655 2154 συνειλούμενοι
2703 2079 3094 2134 ὲκσπασῦεῖσιν
3132 2078 3195 2129 ὲκ
3226 2075 3393 2146 ῥιζῶν
3428 2073 3663 2141 συνεφὲ·

2076 2197 2252 2252 ροντο,
2285 2181 2332 2232 οἱ
2366 2177 2466 2248 μὲν
2501 2176 2593 2229 καὶ
2623 2173 2843 2239 ζῶντες,
2876 2173 2925 2225 οί
2954 2170 3011 2224 δὲ
3051 2170 3144 2223 καὶ
3175 2167 3256 2220 ἔτι
3290 2181 3657 2233 συνεσπειρα-

2074 2367 2196 2422 nuit
2225 2375 2440 2435 tempus
2469 2374 2615 2415 nunc
2642 2373 2784 2423 esse,
2817 2356 2862 2410 si
2894 2354 2944 2410 ei
2972 2340 3272 2415 videretur,
3305 2348 3662 2404 commodum

2075 2473 2190 2513 suae
2227 2455 2333 2511 sibi
2361 2449 2699 2508 remittenda:
2738 2445 3025 2515 coniugis;
3058 2457 3222 2511 quam
3255 2441 3392 2496 nihil
3436 2448 3670 2492 cuncta-

2079 2560 2170 2607 tus
2200 2550 2521 2618 imperator,
2556 2540 2809 2612 specioso
2849 2539 3003 2592 cultu
3036 2550 3101 2590 ac
3130 2548 3349 2606 pompa,
3386 2529 3664 2599 frequenti

2077 2645 2243 2700 etiam
2285 2639 2548 2695 comitatu
2598 2649 2662 2689 ac
2695 2631 2979 2693 satellitio,
3030 2623 3430 2700 perbonoriﬁce
3460 2620 3667 2680 deduci

2078 2735 2145 2791 ad
2193 2733 2370 2787 virum
2403 2728 2635 2786 curavit.
2667 2726 2828 2781 Hunc
2869 2723 2924 2777 in
2961 2721 3183 2775 modum
3213 2716 3393 2786 Nugas
3442 2715 3668 2769 destru«

2078 2836 2203 2881 ctus
2252 2837 2361 2877 non
2413 2818 2577 2875 modo
2631 2817 2867 2871 ultorem
2931 2826 3127 2882 passus
3178 2825 3243 2864 ac
3278 2820 3664 2863 successorem

2081 2925 2272 2972 nactus
2294 2911 2526 2968 Tuctain
2553 2915 2640 2964 est
2661 2950 2676 2974 ,
2698 2908 2798 2963 .sed
2830 2903 3081 2961 eumdem
3106 2901 3298 2956 habuit
3327 2899 3667 2952 imitatorem

2081 3010 2135 3064 in
2176 3022 2377 3080 genere
2423 3003 2663 3072 coniugii
2718 3001 2930 3067 fideque
2985 2994 3208 3049 foederis
3269 2990 3499 3044 Romani
3563 3003 3669 3041 nu-

2082 3077 2235 3170 ptiali
2265 3099 2491 3168 pignore
2522 3090 2811 3148 firmanda.
2841 3089 3031 3157 Itaque
3061 3086 3152 3138 hic
3188 3097 3408 3154 quaque
3437 3081 3490 3133 in
3517 3077 3667 3148 parti

2083 3195 2342 3263 deinceps
2377 3189 2870 3264 administratione
2922 3183 3094 3252 regni,
3150 3180 3301 3251 pacis
3361 3178 3508 3231 inita:
3566 3188 3668 3229 no-

2082 3285 2297 3341 biscum
2361 3282 2559 3347 ferme,
2586 3287 2849 3351 quantam
2882 3274 3196 3346 oportebat,
3244 3269 3511 3324 rationem
3550 3268 3670 3321 ba-

2084 3378 2222 3433 buit.

2081 3464 2174 3523 28.
2217 3467 2296 3522 De
2325 3465 2492 3520 imbre
2524 3444 2809 3520 vehementi
2841 3469 2891 3516 et
2930 3460 2995 3514 iis
3021 3475 3140 3532 qua
3165 3468 3288 3512 tunc
3307 3457 3673 3526 contigerunt.

2152 3581 2313 3637 Circa
2346 3589 2560 3649 tempus
2593 3592 2704 3647 quo
2735 3577 2849 3631 haec
2887 3575 3245 3647 gerebantur,
3282 3572 3534 3641 contigit,
3584 3569 3673 3624 die

2091 3689 2239 3729 nona
2274 3682 2333 3728 et
2361 3672 2623 3727 vicesima
2652 3669 2859 3724 mensis
2889 3668 3141 3737 Augusti,
3171 3681 3276 3735 qua
3311 3664 3423 3720 fere
3473 3663 3677 3730 incipit

2090 3768 2159 3828 ab
2189 3766 2379 3820 aestivo
2417 3763 2637 3819 cardine
2666 3760 2732 3815 ad
2762 3759 3202 3830 aequinoctialem
3247 3756 3523 3812 declinare
3563 3756 3674 3818 sol,

2088 3858 2470 3912 vehementem
2508 3869 2571 3907 ac
2618 3853 2879 3907 inusitate
2909 3851 3190 3921 copiosum
3241 3863 3335 3917 per
3380 3858 3550 3900 lotam
3589 3848 3675 3898 lu-

2088 3964 2206 4004 cem
2242 3948 2389 4002 illam
2434 3954 2759 4011 noctemque
2791 3944 3095 3999 insecutam
3129 3939 3343 3995 devolvi
3384 3938 3680 3993 continen-

2088 4049 2172 4095 ter
2200 4040 2426 4093 imbrem
2453 4052 2484 4092 e
2506 4036 2769 4097 nubibus,
2795 4050 2916 4104 qua:
2938 4032 3102 4102 269
3132 4031 3475 4093 universum,
3499 4045 3673 4097 quam

2089 4128 2354 4184 latissime
2385 4134 2556 4197 patet.
2603 4125 2952 4180 horizontem
3006 4121 3373 4175 ruinaeissitna
3425 4119 3678 4188 undique

2092 4221 2327 4288 caligine
2370 4207 2738 4273 obduxerant.
2787 4215 3122 4270 Videbamus
3182 4223 3346 4267 totam
3382 4212 3676 4265 adversam

2091 4314 2405 4385 Byzantti
2439 4310 2650 4365 civitati
2679 4308 3051 4364 continentem
3084 4307 3243 4374 aquis
3276 4318 3339 4358 ex
3385 4300 3495 4355 alto
3527 4303 3681 4356 deci-

2095 4408 2218 4461 dnis
2248 4404 2396 4459 omni
2425 4419 2490 4457 ex
2520 4412 2676 4472 parte
2722 4396 3132 4455 conﬂuentibus
3181 4396 3499 4450 inundatam
3535 4397 3677 4448 vasti

421 4492 590 4535 “iam
622 4478 897 4540 ¹¹¹ι¹¹⁰³¹¹εθ
930 4483 1094 4570 “fuam
1145 4470 1227 4570 ³9-
1250 4460 1992 4570 ‘fnlmumf‘surgendtfi
2026 4515 2070 4570 ι)
2098 4501 2203 4553 ritu
2232 4496 2471 4551 ﬂuminis
2502 4497 2556 4549 in
2582 4509 2754 4548 'mare
2805 4506 2990 4557 ruere,
3020 4489 3286 4545 radicitus
3318 4489 3538 4547 evulsas
3595 4505 3682 4541 ra-

425 4580 619 4628 natum
677 4584 797 4624 sese
849 4565 1089 4635 arrigere
1139 4559 1447 4615 videbatur.
1513 4554 1681 4609 Usum
1748 4553 1989 4622 conjugii

424 4660 741 4718 eﬂ'emiuare
788 4659 931 4712 viros
978 4665 1162 4723 aptum
1214 4661 1269 4706 et
1306 4665 1566 4703 enervare
1608 4649 1753 4702 vires
1795 4659 1996 4714 corpo-

425 4771 571 4820 rum,
608 4756 788 4809 minus
835 4752 1202 4807 arbitrabatur
1245 4757 1637 4818 opportunum.
1670 4744 1854 4811 Quare
1901 4759 1990 4799 se-

426 4848 756 4922 gregandam
813 4861 842 4898 a
890 4861 949 4900 se
1003 4857 1263 4913 sponsam
1310 4841 1579 4908 tantisper
1622 4837 1991 4899 existimavit,

426 4939 775 5009 reddiditque
806 4938 943 5005 patri
980 4937 1141 5011 filiam
1171 4933 1313 5005 apud
1347 4948 1473 4986 eum
1509 4931 1855 4993 servandam,
1889 4931 1991 4984 do-

426 5049 534 5090 nec
564 5034 723 5103 plena
759 5031 990 5087 victoria
1040 5029 1210 5084 otium
1243 5035 1296 5082 et
1335 5025 1686 5081 securitatem
1717 5026 1994 5079 attulisset

427 5125 661 5196 nuptiali
691 5122 998 5180 celebritati
1020 5128 1464 5176 cousentaneam.
1498 5116 1738 5187 Longius
1781 5116 1834 5172 id
1869 5133 1995 5187 spa-

428 5219 566 5275 tium
609 5231 769 5289 quam
808 5215 1025 5284 utrique
1064 5212 1348 5266 voluerant
1394 5209 1497 5265 fuit
1526 5226 1540 5264 :
1569 5209 1795 5265 alternis
1844 5211 1993 5265 enim

427 5307 959 5380 reciprocationibus
989 5313 1220 5360 aestuum
1245 5303 1373 5359 belli
1410 5303 1503 5359 diu
1547 5319 1749 5374 anceps
1793 5309 1992 5359 utrim-

428 5420 537 5476 que
572 5409 789 5457 fortuna
821 5399 1071 5453 variavit.
1104 5396 1345 5453 Tandem
1376 5404 1558 5454 tamen
1592 5414 1790 5455 nomen
1830 5415 1994 5457 omne

428 5496 715 5553 rebellium
779 5510 899 5548 cum
953 5491 1102 5562 Noga
1160 5491 1536 5548 Tocharorum
1588 5495 1779 5551 ultima
1830 5496 1997 5566 hujus

428 5589 584 5643 clade
608 5587 900 5642 succubuit
938 5584 1163 5646 'l'uctai;
1196 5586 1288 5656 qui
1334 5587 1498 5641 simul
1540 5588 1592 5641 in
1624 5588 1809 5643 hostili
1843 5592 1997 5658 prius

434 5679 557 5735 solo
596 5688 794 5735 cuncta
834 5679 945 5750 jam
987 5679 1089 5734 sub
1131 5694 1189 5735 se
1223 5692 1519 5751 prostrata,
1553 5681 1687 5736 nihil
1720 5683 2005 5739 adversam

434 5781 623 5826 contra
664 5770 898 5826 frontem
934 5771 1140 5841 erigere
1170 5775 1375 5829 audens
1417 5775 1569 5840 vidit,
1606 5775 1787 5830 missis
1824 5774 1892 5831 ad
1925 5790 2010 5830 so-

434 5879 620 5919 cerum
654 5866 783 5934 Auge
810 5873 952 5919 stum
985 5868 1198 5922 laurea!
1220 5883 1247 5924 s
1279 5870 1521 5925 victoriae
1556 5869 1785 5936 nuntiis,
1817 5871 2008 5925 admo-

2103 4591 2302 4667 ptautis
2356 4590 2579 4642 arbores
2636 4599 2744 4639 una
2781 4599 2906 4638 cum
2965 4581 3243 4651 implicitis
3288 4579 3435 4638 circa
3489 4594 3679 4633 ramus

2099 4698 2285 4734 earum
2323 4680 2617 4748 anguibus,
2641 4677 2733 4745 qui
2767 4675 3135 4744 aperientium
3161 4672 3273 4743 jam
3304 4680 3482 4726 terras
3506 4686 3681 4740 aqua—

2104 4790 2222 4828 rum
2257 4775 2534 4827 incursum
2570 4769 2841 4839 fugientes
2874 4781 2939 4822 eo
2967 4766 3410 4822 conscenderant
3446 4765 3684 4835 nequid-

2101 4881 2286 4935 quam,
2321 4865 2374 4919 in
2413 4864 2518 4918 isto
2547 4876 2766 4932 quoque
2793 4861 2944 4931 asylo
2976 4858 3329 4929 deprehensi,
3363 4858 3680 4927 partimque

2102 4957 2350 5015 suffocati
2386 4956 2590 5012 sensim
2623 4953 2829 5008 diluvio
2855 4959 3163 5006 crescente.
3198 4949 3401 5005 Horum
3439 4952 3683 5005 circum-

2102 5049 2285 5104 voluta
2321 5045 2534 5101 truncis
2569 5061 2633 5099 ac
2665 5044 2968 5101 ramalibus
3002 5042 3165 5112 longa
3193 5056 3421 5110 corpora
3457 5053 3680 5097 mortua

2102 5138 2283 5195 eo‘erri
2318 5137 2718 5200 cernebantur;
2766 5136 3130 5204 quorumdam
3176 5143 3361 5186 tamen
3399 5133 3680 5189 exstantia

2102 5230 2268 5286 undis
2318 5230 2460 5284 inter
2511 5227 2733 5282 frondes
2778 5228 2955 5294 capita
3009 5226 3313 5293 spirabant.
3357 5225 3510 5279 Casa:
3562 5222 3678 5295 jam

2102 5322 2323 5378 rustica:
2352 5330 2771 5386 messorumque
2811 5316 3028 5369 labores
3054 5315 3106 5367 iu
3150 5314 3294 5371 areis
3326 5310 3380 5367 ut
3413 5329 3512 5383 pro
3546 5315 3680 5369 anni

2105 5426 2348 5485 tempore
2379 5421 2513 5467 tunc
2546 5417 2705 5465 erant
2725 5407 2973 5464 struibus
3004 5407 3398 5474 manipulorum
3432 5410 3678 5462 nondum

2106 5520 2279 5579 grano
2311 5520 2547 5561 excusso
2572 5502 2893 5559 cumulatim
2927 5501 3301 5562 exstantibus,
3337 5500 3505 5554 dorso
3536 5502 3680 5555 vasti

2104 5603 2341 5673 aequoris
2364 5599 2555 5671 procul
2582 5599 2897 5653 innatantes
2929 5596 3269 5665 apparebunt
3296 5609 3311 5660 ;
3349 5595 3452 5648 illa:
3483 5596 3676 5649 funda-

2107 5694 2306 5751 mentis
2351 5693 2572 5755 avulsae.
2608 5702 2893 5760 compaetu
2931 5689 3238 5742 tabularum
3287 5688 3529 5742 nondum
3564 5689 3683 5743 dis-

2106 5785 2310 5849 soluto,
2339 5784 2567 5854 integrae
2598 5782 2934 5845 ferebantur,
2977 5777 3121 5832 haud
3160 5789 3410 5833 cessante
3441 5778 3677 5846 iu-petu,

2108 5875 2287 5947 quoad
2332 5875 2483 5929 urbis
2533 5874 2804 5929 moenibus
2841 5871 2987 5927 unda
3019 5870 3274 5941 impacta:
3318 5871 3626 5927 dissilirent
3661 5887 3677 5925 :
