3862 6626
403 454 512 516 303

1619 449 1943 510 GEORGll
1988 449 2474 512 PACHYMERIE

3565 443 3674 506 304

406 571 643 640 πρέπειν
707 567 858 637 ἔλεγε
907 567 1018 628 τοῖς
1076 563 1332 633 μεγέθεσι
1393 562 1624 634 στοργήν
1691 564 1829 634 πρὸς
1892 566 1989 626 τὰς
2017 563 2062 622 Α
2093 566 2270 638 κράλῃ
2313 567 2727 638 παρακεκίνητο
2774 563 2995 636 φίλτρα,
3037 563 3132 618 καὶ
3167 560 3302 624 ὅλως
3344 553 3411 631 ἦν
3467 560 3678 618 ἐκεῖνος

410 661 760 723 συνοικούσας
795 657 1194 730 ἀμετακίνητον
1246 656 1334 729 [Ρ.
1369 657 1493 729 186]
1533 657 1735 728 μᾶλλον
1770 659 1804 728 ἢ
1837 659 1994 712 εὐκο-

407 753 530 808 λίαν
559 753 695 823 πρὸς
722 752 1100 822 ἀλλοτρίωσιν.
1152 750 1343 821 Ὅμως
1368 749 1410 802 δ’
1434 752 1556 804 ἐπεὶ
1607 751 1668 804 οὐ
1719 750 1880 821 μέλον
1927 747 1995 822 ἦν

406 846 580 918 ταύτῃ
629 845 722 898 τού
753 844 1227 912 συναλλάγματος,
1258 845 1318 898 τὸ
1352 845 1492 916 πρὸς
1536 845 1636 908 τὰς
1664 843 1756 899 ἐπ’
1786 843 1997 909 ἀδόξοις

411 936 744 1005 ἀναμνήσεις
779 933 1110 996 ἀταμίευτον
1141 933 1290 1005 ἔχειν
1327 933 1425 1004 τὴν
1457 932 1774 1004 παρρησίαν
1804 950 1996 1006 περισ-

417 1031 509 1082 σὸν
548 1027 751 1098 ἔκρινε,
782 1029 874 1079 καὶ
904 1027 1083 1095 ἐσίγα.

413 1138 513 1195 λα’.
547 1139 684 1208 Περὶ
715 1139 821 1193 τοῦ
853 1139 1004 1206 πρὸς
1033 1137 1268 1207 κράλην
1304 1139 1550 1206 Σερϐίας
1583 1137 1681 1191 ἐπὶ
1717 1136 1792 1206 τῇ
1823 1141 1999 1207 θυγα-

783 1210 873 1278 τρὶ
905 1209 1134 1277 κήδους
1162 1208 1270 1262 τοῦ
1295 1209 1627 1274 βασιλέως.

500 1303 816 1377 Ἀπογνοὺς-
846 1301 892 1355 δ’
939 1303 1149 1355 ἐκεῖθεν
1201 1303 1229 1355 ὁ
1282 1301 1538 1371 βασιλεὺς
1586 1301 1687 1371 τῆς
1741 1301 1877 1369 μετά
1931 1304 1995 1372 τῇ

412 1394 616 1464 ἀδελφῇ
666 1394 888 1466 πείρας,
947 1395 1037 1445 τὸν
1072 1392 1282 1464 κράλην
1329 1391 1565 1462 Σερϐίας
1608 1391 1994 1462 ἀδοξότερονῆ

415 1491 551 1560 πρὸς
593 1490 908 1559 οἰκειότητα
940 1488 1038 1558 τὴν
1070 1486 1128 1552 ἐξ
1163 1487 1297 1551 ίδίας
1343 1486 1610 1558 θυγατρὸς
1641 1486 1846 1558 ἔκρινε,
1883 1487 2002 1558 μεί-

415 1583 545 1644 ζονα
573 1582 616 1634 δ’
652 1577 810 1644 αὖθις
844 1580 876 1652 ἢ
913 1579 1403 1649 καταφρονεῖσθαι.
1457 1578 1555 1632 Διά
1588 1578 1744 1632 τοῦτο
1775 1582 1868 1632 καὶ
1909 1580 2002 1633 τὸν

418 1676 614 1745 καιρὸν
664 1675 742 1746 τῷ
787 1675 1090 1728 ἐλλείποντι
1136 1673 1451 1745 προστιθεὶς
1499 1671 1796 1744 ἀξιώτερον
1829 1673 2001 1726 ἐποίει

419 1767 556 1836 πρὸς
611 1769 709 1837 τὴν
777 1766 872 1821 ἐπὶ
933 1765 1170 1837 θυγατρὶ
1224 1765 1510 1833 συζυγίαν.
1562 1761 1672 1818 Ἦν
1726 1765 1818 1819 οὖν
1859 1765 2000 1818 πάνυ

415 1860 636 1913 ἀστεῖον
661 1858 822 1912 τοῦτο
849 1859 910 1912 τὸ
944 1856 1262 1927 θυγάτριον,
1290 1856 1444 1910 ούπω
1476 1857 1566 1910 τὸν
1595 1857 1754 1910 ἕκτον
1787 1854 2000 1926 παραλ-

417 1949 610 2004 λάττον
640 1950 911 2015 ἐνιαυτὸν,
952 1947 1237 2018 ἀγαπητὸν
1265 1947 1365 2017 μὲν
1404 1946 1608 2014 ἐαυτῷ,
1641 1946 1929 2016 ἀγαπητὸν
1957 1946 2003 1999 δ’

419 2043 665 2106 ἐκτόπως
706 2042 800 2094 καὶ
828 2043 895 2113 τῇ
929 2039 1120 2110 μητρί.
1161 2040 1289 2092 Ἐπὶ
1328 2039 1504 2110 τούτῳ
1533 2039 1594 2091 τδ
1634 2038 1797 2109 κῆδος
1834 2038 2005 2110 ἠϐού-

417 2132 544 2184 λετο
569 2131 855 2202 ουνιστᾷν,
883 2131 944 2184 οὐ
976 2127 1118 2184 κατά
1144 2128 1336 2200 χρείαν
1371 2127 1580 2199 μᾶλλον
1619 2127 1653 2200 ἢ
1688 2128 1810 2182 κατ’
1836 2127 2005 2195 ἀνάγ.

418 2241 545 2294 κην.
589 2221 731 2292 Ἤδη
791 2223 890 2292 μὲν
942 2215 1037 2275 οὖν
1089 2221 1156 2274 τὰ
1209 2219 1348 2292 πρὸς
1396 2218 1494 2293 τὴν
1537 2217 1894 2275 συνοικοῦσαν
1932 2217 2007 2288 τῷ

423 2417 645 2471 rentur,
696 2413 1016 2476 compertus
1060 2419 1188 2461 reus
1228 2403 1446 2459 violatae
1492 2402 1799 2475 coniugalis
1829 2401 1952 2459 ﬁdei
1990 2421 2003 2459 :

421 2516 548 2554 cum
604 2509 785 2554 tamen
839 2497 1010 2566 magis
1049 2498 1214 2554 etiam
1257 2512 1484 2568 magnas
1523 2512 1789 2567 personas
1843 2513 2006 2568 quam

422 2592 603 2661 capita
652 2589 901 2662 vulgaria
952 2589 1150 2644 decere
1203 2588 1490 2645 videretur
1540 2588 1902 2644 immutabilis
1950 2589 2007 2643 in

422 2699 660 2739 uxorum
698 2697 883 2737 amore
931 2680 1268 2737 constantia.
1313 2678 1642 2752 Quanquam
1678 2681 2008 2752 exceptione

413 2776 690 2848 peculiari
726 2774 1059 2831 submovere
1089 2789 1249 2843 quem
1288 2772 1556 2830 oli'crrent
1587 2787 1876 2844 sponsum,
1910 2788 2009 2830 su-

423 2885 827 2942 pervacaneum
885 2883 1012 2925 esse
1046 2867 1148 2924 sibi
1186 2867 1428 2938 quidem,
1462 2882 1582 2938 quae
1617 2865 1785 2923 semel
1833 2881 2006 2937 spon-

425 2981 538 3028 sos,
611 2961 1033 3033 cujusquemodi
1113 2960 1314 3027 forent,
1383 2975 1574 3016 omnes
1659 2957 2010 3015 irrevocabili

425 3058 708 3130 proposito
739 3056 983 3111 colendae
1009 3069 1185 3126 usque
1225 3055 1292 3109 ad
1330 3054 1584 3109 ultimum
1634 3053 1893 3124 spiritum
1930 3050 2013 3106 vi-

425 3150 654 3220 duitatis
688 3150 1023 3206 abdicasset.

427 3272 514 3326 3|.
555 3269 621 3324 L't
656 3272 941 3337 imperator
972 3266 1108 3320 crati
1142 3265 1345 3337 εει·ρἰε
1371 3265 1644 3335 propriam
1705 3264 1878 3334 ﬁliam
1923 3264 2012 3318 de-
2039 3265 2085 3327 (Ξ

1084 3336 1378 3407 sponderit.

503 3431 579 3488 Ea
617 3432 825 3487 sororis
856 3429 1043 3486 audita
1073 3428 1329 3486 oratione
1359 3427 1664 3498 imperator
1709 3427 1868 3496 plane
1893 3427 2007 3499 jam

430 3525 759 3596 desperans,
796 3538 959 3593 quam
995 3535 1104 3575 non
1143 3518 1337 3574 utilem
1371 3517 1574 3583 solum,
1597 3517 1692 3572 sed
1740 3525 1796 3572 et
1825 3531 2018 3574 neces-

433 3619 640 3673 sariam
676 3617 842 3672 rebus
884 3615 1001 3670 suis
1031 3613 1288 3677 ducebat,
1326 3627 1453 3666 cum
1487 3611 1657 3667 Serbo
1698 3610 2016 3667 aliinitatem

431 3728 528 3783 per
575 3709 876 3765 Eudociam
931 3721 1096 3778 posse
1138 3703 1458 3768 succedere,
1500 3702 1761 3774 cogitavit
1800 3703 1868 3760 de
1926 3703 2018 3760 illa

434 3802 774 3857 conﬁcienda
837 3814 932 3870 per
984 3797 1251 3862 ﬁliolam,
1303 3810 1467 3867 quam
1522 3796 1756 3850 habebat
1813 3795 2020 3866 oppido

435 3893 721 3961 festivam,
763 3891 1007 3948 nondum
1041 3888 1271 3947 sexenni
1323 3887 1614 3957 majorem.
1674 3886 1776 3943 sibi
1815 3888 2026 3957 pariter

437 3999 491 4042 et
530 3986 692 4040 matri
753 3984 916 4056 longe
971 3981 1380 4038 charissimam.
1413 3981 1493 4035 Ac
1527 3978 1745 4035 videbat
1777 3979 1870 4034 ille
1900 3978 2027 4048 qui-

437 4079 559 4133 dem
603 4075 747 4130 haud
774 4090 896 4130 esse
923 4073 1070 4128 hunc
1099 4072 1415 4144 dynastam,
1447 4071 1625 4140 gentis
1649 4085 1756 4125 non
1787 4069 2026 4126 maxime

435 4168 775 4239 conspicuae,
808 4166 1094 4235 dignitatls
1121 4163 1352 4221 omnino
1390 4163 1685 4232 adaequataz
1735 4160 1802 4216 ad
1848 4161 2026 4217 hono-

439 4279 557 4316 rem
616 4260 936 4331 nuptiarum
997 4273 1123 4314 cum
1184 4257 1292 4312 lilia
1349 4256 1591 4328 legitima
1669 4255 2024 4326 imperatoris

439 4352 700 4422 Romani,
756 4350 1057 4423 praesertim
1094 4349 1258 4404 unica
1306 4366 1320 4403 :
1359 4356 1540 4403 tamen
1575 4346 1721 4418 quod
1761 4347 1809 4402 ei
1843 4346 2031 4402 deerat

447 4446 514 4500 ad
563 4447 667 4500 hoc
706 4441 887 4498 meriti
937 4460 968 4496 e
1011 4439 1235 4512 proprio
1288 4438 1610 4511 splendore,
1663 4435 2030 4508 supplendum

441 4553 504 4592 ac
539 4534 1018 4606 compensandum
1053 4532 1383 4589 existimans
1439 4545 1538 4602 spe
1593 4528 1724 4585 inde
1783 4528 2030 4585 secuturi

2097 659 2196 727 τῆς
2241 659 2334 712 ἐπὶ
2365 658 2580 728 βασιλεῖ
2629 659 2868 722 πίστεως
2888 675 2903 691 ·
2935 657 2996 711 τὸ
3043 656 3091 710 δ’
3115 655 3210 709 ἐπὶ
3257 653 3469 722 ταύτην
3498 652 3679 705 είλκυο

2100 751 2298 821 σμένον
2333 751 2724 822 παλινδρομεῖν
2763 752 2821 818 ἐξ
2871 748 3195 812 ἀσυνθεσίας
3253 745 3425 802 δεινὸν
3475 741 3546 816 ἦν
3585 745 3683 798 καὶ

2102 845 2264 914 μόνον
2291 844 2765 916 κατανοούμενον·
2822 842 3117 897 ἐκλύεσθαι
3170 841 3280 913 γὰρ
3344 839 3564 908 ἀνάγκη
3622 837 3684 891 τὸ

2099 939 2382 1009 πρόθυμον
2409 938 2741 1010 ἀποτυχόντι
2773 938 2885 992 τῶν
2914 935 3198 1005 ὲλπισμῶν
3229 935 3326 988 καὶ
3359 931 3685 987 τούντεῦθεν

2099 1032 2408 1102 ἔχθραίνειν
2441 1032 2645 1101 μᾶλλον
2687 1031 3108 1096 ύποκνισθέντιφ
3125 1029 3222 1083 καὶ
3244 1027 3385 1101 πρὸς
3409 1027 3479 1080 τὰ
3509 1024 3688 1096 μείζω

2103 1121 2178 1190 μὴ
2213 1121 2589 1192 εὐοδούμενον.
2626 1121 2816 1176 Ταῦτα
2849 1123 2950 1193 τὴν
2984 1120 3253 1191 βασιλέως
3287 1119 3506 1173 ἔπειθον
3539 1114 3687 1185 γνὼ-

2104 1231 2212 1284 μην
2269 1214 2363 1267 καὶ
2398 1215 2550 1286 παρὰ
2604 1216 2667 1268 τδ
2697 1215 2844 1279 είκδς
2881 1212 2946 1286 [P
2988 1212 3112 1286 187]
3163 1207 3682 1282 πραγματεύεσθαι.

2102 1306 2212 1358 Καὶ
2245 1304 2308 1376 δὴ
2337 1306 2456 1359 ὅλον
2504 1306 2804 1362 οἰκειοῦται
2835 1306 2925 1360 διὰ
2976 1304 3279 1377 πρεσϐείας
3313 1303 3406 1356 τὸν
3450 1300 3687 1370 κράλην,

2106 1397 2350 1466 μαθόντα
2385 1397 2485 1468 τὴν
2513 1399 2607 1452 ἐπὶ
2646 1399 2879 1469 θυγατρὶ
2909 1398 3032 1452 ἀντὶ
3059 1399 3159 1467 τῆς
3200 1394 3441 1466 ἀδελφῆς
3465 1393 3564 1447 τοῦ
3593 1394 3692 1463 βα-

2105 1488 2301 1552 σιλέως
2335 1490 2661 1558 συγγένειαν
2684 1506 2698 1521 ·
2733 1491 2830 1543 καὶ
2858 1489 3018 1560 ὅρκοι
3043 1487 3104 1542 τὸ
3128 1487 3316 1541 λοιπὸν
3353 1483 3692 1554 προύϐαινον

2104 1583 2195 1635 ἐπὶ
2230 1581 2444 1646 τούτοις
2489 1584 2584 1637 καὶ
2619 1583 2925 1646 συνθεσίαι,
2973 1583 3068 1637 καὶ
3102 1584 3135 1654 ἡ
3171 1581 3504 1642 δεσπόσυνος
3552 1579 3693 1649 κράο

2103 1675 2263 1728 λαινα
2289 1673 2644 1746 ὲπικέκλητο.
2676 1676 2857 1730 Μόνον
2884 1677 2929 1729 δ’
2957 1671 3025 1746 ἦν
3050 1677 3299 1746 ἀπαντᾷν
3320 1672 3508 1728 λοιπὸν
3543 1671 3691 1726 κατά

2103 1764 2202 1834 τὴν
2228 1765 2520 1817 Θεσσαλῶν
2559 1765 2897 1837 μητρόπολιν
2929 1765 3174 1836 βασιλέα,
3198 1764 3274 1829 ὡς
3297 1763 3696 1835 διαπρεσϐευο·

2111 1857 2296 1926 μένοις
2328 1856 2631 1923 συνέκειτο,
2664 1859 2760 1910 καὶ
2788 1857 2848 1910 οὗ
2861 1875 2964 1922 τως
2988 1857 3166 1910 ἐλθεῖν
3197 1856 3432 1926 κράλην,
3464 1853 3564 1908 καὶ
3591 1853 3695 1924 τὴν

2107 1947 2202 2001 τοῦ
2229 1949 2477 2021 Τερτερῆ
2516 1949 2618 2019 μὲν
2667 1950 3027 2006 ἀποστέλλειν
3060 1949 3138 2021 τῷ
3168 1949 3400 2018 βασιλεῖ,
3443 1945 3698 2018 προδιδό-

2110 2056 2201 2093 ναι
2239 2038 2296 2094 δὲ
2327 2040 2424 2093 καὶ
2457 2041 2551 2094 τὸν
2601 2041 2964 2112 Κοτανίτζην,
3016 2041 3319 2112 λαμϐάνειν
3352 2039 3410 2093 δὲ
3460 2039 3565 2110 τὴν
3595 2037 3696 2092 τοῦ

2112 2131 2376 2202 βασιλέως
2408 2133 2660 2202 γνησίαν,
2685 2133 2753 2204 ἢν
2773 2132 2838 2204 δὴ
2864 2133 2960 2187 καὶ
2983 2133 3259 2202 Σιμωνίδα
3277 2130 3699 2202 ὲκυριωνύμουν

2121 2222 2406 2294 Ῥωμαῖοι,
2444 2224 2541 2279 καὶ
2593 2223 2771 2288 οὕτως
2801 2225 2939 2296 αὐτῇ
2975 2223 3352 2292 συνοικοῦντα,
3406 2223 3551 2296 πλὴν
3600 2223 3712 2302 τὸν⁵

2113 2406 2320 2476 pacisci
2361 2406 2802 2464 constantissiml
2826 2408 2939 2478 jam
2973 2408 3029 2466 in
3065 2408 3408 2480 designatum
3439 2421 3701 2464 socerum

2110 2502 2416 2572 Augustum
2451 2501 2700 2572 obsequii
2737 2501 3021 2568 dubitans,
3059 2511 3231 2558 totum
3265 2517 3324 2558 se
3377 2499 3620 2557 addebat
3649 2502 3702 2555 in

2112 2601 2343 2649 conatus
2372 2593 2764 2663 persuadendac
2805 2609 2920 2652 sua:
2960 2594 3350 2651 addictissima
3375 2594 3704 2664 imperatori

2113 2683 2434 2748 voluntatis,
2465 2683 2799 2740 inviolabilis
2833 2685 2890 2738 in
2925 2683 3030 2740 ﬁde
3052 2685 3471 2756 perseverantiae
3507 2667 3719 2756 quan-5

2112 2775 2184 2832 tis
2213 2790 2350 2845 opus
2378 2775 2656 2832 videretur
2689 2777 3008 2848 pignoribus
3038 2748 3342 2832 lirmandae.
3389 2748 3560 2847 27¢
3594 2748 3722 2870 Ti":

2114 2869 2244 2924 lesa
2286 2869 2544 2940 principe
2571 2879 2840 2939 suspecta
2883 2869 3150 2925 hactenus
3193 2867 3432 2924 levitatis
3470 2867 3712 2938 ingemi-

2116 2959 2234 3016 nari
2277 2960 2381 3016 sibi
2436 2961 2870 3017 eontestationes
2920 2958 3312 3016 sincerissima:
3347 2965 3403 3015 et
3448 2959 3520 3014 ab
3550 2958 3711 3015 omni

2118 3053 2363 3122 periculo
2396 3052 2776 3110 instabilitatis
2807 3052 3190 3109 remotissimae
3216 3052 3496 3108 ﬁdelitatis
3525 3051 3711 3108 liben-

2116 3154 2200 3200 ter
2242 3147 2505 3202 audiebat
2558 3145 2902 3217 imperator;
2953 3145 3135 3216 iisque
3191 3152 3254 3201 ut
3307 3146 3606 3211 crederet,
3643 3160 3713 3202 eo

2117 3237 2394 3294 edicaeius
2418 3236 2824 3305 adducebatur,
2859 3236 3006 3308 quod
3038 3237 3172 3294 satis
3204 3236 3547 3309 intelligebat
3584 3237 3732 3314 Ill"

2119 3331 2227 3386 lam
2285 3330 2566 3386 undelibet
2627 3330 2816 3386 oﬂ‘erri
2879 3330 3056 3387 Serbo
3106 3345 3271 3401 posse
3326 3330 3717 3386 conditionem

2094 3429 2352 3490 tantam,
2398 3438 2520 3494 quae
2555 3423 2987 3493 praeponderans
3040 3423 3350 3479 commodis
3379 3438 3444 3479 ex
3468 3423 3721 3493 impera-

2121 3514 2264 3570 torio
2295 3515 2649 3569 matrimonio
2701 3515 2939 3584 speratis
2992 3514 3144 3570 illum
3174 3515 3396 3572 eliceret
3436 3515 3495 3570 in
3543 3515 3721 3570 ullam

2120 3605 2510 3676 cogitationem
2569 3607 2855 3671 novitatis,
2888 3619 2997 3678 qua
3040 3607 3475 3678 irreparabiliter
3504 3623 3570 3663 se
3598 3623 3727 3664 cor-

2124 3705 2418 3768 rupturum
2477 3704 2586 3752 tam
2623 3698 2834 3769 amplas
2883 3707 2936 3753 et
2987 3709 3168 3756 certas
3198 3713 3323 3770 spes
3353 3700 3587 3757 traheret
3616 3703 3730 3757 evi-

2124 3790 2452 3847 dentissime
2509 3804 2881 3863 perspectum.
2945 3793 3126 3862 Quare
3193 3794 3297 3850 hoc
3384 3801 3732 3867 prOpensius

2125 3885 2378 3940 incubuit
2435 3885 2489 3940 in
2533 3885 2704 3952 istud,
2741 3895 3018 3956 utcunque
3071 3889 3187 3944 suis
3231 3905 3341 3946 non
3395 3904 3607 3946 carens
3642 3892 3735 3945 in-

2127 3978 2453 4045 commodis,
2493 3980 2794 4036 consilium
2842 3981 2968 4038 talis
3021 3982 3224 4053 negotii
3272 3981 3528 4054 urgendi,
3570 3985 3733 4054 quod

2128 4081 2185 4128 et
2220 4070 2346 4127 fecit
2393 4071 2962 4129 bonoriticentissima
2988 4075 3173 4130 statim
3199 4074 3535 4131 destinanda
3566 4076 3737 4147 lega-

2129 4165 2278 4220 tione
2334 4162 2400 4218 ad
2449 4164 2672 4228 cratem,
2711 4180 2819 4236 qua
2877 4167 3046 4220 tiliam
3100 4165 3364 4222 oﬂ‘erebat
3425 4167 3483 4222 in
3533 4167 3740 4224 locum

2131 4257 2362 4324 sororis,
2397 4259 2842 4315 commendando
2875 4259 3041 4314 etiam
3073 4274 3170 4331 per
3199 4274 3260 4315 se
3294 4260 3740 4332 incomparabili

2131 4349 2379 4405 muneris
2418 4349 2620 4420 pretio,
2670 4357 2779 4404 tam
2839 4350 3056 4408 blandis
3105 4351 3394 4422 exquisitae
3424 4350 3746 4407 charitatis

2134 4441 2381 4506 indiciis,
2436 4451 2495 4497 ut
2547 4443 2948 4500 incredibiliter
2997 4445 3261 4502 delinitus
3318 4445 3390 4502 iis
3445 4445 3748 4501 barbarus

2137 4537 2324 4595 statim
2373 4538 2522 4594 ultro
2573 4537 2845 4607 juraverit
2889 4547 3152 4594 aeternam
3201 4551 3330 4592 cum
3390 4535 3753 4607 imperatore

441 4628 718 4685 commodi
754 4626 962 4698 publici
995 4640 1061 4682 ac
1085 4633 1232 4681 metu
1261 4631 1651 4681 secuturorum
1681 4623 1738 4678 in
1769 4636 2027 4692 magnum
2055 4627 2110 4689 ι)
2136 4633 2485 4689 concordiam
2512 4648 2528 4700 ;
2590 4647 2654 4687 ex
2711 4645 2887 4701 eoque
2921 4632 3036 4702 iam
3092 4641 3341 4703 tempore
3370 4633 3755 4702 sponsalibus

443 4723 834 4794 detrimentum
886 4721 964 4776 rei
1023 4718 1313 4784 Romanae,
1376 4717 1430 4771 ni
1489 4715 1572 4771 sic
1625 4722 2030 4779 averterentur,

442 4815 690 4886 gravium
724 4813 1016 4875 malorum,
1047 4811 1288 4882 denique
1319 4809 1376 4865 in
1423 4825 1541 4864 eam
1582 4817 1791 4879 partem
1823 4805 2032 4863 inﬂexit

445 4904 768 4976 aliquandiu
828 4904 1089 4959 libratam
1143 4900 1558 4958 deliberationis
1621 4901 1859 4964 lancem,
1894 4915 2034 4971 prae-

447 4999 634 5054 sertim
693 5011 818 5053 cum
878 5001 1158 5064 reputaret
1209 4991 1483 5048 defectum
1541 4992 1711 5047 istum
1775 4993 1829 5048 in
1887 4993 2036 5049 crale

452 5091 717 5147 slaritatis
752 5105 816 5145 ex
867 5088 986 5160 pari
1018 5087 1403 5157 respondentis
1443 5085 1719 5142 nobilitati
1767 5087 2034 5156 Augustae

455 5184 703 5254 virginis,
745 5170 1060 5238 necessaria
1111 5180 1181 5234 ob
1225 5177 1390 5249 hujus
1425 5179 1777 5234 immaturam
1827 5180 2038 5249 nuptiis

453 5285 665 5331 atatem
727 5271 1060 5328 matrimonii
1099 5269 1360 5324 dilatione
1415 5271 1560 5326 velut
1626 5271 1906 5340 expiatum
1973 5285 2038 5325 ac

453 5367 857 5438 quadamtenus
914 5370 1206 5434 purgatum
1266 5363 1354 5428 tri,
1399 5361 1528 5416 dum
1583 5362 1794 5432 sperari
1852 5369 2041 5433 posset

453 5462 559 5516 ista
593 5472 744 5513 mora
798 5457 947 5510 illum
985 5453 1310 5509 annisurum
1369 5453 1762 5510 commendare
1798 5469 1942 5521 sese,
1977 5469 2041 5510 ac

453 5549 757 5620 uiajoribus
805 5546 1046 5609 meritis,
1090 5545 1316 5616 dignum
1361 5544 1589 5603 reddere
1623 5557 1732 5602 tam
1786 5545 2042 5603 sublimis

451 5641 777 5698 excellentia
833 5637 1116 5696 connubii.
1159 5638 1266 5694 ista
1314 5639 1418 5694 sibi
1473 5640 1756 5711 proposita
1802 5640 2042 5696 secunda

452 5732 794 5802 cogitatione
840 5731 1193 5800 imperatoris
1247 5731 1570 5786 mirabiliter
1613 5731 1821 5786 exarsit
1866 5729 2044 5785 crales

453 5825 508 5879 in
554 5823 892 5888 desiderium
943 5834 1054 5878 tam
1096 5823 1324 5882 illustris
1377 5833 1434 5879 et
1484 5838 1609 5892 spes
1653 5831 1885 5891 votaque
1945 5837 2045 5876 sua

454 5917 637 5988 priora
661 5917 977 5976 excedentis
995 5930 1235 5987 sponsa,
1258 5930 1467 5988 proque
1492 5918 1584 5971 illa
1611 5916 1746 5970 nihil
1773 5915 2042 5970 continuo

2132 4717 2240 4775 rite
2271 4719 2548 4788 utrimque
2577 4719 2875 4790 stipulatis,
2902 4735 3028 4791 quae
3062 4721 3212 4791 regia
3245 4720 3574 4793 virguncula
3616 4721 3754 4776 fue-

2135 4819 2222 4866 rat
2249 4818 2476 4867 eatcnus
2523 4811 2856 4884 desposyna,
2906 4812 3012 4869 hoc
3042 4822 3126 4869 est
3153 4812 3562 4869 dominantium
3605 4813 3757 4880 (ilia,

2135 4913 2350 4970 vocata,
2383 4904 2623 4959 eralana
2669 4903 2800 4961 inde
2833 4919 2864 4961 a
2917 4907 3105 4976 sponsi
3137 4907 3408 4962 vocabqu
3442 4907 3758 4962 nominari

2137 5007 2319 5066 empta
2353 5001 2460 5052 est.
2486 4995 2792 5052 Restabant
2822 4997 2998 5054 solum
3027 4999 3368 5054 exsecutioni
3400 4999 3766 5055 mandanda:

2138 5088 2389 5157 concepti
2426 5087 2713 5159 juratique
2756 5089 3038 5160 utrimque
3085 5104 3117 5144 a
3151 5089 3346 5161 legatis
3381 5090 3768 5162 imperatoris

2139 5189 2194 5236 et
2222 5179 2388 5236 cralis
2434 5181 2786 5238 conditiones
2839 5181 3086 5239 traderis.
3126 5183 3230 5239 Per
3275 5184 3372 5239 has
3421 5193 3546 5239 erat
3617 5191 3772 5256 pm-

2143 5273 2372 5329 missum
2408 5273 2616 5328 iturum
2650 5275 2705 5328 in
2745 5275 3137 5332 Thessalorum
3173 5277 3532 5347 metropolim'
3560 5277 3774 5350 impe-

2145 5372 2412 5427 ratorem,
2465 5377 2644 5432 eoque
2693 5379 2819 5420 mox
2872 5365 2940 5420 ad
2983 5366 3139 5421 illum
3179 5377 3469 5422 venturum
3500 5370 3777 5436 cratem,

2142 5454 2427 5524 praemissa
2476 5455 2603 5526 ipsi,
2645 5470 2810 5525 quam
2856 5471 3008 5512 nunc
3046 5458 3166 5513 vice
3199 5457 3454 5529 conjugis
3485 5458 3782 5527 haberet,

2147 5545 2256 5600 ﬁlia
2285 5543 2529 5601 Terteris
2561 5564 2575 5614 ;
2611 5547 2924 5604 dediturum
2958 5549 3122 5606 etiam
3165 5551 3345 5606 eidem
3387 5550 3785 5623 Cotanizam,

2148 5653 2358 5708 proque
2411 5639 2520 5694 illis
2567 5640 2813 5695 vicissim
2859 5650 3214 5712 accepturum
3263 5643 3503 5714 Augusti
3549 5644 3788 5714 ﬁliam,

2147 5745 2310 5798 quant
2367 5729 2711 5787 Simonidem
2762 5734 2986 5804 proprio
3037 5733 3280 5791 Romani
3315 5737 3544 5792 nomine
3591 5753 3791 5796 voca-

2151 5825 2315 5886 bant;
2353 5838 2474 5877 cam
2534 5824 2588 5878 in
2637 5824 2807 5880 domo
2853 5828 3022 5883 cralis
3077 5828 3418 5884 educandam
3462 5845 3676 5902 usque
3714 5837 3791 5891 ad

2151 5916 2391 5972 nubilem
2427 5925 2684 5978 aetatem;
2719 5927 2886 5975 atoue
2933 5922 3110 5991 ipsum
3155 5923 3376 5977 interim
3415 5933 3471 5979 et
3520 5941 3601 5981 ex
3640 5939 3798 5987 tunc
