3922 6574
2435 300 2470 325 θ

223 511 318 573 305
1131 513 1226 575 DE
1251 513 1698 578 ANDRONICO
1736 515 2208 578 PAL/EOLOGO
2248 518 2391 581 LIB.
2437 517 2549 581 III.
3354 513 3461 578 306

225 634 501 704 συναφείας
553 637 743 708 καιρὸν
781 635 1123 709 ἀναμένοντα
1147 680 1162 704 ,
1213 639 1271 692 ἐν
1317 638 1477 694 παισὶ
1516 638 1777 710 τετάχθαι
1807 639 1851 695 Α
1882 637 2078 707 ριεῖναι
2106 639 2327 691 κάκεῖνο
2353 635 2758 705 φυλαττόμενον
2783 633 2966 687 ἕνεκα.
2998 633 3059 684 '0
3075 631 3138 703 δὴ
3159 631 3250 685 καὶ
3272 632 3466 702 γέγονε

223 730 307 783 καὶ
343 728 510 799 φίλοις
543 731 795 801 γνησίοις
825 730 905 803 τῷ
930 731 1161 802 βασιλεῖ.
1884 730 2007 782 τότε
2039 730 2300 800 βασιλέως
2330 727 2760 801 προστάξαντος,
2793 729 2887 780 καὶ
2913 725 2989 797 τῷ
3013 727 3219 796 Σίμωνι
3244 726 3272 778 ὀ
3295 725 3468 796 κηρὸς

223 842 312 914 ιβ’.
340 845 473 912 Περὶ
514 842 626 912 τῆς
671 845 1004 914 ὀνομασίας
1050 844 1164 914 τῆς
1211 846 1624 914 δεσποσύνου,
1655 842 1782 914 ,πῶς
1885 821 2250 889 ἐνελέλειπτον
2295 823 2388 877 καὶ
2441 823 2738 894 Σιμωνὶςή
2780 823 3080 914 ἀρτιγὲνῆς
3117 819 3466 914 παρωγύμφὶ

732 909 995 986 Σὶμωνίςῖ
1014 909 1270 985 ὲκλῆθη.
1611 909 1622 914 ⁷
1758 909 1772 914 ⁷
1885 914 2116 986 ἐκλήθη,
2145 916 2245 984 τὴν
2294 913 2594 985 ὀνομασίαν
2621 914 2715 967 τοῦ
2749 912 3050 968 ἀποστόλου
3105 912 3185 974 είς
3215 909 3464 982 φυλακὴν

284 1006 354 1062 Οὐ
391 1009 574 1078 χεῖρον
605 1006 652 1060 δ’
691 1007 822 1072 ἴσως
871 1009 970 1062 καὶ
1011 1007 1113 1080 τὴν
1150 1009 1250 1080 τῆς
1279 1006 1574 1077 ὀνομασίας
1599 1007 1782 1062 αἰτίαν

224 1101 382 1154 εἰπεῖν
417 1098 751 1170 ἱστοροῦσιν.
797 1098 1021 1153 Ἐλύπει
1067 1098 1144 1170 τῷ
1185 1098 1400 1170 βασιλεῖ
1431 1099 1640 1154 παίδων
1685 1098 1782 1169 0n-

221 1192 364 1246 λειῶν
395 1192 640 1265 ἀποϐολὴ
671 1192 804 1264 πρὶν
833 1193 1015 1256 καλῶς
1062 1193 1158 1246 καὶ
1189 1192 1444 1263 φανῆναι,
1488 1193 1580 1248 καὶ
1617 1190 1781 1246 τοῦτο

223 1286 304 1337 ἐπὶ
342 1285 460 1338 δυσὶ
495 1286 593 1339 καὶ
632 1285 781 1356 τρισὶ
832 1286 993 1340 παισὶ
1030 1284 1279 1355 γέγονεν.
1323 1285 1478 1338 Ἐπεὶ
1516 1283 1572 1337 δὲ
1619 1283 1776 1356 καὶὴ

221 1379 380 1442 νεᾶνις
405 1376 550 1448 αὕτη
583 1377 925 1446 ἀπεγεννᾶτο
984 1377 1082 1433 καὶ
1136 1377 1302 1446 φόϐος
1337 1376 1509 1441 δεινὸς
1565 1370 1634 1448 ἦν
1683 1377 1782 1432 καὶ

221 1471 332 1539 περὶ
360 1470 524 1540 αὐτῇ,
553 1469 664 1524 τῶν
690 1487 776 1534 τις
812 1471 1089 1539 γυναικῶν
1118 1470 1425 1541 ἐμπείρων,
1453 1470 1571 1540 ἅμα
1596 1469 1653 1524 at
1683 1469 1780 1524 καὶ

221 1561 438 1630 σεμνιίν,
477 1561 676 1632 βουλὴν
709 1563 944 1630 είσάγει,
975 1562 1117 1634 πλὴν
1157 1561 1256 1634 τὴν
1292 1561 1498 1632 συνήθη
1537 1561 1775 1628 πολλοῖς,

219 1655 325 1708 καθ’
349 1657 411 1728 ἣν
440 1655 506 1726 δὴ
526 1655 624 1711 καὶ
654 1656 916 1722 σώζοιντο
937 1657 1005 1711 τὰ
1027 1657 1365 1727 γεννήματα.
1397 1657 1509 1710 Καὶ
1531 1657 1564 1726 ὴ
1589 1656 1776 1728 βουλὴ,

219 1748 411 1812 εἰκόνας
472 1747 581 1801 τῶν
643 1747 998 1818 προύχόντων
1075 1749 1134 1802 ἐν
1195 1746 1518 1810 ἀποστόλοις
1569 1745 1780 1801 δώδεκα

1885 1005 2154 1079 φέρουσα.

2145 1101 2249 1170 λγ’.
2283 1098 2421 1170 Περὶ
2452 1099 2558 1152 τοῦ
2576 1097 2868 1168 μεγίστου
2898 1094 3204 1166 χειμῶνος.

1955 1194 2089 1248 Τότε
2111 1193 2291 1248 τοίνυν
2323 1194 2418 1248 καὶ
2447 1192 2655 1264 χειμὼν
2695 1193 3012 1263 ἐφειστήκει
3047 1193 3144 1246 καὶ
3175 1187 3466 1261 χειμώνων

1884 1286 1913 1338 ὀ
1955 1289 2240 1356 μέγιστος,
2279 1289 2372 1340 καὶ
2408 1286 2518 1339 τῶν
2552 1285 2822 1353 ἐξαισίων,
2865 1285 2954 1338 καί
2983 1283 3041 1337 ὃν
3075 1283 3204 1337 ίδεῖν
3244 1299 3332 1335 πω
3369 1279 3467 1335 καὶ

1884 1381 2262 1448 γηράσκουσιν
2316 1379 2570 1451 οὐδαμῶς
2614 1379 2912 1447 ἐξεγένετο.
2966 1376 3108 1446 Τόση
3157 1375 3268 1444 γὰρ
3327 1370 3463 1444 χιὼν

1884 1470 2302 1537 ἔπεστοίϐαστο,
2354 1470 2430 1535 ὡς
2466 1470 2784 1542 κλεισθῆναι
2829 1468 2929 1540 μὲν
2962 1466 3152 1521 οίκιῶν
3182 1464 3290 1518 τῶν
3331 1465 3466 1536 χθαο

1886 1562 2074 1635 μαλῶν
2096 1563 2386 1630 διεξόδους,
2425 1564 2677 1635 σημείοις
2717 1562 2771 1615 δέ
2819 1578 2929 1616 τισι
2975 1559 3071 1614 καὶ
3101 1561 3312 1621 κοντοῖς
3347 1559 3462 1621 τοῖς

1885 1653 1984 1724 μὲν
2003 1653 2457 1724 στοχαζομένους,
2481 1655 2597 1716 τοῖς
2615 1652 2660 1706 δ’
2688 1652 2940 1723 ὀργάνοις
2964 1649 3282 1722 χρωμένους
3312 1647 3467 1710 τινὰς

1884 1745 2204 1816 ὑπανοίγειν
2248 1748 2362 1810 τοῖς
2402 1745 2766 1816 ὲγκλεισθεῖσι
2815 1745 2884 1798 τὰ
2931 1743 3193 1814 δώματα,
3243 1740 3338 1794 καὶ
3371 1739 3466 1793 ἐπὶ

221 1842 512 1910 στήσαντας
542 1843 749 1914 κηροὺς
779 1843 1070 1914 ἰσομήκεις
1092 1858 1149 1894 τε
1172 1840 1267 1895 καὶ
1294 1839 1655 1910 ίσοστάθμους
1684 1840 1781 1893 καὶ
1881 1837 2168 1902 πλείσταις
2199 1837 2434 1908 ἡμέραις
2490 1838 2693 1910 μηδένα
2731 1838 2834 1906 γῆν
2886 1836 2918 1907 ἢ
2982 1836 3111 1889 ἰδεῖν
3158 1833 3192 1904 ἦ
3235 1833 3458 1896 πατεῖν,

218 1935 298 2006 ἅμ’
332 1935 615 2006 ἡμμένους
653 1935 738 1990 ἀν’
777 1933 1017 2003 ἑκάστην
1049 1932 1350 2002 πήξασθαι,
1381 1931 1478 1986 καὶ⁹
1507 1930 1651 2002 ὑπὲρ
1681 1931 1777 1986 τοῦ
1884 1930 2000 1985 ἀλλ’
2029 1931 2120 1983 ἐπὶ
2149 1929 2542 2002 πεπλησμένης
2587 1930 2767 2001 χιόνος
2803 1928 2877 1993 ὡς
2909 1927 3150 1998 στερρᾶς
3172 1925 3465 1996 γεγονυίας

218 2027 388 2080 νεωστὶ
447 2028 802 2099 γεννηθέντος
834 2026 899 2100 [Ρ
945 2025 1069 2099 188]
1129 2024 1396 2080 ἱκετεύειν
1447 2023 1775 2095 ψάλλοντος,
1809 2006 1856 2070 Β
1885 2023 1989 2094 γῆς
2024 2024 2187 2094 μέχρι
2219 2025 2314 2078 καὶ
2341 2023 2511 2094 ἐγγὺς
2551 2023 2713 2094 ἔαρος
2743 2023 2871 2086 τοὺς
2907 2021 3091 2085 ὀδίτας
3120 2017 3463 2090 δ.ἑρχεσθαι,

219 2119 495 2190 ἐπέχοντας
528 2119 628 2191 τὴν
650 2120 819 2190 εὐχὴν
851 2120 1015 2191 μέχρι
1051 2119 1146 2173 καὶ
1172 2119 1342 2190 αὐτῆς
1372 2116 1436 2189 δὴ
1468 2117 1567 2184 τῆς
1595 2116 1660 2171 ὲκ
1683 2115 1778 2171 τοῦ
1883 2117 1980 2170 καὶ
2015 2117 2250 2186 μάταιον
2285 2111 2422 2170 εἶναι
2454 2115 2516 2168 τὸ
2565 2115 2652 2186 ἐφ’
2701 2115 2870 2168 ἵππου
2900 2112 3170 2184 ὀχεῖσθαι,
3202 2109 3344 2181 πλὴν
3370 2108 3465 2163 τοῦ

1884 2208 1980 2262 καὶ
2007 2209 2209 2279 μᾶλλον
2237 2208 2537 2275 ἐξολισθεῖν
2564 2208 2918 2263 κινδυνεύειν.
2950 2205 3139 2261 Ταῦτα
3163 2203 3227 2277 δὴ
3253 2205 3346 2260 καὶ
3371 2203 3470 2273 τὴν

1885 2299 1982 2354 τοῦ
2042 2299 2311 2371 βασιλέως
2339 2303 2431 2357 ἐπὶ
2482 2301 2891 2371 θεσσαλονίκης
2934 2298 3298 2372 ἐκστρατείαν
3325 2298 3469 2352 ὲκώ-

1880 2391 2029 2448 λυεν.

220 2214 368 2284 πυρὸς
394 2215 510 2269 τῶν
542 2214 730 2287 κηρῶν
757 2215 1137 2287 δαπανήσεως,
1185 2213 1278 2268 καὶ
1310 2212 1397 2282 ἐφ’
1418 2205 1480 2268 οὗ
1517 2211 1582 2283 δὴ
1618 2213 1646 2265 ὀ
1683 2228 1782 2264 πε-

219 2303 550 2373 ριγενόμενος
604 2305 712 2359 τῶν
759 2306 934 2360 ἄλλων
980 2306 1117 2369 τέως
1159 2303 1570 2373 ἀφανισθέντων
1620 2301 1778 2372 ἔστη,

218 2397 383 2450 τούτου
421 2399 519 2452 καὶ
556 2397 794 2470 τοῦνομα
827 2401 894 2472 τῇ
939 2399 1220 2472 ἀρτιγενεῖ
1261 2397 1509 2452 τίθεσθαι
1540 2395 1637 2452 τοῦ
1683 2413 1781 2450 πε-

220 2575 303 2631 lilii
328 2575 723 2632 necessitudini
756 2587 809 2633 et
837 2575 1134 2633 individua).
1163 2577 1341 2634 intimi
1394 2577 1560 2634 amici
1599 2578 1779 2635 socie-

218 2669 298 2722 tati
318 2681 750 2724 consentaneum
782 2671 971 2742 gratiae
1003 2671 1183 2727 locum
1214 2670 1360 2741 apud
1387 2671 1775 2742 imperatorem

223 2761 546 2817 habiturum.

218 2876 294 2933 52.
338 2878 412 2934 De
467 2883 887 2954 nomenclatione
946 2885 1305 2953 imperatoriae
1357 2885 1617 2954 virginis,
1686 2897 1781 2936 cur

604 2955 764 3022 fuerit
799 2953 1044 3011 Simonis
1076 2955 1369 3025 appellata.

279 3045 392 3102 Non
448 3046 550 3101 abs
608 3063 687 3114 re,
736 3048 952 3117 opinor,
987 3046 1157 3103 fuerit
1207 3049 1407 3104 docere
1447 3049 1541 3104 hic
1597 3049 1780 3106 obiter

217 3137 459 3194 lectorem
493 3154 744 3208 quaenam
779 3140 916 3196 satis
943 3139 1220 3194 inusitatae
1254 3139 1308 3194 in
1341 3142 1442 3194 hac
1485 3139 1634 3210 regia
1664 3141 1777 3196 vir-

217 3231 434 3298 guncula
484 3230 947 3286 nomenclationis
997 3230 1253 3285 inciderit
1313 3232 1557 3287 occasio.
1609 3232 1772 3305 277

1879 2576 2213 2649 imperatore
2243 2621 2256 2647 ,
2294 2589 2350 2636 et
2399 2581 2614 2636 cunctis
2673 2587 2957 2650 superstes
3013 2578 3204 2633 ardere
3243 2577 3465 2633 ultimus

1881 2681 2155 2728 cessasset
2188 2673 2444 2730 admotus
2469 2673 2644 2728 sancti
2686 2673 2924 2742 apostoli
2959 2669 3202 2727 Simonis
3232 2669 3466 2740 imagini

1881 2778 2096 2832 cereus,
2130 2780 2330 2820 nomen
2367 2766 2495 2820 inde
2541 2765 2738 2836 puella:
2789 2763 3064 2820 Simonidi
3105 2763 3310 2818 factum
3345 2774 3465 2828 est;

1881 2859 2181 2930 evenitque
2214 2859 2385 2916 litatis
2435 2859 2614 2926 votis,
2671 2867 2733 2913 ut
2773 2866 3006 2929 patrono
3060 2857 3298 2928 indigete
3328 2871 3468 2926 prae-

1889 2957 2072 3006 stante
2108 2951 2389 3007 infantilcs
2415 2953 2652 3007 eluctata
2695 2949 3013 3006 debilitates
3040 2950 3229 3020 puberi
3259 2964 3319 3004 se
3352 2949 3472 3004 feli-

1879 3042 2022 3100 citer
2051 3043 2200 3113 regia
2232 3042 2349 3098 haec
2397 3042 2581 3112 proles
2631 3041 2940 3097 admoverit
2984 3038 3392 3097 adolescentiae.

2339 3181 2431 3236 55.
2460 3179 2536 3235 De
2558 3180 2796 3234 maxima
2823 3179 3015 3233 hieme.

217 3317 372 3390 Egre
427 3321 748 3392 imperatori
795 3321 974 3376 fuerat
1005 3321 1256 3377 subtrahi
1309 3323 1538 3392 praecoci
1571 3323 1620 3379 ei
1663 3323 1776 3380 fato
1807 3355 1848 3413 ο
1958 3320 2058 3378 Hic
2100 3336 2264 3394 porro
2293 3335 2472 3378 annus
2503 3335 2611 3392 quo
2640 3318 2774 3375 inita
2807 3327 2893 3375 est
2934 3333 3056 3373 cum
3085 3318 3232 3373 crale
3260 3315 3468 3374 Serbiaa

219 3411 470 3469 femineos
519 3413 692 3479 fetus,
743 3413 796 3468 in
842 3413 963 3483 ipso
1018 3413 1207 3468 statim
1263 3413 1576 3470 exstinctus
1624 3423 1773 3472 ortu.

217 3500 494 3576 Postquam
528 3521 663 3576 ergo
715 3506 768 3560 id
817 3505 1015 3562 iterum
1069 3513 1124 3562 et
1167 3506 1352 3573 tertio,
1403 3507 1630 3564 totidem
1659 3509 1776 3565 ela-

218 3595 352 3652 tione
388 3609 719 3668 praamatura
762 3604 1019 3654 natarum
1068 3597 1171 3669 ipsi
1206 3611 1237 3653 e
1274 3599 1508 3670 conjuge
1554 3601 1778 3672 puella-

219 3700 348 3752 rum,
376 3704 600 3759 passum
647 3705 708 3746 se
755 3689 1109 3746 Andronicus
1143 3689 1294 3746 haud
1326 3691 1546 3748 modico
1585 3692 1778 3750 dolore

222 3781 547 3848 meminerat,
588 3794 846 3841 metuens
870 3785 924 3840 in
971 3785 1076 3840 hac
1118 3799 1344 3856 quoque
1399 3793 1599 3856 quarto
1631 3785 1776 3842 edita

221 3872 390 3928 uxoris
439 3883 602 3939 partu
657 3874 898 3931 similem
940 3877 1297 3932 acerbitatem
1351 3892 1516 3934 casus
1567 3875 1776 3945 infesti,

222 3962 433 4021 libenter
465 3967 684 4037 accepit
713 3968 1006 4022 consilium
1042 3983 1074 4022 a
1117 3969 1352 4040 quadam
1386 3970 1688 4026 venerabili
1721 3979 1778 4026 et

225 4056 392 4112 talium
419 4059 731 4129 experienti
773 4069 1024 4115 matrona
1061 4069 1398 4132 suggestum.
1443 4061 1570 4119 Haec
1599 4061 1780 4120 suasit

223 4147 442 4218 Angusto
491 4166 605 4205 rem
641 4166 742 4206 usu
777 4160 1076 4222 comperta:
1106 4169 1134 4205 a
1175 4154 1362 4208 multis
1391 4154 1444 4208 in
1481 4155 1600 4224 pari
1627 4155 1777 4210 cala-

227 4241 393 4294 mitate
440 4240 699 4297 utilitatis
735 4278 752 4304 ,
810 4256 1074 4297 successu
1137 4253 1329 4299 secuto
1384 4243 1636 4298 vitalium
1696 4245 1778 4300 sie

227 4330 634 4398 reddendorum,
666 4332 760 4402 qui
814 4334 971 4403 prius
1028 4334 1284 4404 praemori
1341 4334 1610 4400 solebant,
1653 4351 1778 4406 par-

226 4425 378 4486 tuum,
413 4422 671 4478 nimirum
721 4435 779 4479 ut
828 4425 1037 4479 circum
1070 4425 1265 4481 ordine
1297 4424 1514 4495 disponi
1558 4434 1778 4482 curaret

225 4509 464 4584 ituagines
515 4515 820 4586 primorum
868 4515 1076 4572 Christi
1139 4519 1521 4588 apostolorum
1572 4517 1778 4574 duode-

226 4604 314 4659 cim
338 4622 354 4672 ;
380 4607 630 4678 singulos
658 4609 852 4663 harum
885 4609 1085 4678 cuique
1116 4625 1311 4665 cereos
1343 4611 1592 4677 adderet,
1627 4612 1776 4682 paris

1888 3414 2204 3482 conventio,
2236 3412 2467 3484 insignis
2519 3410 2624 3467 fuit
2679 3410 2864 3482 rigore
2912 3408 3111 3464 hiemis
3141 3424 3248 3464 non
3285 3410 3464 3466 solum

1883 3506 2145 3573 maximo,
2197 3505 2296 3562 sed
2356 3513 2432 3569 et,
2487 3510 2547 3558 ut
2595 3502 2679 3558 sic
2739 3502 2957 3573 loquar,
2990 3502 3468 3573 prodigiosissimo

1881 3600 2044 3654 facile
2072 3597 2345 3662 omnium,
2382 3604 2654 3667 quotquot
2710 3595 2872 3650 annis
2937 3602 3085 3650 retro
3137 3595 3306 3665 lapsis
3335 3611 3464 3666 pos-

1878 3697 2006 3748 sent
2060 3689 2271 3746 vidisse
2305 3688 2587 3745 recordari
2642 3687 2734 3758 qui
2794 3687 3202 3758 longevissime
3237 3689 3464 3755 senuis-

1882 3793 2027 3840 sent.
2061 3782 2223 3838 Tanti
2253 3781 2459 3838 nivium
2491 3795 2722 3852 aggeres
2753 3795 2919 3850 supra
2958 3793 3121 3836 omne
3155 3781 3324 3852 278
3354 3780 3469 3836 late

1879 3875 2056 3932 solum
2085 3876 2452 3942 increverant,
2489 3882 2548 3927 nt
2579 3873 2762 3929 aditus
2800 3873 3153 3927 obstruerent
3199 3873 3465 3929 domuum

1879 3966 2234 4026 bumiliorum
2270 3976 2326 4023 et
2357 3969 2474 4036 ipsa
2517 3966 2784 4021 ostiorum
2823 3963 3269 4034 superliminaria
3303 3978 3466 4020 cxce-

1881 4057 2076 4114 dentes
2132 4057 2402 4112 incertum
2462 4055 2639 4112 oculis
2691 4054 3070 4122 relinquerent
3125 4071 3233 4126 qua
3297 4065 3456 4126 parte

1880 4148 2098 4222 ingredi
2146 4150 2446 4222 egredique
2507 4149 2635 4206 inde
2693 4148 3037 4204 habitatores
3074 4156 3463 4205 consuessent.

1881 4243 2026 4317 Ergo
2059 4245 2234 4316 signis
2274 4245 2608 4317 quibusdam
2665 4253 2758 4299 aut
2809 4243 3099 4315 longorum
3155 4259 3251 4316 per
3281 4245 3467 4299 nivem

1880 4330 2324 4389 immissionibus
2378 4342 2671 4389 contorum
2730 4333 3058 4403 investigato
3109 4333 3218 4388 situ
3259 4333 3466 4404 januae.

1879 4423 2082 4494 quibus
2128 4435 2250 4480 erat
2300 4441 2433 4480 cura
2490 4427 2777 4496 suppetias
2834 4425 3001 4481 eundi
3038 4425 3174 4481 vivis
3209 4425 3464 4495 sepultis,

1879 4516 2020 4586 palis
2049 4516 2246 4574 deinde
2301 4518 2692 4588 similibusque
2727 4517 3110 4571 instrumentis
3156 4517 3464 4587 purgabant

1881 4607 1984 4662 iter
2033 4609 2100 4663 ad
2131 4607 2300 4674 fores,
2331 4619 2391 4663 ut
2421 4609 2501 4664 sic
2531 4619 2719 4679 portas
2748 4609 3124 4678 patefacerent
3147 4606 3465 4663 infelicibus

225 4685 351 4745 inter
383 4707 442 4749 se
476 4709 673 4750 omnes
729 4695 991 4766 ponderis
1041 4705 1098 4752 et
1158 4697 1524 4768 longitudinis
1582 4709 1775 4758 exacte
1800 4703 1856 4763 D
1881 4699 2150 4757 obsessis.
2186 4700 2310 4755 Alia
2335 4701 2544 4756 ratione
2566 4716 2727 4770 quam
2762 4700 2836 4754 ita
2863 4701 3108 4756 detracta
3141 4714 3302 4754 manu
3339 4700 3463 4756 nive

225 4779 435 4840 invicem
468 4785 776 4854 dimensa;
825 4787 926 4846 bas
957 4804 1142 4846 sacras
1170 4789 1359 4846 icones
1386 4798 1441 4846 et
1487 4790 1574 4848 his
1604 4806 1779 4863 appo-

227 4871 344 4931 sitas
377 4878 632 4935 candelas
679 4881 975 4950 imperaret
1005 4881 1054 4936 ci
1101 4881 1222 4938 loco
1255 4882 1466 4938 circum
1515 4897 1779 4940 accensas

230 4968 398 5034 statui,
431 4969 488 5025 in
526 4985 638 5040 quo
670 4971 806 5027 certi
861 4971 1111 5028 homines
1161 4981 1389 5028 orantes
1444 4989 1546 5044 pro
1589 4989 1779 5031 recens

227 5067 336 5113 nata
368 5062 605 5131 puellula
643 5063 888 5134 psalmos
927 5072 983 5120 et
1011 5065 1476 5136 supplicationum
1521 5067 1574 5123 id
1606 5083 1778 5139 genus

224 5141 466 5208 formulas
493 5153 806 5209 continenti
834 5163 1066 5211 eatenus
1096 5157 1388 5213 devotione
1420 5159 1782 5228 pronuntiare

225 5251 639 5313 perseverarent,
679 5246 862 5316 quoad
889 5246 1117 5318 depasta
1147 5249 1270 5319 igne
1296 5259 1621 5310 cunctorum
1653 5267 1780 5308 cera

229 5331 472 5394 funalium
524 5341 644 5396 haec
684 5341 892 5412 pariter
937 5341 1190 5397 universa
1242 5343 1428 5399 lucere
1460 5344 1778 5401 desiissent.

223 5422 620 5488 Observandum
679 5443 861 5487 autem
941 5446 1162 5489 cereum
1218 5449 1381 5504 quem
1437 5447 1779 5505 postremum

223 5522 547 5594 contingeret
576 5523 820 5590 absumi,
853 5532 906 5580 et
937 5523 1060 5594 ejus
1112 5525 1290 5580 sancti
1334 5526 1568 5598 apostoli
1620 5528 1780 5599 cujus

223 5609 398 5671 fuisset
449 5615 691 5688 imagini.
726 5615 1023 5687 adjunctus
1055 5617 1161 5674 iste
1197 5633 1308 5688 prae
1359 5620 1576 5676 caeteris
1619 5620 1780 5676 vivax

222 5717 414 5774 cereus,
480 5724 682 5764 nomen
740 5709 994 5780 puppulat
1045 5709 1352 5766 indendum
1398 5728 1412 5764 :
1467 5711 1563 5766 tali
1633 5712 1779 5768 enim

223 5796 408 5864 omine,
455 5800 533 5855 uti
573 5801 802 5872 pignore
851 5801 981 5857 inde
1010 5801 1252 5858 adfuturi
1305 5804 1619 5873 patrocinii,
1657 5819 1782 5875 spe-

225 5887 318 5939 rari
363 5889 566 5958 prolem
602 5891 744 5946 hanc
776 5893 1122 5962 superiorum
1157 5894 1303 5950 tristi
1338 5895 1640 5952 conditioni
1666 5898 1783 5954 exi-

228 5982 458 6036 mendam
485 5985 1002 6056 provehendamque
1043 5987 1265 6042 innoxie
1297 5990 1351 6042 in
1377 5989 1556 6044 aetatis
1586 5989 1782 6047 adultae

229 6073 578 6134 alubritatctn.
642 6079 716 6134 Ea
759 6095 881 6136 cum
930 6088 1116 6136 essent
1167 6089 1296 6138 tunc
1359 6091 1482 6138 acta
1542 6082 1767 6142 iubente

1882 4807 2048 4850 nemo
2072 4793 2175 4849 sub
2205 4793 2294 4850 dio
2326 4794 2511 4848 multis
2542 4793 2737 4848 diebus
2772 4802 2972 4848 terram
3006 4791 3142 4846 vidit
3166 4799 3258 4846 aut
3287 4791 3462 4846 vesti-

1881 4888 1971 4960 gio
2021 4889 2242 4960 pressit,
2285 4887 2668 4960 gradientibus
2695 4885 2914 4942 cunctis
2957 4901 3124 4956 supra
3160 4885 3283 4957 gelu
3326 4900 3463 4940 con-

1883 4988 2096 5036 cretum
2128 4990 2185 5037 et
2218 4980 2284 5035 ad
2321 4979 2678 5036 stabilitatem
2728 4979 2830 5034 soli
2874 4977 3161 5034 calcabilis
3213 4977 3462 5033 duratam

1882 5073 2229 5143 superﬁciem
2263 5073 2441 5129 nivosi
2489 5071 2690 5144 campi,
2724 5073 2908 5128 telluri
2947 5072 3156 5142 ubique
3207 5071 3465 5142 superim-

1881 5164 2054 5218 ducti.
2093 5162 2275 5234 Usque
2305 5165 2373 5220 ad
2407 5164 2660 5220 viciniam
2692 5165 2997 5234 proximam
3040 5177 3219 5218 vernae
3256 5173 3464 5233 tempe-

1883 5257 2044 5312 statis
2069 5257 2175 5313 ista
2221 5273 2390 5328 super
2428 5259 2582 5313 nives
2632 5255 2922 5314 incedendi
2960 5256 3265 5312 necessitas
3297 5256 3464 5309 dura-

1882 5347 1997 5416 vit;
2051 5364 2164 5418 quo
2225 5358 2340 5405 toto
2391 5347 2638 5421 tempore
2681 5351 2821 5405 dura
2881 5348 3128 5405 conditio
3185 5347 3458 5403 viatorum

1883 5443 2006 5511 fuit,
2070 5444 2306 5516 pedibus
2364 5445 2442 5499 uti
2501 5445 2743 5516 propriis
2783 5446 2868 5498 via
2933 5443 3238 5514 quamlibet
3296 5442 3460 5511 longa

1881 5542 2223 5588 coactorum.
2279 5534 2493 5604 Quippe
2535 5535 2787 5590 insanum
2843 5532 3043 5587 fuisset
3101 5531 3225 5601 equi
3289 5530 3458 5585 dorso

1883 5627 2022 5683 velle
2052 5625 2258 5693 invehi,
2307 5643 2434 5682 cum
2484 5627 2697 5699 pedites
2734 5625 2837 5696 ipsi
2870 5624 3160 5696 quantavis
3193 5621 3460 5678 sollicitu-

1882 5718 2012 5774 dine
2071 5732 2138 5773 ac
2189 5717 2380 5789 lapsus
2416 5717 2762 5789 praecavendi
2799 5723 3027 5781 conatu,
3075 5715 3256 5770 locum
3292 5716 3460 5770 vesti-

1881 5811 1989 5881 giis
2042 5810 2310 5882 legentes,
2360 5827 2642 5882 nunquam
2705 5811 2827 5866 sine
2873 5806 3311 5879 praesentissimo
3362 5817 3462 5860 ea-

1882 5903 2048 5959 dendi
2080 5904 2327 5975 periculo
2370 5904 2562 5974 pedem
2605 5904 2659 5957 in
2718 5902 2938 5956 lubrico
3000 5907 3225 5971 possent
3264 5899 3462 5968 ﬁgere.

1885 5993 2000 6048 Iloc
2042 5996 2358 6066 aliquandiu
2412 5996 2818 6049 incommodum
2853 5993 3087 6047 decretae
3143 5992 3462 6060 imperatori

1883 6089 2335 6146 Thessalonicam
2379 6102 2571 6144 versus
2608 6085 2974 6150 expeditionis
3023 6087 3164 6142 diem
3213 6085 3458 6141 ditludit.
