3922 6596
462 491 573 564 307

1714 510 2040 575 GEORGII
2082 504 2562 575 PACHYMERE

3617 524 3720 579 308

462 771 940 853 0'.‘:E{é_1€_vdlc_'
951 777 1391 853 ratiﬂamlétoq
1426 780 1521 836 ἐπὶ
1558 785 2038 852 Θεσσαλονίκης.
2074 787 2120 843 Α
2149 785 2523 853 πραττόμενα,
2556 783 2673 837 ἀλλ’
2693 778 2987 837 ἀνάπυστα
3013 784 3275 852 γεγονότα
3298 783 3389 835 καὶ
3412 780 3485 851 τῷ
3510 785 3721 851 τυχόντι

862 844 972 915 τῆς
1028 843 1113 917 εις
1148 843 1488 922 Σηλυϐρίαν
1516 855 1625 909 τοῦ
1674 843 2042 925 πατριάρχου

528 1051 762 1123 [1⁵192]
814 1052 999 1121 Μηνὸς
1060 1053 1118 1110 δὲ
1173 1056 1488 1127 Ληναιῶνος
1533 1059 1885 1129 ἐνεστηκότος
1938 1061 2042 1115 ὑπὸ

455 1148 595 1215 χιόνι
624 1148 1070 1220 ἐκσκιρῤωθεεσῃ
1096 1152 1158 1217 τῇ
1192 1153 1261 1219 γῇ
1294 1151 1390 1204 καὶ
1422 1152 1621 1216 πάγοις
1649 1155 1898 1225 στερροῖς
1928 1157 2042 1219 τοῖς

455 1240 517 1291 ἐκ
545 1239 776 1310 ταύτης,
806 1240 884 1303 ὡς
914 1241 1007 1295 καὶ
1039 1241 1219 1296 αὐτῶν
1246 1242 1329 1297 ἔτι
1358 1242 1467 1299 τῶν
1502 1245 1743 1298 άεννάων
1776 1245 2038 1313 ποταμῶν

453 1332 810 1403 ἐπεχομένων
843 1334 906 1387 τὸ
937 1333 1117 1405 ῥεῦμα
1156 1335 1247 1390 διὰ
1275 1336 1373 1409 τὴν
1406 1338 1463 1390 ἑν
1489 1336 1567 1407 τῷ
1598 1337 1752 1408 βάθει
1781 1338 1874 1392 τοῦ
1915 1335 2038 1392 ὓδα-

453 1436 545 1488 τος
584 1424 773 1497 πῆξιν,
806 1429 937 1497 παρ’
966 1430 1032 1500 ἦν
1071 1428 1254 1482 αἰτίαν
1288 1432 1383 1483 καὶ
1417 1430 1489 1501 γῆ
1524 1429 1928 1502 συστελλομένη
1960 1431 2038 1499 τῷ

454 1516 614 1586 κρύει
654 1514 853 1589 ὲζήμει
883 1519 950 1574 τὰ
980 1520 1185 1588 φυέντα
1239 1522 1334 1575 καὶ
1362 1522 1431 1575 τά
1464 1523 1792 1595 ἐσπαρμένα
1831 1522 2038 1577 παντά-

452 1624 625 1663 πασιν
645 1610 991 1681 ὴχρειοῠντο,
1018 1612 1114 1684 ὀψὲ
1133 1598 1492 1686 παρασκευῆς
1518 1615 1624 1669 ὑπὸ
1644 1614 1853 1687 λύχνων
1868 1616 2035 1684 ἁφὰς,

451 1702 564 1756 τῶν
612 1705 1035 1776 κεκοιμημένων
1084 1707 1207 1762 κατ’
1248 1707 1371 1772 ἔθος
1399 1708 1895 1779 μνημονευομένων
1938 1712 2038 1779 dp-

449 1799 628 1867 χαῖον,
662 1796 865 1863 ἔξεισιν
893 1798 923 1852 ὁ
956 1797 1212 1870 βασιλεὺς
1262 1802 1357 1855 καὶ
1391 1805 1452 1872 τῇ
1497 1801 1730 1873 Δριπειᾳ
1766 1803 1853 1874 ἐφ’
1900 1803 2039 1874 ἠμέ-

454 1903 579 1960 ραις
612 1891 916 1957 αὐλίζεται.
966 1894 1078 1947 Καὶ
1128 1894 1157 1946 ό
1209 1893 1309 1965 μὲν
1336 1893 1474 1959 τέως
1518 1895 1702 1967 ἐπεῖχε
1736 1895 1829 1949 τὸν
1867 1896 1927 1959 ἐς
1975 1896 2039 1947 τὸ

452 1977 644 2047 πρόσω
674 1977 897 2048 δρόμον,
929 1978 1111 2045 διδοὺς
1136 1981 1235 2051 μὲν
1258 1980 1517 2055 δεσποίνῃ
1549 1983 1945 2055 ὲνευκαιρῆσαι
1969 1984 2039 2038 τὰ

2149 877 2299 939 εἰκὸς
2336 871 2405 945 ἦν
2438 877 2696 929 κάκεῖνον
2736 875 2810 946 μὴ
2840 876 3081 945 ἀγνοεῖν,
3113 877 3162 929 εἰ
3196 875 3289 929 καὶ
3327 878 3354 928 ό
3388 874 3641 944 βασιλεὺς
3668 877 3722 927 ὲν

2145 969 2387 1038 δευτέρῳ
2414 966 2528 1039 εἶχε
2554 969 2613 1022 τὸ
2641 967 2777 1038 δῆλα
2808 968 3056 1037 γίνεσθαι
3079 967 3250 1023 ταῦτα
3284 968 3363 1036 τῷ
3405 970 3719 1039 πατριάρχη

2143 1062 2243 1131 οὐχ
2278 1057 2441 1132 ἦττον
2473 1063 2505 1135 ἢ
2541 1061 2635 1114 καὶ
2664 1061 2789 1124 τοὺς
2814 1064 2913 1132 τῆς
2944 1060 3221 1132 θαλάσσης
3264 1060 3417 1131 χόας,
3454 1061 3527 1125 ὡς
3564 1062 3722 1127 λέξε-

2141 1169 2252 1219 ται,
2304 1150 2461 1219 ἐξιὼν
2508 1152 2584 1217 ὡς
2632 1153 2794 1222 δῆθεν
2839 1154 3274 1223 συντακτηρὶους
3315 1152 3611 1206 ἀποδώσων
3647 1154 3723 1222 τῷ

2144 1246 2375 1314 βασιλεῖ,
2406 1248 2499 1299 καὶ
2530 1245 2599 1299 τὰ
2633 1246 2762 1314 περὶ
2789 1245 2981 1299 τούτου
3010 1246 3180 1299 κινεῖν
3210 1245 3267 1297 ὲν
3296 1242 3533 1317 πρώτοις
3564 1245 3719 1297 ὲεοῦμ

2138 1337 2282 1393 λετο.
2321 1338 2584 1401 Βασιλεὺς
2616 1339 2714 1405 μὲν
2746 1340 2877 1410 γὰρ,
2907 1338 3028 1393 ἐπεὶ
3058 1337 3211 1392 πόλλ’
3258 1340 3395 1392 ἄττα
3432 1339 3498 1391 τὰ
3549 1332 3722 1408 πραισ-

2141 1429 2408 1498 ιστάμενα
2440 1428 2516 1500 τῷ
2565 1429 2978 1500 συναλλάγματι
3030 1429 3411 1498 κατεφαίνετο.
3445 1430 3506 1482 τό
3559 1432 3605 1482 τ’
3640 1430 3723 1496 ἐφ’

2137 1521 2508 1592 όρκωμοσὶαις
2544 1516 2632 1576 τὸν
2664 1523 2872 1594 κράλην
2908 1525 3168 1593 φρικταῖς
3214 1523 3311 1593 τὴν
3341 1524 3433 1577 τοῦ
3474 1523 3719 1593 Τερτερῆ

2140 1614 2570 1684 προσλαϐέσθαι,
2614 1616 2674 1669 τό
2717 1632 2774 1669 τε
2825 1617 3073 1687 νομίμως
3117 1617 3299 1670 δοκεῖν
3337 1616 3720 1687 συνεζεῦχθαι,

2138 1705 2172 1775 ἥ
2210 1707 2257 1759 τ’
2302 1706 2669 1776 ἀφηλικίωσις
2706 1709 2805 1777 τῆς
2851 1707 3115 1774 νεάνιδος,
3159 1709 3253 1762 καὶ
3287 1708 3345 1762 τὸ
3394 1708 3602 1776 φθάσει
3632 1708 3723 1760 τὸν

2139 1798 2341 1869 Σέρόον
2373 1798 2474 1869 τὴν
2508 1797 2771 1866 τάδελφοῦ
2807 1797 3085 1869 Στεφάνου
3122 1800 3592 1883 γυναικαδέλφην,
3624 1799 3723 1851 εῖτ*

2138 1889 2233 1944 οὖν
2283 1891 2378 1945 καὶ
2420 1890 2588 1945 αὑτοῦ
2638 1888 2926 1961 βασιλέως,
2965 1891 3064 1959 τὴν
3100 1890 3192 1945 τοῦ
3222 1892 3390 1964 om»);
3439 1893 3724 1963 Οὒγγρῑας

2140 1984 2331 2054 κόρην,
2360 1985 2503 2037 κατὰ
2536 1983 2727 2055 χρείαν
2759 1986 2872 2046 τοῖς
2906 1985 3003 2053 τῆς
3030 1986 3265 2055 Σερδὶας
3286 1985 3475 2047 τόποις
3497 1984 3726 2038 ἐπιστᾶ-

451 2068 535 2129 et;
566 2067 665 2140 τὴν
696 2064 901 2137 ἔξοδον,
956 2070 1135 2136 διδοὺς
1170 2071 1226 2127 δὲ
1280 2070 1496 2144 βασιλεῖ
1542 2074 1765 2145 Μιχαὴλ
1817 2074 2036 2144 σύναμα
2073 2135 2110 2150 η
2142 2093 2245 2132 σαν
2265 2077 2359 2131 καὶ
2385 2078 2450 2131 τὰ
2485 2076 2756 2146 μοναχικὰ
2780 2078 3167 2148 ἠμφιεσμένην
3190 2078 3466 2150 πορνικῶς
3495 2076 3724 2146 γνῶναι.

452 2135 676 2233 MNT"?
706 2135 851 2216 κνατά
887 2135 1210 2235 νσΧολῆντᾶ
1261 2135 1360 2236 ἑῆς
1394 2135 1692 2237 ἀπάρσεως
1720 2135 2035 2238 ’ἑτοιμάέε-
2072 2135 2111 2191 Β
2142 2170 2310 2224 Ταῦτ’
2340 2170 2422 2233 εῑς
2448 2135 2507 2223 ἓν
2545 2135 2887 2240 συναγόμενα
2917 2135 3168 2241 αὐτάρκη
3219 2135 3285 2240 τέ)
3316 2135 3518 2240 πράξει
3554 2186 3728 2240 προσ-

455 2254 606 2321 σθαι,
643 2255 836 2325 καιρὸν
865 2257 1046 2311 δὲκαὶ
1080 2262 1192 2319 τοῖς
1232 2260 1377 2330 ἀμφὶ
1420 2262 1512 2315 τὸν
1547 2261 1769 2330 δέσμιον
1802 2259 2035 2329 ἀδελφὸν

452 2345 657 2416 ὑφιεὶς,
679 2347 803 2401 ἐπεὶ
825 2349 1085 2403 κάκεῖνον
1125 2351 1439 2420 ἀπάγεσθαι
1469 2352 1632 2421 ἔγνω,
1658 2352 1802 2407 κατὰ
1833 2353 2035 2420 τρόπον

449 2434 754 2504 ὑπεξιέναι.
786 2441 898 2497 Καὶ
922 2444 950 2497 ό
981 2443 1082 2514 μὲν
1097 2443 1276 2499 ταῦτα
1296 2460 1310 2477 ·
1355 2446 1612 2517 Ἰωάννης
1636 2446 1694 2501 δὲ
1722 2447 1750 2501 ὁ
1774 2447 2032 2516 τηνικάδε

450 2532 824 2605 πατριάρχης,
853 2534 977 2589 ἐπεὶ
1014 2536 1125 2590 οὐδ’
1155 2536 1341 2607 ἀφανῆ
1375 2532 1516 2610 ἦσαν
1566 2539 1635 2593 τὰ
1685 2538 1763 2610 τῷ
1818 2538 2034 2611 βασιλεῖ

2146 2261 2404 2317 ίστασθαι
2435 2260 2810 2328 κατεφαίνετο.
2852 2261 2909 2315 '0
2945 2260 3077 2330 γοῦν
3106 2260 3363 2333 βασιλεὺς
3407 2261 3498 2315 διὰ
3528 2261 3725 2320 ταῦτα.

2141 2352 2263 2422 ἅμα
2296 2351 2395 2421 μὲν
2424 2348 2493 2405 τὰ
2525 2349 2695 2405 πολλὰ
2724 2348 3064 2421 θεραπεύων,
3102 2351 3219 2422 ἅμα
3252 2351 3310 2406 δέ
3343 2366 3406 2421 γε
3445 2351 3543 2404 καὶ
3575 2352 3727 2418 λογι-

2139 2443 2369 2514 ζόμενος
2418 2441 2494 2508 ὡς
2528 2444 2582 2496 εἴ
2626 2458 2680 2496 τι
2720 2444 2817 2498 καὶ⁵
2870 2445 3274 2516 παρασπονδοεη
3313 2445 3342 2497 ό
3378 2445 3593 2514 κράλης
3637 2445 3729 2496 ἐπὶ

2138 2540 2257 2602 τοῖς
2299 2538 2686 2607 συγκειμένοις
2717 2534 2867 2607 αὐτῷ
2892 2552 2950 2589 τε
2973 2538 3068 2591 καὶ
3098 2536 3364 2609 Τερτερῇ,
3388 2537 3549 2591 οὐδὲν
3580 2538 3726 2591 tosi-

2007 2699 2170 2791 ιν.

447 2860 502 2930 Ι.
534 2865 800 2943 Profectio
858 2869 1191 2943 imperatoris
1239 2872 1683 2932 Thessalonicam.
1716 2872 1777 2931 2.
1816 2873 1888 2929 De
1932 2888 2032 2944 pa-

810 2947 1057 3003 triarcha
1087 2948 1314 3004 adventu
1351 2948 1673 3019 Selybriam.

519 3054 768 3117 Tandem
805 3069 991 3121 tamen
1031 3078 1219 3119 mense
1256 3062 1560 3120 Februario
1603 3065 1829 3120 ineunte
1861 3061 2031 3133 profi-

445 3154 579 3212 cisci
615 3152 946 3221 constituit,
982 3155 1114 3212 licet
1162 3157 1343 3213 adhuc
1374 3158 1482 3213 late
1525 3157 1817 3213 horrerent
1850 3155 2028 3225 campi

445 3260 554 3303 una
589 3248 883 3304 incrustati
924 3248 1215 3317 superficie
1259 3250 1674 3319 congelatarum
1706 3248 1937 3308 nivium.
1973 3256 2027 3301 et

444 3352 716 3412 perennes
766 3339 871 3410 ipsi
922 3337 1074 3394 ﬂuvii
1111 3339 1348 3396 solidum
1398 3340 1565 3396 dorso
1616 3354 1866 3412 gressum
1926 3342 2029 3393 iter

444 3431 737 3502 agentibus
761 3431 1069 3501 praeberent
1097 3440 1324 3503 propter
1353 3432 1701 3487 altitudinem
1733 3443 2027 3503 penetran-

443 3524 516 3579 tis
569 3522 625 3579 in
680 3523 1013 3594 profundum
1062 3524 1281 3596 glaciei.
1334 3524 1468 3591 Quae
1522 3526 1606 3580 vis
1645 3526 1843 3596 rigoris
1891 3539 2020 3579 arva

442 3618 839 3686 constringens
876 3631 1097 3689 gravem
1148 3616 1297 3673 omni
1330 3618 1643 3687 plantarum
1683 3618 1867 3689 generi
1899 3631 2022 3687 per-

443 3712 643 3768 niciem
700 3711 921 3776 intulit,
960 3718 1083 3766 sata
1126 3725 1257 3767 vero
1302 3711 1566 3782 pleraque
1625 3710 1875 3765 funditus
1902 3724 2024 3764 cor-

442 3806 611 3877 rupit.
673 3805 829 3861 Tunc
875 3806 1043 3875 igitur
1100 3820 1332 3877 vespere
1389 3805 1746 3868 Parasceves,
1797 3802 2023 3873 quando

437 3897 551 3969 jam
587 3893 751 3968 279
783 3912 849 3951 ex
882 3911 1035 3952 more
1072 3897 1300 3968 antiquo
1341 3897 1407 3952 ad
1438 3893 2017 3952 commemorationem

443 4000 791 4047 mortuorum
826 3989 977 4045 faces
1006 3989 1473 4054 accendebantur,
1511 3989 1642 4044 exiit
1681 3989 1816 4042 urbe
1848 3986 2019 4056 itnpe.

436 4094 611 4153 rator,
646 4082 1011 4155 Dripeamqne
1035 4097 1093 4138 se
1130 4083 1385 4147 contulit,
1428 4082 1522 4137 ubi
1552 4081 1620 4136 ad
1654 4082 1773 4136 dies
1806 4080 2019 4149 aliquot

436 4181 525 4234 est
548 4182 940 4239 commoratus,
975 4173 1230 4244 operiens
1256 4173 1385 4227 dum
1413 4188 1473 4228 se
1503 4171 1746 4241 Angusta
1791 4169 2017 4240 expedi-

436 4275 522 4324 ret
575 4266 645 4323 ad
699 4267 821 4331 iter,
860 4267 1102 4336 itemque
1140 4267 1417 4336 Angustus
1467 4264 1657 4333 junior
1706 4278 1831 4318 cum
1882 4277 2018 4317 con—

429 4360 596 4432 juge;
631 4367 744 4413 tum
790 4366 851 4414 ut
905 4357 973 4412 iis
1014 4357 1215 4427 quibus
1246 4371 1437 4412 curam
1478 4357 1817 4427 imposuerat
1843 4352 2015 4409 dedu-

437 4453 598 4511 cendi
647 4452 1073 4508 Constantinum
1132 4450 1421 4521 despotam
1475 4448 1699 4504 fratrem
1753 4462 1912 4503 suum
1959 4448 2013 4501 in

437 4543 544 4598 ﬁda
581 4542 761 4598 obiter
789 4540 1041 4597 custodia
1076 4544 1223 4612 (nam
1270 4540 1415 4594 hunc
1442 4539 1497 4593 in
1535 4538 1671 4594 urbe
1699 4537 2013 4607 relinquam

436 4640 619 4688 tutum
654 4647 761 4687 non
796 4631 1077 4695 ducebat),
1107 4644 1228 4702 qua:
1256 4640 1415 4685 erant
1452 4634 1518 4683 ad
1547 4629 1598 4683 id
1628 4629 2021 4685 convenienter

434 4725 932 4783 administrandum
970 4737 1366 4788 consentanea,
1400 4723 1659 4779 idoneum
1691 4718 2013 4791 providendi

436 4819 673 4890 spatium
705 4818 883 4873 daret.
941 4816 1011 4872 At
1071 4817 1375 4886 imperator
1406 4815 1626 4885 quidem
1660 4813 1714 4867 in
1747 4812 1833 4869 his
1875 4821 2013 4867 erat.

2136 2879 2222 2929 set
2263 2870 2386 2928 filiae
2417 2871 2719 2932 Simonidis
2742 2891 2869 2934 cum
2890 2875 3099 2937 Serbian
3123 2881 3385 2953 'principe
3433 2884 3731 2939 matrimo-

2138 2966 2291 3018 nium
2350 2967 2537 3020 multis
2601 2968 2668 3022 de
2721 2970 2907 3026 causis
2987 2974 3404 3029 inconveniens.
3473 2974 3733 3027 Primum

2134 3060 2305 3123 enim,
2351 3061 2496 3129 quod
2547 3062 2868 3131 exigebatur
2906 3080 2934 3117 a
2977 3066 3133 3123 crale
3167 3074 3223 3121 ut
3255 3067 3513 3135 proderet
3547 3067 3728 3137 impe-

2135 3153 2303 3207 ratori
2343 3167 2588 3207 sororem
2629 3153 2895 3221 Tertcris,
2948 3157 2998 3212 id
3045 3173 3155 3212 non
3186 3159 3355 3213 videri
3392 3158 3512 3213 fieri
3544 3159 3624 3212 ab
3662 3174 3727 3214 eo

2140 3260 2301 3315 posse
2335 3246 2455 3300 sine
2495 3246 2665 3300 atroci
2717 3247 2925 3304 scelere
2960 3250 3209 3318 periurii,
3238 3251 3386 3320 quod
3417 3251 3562 3307 satis
3598 3266 3730 3304 con-

2136 3344 2311 3390 staret
2367 3337 2520 3391 illutn
2574 3337 2733 3392 tidem
2778 3339 2882 3394 isti
2936 3341 3157 3395 mulieri
3209 3356 3366 3398 suam
3419 3342 3729 3396 horrendis

2133 3430 2415 3483 astrictam
2467 3431 2908 3498 adjurationihus
2953 3433 3191 3489 dedisse.
3243 3431 3355 3488 Nec
3400 3448 3532 3489 vero
3587 3435 3729 3491 satis

2138 3518 2486 3587 exploratum
2542 3521 2749 3586 haberi,
2799 3533 3017 3577 essetne
3068 3524 3280 3578 irritum
3305 3526 3470 3579 cralis
3502 3542 3635 3579 cum
3666 3541 3730 3580 ea

2130 3612 2331 3669 femina
2378 3614 2719 3687 coniugium,
2767 3619 2911 3687 quod
2958 3618 3102 3674 scire
3143 3634 3202 3675 se
3246 3621 3416 3674 fuisse
3469 3620 3727 3691 legitime

2130 3716 2477 3762 contractum
2535 3718 2708 3762 mater
2760 3712 2927 3766 cralis
2962 3711 3278 3767 aﬂirtnaret.
3329 3712 3408 3766 Ad
3451 3715 3574 3768 btet:
3612 3717 3729 3767 vir-

2127 3798 2425 3866 gunculam
2463 3816 2584 3868 quae
2638 3800 2765 3855 huic
2813 3803 3028 3857 mulieri
3062 3804 3513 3865 substituere-tur,
3554 3806 3729 3874 plane

2127 3890 2298 3945 videri
2361 3894 2588 3945 sexenni
2643 3903 2804 3949 aetate
2891 3896 3171 3950 connubio
3246 3896 3729 3966 intempestivam.

2125 3981 2415 4039 Postremo
2461 4001 2525 4039 ea
2576 3984 2706 4039 ὕδιΤί
2742 3990 3097 4044 sermonibus
3142 3988 3428 4043 hominum
3484 3988 3555 4044 de
3591 4005 3729 4060 por-

2126 4076 2359 4132 tentosis
2392 4076 2549 4132 Serhi
2578 4078 2818 4148 flagitiis.
2846 4096 2967 4150 qua:
3002 4081 3286 4139 deterrere
3323 4084 3726 4151 imperatorem

2127 4166 2394 4223 deberent
2422 4184 2451 4223 a
2490 4170 2596 4225 filia
2645 4171 2693 4226 ei
2750 4172 2915 4243 280
2940 4174 3158 4244 propria
3203 4173 3488 4241 tradenda,
3524 4179 3732 4246 utique

2127 4267 2238 4314 tam
2273 4260 2543 4332 proﬂigati
2605 4264 2830 4331 pudet-is
2883 4266 3119 4330 homini,
3163 4277 3219 4321 ut
3255 4265 3501 4324 i‘ratriam
3532 4286 3729 4338 suam,

2126 4354 2372 4422 germani
2409 4354 2493 4407 sui
2549 4354 2772 4421 majoris
2828 4356 3094 4426 Stephani
3141 4374 3365 4413 uxorem
3423 4364 3729 4418 eamdem-

2126 4459 2234 4512 que
2286 4459 2532 4500 sororem
2592 4446 2867 4502 defunrta:
2926 4450 3183 4521 Augustas
3231 4453 3420 4508 matris
3480 4455 3731 4525 AttguSti

2123 4534 2362 4603 iunioris
2392 4537 2530 4597 (erat
2580 4537 2728 4590 enim
2769 4547 3003 4606 utraque
3060 4540 3171 4595 filia
3215 4543 3358 4613 regis
3409 4540 3731 4617 ngariae),

2127 4626 2336 4682 nefarie
2367 4626 2713 4685 adulterasse
2760 4632 3064 4699 diceretur,
3111 4648 3174 4687 ac
3213 4646 3473 4705 przeterea
3500 4645 3735 4704 germ'a-

2130 4731 2255 4771 nam
2302 4717 2492 4772 harum
2529 4718 2748 4774 tertiam
2784 4722 3025 4777 visenda:
3060 4737 3230 4780 causa
3261 4726 3469 4781 sororis
3500 4726 3558 4781 in
3593 4728 3733 4785 Ser-

2126 4808 2269 4865 biant
2304 4811 2635 4882 profectam,
2679 4813 2807 4869 licet
2854 4812 2969 4871 haec
3012 4818 3298 4874 monacbte
3342 4819 3547 4874 vestitu
3590 4825 3732 4879 reli-

432 4880 674 4967 Joannes
709 4920 892 4965 autem
923 4918 1057 4962 tunc
1082 4880 1401 4978 patriarcha
1426 4880 1728 4959 mirabatur
1753 4902 1917 4959 celari
1962 4917 2023 4957 se
2056 4880 2100 4936 Ῑ)
2130 4880 2345 4971 gionem
2385 4902 2759 4971 profiteretur,
2808 4907 3037 4962 minime
3082 4908 3370 4965 dubitasse
3391 4950 3406 4972 ,
3455 4911 3732 4973 immanis

432 5003 504 5059 ab
527 5001 777 5071 Augusto
805 5000 874 5057 de
906 5000 993 5055 his
1022 5013 1145 5068 quae
1170 5006 1353 5052 mente
1387 4997 1662 5060 versabat,
1700 5003 1755 5051 et
1783 5010 2018 5066 quorum

432 5089 779 5148 exsecutioni
817 5096 877 5145 se
913 5088 1262 5158 accingebat,
1300 5087 1570 5151 consiliis,
1606 5087 1740 5142 adeo
1770 5086 1882 5156 jam
1910 5100 2017 5140 non

435 5182 713 5245 obscuris,
751 5190 813 5237 ut
866 5182 933 5236 ad
991 5180 1244 5236 homines
1295 5181 1464 5235 etiam
1522 5194 1553 5235 e
1604 5178 1768 5249 vulgo
1826 5193 2015 5234 eorum

431 5280 619 5330 essent
677 5270 839 5326 fama:
916 5270 1237 5325 celebritate
1297 5270 1497 5325 indicia
1563 5271 1790 5340 perlata.
1858 5270 2019 5339 Atqui

432 5364 790 5423 existimabat
848 5361 1123 5434 ejusmodi
1188 5376 1253 5418 ea
1326 5378 1450 5418 esse
1512 5377 1633 5433 quae
1679 5362 1745 5417 ad
1811 5376 1872 5418 se
1923 5360 2021 5416 de-

433 5458 571 5516 ferri
590 5456 939 5521 conveniret,
965 5458 1299 5523 imperatore
1336 5464 1526 5509 contra
1570 5464 1680 5509 non
1726 5454 1898 5524 magis
1936 5453 2022 5507 in-

429 5550 642 5606 clinato
676 5548 745 5602 ad
804 5547 920 5602 haec
966 5546 1069 5615 ipsi
1106 5544 1591 5609 communicanda,
1635 5557 1798 5614 quam
1849 5542 2017 5598 Deum

436 5645 593 5698 aiunt
630 5640 865 5709 prodere
894 5638 1211 5694 hominibus
1238 5650 1435 5692 curare
1462 5644 1598 5707 quot
1630 5638 1878 5693 ntetretis
1917 5648 2019 5691 ex-

428 5734 646 5806 pleatur
675 5733 845 5788 maris
867 5731 1077 5789 alveus.
1122 5729 1181 5785 In
1221 5746 1282 5784 ea
1307 5728 1677 5785 sollicitudine
1706 5727 2018 5799 patriarcha

432 5829 572 5883 urbe
624 5826 854 5897 prodiit,
888 5826 1073 5897 specie
1110 5823 1335 5896 quidem
1368 5821 1612 5878 ofﬁciose
1649 5821 1767 5877 vale
1796 5821 2014 5877 dicendi

432 5928 598 5988 atque
631 5919 685 5973 itt
720 5917 978 5989 digressu
1019 5916 1158 5972 bene
1186 5913 1448 5986 precandi
1487 5914 1777 5985 procincto
1806 5915 1870 5967 atl
1909 5914 2016 5971 iter

435 6011 703 6084 Augusto,
731 6025 920 6069 revera
950 6017 1133 6068 certus
1166 6008 1218 6068 ci
1253 6008 1571 6067 dissuadere
1595 6014 1861 6080 quantum
1892 6021 2015 6078 pos-

2130 4993 2297 5048 simul
2325 4992 2642 5066 divinisque
2676 4999 3012 5067 proculcatis
3035 4999 3272 5067 juribus,
3316 4992 3730 5075 propinquam,

2130 5084 2428 5154 hospitam,
2468 5100 2599 5157 rege
2632 5101 2977 5157 prognatam,
3028 5089 3140 5145 Deo
3170 5107 3381 5147 sacram
3417 5095 3728 5164 virginem,

2128 5184 2320 5243 stupro
2383 5183 2461 5230 tot
2513 5176 2826 5233 nominibus
2888 5182 3218 5237 exsecrabili
3257 5182 3529 5252 polluere.
3591 5184 3729 5242 Htec

2124 5278 2252 5319 cum
2306 5279 2386 5339 es
2422 5266 2548 5323 aliis
2599 5278 2871 5338 cognorat
2925 5271 3278 5341 patriarcha,
3328 5283 3444 5329 tum
3488 5291 3555 5331 ex
3596 5280 3728 5351 ipsa

2124 5357 2293 5413 cralis
2338 5366 2536 5426 matre,
2571 5374 2695 5429 quae
2732 5362 2978 5426 conscia,
3009 5371 3069 5417 ut
3106 5365 3310 5429 aiebat,
3343 5367 3729 5438 impedimen-

2124 5457 2306 5504 torum
2333 5449 2786 5521 insuperah‘tliter
2814 5453 3152 5512 obstantium
3187 5473 3330 5514 novo
3358 5460 3474 5515 nati
3511 5465 3732 5536 conju-

2124 5542 2215 5612 gio
2247 5542 2391 5596 ultro
2442 5542 2509 5597 ad
2537 5558 2663 5599 eum
2704 5555 2955 5613 venerat,
2988 5557 3205 5604 oratum
3256 5560 3315 5605 ut
3357 5567 3482 5622 quae
3515 5553 3569 5607 in
3610 5555 3729 5614 hoc

2122 5646 2321 5704 genere
2350 5647 2678 5706 pararentur
2700 5681 2714 5705 ,
2749 5649 3051 5696 conaretur
3081 5642 3134 5697 vi
3166 5658 3383 5699 summa
3420 5644 3724 5716 disjicere.

2130 5724 2277 5779 Nihil
2323 5726 2519 5782 horum
2563 5727 2768 5784 latebat
2814 5731 3206 5802 imperatorem
3251 5751 3266 5790 :
3311 5743 3497 5793 tamen
3562 5738 3726 5796 idem

2129 5819 2389 5891 politicis,
2420 5835 2561 5891 quas
2602 5822 2861 5891 iudicavi,
2890 5827 3200 5885 rationibus
3230 5830 3548 5902 obsequens
3582 5849 3729 5904 per-

2127 5911 2387 5967 standum
2419 5916 2473 5967 in
2504 5914 2741 5970 consilio
2776 5917 3042 5985 putabat;
3077 5931 3132 5975 et
3174 5920 3304 5990 quia
3336 5934 3447 5979 non
3479 5921 3730 5996 ignora-

2125 6004 2219 6061 bat
2252 6012 2587 6064 tentaturutn
2615 6006 2981 6078 patriarcbam
3029 6027 3288 6072 revocare
3315 6030 3376 6073 se
3425 6029 3454 6072 a
3495 6026 3723 6092 coepto,
