3922 6550
176 463 270 526 300

1068 463 1166 524 DE
1198 462 1642 523 ANDRONICO
1671 463 2133 522 PALEOLOGO
2176 461 2327 522 LIB.
2355 463 2456 522 IV.

3310 445 3429 514 3w

177 586 254 626 ται
281 574 430 643 μῖσος
458 571 524 641 τῇ
558 570 618 642 [Ρ
640 568 763 644 195]
806 570 1104 643 Ἐκκλησία
1127 572 1202 642 μή
1233 570 1481 641 ἀνάγκην
1519 568 1722 640 ἐχούσῃ
1755 575 1798 630 Α
1825 567 1971 622 κατὰ
1999 568 2091 622 τὸν
2140 568 2320 622 ὲκεῖσε
2351 563 2487 619 νεὼν
2522 562 2622 632 τῆς
2658 560 2828 632 μονῆς
2860 560 2954 615 τοῦ
2994 561 3282 631 Σωτηρος,
3312 561 3413 613 καὶ

178 664 288 718 καθ’
315 661 465 734 ίεράς
503 661 723 725 τελετὰς
754 660 840 714 διὰ
872 662 973 732 τὴν
1004 661 1229 731 ἀμιξίαν
1279 661 1488 714 ἐκείνου
1533 661 1737 732 μιμνήο

178 755 410 820 σκεσθαι,
445 754 539 807 διὰ
566 753 736 808 ταῦτα
765 755 985 826 θαρρῶν
1015 749 1096 818 οἷς
1121 753 1414 823 ἐλογίζετο,
1445 752 1559 807 οὔτ’
1593 757 1736 808 ἐκοι-

177 845 317 900 νοῦτο
368 847 444 916 τῷ
495 847 811 918 πατριάρχῃ
837 846 937 918 τὴν
971 845 1171 917 πρᾶξιν
1218 848 1314 900 καὶ
1356 847 1504 910 ὅλαις
1535 847 1736 916 ὁρμαῖς

178 937 360 1009 ἐχώρει
396 939 837 1010 διαπραξόμενος
873 941 934 993 τὸ
969 940 1345 1010 συνάλλαγμα.
1383 939 1738 1010 Πατριάρχης

179 1032 216 1084 δ’
230 1027 374 1093 αὖθις
396 1031 748 1102 ὑϐριοπαθῶν
778 1030 908 1093 ῐσως
930 1030 1441 1100 ύπερφρονούμενος
1471 1031 1529 1083 ἐν
1555 1027 1736 1082 τοιού-

179 1140 276 1185 τοις
312 1115 389 1185 οἷς
420 1123 516 1177 καὶ
551 1122 754 1193 μᾶλλον
782 1125 889 1178 ἔδει
944 1123 1048 1194 τῆς
1082 1123 1247 1178 αὑτοῦ
1273 1121 1520 1192 γνώμης,
1543 1120 1737 1187 ξδοκῶν

180 1216 226 1268 δὲ
255 1215 339 1268 καί
382 1231 434 1269 τι
469 1215 654 1284 λέγειν
703 1217 854 1281 ἄξιον
895 1218 975 1281 είς
1008 1217 1068 1270 τὸ
1103 1217 1199 1270 καὶ
1243 1215 1434 1269 ἑαυτὸν
1462 1214 1734 1268 δεικνύναι

183 1311 402 1378 μετεῖναι
427 1309 539 1361 τῶν
571 1307 829 1362 τοιούτων
862 1314 961 1380 οὐχ
993 1305 1180 1382 ἦττον,
1201 1312 1379 1363 καίτοι
1410 1326 1471 1374 γε
1504 1310 1598 1362 καὶ
1629 1309 1737 1362 τῶν

182 1402 355 1470 ἑνοχῶν
374 1403 525 1466 ἀνεὶς
547 1404 649 1472 τὴν
676 1403 771 1458 τοῦ
794 1406 968 1476 κράλη
1006 1404 1220 1475 μητέρα
1259 1402 1576 1468 ἀξιώσασαν
1602 1405 1737 1474 πρό-

179 1509 316 1563 τερον
341 1493 424 1562 ἰφ’
453 1491 539 1558 οἷς
570 1495 664 1548 ἐπὶ
702 1498 765 1566 τῇ
816 1498 911 1550 τοῦ
964 1495 1214 1566 Τερτερῆ
1245 1497 1505 1566 ἐνείχετο,
1539 1494 1739 1561 εὔλογα

182 1586 334 1651 λέγειν
359 1587 558 1642 ἐδόκει.
610 1587 700 1651 Ὠς
726 1588 905 1642 τοίνυν
945 1589 974 1642 ὀ
1007 1589 1261 1659 βασιλεὺς
1299 1588 1416 1659 ᾔδει
1465 1589 1546 1649 εις
1592 1585 1738 1640 τοῦτ’

181 1678 289 1730 ὄντα
313 1679 400 1731 τὸν
425 1681 805 1750 πατριάρχην,
835 1681 1046 1751 προῆγε
1076 1680 1264 1734 τοῦτον
1296 1683 1372 1744 εἰς
1409 1679 1738 1752 Σηλυϐρίαν,

182 1770 320 1831 αὐτὸς
349 1771 404 1823 ὲν
453 1771 689 1842 Δριπείᾳ
736 1772 829 1825 καὶ
874 1772 956 1825 ἔτι
1006 1773 1496 1843 παρακαθήμενος.
1543 1772 1634 1834 Ὠς
1683 1772 1739 1825 δὲ

183 1862 262 1931 τῆς
285 1847 505 1933 πρώτης
527 1861 827 1934 ἑϐδομάδος
855 1865 1128 1933 ἐνστάσης
1157 1865 1264 1918 τῶν
1293 1865 1559 1935 νηστειῶν
1587 1865 1614 1918 ὁ
1641 1867 1738 1934 μὲν

184 1956 508 2027 πατριάρχης
543 1957 877 2012 καταλαϐὼν
913 1959 1012 2030 τὴν
1041 1959 1347 2028 Σηλυϐρίαν
1381 1961 1475 2011 καὶ
1515 1957 1742 2028 βασιλέα

183 2049 740 2121 προσαπεκδεχόμενος
750 2051 828 2122 τῷ
844 2053 981 2116 τέως
1002 2051 1266 2122 ἡσύχαζε,
1414 2052 1669 2122 βασιλεὺς
1684 2053 1742 2106 δὲ

186 2137 424 2206 σχολαίως
475 2140 627 2194 κατὰ
687 2141 884 2211 μικρὸν
945 2141 1218 2213 προσῄει,
1276 2143 1586 2214 Σηλυϐρίας
1639 2145 1736 2216 ὀψὲ

185 2229 434 2284 Σιϐϐάτου
469 2232 784 2286 ἐπέϐαινεν.
828 2234 894 2287 Ἠ
943 2235 1065 2303 μετ’
1096 2237 1268 2305 αὐτὴν
1307 2237 1408 2305 μὲν
1448 2237 1546 2291 καὶ
1582 2239 1744 2290 ὑστε-

190 2322 292 2390 ραία
319 2324 368 2392 (ἡ
403 2323 447 2376 δ’
496 2319 573 2396 ἦν
612 2326 644 2395 ἡ
693 2326 791 2395 τῆς
831 2325 1141 2397 ὀρθοδοξίας
1174 2327 1388 2399 ἡμέρα)
1424 2329 1739 2398 ἐφίσταται,

188 2415 263 2468 καὶ
285 2416 393 2468 τότε
432 2417 580 2487 μετά
614 2419 966 2490 μεσημϐρίαν
997 2419 1120 2472 κατ’
1161 2419 1280 2484 ἔθος
1324 2424 1424 2492 τῆς
1473 2423 1625 2493 ἱερᾶς
1659 2441 1745 2476 τε-

187 2505 420 2577 λουμένης
485 2510 837 2580 λειτουργίας
897 2513 1216 2584 ὲπιμιγνύει
1278 2513 1357 2584 τῷ
1423 2517 1741 2590 πατριάρχῃ

185 2690 231 2738 et
269 2699 374 2740 rem
427 2697 599 2744 antea
652 2689 702 2744 ei
759 2692 1171 2746 communicare
1204 2691 1490 2758 omiserat,
1527 2701 1580 2747 et
1616 2702 1748 2746 tunc

187 2793 242 2831 ne
261 2779 320 2832 de
358 2781 438 2836 his
477 2796 788 2839 sermonem
821 2785 974 2851 prior
1002 2785 1256 2849 inferret,
1298 2786 1471 2840 vitare
1502 2785 1749 2841 occasio-

186 2882 290 2922 nem
321 2874 486 2928 otiosi
521 2888 647 2927 eum
677 2888 743 2928 eo
775 2875 1037 2944 colloquii
1066 2875 1298 2930 volebat.
1323 2876 1400 2930 Ac
1430 2885 1548 2930 erat
1580 2891 1744 2931 causa

188 2975 270 3013 cur
295 2963 479 3018 minus
507 2966 885 3022 necessarium
917 2967 1268 3022 existimaret
1293 2970 1593 3023 convenire
1618 2982 1743 3024 cum

188 3056 492 3122 prasidibus
547 3059 808 3115 Ecclesiae
863 3062 930 3117 de
977 3063 1143 3118 rebus
1178 3062 1341 3132 hujus
1389 3063 1592 3129 cralis,
1645 3061 1746 3133 dy-

186 3157 333 3203 nasta:
383 3149 646 3206 videlicet
696 3153 842 3208 ritus
894 3167 925 3208 a
981 3153 1174 3209 Graeco
1221 3155 1534 3224 peregrini;
1585 3169 1746 3222 quem

188 3238 291 3294 idco
336 3241 463 3298 licet
500 3243 846 3315 contingeret
903 3247 1020 3302 ﬁeri
1070 3262 1332 3316 generum
1373 3247 1746 3318 imperatoris,

189 3330 233 3384 in
269 3335 436 3392 sacris
487 3335 688 3392 oﬂiciis
733 3339 1090 3394 mensoraturi
1121 3339 1450 3395 nominatim
1487 3341 1750 3396 ecclesia-

188 3422 291 3475 stici
320 3439 424 3478 non
460 3424 668 3491 forent,
701 3440 769 3481 ex
803 3443 913 3496 quo
944 3435 1066 3483 erat
1106 3443 1478 3500 consequens,
1512 3430 1558 3486 si
1605 3431 1751 3486 forte

189 3515 254 3569 vel
275 3531 330 3570 ea
359 3518 450 3573 ille
482 3520 856 3576 commisisset
885 3523 968 3577 vel
994 3523 1047 3578 in
1075 3531 1356 3593 posterum
1381 3525 1751 3580 conscisceret

189 3606 244 3660 ob
266 3624 377 3677 qua:
398 3623 711 3667 mereretur
745 3616 1086 3671 anathemati
1131 3618 1354 3686 subjici,
1388 3619 1590 3673 nullam
1626 3621 1750 3675 inde

189 3699 273 3752 sibi
311 3702 422 3758 fore
467 3707 820 3760 occasionem
869 3709 1233 3765 erubescendi
1267 3727 1297 3765 e
1332 3712 1615 3782 conjuncti
1649 3716 1748 3768 ho-

191 3792 329 3848 minis
367 3797 675 3868 ignominia
735 3800 802 3854 ob
847 3802 1290 3869 praetereundam
1323 3811 1436 3858 tum
1472 3805 1646 3874 ipsius
1695 3807 1746 3860 in

192 3888 335 3940 sacris
385 3891 746 3944 mentionem.
804 3893 1023 3962 Alioqui
1081 3909 1250 3966 porro
1293 3896 1562 3954 utilitates
1608 3914 1750 3968 quas

191 3993 215 4032 e
240 3979 423 4037 fmdere
455 3998 584 4038 cum
621 3983 796 4041 Serbo
832 3996 1194 4055 proventuras
1235 3991 1557 4056 conﬁderet,
1606 3993 1746 4046 mala

191 4085 291 4140 qua:
331 4092 390 4130 ex
427 4087 824 4145 perseverante
861 4080 1094 4136 dissidio
1139 4092 1427 4147 metueret,
1459 4086 1593 4137 tanti
1626 4101 1749 4140 esse

192 4163 393 4221 ducelrat
430 4177 489 4222 ut
523 4171 820 4226 momentis
871 4183 980 4226 tam
1011 4172 1179 4241 justa:
1222 4175 1351 4228 hinc
1390 4174 1701 4231 formidinis
1731 4220 1746 4244 ,

192 4265 280 4312 tam
311 4263 500 4332 ampla?
547 4264 697 4320 illinc
733 4267 888 4332 spei,
927 4267 1080 4322 nulla
1131 4268 1558 4338 cujusquemodi
1597 4272 1749 4327 vide-

191 4363 356 4408 rentur
403 4356 458 4410 in
503 4359 851 4414 contrarium
917 4359 1136 4430 objecta
1197 4362 1625 4432 praeponderare
1660 4364 1749 4418 in-

193 4449 450 4503 commoda
488 4448 777 4506 deberent.
825 4449 998 4508 Totus
1031 4467 1161 4522 ergo
1211 4451 1353 4507 ﬁxus
1401 4453 1747 4510 Andronicus

194 4533 237 4586 in
261 4541 528 4609 proposito
557 4539 836 4597 afﬁnitatis
859 4545 1357 4615 quomodocunque
1419 4561 1542 4601 cum
1574 4546 1746 4602 Scrbo

1837 663 1963 716 ὅσον
2017 657 2085 733 ἦν
2141 662 2343 732 ὁμιλεῖ.
2383 658 2469 732 [Ρ.
2503 656 2628 730 194]
2660 657 2774 712 Οὐκ
2826 652 2894 727 ἦν
2932 655 2988 709 δὲ
3024 659 3244 716 πάντως
3292 653 3417 708 τότε

1839 756 2284 828 προσαναφέρειν
2337 753 2688 824 πατριάρχην
2734 750 2769 806 ἀ
2810 753 2874 820 δὴ
2908 749 3056 804 κατὰ
3083 748 3282 820 σχολὴν
3320 746 3420 818 τὴν

1839 848 2162 918 πρέπουσαν
2185 847 2356 900 κινεῖν
2383 843 2663 916 ἠϐούλετο,
2687 835 2763 897 ῶν
2781 841 2920 913 ἦσαν
2950 842 3042 896 δύο
3062 841 3131 894 τὰ
3161 841 3418 911 μέγιστα,

1838 938 1972 1008 περὶ
2019 931 2095 991 ῶν
2123 936 2455 990 ἐσπουδάκει
2501 935 2664 990 πλέον
2713 933 3182 1004 προσαναφέρειν,
3220 930 3278 983 ἓν
3322 930 3422 1000 μὲν

1841 1027 2088 1100 περὶτοῦ
2120 1028 2542 1100 Ταρχανειὼτου
2573 1027 2824 1082 Ἰωάννου
2857 1026 2961 1097 (ἔτι
2991 1025 3119 1096 γάρ.
3146 1025 3222 1088 ὡς
3247 1022 3420 1092 ἰπέμο

1841 1123 1972 1195 φθη,
2005 1123 2115 1176 τῶν
2167 1122 2266 1192 τῆς
2313 1121 2585 1190 ἀνατολῆς
2635 1119 2821 1192 μερῶν
2868 1117 3222 1190 ἡγεμόνευεν)
3255 1117 3332 1180 ὡς
3360 1116 3420 1168 ού

1839 1215 2050 1269 δίκαιον
2083 1213 2145 1268 δν
2173 1213 2349 1277 ἄλλως
2375 1213 2486 1268 οὐδ’
2511 1211 2735 1275 εὔλογον
2760 1211 2929 1282 ἄνδρα
2951 1211 3047 1282 τῆς
3091 1210 3422 1278 Ἐκκλησίας

1839 1308 2299 1379 ἀποσχιζόμενον,
2353 1307 2450 1360 καὶ
2500 1305 2673 1359 πολλά
2719 1305 2818 1358 σὺν
2868 1304 3052 1364 ἄλλοις
3107 1304 3202 1356 καὶ
3251 1301 3423 1355 αἰτοῦ

1841 1401 2182 1472 πατριάρχου
2235 1399 2485 1470 λιπαρῶς
2533 1397 2620 1468 ἐφ’
2655 1397 2848 1468 ὕϐρεσι
2892 1397 3332 1472 καθαπτόμενον,
3366 1396 3426 1446 ἐν
3515 1458 3520 1463 ι

1841 1493 2020 1558 ἀξίαις
2053 1490 2195 1546 εἶναι
2243 1493 2530 1563 μεγίσταις
2581 1490 2883 1560 ἡγεμονίας
2916 1489 3011 1542 καὶ
3046 1488 3241 1557 ἀνέδην
3295 1503 3426 1540 κατ-

1841 1585 2166 1658 επχίρεσθαι
2197 1586 2302 1639 τῶν
2337 1583 2573 1650 πολλῶν,
2609 1583 2706 1636 καὶ
2739 1582 2942 1654 μᾶλλον
2971 1581 3081 1634 τῶν
3112 1581 3291 1634 ἐκεῖσε
3325 1581 3427 1651 ἁρ-

1841 1678 2091 1750 χιερέων,
2123 1677 2200 1739 ὡς
2229 1677 2405 1746 ἔλεγε,
2453 1675 2711 1745 δεύτερον
2743 1674 2799 1728 δὲ
2831 1674 2893 1728 τὸ
2923 1675 3054 1743 περὶ
3085 1672 3180 1727 τοῦ
3231 1673 3428 1726 συναλ-

1841 1774 2147 1843 λάγματος·
2187 1767 2327 1825 εἶναι
2358 1774 2470 1839 γὰρ
2499 1768 2648 1839 αὐτῷ
2679 1768 2834 1822 πόλλ’
2860 1767 2995 1822 ἅττα
3029 1768 3098 1820 τά
3131 1765 3428 1836 προσιστά-

1847 1883 2005 1936 μενα,
2040 1864 2075 1918 ὃ.
2107 1863 2172 1934 δὴ
2215 1864 2310 1917 καὶ
2340 1862 2547 1932 χρῆναι
2593 1861 2787 1931 σκέψει
2818 1860 3022 1914 διδόναι
3060 1860 3155 1913 καὶ
3189 1858 3333 1911 οὕτω
3367 1859 3428 1911 τὸ

1845 1959 2015 2030 φανὲν
2049 1959 2291 2026 ἀσφαλὲς
2341 1957 2433 2011 ὑπ’
2471 1957 2616 2010 αἰδοῖ
2656 1955 2765 2008 τῶν
2811 1955 2994 2024 νόμων
3041 1955 3134 2007 καὶ
3164 1952 3432 2022 διαπράτ·

1843 2055 2055 2107 τεσθαι.
2111 2051 2330 2106 Τούτων
2359 2051 2531 2104 ὄντων
2580 2050 2660 2120 τῷ
2703 2050 3020 2120 πατριάρχῃ
3059 2047 3145 2100 διὰ
3198 2047 3426 2111 σκοποῦ,

1844 2145 1972 2198 ἐπεὶ
2009 2144 2076 2198 τά
2105 2145 2205 2215 τῆς
2237 2144 2395 2214 ἱερᾶς
2427 2143 2651 2210 τελετῆς
2677 2140 2832 2204 τέλος
2864 2135 2976 2211 εἶχε
3006 2140 3100 2191 καὶ
3135 2139 3235 2211 ἤδη
3267 2139 3432 2191 άπαί·

1849 2256 1962 2309 ρειν
1995 2237 2210 2291 ἐκεῖθεν
2263 2237 2291 2290 ὁ
2326 2231 2580 2305 βασιλεὺς
2627 2235 2984 2305 ἡτοιμάζετο,
3036 2232 3154 2300 άμι
3204 2249 3259 2283 τε
3296 2229 3434 2298 ὀλίγ’

1844 2332 1981 2384 ἄττα
2019 2329 2098 2399 τῷ
2149 2329 2468 2400 πατριάρχης]
2524 2326 2652 2396 περί
2695 2344 2801 2378 των
2849 2324 3119 2396 ὡμίλησε,
3174 2323 3266 2377 καὶ
3316 2321 3432 2391 ἃμα

1846 2423 2038 2493 ῶσπερ
2075 2422 2516 2490 ὑποτεμνόμενος
2542 2419 2670 2482 τοὺς
2715 2418 2906 2485 λόγους
2936 2417 3132 2486 ἐκείνῳ
3177 2416 3432 2482 εὐλογίαν

1795 2563 1800 2569 .
1845 2516 2030 2584 ἐζήτει
2061 2515 2154 2567 καὶ
2181 2514 2558 2568 συνετάττετο.
2594 2511 2653 2564 '0
2678 2511 2734 2563 δὲ
2765 2511 2840 2580 τῷ
2867 2508 3043 2580 καιρῷ
3072 2507 3434 2578 συγκλασθεῖς

1847 2709 2062 2750 summa
2092 2693 2279 2762 quiete
2313 2689 2708 2762 perseverabat
2747 2688 2961 2758 Dripeze
2992 2686 3224 2740 morari.
3253 2683 3328 2754 (2)
3369 2686 3437 2738 At

1851 2787 1942 2841 ubi
1988 2786 2290 2856 aliquando
2342 2782 2468 2838 inde
2511 2783 2680 2852 carpit
2737 2782 3039 2852 Selybriam
3091 2795 3284 2833 versus
3332 2779 3436 2833 iter

1848 2878 2159 2940 intendere,
2195 2877 2446 2946 perlento
2502 2875 2766 2929 incedens
2816 2890 2978 2944 passu
3051 2873 3138 2926 vix
3191 2869 3434 2941 denique

1848 2987 2078 3043 vespera
2115 2970 2341 3025 Sabbati
2365 2985 2430 3024 eo
2464 2967 2734 3038 pervenit.
2770 2966 2998 3022 Postera
3025 2965 3186 3036 lmjus
3222 2963 3333 3028 die,
3377 2964 3431 3017 in

1849 3081 2013 3136 quant
2066 3063 2259 3118 incidit
2307 3061 2591 3116 Dominica
2636 3059 3011 3121 orthodoxiae,
3057 3072 3157 3126 per
3204 3069 3434 3110 causam

1849 3173 2023 3214 sacrm
2058 3155 2304 3224 liturgizc,
2348 3165 2403 3209 ut
2444 3155 2572 3209 talis
2609 3153 2716 3208 diei
2770 3153 2910 3206 ritus
2973 3151 3254 3221 poscebat,
3315 3157 3436 3218 post

1855 3249 2139 3304 meridiem
2175 3247 2537 3312 celebrandae,
2564 3245 2924 3301 conveniente
2955 3243 3008 3300 in
3035 3243 3294 3312 templum
3328 3243 3440 3298 illic

1855 3344 2022 3400 situtn
2055 3343 2121 3396 ad
2167 3342 2559 3396 monasterium
2585 3337 2888 3394 Salvatoris
2908 3339 3172 3407 Augusto,
3208 3335 3441 3406 patriar-

1853 3437 1954 3491 cha
1991 3436 2112 3506 ejus
2141 3433 2454 3505 alloquendi
2511 3433 2726 3503 cepiam
2787 3441 2982 3486 nactus
3029 3438 3116 3485 est
3167 3431 3433 3498 aliquam,

1851 3530 1948 3584 sed
1981 3530 2144 3584 talem
2179 3544 2300 3598 quae
2357 3543 2466 3583 non
2510 3526 2622 3582 fere
2656 3526 2817 3580 aliam
2870 3538 3035 3594 quam
3082 3524 3201 3594 ejus
3258 3523 3438 3576 obiter

1856 3623 2128 3676 salutandi
2160 3622 2427 3691 praeberet
2451 3619 2785 3675 facultatem.
2819 3614 3065 3674 Habebat
3101 3625 3284 3672 autem
3322 3615 3435 3669 duo

1855 3713 2171 3784 patriarcha
2197 3712 2395 3784 prolixi
2425 3727 2548 3766 cum
2584 3713 2914 3782 imperatore
2940 3711 3211 3766 sermonis
3275 3725 3440 3780 argu-

1853 3814 2057 3871 tnenta,
2089 3816 2142 3859 ut
2167 3806 2413 3874 putabat,
2446 3805 2782 3870 necessaria,
2837 3805 3044 3874 quibus
3093 3804 3435 3872 explicandis

1854 3898 2117 3968 majorem
2144 3897 2195 3950 in
2222 3898 2446 3950 modum
2479 3897 2731 3967 cupiebat
2758 3897 2928 3951 otium
2954 3896 3056 3950 sibi
3083 3896 3436 3951 commodum

1853 3987 2107 4043 concedi.
2149 3983 2396 4042 Primum
2455 3989 2603 4042 enim
2638 3987 2901 4057 conqueri
2954 3986 3169 4041 volebat
3204 3987 3269 4040 de
3300 4001 3439 4056 prae-

1855 4081 2064 4136 fectura
2123 4077 2364 4136 Orientis
2430 4079 2628 4135 Joanni
2683 4079 3068 4134 Tarchaniotze
3141 4079 3434 4143 attributa,

1856 4175 2064 4231 homini
2098 4176 2276 4243 palam
2320 4177 2388 4230 ah
2423 4174 2667 4230 Ecclesia
2695 4175 2954 4235 discisso,
2983 4176 3188 4244 quique
3221 4174 3432 4228 nullum

1854 4270 2016 4323 finem
2071 4279 2164 4322 aut
2221 4267 2443 4322 modum
2495 4267 2698 4324 faceret
2745 4269 2963 4338 probris
3019 4267 3432 4323 laceraudorutn

1855 4377 1978 4417 cum
2014 4363 2247 4416 aliorum
2275 4377 2374 4432 per
2403 4377 2499 4418 eos
2530 4367 2833 4432 praesertim
2872 4371 3078 4416 tractus
3104 4362 3430 4423 antistitum,

1851 4463 1964 4509 tum
1994 4456 2188 4524 ipsius,
2215 4463 2272 4508 ut
2299 4455 2500 4520 aiebat,
2525 4455 2871 4524 patriar-clm.
2898 4454 3104 4509 Deinde
3131 4453 3272 4508 circa
3293 4453 3436 4508 desi-

1853 4557 2048 4618 gnatas
2110 4547 2412 4603 Simonidis
2481 4563 2605 4602 cum
2667 4549 2813 4602 crale
2852 4547 3089 4617 nuptias,
3123 4557 3286 4602 utea:
3334 4547 3438 4601 rite

193 4631 579 4718 contrahendze,
613 4634 860 4704 satisque
896 4636 1116 4692 aliunde
1146 4654 1352 4708 gnarus
1398 4649 1648 4708 paratum
1678 4640 1745 4695 ad
1781 4662 1823 4718 ο
1854 4655 1919 4695 ac
1949 4656 2072 4695 cum
2132 4640 2312 4695 debita
2375 4641 2682 4697 reverentia
2737 4642 2917 4712 legum
2974 4642 3162 4695 ﬁerent
3193 4681 3207 4708 ,
3264 4641 3439 4694 multa

193 4716 494 4789 jurgaudum
520 4739 585 4780 ea
620 4724 690 4781 de
722 4741 782 4781 re
813 4740 1002 4782 secum
1035 4725 1288 4798 Dripeam
1323 4730 1622 4786 adventare
1654 4747 1747 4801 pa-

197 4811 491 4879 triarcham,
523 4832 621 4887 per
641 4826 828 4874 certos
851 4821 899 4873 ei
932 4819 1135 4875 missos
1161 4820 1380 4876 obviam
1415 4821 1746 4892 signiﬁcavit

195 4899 327 4973 281
361 4922 519 4964 orare
545 4924 604 4963 se
639 4925 706 4963 ne
732 4921 1050 4980 gravaretur
1081 4912 1389 4982 praecedere
1409 4911 1745 4986 Selyhriam,

197 5008 287 5061 qtto
313 5015 429 5054 mox
464 5012 758 5059 secuturus
795 5004 914 5074 ipse
941 5004 1113 5060 foret:
1154 5006 1336 5061 locum
1371 5008 1524 5062 enim
1553 5008 1608 5061 in
1635 5021 1746 5078 quo

198 5100 317 5144 nunc
351 5092 722 5150 diversaretur
770 5109 965 5164 parum
1014 5097 1065 5152 ei
1113 5098 1439 5168 excipiendo
1469 5114 1594 5154 esse
1648 5115 1746 5169 op-

198 5190 483 5241 portunum.
529 5183 683 5240 Fecit
728 5187 1041 5256 patriarcha
1097 5193 1242 5258 quod
1301 5191 1621 5259 rogabatur,
1677 5208 1742 5247 ac

201 5276 326 5328 tanto
353 5277 460 5344 jam
491 5277 728 5346 amplius
757 5281 1038 5348 cogitandi
1092 5291 1289 5338 nactus
1341 5284 1518 5338 otium
1575 5300 1747 5356 argu-

202 5376 353 5420 menta
387 5380 569 5424 mente
605 5386 833 5427 versans
856 5373 1156 5443 digerebat,
1189 5375 1391 5444 quibus
1432 5377 1568 5430 nihil
1595 5378 1746 5433 habi-

203 5457 354 5508 turum
376 5458 521 5527 quod
566 5459 932 5529 plansibiliter
962 5475 1267 5534 opponeret
1309 5467 1618 5538 Augustum
1659 5485 1745 5524 ar-

201 5540 399 5604 bitratus
412 5567 700 5608 cessurum
720 5553 944 5610 omnino
961 5556 1164 5612 abstitu
1175 5575 1406 5630 rumque
1425 5562 1618 5630 emptis
1636 5576 1742 5616 non

202 5631 446 5697 dubitabat
466 5644 574 5700 sibi
605 5644 891 5702 blandiens
905 5650 1201 5706 conﬁdere.
1223 5651 1444 5707 Interim
1470 5654 1746 5723 Augustus

205 5726 307 5784 licet
332 5734 564 5792 instante
622 5739 797 5806 prima
853 5742 1002 5797 verni
1051 5743 1247 5814 jejunii
1291 5745 1630 5801 hebdomade
1682 5760 1742 5802 se

208 5817 520 5915 impatienter
544 5831 854 5900 exspectari
910 5831 1174 5905 Selybria:
1206 5851 1234 5890 a
1270 5835 1582 5906 patriarcha
1634 5852 1743 5890 non

215 5924 501 5988 Ignoraret,
561 5921 732 5978 nihilo
793 5933 973 5982 tamen
1027 5927 1323 5984 sollicitius
1377 5928 1642 5984 festinans
1688 5930 1740 5983 iu

1855 4733 2020 4787 etiam
2064 4741 2230 4802 atque
2251 4734 2415 4787 etiam
2446 4733 2797 4788 eonsideratu
2829 4734 3018 4803 digna,
3065 4747 3187 4803 quae
3245 4747 3416 4803 sugge

1852 4835 2025 4892 reret,
2054 4825 2158 4882 sibi
2193 4825 2393 4881 habere
2427 4826 2733 4882 videbatur.
2789 4826 2920 4893 Quae
2961 4827 3146 4882 omnia
3196 4827 3440 4897 perfecto

1845 4913 1957 4984 jam
1995 4928 2152 4968 sacro
2176 4915 2564 4984 propositurus
2615 4915 2932 4984 imperatori
2967 4915 3132 4985 282
3173 4929 3296 4970 cum
3347 4928 3413 4968 ac

1850 5007 2109 5061 cessisset
2135 5005 2467 5076 patriarcha,
2500 5006 2592 5062 ille
2628 5014 2688 5060 ut
2715 5023 2932 5063 movere
2969 5009 3081 5079 jam
3128 5022 3186 5064 se
3211 5008 3278 5062 ad
3322 5007 3439 5061 abi-

1850 5105 1966 5151 tum
2002 5107 2270 5166 cmperat,
2303 5099 2594 5169 perpaucis
2613 5100 2662 5154 ei
2696 5108 2754 5154 et
2792 5101 3168 5170 perfunctorie
3199 5101 3437 5164 locutus,

1851 5192 1975 5245 vale
2005 5207 2129 5246 mox
2160 5192 2311 5246 dicto
2343 5207 2406 5245 ac
2442 5199 2522 5246 tot
2575 5192 2684 5248 illis
2735 5194 3208 5263 erupturientibus
3241 5209 3306 5250 es
3341 5211 3440 5250 ore

1853 5283 2183 5352 patriarchae
2212 5286 2564 5341 sermonibus
2586 5286 2747 5356 quasi
2774 5288 2963 5342 valvas
3013 5287 3322 5352 obducens,
3350 5302 3442 5343 so-

1852 5373 2034 5429 lemne
2067 5375 2498 5445 digredientium
2536 5379 2764 5448 protulit
2797 5392 3040 5445 cannea,
3097 5377 3439 5433 benedictio-

1852 5480 1980 5520 nem
2015 5469 2325 5536 postulans,
2367 5471 2557 5540 sicque
2613 5471 2765 5524 illum
2825 5471 3055 5526 dimisit.
3115 5469 3433 5526 Patrlarcha

1849 5557 2107 5614 exclusus
2136 5570 2402 5630 tempore.
2438 5574 2495 5616 ut
2561 5564 2771 5617 nullum
2809 5579 2915 5618 non
2977 5563 3285 5620 intenderet
3339 5579 3437 5620 eo-

1850 5657 2037 5702 natum
2093 5651 2418 5719 prensandae
2463 5653 2595 5706 dum
2647 5652 2834 5707 liceret
2894 5652 3230 5718 occasionis,
3299 5652 3441 5710 stitit

1851 5739 2252 5809 aliquantulum
2320 5743 2628 5811 Augustum
2705 5743 2996 5799 abeuntem
3059 5745 3292 5815 petenda
3357 5749 3438 5805 fa-

1853 5833 2057 5888 cultate
2118 5834 2356 5890 visenda:
2398 5835 2696 5890 Simonidis
2727 5837 2886 5906 eique
2938 5836 3076 5893 bene
3137 5843 3426 5910 precandi,

1855 5936 2146 5990 antequam
2181 5944 2406 5990 pergere
2439 5929 2506 5984 ad
2542 5943 2804 5988 sponsum
2844 5932 3236 5992 abduceretur.
3281 5940 3430 6004 Quo—
