3922 6548
226 403 339 465 313

1160 413 1260 473 DE
1280 415 1724 479 ANDRONlCO
1778 419 2244 486 PALEOLOGO
2279 427 2430 488 LIB.
2461 427 2565 492 IV.

3393 427 3505 493 314

232 520 381 589 piunt
411 519 508 583 τάς
536 517 709 593 θύρας
740 522 1020 590 ἀνοίγνυσι
1043 529 1154 590 τοίς
1180 529 1478 600 προσόδους
1507 531 1638 601 παρ’
1671 533 1811 586 ἐκεῖ·
1847 531 1895 590 Δ
1927 525 2212 606 Προῦργου
2241 538 2288 591 δ’
2313 534 2382 611 ἦν
2410 539 2473 594 τδ
2501 541 2595 595 τοῦ
2630 540 2863 613 Σέρὸου,
2891 541 2986 598 καὶ
3007 543 3244 614 πέμπων
3268 544 3508 614 ἀνελάμ-

228 628 324 665 νον
354 615 534 667 ποιεῖν
587 613 944 687 βουλομένοις
992 620 1137 675 κατά
1168 639 1227 676 τε
1267 623 1451 693 κρίσιν
1483 625 1576 678 καὶ
1604 624 1820 679 οίανοῦν

228 705 433 778 ἑτέραν
459 707 733 782 ἀναδοχήν
765 712 1080 786 πατριάρχῃ
1122 716 1466 789 πρέπουσαν.

228 832 303 897 γ’.
345 826 542 894 Ὅπως
576 827 648 883 ἐν
694 830 1137 968 Θεσσαὲλονίῗῃο
1159 834 1477 906 διατρίϐων
1520 837 1758 908 ἐνήργει
1791 842 1824 894 ὁ

920 920 1024 959 act
1071 921 1199 968 ευς.

920 920 1199 972 nauseo.

317 991 380 1044 Ὀ
419 991 678 1064 βασιλεὺς
727 993 774 1048 δ’
817 995 876 1049 ἐν
927 995 1300 1071 Θεσσαλονίκῃ
1341 999 1674 1072 καθήμενος,
1703 999 1824 1054 τότε

232 1083 477 1156 πρώτως
511 1087 638 1143 ἰδὼν
667 1089 912 1161 ἐκείνην,
963 1089 1180 1161 ἔπεμπε
1230 1092 1332 1162 μὲν
1377 1094 1515 1166 πρὸς
1556 1093 1655 1165 τὴν
1689 1093 1826 1148 ἰδίαν

230 1178 582 1250 αὐτανεψίαν
615 1179 718 1251 τὴν
757 1181 984 1249 Ἅνναν,
1016 1183 1189 1252 αὐτῆς
1239 1200 1302 1252 γε
1343 1184 1828 1256 προσλιπαρούσης

231 1272 328 1324 καὶ
389 1270 653 1344 κινούσης
710 1273 811 1344 τὴν
865 1274 976 1328 ἀπὸ
1029 1273 1124 1328 τοῦ
1198 1273 1464 1345 βασιλέως
1517 1275 1827 1344 εὐμένειαν,

233 1363 458 1431 ἔπεμπε
493 1363 550 1416 δὲ
583 1363 679 1417 καὶ
709 1363 849 1434 πρὸς
875 1363 1000 1430 τοὺς
1041 1365 1554 1438 σεδαστοκράτορας
1581 1367 1683 1436 (ἔτι
1717 1368 1828 1437 γὰρ

232 1459 290 1510 ὲν
326 1459 451 1520 τοῖς
483 1457 654 1521 ζῶσιν
691 1452 857 1527 ἦσαν)
893 1458 1298 1530 προσαπαιτῶν
1345 1459 1726 1532 Δημητριάδα,
1760 1460 1830 1530 ἢν

234 1548 461 1618 φθάσας
487 1551 517 1602 ὁ
549 1548 1051 1621 πρωτοθεστιάριος
1083 1551 1177 1606 καὶ
1212 1551 1457 1622 κατέχων
1487 1551 1829 1624 ἀνῳιιοδὸμει

235 1641 330 1694 καὶ
359 1639 583 1710 βασιλεῖ
615 1641 848 1694 καθίστα
875 1641 1140 1714 ὑπήκοον.
1173 1641 1237 1715 [P
1273 1642 1392 1716 l96]
1428 1636 1534 1707 Ἷίς
1569 1645 1662 1696 καὶ
1696 1644 1831 1714 προ⁴

234 1749 402 1802 τερον
433 1731 691 1802 βασιλεὺς
720 1732 980 1802 καθυφίει
1006 1732 1096 1788 διὰ
1126 1733 1187 1787 τὸ
1225 1737 1328 1805 τῆς
1357 1733 1670 1804 Θεοφανοῦς
1696 1735 1831 1807 πρὸς

237 1824 480 1892 θάτερον
508 1823 620 1877 τῶν
649 1823 896 1893 ἀδελφῶν
925 1825 1111 1894 κῆδος.
1150 1825 1396 1879 Ἐκείνου
1420 1825 1476 1880 δὲ
1500 1825 1834 1891 κωλυθέντος

237 1915 464 1986 θανάτῳ
491 1916 593 1986 τῆς
620 1917 841 1989 νύμφης
870 1918 1011 1972 κατά
1042 1920 1143 1989 τὴν
1173 1917 1604 1989 Θεσσαλονίκην,
1633 1919 1834 1991 ἀπῄτει

236 2010 356 2064 τότε
410 2009 649 2080 πέμπων
688 2009 748 2065 τδ
783 2010 980 2065 ἑαυτοῦ
1023 2010 1268 2064 δίκαιον·
1317 2010 1677 2083 Δημητριάδα
1724 2010 1834 2082 γὰρ

239 2107 333 2158 καὶ
380 2105 492 2174 πρὸ
524 2102 620 2156 τοῦ
666 2103 863 2157 ἑαυτοῦ
912 2097 1052 2157 εἶναι
1101 2103 1198 2158 καὶ⁵
1245 2104 1369 2158 τότε
1405 2103 1630 2166 δικαίως
1663 2119 1834 2174 προσ-

241 2196 526 2249 απαιτεῖν.
585 2194 776 2248 Ταῦτα
822 2194 916 2249 τοῦ
975 2194 1242 2264 βασιλέως
1290 2193 1833 2265 διαπρεσϐευομένου

241 2291 448 2342 ικεῖνοι
479 2287 621 2360 πρὸς
659 2288 856 2358 τριϐὰς
897 2276 1141 2359 ἐχώρουν
1188 2288 1256 2343 τὰ
1285 2288 1492 2358 συνήθη
1525 2288 1834 2352 ποιοῦντες,

243 2381 346 2435 ὑπὸ
376 2381 501 2444 δέος
529 2381 630 2450 μὲν
666 2380 840 2447 ὄντες,
874 2382 957 2434 ὅτι
1000 2381 1255 2454 βασιλεὺς
1287 2383 1457 2449 ἐγγὺς
1495 2381 1836 2452 ἐφειστήκει,

243 2477 397 2547 ὅμως
425 2473 485 2528 δὲ
515 2471 610 2527 τοῦ
643 2471 911 2543 συνήθους
941 2469 1330 2542 ἀλωπεκισμοῦ
1366 2472 1489 2527 οὐδὲ
1515 2472 1642 2526 τότε
1685 2473 1839 2540 πάμ-

246 2586 354 2622 παν
391 2565 750 2621 ἐπελάθοντο.
793 2564 981 2619 Ταῦτα
1013 2565 1059 2618 δ’
1083 2564 1193 2634 ἄρα
1255 2563 1527 2632 ἐξαγώνια
1573 2559 1718 2634 ἦσαν
1761 2564 1840 2637 τῷ

246 2659 487 2731 βασιλεῖ,
514 2660 597 2713 ὅτι
619 2657 743 2731 μηδ’
767 2657 950 2714 αὐτῶν
975 2655 1295 2728 ἐξεληλάκει
1321 2655 1482 2730 χάριν
1507 2657 1643 2729 πρὸς
1661 2657 1836 2714 δύσιν.

245 2841 340 2897 ubi
375 2849 464 2898 sat
495 2839 662 2910 longo
691 2848 939 2910 tempore
963 2837 1188 2893 clausus
1220 2821 1546 2893 cessavitab
1572 2835 1719 2891 omni
1746 2850 1842 2906 pa.

245 2932 535 2989 triarchali
578 2931 883 2996 iunctione,
911 2929 1090 3000 quoad
1124 2929 1349 2984 tandem
1380 2936 1608 2997 rogatus
1634 2944 1665 2984 a
1693 2930 1842 2985 clem

245 3035 299 3081 et
329 3024 676 3082 antistitibus
703 3023 850 3080 fores
884 3020 1438 3094 apernit,’admittens
1475 3036 1570 3078 eos
1597 3022 1690 3092 qui
1710 3035 1845 3076 con-

247 3118 440 3175 venire
481 3133 541 3174 se
568 3117 775 3173 vellent
810 3130 907 3172 seu
953 3113 1149 3184 judicii
1201 3127 1369 3169 causa
1426 3109 1544 3168 sive
1595 3113 1843 3183 cujusvis

248 3211 482 3269 alterius
519 3209 886 3281 patriarcham
915 3207 1167 3264 decentis
1205 3205 1728 3274 administrationis.

246 3349 298 3403 5.
332 3347 478 3413 Quid
505 3344 892 3400 Thessalonica:
925 3359 1258 3398 commorans
1311 3341 1474 3412 egerit
1523 3341 1835 3407 imperator.

321 3481 632 3553 Imperator
660 3479 1066 3535 Thessalonicae
1092 3491 1464 3540 commorans,
1501 3491 1667 3547 quam
1721 3484 1836 3530 tum

251 3576 498 3646 primum
537 3571 724 3627 urbem
756 3570 995 3634 viderat,
1056 3569 1204 3625 misit
1264 3569 1410 3640 quia
1447 3583 1506 3624 se
1555 3567 1842 3622 consobri-

249 3685 377 3724 nam
429 3667 645 3720 Annam
696 3664 1018 3727 salutarent,
1087 3662 1138 3716 id
1167 3663 1346 3732 ipsum
1379 3661 1470 3717 illa
1502 3671 1750 3731 precata,
1783 3670 1839 3715 et

251 3761 459 3832 quibus
493 3760 666 3830 potuit
697 3756 888 3814 ciliciis
941 3756 1243 3827 promereri
1285 3765 1564 3827 satagente
1611 3756 1840 3828 Augusti

251 3853 722 3911 benevolentiam.
747 3850 900 3906 Misit
931 3851 1097 3904 etiam
1135 3851 1200 3904 ad
1231 3850 1750 3918 sebastocratoras(
1780 3850 1834 3903 hi

251 3949 402 4004 enim
440 3945 620 4000 adhuc
654 3943 710 3999 in
774 3942 918 3998 vivis
964 3943 1168 4012 erant)
1222 3948 1478 4010 repetens
1545 3939 1843 3994 Demetria-

252 4041 378 4095 dem
407 4057 423 4105 ;
463 4053 629 4109 quam
672 4035 946 4092 civitatem
977 4041 1136 4089 antea
1184 4033 1643 4104 protovestiarins
1670 4047 1838 4088 occu-

253 4143 437 4202 patam
468 4130 900 4186 rezedilicaverat
954 4137 1010 4182 et
1060 4127 1256 4183 ditioni
1298 4127 1650 4198 imperatoris
1687 4141 1841 4182 asse-

253 4235 477 4291 ruerat;
511 4223 607 4280 sed
643 4222 748 4279 bac
803 4222 969 4294 paulo
1000 4230 1129 4276 ante
1161 4222 1461 4292 imperator
1507 4233 1752 4277 cesserat
1783 4221 1838 4275 in

254 4319 490 4391 gratiam
513 4315 881 4385 Theophanus
903 4330 1079 4371 nurus
1108 4330 1222 4371 suae
1248 4315 1480 4381 sororis,
1517 4314 1646 4370 dum
1677 4313 1844 4385 hujus

256 4408 672 4466 matrimonium
701 4423 826 4463 cum
849 4408 1022 4464 altero
1071 4407 1574 4465 scbastocratorum
1635 4414 1844 4462 tracta-

1924 626 2055 681 ίανέ
2091 647 2149 683 τε
2195 630 2294 695 τὰς
2333 631 2518 695 κοινὰς
2569 633 2877 699 συνθεσίας,
2933 635 3030 689 καὶ
3087 636 3510 704 κατηνάγκαζεν

1927 721 2258 791 ἐγχειρίζειν
2297 723 2396 792 μὲν
2441 724 2738 794 Ῥωμαίοις
2771 726 2867 780 καὶ
2901 725 3244 799 Κοτανίτζην
3276 731 3370 782 καί
3409 730 3512 796 τὴν

1925 812 2064 877 τέως
2119 812 2200 877 είς
2251 815 2497 887 γαμετὴν
2527 813 2720 880 οὖσαν,
2755 818 3182 888 ἀντιλαμϐάνειν
3221 821 3265 874 δ’
3292 823 3372 884 είς
3419 839 3508 889 γυ⁶

1927 905 2094 959 νσῐκα
2125 904 2359 976 νόμιμον
2392 908 2451 962 τὸ
2478 907 2572 963 τοῦ
2606 909 2869 980 βασιλέως
2894 910 3189 982 θυγάτριον

1930 1041 1992 1096 δ’.
2027 1041 2165 1112 Περὶ
2193 1042 2312 1097 τῶν
2343 1043 2776 1100 ἀντιδοθέντων
2801 1047 3040 1118 ὁμήρων
3067 1049 3164 1104 διὰ
3196 1049 3261 1103 τὸ
3303 1049 3512 1117 κῆδος.

2015 1178 2160 1232 Ἀλλ’
2186 1181 2395 1243 ἐκεῖνος
2422 1180 2612 1245 δεδιὼς
2654 1182 2785 1246 ἴσως
2816 1183 2891 1255 μή
2931 1202 3048 1250 πως
3079 1187 3514 1258 παραλογισθείη

1930 1272 2028 1336 τὰς
2059 1273 2378 1343 ὁμολογίας,
2422 1275 2514 1329 καὶ
2539 1274 2614 1346 δῷ
2650 1278 2771 1348 μὲν,
2813 1280 2913 1333 οὐκ
2952 1279 3216 1353 ἀντιλάσῃ
3247 1282 3323 1346 δὲ,
3359 1283 3390 1353 ἢ
3427 1283 3520 1336 καὶ

1933 1364 2096 1428 αὐτὸς
2130 1364 2363 1432 ἐμπέσοι
2393 1384 2457 1436 γε
2505 1369 2584 1431 εἰς
2616 1369 2959 1439 ἁρκύστατα,
3001 1371 3106 1425 ὐπδ
3140 1377 3350 1438 πιστοῖς
3380 1376 3518 1444 ὁμή·

1935 1474 2055 1528 ροις
2089 1457 2276 1528 ἐζήτει
2308 1462 2406 1523 τὰς
2459 1463 2690 1534 πράξεις
2736 1463 3019 1532 γίνεσθαι·
3071 1465 3216 1520 οὕτω
3265 1468 3371 1536 γὰρ
3429 1469 3522 1522 tul.

1936 1548 2137 1621 ῥᾳδίως
2163 1553 2338 1604 ποιεῖν
2362 1552 2428 1606 τὰ
2453 1555 2809 1624 συγκείμενα,
2835 1557 2882 1610 εί
2904 1557 3065 1620 αὐτὸς
3088 1559 3253 1624 ἀξίως
3285 1562 3524 1631 προσλήο

1934 1640 2100 1711 ψαιτο
2154 1644 2282 1706 τοὺς
2333 1645 2601 1716 ὁμήρους,
2645 1648 2736 1716 ὑφ’
2779 1643 2859 1712 οἷς
2910 1652 3333 1721 συνισχημένοις
3383 1653 3524 1706 ἑτοί-

1939 1748 2056 1800 μως
2105 1733 2204 1784 καὶ
2239 1733 2402 1797 αὐτὸς
2443 1737 2716 1807 ἀπαντᾷν.
2756 1734 2908 1802 Ἐνδς
2951 1743 3061 1810 γὰρ
3083 1741 3191 1814 Ψτοῦ
3224 1741 3324 1805 τὴν
3357 1744 3525 1798 παῖδα

1935 1819 2031 1875 τοῦ
2057 1821 2328 1892 βασιλέως
2354 1829 2590 1893 γυναῖκα
2618 1831 2765 1897 σχεῖν
2792 1829 2862 1882 τὰ
2893 1830 3075 1883 πάντα
3103 1834 3325 1902 προῖετο
3349 1851 3362 1865 ·
3397 1837 3446 1887 εἰ
3480 1835 3525 1888 δ’

1937 1914 2191 1987 ἀστοχοίη
2247 1915 2441 1972 τούτου
2493 1917 2558 1972 ἔκ
2615 1937 2764 1983 τινος
2809 1923 3050 1994 ἀπάτης,
3089 1923 3168 1988 ὡς
3212 1926 3523 1998 ὑφεωρᾶτο,

1937 2003 2032 2056 ἐπὶ
2078 2005 2365 2076 κεφαλαίῳ
2396 2006 2732 2076 ζημιοῦσθαι
2768 2010 2994 2076 δικαίως
3041 2012 3202 2084 ᾤετο.
3235 2015 3401 2069 Ὅθεν
3434 2021 3527 2070 καὶ

1937 2094 2013 2157 ὡς
2045 2091 2163 2166 εἶχε
2197 2098 2662 2169 κατησφαλίζετο,
2692 2101 2785 2154 καὶ
2815 2086 3134 2173 ’λαμϐάνειν
3163 2108 3404 2177 ὁμήρους
3439 2110 3528 2163 διὰ

1937 2183 2065 2250 τοὺς
2103 2187 2291 2250 αὐτοῦ,
2331 2188 2655 2244 ἀντιδιδόναι
2684 2191 2728 2244 δ’
2765 2192 3011 2262 ὁμήρους
3039 2193 3126 2247 διὰ
3153 2195 3253 2266 τὴν
3294 2196 3390 2250 τοῦ
3427 2199 3528 2267 βα-

1941 2276 2131 2341 σιλέως
2156 2279 2324 2332 παῖδα
2353 2278 2508 2350 ἠξίου
2540 2299 2600 2335 τε
2635 2283 2727 2337 καὶ
2755 2283 3100 2355 ἀντηξιοῦτο,
3137 2287 3406 2357 βασιλέως
3435 2293 3530 2345 ἐπὶ

1938 2373 2155 2437 τούτοις
2212 2373 2524 2439 νεύσαντος.
2584 2377 2903 2448 Πέμπονται
2953 2381 3135 2434 τοίνυν
3184 2383 3532 2453 ἑκατέρωθεν

1940 2466 2167 2537 ὅμηροι,
2195 2468 2291 2522 καὶ
2313 2468 2454 2522 κατά
2489 2469 2655 2539 μέσον
2675 2471 2767 2525 τὸν
2792 2473 3036 2544 ποταμὸν
3067 2475 3367 2547 Βαρδάριον
3391 2481 3534 2533 ἀντ-

1941 2559 2320 2627 αλλάττονται,
2349 2561 2442 2616 τοῦ
2487 2563 2690 2634 Σέρϐου
2721 2565 2908 2628 δόντος
2949 2568 3048 2637 μὲν
3076 2569 3172 2622 καὶ
3192 2570 3534 2641 Κοτανίτζην

1943 2653 2040 2707 καὶ
2065 2653 2164 2728 τήν
2192 2655 2288 2709 τοῦ
2321 2654 2594 2728 Τερτερῆ,
2619 2656 3000 2724 ἀντιλαϐόντος
3023 2660 3082 2714 δὲ
3113 2660 3212 2732 τήν
3240 2662 3334 2715 τοῦ
3368 2662 3530 2734 βασι-

1943 2834 2102 2900 buit;
2135 2833 2431 2906 missisque
2464 2835 2558 2906 qui
2589 2835 2794 2890 cralem
2827 2846 3106 2904 urgerent,
3133 2835 3201 2891 ab
3224 2853 3290 2892 eo
3309 2853 3539 2909 expres-

1946 2930 2041 2992 sit,
2071 2927 2225 2998 jnxta
2256 2938 2551 2993 conventa,
2581 2938 2639 2984 ut
2664 2937 2712 2982 et
2746 2928 3092 2985 Cotanitzztm
3117 2939 3354 3000 etquam
3383 2942 3540 2987 eate-

1947 3034 2052 3074 nus
2081 3019 2275 3074 uxoris
2304 3017 2430 3074 loco
2457 3019 2740 3074 mulierem
2769 3019 3038 3076 habuerat
3069 3022 3334 3084 traderet.
3359 3030 3528 3093 atque

1948 3111 2111 3182 hujus
2141 3111 2194 3164 in
2225 3110 2406 3167 locum
2434 3110 2732 3183 legitimam
2760 3127 2987 3168 uxorem
3038 3113 3274 3184 Augusti
3317 3115 3538 3171 ﬁliolam

1947 3206 2239 3277 acciperet.

1947 3323 2006 3376 4.
2042 3319 2116 3376 De
2150 3319 2424 3376 obsidibus
2472 3321 2693 3376 invicem
2747 3323 2889 3376 datis
2935 3323 3007 3377 ad
3051 3324 3390 3380 securitatem
3432 3333 3544 3380 tra-

2459 3404 2636 3447 ctatus
2661 3393 2726 3446 de
2757 3393 3032 3463 απῖηἱιαιρ.

2020 3481 2136 3539 Νοιι
2165 3491 2346 3539 tamen
2369 3483 2488 3538 haec
2515 3486 2695 3539 crales
2721 3486 2841 3542 sine
2867 3487 3095 3558 pignore
3121 3488 3410 3544 relaxavit.
3433 3488 3540 3545 Me-

1946 3587 2108 3635 tuens
2127 3578 2271 3633 enim
2300 3595 2388 3646 ne,
2409 3579 2455 3635 si
2480 3577 2766 3634 festinaret
2784 3580 2914 3637 dare
2934 3598 3054 3652 qua:
3069 3586 3421 3652 poscebatur,
3443 3587 3548 3641 cir-

1948 3672 2368 3728 cumveniretur
2397 3672 2724 3726 credulitate
2773 3672 3107 3742 inconsulta,
3146 3677 3358 3747 negatis
3397 3687 3545 3749 post-

1950 3778 2016 3818 ea
2049 3779 2170 3834 qua:
2201 3777 2261 3819 se
2299 3763 2540 3819 vicissim
2587 3773 2942 3832 accepturum
2989 3776 3137 3822 esset
3183 3778 3400 3837 pactus,
3450 3783 3546 3827 aut

1945 3857 2110 3912 etiam
2151 3856 2203 3911 in
2234 3871 2416 3912 casses
2449 3871 2510 3911 se
2536 3855 2814 3924 indueret,
2841 3858 3047 3928 quibus
3077 3875 3222 3930 aegre
3247 3877 3344 3932 pos
3369 3879 3431 3917 ea
3457 3878 3555 3917 ex-

1947 3950 2264 4011 tricaretur,
2298 3947 2584 4016 respondit
2611 3957 2799 4002 mutua
2828 3949 3126 4007 traditione
3164 3953 3418 4008 obsidum
3457 3953 3556 4010 ﬁr—

1951 4040 2092 4094 mari
2153 4037 2551 4108 promissorum
2610 4037 2844 4094 invicem
2902 4039 3069 4096 [idem
3135 4053 3429 4113 oportere:
3473 4046 3555 4101 sic

1948 4129 2094 4185 enim
2125 4128 2374 4184 securius
2420 4130 2698 4197 negotium
2736 4130 2994 4202 utrinque
3041 4137 3557 4202 processurum.Ac

1950 4221 2174 4278 tenebat
2206 4219 2486 4275 hominem
2526 4219 2725 4288 cupido
2771 4237 2971 4294 magna
3024 4225 3147 4280 tiliae
3206 4227 3556 4295 impera'oris

1949 4317 2109 4365 certo
2140 4307 2245 4363 sibi
2278 4307 2560 4362 connubio
2589 4307 2908 4378 jungendte,
2946 4328 3014 4367 ex
3049 4328 3159 4382 quo
3182 4326 3454 4382 quantum
3498 4319 3554 4368 et

1952 4398 2183 4480 honoris
2215 4406 2271 4455 et
2305 4399 2586 4454 commodi
2619 4411 2766 4455 esset
2796 4401 2848 4455 in
2903 4418 2964 4458 se
3001 4405 3435 4461 redundaturum
3475 4409 3558 4461 in-

259 4511 433 4558 retur.
455 4496 661 4554 Verum
689 4498 794 4554 isto
823 4497 1082 4570 eonjngio
1110 4506 1288 4552 morte
1316 4505 1648 4566 pramature
1685 4510 1848 4566 spon-
1881 4506 1924 4562 ο
1960 4492 2270 4563 telligebat;
2302 4491 2566 4561 indeque,
2592 4499 2651 4544 ut
2676 4508 3006 4564 magnopere
3030 4496 3357 4553 desideratis
3397 4501 3558 4557 anxie

257 4607 354 4660 sae,
408 4606 534 4662 qua
590 4588 997 4646 Thessalonicae
1033 4597 1160 4644 ante
1197 4589 1413 4658 nuptias
1474 4588 1618 4643 diem
1651 4587 1843 4650 tobiit,

260 4685 587 4752 intercepto,
617 4679 890 4736 redditam
922 4678 1015 4734 tali
1057 4693 1186 4734 casu
1237 4678 1349 4750 juri
1385 4692 1485 4733 suo
1523 4677 1690 4748 priori
1742 4692 1842 4731 ur-

259 4775 382 4830 bem
409 4774 572 4829 istam
605 4772 902 4842 imperator
935 4770 1286 4842 reposcebat,
1319 4769 1504 4826 missis
1526 4769 1618 4840 qui
1667 4768 1720 4824 id
1748 4783 1844 4824 ur-

231 4858 453 4940 gerent
485 4865 670 4937 legati.
705 4861 814 4920 Sed
839 4876 958 4918 eam
991 4861 1461 4918 s'ebastocratores
1513 4861 1616 4917 sibi
1660 4859 1843 4916 solitis

263 4959 479 5016 artibus
511 4957 828 5030 petitionem
854 4955 1176 5019 eludebant,
1202 4969 1309 5009 non
1335 4953 1562 5026 praecise
1581 4963 1846 5024 negantes

265 5052 606 5125 (metuebant
620 5051 820 5123 quippe
835 5050 944 5105 vim
958 5064 988 5105 a
1001 5048 1180 5104 vicina
1195 5045 1540 5118 imperatoris
1555 5042 1846 5117 potentia),

268 5147 362 5202 sed
414 5143 962 5218 tergiversationibus
1024 5141 1366 5196 innectentes
1423 5153 1645 5204 moras,
1699 5138 1844 5192 haud

267 5239 496 5294 omnino
521 5238 806 5306 ignorante
833 5235 1080 5304 Augusto
1105 5232 1292 5288 fucum
1323 5230 1427 5287 sibi
1469 5230 1585 5286 lleri
1623 5239 1675 5284 et
1709 5245 1846 5284 con-

269 5340 421 5386 sueta
457 5329 678 5386 familia:
711 5327 800 5384 isti
831 5325 1205 5397 vulpinatione
1232 5323 1397 5378 verba
1449 5321 1590 5388 dari,
1642 5322 1850 5391 patien-

272 5424 378 5480 tius
412 5433 598 5479 tamen
633 5420 1034 5486 dissimulante,
1096 5419 1242 5490 quod
1271 5416 1375 5473 sibi
1425 5415 1683 5472 censcius
1739 5412 1844 5467 alia

273 5515 540 5586 pracipue
573 5512 642 5570 de
674 5527 843 5568 causa
885 5510 1286 5582 expeditionem
1342 5507 1395 5562 in
1427 5505 1703 5562 Occiduos
1739 5513 1850 5560 tra-

273 5615 392 5664 ctus
421 5623 451 5662 a
479 5622 537 5662 se
570 5607 713 5662 hanc
755 5612 1092 5676 susceptam,
1139 5601 1325 5657 minus
1367 5599 1733 5655 laborandum
1780 5597 1848 5652 de

273 5700 357 5756 bis
377 5699 701 5757 accessoriis
739 5697 988 5768 putabat,
1021 5697 1148 5751 dum
1185 5692 1489 5764 principale
1547 5691 1846 5764 negotium,

276 5793 434 5866 285
465 5792 609 5865 quod
654 5799 775 5847 erat
831 5789 1012 5847 fmdus
1053 5798 1111 5845 et
1174 5786 1410 5843 allinitas
1467 5801 1591 5842 cum
1648 5785 1847 5846 Serbo,

264 5896 426 5970 .recte
459 5884 807 5945 succederet.
837 5883 898 5942 In
940 5884 1042 5941 hoc
1065 5884 1253 5957 'igitur
1306 5881 1651 5953 potissimum
1689 5880 1842 5936 incu-

1945 4588 2204 4652 timetur,
2243 4587 2485 4659 inquieta
2549 4585 2926 4643 sollicitudine
2977 4592 3345 4661 pangebatur,
3397 4608 3560 4664 repu‘

1944 4683 2068 4736 tans
2099 4695 2166 4736 ne
2205 4680 2348 4736 forte
2379 4695 2518 4736 vana
2551 4697 2614 4738 ea
2645 4697 2772 4751 spes
2806 4686 3192 4743 ostenderetur
3218 4703 3247 4742 a
3270 4687 3553 4754 Romanis,

1953 4771 2174 4828 resilire
2205 4785 2270 4825 ac
2297 4769 2554 4828 frustrari
2589 4790 2650 4830 se
2679 4775 2914 4845 paratis,
2959 4775 3126 4831 simul
3160 4793 3281 4847 qua:
3325 4795 3391 4833 ex
3438 4781 3558 4850 ipso

1944 4862 2358 4931 concupierant,
2386 4873 2660 4921 tenerent.
2737 4864 2811 4920 Ea
2843 4881 3009 4937 porro
3034 4868 3102 4924 de
3136 4884 3306 4926 causa
3347 4876 3556 4942 petenti

1943 4952 2102 5016 erali,
2127 4967 2182 5008 et
2209 4953 2450 5009 vicissim
2483 4955 2766 5022 otl'erenti,
2817 4958 3026 5028 quibus
3071 4960 3197 5015 ﬁdei
3250 4973 3553 5019 convento-

1959 5060 2082 5098 rum
2127 5057 2446 5112 caveretur,
2474 5059 2696 5101 mutuus
2744 5050 2988 5114 obsides,
3042 5051 3235 5107 annuit
3255 5055 3557 5121 Augustus;

1946 5151 2183 5206 moxque
2212 5137 2264 5190 in
2299 5135 2478 5191 medio
2508 5136 2682 5192 Barda
2698 5139 2780 5193 rio
2814 5154 2975 5194 amne
3001 5141 3106 5196 rite
3129 5144 3285 5213 prius
3315 5143 3562 5198 celebra-

1947 5236 2000 5283 ta
2029 5226 2440 5298 permutatione
2470 5227 2726 5284 obsidum
2758 5231 3022 5302 utrinque
3045 5233 3369 5301 missorum,
3390 5235 3558 5290 etiam

1948 5321 2068 5374 Sine
2107 5335 2256 5375 mora
2294 5334 2612 5390 processum
2661 5321 2729 5377 ad
2771 5321 2964 5378 ell'ecta
3003 5330 3108 5390 est,
3141 5322 3318 5380 Serbo
3335 5325 3557 5395 quidem

1948 5410 2288 5466 Cotanitzam
2321 5417 2374 5466 et
2409 5410 2572 5465 ﬁliam
2628 5409 2872 5468 Terteris
2919 5413 3179 5481 dedente,
3204 5416 3563 5486 vicissimque

1959 5504 2266 5575 accipiente
2299 5503 2368 5558 ab
2404 5505 2737 5575 imperatore
2772 5505 2945 5575 ipsius
2983 5504 3148 5560 filiam
3179 5506 3310 5560 luxu
3338 5518 3566 5563 ornatu-

1957 5617 2067 5670 que
2097 5599 2283 5669 regiis,
2314 5599 2574 5656 satellitio
2609 5598 2897 5670 splendido
2931 5599 3244 5662 deductam,
3268 5600 3564 5670 statimque

1955 5701 2100 5763 post,
2151 5692 2314 5748 simul
2357 5692 2429 5747 ab
2479 5692 2808 5747 Achridensi
2868 5691 3108 5748 Macario
3167 5693 3551 5750 ecclesiastico

1952 5785 2174 5857 sponsis
2205 5783 2400 5841 fuisset
2425 5784 2524 5840 rite
2546 5783 2821 5855 impertita
2842 5784 3171 5847 benedictio,
3199 5785 3430 5840 summis
3463 5785 3564 5839 bo-

1954 5879 2180 5936 nuribus
2218 5876 2486 5934 affectant.
2531 5875 2646 5931 Non
2689 5875 2834 5934 enim
2893 5873 3039 5932 illam
3084 5875 3262 5934 crales
3325 5887 3383 5934 ut
3433 5892 3565 5950 pro-
