3922 6610
400 467 505 531 315
560 550 579 570 .

1591 473 1635 531 G
1651 469 1846 575 Et'lIiG
1865 472 1915 532 ll
1965 469 2380 531 P.\Cll‘i’.\lER
2410 466 2456 525 Ε

3564 464 3697 527 ἷίἓϐ

398 586 537 648 λέως
562 586 746 649 παῖδα,
788 586 911 656 μεθ’
935 587 1016 641 ὅτι
1059 587 1318 661 πλείστης
1350 591 1449 659 τῆς
1484 592 1771 662 σπατάλης
1797 611 1856 645 τε
1885 594 1977 647 καὶ
2011 602 2052 654 Α
2087 600 2163 656 ς’.
2199 591 2338 660 Περὶ
2370 586 2477 658 τῆς
2517 587 2635 641 τῶν
2659 583 3012 662 ’ΒενπτικῶνΔ
3036 583 3174 662 περὶ
3218 582 3331 651 τὴν
3361 587 3690 640 Θεσσαλο-

398 680 728 748 δορυφορίας
747 678 1111 749 πεμφθεῖσαν.
1153 683 1259 735 Καὶ
1280 682 1343 753 δὴ
1374 685 1466 737 καὶ
1492 687 1642 755 παρὰ
1665 685 1759 738 τοῦ
1801 686 1985 754 Ἀκρι-

400 771 509 825 δῶν
546 770 837 842 Μακαρίου
862 772 1222 828 τελεσθεισῶν
1254 775 1363 828 τῶν
1389 776 1637 847 συνήθων
1672 777 1986 849 ἱερολογιὼν

402 866 500 925 τὰς
549 866 714 935 τιμὰς
766 867 1157 935 προσηκούσας
1211 869 1448 939 ἐδέχετο,
1486 872 1569 922 ὅτι
1621 870 1715 923 καὶ
1763 869 1926 934 αὐτὸς
1961 873 1987 923 ὁ

401 957 610 1027 κράλης
640 959 823 1025 μεῖζον
860 959 890 1029 ἢ
926 961 1067 1012 κατὰ
1096 960 1329 1029 σύζυγον
1359 962 1456 1034 τὴν
1487 962 1583 1016 τοῦ
1615 962 1886 1034 βασιλέως
1912 961 1978 1031 [1’

401 1049 527 1122 197]
560 1050 988 1120 καθυπεδέχετο.
1036 1052 1110 1105 Οὐ
1141 1053 1248 1122 γὰρ
1282 1053 1358 1117 ὡς
1388 1049 1536 1123 εἶχεν
1574 1055 1817 1122 ἔφιππος
1846 1054 1991 1124 ﬁve!-

401 1159 525 1212 χετο
553 1143 941 1211 ὑποδέχεσθαι,
991 1143 1110 1196 ἀλλ’
1140 1144 1515 1209 ὑποπτὼσεως
1550 1149 1817 1218 σχήματι,
1850 1146 1990 1200 αἰδοῖ

398 1231 477 1300 τῷ
499 1233 635 1302 πρὸς
660 1232 909 1301 βασιλέα,
936 1234 1152 1298 ἀποϐὰς
1184 1233 1279 1288 τοῦ
1308 1235 1476 1289 ἵππου
1506 1235 1987 1309 προσερχομένην,

399 1324 474 1383 ὡς
498 1324 838 1379 δεσπόσυνον
869 1325 1035 1396 δῆθεν
1070 1328 1167 1382 καὶ
1193 1330 1292 1399 οὐχ
1325 1330 1400 1394 ὡς
1441 1329 1694 1399 σύζυγον,
1729 1329 1989 1401 φιλοφρο-

400 1417 666 1487 νούμενος
705 1420 1022 1490 ὑπεδέχετο.

403 1561 464 1608 ε’.
503 1555 708 1624 Ὅπως
737 1558 1069 1624 ὑπεδέξατο
1106 1560 1413 1683 ,ἓῗσιλεὺς
1452 1560 1556 1616 τὸν
1578 1559 1820 1630 reptiqu
1852 1564 1995 1629 Σερ-

1178 1650 1272 1683 ac.

1178 1650 1272 1696 ας.

479 1762 616 1815 Τότε
643 1762 739 1817 καὶ
789 1764 1047 1834 βασιλεὺς
1082 1768 1224 1822 κατὰ
1263 1767 1364 1838 τὴν
1406 1768 1561 1822 πόλιν
1592 1768 1997 1838 Θεσσαλονίκην

407 1854 616 1910 ἐκεῖνον
651 1857 1088 1928 μεγαλοπρεπῶς
1140 1860 1446 1931 ἐθεράπευε
1490 1862 1588 1915 καὶ
1648 1860 1842 1933 δώροις
1900 1863 1996 1915 καὶ

406 1949 595 2017 τιμαῖς
622 1949 706 2017 ἐφ’
732 1951 1225 2022 ήμέραιςῆγαλλε,
1264 1955 1515 2017 καὶτοὺς
1539 1953 1705 2007 αὐτοῦ
1739 1957 2003 2023 μεγιστᾶ-
2030 1957 2076 2017 Β
2104 1954 2152 2005 εἰ
2189 1953 2261 2024 μή
2304 1969 2367 2022 γε
2410 1952 2577 2024 βουλή
2632 1970 2795 2007 τινων
2826 1953 2940 2009 τῶν
2989 1953 3134 2024 ἀμφ’
3167 1954 3331 2007 αὑτὸν
3377 1953 3708 2024 μεσολαὸἡ-
3796 1964 3815 1976 ‘

410 2058 506 2104 νας
544 2041 839 2111 βασιλικῶς
874 2045 1131 2114 ἐδωρεῖτο
1183 2049 1297 2109 τοῖς
1359 2047 1625 2117 μείζοσιν.
1672 2044 1786 2101 Εἶτ’
1840 2043 1996 2112 αὖθις

406 2137 505 2189 καὶ
544 2136 869 2204 ἀποπέμπει
913 2138 1361 2204 πολυταλάντους
1418 2142 1617 2210 ἐκχέας
1662 2142 1761 2205 τὰς
1796 2142 1999 2205 δόσεις.

407 2227 930 2299 παρακεκινημένον
977 2232 1244 2303 τάδελφοῦ
1286 2232 1564 2302 Στεφάνου
1617 2234 1856 2305 (ὑπενόει
1890 2236 1998 2303 γὰρ

410 2322 664 2384 κάκεῖνος
699 2323 801 2391 ἤδη
838 2324 938 2394 τὴν
981 2326 1116 2379 ἰδῖαν
1158 2327 1654 2398 παρακινδύνευσιν
1685 2330 1762 2393 ὡς
1797 2330 1998 2383 αὐτίκα

409 2413 679 2482 τάδελφοῦ
701 2415 934 2485 μεῖζονῆ
962 2418 1231 2487 πρότερον
1257 2422 1399 2474 κατὰ
1423 2422 1484 2473 τὸ
1510 2420 1657 2485 εἰκὸς
1686 2422 1998 2490 φρονήσαν-

410 2523 523 2571 τος,
556 2507 651 2561 καὶ
676 2507 765 2560 διὰ
792 2508 953 2562 τοῦτο
981 2510 1213 2564 ἔσπευδε
1247 2511 1629 2584 προκαθιστᾷν
1668 2513 1744 2576 ὡς
1775 2508 1888 2582 εἶχε
1929 2511 2001 2564 τὰ

413 2600 537 2653 καθ’
592 2601 818 2670 ἑαυτὸν)
880 2604 1117 2671 πέμπων
1174 2604 1530 2674 συμμαχικὸν
1592 2602 1871 2675 βασιλεὺς,
1922 2603 1998 2669 ὡς

413 2688 529 2750 οἷόν
554 2694 599 2747 τ’
631 2690 722 2767 ἦν,
754 2695 1033 2766 ὐπὲϐραυε
1060 2697 1162 2760 τὰς
1188 2699 1365 2769 ὁρμὰς
1389 2696 1468 2769 τῷ
1501 2698 1781 2770 Στεφάνῳ.

415 2900 589 2973 priam
636 2901 949 2971 coniugem,
978 2900 1071 2956 sed
1103 2909 1159 2957 ut
1185 2900 1535 2971 imperatoris
1562 2899 1726 2954 ﬁliam
1765 2899 2002 2971 excepit,

2606 658 2789 721 νίκην
2817 656 3159 724 πρεσϐείας.

2164 752 2299 805 Τότε
2328 751 2422 805 καὶ
2446 749 2729 804 Βενετικοὶ
2759 750 2823 802 ὲκ
2852 747 2949 801 τοῦ
2985 747 3326 820 παρασχεδὸν
3358 746 3492 819 πρὸς
3524 747 3696 819 βασι-

2097 844 2194 897 λέα
2235 842 2710 914 διεπρεσϐεύοντο.
2733 843 2828 894 καὶ
2850 841 2950 910 τὴν
2973 841 3114 911 μετὰ
3143 838 3435 909 Ῥωμαίων
3454 843 3698 913 εἰρήνην

2093 939 2325 1009 ἐζήτουν
2358 936 2642 991 ἀνανεοῦν.
2692 933 2891 989 Ἤθελε
2926 936 3115 1005 μέντοι
3154 936 3251 989 καὶ
3285 935 3542 1005 βασιλεὺς
3572 935 3697 987 αὖ·

2093 1033 2221 1093 τοὺς
2252 1030 2530 1101 δέχεσθαι,
2571 1027 2687 1082 ἀλλ’
2728 1029 2877 1099 ὅμως
2914 1027 3118 1098 μεταξὺ
3164 1029 3371 1097 ἀμφοῖν
3416 1027 3703 1098 βουλομέ-

2095 1141 2205 1177 νοιν
2250 1123 2616 1193 προσίσταντο
2645 1121 2715 1175 τὰ
2743 1122 2975 1192 ἐνέχυρα
3001 1121 3147 1192 ἅπερ
3180 1121 3395 1192 φθάσας
3424 1120 3701 1192 βασιλεὺς

2096 1221 2161 1272 ὲκ
2183 1217 2487 1271 Βενετικῶν
2527 1219 2626 1287 τῆς
2666 1216 3069 1289 πυρπολήσεως
3100 1216 3265 1270 ἕνεκα
3304 1216 3701 1287 προσαφῄρει,

2097 1310 2132 1366 ἃ
2169 1306 2371 1365 ἐκεῖνοι
2409 1310 2508 1380 μὲν
2540 1309 2787 1382 ἀπῄτουν
2834 1311 2928 1363 καὶ
2959 1309 3135 1372 οὕτως
3170 1309 3366 1380 ἦθελον
3402 1307 3702 1380 δέχεσθαι,

2099 1401 2360 1474 βασιλεὺς
2408 1401 2467 1455 δὲ
2503 1400 2790 1472 περιεώρα
2823 1400 3022 1463 καίὠς
3052 1398 3282 1463 δικαίων
3309 1398 3419 1454 τῶν
3455 1401 3708 1469 ἀφαιρε-

2098 1494 2300 1548 Θέντων
2328 1495 2630 1563 ἀντείχετο.
2667 1493 2973 1559 Βενετικοῖς
3013 1492 3058 1546 δ’
3101 1489 3170 1564 ἦν
3202 1491 3557 1563 ὀρεγομένοις
3591 1491 3707 1560 τῆς

2104 1584 2242 1655 μετὰ
2274 1584 2537 1654 βασιλέως
2562 1586 2787 1655 εἰρήνης
2817 1584 2909 1637 καὶ
2935 1584 3187 1637 πλεῖστον
3213 1582 3277 1656 [Ρ
3310 1581 3435 1655 198]
3468 1586 3706 1649 ἀφεῖναι

2101 1676 2210 1731 τῶν
2265 1676 2560 1748 ἐνεχύρων,
2601 1677 2649 1730 εἰ
2702 1676 2958 1748 βασιλεὺς
2993 1677 3089 1730 καὶ
3140 1675 3313 1739 οὕτως
3361 1675 3707 1729 σπένδεσθαι

2101 1765 2417 1820 κατανεύοι.
2450 1766 2588 1831 Ἤδη
2636 1766 2692 1819 δὲ
2726 1766 2819 1819 καὶ
2863 1765 3121 1837 βασιλεὺς
3167 1765 3523 1834 ἀγαθοθελῶς
3554 1767 3706 1819 ὑπε-

2099 1858 2315 1913 κλίνετο
2354 1859 2458 1913 κᾶν
2484 1861 2689 1925 ἐκεῖσε,
2720 1862 2816 1915 καὶ
2845 1860 2944 1930 τὴν
2965 1861 3191 1933 εἰρήνην
3210 1858 3356 1914 οὕτω
3384 1860 3707 1925 καθίστων,

2103 2059 2245 2097 σασα
2279 2042 2395 2110 (καί
2413 2043 2524 2115 γὰρ
2554 2044 2617 2097 τὸ
2650 2041 2837 2109 κακῶς
2857 2044 3005 2114 ἔχειν
3036 2045 3342 2115 ξυμ-πεσεῖν
3371 2044 3481 2099 τῶν
3513 2060 3709 2115 πραγ-

2107 2135 2292 2207 μάτων
2324 2138 2557 2201 ὲκείνοις
2604 2138 2861 2192 ὐπέτεινε
2901 2138 3116 2195 τούτοις
3161 2140 3355 2193 ἐλπίδα
3389 2138 3569 2209 μείζω
3604 2136 3709 2191 τοῦ

2103 2228 2199 2282 καὶ
2229 2227 2375 2282 οὕτω
2403 2229 2572 2299 μηδὲν
2619 2228 2887 2293 λαΰόντας
2919 2230 3031 2285 τῶν
3060 2230 3337 2301 ἐνεχύρων
3376 2229 3478 2292 τὰς
3525 2246 3711 2283 σπον-

2104 2321 2202 2385 δὰς
2232 2321 2478 2392 ἀγαπᾷν)
2525 2322 2625 2393 τὴν
2672 2322 2772 2390 τῆς
2822 2324 3048 2394 εἰρήνης
3097 2323 3369 2392 πρόὸασιν
3403 2321 3710 2377 διεκώλυε.

2105 2414 2214 2468 Καὶ
2243 2416 2291 2468 οἰ
2326 2413 2425 2485 μὲν
2454 2414 2710 2468 ἐντεῦθεν
2745 2414 2820 2488 μὴ
2851 2415 2996 2469 οὕτω
3026 2415 3473 2487 καταδεξάμενοι
3524 2414 3714 2469 ποιεῖν

2104 2508 2203 2571 τὰς
2236 2507 2474 2568 σπονδὰς
2497 2508 2776 2578 ἄπρακτοι
2803 2508 3282 2581 καθυπέστρεφον.

2134 2600 2200 2665 ζ’.
2230 2600 2367 2668 Περί
2407 2597 2518 2667 τῆς
2556 2601 2849 2669 θυγατρὸς
2874 2601 2980 2655 τοῦ
3021 2600 3123 2654 ἐπὶ
3151 2599 3257 2655 τοῦ
3289 2599 3681 2655 κανικλεῖου.

2175 2692 2627 2757 Βασιλεὺςδὲτδν
2672 2694 2765 2747 ἐπὶ
2808 2692 2902 2746 τοῦ
2953 2692 3263 2747 κανικλείου
3302 2691 3561 2763 Χοῦμνον
3626 2689 3715 2744 θέο

2104 2899 2210 2956 bus
2246 2896 2507 2968 utrinque
2553 2898 2853 2969 propositis
2905 2913 3115 2954 moram
3174 2902 3396 2971 negotio
3451 2899 3712 2969 injiceret

413 2993 618 3063 quippe
640 2991 785 3047 haud
812 2987 1095 3049 sustinens
1125 2992 1179 3048 in
1205 3008 1371 3065 equo,
1408 3003 1465 3047 ιιι
1503 3003 1614 3046 tum
1661 3000 1803 3058 erat,
1834 2992 2002 3064 286
2101 2990 2507 3063 oppignera‘tio,
2546 2991 2616 3046 de
2650 3006 2757 3060 qua
2791 2989 3060 3057 diximus.
3103 2993 3376 3051 bonorum
3412 2993 3486 3048 ad
3530 2993 3712 3049 Vene-

413 3095 798 3140 occurrentem
832 3084 1098 3150 salutare,
1132 3085 1225 3139 sed
1263 3084 1327 3139 ad
1362 3084 1600 3155 prituum
1620 3083 1740 3154 ejus
1774 3097 2006 3153 conspr-
2102 3092 2189 3138 tos
2224 3083 2377 3140 urbis
2404 3081 2916 3152 Constantinopolis
2940 3082 3241 3153 inquilinos
3258 3085 3708 3151 pertinentium.

410 3189 560 3235 ctum
590 3178 852 3233 desiliens
901 3185 956 3231 et
990 3178 1042 3231 in
1093 3177 1329 3248 speciem
1382 3177 1758 3233 venerationis
1801 3176 2001 3230 inﬁmae
2105 3177 2284 3233 donec
2322 3174 2499 3231 multa
2533 3174 2838 3230 solveretur
2873 3173 3095 3231 Venetis
3129 3175 3599 3233 incendiiGalatte
3619 3194 3719 3230 au-

412 3273 745 3335 submissus,
780 3270 1099 3339 imperatori
1125 3269 1372 3325 debitum
1408 3270 1669 3324 honorem
1699 3269 1818 3337 ejus
1836 3266 2000 3339 proli,
2031 3286 2079 3352 ρ
2110 3271 2356 3327 etoribus
2381 3269 2612 3324 indicta.
2644 3268 2747 3323 Ista
2773 3270 2998 3339 pignora
3029 3269 3145 3324 suis
3170 3268 3322 3351 reddi
3368 3270 3715 3340 multamque

413 3364 768 3434 quantumvis
804 3376 917 3417 suae
949 3374 1184 3432 sponsae,
1214 3360 1571 3415 deferendum
1604 3366 1780 3425 ratus,
1805 3359 2016 3428 potius-
2120 3363 2321 3418 remitti
2359 3361 2549 3417 Veneti
2579 3361 2905 3431 poscebant,
2939 3376 3039 3416 nec
3070 3359 3235 3415 aliter
3271 3358 3323 3416 in
3359 3360 3545 3417 foedus
3584 3377 3718 3418 con-

412 3472 522 3528 que
575 3452 1037 3509 considerandum
1073 3461 1432 3522 augustorum
1467 3451 2015 3522 nataliumsplendo-

414 3564 531 3604 rem
565 3562 725 3617 quam
751 3544 1125 3601 conditionem
1176 3544 1386 3609 uxoris,
1436 3542 1648 3599 ratione
1689 3542 1850 3613 cujus
1908 3542 2011 3598 sibi

416 3652 587 3707 esset,
619 3650 678 3695 ut
706 3645 842 3707 viro,
870 3639 995 3710 jure
1026 3638 1296 3708 subjecta.

562 3756 614 3811 5.
663 3753 728 3809 Ut
764 3755 1020 3824 exceperit
1054 3755 1344 3825 imperator
1387 3754 1584 3809 cralem
1627 3752 1851 3809 Serbiaz.

525 3896 680 3950 Tunc
696 3895 857 3950 etiam
884 3893 1182 3963 imperator
1208 3893 1409 3949 cralem
1439 3892 1492 3948 in
1521 3891 1799 3948 civitatem
1835 3892 2013 3947 Thes-

420 3989 724 4047 salonicam
773 3985 1059 4056 splendide
1091 3987 1363 4045 invectum
1396 3984 1688 4056 exquisitis
1714 3984 1895 4041 affecit
1919 3984 2017 4039 ho-

422 4070 863 4145 noribus,donis
888 4088 944 4136 et
970 4080 1120 4133 omni
1168 4079 1573 4150 signiﬁcatione
1620 4079 2018 4135 benevolentia:

421 4189 521 4245 per
552 4172 670 4228 dies
696 4172 904 4242 aliquot
929 4171 1205 4239 dignatus,
1252 4184 1509 4239 proceres
1540 4183 1761 4239 quoque
1789 4167 2018 4221 comita-

424 4277 512 4320 tus
538 4266 685 4321 illius
711 4271 1040 4319 muneratus
1070 4265 1230 4332 plane
1260 4263 1429 4334 regie.
1491 4262 1711 4320 Dimisit
1758 4263 2014 4318 eumdem

424 4367 615 4428 postea
652 4358 820 4412 multa
852 4356 1083 4426 pecunia
1117 4356 1402 4410 donatum.
1434 4354 1578 4422 Quin
1602 4363 1656 4410 et
1693 4354 1914 4410 auxiliis
1940 4355 2019 4424 ip-

424 4466 547 4505 sum
575 4458 899 4519 prosecutus
932 4446 1265 4504 militaribus
1297 4454 1405 4513 est,
1448 4447 1651 4519 quibus
1693 4448 1839 4503 tueri
1881 4463 1938 4503 se
1986 4462 2016 4500 a

423 4545 475 4596 vi
514 4550 569 4597 et
599 4542 815 4598 insidiis
847 4541 1036 4598 lratris
1066 4540 1332 4612 Stephani
1362 4552 1570 4613 posset.
1608 4540 1743 4597 Nam
1788 4540 2018 4612 Stepha-

420 4650 534 4692 nus
566 4652 885 4703 germanum
914 4638 1145 4693 audiens
1172 4637 1390 4693 ﬁrmare
1440 4652 1527 4694 res
1551 4654 1681 4694 suas
1731 4637 1820 4693 aiﬁ
1835 4638 2004 4691 nitate
2047 4636 2089 4692 Ι)

423 4721 795 4790 imperatoris.
827 4723 1147 4790 suspicatus
1180 4724 1231 4778 id
1266 4722 1413 4794 quod
1462 4735 1601 4789 erat,
1649 4737 1711 4778 ea
1761 4720 2017 4794 praesidia

392 4850 397 4853 »
424 4822 618 4869 contra
647 4830 707 4870 se
731 4817 934 4883 parari,
966 4828 1019 4872 et
1058 4826 1319 4887 reputans
1351 4818 1526 4873 multo
1552 4816 1752 4872 deinde
1787 4816 2017 4871 inﬁrmi‘

427 4921 577 4962 orem
608 4915 811 4962 statum
845 4923 1004 4963 suum
1031 4916 1084 4962 et
1121 4923 1246 4979 spes
1278 4908 1514 4964 ﬁliorum
1545 4907 1683 4970 fore.
1714 4908 1805 4963 ubi
1854 4906 2025 4964 foede-

424 5016 490 5057 re
513 5002 620 5055 isto
650 5015 714 5057 ac
745 5003 951 5072 nuptiis
981 5000 1149 5056 frater
1205 5001 1327 5071 ejus
1358 5000 1744 5072 imperatorias
1765 5001 1866 5057 sibi
1891 5016 2022 5072 opes

427 5092 795 5163 adjunxisset,
829 5094 1075 5148 delectus
1105 5093 1311 5150 habere
1336 5108 1401 5147 ac
1431 5108 1646 5148 manum
1684 5110 1880 5163 cogere
1912 5109 2023 5149 coe-

428 5201 607 5263 perat,
648 5189 793 5244 haud
831 5189 996 5245 dubie
1032 5191 1392 5260 irruptionem
1438 5190 1673 5256 minans,
1722 5189 1828 5246 nisi
1877 5200 2022 5245 metu

428 5285 709 5354 suppetias
763 5284 1169 5340 accurrentium
1210 5282 1426 5355 imperii
1482 5286 1762 5356 copiarum
1802 5299 2024 5342 coerce-

428 5391 602 5434 retur.

431 5468 489 5526 6.
528 5467 605 5526 De
626 5469 887 5543 legatione
918 5467 1233 5525 Venetorum
1279 5469 1348 5524 ad
1396 5468 1766 5539 imperatorem
1801 5468 1844 5524 Τ
1846 5469 2028 5522 hessa-

897 5542 1089 5597 lonica’
1128 5550 1561 5597 commorantem.

504 5654 581 5712 Ea
612 5657 730 5713 vice
765 5671 975 5722 rerum,
1017 5657 1311 5712 occasione
1336 5652 1734 5709 commorantis
1776 5650 1829 5704 in
1889 5647 2027 5703 vici-

436 5755 529 5812 nia
560 5751 911 5824 imperatoris
944 5750 1031 5807 usi
1065 5750 1255 5806 Veneti
1294 5746 1564 5816 legatione
1591 5745 1657 5799 ad
1702 5758 1827 5800 eum
1862 5741 2029 5797 desti-

437 5858 569 5902 nata
597 5847 849 5902 renovari
879 5859 1064 5916 pacem
1094 5859 1218 5900 cum
1252 5838 1515 5898 Romanis
1543 5838 1768 5910 petiere.
1803 5834 1912 5889 Nec
1935 5830 2029 5886 ab-

435 5941 699 5997 horrebat
736 5957 763 5996 a
798 5939 1161 5999 conventione
1201 5940 1501 6008 Augustus,
1546 5934 1650 5989 nisi
1695 5926 2029 5988 conditioni-

2118 3463 2385 3511 venturos
2411 3467 2471 3509 se
2498 3452 2663 3524 287
2692 3452 2930 3506 aiebant.
2965 3451 3169 3506 Contra
3206 3451 3521 3521 imperator
3574 3450 3717 3504 tnui-

2122 3562 2231 3606 tam
2263 3549 2409 3618 juste
2442 3545 2723 3611 inﬁictam,
2752 3543 3261 3614 Oppignerationem
3305 3550 3456 3598 recte
3513 3542 3715 3598 factam

2121 3641 2397 3696 tuebatur.
2433 3635 2770 3692 Procedente
2820 3642 3081 3693 tractatu.
3122 3632 3420 3703 apparebat
3471 3631 3715 3689 Venetos

2121 3731 2273 3803 pacis
2301 3725 2532 3797 cupidos
2560 3739 2811 3792 magnam
2835 3733 3041 3807 partem
3078 3720 3577 3793 oppigneratorum
3624 3723 3721 3777 bo—

2122 3836 2318 3878 norum
2360 3819 2679 3890 imperatori
2738 3810 3026 3881 cessuros,
3081 3812 3241 3868 modo
3273 3812 3321 3869 is
3349 3814 3434 3867 vel
3497 3814 3714 3871 modica

2120 3913 2444 3971 renissione
2468 3910 2764 3966 admovere
2797 3923 2857 3963 se
2886 3905 3182 3977 postulatis
3243 3921 3436 3961 eorum
3478 3918 3542 3962 et
3591 3923 3719 3962 con-

2121 4022 2348 4064 sensum
2380 4005 2437 4060 in
2464 4004 2642 4061 foedus
2664 4002 2796 4058 dare
2830 4001 3013 4056 vellet.
3056 3998 3434 4072 Propendebat
3488 4001 3549 4055 in
3581 4001 3716 4056 hanc

2122 4107 2328 4171 partem
2357 4098 2589 4168 benigne
2609 4095 2904 4149 inclinatus
2920 4092 3297 4161 Andronicus,
3318 4106 3511 4160 pacem
3554 4094 3715 4149 istam

2122 4194 2240 4249 suis
2266 4204 2485 4263 quoque
2516 4186 2825 4243 rationibus
2862 4184 3337 4242 accommodatam
3381 4190 3566 4251 ratus,
3612 4180 3715 4238 nisi

2121 4283 2365 4341 consiliis
2395 4278 2760 4351 quorumdam
2789 4294 2817 4335 e
2836 4277 2952 4336 suis
2969 4277 3075 4333 alio
3104 4285 3467 4333 averteretur.
3492 4276 3565 4332 Hi
3587 4293 3717 4333 cau-

2120 4380 2388 4437 sabantur
2449 4374 2606 4447 gravi
2639 4387 2743 4431 suo
2791 4382 3040 4442 tempore
3093 4385 3156 4425 ac
3191 4370 3478 4441 deplorato
3530 4384 3712 4426 rerum

2122 4470 2465 4543 propriarum
2504 4475 2650 4524 statu
2678 4462 2900 4520 adactos
2930 4463 3164 4519 Venetos
3198 4477 3349 4517 mera
3372 4462 3714 4517 necessitate

2122 4564 2265 4621 trahi
2294 4564 2359 4619 ad
2396 4561 2788 4632 cogitationem
2817 4557 2991 4629 pacis.
3029 4556 3210 4624 Quare
3233 4555 3380 4611 haud
3414 4555 3716 4609 convenire

2120 4655 2406 4727 indulgere
2435 4654 2569 4723 ipsis
2597 4650 2921 4723 quidquam,
2957 4648 3168 4719 utique,
3217 4662 3317 4718 pro
3367 4645 3714 4717 inexplebili-

2121 4751 2233 4798 tate
2272 4738 2594 4811 cupiditatis
2627 4750 2890 4792 successu
2927 4734 3091 4802 alitae,
3136 4734 3343 4804 paratis
3383 4734 3712 4790 remissione

2119 4834 2491 4907 qualicunque
2517 4832 2681 4901 justte
2699 4828 3173 4900 oppignerationis
3208 4827 3713 4897 quomodocnoquc

2123 4927 2422 4998 impetrata
2448 4938 2549 4995 pro
2580 4922 2753 4993 gradu
2785 4922 2853 4976 ad
2886 4936 3036 4989 spem
3066 4919 3468 4989 audaciamque
3491 4919 3715 4976 ulterio-

2120 5034 2238 5075 rem
2276 5017 2377 5073 uti.
2410 5015 2587 5071 Unam
2618 5015 2785 5085 igitur
2807 5014 2874 5070 iis
2903 5021 2958 5067 et
2988 5010 3404 5069 irrevocabilem
3445 5010 3713 5067 conditiu-

2124 5123 2246 5166 netn
2282 5108 2585 5167 ferendam.
2622 5116 2682 5161 ut
2713 5120 2860 5161 mera
2887 5117 3020 5175 pace
3065 5102 3312 5159 contenti
3355 5103 3492 5157 nihil
3555 5113 3712 5171 super

2125 5197 2574 5272 oppigneratione
2598 5196 2925 5252 cavillantur
2954 5203 3049 5250 aut
3074 5195 3286 5250 moveri
3331 5193 3631 5265 quidquam
3656 5192 3705 5246 in

2122 5308 2184 5349 re
2208 5290 2521 5363 iustissime
2553 5289 2772 5368 decreta
2805 5287 2995 5342 velint.
3039 5285 3095 5342 id
3132 5287 3430 5343 consilium
3465 5283 3711 5342 tractati-

2125 5400 2286 5442 onem
2318 5381 2542 5438 l‘tederis
2575 5380 2818 5447 diremit,
2856 5378 3083 5435 Venetis
3111 5378 3315 5437 duritie
3351 5378 3608 5448 olfensis,
3651 5388 3708 5433 re

2125 5479 2324 5537 iniecta
2348 5475 2752 5533 revertentibus
2773 5474 2840 5530 ad
2864 5488 3020 5532 suos.

2483 5612 2537 5667 7.
2576 5610 2655 5666 De
2684 5610 2801 5681 ﬁlia
2831 5610 3077 5680 praefecti
3094 5611 3347 5668 canicleo.

2237 5728 2510 5787 Cteterum
2541 5726 2842 5798 imperator
2871 5724 3169 5794 gratiﬁcari
3192 5726 3424 5783 studens
3457 5723 3704 5782 Chumno

2134 5826 2391 5901 praefecto
2453 5818 2704 5884 caniclei,
2739 5833 2852 5891 quo
2895 5819 3165 5876 ﬁdissimo
3196 5820 3262 5875 ad
3296 5819 3481 5876 omnia
3519 5817 3706 5891 proba-

2132 5921 2454 5988 tissimoque
2486 5912 2689 5968 dudum
2727 5910 2980 5967 ministro
3007 5911 3286 5980 utebatur,
3325 5910 3492 5966 ﬁliam
3528 5908 3697 5979 hujus,
