3862 6632
487 471 594 537 313

1682 486 2007 549 GEORGII
2050 488 2534 553 ΡΛΟΗΥΜΕΠΕ

3662 493 3742 553 320

489 588 666 639 ποιεῖν
719 585 796 656 τῷ
852 587 1059 657 βασιλεῖ
1121 591 1400 663 πειθήνιον
1445 595 1518 660 ὡς
1574 597 1676 652 οὐκ
1737 599 1914 664 ἄλλως
1965 602 2083 654 ἐνὸν
2113 606 2158 663 Α
2187 603 2478 676 ἀξιώτερον
2511 607 2711 678 ἔκρινε,
2742 606 2832 662 καὶ
2871 609 3024 679 παρὰ
3057 611 3219 682 μόνον
3265 605 3332 660 τὸ
3378 603 3477 673 τῆς
3532 606 3743 668 γυναικὸς

490 678 756 734 ἆπειθείν.
793 680 882 749 Τῷ
908 699 987 734 τοι
1019 683 1110 734 καὶ
1141 683 1402 752 βασιλέως
1441 689 1672 757 ἀφέντος
1706 690 1824 762 πλῷ
1860 709 2069 763 χρησα-

493 771 630 840 μένη
688 772 823 840 πρὸς
879 774 1036 826 τάκεῖ
1075 775 1307 842 γίνεται.
1342 778 1533 844 Ὅπως
1575 778 1670 835 οὖν
1726 785 2072 854 ἐπανῆκουσα

489 861 627 932 πρὸς
659 862 725 914 τὰ
753 862 1106 934 ὑπεσχημένα
1157 868 1390 942 διετέθη,
1445 872 1639 926 εἰδεῖεν
1678 874 1744 928 ἂν
1768 875 1820 928 οἱ
1851 877 2028 929 ἐκεῖσε
2055 891 2070 906 ο

487 953 550 1005 τὸ
578 953 634 1006 δὲ
663 957 891 1026 πρᾶγμα
928 957 1097 1026 ἔδειξε
1119 963 1218 1032 τὴν
1247 965 1341 1017 ἐπὶ
1375 963 1455 1036 τῷ
1487 965 1633 1020 λύειν
1656 967 1844 1023 ἰοῦσαν
1874 970 2074 1023 τάναν-

489 1044 580 1099 τία
614 1052 1074 1124 προαιρουμένην,
1103 1055 1152 1107 εί
1194 1056 1288 1110 καὶ
1325 1057 1384 1112 τὸ
1409 1059 1517 1113 πᾶν
1542 1059 1640 1133 τῆς
1665 1062 1948 1126 ἀπειθείας
1983 1065 2075 1118 ἐπὶ

488 1135 568 1206 τῷ
627 1141 780 1194 παιδὶ
811 1142 1040 1199 τέθειτο.
1098 1147 1468 1218 ’Δπεγκωκὼς
1501 1151 1596 1206 οὖν
1631 1154 1841 1209 ἐκεῖθεν
1866 1158 1894 1210 ὁ
1921 1156 2074 1227 βασις

490 1226 785 1293 λεὺς,,ἐπεὶ
810 1233 920 1286 οὐδ’
939 1236 1002 1289 ἐκ
1035 1237 1132 1306 τῆς
1166 1240 1493 1313 Ἐκκλησίας
1527 1244 1895 1314 ἀναμφίσολος
1983 1247 2074 1300 τοῦ

491 1319 668 1389 γάμου
706 1322 858 1389 λύσις
886 1327 946 1380 τὸ
979 1328 1199 1384 σύνολον
1241 1333 1536 1402 ἐλογίζετο,
1592 1338 1690 1408 τὴν
1749 1338 1848 1408 μέν
1909 1340 2076 1412 κόρην

490 1415 748 1504 καθάπαξ
776 1420 855 1482 εἰς
888 1420 1204 1478 δεσποτείαν
1226 1428 1462 1499 τιμήσας
1491 1431 1569 1494 είς
1598 1431 1742 1486 τοῦτ’
1776 1433 1958 1504 ἐτήρει
1981 1435 2078 1488 καὶ

489 1503 671 1570 αὖθις,
715 1509 934 1572 ἐλπίδας
963 1513 1004 1565 δ’
1041 1514 1211 1568 ἐδίδου
1244 1519 1595 1588 συζευγνύειν
1622 1522 1824 1594 ταύτην
1844 1503 2076 1597 δεσπότῃ

492 1615 557 1668 γε
587 1599 698 1653 δντι
723 1602 800 1672 τῷ
825 1603 925 1673 υἱῷ
969 1605 1186 1680 Ἰωάννῃ
1215 1626 1228 1639 ·
1266 1611 1401 1681 πρὸς
1445 1614 1554 1684 γὰρ
1586 1619 1698 1678 τοῖς
1746 1616 1926 1681 ἄλλοις
1985 1621 2078 1672 καὶ

492 1690 554 1742 τὸ
584 1694 664 1756 εἰς
702 1695 904 1768 προῖκα
938 1696 1072 1751 πολὺ
1103 1696 1171 1770 ἦν
1205 1704 1298 1754 καὶ
1323 1703 1385 1756 οὐ
1419 1705 1610 1778 πόρρω
1645 1709 1784 1761 πάνυ
1814 1709 1908 1762 τοῦ
1940 1712 2078 1780 πρέ-

492 1796 616 1834 πειν
654 1785 744 1837 καὶ
779 1785 1043 1850 βασιλέων
1074 1790 1220 1850 υἱοὺς
1247 1793 1569 1861 ἐπάγεσθαι.
1630 1799 1738 1853 Καὶ
1777 1801 1804 1853 ό
1845 1801 1943 1871 μὲν
1985 1801 2078 1872 βα·

495 1872 674 1937 σιλεὺς
704 1875 762 1927 ἐν
787 1877 997 1942 πολλοῖς
1032 1880 1219 1951 ἐδήλου
1247 1885 1344 1955 τὴν
1374 1886 1467 1941 τοῦ
1518 1893 1829 1946 κανικλειου
1873 1911 2076 1967 προσηο

495 1966 718 2037 σόμενος
748 1969 834 2038 ἐφ’
852 1972 960 2026 υἱεῖ
984 1972 1224 2044 νύμφην,
1250 1979 1282 2048 ἡ
1304 1979 1360 2032 δέ
1393 1998 1455 2050 γε
1497 1984 1681 2056 μήτηρ
1707 1988 1800 2040 καὶ
1825 1966 2080 2043 δέσποινα

434 2123 440 2129 _
495 2061 559 2111 ἐκ
606 2061 844 2129 μεγάλου
906 2064 999 2117 τοῦ
1055 2070 1404 2139 φρονήματος
1466 2077 1928 2148 ἀπεπροσποιεϊτο
1984 2083 2078 2136 καὶ

493 2151 836 2220 ἀνεϐάλλετο,
854 2155 960 2210 οὐδ’
989 2157 1148 2230 ῐκταρ
1172 2162 1320 2225 ἄξιον
1338 2165 1596 2235 κρίνουσα
1620 2170 1682 2222 τὺ
1700 2171 2078 2244 συνάλλαγμα.

497 2245 604 2298 Καὶ
638 2245 727 2298 διὰ
755 2246 911 2300 τοῦτο
945 2253 1038 2303 καὶ
1069 2252 1280 2322 βασιλεῖ
1307 2256 1472 2328 πολλή
1513 2277 1594 2323 τις
1627 2255 1695 2332 ἦν
1731 2264 1765 2331 ή
1816 2265 2080 2334 ἐχεμυθία

494 2335 625 2406 περὶ
656 2337 764 2390 τῶν
794 2340 1070 2406 τοιούτων,
1099 2345 1192 2398 καί
1223 2363 1325 2399 που
1361 2349 1453 2402 καὶ
1481 2352 1789 2421 εύμεῦόδως
1821 2355 2081 2420 πολλάκις

494 2437 852 2508 παρεγύμνου
869 2439 927 2492 τὸ
958 2438 1228 2512 βούλημα,
1253 2443 1313 2496 τὸ
1334 2446 1514 2514 μέντοι
1546 2464 1608 2516 γε
1634 2449 1771 2519 πρὸς
1796 2450 1893 2521 τὴν
1919 2468 2082 2523 πριγ-

494 2529 754 2582 κίπισσαν
821 2531 1041 2602 Ἀχαΐας
1079 2534 1180 2606 ήδη
1223 2538 1616 2610 κεχηρωμὲνην
1670 2541 1863 2614 ἀνδρὸς
1919 2544 2081 2611 κῆδος

494 2710 562 2765 ad
588 2713 732 2781 quod
763 2714 813 2768 ei
843 2715 1134 2771 consilium
1165 2725 1364 2788 prmter
1392 2730 1588 2776 cetera
1627 2721 1805 2793 ipsius
1852 2724 2082 2798 virginis

493 2813 547 2858 et
583 2803 744 2876 hujus
772 2806 1040 2875 genitoris
1075 2811 1268 2864 merita
1301 2812 1445 2866 haud
1478 2813 1592 2868 lere
1625 2825 1962 2871 momentum
1991 2817 2084 2873 ad-

493 2896 657 2951 debat
695 2899 839 2953 dctis
872 2901 1195 2971 magnitudo
1259 2903 1487 2958 mttltuut
1542 2907 1814 2966 excedens
1865 2909 2082 2966 civilem

493 2991 738 3057 modum,
770 2991 1038 3062 facileque
1088 2996 1228 3064 apud
1282 3012 1470 3068 arquos
1521 3011 1855 3058 excusatura
1893 3005 2084 3075 jenup—

492 3082 698 3136 tionem
751 3099 858 3153 qua
908 3085 1257 3155 imperatoris
1319 3090 1484 3144 etiam
1551 3090 1696 3149 filius
1755 3093 1825 3150 ad
1883 3094 2083 3163 conju-

493 3171 640 3236 gium
677 3174 876 3240 puella:
906 3175 1054 3246 regia
1083 3177 1357 3246 opulentia
1422 3181 1758 3250 privatorum
1818 3185 2082 3239 natalium

2175 695 2396 767 ἔξωρον,
2452 699 2617 752 αὐτοῦ
2665 716 2727 768 γε
2772 701 3058 754 νεανίσκου
3115 702 3276 763 δντος
3333 693 3436 748 καὶ
3465 693 3553 745 τὸν
3582 692 3742 764 ἔφηϐον

2177 787 2664 858 παραλλάττοντος,
2699 791 2801 863 ἤδη
2827 792 2984 863 ἤθελε
3015 793 3445 846 συναλλάττειν.

2176 908 2246 972 ηὀ
2283 903 2425 969 Περὶ
2453 903 2562 973 τῆς
2591 903 2983 1042 ὑποστρῖφῇς
3003 904 3110 960 τοῦ
3125 900 3472 971 βασιλέως,
3503 898 3596 954 καὶ
3614 899 3740 969 ὅπως

2814 992 2843 1029 ε
2871 992 2911 1028 σ
2963 993 3120 1042 rato.

2814 992 3120 1046 εισηγετο.

2246 1062 2333 1137 [Ρ.
2369 1061 2498 1136 200]
2527 1064 2674 1128 Τέως
2713 1065 2760 1118 δ’
2785 1066 2908 1119 ἐπεὶ
2927 1067 3016 1118 καὶ
3053 1060 3418 1135 ὑποστροφῆς
3452 1060 3555 1114 ἔδει
3573 1059 3743 1122 τούτοις

2175 1154 2244 1208 τὰ
2267 1157 2398 1228 περὶ
2426 1155 2516 1210 τὸν
2545 1157 2756 1228 κράλην
2794 1155 3178 1226 διευθετήσασι
3210 1155 3313 1208 καὶ
3360 1152 3434 1206 τὰ
3479 1153 3652 1205 δυτικὶ
3685 1154 3741 1217 ὡς

2177 1243 2288 1300 οἷόν
2325 1264 2383 1301 τε
2424 1249 2852 1320 καταστήσασιν,
2907 1247 3247 1317 ἐπαγόμενοι
3279 1244 3385 1314 μὲν
3434 1243 3529 1297 καὶ
3559 1242 3646 1314 τὴν
3672 1243 3742 1296 τοῦ

2178 1339 2442 1412 Τερτερῆ,
2466 1340 2794 1411 ἐπαγόμενοι
2835 1341 2892 1392 δέ
2927 1340 3023 1394 καὶ
3047 1339 3141 1393 τὸν
3183 1335 3532 1406 Κοτανίτζην
3578 1337 3629 1388 ἐν
3668 1353 3742 1405 τη-

2183 1434 2376 1504 ρήσεσι
2412 1433 2841 1506 προσηκούσαις,
2876 1432 2981 1501 ἔξω
3011 1450 3112 1486 που
3144 1431 3250 1500 τῆς
3279 1429 3491 1489 πόλεως
3516 1431 3740 1498 κατεσκή-

2179 1543 2322 1580 νουν.
2355 1527 2464 1580 Καὶ
2500 1528 2534 1596 ἡ
2592 1527 2756 1597 κυρία
2808 1525 2908 1596 τῆς
2946 1525 3192 1592 ύπαντῆς
3251 1524 3554 1590 ἐνειστήκει
3593 1535 3605 1549 ·
3653 1521 3739 1590 ἡδ’

2177 1613 2246 1691 ἦν
2267 1619 2300 1688 ἡ
2326 1617 2489 1688 μηνὸς
2510 1616 2887 1688 Μουνυχιῶνος
2915 1616 3134 1685 εἰκοστὴ
3155 1613 3413 1685 δευτέρα.
3429 1610 3494 1665 Ἦ
3519 1612 3606 1681 μὲν
3622 1613 3739 1677 πόλις

2181 1711 2329 1762 πᾶσα
2358 1709 2609 1780 καθάπερ
2649 1726 2699 1762 τι
2725 1707 2901 1780 ῥεῦμα
2925 1708 3195 1778 ποτάμιον
3244 1706 3358 1759 ἀπὸ
3382 1707 3636 1776 διαφόρων
3657 1725 3735 1777 πη.

2183 1804 2296 1872 γῶν
2319 1801 2428 1854 τῶν
2458 1803 2604 1854 ἰδίων
2639 1800 2829 1854 οἰκιῶν
2864 1803 2943 1864 είς
2966 1800 3024 1853 ἐν
3049 1797 3402 1853 συνελθοῦσα
3442 1797 3542 1863 ἔξω
3594 1800 3737 1852 πυλῶν

2181 1896 2289 1949 τῶν
2318 1893 2410 1947 τοῦ
2435 1891 2676 1963 Χαρσίου
2711 1892 2913 1962 ἐχὲετο,
2950 1892 3041 1946 καὶ
3072 1891 3492 1962 φιλοτιμότερον
3521 1890 3640 1959 πρὸς
3662 1895 3734 1963 τὴν

2186 1987 2295 2040 τῶν
2331 1984 2595 2056 βασιλέων
2621 1983 2886 2052 ὑποδοχὴν
2913 1983 3306 2054 ηὐτρεπίζετο,
3341 1984 3401 2034 ἐν
3433 1983 3547 2035 δυσὶ
3569 1985 3736 2052 χρόνοις

2187 2081 2354 2148 ἐγγὺς
2380 2077 2760 2148 ὲκδημο·3ντων
2781 2077 2904 2148 ἤδη.
2941 2078 3048 2130 Καὶ
3103 2079 3132 2131 ὁ
3170 2077 3352 2146 δῆμος
3396 2075 3536 2139 ἄπας
3581 2076 3732 2145 διημε-

2190 2171 2388 2242 ρεύσας
2411 2170 2502 2221 ἐπὶ
2535 2165 2691 2232 πολὺ,
2724 2168 2846 2230 ὅσος
2874 2185 2932 2220 τε
2965 2167 3280 2238 Ῥωμαϊκὸς
3333 2167 3430 2220 καὶ
3461 2168 3574 2229 ὅσος
3616 2168 3735 2231 ἄλλος

2188 2262 2248 2329 ἐξ
2276 2262 2448 2315 ἄλλων
2471 2261 2646 2329 γενῶν
2673 2276 2731 2312 τε
2765 2261 2858 2312 καὶ
2884 2261 3170 2328 γλωσσῶν,
3195 2260 3296 2313 καὶ
3329 2259 3527 2330 μᾶλλον
3584 2259 3731 2312 Ἰταλι-

2189 2356 2304 2418 κὸς,
2331 2353 2427 2406 σὺν
2459 2351 2534 2420 τῷ
2562 2351 2847 2421 περιφανεῖ
2877 2351 3035 2420 μέρει
3068 2350 3166 2420 τῆς
3201 2348 3414 2412 πόλεως
3453 2351 3542 2402 καὶ
3588 2351 3732 2420 κλήρῳ

2190 2446 2350 2500 παντὶ
2382 2445 2476 2499 καὶ
2511 2443 2848 2516 ἀρχιερεῦσι,
2887 2445 3160 2514 μετέωρος
3213 2445 3406 2496 ἵστατο
3454 2443 3567 2497 ὅσον
3613 2442 3728 2496 οὔπω

2187 2538 2314 2602 τοὺς
2351 2535 2917 2608 βασιλεῖςφιλοτίμως
2946 2536 3368 2606 ὑποδεξάμενος.
3404 2535 3726 2605 Συμὸὰνδέτι

2185 2720 2444 2792 jestatem
2502 2733 2567 2773 ex
2627 2717 2792 2787 longo
2860 2715 3116 2771 reducem
3182 2712 3509 2769 decentibus
3561 2713 3722 2776 darent,

2189 2822 2344 2870 extra
2375 2810 2569 2866 urbem
2613 2808 2916 2866 diversorio
2973 2816 3100 2878 apto
3167 2805 3552 2862 consederunt.
3607 2804 3719 2859 Dicta

2191 2903 2320 2959 hinc
2353 2901 2474 2958 dies
2506 2900 2736 2957 solemni
2770 2899 3024 2956 occursui
3066 2897 3290 2952 aderat:
3319 2911 3383 2951 ea
3433 2895 3529 2950 fuit
3571 2895 3726 2950 mensis

2187 2995 2512 3053 Novembris
2543 2994 2803 3052 vicesima
2824 2993 3082 3050 secunda.
3105 2991 3390 3048 Universa
3407 2989 3584 3045 civitas
3603 3004 3629 3044 e
3643 2992 3725 3043 ςῐιι-

2191 3089 2335 3162 gulis
2365 3086 2646 3152 domibus,
2676 3086 2824 3142 velut
2856 3101 2887 3140 e
2914 3084 3147 3141 diversis
3197 3082 3447 3139 fontibus
3501 3080 3723 3136 derivato-

2191 3197 2313 3238 rum
2343 3181 2398 3236 in
2443 3193 2732 3236 commune
2794 3176 3124 3235 conﬂuvium
3177 3176 3446 3237 amnium,
3469 3173 3721 3235 exundans,

493 3264 771 3319 fortunam
798 3267 1148 3324 emendantis
1192 3269 1451 3327 inclinari
1475 3287 1534 3328 se
1571 3273 1834 3332 sivisset.
1877 3276 2078 3333 Verum
2108 3304 2151 3360 ο
2189 3276 2244 3331 in
2274 3288 2442 3330 unum
2473 3273 2642 3330 effusa
2678 3273 2856 3328 locum
2889 3279 3046 3327 extra
3106 3278 3329 3341 portam
3384 3266 3602 3331 Charsii,
3639 3281 3723 3360 am-

490 3355 655 3410 istam
691 3357 1080 3426 cogitationem
1113 3360 1344 3428 Augusti
1383 3364 1566 3420 multis
1594 3365 1662 3420 ab
1691 3379 1758 3422 eo
1808 3369 2081 3437 signitica-
2117 3355 2147 3360 ⁷
2183 3368 2384 3423 bitioso
2421 3363 2688 3421 aestuabat
2720 3370 2989 3434 apparatu
3027 3361 3376 3416 celebrandae
3401 3355 3718 3428 imperantium

485 3449 743 3506 tionibus
768 3451 1066 3507 indicatam
1104 3453 1526 3526 haudquaquam
1585 3457 1830 3525 Augusta
1886 3462 2082 3528 proba—
2181 3457 2523 3529 exceptionis
2554 3470 2620 3510 eo
2648 3456 2844 3510 decore
2875 3469 2938 3509 ac
2965 3451 3410 3524 magnificentia,
3452 3465 3563 3520 quae
3611 3447 3721 3514 prin-

493 3541 608 3605 baI,
630 3544 922 3611 spirituum
947 3543 1252 3615 ingentium
1285 3547 1501 3611 mulier,
1533 3548 1708 3619 dejici
1743 3565 1774 3606 e
1803 3552 2080 3624 principa-
2184 3549 2370 3621 cipum
2401 3565 2431 3604 e
2456 3547 2641 3604 bienni
2675 3547 2923 3602 absentia
2951 3547 3185 3616 primum
3233 3542 3594 3615 apparentium
3635 3547 3720 3591 tan-

493 3636 534 3692 ]i
561 3635 780 3706 fastigio
802 3652 960 3691 suum
995 3635 1167 3694 ﬁlium
1207 3640 1274 3693 ad
1308 3639 1696 3710 humilitatem,
1725 3643 1890 3715 290
1912 3660 2084 3715 quan-
2184 3639 2279 3698 diu
2311 3645 2643 3708 eXSpectataa
2671 3635 2974 3706 praesentia:
3025 3643 3450 3691 consentaneam
3493 3630 3721 3686 charitatis

496 3738 773 3798 tacttnqtte
819 3729 1138 3786 divitiarum
1175 3734 1319 3788 mole
1381 3745 1834 3804 compensatam,
1898 3737 2084 3793 civilis
2187 3732 2424 3788 ﬁdelium
2455 3731 2679 3794 civium.
2738 3729 3000 3786 ἀεεὶἀθνίί
3060 3729 3326 3798 Valeri”
3374 3726 3635 3798 Bamm‘l'le
3673 3737 3718 3775 ³⁸

499 3823 779 3881 affinitatis
805 3824 973 3881 libere
998 3835 1160 3894 atque
1195 3828 1636 3885 irrevocalriliter
1667 3845 1956 3902 respuens.
2002 3832 2083 3886 Ad
2187 3825 2571 3896 gratulationis
2624 3825 2913 3893 praesentis
2974 3821 3400 3878 declarationem
3439 3820 3718 3876 exhiberem.

501 3915 603 3970 hoc
633 3916 1068 3985 inexspectatum
1139 3919 1486 3974 obstaculum
1545 3920 1787 3977 haerebat
1837 3921 2087 3992 Augusto

500 4023 666 4075 aqua,
725 4008 1090 4063 domesticum
1143 4009 1384 4082 iurgium
1435 4014 1667 4079 verenti,
1723 4015 2089 4086 prudentique

499 4102 720 4157 interim
753 4116 816 4157 ac
842 4103 1071 4172 patienti
1106 4101 1174 4158 de
1201 4119 1259 4159 re
1309 4106 1414 4161 ista
1451 4105 1670 4162 silentio
1724 4108 1899 4163 rixam
1955 4124 2090 4164 con-

499 4195 812 4264 viriumque
839 4195 1165 4251 declinanti.
1204 4195 1473 4253 Cancrum
1505 4208 1559 4253 ut
1593 4209 1713 4255 arte
1744 4216 1808 4254 ac
1842 4209 2090 4271 tempore

499 4289 854 4360 meliorisque
877 4290 1259 4360 desperatione
1287 4292 1624 4349 conditionis
1657 4308 1886 4348 uxorem
1927 4295 1992 4349 ad
2034 4295 2088 4350 id

499 4382 646 4433 ultro
677 4380 968 4436 volendum
999 4382 1142 4451 quod
1176 4383 1294 4452 ipse
1323 4385 1576 4454 cupiebat
1619 4385 1932 4450 induceret,
1961 4401 2089 4456 pro-

500 4475 682 4544 posuit
703 4470 934 4528 Joannis
959 4477 1360 4531 matrimonium
1387 4492 1509 4532 cum
1527 4478 1851 4548 principissa
1874 4478 2094 4548 Achaia:

497 4567 609 4636 jam
665 4566 860 4631 vidua,
885 4558 1284 4637 noniguorans
1324 4571 1615 4641 Splendore
1657 4587 1904 4643 persona:
1956 4543 2091 4629 co'u-

2190 3917 2442 3988 Magnam
2475 3917 2589 3972 illic
2630 3917 2736 3972 diei
2772 3924 2980 3987 partem
3015 3916 3256 3986 populus
3307 3917 3597 3969 universus.
3627 3924 3721 3963 con-

2190 4011 2313 4068 fuse
2343 4011 2573 4066 conﬂata
2606 4011 2854 4081 quaedam
2880 4011 3074 4066 concio
3100 4026 3130 4065 e
3164 4008 3431 4063 Romanis
3479 4015 3530 4062 et
3565 4004 3720 4058 exteris

2193 4120 2453 4176 generum
2481 4103 2904 4174 linguarumque
2929 4103 3234 4170 variarum,
3261 4089 3437 4173 gentis
3471 4095 3714 4170 praesertim

2193 4195 2355 4266 291
2392 4195 2623 4261 italicm,
2659 4211 2784 4250 cum
2815 4195 3189 4250 illustrissima
3227 4193 3467 4248 civitatis
3491 4199 3618 4258 parte
3636 4185 3714 4282 «le-

2196 4297 2376 4354 roque
2407 4284 2676 4339 universo
2712 4291 2768 4338 et
2798 4281 3080 4352 episcopis
3140 4283 3329 4336 stabat
3376 4279 3627 4334 inhianter
3655 4279 3713 4323 in-

2196 4385 2355 4434 tenta
2423 4378 2479 4433 in
2538 4377 2959 4447 exspectatione
3020 4372 3333 4446 impatienti
3378 4360 3716 4440 exoptatissimi

2200 4482 2462 4546 aspectus
2491 4471 2911 4528 adventantium
2931 4470 3335 4538 Augustorum.
3361 4464 3499 4519 Inter
3521 4462 3604 4515 has
3629 4469 3714 4509 mo-

2200 4582 2293 4623 ras
2341 4565 2704 4622 frementibus
2770 4563 2973 4619 studiis
3039 4562 3303 4632 inquietae
3372 4549 3714 4612 multitudinis,

497 4651 646 4730 iugis
682 4660 968 4715 ambitioni
1000 4661 1434 4726 satisfacturum,
1487 4673 1539 4718 et
1595 4641 1824 4736 sperans
1888 4673 2094 4732 tamen,
2129 4683 2173 4737 ι)
2200 4659 2463 4730 quiddam
2507 4655 2655 4712 haud
2707 4656 2826 4711 scio
2874 4671 2942 4710 an
2972 4669 3082 4709 non
3131 4653 3229 4709 ιιιιί
3289 4649 3564 4706 οεοειείοίιθ
3595 4641 3714 4737 Plane

500 4755 592 4809 ubi
620 4754 687 4808 ad
719 4754 1098 4824 stringendum
1132 4758 1432 4822 veniretur,
1470 4772 1582 4813 rem
1615 4759 1728 4829 ipsa
1758 4758 1918 4814 facile
1968 4775 2095 4830 pas-

502 4861 633 4899 sura
665 4844 1024 4899 omittendam
1059 4845 1130 4900 ob
1161 4859 1324 4914 grave
1357 4847 1770 4902 incommodum
1807 4847 1966 4918 longe
1988 4847 2094 4900 im-

495 4937 653 5010 paris
685 4938 1092 5008 designatorum
1118 4939 1412 5010 conjugum
1433 4939 1632 5006 aetatis,
1665 4939 1882 4994 Achaiae
1907 4939 2098 5010 utique

501 5031 826 5100 principissa
850 5031 962 5100 jam
995 5031 1176 5099 eii‘eta,
1232 5046 1355 5086 cum
1417 5029 1662 5089 Joannes
1711 5034 1935 5104 despota
1981 5033 2100 5090 vix-

506 5123 641 5178 dum
666 5124 960 5193 primulum
988 5124 1330 5195 pubertatem
1361 5123 1638 5182 inivisset.

500 5240 558 5297 8.
590 5238 666 5294 De
699 5240 872 5294 reditu
904 5240 1244 5323 imperatoris
1277 5249 1326 5294 et
1366 5241 1512 5311 festo
1567 5239 2092 5314 Constantinopolim

1171 5327 1432 5381 ingresru.

609 5400 716 5454 Sed
735 5399 846 5468 jam
875 5415 1000 5455 cum
1036 5401 1174 5455 aulae
1191 5416 1357 5456 causa
1374 5417 1481 5457 non
1506 5410 1653 5458 esset
1685 5401 2092 5460 Thessalonicae

500 5493 750 5547 morandi
784 5491 1037 5564 perfectis
1063 5509 1182 5563 quae
1218 5493 1344 5549 illuc
1365 5510 1486 5550 eam
1507 5503 1864 5561 attraxerant,
1894 5496 2098 5552 foedere

501 5601 626 5640 cum
663 5587 808 5641 crale
837 5594 891 5641 et
921 5587 1276 5642 restitutione
1327 5585 1691 5644 Occiduorum
1749 5589 1967 5660 imperii
1999 5599 2101 5645 tra-

506 5689 705 5733 ctuum
744 5678 795 5731 in
827 5691 990 5747 quam
1022 5679 1288 5749 optimum
1326 5695 1424 5750 pro
1460 5681 1712 5751 praesenti
1739 5681 1958 5736 fortuna
1987 5690 2100 5736 sta-

501 5769 642 5831 tum,
672 5768 1047 5838 tempestivum
1075 5767 1177 5824 fuit
1205 5769 1273 5826 de
1303 5771 1482 5825 reditu
1527 5771 1579 5826 itt
1613 5772 1804 5828 urbem
1837 5772 2101 5843 cogitare.

504 5857 782 5916 Dnceutes
809 5862 976 5932 igitur
1004 5878 1199 5919 secum
1220 5863 1505 5935 Augustus
1533 5872 1760 5936 uterque
1787 5866 1950 5920 filiam
1972 5865 2104 5921 Ter-

505 5951 656 6006 teris
686 5963 1055 6026 praetereaque
1089 5955 1449 6024 Cotanitzam,
1473 5963 1528 6012 ut
1557 5957 1736 6014 locum
1754 5955 1956 6014 ofﬁciis
1989 5971 2103 6014 ma-

2200 4753 2485 4825 siugulare
2518 4749 2753 4819 contigit
2783 4765 2799 4804 :
2826 4748 3089 4804 nimirum
3121 4754 3315 4800 mutua
3362 4739 3605 4800 trusione,
3626 4733 3714 4834 itte-

2199 4844 2415 4901 vitabiii
2445 4844 2500 4900 in
2535 4842 2787 4899 conferta
2815 4843 3000 4906 turba,
3029 4838 3257 4910 quidam
3293 4837 3347 4892 in
3399 4835 3529 4888 forte
3567 4827 3711 4891 subje-

2199 4949 2345 4996 ctam
2378 4937 2628 4994 inridens
2660 4937 2877 4992 foveam
2912 4933 3152 5005 graviter
3179 4929 3513 5017 periclitatus
3547 4921 3603 4976 de
3619 4917 3710 5017 illi

2200 5039 2308 5087 est.
2325 5028 2666 5085 Crediderim
2691 5026 2744 5081 id
2769 5026 3020 5080 auditum
3045 5024 3116 5078 ab
3136 5023 3387 5091 Augusto
3406 5015 3597 5072 seniore
3615 5010 3713 5078 (nisi

2200 5139 2327 5195 qua:
2353 5121 2462 5177 alia
2491 5123 2839 5190 incomperta
2865 5118 2997 5173 mihi
3031 5132 3200 5172 causa
3240 5129 3364 5172 eum
3407 5104 3580 5172 movit)
3607 5113 3709 5153 con-

2203 5216 2391 5273 silium
2429 5216 2479 5271 ei
2513 5213 2863 5285 suggessisse
2897 5211 3045 5282 quod
3087 5207 3364 5278 extemplo
3410 5210 3489 5296 est
3513 5201 3707 5296 secutus,

2205 5309 2552 5365 dimittendae
2593 5304 2994 5367 multitudinis,
3029 5319 3096 5358 ue
3139 5319 3245 5374 qua
3275 5311 3452 5371 prona‘e
3479 5294 3528 5347 in
3553 5285 3705 5374 talibus

2203 5400 2516 5470 cujuspiam
2571 5398 2812 5454 Iasionis
2847 5413 2986 5453 noxa
3018 5369 3316 5451 clem—entia
3358 5369 3708 5477 principulljff'

2204 5466 2354 5556 feudi
2373 5466 2717 5563 vturbarique
2746 5490 2938 5546 laetitia
2970 5489 3140 5544 fausti
3171 5487 3376 5546 reditus
3401 5482 3579 5553 posset.
3607 5466 3703 5522 Mis-

2201 5588 2282 5645 sis
2317 5599 2449 5657 ergo
2486 5583 2838 5654 praeconibus
2864 5581 3216 5637 denuntiavit
3247 5573 3440 5649 populo
3467 5568 3705 5638 agnoscere

2207 5696 2268 5738 se
2301 5677 2772 5739 benevolentiam.
2813 5683 2867 5730 et
2894 5686 3004 5729 tam
3046 5673 3290 5744 prolixas
3333 5657 3701 5736 significationes

2206 5771 2388 5826 devoti
2443 5768 2674 5824 affectus
2709 5765 3050 5837 gratissimo,
3109 5772 3168 5819 ut
3228 5761 3462 5822 deberet,
3509 5745 3704 5841 accipere

2209 5863 2434 5927 animo;
2465 5867 2666 5914 caetera
2703 5870 2764 5912 se
2793 5854 3086 5911 remittere
3114 5867 3280 5910 causa
3324 5842 3622 5919 ipsorum,et
3643 5840 3701 5927 ire

2209 5955 2434 6011 domum
2486 5965 2762 6024 quemque
2793 5963 2942 6006 nunc
2981 5949 3176 6022 jubere
3210 5971 3221 6006 ;
3271 5958 3376 6003 non
3425 5935 3551 5994 enim
3582 5940 3628 5984 se
3660 5931 3700 5975 In
