3922 6618
180 349 268 414 3ΞῙ

1127 364 1227 425 DE
1259 361 1706 426 ANDRONICO
1747 361 2217 423 ΡΑΙ.ιΈΟΙ.0(ἰΟ
2251 363 2405 424 LIB.
2431 363 2533 428 IV.

3371 367 3478 430 322

187 466 308 527 τότε,
356 466 461 520 οὐκ
491 465 597 523 οἷδ’
627 474 680 526 εί
715 474 803 528 καὶ
845 472 974 529 ἄλλο
1019 475 1156 546 πρὸς
1197 478 1372 548 τούτῳ
1423 478 1507 549 (τὸ
1526 479 1581 532 δὲ
1605 474 1672 548 ἦν
1700 478 1782 532 ὅτι
1813 478 1855 536 Δ
1885 475 2308 545 ἀναλαμϐάνειν,
2338 476 2412 539 ὡς
2447 476 2653 544 ἔλεγεν,
2691 477 2736 530 εἰ
2771 476 2818 529 δ’
2852 471 2966 541 οὖν,
3001 477 3134 531 ἀλλὰ
3189 485 3479 551 παραιτεῖ-

177 557 403 627 πλήθους
425 559 589 626 ὄντος
618 566 854 636 ἀπείρου
883 567 1272 636 συμποδισθςίς
1295 587 1379 632 τις
1411 570 1676 639 ἐμπίπτει
1707 570 1775 639 τῇ

177 653 359 723 τάφρῳ
387 655 491 708 καὶ
523 659 586 710 ἐν
611 661 734 732 χρῷ
761 661 855 714 τοῦ
905 661 1151 716 κινδύνου
1205 663 1461 733 γίνεται),
1509 661 1776 716 ἀκουσθὲν

173 746 460 816 τοιγαροῦν
491 750 690 816 τοῦτο,
717 747 890 822 οἶμαι,
925 755 958 824 ἣ
993 756 1087 808 καὶ
1113 754 1289 819 ἄλλως
1314 754 1526 824 συμϐὰν
1550 754 1776 824 βασιλέα

177 837 340 889 πείθει
396 837 749 903 ἐξαπιναίως
806 842 1132 913 ἀποπέμψαι
1184 844 1248 896 ἑκ
1299 843 1634 914 μηνυμάτων
1686 843 1775 896 τὸν

173 929 288 982 λαὸν
311 928 564 994 ἅπαντα,
591 933 652 986 δε
663 935 891 1004 ξάμενον
925 935 1024 1006 μὲν
1051 937 1151 1006 τὴν
1173 935 1352 989 αὐτῶν
1375 933 1775 1004 φιλοφροσύνην

173 1021 265 1090 ἠδη
292 1021 384 1072 καὶ
416 1020 674 1087 εὔνοιαν,
705 1025 870 1093 ξπλὴν
927 1025 1422 1078 διασκεδασθέντων
1476 1026 1584 1077 τῶν
1638 1024 1775 1076 ὅλων

177 1110 356 1181 ἢθελεν
391 1115 772 1172 εἰσελαύνειν.
806 1109 882 1171 Οὗ
898 1117 960 1187 δὴ
997 1118 1087 1171 καὶ
1120 1117 1422 1186 γεγονότος,
1453 1116 1528 1179 ὡς
1562 1117 1656 1171 καὶ
1681 1118 1774 1170 ἐπὶ

176 1208 282 1268 ταῖς
320 1206 532 1271 πύλαις
557 1210 844 1280 δυσχερῶς
873 1209 1176 1263 διεκπαίειν
1209 1210 1270 1263 τὸ
1294 1211 1520 1282 ἄπειρον
1572 1210 1775 1280 πλῆθος

175 1299 356 1360 ἐκεῖνο,
382 1298 486 1368 ὀψὲ
520 1302 632 1370 τῆς
665 1302 876 1372 ἡμέρας
906 1306 955 1355 oi
992 1301 1231 1371 βασιλεῖς
1259 1305 1355 1356 σὺν
1377 1306 1488 1367 τοῖς
1518 1302 1655 1374 ἀμφ’
1677 1303 1778 1357 αὺ-

174 1391 286 1454 τοῦς
313 1391 414 1460 τὴν
445 1395 620 1448 πόλιν
646 1395 897 1449 είσίασιν.
929 1393 1013 1466 ῘΡ.
1037 1394 1167 1467 201]
1209 1396 1364 1449 Ἐπεὶ
1388 1396 1443 1448 δὲ
1475 1397 1652 1450 πάντα
1677 1397 1770 1449 τά·

179 1486 255 1536 κεῖ
279 1483 357 1555 τῷ
389 1484 622 1555 βασιλεῖ
651 1490 794 1540 κατὰ
823 1485 947 1540 νοῦν
999 1488 1440 1557 προκεχωρήκει,
1470 1489 1566 1541 καὶ
1613 1489 1774 1557 μόνον

179 1578 232 1630 τὸ
251 1576 342 1629 τοῦ
378 1579 748 1649 πατριάρχου
781 1579 869 1634 διὰ
907 1580 1186 1651 φροντίδος
1226 1576 1314 1651 ἦν,
1349 1580 1453 1634 ὑπὸ
1474 1581 1646 1653 γωνίᾳ
1677 1599 1776 1636 κα-

183 1669 408 1738 θημένου
440 1673 515 1742 τῇ
560 1672 664 1740 τῆς
714 1672 1192 1743 Παμμακαρίστου
1263 1676 1418 1744 μονῇ,
1463 1673 1550 1726 διὰ
1605 1673 1775 1728 ταῦτα

184 1763 407 1833 πέμπων
436 1763 718 1828 πολλάκις
737 1765 891 1834 ὴξίου
917 1765 1282 1836 μικροψυχίας
1303 1767 1483 1836 πάσης
1503 1766 1776 1837 ἀφέμενον

183 1854 432 1924 ἀπαίρειν
467 1855 692 1909 ἐκεῖθεν
711 1857 804 1909 καὶ
834 1857 970 1928 πρὸς
997 1856 1057 1909 τὸ
1082 1859 1470 1928 πατριαρχεῖον
1499 1874 1774 1928 μετασκη-

183 1945 316 1998 νοῦν.
344 1943 499 1998 Ἀλλ’
533 1947 639 2000 οὐκ
657 1945 872 2000 ἔπειθεν
884 1947 1050 2012 άξιῶν
1066 1947 1345 2012 πολλάκις.
1375 1949 1606 2003 Ἐδίδοτο
1621 1949 1678 2002 δέ
1697 1966 1780 2013 τις

185 2040 268 2091 καὶ
293 2039 474 2092 ἔννοια
501 2039 605 2093 τοῦ
637 2039 823 2093 ἀλύειν
853 2039 1016 2110 χάριν
1041 2041 1147 2093 τῶν
1173 2041 1498 2110 γεγονότων,
1544 2040 1684 2112 πλὴν
1717 2042 1778 2094 οὐ

185 2131 397 2201 γυμνῶν
427 2134 532 2185 καὶ
557 2133 743 2202 μόνων
772 2132 1020 2195 ἐκείνων,
1058 2133 1198 2187 ἀλλὰ
1224 2133 1316 2186 καί
1347 2133 1446 2188 τιν’
1481 2133 1615 2187 ἄλλα
1638 2151 1779 2202 συμ-

191 2223 497 2287 πλέκοντος,
534 2225 622 2294 ἐφ’
675 2220 755 2290 οἷς
793 2223 1113 2294 προσελθεῖν
1175 2224 1285 2296 μὲν
1329 2224 1553 2295 βασιλέα
1601 2225 1776 2295 ἠξίου,

197 2315 502 2385 προσελθεῖν
542 2317 600 2370 δὲ
631 2315 723 2368 καί
753 2333 902 2379 τινας
935 2316 1046 2368 τῶν
1080 2315 1174 2370 τοῦ
1209 2317 1438 2386 κλήρου,
1465 2317 1560 2370 καὶ
1591 2319 1777 2388 ἀρχιε-

196 2407 317 2477 ρέων
336 2408 540 2461 ὁπόσοι
574 2408 669 2462 καὶ
701 2407 908 2471 δόξειαν
935 2407 1300 2477 ἀποχρώντως
1336 2407 1501 2478 ἔχειν,
1541 2408 1634 2461 καὶ
1685 2409 1776 2461 λό-

194 2515 311 2567 γους
337 2499 661 2571 κινηθῆναι,
697 2500 792 2554 καὶ
845 2499 986 2554 οὕτω
1045 2517 1160 2563 πως
1227 2499 1635 2570 θεραπευθέντα
1685 2501 1778 2554 τὸν

195 2593 580 2665 πατριάρχην,
631 2595 680 2646 ει
726 2593 1016 2665 ἐγχωροίη,
1073 2591 1174 2664 τὴν
1245 2592 1450 2649 οἰκείαν
1501 2592 1777 2648 διακονίαν

201 2856 387 2912 urbem
433 2856 622 2911 invehi
659 2854 798 2910 velle
829 2854 938 2911 nisi
963 2862 1088 2926 post
1137 2853 1386 2926 dilapsos
1413 2853 1480 2908 ad
1513 2870 1614 2910 sua
1652 2855 1774 2912 sin-

200 2952 352 3020 gulos
379 2959 435 3005 et
471 2950 842 3006 familiaribus
876 2950 1120 3006 redditos
1150 2949 1400 3006 sedibus.
1443 2949 1501 3004 Id
1533 2965 1654 3005 cum
1683 2966 1776 3008 es-

201 3054 279 3099 set
304 3046 496 3100 statim
532 3046 647 3099 ﬁeri
677 3051 922 3115 emptum
949 3051 1004 3098 et
1046 3050 1134 3099 sat
1162 3044 1257 3099 diu
1295 3043 1578 3114 durasset,
1602 3059 1776 3116 angu-

203 3136 319 3193 stiis
357 3137 490 3194 ostii
525 3145 737 3192 lautam
769 3135 1177 3192 multitudinem
1211 3137 1321 3193 nisi
1359 3137 1517 3209 longa
1550 3152 1765 3193 succes-

205 3229 353 3284 sione
380 3231 576 3288 densis
609 3230 778 3285 undis
806 3231 1231 3301 irrumpentium
1265 3231 1561 3286 exhaurire
1597 3231 1779 3288 trans-

205 3323 471 3381 mittendo
502 3339 614 3379 non
637 3323 972 3389 valentibus,
1004 3331 1236 3393 purgato
1267 3322 1510 3394 denique
1549 3339 1780 3394 prorsus

207 3417 521 3474 suburbano
557 3431 763 3487 campo
803 3430 870 3470 ac
912 3415 1134 3472 cunctis
1187 3415 1303 3486 jam
1351 3415 1644 3487 dispersis,
1685 3417 1781 3473 vix

211 3523 323 3565 sero
355 3510 466 3566 diei
499 3510 739 3582 Augusti
765 3525 892 3564 cum
919 3509 1160 3577 palatina
1195 3509 1400 3565 familia
1424 3511 1615 3566 urbem
1642 3512 1780 3567 sub-

212 3598 335 3657 iere.
369 3603 582 3657 Palatio
628 3603 706 3658 sic
738 3601 1012 3658 redditum
1039 3602 1442 3668 Andronicum,
1474 3619 1542 3656 ne
1569 3605 1622 3658 in
1652 3603 1776 3660 sinu

215 3705 336 3760 pure
369 3697 635 3765 gauderet
669 3696 780 3751 fere
822 3693 1096 3750 confectis
1137 3710 1167 3750 e
1218 3698 1494 3750 sententia
1537 3711 1634 3766 per
1680 3712 1781 3752 nu-

219 3803 394 3857 peram
414 3791 816 3861 expeditionem
846 3791 1031 3852 rebus,
1051 3790 1438 3859 interpellabat
1463 3793 1780 3846 sollicitudo

217 3883 275 3936 de
305 3884 649 3952 patriarcha,
705 3899 867 3954 quem
931 3899 1291 3953 perseverare
1336 3897 1679 3940 mussantem
1724 3886 1777 3940 in

218 3977 401 4046 angulo
433 3977 581 4048 apud
613 3975 1038 4032 Pammacaristi
1097 3977 1496 4032 monasterium
1539 3977 1776 4036 sciebat.

219 4064 461 4138 Allegatis
497 4083 632 4139 ergo
666 4068 874 4138 saepius
909 4067 976 4123 ad
1034 4084 1160 4124 eum
1207 4069 1427 4125 idoneis
1459 4069 1782 4126 hominibus

219 4161 436 4228 rogavit.
469 4161 802 4230 agritudine
826 4159 1080 4230 deposita
1115 4160 1424 4230 laxatisque
1478 4162 1780 4232 aliquando

223 4255 604 4322 superstitiosa
661 4253 867 4310 mentis
925 4252 1148 4310 miseris
1208 4255 1486 4325 angustiis
1537 4255 1779 4325 patriar-

221 4343 347 4397 chali
377 4360 434 4400 se
459 4343 747 4400 domicilio
797 4345 1237 4418 ministeriisque
1284 4362 1344 4402 se
1379 4347 1568 4419 dignis
1597 4357 1652 4403 et
1687 4365 1779 4405 sa-

223 4446 314 4488 cra:
344 4442 634 4506 potestatis
666 4435 938 4492 exercitio
965 4437 1242 4504 redderet,
1272 4439 1368 4493 illo
1408 4454 1632 4512 semper
1671 4441 1778 4494 ab-

1887 566 2010 620 σθαι
2042 568 2137 620 καὶ
2158 567 2282 621 καθ’
2304 567 2535 639 ἡσυχίαν
2557 568 2617 622 τὸ
2633 569 2818 622 λοιπδν
2848 570 3130 640 δ.αιρέρειν
3179 571 3275 626 τοῦ
3322 573 3472 643 βίου.

1886 674 1952 732 θ’.
1990 675 2191 744 Ὅπως
2217 680 2250 732 ό
2275 678 2693 757 ,βασιλεὺς-εις
2719 681 2796 757 τὸ
2832 683 3256 757 πατριαρχεῖον
3281 703 3474 757 πίεραι

2161 771 2166 774 ·
2251 750 2478 817 γίνεται
2501 751 2602 804 καί
2628 753 2817 805 πείθει
2845 750 3102 826 ἀνιέναι.

1959 837 2158 909 Πρώτη
2189 837 2318 906 γοῦν
2339 840 2650 907 Ληναιῶνος
2684 841 2800 912 {sua
2856 844 2955 911 τῆς
3009 846 3201 913 νυκτὸς
3272 849 3478 916 γίνεται

1881 926 2191 983 τοῦτο’διὲι
2218 930 2455 1000 σπουδῆς
2506 931 2615 1002 γὰρ
2669 928 2737 1005 ἦν
2778 934 2992 1004 βασιλεῖ
3049 938 3149 1007 τῆς
3208 941 3476 1011 μεγίστης

1885 1019 1978 1072 ἐπὶ
2009 1019 2085 1088 τῷ
2122 1019 2196 1088 μὴ
2227 1022 2482 1091 τηνικάδε
2519 1025 2902 1094 παραιτεῖσθαι
2955 1028 3046 1080 τὸν
3101 1032 3472 1104 πατριάρχην,

1883 1111 1979 1162 καὶ
2009 1109 2220 1172 πολλοῖς
2241 1111 2390 1178 δόξαι
2424 1111 2498 1172 ὡς
2525 1113 2735 1173 οὐδενὸς
2765 1116 2923 1184 χάριν
2957 1118 3118 1172 ἄλλου
3148 1121 3179 1192 ἢ
3213 1121 3306 1176 τοῦ
3331 1127 3475 1179 κατὰ

1882 1200 1974 1253 τὸν
2007 1201 2213 1270 κράλην
2258 1201 2707 1272 συναλλάγματος
2758 1210 3129 1279 παρῃτήσατο,
3180 1213 3476 1269 κάντεῦθεν

1887 1293 2184 1346 σκάνδαλον
2212 1295 2490 1366 συμϐῆναι
2527 1300 2780 1367 γενέσθαι
2836 1304 2947 1364 τοῖς
3008 1304 3104 1373 τῆς
3148 1305 3474 1375 Ἐκκλησίας

1887 1385 2196 1456 πράγμασι.
2233 1386 2334 1440 Διὰ
2360 1389 2518 1442 τοῦτο
2553 1391 2646 1443 καὶ
2677 1392 2822 1444 δυοῖν
2859 1393 3084 1464 μεταξὺ,
3115 1395 3211 1465 τῆς
3249 1415 3306 1450 τε
3336 1384 3472 1468 πρὸς

1881 1479 2071 1531 τοῦτον
2095 1477 2334 1543 θωπείας
2363 1482 2456 1534 καὶ
2481 1481 2580 1551 τῆς
2611 1485 2877 1556 δοκούσης
2913 1487 3061 1556 αὑτῴ
3087 1488 3470 1557 δικαιολογίας,

1884 1571 2279 1642 ὲναποληφθεὶς
2330 1576 2566 1639 συνετῶς
2617 1576 2857 1648 ὑπήγετο
2888 1580 3022 1650 πρὸς
3055 1583 3082 1635 ὅ
3111 1601 3159 1634 τι
3189 1584 3281 1636 καὶ
3331 1585 3473 1650 δόξοι

1883 1663 2220 1734 πατριάρχη.
2271 1664 2642 1735 Παραγίνεται
2683 1670 2974 1740 τοιγαροῦν
3043 1671 3319 1742 βασιλεὺς,
3380 1677 3474 1728 καὶ

1881 1755 1994 1816 τοῖς
2034 1756 2161 1824 περὶ
2194 1755 2284 1808 τὸν
2310 1759 2661 1830 πατριάρχην
2690 1763 3026 1830 συγγίνεται.
3056 1759 3241 1835 ἾΙμεν
3277 1767 3334 1820 δὲ
3378 1767 3474 1822 καὶ
3561 1790 3566 1797 ·

1818 1844 1856 1900 Β
1881 1846 2045 1917 ἡμεῖς
2075 1847 2172 1899 σὺν
2205 1846 2385 1911 ἄλλοις
2410 1850 2548 1903 ἐκεῖ.
2615 1853 2749 1905 Τότε
2794 1855 3119 1920 καθίσαντος
3173 1858 3270 1926 μὲν
3321 1859 3476 1929 βασι-

1885 1936 2042 2001 λέως,
2111 1939 2580 2010 συνεδριασάντων
2625 1941 2680 1994 δὲ
2745 1943 2839 1996 καὶ
2886 1944 2995 1997 τῶν
3031 1945 3118 2018 [Ρ.
3156 1947 3285 2019 202]
3312 1951 3476 2020 ἱερῶν

1883 2029 2114 2099 ἀνδρῶν,
2135 2031 2301 2084 ἐκίνει
2325 2034 2668 2104 πατριάρχης
2687 2037 2820 2106 πρὸς
2848 2036 3075 2105 βασιλέα
3118 2040 3185 2092 τὰ
3213 2041 3477 2098 δοκοῦντά
3509 2108 3511 2110 η

1881 2122 1930 2173 οἱ
1960 2120 2094 2191 πρὸς
2125 2122 2534 2194 παραλύπησιν,
2567 2126 2633 2179 δι’
2663 2126 2698 2181 δι
2748 2129 2842 2181 καὶ
2877 2131 3231 2200 ὲγγωνιάζειν
3298 2136 3474 2191 ἐθέλει

1881 2215 1973 2265 καὶ
1999 2216 2380 2284 παραιτεῖσθαι
2415 2217 2510 2270 ml.
2550 2218 2878 2292 Ἐκκλησίας
2932 2223 3220 2295 προεδρίαν
3277 2227 3370 2280 καὶ
3403 2228 3474 2282 ἰε-

1885 2305 2130 2377 ρωσύνην
2159 2307 2350 2378 αὐτὴν,
2378 2310 2427 2362 εί
2459 2310 2619 2364 πλέον
2645 2314 3132 2383 συναναγκάζοιτο.
3194 2319 3301 2372 Καὶ
3365 2320 3474 2392 πρὸ

1880 2396 1986 2451 τῶν
2006 2398 2181 2452 ἄλλων
2202 2400 2262 2453 τὸ
2286 2400 2378 2454 τοῦ
2409 2403 2588 2473 κράλη
2623 2405 2927 2476 προετίθει,
2962 2409 3055 2460 καὶ
3091 2408 3159 2462 τὰ
3209 2410 3474 2466 δοκοῦντά

1879 2491 1926 2543 oi
1954 2493 2351 2562 προσίστασθαι
2379 2495 2723 2558 ἁνετάττετο,
2786 2498 2866 2551 ὅτι
2933 2499 3135 2570 δηλαδὴ
3201 2503 3476 2568 συνεστὼς

1881 2578 2023 2632 κατὰ
2054 2579 2251 2650 νόμους
2285 2584 2462 2652 γάμος
2485 2583 2762 2657 διαλυθείη
2823 2589 2916 2642 καὶ
2957 2590 3056 2660 τὴν
3083 2589 3177 2645 τοῦ
3208 2592 3474 2663 βασιλέως

1878 2854 1935 2911 9.
1980 2855 2042 2911 Ut
2073 2855 2368 2937 imperator
2399 2858 2468 2910 ad
2514 2861 2651 2937 (vdes
2702 2864 3027 2937 patriarcha:
3072 2882 3128 2920 se
3166 2870 3469 2937 contulerit,

1949 2927 2281 3009 suaseritque
2320 2929 2368 2982 ei
2395 2945 2448 2982 se
2489 2927 2711 2985 reddere
2745 2933 3118 3001 {unctionibus
3168 2955 3281 2994 sua!
3323 2927 3474 3011 pote;

1950 3008 2130 3053 statis.

1951 3131 2031 3186 Ne
2064 3131 2212 3187 istuc
2245 3133 2470 3203 quidem
2527 3137 2870 3196 descendere
2901 3142 2955 3197 in
3014 3159 3164 3214 spem
3216 3145 3470 3218 placandi

1885 3224 2218 3294 patriarchae
2256 3229 2560 3294 imperator
2613 3235 2931 3304 recusavit;
2985 3245 3150 3307 atque
3200 3240 3338 3295 adeo
3365 3239 3467 3295 Fe-

1883 3316 2090 3371 bruarii
2125 3316 2386 3375 Kalendis
2430 3322 2602 3376 multa
2638 3333 2800 3380 nocte
2829 3342 2952 3381 cum
2982 3345 3048 3384 eo
3095 3347 3258 3400 quem
3296 3348 3472 3404 popo-

1885 3417 2066 3463 scerat
2089 3411 2351 3465 comitatu
2381 3422 2582 3480 praesto
2612 3416 2791 3472 adfuit
2831 3419 2924 3474 ubi
2955 3420 3001 3475 is
3045 3420 3461 3481 diversabatur.

1885 3499 2065 3556 Causa
2114 3509 2224 3556 tam
2275 3504 2517 3560 sollicite
2545 3508 2966 3567 obsecundaudi
3004 3514 3304 3574 desideriis
3347 3517 3470 3590 ejus

1883 3593 2204 3651 Andronico
2223 3595 2350 3664 fuit,
2378 3600 2528 3669 quod
2580 3602 2808 3658 minime
2833 3607 3082 3664 omnium
3115 3611 3335 3666 voli‘bat
3369 3614 3464 3666 ab-

1885 3687 2224 3745 dicationem
2258 3707 2421 3760 quam
2457 3695 2781 3763 patriarcha
2812 3699 3151 3765 minabatur,
3207 3704 3469 3772 imputari

1881 3781 2007 3836 odio
2033 3781 2258 3838 foederis
2296 3799 2324 3836 a
2375 3800 2432 3839 se
2467 3786 2590 3840 initi
2632 3803 2759 3842 cum
2819 3793 2990 3846 crale.
3047 3793 3373 3852 Credituros
3415 3797 3469 3852 id

1884 3875 2034 3928 enim
2093 3873 2255 3930 facile
2298 3878 2598 3948 plurimos;
2654 3890 2707 3936 et
2744 3883 2931 3938 statim
2963 3885 3016 3940 in
3047 3890 3244 3942 famam
3283 3891 3471 3945 abitu.

1886 3983 2007 4020 rum
2057 3976 2267 4022 tantam
2304 3971 2478 4026 fuisse
2527 3973 2916 4043 indignitatem
2950 3978 3229 4036 afﬁnitatis
3256 3981 3324 4037 ab
3363 3985 3470 4037 ini-

1883 4067 2141 4130 peratore
2177 4075 2299 4114 cum
2333 4059 2539 4117 Serbian
2572 4065 2821 4136 principe
2877 4077 3201 4136 contractae,
3263 4083 3321 4127 ut
3353 4090 3466 4131 nou

1883 4153 2048 4205 aliam
2066 4151 2308 4207 Joannes
2335 4156 2653 4224 patriarcha
2681 4156 2972 4227 dignitatis
2991 4161 3312 4218 abdicandae
3339 4183 3468 4221 cau-

1883 4259 2001 4299 sam
2037 4243 2296 4299 habuerit
2334 4261 2498 4315 quam
2535 4259 2742 4302 metum
2775 4265 2842 4305 ne
2877 4251 2930 4304 in
2962 4267 3026 4307 ea
3059 4257 3465 4324 perseverando

1885 4336 2058 4392 videri
2085 4345 2270 4407 posset
2302 4339 2354 4393 id
2399 4340 2816 4396 matrimonium
2847 4345 3112 4412 probasse
3141 4355 3233 4402 aut
3264 4348 3470 4403 tolera-

1885 4429 1996 4485 bile
2028 4446 2296 4496 censere;
2333 4449 2397 4487 ex
2424 4448 2529 4503 qua
2565 4436 2831 4503 opinione
2877 4436 3157 4508 ingentem
3197 4442 3466 4495 orituram

223 4537 408 4583 ηυεηιε
451 4530 835 4598 acquiescere,
890 4539 947 4586 ει
1001 4529 1191 4586 nescio
1269 4532 1401 4602 quid
1459 4535 1777 4604 perplexum
1812 4532 1860 4594 ί)
1890 4538 2071 4577 rerum
2120 4523 2380 4580 Ecclesia:
2427 4527 2904 4596 perturbationem
2954 4531 3303 4598 providebat.
3338 4533 3467 4603 lvljus

223 4621 589 4688 respondente,
620 4636 732 4692 quo
762 4621 1048 4678 videretur
1075 4624 1323 4680 indicare
1353 4623 1557 4680 offendi
1583 4640 1643 4681 se
1675 4641 1778 4679 nn-

223 4723 304 4780 per
328 4713 483 4785 292
507 4714 673 4776 actis,
702 4714 797 4769 sed
833 4729 934 4770 nec
963 4716 1130 4771 meris
1175 4731 1240 4770 ac
1265 4716 1425 4783 solis,
1486 4732 1680 4773 verum
1725 4730 1780 4772 et

225 4805 350 4870 aliis,
381 4821 502 4877 qua
536 4806 709 4875 magis
744 4805 1009 4862 innueret
1043 4824 1210 4878 quam
1245 4809 1392 4865 clare
1438 4809 1777 4880 designaret.

225 4892 294 4950 0b
316 4912 432 4967 qua:
458 4897 702 4954 addebat
734 4913 897 4954 orare
938 4915 998 4955 se
1028 4903 1342 4970 Augustum
1387 4916 1456 4956 ne
1489 4902 1556 4955 ad
1593 4916 1655 4957 se
1687 4917 1777 4956 ve-

227 4987 326 5043 nire
353 4998 696 5060 gravaretur,
759 4991 1084 5046 convocatis
1127 4991 1319 5047 eodem
1376 4992 1708 5062 quibusdam
1746 5008 1777 5048 e

227 5080 353 5136 clero
389 5097 451 5138 ac
477 5083 774 5154 episcopis,
807 5097 875 5140 eo
908 5099 1138 5140 numero
1164 5087 1258 5155 qui
1279 5085 1535 5142 sufﬁcere
1570 5087 1639 5142 ad
1685 5086 1777 5158 ju-

228 5182 354 5230 stum
376 5176 440 5231 de
477 5177 648 5233 rebus
683 5177 946 5248 gravibus
975 5193 1336 5250 congressum
1367 5181 1674 5238 videretur.
1717 5185 1773 5239 lu

229 5281 283 5320 eo
303 5279 437 5324 coetu
468 5285 531 5326 se
562 5272 977 5343 prapositurum
1009 5273 1140 5344 quid
1168 5273 1413 5330 animum
1440 5285 1625 5330 ureret
1649 5292 1774 5348 pro-

232 5357 578 5430 hiberetquea
630 5359 1011 5419 functionibus
1044 5377 1158 5419 sua:
1206 5364 1532 5434 dignitatis;
1577 5366 1783 5437 quibus

231 5453 474 5520 expositis
517 5453 565 5508 si
597 5452 793 5509 Patres
825 5468 1122 5510 censerent
1150 5456 1526 5513 ministerium
1569 5473 1631 5513 se
1653 5474 1781 5528 pro-

231 5542 388 5610 prium
418 5561 706 5602 resumere
734 5546 960 5612 debere,
988 5549 1242 5605 consiliis
1268 5549 1518 5620 ipsorum
1565 5550 1781 5606 obtem-

231 5647 533 5702 peraturum
571 5656 586 5694 :
615 5640 670 5694 ni
705 5641 760 5696 id
790 5640 966 5709 ﬂeret,
992 5641 1104 5711 jam
1141 5657 1290 5698 nunc
1331 5643 1593 5699 abdicare
1627 5643 1781 5698 thro-

229 5744 338 5786 num
371 5742 426 5788 et
453 5734 507 5789 in
537 5734 726 5804 quiete
754 5735 877 5791 vitze
905 5735 1176 5806 reliquum
1209 5737 1347 5794 velle
1380 5739 1708 5810 transigere.

1885 4617 2226 4671 incommodi
2263 4619 2624 4685 praeverteudi
2658 4620 2844 4676 studio
2885 4621 3043 4677 adire
3085 4623 3461 4694 patriarcham

1882 4707 2172 4778 Augustus
2192 4709 2409 4773 statuit,
2440 4725 2744 4782 coramque
2775 4728 2839 4768 ex
2872 4729 2937 4769 eo
2967 4730 3304 4784 cognoscere
3331 4720 3464 4790 quid

1883 4800 1939 4854 in
1974 4817 2034 4856 se
2078 4803 2362 4872 culparet;
2395 4803 2558 4874 idque
2604 4804 2735 4860 fecit
2798 4806 3185 4865 moderatione
3227 4813 3464 4880 quadam

1884 4893 2060 4948 media
2087 4897 2230 4948 inter
2255 4895 2518 4950 humilem
2543 4897 2938 4954 demissionem
2969 4903 3304 4960 adulationis
3336 4922 3466 4978 erga

1879 4999 2006 5040 eum
2038 4987 2291 5043 obnoxia:
2339 4997 2394 5044 et
2443 4989 2610 5059 justa:
2645 5006 2760 5046 suae
2807 4992 3149 5051 defensionis
3204 4996 3463 5054 ﬁduciam

1883 5094 2158 5134 securam.
2195 5080 2394 5136 Coram
2432 5084 2744 5150 patriarcha
2804 5086 2966 5156 igitur
3022 5100 3167 5144 coetu
3231 5107 3461 5146 suorum

1883 5173 2227 5228 circumdato
2252 5175 2428 5230 adfuit
2462 5179 2796 5247 imperator;
2827 5179 3108 5239 adfuimus
3137 5193 3191 5238 et
3221 5201 3320 5242 nos
3360 5187 3467 5243 ibi-

1885 5267 2006 5320 dem
2045 5284 2167 5321 cum
2213 5268 2360 5322 aliis.
2394 5268 2631 5340 Moxque
2659 5272 2752 5327 ubi
2778 5275 3120 5331 consedisset
3155 5279 3463 5349 Augustus,

1886 5357 2420 5415 circumsedentibus
2453 5365 2596 5416 sacri
2627 5364 2840 5420 ordinis
2867 5367 3020 5432 viris,
3055 5372 3310 5439 exposuit
3357 5372 3465 5426 im-

1886 5451 2131 5519 peratori
2172 5450 2332 5522 293
2390 5452 2706 5521 patriarcha
2743 5470 2866 5525 qua:
2917 5457 3023 5510 sibi
3081 5457 3459 5529 displicerent,

1885 5544 1957 5597 ob
1994 5558 2116 5612 quae
2157 5544 2428 5600 hactenus
2467 5546 2658 5602 volens
2687 5548 2736 5601 in
2772 5551 2976 5620 angulo
3010 5563 3304 5617 muss:nret,
3328 5568 3463 5622 por-

1887 5651 2061 5706 roque
2096 5647 2323 5708 paratus
2347 5649 2495 5694 esset
2531 5640 2874 5711 praefectura:
2911 5645 3148 5714 ipsique,
3187 5646 3233 5701 si
3263 5647 3463 5716 despc-

1890 5731 2034 5785 ratio
2061 5731 2291 5786 remedii
2328 5733 2426 5803 sic,
2463 5745 2707 5806 cogeret,
2751 5739 3078 5794 renuntiare
3124 5740 3460 5795 sacerdotio.

1890 5825 2030 5883 Ante
2056 5826 2242 5882 omnia
2298 5830 2627 5886 memoravit
2677 5829 2856 5887 imdus
2888 5848 3012 5887 cum
3061 5832 3229 5898 crale,
3263 5833 3314 5887 in
3352 5851 3464 5902 quo
