3862 6560
490 351 593 413 3⁵ὶῖ

1672 344 1995 406 GEORGII
2035 344 2515 406 PACIIYMEleE
3623 342 3705 404 39.1

474 466 709 528 ἐκεῖνος,
737 462 1014 535 ηθετηκὼς
1044 458 1138 530 τὴν
1170 459 1325 519 ἰδίαν.
1360 456 1558 527 νηπίαν
1614 456 1778 510 οὖσαν
1832 457 2047 526 ἀγάγοι·
2088 460 2132 514 Δ
2161 456 2257 509 καὶ
2303 456 2524 525 είρηνην
2571 452 2787 516 ἀνύτειν
2836 450 2933 503 ὅσα
2982 448 3198 519 σίδηρος
3247 446 3348 501 οὐκ
3409 445 3594 515 ἰσχύει,
3634 454 3708 502 καὶ

489 574 547 611 το
570 574 585 589 ·
620 557 713 611 καὶ
754 557 833 609 ὅτι
862 551 1269 625 χρυσολογεῖταί
1301 568 1355 601 τε
1380 552 1471 601 καὶ
1510 548 1961 620 ἀργυρολογεῖται
2002 547 2062 601 το

485 648 615 713 πᾶν,
647 643 1167 725 τετιμιουλκημένου
1203 641 1302 711 μὲν
1345 640 1438 693 τοῦ
1495 638 1786 711 χρειώδους
1842 640 2058 702 ἆλατος.

487 737 1001 807 τετιμιουλκημένου
1050 734 1104 787 δὲ
1157 733 1251 787 καὶ
1306 732 1545 804 σιδήρου,
1599 731 1809 801 συχνῶν
1862 730 1918 783 δὲ
1966 733 2062 783 καὶ

489 831 777 887 συνδοσιῶν
806 828 1127 897 γινομένων,
1159 827 1252 880 καὶ
1284 826 1462 897 τρίτον
1516 826 1590 889 ὡς
1640 826 2062 893 καταφρονεῖται

486 926 645 988 αὐτὸς
679 924 951 992 ἀναφορὰς
969 917 1225 984 πολλάκις
1252 919 1392 988 ὑπὲρ
1419 919 1512 971 τοῦ
1543 918 1823 980 δοκοῦντος
1852 916 2058 971 δικαίου

486 1016 821 1083 ποιούμενος.
867 1009 1141 1064 Ἐντεῦθεν
1158 1009 1213 1062 δὲ
1245 1008 1497 1078 βασιλεὺς
1525 1010 1601 1069 είς
1636 1005 1732 1077 τὴν
1770 1006 1909 1076 ὑπὲρ
1935 1006 2063 1059 τού-

485 1123 591 1161 των
621 1102 909 1172 ἀπολογίαν
939 1100 1211 1162 καταστὰς
1239 1101 1332 1152 ἐπὶ
1362 1100 1459 1170 μὲν
1480 1098 1553 1169 τῷ
1588 1097 1680 1151 τοῦ
1720 1097 1895 1169 κρᾶιλη
1934 1112 2059 1151 συν-

484 1196 790 1265 αλλάγματι
816 1194 915 1248 οὐκ
941 1191 1122 1262 ὄρεξιν
1154 1191 1291 1245 ἰδίαν
1324 1190 1419 1245 καὶ
1476 1189 1572 1262 τὴν
1625 1190 1831 1243 ἐκεῖθεν
1886 1188 2062 1259 ἐαυτῷ

486 1287 669 1355 δνησιν
690 1286 878 1358 ᾐτιᾶτο
912 1301 927 1317 ’
960 1282 1136 1352 πολλῷ
1168 1282 1274 1351 γὰρ
1296 1282 1497 1352 ἥκιστα
1560 1280 1737 1346 τοῦτο,
1804 1281 1911 1349 ὂσμρ
1967 1282 2062 1334 καὶ

486 1373 930 1445 προσζημιωθείη
962 1374 1121 1436 αὖτὸς
1149 1374 1214 1425 τὰ
1249 1373 1477 1442 μεγάλα,
1514 1372 1695 1441 κόριον
1722 1370 1749 1423 ὃ
1796 1372 1858 1423 ὲκ
1885 1370 2063 1441 ψυχῆς

486 1468 708 1540 ἔστεργε
745 1469 839 1520 καὶ
864 1461 906 1535 ᾧ
937 1466 1320 1537 προσετετήκει
1371 1465 1466 1518 καὶ
1512 1464 1672 1526 αὐτὸς
1732 1466 1827 1518 καὶ
1880 1465 2063 1534 μήτηρ

487 1540 583 1614 καί
631 1562 839 1629 γάμους
897 1556 1205 1630 ἑτοιμάζειν
1259 1555 1551 1625 ὲγκαίρους
1597 1558 1723 1617 τοὺς
1777 1556 1841 1607 ἑκ
1878 1553 2062 1625 ρηγῶν

486 1653 648 1724 ᾤετο,
678 1651 738 1716 ἐξ
765 1649 1016 1720 ἀγκαλῶν
1043 1648 1257 1703 οίκείων
1284 1646 1630 1718 ἀναρπασθὲν
1686 1646 1947 1718 βαρδάρῳ
2004 1663 2063 1699 τε

488 1744 583 1797 καὶ
635 1741 704 1794 τὰ
753 1742 929 1794 πάντα
973 1740 1225 1809 ὰστόργῳ
1284 1738 1378 1793 καὶ
1429 1737 1593 1807 μηδὲν
1618 1739 1814 1806 σεμνὸν
1850 1739 1941 1790 ἐπὶ
1966 1737 2059 1807 τῆς

489 1834 664 1904 ἀρχῆς
694 1834 868 1903 ἔχοντι
902 1834 1385 1903 καταπροῖέμενος.
1431 1831 1571 1883 Ἀλλ’
1594 1830 1802 1901 ἀνδρῶν
1843 1833 1937 1883 καὶ
1964 1848 2069 1899 χω-

494 1924 603 1994 ρῶν
629 1924 722 1977 καὶ
748 1922 1087 1993 πραγμάτων
1109 1922 1493 1993 προσηκόντων
1522 1924 1586 1992 τῇ
1641 1920 1910 1992 βασιλείᾳ,
1950 1921 2060 1974 τῶν

493 2017 591 2086 μὲν
614 2015 975 2084 ἀπαγομένων
1002 2013 1220 2077 ἀθλίως,
1245 2014 1352 2065 τῶν
1386 2013 1431 2065 δ’
1460 2011 1850 2082 ὲρημουμένων
1899 2011 2059 2079 ὲσίόι-

487 2125 616 2172 τως,
665 2108 773 2161 τῶν
800 2106 857 2161 δὲ
888 2104 1295 2176 σκυλευομένων
1323 2104 1685 2169 ἀναποδότως,
1723 2104 1819 2157 καὶ
1860 2104 2063 2174 αἰχμα-

445 2225 463 2238 ο
488 2199 689 2265 λωσίας
716 2198 981 2268 τοσαύτης
1006 2216 1064 2252 τε
1087 2198 1178 2252 καὶ
1200 2197 1454 2267 τοιαύτης
1482 2196 1642 2266 χάριν
1670 2195 1841 2249 ταῦτα
1885 2196 2060 2265 πράτ-

488 2313 569 2350 τοι
595 2297 689 2349 καὶ
719 2293 867 2363 παρᾶ
889 2292 1112 2364 γνώμην
1134 2291 1227 2347 καλ⁵
1268 2292 1417 2364 παρᾶ
1450 2290 1669 2361 θέλησιν
1713 2307 1725 2320 ·
1757 2288 1929 2344 πολλὰ
1954 2290 2061 2362 γὰρ

490 2477 619 2547 quid
654 2476 833 2547 ipsum
856 2475 1157 2531 oll'enderet
1198 2474 1454 2547 protulit,
1484 2475 1787 2530 criminans
1821 2475 2062 2547 legitime

490 2581 833 2626 contractum
872 2571 1027 2641 prius
1051 2569 1217 2625 cralis
1268 2554 1585 2639 conjugium
1647 2570 1817 2624 fuisse
1849 2568 2059 2625 nefarie

491 2665 850 2733 diremptum,
884 2672 937 2718 et
970 2663 1175 2734 injuste
1226 2662 1295 2717 ab
1323 2676 1389 2717 eo
1435 2661 1721 2732 repudiata
1757 2664 1903 2731 regis
1939 2660 2063 2717 Bul-

490 2757 655 2828 garia:
690 2759 799 2812 lilia
835 2758 887 2811 in
921 2757 1045 2827 ejus
1100 2759 1282 2812 locum
1340 2756 1696 2811 substitutam
1735 2755 2062 2811 iuiantulam

490 2868 552 2907 ex
589 2851 926 2920 imperatore
957 2860 1170 2905 natam.
1196 2849 1423 2905 Addidit
1454 2850 1597 2904 ferre
1630 2863 1693 2905 se
1726 2849 1872 2904 haud
1904 2865 2066 2920 pOsse

492 2944 777 3013 aggravari
825 2942 1093 3013 populum
1132 2943 1353 2998 tributis
1414 2945 1535 2998 sine
1604 2946 1789 2998 modo.
1842 2943 2062 2998 Nullum

494 3035 655 3090 ﬁnem
678 3037 791 3091 ﬁeri
825 3039 965 3100 auri,
991 3037 1203 3106 argenti
1229 3037 1472 3106 undique
1512 3035 1662 3091 nullo
1684 3051 1791 3091 non
1820 3050 1850 3092 e
1880 3052 2063 3095 rerum

490 3143 687 3199 genere
713 3125 1062 3183 corradendi.
1093 3126 1301 3197 Subjici
1335 3126 1490 3182 novis
1516 3127 1873 3199 vectigalibus
1896 3127 2064 3183 salem

2166 547 2399 609 σπονδὰς
2419 547 2842 614 καταπράττειν,
2878 544 2973 597 καὶ
3006 542 3160 612 μόλις
3176 540 3275 602 τὰς
3306 540 3371 592 ἐκ
3412 538 3515 591 τῶν
3542 541 3706 607 γάμων

2166 640 2668 702 συντακτικωτάτας
2695 634 2861 699 οὔσας
2885 636 2979 690 καὶ
3005 632 3290 701 ἀσφαλεῖς.
3315 632 3417 684 ὅσα
3448 630 3521 701 μὴ
3562 634 3705 702 μάχαι

2166 726 2260 779 καὶ
2289 726 2522 793 πόλεμος
2547 724 2811 795 οὕμενουν
2839 723 3274 793 κατεπράξαντο.
3324 720 3398 774 Οὐ
3434 722 3536 790 μὴν
3560 722 3600 775 δ’
3627 723 3708 775 αὖ.

2163 819 2246 881 θις
2292 819 2387 871 καὶ
2441 817 2619 887 νόμων
2658 820 2714 881 ἐς
2750 818 2893 871 ἅπαν
2940 817 3119 880 ἐκτὸς.
3171 816 3246 877 ὼς
3299 812 3461 867 αὑτδν
3509 814 3709 879 οἴεσθαι,

2164 910 2446 978 πράττειν.
2498 910 2667 979 Δῆλον
2712 908 2822 979 γὰρ
2870 905 3009 961 εἶναι
3059 909 3155 961 καὶ
3202 906 3391 960 κανόσι
3419 906 3512 959 καὶ
3555 906 3710 975 νόμοις

2165 1003 2662 1072 προστεταγμένον,
2707 1002 2781 1071 μὴ
2829 1000 2895 1054 ἂν
2953 998 3316 1070 ἐκχωρείσθαι
3364 998 3456 1050 τὸν
3512 998 3711 1067 νόμιμον

2162 1098 2504 1167 ἀγαγόμενον
2523 1097 2729 1167 ταύτην
2756 1096 2858 1164 μὲν
2889 1096 3103 1162 ἀφεῖναι
3144 1092 3295 1162 παρὰ
3332 1091 3595 1162 μηδεμίαν
3640 1093 3711 1144 a‘t-

2163 1193 2287 1245 τίαν
2318 1189 2563 1258 εὕλογον,
2596 1186 3007 1256 συμπλέκεσθαι
3041 1184 3086 1238 δ’
3126 1184 3263 1256 ἄλλῃ
3302 1200 3316 1213 ο
3350 1187 3398 1235 εἰ
3430 1182 3485 1234 δὲ
3516 1200 3592 1245 τις
3620 1186 3715 1234 τολ-

2169 1281 2311 1351 μώῃ,
2348 1279 2527 1334 αἰτίαν
2560 1279 2657 1348 μὲν
2685 1280 2927 1347 μοιχείας
2959 1275 3281 1328 ἀποίσεσθαι
3310 1276 3402 1326 τῖν
3435 1274 3711 1342 τολμῶντα,

2164 1374 2262 1443 τὴν
2294 1372 2350 1426 δὶ
2384 1372 2697 1442 συνοίκησιν
2728 1364 2869 1421 εἶναι
2902 1368 3238 1439 παράνομον,
3271 1364 3411 1420 ὥστε
3455 1366 3549 1433 τῆς
3587 1367 3712 1435 πρώ-

2167 1478 2265 1537 της
2294 1466 2634 1536 ηθετημένης
2666 1464 2756 1517 καὶ
2788 1462 2993 1532 ζώσης,
3022 1460 3226 1523 ὁπόσας
3256 1456 3569 1513 τοῦντεῦθεν
3598 1460 3709 1528 ηγὰ-

2164 1575 2310 1629 γετο,
2340 1559 2414 1630 μὴ
2454 1558 2851 1629 ὲγκεκριμένας
2877 1558 2991 1617 τοῖς
3037 1558 3221 1624 νόμοις
3258 1552 3383 1624 μηδ’
3422 1553 3483 1604 ἐν
3526 1552 3713 1619 γυναιξὶ

2166 1651 2418 1722 νομίμοις
2472 1650 2782 1704 τάττεσθαι.
2838 1664 2857 1697 ι
2915 1646 2987 1699 Ἦ
3033 1645 3094 1698 οὐ
3144 1644 3297 1698 ταῦθ’
3343 1642 3487 1697 οὕτω
3542 1643 3629 1697 καὶ
3668 1647 3712 1697 ἐν

2166 1744 2298 1813 ἡμῖν
2342 1741 2454 1812 εχει
2490 1758 2504 1805 ;
2544 1760 2564 1793 ι
2613 1740 2782 1809 Φησὶν
2813 1740 2841 1791 ό
2880 1737 3117 1809 κρατῶν,
3156 1754 3174 1786 ι
3216 1734 3496 1790 Πυνθὰνου
3523 1751 3714 1805 τοιγαρ.

2103 1849 2143 1905 Β
2172 1836 2264 1888 οὖν
2291 1836 2402 1888 τῶν
2448 1834 2685 1898 εἰδότων,
2718 1833 2813 1886 καὶ
2853 1831 3061 1895 πιστῶς
3108 1830 3347 1903 μάνθανε
3379 1830 3457 1891 ὡς
3499 1830 3594 1883 οὐκ
3641 1831 3716 1884 ἀλα

2163 1928 2267 1991 λως
2291 1929 2421 1998 ἡμῖν
2450 1925 2670 1996 ἐγένετο
2695 1923 3092 1991 καταδέξασθαι
3139 1924 3201 1976 τὸ
3254 1924 3623 1993 συνάλλαγμα,
3675 1926 3714 1977 εί

2166 2019 2242 2091 μὴ
2277 2020 2367 2073 καὶ
2390 2020 2584 2089 ὅρκους
2645 2018 2772 2079 τοὺς
2814 2015 3073 2085 πρέσὸεις
3108 2014 3340 2087 [P303]
3394 2021 3718 2087 προσαπητή-

2166 2128 2337 2182 σαμεν
2370 2108 2639 2181 βεδαιοῦν,
2668 2103 2701 2179 ἦ
2735 2108 2839 2179 μὴν
2873 2108 2967 2162 καὶ
3025 2107 3104 2160 ἔτι
3136 2109 3405 2177 περιεῖναι
3456 2106 3553 2176 τὴν
3596 2124 3715 2176 νομι-

2168 2221 2267 2275 μον
2297 2206 2385 2259 ὅτε
2420 2206 2483 2273 τῇ
2515 2202 2609 2256 τοῦ
2636 2203 2877 2272 Τερτερῆ
2912 2200 3290 2265 συνεπλέκετο,
3346 2200 3441 2253 καὶ
3504 2198 3619 2270 ἄρτι
3656 2198 3718 2271 μὴ

2166 2296 2265 2368 ζῇν
2293 2297 2371 2350 ὅθ’
2399 2298 2561 2368 ἡμεῖς
2593 2296 2670 2359 εις
2700 2294 2944 2366 γαμσρῦν
2993 2295 3310 2364 ὲτάττομεν,
3363 2293 3437 2357 ὡς
3499 2293 3718 2345 ἐντεῦθεν

2165 2479 2521 2536 miseratione
2549 2487 2756 2534 motum
2807 2492 2951 2541 sese,
3012 2476 3405 2532 invitissimum
3437 2477 3644 2548 quidem
3673 2489 3716 2533 et

2163 2571 2781 2641 inclinationipmpria:
2817 2586 3029 2629 summa
3066 2570 3116 2624 vi
3157 2571 3560 2655 oblpctautem,
3591 2572 3714 2641 quod

2167 2664 2451 2721 habuisset
2480 2663 2868 2719 citatissimum
2901 2663 3240 2734 impendisse
3281 2664 3331 2717 in
3376 2654 3734 2719 levameutnm'

2166 2756 2275 2812 alia
2306 2756 2456 2811 nulla
2488 2757 2702 2811 ratione
2752 2756 3064 2810 avertendae
3115 2756 3472 2819 calamitatis,
3513 2771 3715 2825 gnarum

2167 2850 2339 2904 multa
2395 2850 2862 2904 couvetttiunibus
2901 2847 3071 2913 eiiici,
3117 2863 3240 2919 qua:
3281 2850 3426 2903 bello
3479 2864 3543 2904 ac
3596 2849 3719 2905 ferro
3814 2902 3815 2909 η

2169 2939 2373 2993 frustra
2408 2947 2716 3001 tenteutnr,
2757 2937 3146 3010 imderumque
3176 2939 3471 3006 beneﬂcio,
3519 2957 3719 3012 praeser-

2170 3031 2266 3087 tim
2320 3033 2389 3085 ad
2456 3032 2810 3088 stabilitatem
2870 3032 3259 3088 roboratorum
3329 3035 3717 3091 necessitudine

2174 3124 2414 3194 nuptiali
2448 3125 2596 3195 (nam
2630 3125 2737 3182 isto
2766 3125 2987 3181 demum
3022 3127 3237 3197 glutine
3292 3128 3605 3184 ﬁrmissime
3632 3130 3719 3183 bo-

489 3221 802 3277 communis
834 3235 986 3286 usus,
1016 3218 1217 3287 subjici
1246 3219 1413 3274 etiam
1450 3217 1686 3301 ferrumj;
1711 3224 1767 3276 et
1812 3219 2066 3276 immani-
2096 3203 2135 3260 (ἶ
2172 3219 2379 3273 minum
2413 3218 2726 3274 voluntates
2759 3220 3008 3288 coeunt),
3069 3221 3124 3273 in
3175 3233 3479 3276 commune
3512 3222 3718 3292 plurima

489 3322 573 3370 ter
608 3313 727 3368 istis
771 3311 1156 3377 exactionibus
1191 3327 1377 3367 rerum
1435 3312 1563 3367 vita:
1620 3314 2064 3370 necessariarum

490 3408 731 3480 pretium
764 3406 1017 3462 accendi.
1069 3405 1293 3462 Ell‘undi
1353 3423 1479 3463 mox
1539 3407 1767 3477 prodige
1804 3406 1859 3465 in
1901 3409 2067 3481 largi-

490 3500 667 3555 tiones
698 3498 922 3554 erebras
955 3513 1079 3568 quae
1135 3513 1298 3554 avare
1351 3499 1465 3555 sint
1506 3508 1748 3556 extorta.
1808 3499 2062 3557 Tertium

490 3595 577 3650 his
619 3592 853 3648 attexuit
904 3590 1262 3663 querelarum
1298 3599 1489 3663 caput,
1544 3593 1822 3649 contemni
1870 3610 1931 3651 se
1962 3610 2066 3651 nec

491 3688 679 3743 haberi
734 3686 1005 3744 rationem
1075 3684 1544 3756 supplicationum
1594 3702 1693 3757 pro
1768 3687 2066 3744 clientibus

490 3794 742 3846 suarum,
782 3778 871 3833 ubi
907 3793 972 3832 ex
1009 3776 1189 3833 oilicio
1226 3777 1600 3834 interveniens
1628 3779 2060 3851 periclitantium

490 3874 682 3928 causis
714 3872 1158 3944 patrocinaretur
1187 3873 1490 3942 Oppressis,
1523 3884 1578 3928 et
1611 3872 1736 3942 jura
1762 3875 2063 3931 destituto-

489 3981 610 4020 rum
643 3963 966 4020 verisimilia
992 3965 1118 4018 licet
1156 3964 1536 4035 nequidquam
1586 3964 1874 4036 allegaret,
1910 3966 2064 4023 nullo

485 4072 600 4112 suae
655 4056 916 4124 neglectae
963 4054 1315 4111 auctoritatis
1358 4054 1563 4111 fructu.
1606 4054 1893 4113 Adversus
1945 4057 2064 4113 haec

478 4151 790 4219 imperator
817 4147 900 4202 sui
937 4146 1311 4201 defensionem
1358 4161 1385 4200 a
1416 4147 1600 4215 capite
1633 4161 1819 4213 orsus,
1848 4129 1916 4203 de
1945 4161 2065 4203 cra-

488 4241 558 4294 lis
595 4240 826 4306 primum
859 4236 1065 4292 fmdere
1101 4237 1390 4302 disseruit,
1425 4254 1527 4293 nec
1565 4239 1788 4311 propria
1819 4255 1879 4297 se
1916 4240 1973 4296 in
2006 4239 2061 4296 id

486 4332 784 4404 cupiditate
847 4340 1107 4395 tractum,
1137 4346 1238 4386 nee
1292 4332 1568 4387 utilitates
1624 4332 1773 4389 inse
1817 4348 2061 4406 suosque

484 4422 741 4498 privatim
792 4419 1205 4476 redundaturas
1252 4418 1378 4477 inde
1409 4430 1709 4491 captasse:
1757 4422 1891 4493 quin
1958 4439 2060 4495 po-

487 4519 597 4571 tius
628 4515 971 4570 sacriﬁcasse
1007 4530 1065 4570 se
1094 4516 1149 4569 in
1189 4514 1293 4569 hoc
1330 4516 1566 4585 publicis
1599 4517 1908 4573 commodis
1944 4523 2055 4589 pri-
2080 4540 2131 4602 ι)

486 4617 664 4670 vatus,
700 4622 907 4676 eosque
952 4610 1302 4672 teuerrimos,
1353 4604 1605 4660 atl'ectus.
1630 4603 1909 4673 Filiolam,
1964 4623 2055 4663 ca-

482 4708 583 4769 put
614 4698 858 4751 umnium
885 4696 1293 4760 dulcissimum,
1320 4712 1451 4751 suas
1475 4699 1783 4769 matrisque
1798 4700 2051 4767 delicias,

484 4804 646 4850 quam
716 4790 770 4842 in
830 4804 982 4860 spem
1042 4789 1618 4859 splendidissimarum
1681 4806 1805 4844 cum
1858 4808 2049 4862 regum

484 4881 739 4937 maximis
769 4884 1088 4951 nuptiarum
1122 4883 1445 4945 educarent,
1503 4882 1661 4935 avelli
1700 4883 1804 4937 sibi
1858 4899 2054 4954 passos

478 4992 513 5029 c
548 4972 780 5046 gremio,
809 4974 1120 5044 projicique
1176 4974 1230 5028 iu
1294 4987 1493 5027 manus
1550 4973 1899 5030 insociabilis
1928 4976 2054 5030 bar-

486 5064 624 5128 bari,
691 5064 826 5117 nihil
862 5066 916 5118 in
952 5066 1103 5119 cultu
1163 5079 1227 5119 ac
1267 5065 1514 5117 moribus
1549 5065 1874 5131 humanum,
1914 5066 2051 5121 nihil

480 5156 535 5211 in
568 5158 688 5226 ipso
724 5156 1038 5225 principatu
1076 5170 1414 5227 magnopere
1463 5156 1813 5227 splendidum
1850 5158 2053 5214 haben-

460 5248 572 5305 'tis.
611 5247 813 5302 Verum
843 5264 909 5302 eo
949 5263 975 5301 a
1014 5263 1072 5303 se
1105 5249 1279 5317 pretio
1311 5249 1645 5320 redemptam
1679 5252 2047 5321 captivitatem

479 5338 831 5397 eubditorum
867 5340 1107 5409 imperii,
1165 5340 1257 5409 qui
1291 5340 1492 5396 misere
1522 5344 1790 5398 servitum
1821 5344 2053 5399 abduce-

482 5433 707 5500 bantur,
742 5430 1141 5502 provinciarum
1178 5431 1344 5506 294
1370 5432 1627 5491 Romanae
1677 5435 1903 5493 ditionis
1942 5448 2054 5493 sta-

477 5526 615 5589 tum,
666 5539 790 5595 quae
839 5523 1260 5580 incursionibus
1296 5525 1714 5593 desolabantur,
1771 5543 2049 5584 annonam

475 5617 718 5688 denique
749 5633 812 5674 ac
837 5618 1044 5671 victum
1090 5618 1356 5687 subjectae
1383 5617 1490 5674 sibi
1533 5618 1729 5688 plebis,
1774 5621 2049 5694 irrepara-

478 5710 684 5767 bilibus
705 5710 982 5765 latronum
1009 5711 1503 5776 rapacissimorum
1539 5709 2049 5782 depraedationibus

478 5803 706 5875 spoliari
759 5813 915 5859 antea
954 5803 1151 5859 solitzr.
1209 5801 1341 5858 Tam
1397 5807 1610 5860 acerbae
1669 5805 2047 5878 oppressionis

2167 3320 2226 3368 et
2253 3310 2515 3377 maxima,
2554 3310 2719 3383 idque
2766 3311 3068 3382 tranquille
3098 3327 3165 3368 ac
3198 3306 3420 3376 secure,
3454 3315 3717 3382 provenire

2168 3402 2552 3468 commodum,
2588 3418 2714 3474 qua:
2750 3418 2854 3459 nec
2904 3403 3207 3459 sudoribus
3242 3419 3307 3459 ac
3335 3406 3720 3478 periculisgrav

2167 3495 2415 3552 vissimis
2488 3496 3057 3553 laboriosissimarum
3131 3498 3554 3568 expeditionum
3634 3514 3719 3553 nec

2167 3602 2368 3644 cruore
2396 3590 2668 3645 immenso
2696 3590 3009 3661 praliorum
3038 3590 3220 3659 parari
3248 3606 3492 3661 unquam
3542 3592 3719 3647 valuis-

2166 3692 2311 3738 sent.
2344 3681 2455 3738 Nec
2480 3693 2687 3747 tamen,
2738 3683 2884 3752 quod
2929 3682 3073 3738 falso
3107 3695 3461 3753 argueretur,
3492 3695 3647 3742 tanta:
3668 3701 3719 3742 ac

2164 3783 2275 3831 tam
2301 3777 2571 3832 evidentis
2605 3776 2858 3833 utilitatis
2889 3778 3066 3848 gratia
3090 3778 3400 3849 quidquam
3440 3788 3629 3835 contra
3658 3780 3719 3834 le-

2166 3884 2264 3940 ges
2317 3870 2649 3926 attentasse.
2699 3868 2839 3925 Esse
2887 3884 3127 3940 namque
3175 3871 3535 3927 manifestum
3584 3875 3717 3942 juxta

2164 3963 2305 4018 scita
2338 3954 2712 4017 canonum'et
2740 3963 3181 4035 civilium_etiam
3225 3966 3607 4030 sanctionum,
3635 3978 3719 4019 nec

2160 4051 2371 4107 licitum
2402 4068 2506 4110 nec
2536 4054 2813 4125 integrum
2856 4054 2978 4108 viro
3008 4068 3157 4118 esse,
3188 4055 3283 4124 qui
3335 4056 3445 4110 ritu
3498 4055 3718 4125 legitimo

2161 4154 2393 4194 uxorem
2425 4140 2670 4207 duxerit,
2700 4157 2767 4198 ea
2803 4142 2925 4198 sine
2959 4144 3069 4199 ulla
3101 4157 3268 4199 causa
3311 4144 3512 4201 idonea
3540 4147 3715 4215 rejecta

2161 4232 2409 4303 copulari
2435 4234 2616 4300 alteri,
2651 4248 2716 4290 ac
2745 4236 2791 4290 si
2833 4235 2960 4305 quis
2995 4235 3049 4291 id
3101 4237 3483 4302 attentaverit,
3520 4237 3717 4291 adulte-

2160 4324 2229 4380 rii
2264 4326 2458 4391 teneri,
2486 4327 2921 4398 conjugiumque
2964 4328 3067 4382 hoc
3114 4329 3424 4384 secundum
3476 4345 3576 4401 pro
3617 4329 3718 4383 ille-

2161 4418 2357 4491 gitimo
2382 4419 2719 4485 habendum,
2754 4420 2829 4474 ita
2856 4428 2917 4475 ut
2944 4421 3208 4491 quamdiu
3244 4423 3426 4490 prima
3459 4425 3575 4479 sola
3609 4436 3716 4475 veta

2161 4513 2359 4583 conjux
2422 4521 2704 4583 superstes
2776 4512 2963 4577 fuerit,
3012 4521 3289 4585 quotquot
3335 4514 3466 4569 inde
3501 4514 3716 4577 duxerit,

2161 4606 2474 4677 illegitimas
2526 4616 2579 4661 et
2612 4606 2839 4676 pelliees
2870 4607 3052 4676 potius
3084 4622 3253 4676 quam
3308 4608 3495 4677 justas
3541 4621 3717 4662 uxores

2162 4698 2301 4754 fore.
2343 4717 2363 4750 ι
2394 4701 2477 4755 An
2506 4713 2647 4754 ivero
2673 4714 2782 4753 non
2817 4701 2890 4753 ita
2917 4700 3034 4754 haec
3066 4700 3121 4755 in
3154 4708 3349 4757 nostro
3379 4717 3515 4758 casu
3542 4718 3601 4759 se
3630 4701 3717 4755 ba-

2161 4791 2366 4846 buere?
2409 4810 2427 4843 ι
2480 4792 2719 4861 subjecit
2770 4793 3091 4861 imperator,
3149 4812 3170 4849 ι
3224 4792 3516 4866 Interroga
3573 4794 3718 4863 igitur

2158 4897 2254 4938 eos
2293 4883 2387 4953 qui
2414 4894 2638 4947 norunt,
2673 4894 2727 4937 et
2756 4900 2823 4939 ex
2855 4900 2987 4940 vero
3024 4900 3140 4941 rem
3204 4902 3503 4959 cognosce.
3552 4887 3717 4942 Disces

2159 4970 2306 5027 baud
2331 4973 2488 5043 prius
2510 4990 2611 5031 nos
2641 4990 2901 5033 assensus
2931 4977 2986 5031 in
3015 4979 3427 5033 matrimonium
3459 4980 3583 5035 lilia:
3611 4994 3715 5034 eunt

2154 5068 2329 5133 ‘crale,
2355 5082 2517 5138 quam
2549 5070 2875 5140 legatorum,
2906 5081 3069 5141 prout
3092 5087 3478 5142 exegeramus,
3511 5072 3634 5129 inde
3659 5072 3715 5126 ad

2157 5174 2262 5216 nos
2302 5162 2597 5217 missorum
2643 5163 2847 5233 juratis
2895 5164 3233 5221 testimoniis
3274 5165 3647 5236 comperimus
3671 5176 3714 5219 et

2159 5251 2332 5309 fuisse
2396 5254 2576 5310 adhuc
2635 5256 2692 5309 in
2736 5256 2875 5311 vivis
2923 5256 3222 5327 legitimam
3287 5259 3455 5315 cralis
3504 5272 3717 5314 uxorem

2159 5347 2380 5415 quando
2409 5346 2461 5403 is
2494 5346 2658 5401 ﬁliam
2684 5346 2929 5404 Terteris
2968 5349 3024 5403 in
3058 5348 3483 5405 contubernium
3511 5351 3716 5413 ascivit,

2156 5447 2212 5494 et
2253 5439 2505 5496 eamdem
2538 5440 2648 5510 jam
2683 5440 2871 5496 vivere
2901 5442 3154 5508 desiisse,
3193 5441 3412 5512 quando
3437 5441 3601 5515 295
3628 5455 3715 5496 nos

2156 5546 2280 5587 cum
2316 5548 2574 5603 generum
2621 5535 2875 5591 fecimus.
2932 5537 3008 5591 Ex
3041 5536 3243 5606 quibus
3301 5544 3385 5592 est
3440 5535 3716 5591 manifeste

2155 5637 2501 5693 consequens
2530 5632 2585 5679 et
2620 5624 2787 5680 ﬁliam
2828 5626 3073 5682 Terteris
3126 5627 3263 5682 nihil
3311 5626 3421 5681 nisi
3454 5626 3713 5697 pellicem.

2154 5725 2211 5773 et
2258 5727 2533 5784 nostram,
2566 5730 2852 5791 utcunque
2905 5720 3255 5784 infantulam,
3296 5721 3501 5791 justam
3553 5718 3717 5789 legiti-

2157 5826 2408 5880 mumque
2427 5809 2634 5866 Serbitr
2660 5811 2926 5885 principis
2953 5826 3207 5883 sponsam
3225 5810 3529 5869 CXStiliSSC.
3557 5809 3715 5865 Porro
