3860 6616
239 360 306 424 Ξ5
1157 370 1255 430 DE
1288 368 1732 431 ANDRONICO
1776 369 2240 430 PALEOLOGO
2280 370 2425 432 LIB.
2473 370 2571 429 ιν.

3377 369 3487 445 326

201 475 409 547 τὴνμὲν
437 477 767 545 συμϐαίνειν
798 473 940 534 εἶναι
974 483 1310 552 παράνομον,
1343 485 1442 555 τὴν
1501 486 1545 537 δ’
1594 485 1787 552 ἡμετέι
1813 485 1860 542 Α
1891 485 1981 535 κατ.
2016 483 2499 554 προσεξευρίσκειν
2539 482 2753 553 ἀνάγκη
2801 483 3001 552 πᾶρονς
3067 483 3145 548 εἰς
3199 484 3486 556 συλλογὴν,

203 586 316 640 ραν,
347 570 395 622 εἰ
425 571 523 624 καὶ
556 574 787 644 νηπίαν,
844 573 960 625 ἀλλ’
992 573 1084 627 οὖν
1133 575 1378 644 ἔννομον.
1434 577 1788 645 Καινοτομεῖ-

203 664 319 716 σθαι
343 663 400 715 δὲ
428 665 525 715 καὶ
558 666 781 735 χρόνον,
813 665 887 728 ὡς
921 667 1120 728 οἴδατε,
1179 667 1271 721 ἐπὶ
1311 670 1426 729 τοῖς
1486 668 1789 737 βασιλικοῖς

203 754 398 826 κήδεσι,
429 755 673 826 φέρουσι
699 758 794 811 καί
823 775 873 811 τι
909 762 1151 812 σῡνοῖσον
1183 760 1404 824 πάντως
1437 761 1525 814 διὰ
1575 760 1674 830 τὴν
1724 762 1788 814 ἐκ

201 850 293 912 τῆς
317 849 547 918 εἰρήνης
580 851 946 908 κατάστασιν.
979 854 1126 915 Τέως
1169 854 1224 907 δὲ
1263 857 1360 908 καὶ
1419 855 1592 918 οὕτως
1645 855 1793 924 ἐχόν-

200 941 475 1011 τωνήμῶν
506 945 613 1012 τῆς
667 943 958 1012 ἀπολογίας
1009 947 1142 1016 ἡμῖν
1191 946 1290 1015 μὲν
1347 947 1652 1000 καὶταῦτα
1695 947 1790 1001 καὶ

201 1032 358 1086 nisini
391 1034 672 1103 πράττειν
689 1037 898 1106 ἀνάγκη
932 1037 1067 1107 πρὸς
1097 1039 1155 1090 τὸ
1188 1040 1466 1110 συμφέρον
1499 1041 1706 1102 κοινὸν,
1741 1044 1789 1094 εἰ

201 1133 286 1181 καὶ
312 1128 514 1198 λυπήρ’
538 1130 684 1184 ἄττα
717 1131 1095 1200 ξυμπίπτοιεν,
1133 1133 1208 1195 ὡς
1263 1134 1511 1201 ἀλγεινὸν
1534 1138 1626 1188 καὶ
1671 1136 1790 1189 τάδε

201 1221 543 1291 διαφερόντος
581 1241 594 1253 ·
630 1226 759 1294 ὑμῖν
789 1227 843 1279 δὲ
877 1226 1184 1296 προκείσθω
1232 1226 1327 1280 καὶ
1369 1227 1523 1291 αὖθις
1555 1229 1632 1289 εἰς
1649 1229 1788 1298 σκέ-

200 1314 298 1381 ψιν,
332 1313 426 1365 καὶ
467 1314 496 1366 ὃ
525 1315 738 1381 δόξειεν
769 1318 836 1370 ἂν
867 1320 1024 1387 μόνον
1066 1322 1182 1389 μετ’
1208 1321 1430 1390 εὐλόγου
1469 1322 1564 1375 τοῦ
1621 1323 1793 1376 αἰτιά-

204 1424 376 1476 ματος,
414 1409 700 1480 συγχωρῶ
733 1411 996 1478 γίνεσθαι.
1046 1415 1267 1470 Βασιλεῖ
1308 1418 1416 1486 γὰρ
1464 1413 1600 1469 εἶναι
1628 1416 1660 1486 ἣ
1691 1435 1795 1470 πα-

199 1499 349 1566 τέρας
381 1499 618 1570 ἐτέρους
652 1503 762 1555 τῶν
797 1505 1030 1576 νόμωνῆ
1063 1499 1254 1570 παῖδας
1279 1508 1467 1570 ἄλλους
1509 1507 1794 1578 Ῥωμαίων

200 1591 442 1643 ἁπάντων
507 1594 619 1645 οὐκ
663 1589 840 1664 οἶμαι.
883 1614 902 1647 ι
957 1597 1125 1651 Ταῦτ’
1179 1599 1330 1667 ἔλεγε
1380 1599 1654 1670 βασιλεὺς,
1700 1601 1794 1653 καὶ

200 1683 360 1736 ἐδόκει
389 1683 608 1738 πιθανά
639 1703 698 1738 τε
731 1687 926 1755 λέγων,
953 1690 1046 1744 καὶ
1072 1691 1170 1753 τὰς
1200 1692 1426 1760 γνώμας
1453 1693 1562 1745 τῶν
1583 1692 1794 1746 πολλῶν

200 1774 391 1828 ἔπειθε.
424 1774 704 1850 Δεύτερον
732 1779 799 1832 τὰ
824 1782 950 1851 περί
983 1799 1043 1834 τε
1069 1783 1160 1835 τοῦ
1191 1783 1387 1844 ἄλατος
1429 1785 1523 1839 καὶ
1575 1786 1794 1854 σιδήρου

1895 576 2012 629 Ἵνα
2043 577 2172 643 γοῦν
2201 578 2296 630 καὶ
2331 576 2641 646 κινοίμεθα,
2680 576 2885 646 ἔλεγεν.
2938 578 3140 649 Ἐπῆγε
3180 578 3234 631 δὲ
3261 579 3355 632 καὶ
3385 579 3486 648 βα-

1894 669 2058 732 σιλεῖς
2089 670 2367 740 ἀρχαίους,
2426 671 2520 724 καὶ
2559 671 2761 740 μᾶλλον
2812 670 2903 724 τὸν
2943 671 3218 740 Ἰωάννην,
3274 669 3483 741 ὁπόσην

1892 762 1990 829 τὴν
2027 761 2165 830 ὑπὲρ
2196 763 2306 815 τῶν
2339 763 2640 834 χρημάτων
2676 757 2786 833 εἶχε
2820 763 3073 835 σπουδὴν,
3109 763 3183 826 ὡς
3215 761 3480 831 ὲγκληθὲν

1894 853 2047 924 παρά
2065 871 2171 907 των
2193 855 2277 906 ὅτι
2303 856 2562 925 χρήματα
2586 857 3000 925 εἰσκομίσαντες
3030 857 3130 909 οὐκ
3157 854 3483 920 ἐξαπιναίως

1895 947 2046 1017 παρὰ
2078 946 2184 999 τῶν
2209 949 2266 1000 ἐν
2294 948 2372 1012 τῷ
2406 947 2571 1017 κοινῷ
2598 949 2828 1016 ταμιείῳ
2866 948 3095 1017 ἐχόντων
3142 948 3239 1015 τὴν
3289 945 3480 1016 ὲνοχὴν

1897 1038 2299 1108 προσδεχθεῖεν,
2329 1040 2498 1110 ὀργὴν
2556 1041 2952 1110 προστριὸἧναι
3006 1043 3118 1103 τοῖς
3164 1038 3236 1109 μὴ
3272 1055 3481 1106 παρευ-

1897 1129 1992 1191 θὺς
2034 1130 2352 1196 δεξαμένοις
2418 1133 2603 1200 τόσην,
2657 1132 2797 1184 ὥστε
2831 1134 2924 1185 καὶ
2977 1133 3096 1195 ἐνὸς
3146 1134 3226 1196 εἰς
3266 1131 3480 1195 Λαζοὺς

1896 1223 2154 1290 φυγόντος
2185 1224 2398 1294 θατέρῳ
2431 1225 2644 1294 πληγὰς
2692 1228 2754 1279 ὲκ
2808 1227 3156 1296 προστάξεως
3209 1223 3480 1277 ἐντεινάν·

1894 1332 2004 1368 των
2055 1316 2326 1385 συμὸἦναι
2378 1317 2455 1387 τῷ
2514 1320 2633 1371 τότε
2694 1319 2918 1390 ἡμερῶν
2949 1318 3144 1386 ὀλίγων
3199 1317 3478 1370 τεθνάναι.

1900 1409 2120 1478 Παρῆγε
2152 1409 2207 1464 δὲ
2245 1413 2339 1464 καὶ
2370 1413 2621 1481 μάρτυρα
2642 1412 2750 1464 τῶν
2784 1412 3092 1482 λεγομένων
3119 1411 3206 1464 τὸν
3238 1411 3359 1464 τότε
3391 1411 3479 1462 λος

1898 1502 2202 1572 γαριαστὴν
2234 1505 2334 1568 τῆς
2379 1504 2551 1573 αὐλῆς
2587 1505 2888 1573 ΓΑγγελον.
2927 1498 3000 1558 Οἵ)
3047 1505 3141 1570 καλ
3196 1503 3478 1571 παρευθὺς

1897 1591 1990 1644 ἐπὶ
2024 1592 2200 1661 τούτῳ
2223 1595 2436 1647 οἴκοθεν
2459 1596 2855 1664 εἰσκληθέντος,
2883 1596 2942 1648 τὸ
2969 1595 3066 1663 μὲν
3095 1594 3360 1648 εἰσελθεῖν
3379 1594 3475 1646 καὶ

1896 1685 2060 1738 αὐτὸν
2091 1686 2264 1738 εἰπεῖν
2304 1687 2404 1740 οὐκ
2440 1688 2697 1758 ἐνεχώρει
2753 1689 3036 1756 γίνεσθαι·
3084 1687 3323 1757 ὀφφικίῳ
3369 1685 3476 1755 γὰρ

1898 1780 2281 1848 τετιμημένων
2306 1780 2418 1834 τῶν
2443 1781 2619 1834 ἄλλων
2641 1781 2966 1851 καθημένων
2990 1781 3193 1833 ἐκεῖνον
3223 1779 3474 1841 ἵστασθαι

202 1865 283 1944 καὶ
318 1868 702 1937 χρυσολογιῶν
737 1871 937 1940 ἐτέρων
961 1874 1297 1940 ἀπελογεῖτο,
1331 1874 1428 1947 τὴν
1456 1878 1644 1945 χρείαν
1830 1851 1868 1904 Β
1898 1870 1998 1924 οὐκ
2025 1865 2267 1924 ἐδικαίου
2293 1875 2321 1924 ὁ
2351 1873 2627 1941 βασιλεὺς,
2657 1873 2983 1936 καθέζεσθαι
3009 1873 3065 1926 δὲ
3091 1873 3252 1925 πάλιν
3280 1872 3476 1925 εἰσιόν-

203 1956 527 2039 βαλλόμενος
573 1960 673 2013 καὶ
708 1961 809 2032 τὴν
860 1964 953 2018 ἐπὶ
995 1968 1105 2029 τοῖς
1152 1971 1350 2031 κοινοῖς
1403 1969 1670 2039 ἀνάγκην,
1719 1971 1795 2032 ὡς

195 2026 339 2102 ᾏῦδὲν
363 2026 480 2104 τῶν
501 2051 741 2106 δεόντων
765 2026 894 2109 ανευ
926 2026 1223 2126 χρημάτων
1282 2026 1530 2128 πεφυκὸς.
1551 2026 1614 2113 ὃν
1651 2026 1794 2130 γενεαί

206 2144 335 2198 σθαι.
376 2144 538 2213 Μηδὲ
570 2146 687 2217 γὰρ
715 2147 880 2212 αὐτὸς
900 2151 1100 2219 χρυσὸν
1129 2153 1347 2224 ἀγαπᾷν
1382 2156 1505 2225 μηδ’
1549 2157 1791 2227 ἄργυρον

206 2235 258 2288 τὺ
285 2237 582 2309 παράπαν,
612 2241 660 2293 εἰ
698 2240 772 2311 μὴ
797 2241 1040 2312 βοηθοῖεν
1070 2245 1283 2315 χρείαις
1330 2250 1452 2310 ταῖς
1493 2249 1632 2315 ὑπὲρ
1654 2265 1660 2270 ’
1683 2251 1792 2303 τῶν

221 2329 519 2400 Ῥωμαίων.
573 2333 716 2404 Παρ’
765 2334 833 2405 ἥν
894 2337 1074 2390 αἰτίαν
1124 2339 1512 2395 ἐκλελοιπότων
1575 2344 1793 2414 χρημά-

209 2439 303 2476 των
330 2427 424 2477 καὶ
454 2425 638 2496 ῥόγας
665 2428 909 2499 συνήθως
957 2430 1234 2501 διδομένας
1287 2435 1785 2505 παρακατέχεσθαι,

213 2605 466 2674 quidquid
499 2607 656 2663 inest
709 2611 972 2665 novitatis
1004 2611 1386 2681 praefestinan
1434 2616 1787 2673 matrimonio

213 2698 456 2767 puellula:
498 2701 778 2772 impubis,
813 2719 912 2773 par
952 2716 1037 2758 est
1073 2706 1378 2761 condonari
1418 2709 1785 2777 principibus,

203 2793 442 2863 qualium
471 2797 758 2851 connubia
817 2797 870 2850 in
912 2797 1016 2852 hoc
1051 2798 1318 2867 privatam
1361 2803 1635 2856 excedunt
1665 2819 1786 2857 sor-

216 2896 336 2950 tem,
381 2889 532 2958 quod
589 2889 899 2944 intervallis
941 2891 1536 2962 observationibusque
1575 2905 1785 2964 tempo-

215 2992 324 3030 rum
357 2980 548 3034 miuus
592 2979 832 3043 addicte,
882 2992 944 3034 ut
997 2981 1180 3047 scitis,
1221 2983 1623 3053 obsequantur.
1665 2985 1788 3051 Quo

218 3067 266 3122 iu
297 3084 494 3137 genere
527 3071 578 3126 si
610 3073 802 3128 liberis
822 3087 1016 3127 eorum
1047 3075 1502 3130 inclinationibus
1517 3078 1782 3142 defertur,

217 3167 264 3213 et
287 3160 459 3216 solum
481 3163 618 3233 quia
635 3164 950 3233 ipsis'lihet,
977 3175 1252 3222 certorum
1281 3169 1556 3223 interdum
1579 3173 1782 3223 rituum

218 3251 378 3323 rigide
410 3270 440 3308 a
489 3257 713 3312 cunctis
763 3258 970 3328 alioqui
1036 3261 1246 3316 caeteris
1302 3262 1444 3331 exigi
1497 3251 1785 3318 solitorum

218 3347 377 3414 gratia
423 3348 538 3403 illis
576 3350 808 3420 egregiae
835 3351 1126 3420 privilegio
1175 3353 1458 3423 dignitatis
1494 3356 1642 3410 nullo
1676 3373 1784 3412 non

219 3435 411 3494 ferente
469 3441 572 3503 ﬁt,
610 3425 836 3511 'quauto
892 3443 956 3498 iis
1003 3455 1133 3498 tunc
1187 3447 1398 3516 mquius
1445 3447 1786 3516 ignoscatur,

220 3533 424 3598 quando
472 3534 864 3591 inmstimahile
887 3537 1240 3592 commodum
1301 3555 1512 3595 secure
1545 3542 1700 3611 pacis
1728 3543 1786 3597 in

221 3621 350 3693 longi
400 3629 778 3682 constantiam
833 3632 1099 3698 temporis
1151 3631 1268 3686 ﬁxae
1311 3635 1545 3703 quadam
1603 3636 1787 3692 minus

223 3716 345 3772 forte
369 3722 579 3776 usitata
619 3724 968 3790 przecocitate
997 3727 1316 3795 nuptiarum
1355 3729 1696 3796 reipublicae,
1731 3733 1783 3786 ni

221 3811 290 3866 sic
321 3813 591 3880 facerent,
628 3817 1049 3883 periclitatur-ae.
1076 3820 1185 3874 imo
1211 3822 1538 3889 gravissime
1571 3823 1788 3878 labora-

221 3911 340 3958 tura:
367 3905 758 3962 redemerim?
787 3907 1142 3964 Redemerint
1165 3922 1373 3977 autem,
1405 3922 1463 3968 ut
1493 3928 1592 3969 nos
1614 3931 1781 3983 nunc,

219 3997 400 4052 acerbo
427 3999 614 4068 pretio
639 3999 821 4069 gravis
861 4001 1440 4070 domesticaedacturze
1489 4018 1542 4062 et
1577 4008 1786 4064 charis-

221 4089 329 4143 slmi
353 4091 556 4161 capitis
590 4091 920 4162 deplorabili
954 4093 1176 4162 longum
1210 4097 1508 4166 impendio.
1533 4097 1640 4154 Sed
1671 4101 1786 4158 lucc

222 4189 387 4236 nostra
419 4185 784 4253 regnantium
818 4199 940 4241 sors
967 4195 1069 4252 est,
1119 4189 1324 4258 quibus
1353 4190 1596 4246 conditio
1632 4194 1786 4261 prin-

222 4265 413 4334 cipatus
455 4271 704 4325 ofﬁcium
741 4287 806 4329 ac
827 4277 1294 4332 necessitudinem
1330 4280 1702 4352 iujungithaec
1727 4291 1784 4338 et

221 4357 357 4423 plura
380 4365 744 4431 quantumvis
772 4381 1086 4423 zerumnosa
1134 4371 1477 4442 molestaque
1503 4391 1602 4443 pro
1630 4391 1782 4430 com-

221 4453 357 4505 muni
390 4454 634 4509 utilitate
662 4457 964 4513 subeundi.
993 4458 1247 4515 Peroravi
1271 4465 1538 4519 hactenus
1565 4466 1776 4521 Serhici

1897 1981 1966 2018 τα
1995 1966 2364 2034 παρακαίριον
2393 1965 2560 2030 εδοξε.
2609 1967 2699 2020 Διὸ
2728 1966 2792 2036 δὴ
2825 1970 2920 2022 καί
2942 1983 3003 2033 γε
3057 1967 3134 2034 τῷ
3171 1966 3478 2034 συγγραφεῖ

1896 2053 2002 2106 τῶν
2042 2053 2319 2119 τοιούτων,
2348 2056 2439 2109 καὶ
2464 2056 2700 2127 δευτέρῳ
2731 2056 2839 2110 τῶν
2879 2059 2942 2110 ὲκ
2975 2057 3068 2111 τοῦ
3121 2057 3325 2125 κλήρου
3381 2054 3478 2108 καὶ

1896 2145 2049 2215 αὐτῷ
2097 2146 2337 2216 τιμίων.
2401 2150 2554 2218 παρὰ
2603 2150 2862 2220 βασιλέως
2913 2150 3115 2218 ὥριστο
3160 2147 3477 2214 ἐξελθόντας

1895 2239 2105 2309 ἐρωτᾷν
2134 2240 2227 2292 καὶ
2259 2239 2625 2294 πυνθάνεσθαι
2654 2243 2841 2296 τούτου
2878 2244 3006 2312 περὶ
3049 2235 3124 2295 ὧν
3163 2243 3192 2295 ὁ
3219 2239 3474 2310 βασιλεὺς

1895 2329 2068 2395 ἔλεγε.
2105 2333 2212 2385 Καὶ
2249 2333 2435 2401 γέγονε
2463 2335 2655 2398 ταῦτα,
2695 2336 2791 2388 καὶ
2829 2337 3193 2406 ἐμαρτυρεῖτο
3231 2336 3290 2386 τὸ
3319 2332 3475 2401 λεγό-

1878 2441 2058 2496 μενον
2092 2419 2175 2495 [Ρ.
2209 2424 2337 2498 εοι]
2375 2426 2591 2496 ἀληθὲς,
2621 2429 2782 2482 πλέον
2817 2428 3066 2491 εἰπόντος
3116 2427 3326 2482 ἐκείνου
3379 2425 3476 2481 καὶ

1894 2603 2209 2659 communis
2243 2602 2500 2658 utilitatis
2528 2602 2924 2672 expendenda.
2952 2603 3231 2673 Ejusmodi
3267 2603 3470 2674 quippe

1895 2695 2242 2763 negotiorum
2286 2709 2406 2748 eam
2460 2709 2584 2748 esse
2635 2703 2893 2748 naturaut
2939 2703 2998 2748 ut
3042 2695 3160 2750 sine
3219 2709 3478 2749 nummo-

1891 2803 2011 2840 rum
2041 2788 2322 2854 impendio
2355 2788 2552 2842 conﬁci
2595 2798 2870 2858 nequeant
2902 2805 2916 2843 :
2962 2789 3126 2860 296
3158 2804 3216 2845 se
3249 2803 3348 2844 nec
3375 2804 3474 2843 au-

1893 2895 2013 2932 rum
2045 2879 2205 2949 plane
2258 2895 2445 2935 amare
2501 2895 2602 2935 nec
2663 2890 2975 2950 argentum,
3026 2882 3135 2936 nisi
3202 2890 3477 2950 quatenus

1888 2970 2146 3040 iuvandae
2181 2971 2498 3040 reipublitm
2529 2973 2636 3026 vim
2662 2973 2900 3026 habeant
2931 2973 3266 3042 expedienda
3296 2973 3472 3027 facul-

1894 3072 2007 3116 tate
2034 3063 2360 3120 salutarium
2411 3065 2629 3133 publice
2662 3066 3048 3120 consiliorum.
3096 3067 3309 3122 Justum
3347 3067 3470 3121 auri

1895 3171 2066 3210 usum
2087 3170 2145 3209 se
2169 3155 2413 3210 carendo
2449 3157 2596 3211 tristi
2635 3156 2727 3211 diu
2771 3159 3113 3226 experientia
3182 3157 3468 3227 probasse,

1890 3248 2216 3317 jampridem
2249 3260 2496 3304 coactum
2525 3250 2820 3318 pensiones
2847 3250 3116 3306 ministris
3150 3251 3468 3319 reipublicat

1892 3341 2024 3396 odim
2054 3342 2312 3398 decretas
2341 3350 2398 3398 et
2427 3358 2490 3396 ex
2519 3344 2681 3411 longo
2711 3343 2846 3396 solvi
2884 3358 3092 3398 summa
3130 3344 3233 3398 ﬁde
3272 3343 3468 3398 solitas
3549 3359 3552 3362 '

1891 3435 2324 3504 dctiuere;quae
2381 3435 2495 3504 ipsa
2551 3435 2908 3491 odiosissima
2963 3437 3306 3506 parcimonia
3339 3453 3466 3492 cum

1891 3544 2000 3582 non
2043 3529 2287 3584 sufﬁciat
2335 3530 2696 3598 expediendis
2731 3532 2934 3603 quibus
2986 3541 3162 3586 status
3211 3541 3264 3584 et
3316 3531 3466 3583 salus

1891 3620 2110 3690 imperii
2155 3633 2372 3675 ematur
2402 3622 2735 3692 sumptibus,
2792 3622 3031 3690 aliquam
3087 3625 3272 3690 utique
3312 3623 3468 3674 inve-

1889 3716 2146 3771 niendam
2183 3718 2549 3774 extundendze
2601 3719 2969 3785 undecunque
3003 3720 3252 3788 pecunim
3294 3718 3467 3772 ratio-

1887 3822 2040 3862 nem.
2067 3809 2241 3873 Quam
2276 3817 2459 3863 autem
2491 3809 2634 3864 hanc
2670 3810 2832 3868 aliam
2873 3825 2900 3864 a
2954 3810 3248 3864 collatione
3278 3811 3467 3864 subdi-

1887 3911 2067 3955 torum
2101 3901 2445 3957 comminiscl
2493 3901 2620 3971 quis
2663 3901 2874 3955 valeat?
2911 3919 2929 3952 ι
2967 3899 3071 3955 Sed
3115 3917 3466 3956 commovea-

1885 4011 2147 4064 mus,age
2178 4011 2333 4060 sane,
2369 3997 2625 4064 subjecit,
2660 3996 3113 4064 disputationem,
3142 4006 3350 4050 retorto
3387 3996 3456 4050 ad

1887 4088 2206 4142 memoriam
2245 4087 2658 4155 principatuum
2712 4097 2858 4140 rctro
2909 4087 3186 4157 lapsorum
3218 4105 3245 4142 a
3282 4091 3460 4144 nostri

1884 4179 2137 4234 hodierni
2167 4181 2503 4248 experientia
2535 4179 2735 4234 mentis
2777 4180 3000 4234 intuitu.
3048 4199 3066 4232 ι
3126 4180 3345 4236 lnduxit
3376 4184 3464 4238 hic

1885 4273 2253 4342 imperatores
2304 4272 2588 4340 antiquos,
2651 4281 2706 4326 et
2754 4271 2994 4326 maxime
3034 4270 3329 4338 Joannem,
3365 4274 3463 4328 de-

1882 4372 2204 4419 monstrans
2237 4371 2506 4432 quautum
2541 4363 2670 4418 huic
2719 4363 2961 4418 studium
3023 4363 3184 4418 fuerit
3217 4368 3461 4434 pecunia:

1885 4453 2314 4524 congreganda,
2345 4468 2413 4508 co
2457 4452 2676 4522 quidem
2721 4470 2898 4522 usque
2945 4464 3006 4508 ut
3041 4455 3220 4510 delata
3251 4457 3301 4510 ei
3355 4457 3461 4509 ali-

221 4536 426 4599 hederis
474 4559 727 4610 causam,
772 4557 828 4602 et
869 4548 1005 4618 quid
1061 4552 1114 4604 in
1155 4567 1223 4606 eo
1283 4568 1494 4624 curque
1545 4555 1773 4610 fecerim
1805 4555 1856 4612 D
1885 4547 2106 4615 quando
2167 4546 2387 4613 querela
2448 4561 2544 4614 per
2582 4545 2849 4614 quosdam
2893 4546 3318 4600 convelteutium
3359 4564 3453 4616 pe-

222 4639 454 4704 exposui,
490 4640 692 4694 vestris
743 4642 811 4694 de
854 4642 1070 4713 integro
1119 4647 1416 4702 sententiis
1451 4649 1778 4714 permittens

223 4725 334 4788 qttid
373 4743 522 4782 nunc
553 4729 703 4783 circa
738 4729 843 4784 hoc
873 4745 903 4784 a
936 4746 1022 4785 me
1059 4731 1179 4787 ﬁeri
1212 4735 1416 4798 velitis,
1450 4748 1676 4804 paratus
1708 4739 1776 4792 ad

226 4823 395 4870 nutum
432 4829 674 4874 vestrum
709 4823 1004 4878 emendare
1036 4839 1098 4878 ac
1125 4825 1307 4893 quoad
1347 4835 1543 4896 potero
1581 4829 1779 4884 refrin-

225 4919 354 4974 gere,
378 4912 424 4965 si
447 4911 588 4979 quid
635 4912 710 4965 ibi
755 4915 1191 4979 reprehensihile
1224 4917 1534 4973 rationibus
1560 4920 1776 4976 idoneis

226 5003 666 5058 moustraveritis.
698 5003 843 5058 Nihil
877 5007 1209 5076 excipimus,
1241 5011 1475 5080 prompti
1501 5013 1567 5064 ad
1591 5014 1775 5068 omnia

225 5087 323 5143 sine
345 5094 454 5145 ullo
483 5094 822 5162 privatarum
844 5096 1315 5154 necessitudinum
1354 5109 1446 5153 aut
1480 5101 1774 5156 aﬂectuum

226 5194 458 5252 respectu
525 5205 540 5242 :
604 5187 902 5257 imperanti
964 5190 1111 5243 enim
1169 5191 1309 5245 alios
1345 5203 1602 5260 parentes
1653 5209 1775 5248 esse

227 5286 365 5341 quam
399 5279 569 5350 leges,
597 5279 740 5335 ﬁlios
770 5272 916 5336 alios
950 5297 1115 5351 quam
1152 5283 1430 5340 Romanos
1464 5288 1772 5350 universos,

227 5371 453 5434 equidem
481 5388 590 5427 non
615 5382 772 5443 puto.
826 5394 844 5425 ι
873 5373 1001 5430 Haec
1041 5375 1260 5431 locutus
1309 5377 1610 5445 imperator
1648 5394 1775 5448 pro-

229 5453 398 5514 habilia
453 5463 661 5518 dixisse
704 5464 858 5519 visus
891 5474 993 5530 est,
1053 5473 1108 5520 et
1165 5467 1462 5521 multorum
1502 5469 1554 5522 in
1615 5485 1770 5523 suam

228 5555 525 5608 sententiam
558 5567 848 5610 assensum
884 5561 1073 5612 traxit.
1102 5557 1264 5613 Aliud
1298 5561 1666 5616 accusationis
1686 5562 1771 5616 sui

227 5653 365 5709 caput
389 5645 454 5700 de
486 5648 603 5701 sale
633 5663 700 5702 ac
737 5647 886 5704 ferro
925 5651 1162 5721 aliisque
1217 5653 1348 5706 auri.
1384 5655 1771 5709 exactionibus

228 5731 398 5792 deinde
449 5742 728 5810 purgavit,
779 5743 959 5797 terat-ii
1021 5752 1322 5814 egestatem
1381 5746 1684 5802 obtendens
1718 5757 1772 5802 et

229 5823 609 5889 incluctabilem
644 5834 1032 5894 necessitatem
1058 5837 1280 5907 grandis
1309 5839 1554 5908 pecunia:
1589 5840 1641 5893 iu
1682 5853 1769 5895 res

1460 6023 1492 6074 \

1882 4640 2100 4692 cuniam
2139 4637 2416 4706 publicam
2447 4640 2512 4692 de
2538 4637 2871 4706 negligentia
2913 4638 3204 4692 custodum
3249 4641 3454 4706 aerarii,

1880 4732 2130 4799 accipere
2158 4729 2344 4784 sta-tim
2399 4744 2521 4784 eam
2553 4739 2606 4784 et
2639 4729 2786 4783 intro
2845 4732 3143 4785 recondere
3192 4731 3451 4786 αἰσία-οη-

1881 4821 2043 4885 tium,
2078 4827 2228 4873 tanta
2269 4820 2348 4873 ira
2393 4817 2668 4874 ex‘arserit
2729 4821 2783 4875 in
2817 4821 3102 4876 ministros
3139 4823 3278 4877 duos
3325 4825 3452 4878 talis

1882 4912 2246 4982 indiligentiae
2273 4923 2609 4981 compertos,
2636 4921 2694 4966 ut
2716 4927 2906 4968 eorum
2945 4913 3119 4967 altero
3155 4925 3298 4969 metu
3330 4933 3461 4986 sup-

1882 5006 2051 5075 plicii,
2089 5005 2154 5057 ad
2197 5004 2370 5060 Lazos
2408 5005 2529 5084 fuga
2593 5004 2798 5068 delato,
2841 5008 3282 5076 comprehensus
3313 5010 3452 5066 alter

1883 5105 1962 5150 tot
1988 5105 2212 5164 tamque
2235 5095 2494 5166 grawhus
2524 5093 2685 5163 jussu
2725 5096 2953 5166 Augusti
2988 5100 3247 5153 concisus
3279 5099 3454 5167 plagis

1879 5188 2065 5252 fuerit,
2096 5203 2218 5256 quae
2264 5189 2624 5244 verisimilem
2665 5191 2980 5258 opinionem
3016 5194 3314 5246 multorum
3363 5192 3445 5248 fe-

1877 5281 2053 5334 ceriut
2076 5280 2200 5347 ejus
2238 5278 2448 5334 obitum
2483 5281 2673 5348 paucis
2697 5282 2892 5336 dit-bus
2919 5293 3040 5351 post
3071 5292 3318 5336 secutum
3351 5282 3441 5336 isti

1878 5373 2228 5443 ﬁagellatioui
2295 5374 2678 5428 tribuentium.
2738 5376 2835 5430 ltci
2903 5377 2983 5429 sic
3046 5386 3211 5444 gestae
3253 5383 3451 5430 testem

1879 5464 2108 5534 protulit
2149 5473 2280 5518 tunc
2315 5465 2663 5534 logariastem
2727 5468 2865 5522 aula:
2912 5467 3206 5537 Angelum,
3239 5482 3346 5536 quo
3376 5464 3448 5521 ad

1877 5559 1980 5612 hoc
2005 5559 2184 5627 ipsum
2215 5558 2580 5626 proﬁtendum
2617 5562 2805 5616 statim
2856 5561 3019 5616 domo
3074 5561 3276 5622 accito,
3320 5576 3444 5616 cum

1874 5652 2120 5718 quttedam
2154 5652 2402 5708 obstaret
2423 5653 2862 5709 inconvenientia
2890 5671 2957 5709 ne
2987 5656 3031 5709 is
3067 5656 3209 5709 intro
3239 5654 3447 5708 admis-

1875 5759 1969 5799 sus
2007 5761 2190 5798 coram
2223 5754 2369 5801 caatu
2401 5757 2689 5816 apparet-et
2736 5751 3015 5817 (quoniam
3055 5750 3180 5801 hinc
3221 5748 3442 5817 quidem

1874 5837 2051 5892 virum
2083 5837 2254 5896 ofﬁcii
2291 5840 2497 5896 honore
2523 5839 2845 5896 decoratum
2897 5851 3054 5896 stare
3101 5841 3221 5895 aliis
3256 5841 3444 5896 consi-
