3862 6560
432 313 534 374 ΒΞἸ

1622 323 1950 384 GEORGII
1988 327 2470 386 PACHYMERE
3588 339 3682 392 3'28

428 429 523 482 τὸν
548 425 657 481 τῶν
679 429 902 501 ἡμερῶν
940 431 1170 503 ἀριθμὸν
1205 431 1298 485 καί
1326 448 1387 498 γε
1411 431 1509 502 τὴν
1528 433 1622 507 τού
1652 434 1885 490 θανάτου
1919 437 2006 488 νό-
2040 442 2076 493 Α
2108 441 2208 509 τῆς
2263 442 2433 512 τιμῆς
2489 442 2731 514 ἔχεσθαι.
2796 443 2961 498 Ταῦτ’
3013 441 3105 498 οὖν
3164 446 3368 509 ἐκεῖνος
3448 448 3682 518 λιπαρῶς

429 533 523 573 σον
562 521 642 592 τῷ
678 522 1056 594 τελευτήσαντι
1090 540 1104 554 ο
1157 525 1429 597 τέσσαρας
1492 527 1599 598 γὰρ
1655 530 1867 599 ἡμέρας
1916 531 2011 583 καὶ

427 612 754 686 αῑμόρῤοιαν
786 616 1166 687 ὲπισυμὸᾶσαν
1195 616 1274 687 τῷ
1306 619 1552 690 αἰκισμῷ
1590 618 1689 688 τὴν
1721 620 1815 674 τοῦ
1848 622 2009 675 θανά-

426 719 522 758 του
545 707 722 760 αἰτίαν
751 709 1216 780 προσεμαρτύρει.
1247 702 1391 764 Ἧκε
1440 712 1486 766 δ’
1509 714 1536 766 ὁ
1567 713 1725 784 λόγος
1768 717 1861 770 καί⁵
1902 715 2012 768 τῶν

434 799 562 866 περὶ
587 800 694 852 τῶν
720 801 1029 870 ἀναφορῶν,
1059 802 1153 855 καὶ
1183 803 1303 872 μεθ’
1335 805 1417 857 ὅτι
1450 804 1677 859 πλείστα
1698 807 1762 877 δὴ
1790 807 1860 860 τά
1889 808 2012 879 λεχ-

428 885 612 953 θέντα,
637 889 722 956 ἐφ’
754 887 836 952 οἷς
869 891 897 943 δ
919 890 1217 958 βασιλεύων
1239 894 1450 948 ἐδείκνυ
1478 898 1539 950 τὸ
1578 897 1714 968 πρὸς
1762 899 1852 952 τδν
1901 917 2007 953 πα-

426 995 697 1050 τριαρχην
747 985 1169 1056 συγκεχωρηκὸς
1225 988 1311 1056 ἐφ’
1356 986 1528 1041 ἅπασι
1587 990 1771 1060 σχεδὸν
1816 991 1849 1062 ἢ
1899 995 2010 1055 τοῖς

431 1071 726 1138 πλείστοις,
757 1073 932 1146 διῄρει
969 1077 1035 1130 τά
1061 1081 1604 1151 προσαναφερόμενα,
1631 1082 1725 1136 καὶ
1747 1085 1883 1137 ἄλλα
1910 1091 2010 1156 μὲν

429 1163 596 1218 ἐτίθει
630 1166 696 1219 τά
722 1169 841 1220 κατ’
875 1170 1125 1240 ἀνάγκην
1153 1173 1508 1244 προκείμενα,
1537 1174 1573 1230 ἃ.
1608 1176 1730 1248 μηδ’
1762 1175 1901 1231 εἶναι
1925 1179 2007 1232 δίο

430 1273 588 1309 καιον
617 1260 968 1329 παρορᾶσθαι
993 1262 1081 1315 διὰ
1099 1262 1201 1334 τὴν
1226 1267 1367 1318 κατὰ
1387 1265 1448 1319 τὸ
1476 1266 1686 1321 δίκαιον
1705 1268 2005 1336 δυσωπίαν,

426 1348 563 1403 ἄλλα
583 1350 640 1404 δέ
671 1369 734 1419 γε
758 1353 826 1406 τὰ
858 1355 999 1408 κατὰ
1024 1356 1184 1427 χάριν
1226 1361 1618 1432 προτεινόμενα
1639 1361 1720 1426 είς
1749 1380 1812 1432 γε
1829 1363 2005 1430 λύσιν,

425 1441 511 1511 ἐφ’
535 1440 615 1506 οἷς
635 1445 728 1497 καὶ
760 1446 1125 1512 ὑπακούοντος
1154 1451 1252 1520 μὲν
1285 1452 1446 1522 χάριν
1465 1449 1605 1508 εἶναι
1629 1456 1700 1518 οἱ,
1741 1455 1814 1527 μὴ
1837 1474 2006 1511 κατα-

425 1533 672 1599 νεύοντος
696 1537 752 1590 δὲ
780 1538 858 1610 μὴ
891 1540 1065 1594 δοκεῖν
1102 1542 1327 1608 δικαίως
1348 1546 1537 1599 λυπεῖν
1561 1548 1651 1603 τὸν
1691 1549 2006 1620 ἀποτυγχά-

425 1644 607 1682 νοντα.
626 1630 924 1684 Συνάπτειν
936 1632 991 1685 δὲ
1004 1633 1173 1688 ταῦτα
1189 1637 1552 1708 πατριάρχην,
1575 1641 1664 1692 καὶ
1682 1640 1738 1692 ἐν
1755 1641 2005 1712 ἡγεῖσθαι

425 1722 494 1772 τὰ
525 1723 726 1792 τρόπον
757 1724 1070 1795 ὁρισμάτων
1099 1727 1304 1782 Μυσῶν
1322 1731 1415 1782 καὶ
1444 1732 1635 1786 Λυδῶν
1662 1734 2002 1804 διιστάμενα,

428 1813 524 1864 καὶ
564 1812 648 1864 διὰ
671 1813 828 1867 τοῦτο
847 1815 1132 1868 λυπεῖσθαι
1153 1817 1200 1869 εί
1237 1816 1294 1870 ἐν
1319 1834 1462 1872 τισιν
1495 1821 1894 1889 άσυγκάταινος
1918 1824 2003 1893 εἴη

421 1905 449 1957 ὁ
476 1903 726 1973 βασιλεὺς
757 1906 857 1958 οὐκ
895 1906 1040 1976 ἔχειν
1083 1908 1144 1961 τὸ
1189 1907 1412 1978 εῦλογον
1465 1911 1794 1982 ίσχυρίζετο.
1854 1914 2006 1978 Τέως

419 1993 478 2048 δὲ
506 1996 600 2046 καὶ
631 1995 1032 2067 καθυπόσχεσιν
1064 1999 1366 2068 ἐπενέγκας
1398 2001 1472 2066 ὡς
1531 2002 1777 2072 εὐμενῶς
1827 2005 2007 2060 ἐντεῦ-

420 2088 513 2137 θεν
540 2087 634 2140 καὶ
687 2088 939 2142 ἀκούοιτο
969 2090 1064 2144 καὶ
1118 2092 1482 2163 συμπράξειε,
1540 2093 1778 2150 διαλύειν
1814 2114 1874 2150 τε
1904 2097 2005 2169 τὴν

419 2175 597 2248 λύπην
635 2179 786 2250 ἠξίου
829 2183 925 2235 καὶ
974 2183 1341 2255 μικροψυχίας
1391 2189 1573 2252 πάσης
1619 2189 2004 2262 ἀπαλλαγέντα

419 2360 851 2419 deutibusbaud
905 2380 1128 2435 aequum
1185 2367 1453 2423 censebat
1508 2369 1834 2441 imperator,
1874 2389 2000 2428 rur-

419 2472 516 2510 sus
553 2465 734 2511 autem
776 2460 966 2514 sedere
1001 2461 1071 2516 ibi
1101 2477 1226 2516 eum
1286 2463 1381 2532 qui
1414 2477 1524 2518 non
1556 2463 1622 2517 ad
1658 2467 1998 2522 censendum

415 2551 483 2603 de
520 2551 754 2620 negotiis
785 2553 1109 2622 prepositis,
1134 2554 1230 2608 sed
1262 2555 1331 2609 ad
1362 2555 1545 2610 brevis
1591 2561 1846 2627 responsi
1879 2571 1999 2615 sta-

415 2644 511 2696 tim
547 2645 947 2713 expediendam
991 2647 1365 2704 redditionem
1416 2660 1732 2717 vocaretur,
1790 2653 1992 2708 intem-

414 2737 688 2807 pestivum
752 2737 1064 2810 videbatur)
1115 2740 1361 2811 scriptor
1416 2741 1581 2812 hujus
1634 2743 1882 2800 historiae
1945 2754 1998 2800 et

414 2829 559 2882 alius
592 2844 624 2883 e
654 2830 827 2895 clero,
861 2839 916 2884 et
955 2832 1073 2903 ipse
1107 2833 1271 2904 297
1305 2835 1373 2890 ab
1403 2834 1656 2904 Augusto
1688 2837 1866 2906 magni
1901 2837 2000 2891 ba-

414 2919 583 2981 bitus,
614 2920 757 2988 jussi
791 2921 862 2975 ab
889 2937 953 2976 eo
985 2932 1115 2978 sunt
1147 2923 1332 2993 egredi
1372 2934 1427 2980 et
1457 2924 1594 2982 foris
1650 2926 1996 2995 interrogare

415 3011 766 3079 logariastem
797 3012 866 3068 de
912 3014 980 3068 iis
1007 3030 1130 3083 quas
1157 3015 1372 3073 dixerat
1415 3017 1735 3087 imperator.
1769 3017 1993 3074 Factum

2116 532 2292 601 ὴξίου,
2357 535 2452 588 καὶ
2501 536 2628 598 τοὺς
2686 536 2877 600 ἄλλους
2918 531 3030 608 εἶχε
3076 535 3459 601 ξυναξιοῦντάς
3509 553 3568 590 τε
3597 539 3683 592 καὶ

2115 625 2542 694 συμπείθοντας.
2584 629 2891 684 Κάντεῦοεν
2936 630 2964 684 δ
2991 630 3218 700 γηραιὸς
3255 631 3461 694 ἐκεῖνος
3523 629 3683 700 μαλα-

2115 715 2324 780 κισθεὶς
2352 713 2440 790 (ἦν
2461 720 2572 789 γάρ
2603 722 2723 783 ταῖς
2760 720 3040 791 ἀληθείαις
3074 722 3169 775 καὶ
3197 721 3294 792 τὴν
3345 721 3575 792 γνώμην
3603 721 3684 775 εύ-

2111 805 2343 879 ἐνδοτος)
2369 850 2384 876 ,
2429 811 2825 882 παροτρυνθεὶς
2875 814 2958 876 είς
3007 812 3162 866 τοῦτο
3225 814 3320 868 καὶ
3372 811 3526 884 παρά
3582 813 3681 867 τῶν

2115 901 2264 955 ίδίων
2291 902 2603 969 κατανεύει,
2643 906 2738 959 καὶ
2773 905 2985 976 βασιλεῖ
3009 905 3250 973 ἀξιοῦντι
3293 907 3562 970 πείθεται,
3596 907 3682 961 καὶ

2112 997 2566 1070 καθυπισχνείται
2609 1001 2808 1056 αὐτίκα
2838 1004 2955 1056 ἐκεῖ
2984 1003 3145 1074 μόνον
3169 1001 3428 1071 μείναντα
3469 999 3562 1053 ὑπ’
3593 1000 3683 1053 σύ-

2110 1091 2214 1160 γάς
2241 1092 2342 1156 τὰς
2370 1093 2594 1163 πρώτας
2629 1096 2692 1150 τὸ
2742 1098 3130 1168 πατριαρχεῐον
3178 1093 3528 1148 καταλαϐεῖν.
3589 1091 3681 1145 [ἑ-

2110 1201 2234 1253 γονε
2263 1186 2443 1253 τοῦτο,
2477 1188 2570 1243 καὶ
2595 1189 2629 1258 ἡ
2653 1191 2754 1260 τῆς
2790 1187 3152 1260 ’Υπαπαντῆς
3176 1187 3338 1258 ἑορτὴ
3370 1187 3463 1241 τὸν
3495 1201 3681 1256 πατρι-

2110 1276 2285 1348 άρχην
2304 1279 2397 1333 ἐπὶ
2419 1279 2518 1350 τῆς
2547 1281 2843 1353 ἐκκλησίας
2870 1284 2992 1354 ὁρᾷ.

2244 1465 2296 1512 t'.
2327 1458 2468 1530 Περὶ
2497 1457 2617 1516 τῶν
2638 1461 2788 1517 κατὰ
2813 1461 2922 1517 τὸν
2957 1461 3210 1532 Ἐφέσου
3253 1461 3559 1532 Ἰωάννην.

2192 1639 2333 1694 Ἀλλ’
2364 1642 2464 1695 οὐκ
2493 1636 2562 1713 ἦν
2590 1643 2683 1695 καλ⁵
2706 1642 2928 1706 ἐσαῦθις
2972 1642 3064 1694 τὸν
3111 1642 3204 1698 τοῦ
3250 1644 3503 1716 Τελχῖνος
3559 1647 3683 1716 ἡρε-

2112 1731 2232 1798 μεῖν
2262 1729 2477 1798 φθόνον,
2509 1729 2593 1802 [Ρ.
2623 1730 2750 1804 205]
2785 1732 2899 1784 ἀλλ’
2923 1731 3084 1804 ἔαρος
3122 1734 3407 1798 ἐνστάντος
3437 1735 3681 1790 ἐντεῦθεν

2109 1822 2201 1874 καὶ
2235 1821 2344 1875 τῶν
2375 1823 2692 1894 πασχαλίων
2715 1824 3039 1878 διελθουσῶν
3083 1825 3111 1875 ὁ
3146 1826 3273 1896 περὶ
3306 1825 3402 1879 τοῦ
3457 1825 3678 1896 Ἐφέσου

2120 1911 2367 1966 Ἰωάννου
2401 1914 2558 1982 λόγος
2595 1917 2851 1970 κινεῖται.
2904 1917 3016 1970 Καὶ
3047 1915 3300 1984 βασιλεὺς
3356 1921 3456 1990 μὲν
3523 1921 3681 1986 αὐτὸς

2105 2002 2382 2073 ὁμολογῶν
2417 2006 2497 2069 εἰς
2543 2006 2705 2060 αὐτὸν
2743 2009 3033 2079 ἁμαρτεῖν,
3083 2039 3155 2050 -
3201 2011 3335 2081 μηδὲ
3389 2012 3496 2082 γὰρ
3547 2008 3679 2068 εἶναι

2106 2094 2266 2149 ἄλλον
2294 2095 2387 2148 τὸν
2415 2095 2840 2169 καθαιρήσοντα,
2873 2099 3006 2153 ἀλλὰ
3043 2099 3202 2172 μόνον
3224 2102 3286 2154 τὸ
3308 2103 3571 2173 σφέτερον
3596 2105 3682 2159 θέ-

2105 2186 2256 2258 λημα
2285 2187 2374 2243 διὰ
2402 2188 2460 2241 τδ
2492 2190 2583 2242 ἐπὶ
2613 2190 2706 2244 τοῦ
2731 2191 3029 2262 Γρηγορίου
3081 2193 3399 2261 σκάνδαλον,
3442 2196 3519 2267 μὴ
3572 2199 3681 2262 τοῖς

2104 2383 2264 2439 aequo
2306 2370 2414 2427 sibi
2450 2385 2713 2444 arrogare
2744 2375 2950 2446 ipsum,
3002 2394 3066 2436 ac
3130 2381 3269 2436 ultra
3310 2397 3474 2454 quam
3529 2393 3677 2440 recta

2103 2463 2246 2516 ratio
2274 2463 2481 2521 sineret
2510 2469 2819 2537 appetendo
2846 2471 3094 2539 provehi,
3125 2472 3420 2529 afﬁrmavit
3457 2476 3676 2532 Andro-

2105 2556 2266 2614 nicus
2298 2567 2354 2614 et
2387 2561 2578 2617 multis
2621 2562 2877 2620 evincere
2922 2567 3232 2622 contendit.
3267 2567 3573 2639 Subjunxit
3602 2571 3680 2625 ui-

2105 2653 2410 2709 hilominus
2472 2657 2898 2726 promissionem
2947 2653 3217 2716 facilioris
3282 2665 3336 2718 in
3390 2676 3676 2734 posterum

2101 2750 2530 2816 exorabilitatis,
2563 2752 2864 2811 ostendens
2897 2755 3058 2825 plane
3103 2755 3208 2812 sibi
3239 2772 3361 2812 esse
3393 2759 3674 2813 decretum

2100 2849 2156 2896 et
2189 2843 2421 2913 benigne
2471 2844 2664 2900 audire
2719 2848 3092 2914 patriarcbam
3147 2849 3367 2920 quoties
3413 2851 3677 2921 deinceps

2097 2937 2267 3010 298
2294 2952 2354 2994 se
2414 2938 2610 3005 adiret,
2640 2949 2696 2996 et
2741 2941 2792 2995 ei
2839 2943 3141 3012 gratiﬁcari
3201 2944 3499 3001 efﬁciendo
3560 2961 3677 3016 qua

2102 3032 2284 3087 vellet.
2314 3029 2551 3088 Tantum
2566 3035 2765 3099 oravit,
2791 3045 2849 3091 ut
2875 3036 3053 3090 laxata
3078 3038 3462 3094 contractione
3477 3040 3675 3106 animi,

415 3101 465 3156 id
501 3111 616 3165 est;
651 3113 704 3156 et
731 3102 1056 3173 logariastes
1111 3121 1214 3161 suo
1241 3107 1559 3162 testimonio
1585 3108 1796 3178 prolixe
1834 3109 1993 3164 ﬁdem

2101 3131 2153 3179 et
2185 3128 2334 3180 omni
2363 3129 2683 3198 agrimonia
2710 3129 3124 3200 suspiciosaque
3152 3133 3377 3188 tristitia
3400 3133 3672 3203 deposita,

411 3195 648 3248 astruxit
697 3195 930 3250 sincerae
979 3195 1233 3253 veritatis
1285 3198 1540 3270 allegatis
1605 3201 1676 3255 ab
1705 3201 1988 3272 Augusto:

409 3300 722 3356 exsequens
749 3287 915 3342 etiam
945 3287 1398 3346 circumstantias
1441 3292 1656 3348 numeri
1699 3293 1912 3349 dierum
1937 3302 1991 3351 et

411 3379 586 3433 morbi
618 3394 682 3434 ac
716 3382 860 3436 modi
906 3383 1101 3437 mortis
1143 3383 1266 3452 ejus
1320 3385 1414 3454 qui
1444 3385 1526 3440 sic
1563 3385 1773 3443 obiisse
1807 3389 1992 3444 dictus

405 3481 596 3539 esset,
630 3474 784 3529 aiens
834 3474 1087 3530 videlicet
1126 3484 1327 3546 quarto
1363 3479 1452 3532 die
1487 3489 1776 3550 postquam
1819 3497 1993 3552 vapu-

405 3565 616 3619 laverat
647 3565 797 3624 hunc
838 3568 1049 3625 elllasse
1089 3569 1354 3636 animam,
1388 3586 1490 3626 nec
1521 3571 1684 3627 aliam
1732 3573 1783 3629 ei
1819 3574 1991 3631 fuisse

408 3659 598 3712 mortis
641 3675 864 3715 causam
905 3676 1068 3731 quam
1090 3661 1294 3716 ﬂuxum
1321 3665 1609 3732 sanguinis
1646 3679 1676 3720 ο
1706 3667 1989 3738 plagarum

408 3747 718 3804 inﬁietione
748 3762 1023 3808 secutum.
1061 3751 1202 3808 Hinc
1239 3755 1352 3825 jam
1395 3754 1464 3809 ad
1500 3756 1722 3812 tertiam
1755 3761 1991 3828 patriar-

407 3843 522 3896 chae
546 3843 614 3897 de
649 3846 982 3914 imperatore
1013 3847 1296 3915 querelam
1336 3848 1718 3919 neglectarum
1759 3866 1985 3906 suarum

407 3955 506 4008 pro
533 3941 825 3997 clientibus
865 3957 1091 4010 precum
1148 3945 1418 4013 processit
1471 3947 1670 4000 oratio.
1713 3946 1790 4001 ibi
1832 3959 1979 4017 post-

403 4049 568 4104 quam
604 4034 910 4103 imperator
946 4035 1129 4090 verbis
1161 4037 1413 4105 plurimis
1469 4040 1712 4093 ostendit
1744 4055 1984 4111 propen-

404 4125 689 4180 sis-simam
720 4140 874 4179 suam
916 4138 1025 4179 non
1057 4126 1109 4178 in
1148 4125 1424 4195 plerisque
1458 4127 1662 4193 solum,
1706 4130 1800 4183 sed
1825 4131 1988 4200 plane

406 4216 461 4271 in
509 4218 771 4272 omnibus
822 4231 951 4286 erga
999 4217 1368 4286 patriarcbam
1405 4219 1828 4291 indulgentiam,
1862 4224 1981 4281 dis-

404 4309 569 4364 tinxit
624 4325 826 4379 genera
873 4311 1337 4380 supplicationum
1364 4327 1484 4380 quae
1511 4315 1615 4368 sibi
1647 4313 1826 4371 offerri
1855 4332 1987 4372 con-

407 4403 664 4470 tingeret.
734 4402 888 4457 Alias
955 4403 1104 4456 enim
1153 4404 1540 4460 necessitatem
1587 4405 1797 4464 habere
1838 4410 1979 4478 juris

407 4494 608 4560 stricti,
653 4502 708 4548 et
738 4509 802 4549 ea
854 4508 1083 4564 poscere
1124 4509 1247 4563 quae
1295 4495 1416 4550 sine
1470 4495 1742 4566 injustitia
1794 4504 1977 4570 negari

408 4587 552 4642 haud
590 4593 841 4657 possent.
877 4586 989 4640 Has
1041 4600 1067 4638 a
1099 4601 1158 4641 se
1211 4586 1413 4657 negligi
1465 4587 1625 4644 nefas
1673 4606 1796 4646 esse
1836 4592 1980 4647 ultro

406 4681 660 4736 conﬁteri
695 4690 923 4750 prapter
965 4677 1202 4734 debitam
1255 4681 1504 4753 aequitati
1539 4695 1568 4734 a
1623 4683 1867 4753 principe
1900 4701 1980 4740 reo

404 4773 731 4828 verentiam.
762 4772 966 4827 Verum
1007 4772 1239 4827 alterius
1273 4751 1495 4841 quoque
1522 4773 1741 4843 generis
1787 4789 1980 4843 preces

404 4881 528 4921 esse
555 4864 778 4918 minime
791 4863 974 4919 debita
997 4862 1246 4918 beneﬁcii
1269 4864 1494 4917 nomine
1506 4872 1778 4931 rogantes.
1795 4863 1852 4918 in
1871 4864 1976 4931 bis,

406 4968 469 5011 ιη
502 4958 737 5028 benigne
765 4958 1069 5011 annuentis
1118 4956 1508 5011 liberalitatem
1554 4956 1823 5026 principis
1857 4957 1980 5028 ejus

403 5049 664 5120 imputari
714 5053 902 5122 gratia:
945 5065 1041 5120 par
1095 5058 1203 5114 est,
1255 5049 1329 5102 ita
1383 5047 1662 5102 recusatio
1727 5049 1983 5106 libertate

402 5145 612 5200 utentis
661 5143 714 5197 in
768 5144 1055 5199 renuendo
1095 5157 1195 5198 sua
1235 5140 1441 5195 nullam
1505 5138 1725 5194 videtur
1785 5141 1982 5198 oﬁerre

400 5236 607 5307 juslam
639 5237 862 5291 dolendi
895 5244 990 5290 aut
1015 5231 1391 5304 conquercndi
1429 5245 1653 5286 causam
1686 5247 1794 5286 non
1825 5249 1980 5287 asse-

401 5341 534 5384 cuto
565 5328 708 5399 quod
743 5338 982 5399 Optarat.
1013 5325 1370 5381 Confundere
1417 5337 1581 5394 porto
1610 5325 1977 5392 patriai-chain

399 5430 455 5476 et
486 5424 541 5475 in
570 5437 736 5475 umtm
787 5421 904 5475 haec
941 5419 1193 5482 miscere,
1232 5433 1342 5473 non
1393 5419 1592 5472 minori
1628 5417 1874 5487 alioquin
1911 5418 1980 5474 ab

400 5515 638 5570 invicem
667 5512 962 5568 intervallo
993 5511 1190 5566 dissita
1233 5526 1398 5580 quam
1429 5525 1540 5581 quo
1582 5510 1882 5582 Mysorum,
1916 5518 1979 5566 ut

398 5608 508 5663 dici
539 5609 698 5672 solet,
730 5608 1117 5679 Lydorumque
1151 5607 1288 5662 ﬁnes
1321 5606 1549 5661 distant.
1580 5606 1658 5660 Ac
1689 5616 1976 5677 propterea

397 5718 540 5772 mgre
577 5703 719 5757 ferre
748 5702 792 5758 si
831 5700 1057 5771 quando
1085 5700 1269 5754 minus
1323 5701 1656 5770 morigerum
1701 5698 1766 5752 ad
1795 5701 1976 5754 omnia

397 5813 519 5868 qua:
561 5797 804 5869 postulat
827 5795 1146 5867 experiatur
1178 5794 1599 5866 imperatorem;
1628 5791 1685 5848 in
1719 5808 1828 5864 quo
1853 5796 1977 5864 plus

2100 3227 2405 3273 resumeret
2431 3220 2760 3275 exercitium
2787 3234 2900 3277 suae
2927 3223 3241 3292 potestatis,
3273 3235 3328 3281 et
3365 3226 3676 3284 honoribus

2098 3310 2192 3365 tali
2227 3311 2540 3368 sacerdotio
2570 3313 2770 3369 debitis
2805 3316 2910 3370 coli
2961 3332 3022 3373 se
3059 3318 3292 3375 sineret.
3330 3318 3457 3376 Haec
3519 3322 3675 3379 laetus

2096 3403 2466 3475 renidensque
2498 3405 2804 3476 imperator
2851 3423 2976 3463 eum
3011 3411 3243 3478 diceret,
3276 3399 3675 3482 adjuvantibus

2093 3512 2195 3568 pro
2227 3511 2290 3554 se
2317 3515 2541 3570 quoque
2584 3501 2804 3556 cunctis
2857 3503 2954 3573 qui
3005 3503 3256 3572 aderant,
3295 3515 3349 3561 et
3389 3509 3672 3564 communi

2094 3606 2324 3647 assensu
2352 3594 2544 3648 eadem
2581 3593 2930 3664 rogantibus,
2983 3597 3264 3654 emollitos
3299 3597 3542 3670 denique
3582 3616 3670 3657 se-

2093 3695 2196 3735 nex
2234 3693 2353 3749 est;
2399 3693 2519 3738 erat
2557 3685 2707 3740 enim
2747 3699 2938 3741 revera
2971 3685 3229 3744 ﬂexibilis
3281 3690 3349 3743 ad
3384 3693 3674 3749 suasiones

2093 3776 2420 3840 amicorum,
2450 3777 2700 3833 virbaud
2736 3778 3040 3850 praefracta».
3063 3781 3291 3847 mentis,
3324 3797 3426 3837 nec
3471 3785 3676 3854 preju-

2091 3867 2397 3924 dieatorum
2425 3871 2678 3941 pertinax
2707 3887 2972 3929 sensuum
3005 3891 3020 3928 :
3049 3874 3143 3930 sed
3163 3881 3219 3930 et
3251 3876 3392 3932 hanc
3424 3878 3672 3935 hominis

2091 3961 2156 4015 ad
2212 3962 2384 4031 aequis
2452 3962 2926 4031 acquiescendum
2967 3965 3296 4034 pronitatem
3365 3965 3671 4024 familiares

2092 4060 2223 4109 tunc
2272 4053 2392 4123 ejus
2419 4063 2840 4124 promoverunt,
2869 4056 3069 4126 ipum,
3111 4065 3171 4112 ut
3204 4060 3529 4128 persuaderi
3564 4061 3668 4116 sibi

2090 4155 2373 4217 pateretur
2397 4148 2542 4217 quod
2591 4162 2781 4204 omnes
2824 4149 3113 4219 aptabant,
3145 4152 3526 4208 adhortantes.
3568 4155 3672 4208 An-

2091 4239 2212 4295 nuit
2243 4255 2374 4310 ergo
2402 4239 2698 4309 postulatis
2733 4240 3107 4310 imperatoris,
3135 4251 3189 4296 et
3221 4243 3269 4298 ei
3314 4245 3584 4314 promisit
3612 4261 3670 4300 se

2091 4348 2200 4388 non
2231 4333 2354 4403 plus
2391 4333 2448 4389 in
2482 4349 2596 4404 quo
2622 4345 2744 4393 erat
2788 4335 3066 4393 haesurum
3125 4338 3273 4401 loco.
3297 4355 3462 4409 quam
3489 4357 3672 4412 quan-

2016 4459 2058 4514 ο
2092 4435 2206 4480 tum
2240 4442 2347 4482 nox
2380 4435 2492 4482 tum
2522 4428 2852 4499 intempesta
2883 4440 3136 4500 cogeret;
3183 4431 3366 4501 primo
3417 4433 3669 4489 diluculo

2091 4518 2146 4573 in
2170 4518 2316 4574 aedes
2339 4519 2742 4590 patriarchales
2779 4521 3229 4591 remigraturum.
3264 4521 3377 4579 Nec
3397 4524 3668 4593 pollicitis

2087 4612 2220 4667 ﬁdes
2240 4612 2412 4667 abfuit
2449 4630 2465 4669 :
2497 4628 2623 4668 nam
2648 4612 3047 4683 postridianum
3075 4614 3425 4686 Hypapantes
3460 4616 3668 4672 festum

2085 4705 2458 4775 patriarcham
2487 4706 2814 4763 ministeriis
2842 4705 3018 4762 sacris
3040 4707 3318 4766 redditum
3353 4723 3558 4766 rursus
3589 4710 3668 4766 vi-

2086 4797 2167 4854 dit
2195 4799 2248 4854 in
2275 4797 2530 4855 eccleSIa.

2407 4932 2494 4989 10.
2541 4932 2614 4988 De
2645 4951 2805 4989 causa
2839 4933 3054 5005 Ephesii
3091 4932 3339 4990 Joannis.

2155 5044 2484 5114 Quanquam
2517 5060 2587 5101 ne
2645 5056 2968 5116 perpetuum
3029 5049 3111 5105 sic
3176 5048 3416 5104 restituti
3480 5049 3666 5106 oﬁicio

2084 5139 2337 5208 praesulis
2367 5137 2626 5208 gaudium
2670 5138 2832 5205 foret,
2880 5140 3023 5195 baud
3077 5141 3294 5198 abstitit
3341 5140 3515 5197 invidi
3551 5143 3668 5198 daa-

2083 5231 2265 5286 monis
2320 5231 2635 5299 malignitas
2696 5231 2876 5286 denno
2929 5235 3141 5291 conari.
3197 5235 3470 5292 Caeterum
3534 5251 3667 5292 vero

2085 5325 2213 5380 inde
2247 5335 2547 5381 consecuto
2582 5334 2639 5380 et
2669 5325 3028 5384 Pascltalibus
3066 5328 3223 5385 feriis
3243 5332 3468 5400 elapsis,
3487 5345 3664 5388 causa

2080 5415 2309 5472 Joannis
2335 5414 2559 5486 Ephesii
2609 5417 2897 5471 retractari
2931 5426 3111 5488 coepta
3149 5427 3257 5475 est.
3315 5420 3395 5476 Ac
3420 5421 3667 5491 impera-

2082 5519 2168 5564 tor
2192 5508 2414 5578 quidem
2460 5508 2604 5564 ultro
2629 5507 2906 5580 paenitens
2945 5507 3222 5566 fatebatur
3277 5511 3466 5580 inique
3495 5512 3568 5568 ab
3603 5526 3666 5568 se

2083 5613 2208 5652 cum
2242 5596 2335 5652 illo
2381 5608 2585 5660 actum.
2631 5600 2836 5670 quippe
2865 5599 2958 5668 qui
2989 5598 3110 5668 ejus
3149 5599 3291 5655 falso
3352 5601 3661 5658 insimulati

2083 5691 2524 5762 participationis
2577 5691 2821 5746 scandali
2871 5690 3219 5762 Gregoriani,
3254 5707 3436 5764 eoque
3478 5695 3665 5752 adacti

2082 5787 2149 5842 ad
2216 5785 2638 5842 renuntiandam
2698 5785 3048 5854 dignitatem,
3089 5786 3279 5849 volens
3351 5787 3665 5846 abdicatio-

2357 5987 2385 6033 εἰ
