3860 6584
368 390 471 458 331

1569 387 1898 450 GEORGII
1942 384 2426 448 PAClI‘YMERE

3549 357 3659 421 ετξ

360 511 828 577 ἁποκαθιστῶσιν,
869 510 1074 574 ἐκεῖνος
1132 506 1293 581 μόνος
1343 505 1681 574 ἐξαλλάττει,
1730 508 1823 560 καὶ
1871 502 1941 560 δι’
1969 512 2021 572 Α
2050 503 2241 569 κάζειν
2302 502 2367 575 ἢν
2399 498 2444 553 δ’
2479 499 2768 572 ἐπανήκοι,
2795 495 3050 572 δέχεσθαί
3078 514 3135 552 τε
3161 497 3253 551 καί
3288 498 3339 552 ol
3373 497 3504 560 τοὺς
3542 497 3643 568 ἀρ-

359 608 569 671 οίκείας
597 605 816 678 γραφῆς
838 604 903 658 τὰ
920 605 1034 668 τοῖς
1055 600 1272 668 δόξασιν
1297 600 1517 657 ἐναντία
1530 599 1939 667 διακελεύεται,

358 703 456 756 καὶ
484 698 779 770 ἐκκλησίας
809 693 1207 767 κεχηρωμένας
1256 692 1365 747 τῶν
1405 693 1790 765 προεστώτων.
1840 691 1943 746 αύ-

360 794 453 858 τὺς
483 791 796 861 ἐξεπίτηδες
827 790 924 851 τὰς
972 787 1059 841 ἐπ’
1086 786 1303 850 ὲκείνας
1332 784 1548 857 ψήφους
1574 782 1944 856 ὑπερτιθέμε-

363 902 473 948 νος,
506 883 740 955 πέμπων
771 880 1150 954 σφετερίζεται
1174 878 1460 944 τάκείνων,
1496 880 1594 932 καὶ
1631 875 1699 931 τὰ
1735 876 1838 948 μὲν
1869 874 1945 940 ὡς

363 979 613 1049 βούλεται
641 977 972 1042 διατίθεται,
1000 975 1069 1030 τὰ
1096 975 1152 1029 δὲ
1184 974 1280 1029 καὶ
1329 973 1513 1028 δίδωσι
1538 974 1652 1035 τοῖς
1679 970 1766 1027 ἐπ’
1799 969 1943 1025 ὲκεί-

363 1087 473 1134 νοις
504 1067 831 1125 καταστᾶσι.
861 1068 943 1122 Τὰ
973 1066 1030 1122 δέ
1062 1083 1125 1137 γε
1158 1066 1257 1134 τῆς
1296 1064 1501 1129 οίκείας
1527 1061 1825 1134 ἐκκλησίας
1868 1059 1947 1132 τῷ

366 1162 611 1231 σφετέρῳ
647 1162 752 1214 υἱεῖ
778 1159 1093 1231 ἐγχειρίσας
1131 1157 1373 1230 Ἐφραὶμ
1394 1157 1529 1229 ὓλην
1560 1156 1743 1211 δίδωσι
1770 1153 1946 1228 τούτῳ

365 1253 562 1314 κακίας
587 1255 701 1315 τοῖς
730 1252 941 1305 ἐκεῖθεν
969 1249 1245 1321 λήμμασι,
1283 1248 1358 1318 μὴ
1391 1249 1679 1319 οἰκονόμον
1714 1247 1855 1302 κατὰ
1886 1245 1946 1300 τὸ

366 1343 593 1414 σύνηθες
625 1341 921 1404 καθιστῶν,
975 1341 1107 1412 παρ’
1139 1333 1202 1396 οὗ
1229 1341 1292 1412 δὴ
1325 1342 1419 1394 καὶ
1459 1339 1529 1394 τὰ
1575 1339 1675 1410 τῆς
1715 1336 1949 1408 Ἐκκλη·

367 1438 483 1500 σίας
500 1436 787 1505 διεξάγοιτ’
806 1435 872 1489 ἂν
899 1435 1226 1506 πράγματα.
1258 1433 1368 1488 Καὶ
1394 1432 1545 1486 πόλλ’
1561 1431 1701 1487 ἄττα
1723 1430 1948 1485 τοιαῦτα

367 1528 670 1599 γράφοντες
707 1527 962 1582 ὑπαίτιον
982 1524 1255 1580 δεικνύειν
1289 1523 1479 1595 ἤθελον
1512 1522 1606 1597 τὸν
1639 1522 1780 1586 τέως
1807 1514 1947 1592 σφᾶς

369 1624 966 1695 ἀποπροσποιούμενον.
994 1622 1181 1678 Ταῦτα
1199 1621 1411 1695 βασιλεῖ
1427 1618 1706 1691 δεξαμένῳ
1730 1619 1793 1672 τὸ
1813 1618 1947 1671 πολῦ

369 1714 527 1787 ἐπῄει
557 1713 884 1784 καθυφιέναι
911 1714 1006 1786 τῆς
1040 1713 1355 1778 διαθέσεως,
1383 1711 1445 1765 ού
1472 1709 1576 1781 μὴν
1602 1710 1658 1765 δὲ
1688 1708 1828 1764 ὥστε
1852 1708 1950 1762 καὶ

371 1807 630 1861 ἀπολύειν
655 1807 1009 1861 παντάπασιν
1040 1804 1203 1873 ἔγνω,
1235 1803 1351 1859 ἀλλ’
1379 1802 1572 1873 ἐκείνῳ
1607 1801 1706 1872 μὲν
1736 1798 1949 1869 ύριὲναι

2049 600 2255 672 χιερεῖς
2285 598 2530 667 ὁμονοεῖν
2577 593 2788 652 πείθειν
2813 594 2933 667 ἅμα
2979 593 3077 648 καὶ
3115 592 3192 664 τῷ
3229 593 3301 647 τὰ
3330 594 3649 663 αιτιᾶματα

2048 690 2372 763 θεραπεύειν
2399 688 2664 744 κελεύειν.
2697 687 2779 742 Τὰ
2808 688 2920 759 γὰρ
2940 685 3036 741 τοῦ
3077 685 3401 742 Ἀθανασίου
3430 686 3649 757 κέντρα

2047 784 2148 855 τὴν
2176 782 2340 853 οὐλὴν
2393 780 2699 845 ὑπέκνιζε*
2751 780 2889 852 μηδὲ
2941 778 3051 850 γὰρ
3094 778 3242 849 ἔχειν
3288 779 3429 841 ὅλως
3469 776 3651 832 αὑτὸν

2047 874 2353 947 εἰρηνεύειν
2409 873 2504 927 καὶ
2537 874 2634 937 τὰς
2685 873 2823 942 ἀρὰς
2877 870 3069 937 λύειν,
3110 870 3177 935 ἃς
3221 868 3397 935 οὕτως
3445 871 3650 940 εμπε-

2051 966 2361 1039 ρισκὲπτως
2399 964 2633 1035 καθίστη
2679 965 2776 1019 καὶ
2827 963 3073 1036 φρικτῶς
3128 962 3398 1035 ἀφὼνριζε,
3432 965 3515 1032 μὴ
3553 962 3650 1016 τὸν

2049 1060 2240 1131 θρόνον
2273 1060 2368 1115 καὶ
2420 1054 2576 1122 αὖθις
2606 1058 2976 1124 ἁπολαὸόντα,
3028 1056 3125 1109 καὶ
3172 1055 3347 1109 ταῦτα
3384 1053 3528 1124 μηδὲ
3570 1055 3654 1126 τῷ

2050 1148 2181 1221 παρ’
2211 1149 2378 1205 αὑτοῦ
2413 1152 2514 1221 τῆς
2537 1147 2745 1210 λύσεως
2783 1147 3080 1218 γράμματι
3123 1146 3185 1199 τὸ
3229 1147 3384 1214 ἅγιος
3412 1163 3655 1217 προστι-

2051 1242 2210 1298 θέντα
2237 1241 2378 1296 κατὰ
2419 1241 2478 1295 τὸ
2510 1240 2744 1310 σύνηθες
2794 1238 2870 1310 τῷ
2903 1237 2995 1293 τοῦ
3050 1237 3317 1309 βασιλέως
3364 1239 3607 1308 ὀνόματι
3634 1278 3651 1300 ,

2049 1335 2133 1389 ὅτι
2153 1335 2261 1389 οὐδ’
2285 1336 2491 1397 ἐκεῖνος
2520 1335 2722 1405 ἠρέμει
2751 1332 2809 1387 ὲν
2832 1331 3098 1396 τοιούτοις
3120 1334 3335 1403 καιροῖς
3360 1330 3460 1385 τοῦ
3484 1348 3657 1384 σκαν-

2050 1428 2234 1492 δάλου,
2256 1422 2525 1490 ἀλλα-τὰς
2556 1426 2726 1498 θύρας
2757 1425 3091 1493 ύπανοιγνὺς
3115 1425 3212 1492 τῆς
3232 1425 3400 1493 μονῆς
3427 1424 3655 1483 πολλοῖς

2051 1521 2285 1592 ἐπήρκει
2328 1519 2645 1591 πενομένοις
2681 1520 2744 1572 ὲκ
2788 1518 2896 1573 τῶν
2944 1518 3236 1589 τυχῦντων.
3268 1512 3378 1570 Ἶιν
3429 1517 3489 1569 δὲ
3540 1516 3655 1585 ἄρα

2051 1611 2226 1665 ταῦτα
2255 1612 2349 1667 τοῦ
2409 1611 2699 1683 μέλλοντος
2735 1612 3189 1683 προκεντήματα,
3224 1612 3320 1663 καὶ
3357 1611 3391 1681 ἠ
3445 1609 3658 1679 παλίμ-

2056 1706 2520 1777 πους.ὲφήδρευε
2578 1705 2707 1774 δίκη
2749 1705 2917 1775 μηδὲν
2979 1706 3259 1759 ἐπαΐουσι.
3317 1705 3455 1758 Τότε
3502 1705 3555 1757 δ’
3583 1700 3652 1775 ἦν

2056 1797 2253 1861 ταῦτα,
2279 1798 2339 1852 οὐ
2365 1797 2472 1868 μὴν
2493 1797 2548 1853 δὲ
2582 1800 2679 1851 καὶ
2703 1798 2759 1861 ὲς
2794 1796 2943 1850 ἅπαν
2968 1795 3047 1867 τῷ
3069 1797 3382 1867 πατριάρχῃ
3408 1797 3655 1865 ἠγνόητο
3736 1830 3743 1839 -

372 1899 466 1951 καὶ
499 1895 780 1961 ἐνδιδόναι,
831 1896 897 1966 ἦν
946 1911 1062 1958 πως
1110 1894 1492 1964 ἀνακάμπτειν
1553 1891 1818 1963 βούλοιτο,
1874 1888 1951 1962 μὴ
1988 1879 2032 1935 Β
2059 1893 2128 1946 τὰ
2156 1892 2268 1954 τοῖς
2300 1888 2618 1960 ἀρχιερεῦσι
2652 1888 3029 1958 πραττόμενα.
3064 1888 3164 1940 Διὰ
3210 1887 3383 1940 ταῦτα
3424 1888 3526 1940 καὶ
3581 1887 3652 1942 τὶ

375 1990 644 2060 μέντοιγε
664 1989 737 2053 ὡς
762 1988 831 2042 τὰ
854 1986 1047 2059 πρῶτα
1068 1986 1318 2059 λιπαρῶς
1350 1984 1536 2054 ἀξιοῦν
1562 1986 1655 2042 καὶ
1685 1999 1961 2054 καταναγ-

372 2167 517 2222 enim
545 2166 649 2238 ipsi
676 2163 941 2237 synodice
969 2162 1220 2237 legitimo
1250 2161 1643 2237 suﬂ‘ragiorum
1678 2177 1953 2219 concursu

372 2256 740 2326 decreverint,
777 2258 897 2331 ipse
952 2258 1109 2313 solus
1157 2256 1435 2320 immutat,
1490 2265 1546 2312 et
1588 2256 1811 2327 proprio
1868 2270 1959 2310 re-

375 2351 585 2422 scripto
642 2349 1013 2405 communiter
1067 2346 1288 2403 statutis
1355 2348 1635 2403 contraria
1702 2346 1957 2417 imperat.

370 2441 640 2497 Praeterea
675 2438 969 2497 .ecclesias
1029 2435 1343 2509 pastoribus
1403 2434 1701 2504 viduatas,
1768 2436 1958 2491 dilatis

374 2533 443 2590 de
473 2532 749 2588 industria
788 2528 1076 2586 canonicis
1132 2544 1228 2601 per
1288 2526 1555 2601 suli'ragia
1585 2527 1957 2586 electionibus

375 2625 675 2697 prmsulum
738 2623 1253 2687 substituendorum
1312 2622 1606 2687 defunctis,
1668 2623 1787 2694 ipse
1848 2621 1957 2679 sibi

375 2728 623 2790 usurpat,
684 2716 873 2775 missis
921 2717 1010 2789 qui
1044 2717 1267 2773 nomine
1288 2731 1394 2772 suo
1431 2726 1729 2788 proventus
1766 2729 1956 2771 earum

378 2811 617 2880 tollant;
673 2819 728 2868 et
764 2817 976 2882 partem
1035 2809 1234 2865 horum
1302 2822 1403 2880 pro
1470 2808 1627 2864 libitu
1690 2808 1962 2872 absumit.

378 2904 580 2978 partim
635 2904 702 2961 iis
751 2902 1029 2959 condonat
1055 2917 1195 2975 quos
1229 2901 1352 2958 istis
1379 2899 1955 2958 administrationibus

373 2995 641 3068 praefecit.
700 2994 842 3064 Quin
894 3004 952 3051 et
988 3010 1075 3052 res
1135 2992 1400 3051 Ecclesiae
1443 2994 1681 3065 propria:
1725 2995 1956 3065 dispen-

375 3089 576 3145 sandas
604 3104 704 3162 pro
732 3087 963 3144 arbitrio
993 3087 1321 3160 permittens
1363 3088 1477 3145 lilio
1495 3106 1598 3145 suo
1627 3088 1954 3163 prraimo,

375 3195 566 3237 ansam
599 3181 648 3237 ei
695 3190 752 3237 ct
790 3180 1077 3236 materiam
1132 3180 1196 3236 ad
1233 3181 1373 3237 male
1406 3182 1682 3254 agendum
1728 3183 1960 3254 praebet,

2053 1983 2157 2053 τῆς
2187 1981 2353 2055 τιμῆς
2390 1981 2845 2054 περιποιούμενος
2873 1981 3053 2052 ἑαυτῷ
3096 1979 3465 2052 αύοορμήτως
3506 1981 3654 2049 ἔγνω

2061 2163 2215 2220 tione
2254 2162 2501 2218 dirarum
2537 2171 2704 2233 atque
2738 2162 3150 2217 anathematutn
3208 2178 3372 2234 quam
3405 2164 3654 2218 Athana.

2059 2257 2175 2312 sius
2206 2251 2730 2311 chartis’alistrusis
2787 2255 3085 2311 indiderat.
3127 2254 3469 2311 Coalueraut
3525 2256 3652 2326 qui-

2060 2352 2184 2406 dem
2228 2360 2502 2415 utcunque
2533 2350 2761 2405 vulnera
2809 2349 3171 2404 formidinum
3231 2348 3477 2411 il.aruiu,
3543 2363 3655 2402 non

2059 2451 2240 2497 tamen
2275 2443 2345 2495 ita
2379 2447 2434 2496 ut
2465 2456 2573 2495 non
2606 2440 2881 2495 interdum
2917 2455 3046 2495 cura
3080 2440 3208 2495 inde
3253 2440 3654 2507 superstitioso

2061 2538 2295 2607 principi
2348 2549 2761 2605 supervacanea
2821 2548 3121 2590 renascens
3169 2534 3444 2591 obductas
3486 2534 3653 2604 quasi

2063 2626 2353 2682 refricaret
2409 2625 2723 2689 cicatrices,
2802 2625 3238 2695 sollicitaretque
3297 2636 3652 2695 reputantem

2065 2719 2211 2774 haud
2266 2718 2438 2774 videri
2503 2733 2631 2774 vere
2672 2732 2917 2789 unquam
2981 2717 3418 2788 cxpatriarchani
3490 2719 3646 2773 illum

2035 2811 2371 2867 soluturum
2401 2810 2547 2883 quod
2570 2810 2858 2881 ligaverat,
2894 2819 2949 2866 et
2988 2809 3285 2865 horribiles
3340 2809 3467 2865 illas
3492 2825 3656 2865 exse-

2069 2902 2351 2959 crationes
2391 2903 2494 2958 rite
2532 2900 2880 2972 legitimeque
2914 2902 3302 2963 remissurum,
3342 2898 3453 2953 nisi
3492 2913 3655 2968 repo-

2064 3004 2290 3051 neretur
2347 2995 2402 3050 in
2451 2992 2580 3050 sede
2608 3002 3050 3065 potestatemque
3088 2993 3362 3060 reciperet
3389 2991 3652 3046 eamdem

2062 3106 2171 3162 qua
2215 3100 2345 3145 tunc
2397 3098 2516 3144 erat
2564 3087 2832 3158 praeditus
2862 3101 2991 3140 cum
3056 3085 3145 3140 illa
3182 3085 3473 3140 scriberet.
3516 3083 3649 3139 Nam

2065 3181 2494 3238 declarationem
2531 3180 2713 3246 istam,
2744 3193 2853 3249 qua
2880 3178 3085 3233 sedate
3135 3187 3265 3231 tunc
3294 3177 3653 3232 conscientiae

374 3269 669 3325 occasione
702 3270 984 3325 lucrorum
1023 3285 1147 3339 quae
1178 3269 1304 3327 inde
1355 3271 1463 3351 sibi
1518 3276 1789 3344 congerit,
1828 3288 1955 3330 cum
1991 3266 2035 3326 C
2082 3275 2379 3331 multorum
2409 3283 2619 3340 essent,
2648 3286 2914 3344 apparere
2943 3271 3194 3327 convicio
3230 3284 3554 3338 expressam
3587 3269 3653 3323 ab

376 3376 478 3433 pro
517 3378 668 3416 more
720 3362 1001 3418 debuisset
1022 3363 1306 3434 ejusmodi
1345 3350 1790 3435 prOcurutiouem
1821 3382 1972 3422 teco-
2070 3367 2267 3429 invito,
2308 3350 2407 3422 nec
2457 3365 2765 3437 periculum
2825 3364 3023 3419 abesse
3059 3362 3194 3433 quin
3226 3362 3303 3417 uti
3334 3363 3385 3416 vi
3409 3373 3650 3424 extorta.

376 3469 563 3510 nomo
602 3455 669 3510 ad
728 3456 778 3510 id
836 3456 980 3512 lecto
1043 3457 1504 3522 commendasse,
1566 3460 1684 3515 viro
1737 3460 1969 3527 idoneo,
2072 3476 2228 3517 cassa
2283 3458 2474 3516 cﬂlrctu
2506 3468 2560 3514 et
2613 3458 2822 3513 nullius
2870 3467 3019 3513 esset
3070 3455 3309 3512 roboris.
3367 3456 3653 3512 Pelluccre

374 3547 541 3619 cuths
581 3547 725 3602 ﬁdeli
777 3547 935 3619 301
970 3556 1026 3604 et
1051 3550 1309 3620 prudenti
1353 3550 1568 3621 judicio
1608 3553 1967 3608 administra-

374 3639 455 3694 tio
493 3639 762 3693 bonorum
791 3638 1054 3697 Ecclesiae
1082 3630 1233 3698 recte
1288 3658 1352 3699 ac
1400 3654 1564 3715 prout
1613 3645 1772 3702 decet
1805 3662 1968 3715 gere-

375 3740 553 3788 retur.
586 3733 714 3789 llaec
740 3741 797 3790 et
837 3734 1006 3788 multa
1039 3734 1309 3806 ejusmodi
1334 3736 1548 3793 liieellus
1581 3738 1968 3809 episcoporum

378 3826 717 3893 continebat,
779 3827 986 3899 quibus
1040 3829 1343 3885 studebant
1402 3846 1559 3885 reum
1615 3840 1713 3886 aut
1764 3834 1962 3888 saltem

378 3926 703 3988 suapectum
782 3921 926 3991 apud
994 3921 1384 3992 imperatorem
1438 3923 1669 3980 reddere
1731 3926 1966 3996 patriar-

379 4009 562 4074 cham,
590 4024 619 4064 a
654 4023 763 4082 quo
813 4026 874 4067 se
904 4012 1333 4083 participatione
1382 4015 1744 4072 consiliorum
1776 4019 1966 4073 exclu-

379 4116 473 4158 sos
503 4112 556 4158 et
581 4104 740 4172 quasi
782 4103 1067 4161 abdicatos
1101 4105 1385 4163 dolebant.
1418 4108 1490 4163 Ea
1532 4126 1657 4166 cum
1717 4114 1968 4181 accepis-

380 4200 466 4250 set
527 4194 853 4267 imperator,
910 4199 1120 4255 remisit
1169 4201 1259 4257 ille
1317 4201 1540 4271 quidem
1599 4202 1829 4259 multum
1896 4205 1967 4263 de

381 4288 474 4343 illo
501 4289 810 4346 vehementi
848 4289 1048 4347 all‘ectu
1086 4308 1195 4364 quo
1246 4295 1401 4365 prius
1441 4296 1814 4365 patriarcham
1844 4314 1967 4353 am-

384 4378 747 4449 piectebatur,
781 4395 891 4436 non
932 4393 1118 4437 tamen
1182 4392 1241 4438 ut
1292 4384 1533 4454 dejicere
1567 4386 1723 4442 illum
1761 4389 1966 4446 throno

386 4471 547 4541 plane
610 4474 974 4531 decerneret:
1028 4475 1163 4547 quin
1226 4479 1410 4548 potius
1461 4482 1663 4536 statuit
1730 4485 1965 4556 benigna

385 4565 715 4622 tractatione
745 4564 926 4637 ipsum
986 4575 1042 4622 ct
1069 4568 1409 4640 indulgentia
1441 4572 1722 4642 pellicere,
1761 4575 1806 4631 si
1832 4590 1967 4647 pos-

385 4665 492 4723 set,
521 4658 590 4711 ad
649 4659 1042 4714 resumendum
1080 4662 1406 4719 exertitium
1447 4667 1830 4737 patriarchalis
1869 4685 1968 4741 po-

387 4749 633 4817 tcslatis,
694 4760 882 4808 certus
939 4764 1123 4810 tamen
1183 4772 1292 4811 non
1330 4757 1663 4815 descendere
1711 4762 1967 4832 amplius,

388 4843 467 4898 uti
501 4851 660 4899 antea
690 4850 919 4912 iecerat,
970 4862 1145 4916 usque
1174 4849 1239 4905 ad
1275 4865 1469 4920 preces
1514 4853 1750 4909 humiles
1778 4863 1836 4910 et
1865 4859 1967 4912 de-

388 4934 723 4994 claratiOucs
797 4951 918 5009 quae
995 4951 1223 5010 possent
1287 4943 1648 5000 reluctantem
1751 4962 1969 5019 cogere,

388 5029 694 5084 oblirmatm
719 5028 784 5084 ad
814 5030 1222 5104 impetrandum
1286 5035 1627 5105 voluntatis;
1659 5038 1798 5095 satis
1850 5042 1969 5096 cxi-

392 5121 633 5177 stintans
663 5139 811 5178 nunc
852 5125 989 5190 fore,
1018 5127 1065 5182 si
1107 5135 1230 5198 post
1264 5129 1556 5202 benignam
1588 5132 1969 5189 invitationem

391 5213 592 5270 reverti
627 5228 740 5286 quo
781 5217 1083 5272 vocabatur
1121 5220 1267 5277 ultro
1320 5233 1659 5285 annuentem
1697 5227 1969 5284 benevole

391 5305 720 5376 susciperet,
775 5307 937 5375 eique
1012 5309 1315 5366 conciliare
1363 5314 1628 5372 adversos
1691 5315 1972 5372 antistites

392 5402 639 5457 studeret
660 5401 943 5458 suadenda
977 5402 1048 5459 iis
1083 5418 1209 5459 cum
1244 5405 1339 5462 illo
1370 5406 1697 5476 concordia,
1754 5406 1973 5471 danda-

392 5509 499 5563 que
530 5508 696 5564 opera
732 5503 789 5549 ut
819 5494 1031 5566 objecta
1060 5497 1108 5552 ei
1163 5498 1393 5553 crimina
1433 5498 1603 5568 justis
1634 5500 1966 5570 purgationi-

391 5589 491 5642 bus
523 5587 890 5644 diluerentur.
926 5587 1005 5645 Ne
1038 5590 1175 5644 ultra
1207 5592 1323 5647 haec
1350 5592 1539 5647 conari
1572 5608 1719 5647 nunc
1749 5591 1971 5663 quidem

391 5688 635 5746 curaret,
694 5696 835 5738 ncve
889 5682 1214 5739 abhorreret
1280 5686 1511 5741 nimium
1584 5702 1614 5741 a
1668 5687 1976 5742 mutatione

395 5775 666 5843 prmsulis,
698 5776 1003 5850 iaciebant
1052 5780 1203 5834 inlisi
1266 5780 1473 5835 (ludunt
1508 5781 1628 5850 ejus
1690 5783 1877 5834 animo
1920 5789 1976 5835 et

393 5871 622 5925 necllum
666 5872 838 5928 evulsi
896 5875 1116 5942 penitus
1182 5873 1428 5943 scrupnli
1483 5887 1546 5929 ex
1587 5873 1682 5926 illa
1709 5872 1971 5929 fulmina-

2068 3554 2202 3625 quin
2253 3556 2438 3618 etiam,
2480 3550 2527 3605 si
2576 3552 2702 3621 quis
2749 3550 3102 3621 introspiciat
3149 3550 3438 3614 attentius,
3491 3552 3651 3622 signa

2072 3646 2213 3702 male
2243 3644 2608 3700 dissimulata:
2640 3643 2767 3699 talis
2822 3644 2877 3698 in
2911 3644 3034 3715 ipso
3067 3643 3373 3699 Athanasio
3427 3653 3652 3699 senten-

2067 3741 2160 3794 tiae
2211 3753 2442 3795 arcanae.
2483 3739 2595 3794 Cur
2630 3739 2776 3793 enim
2835 3736 2928 3793 ille
2982 3736 3180 3803 litteris
3229 3737 3299 3793 de
3347 3737 3451 3792 hoc
3486 3737 3651 3793 editis

2070 3833 2349 3889 omisi~set
2405 3832 2755 3903 imperatoris
2810 3830 3021 3886 nomini
3078 3839 3405 3887 consuetum
3466 3831 3648 3888 sancti

2066 3926 2386 3997 adjunctqu
2420 3941 2716 3998 apponere,
2769 3925 2874 3981 nisi
2904 3924 3065 3981 vellet
3106 3923 3463 3981 subindicare
3508 3924 3649 3981 haud

2070 4014 2290 4093 opinari
2317 4035 2377 4075 se
2411 4018 2563 4074 illum
2601 4018 2704 4073 rite
2737 4033 2830 4087 per
2858 4018 2955 4073 has
2983 4030 3048 4072 ac
3073 4031 3201 4073 vere
3228 4017 3565 4073 intortorum
3596 4017 3650 4071 in

2071 4113 2251 4185 ipsum
2299 4128 2395 4182 per
2426 4112 2643 4182 priores
2696 4111 3108 4168 anathematum
3139 4110 3431 4187 feralibus
3456 4112 3651 4167 vincu-

2069 4207 2140 4261 lis
2195 4207 2438 4261 solutum
2466 4205 2489 4259 ‘l
2528 4205 2672 4272 Quid
2706 4220 2828 4274 quae
2859 4220 3007 4259 nunc
3054 4219 3216 4274 agere
3249 4203 3555 4271 diceretur,
3582 4218 3648 4257 an

2069 4312 2179 4352 non
2213 4296 2357 4351 idem
2390 4296 2575 4367 ipsum
2620 4294 2928 4350 iunuehant
2955 4294 2979 4349 ἳ
3005 4294 3346 4350 Audiebatur
3379 4292 3556 4359 enim,
3589 4308 3649 4346 ex

2069 4409 2180 4464 quo
2208 4403 2368 4449 erant
2400 4392 2518 4448 ista:
2542 4392 2707 4463 302
2730 4393 2797 4446 dc
2828 4393 3138 4462 patriarcha
3159 4392 3254 4462 qui
3290 4406 3438 4448 nunc
3464 4406 3647 4447 rerum

2068 4489 2341 4558 potiretur
2398 4486 2793 4541 controversiae
2836 4491 3017 4548 motae,
3073 4499 3188 4539 suae
3243 4483 3396 4555 prius
3448 4482 3652 4537 clausa

2000 4608 2044 4663 ι)
2072 4579 2285 4635 cellulae
2322 4577 2471 4634 iores
2498 4578 2654 4634 hiare
2708 4591 2932 4647 passum
2967 4592 3091 4633 esse
3119 4593 3137 4643 ;
3169 4575 3460 4632 admisisse
3522 4576 3647 4646 quin

2071 4671 2236 4727 etiam
2275 4670 2586 4726 clanculum
2638 4679 2693 4724 et
2739 4668 3002 4724 subsidiis
3038 4668 3365 4739 opportunis
3422 4668 3648 4737 popula-

2076 4763 2210 4818 riter
2240 4762 2583 4818 demeruisse
2640 4762 2836 4833 iuopes
2877 4776 2908 4818 e
2963 4761 3126 4829 plebe
3156 4762 3483 4832 quospiam:
3532 4773 3650 4831 qua

2075 4855 2277 4911 indicia
2317 4870 2439 4910 esse
2475 4854 2702 4909 minime
2761 4853 3176 4924 acquiescantis
3224 4852 3461 4907 fortuna:
3517 4866 3647 4923 pne-

2073 4948 2238 5012 senti,
2286 4958 2342 5003 ct
2384 4947 2644 5001 thronum
2702 4944 2851 5000 ii'nde
2899 4944 3205 5001 excidisset
3262 4941 3646 5013 respectantis.

2075 5041 2237 5096 Tales
2291 5055 2442 5095 curae
2509 5040 2700 5093 intime
2774 5044 3058 5093 versantes
3119 5046 3357 5091 mentem
3422 5034 3645 5089 nimium

2074 5134 2257 5189 facilis
2317 5134 2383 5187 ad
2445 5147 2666 5190 sensum
2725 5132 3007 5200 religionis
3067 5144 3283 5183 omnem
3348 5116 3644 5183 Andronici

2076 5224 2307 5294 Augusti
2343 5225 2584 5279 senioris
2610 5224 2769 5293 quasi
2800 5223 3060 5292 praeludis
3106 5230 3268 5275 erant
3327 5218 3647 5275 certaminis

2079 5316 2337 5372 instantis
2367 5326 2423 5371 et
2482 5315 2675 5386 prima:
2701 5314 3103 5370 commotiones
3136 5315 3190 5367 in
3233 5313 3488 5383 proximo
3514 5309 3618 5365 insi

2076 5409 2281 5466 dimotis
2338 5409 2459 5464 sine
2521 5408 2632 5463 ullo
2670 5408 2755 5463 sui
2817 5422 2986 5463 sensu
3049 5407 3332 5471 vindictae,
3401 5416 3456 5459 at
3531 5417 3646 5461 mox

2077 5514 2359 5583 eruptura:
2413 5505 2468 5559 in
2502 5504 2640 5558 nihil
2676 5519 2858 5558 nnnus
2910 5504 3223 5573 opinantes,
3254 5502 3321 5557 ad
3358 5505 3650 5557 restituen-

2079 5599 2208 5654 dum
2240 5597 2331 5669 qui
2361 5598 2659 5654 ceciderat.
2694 5596 2821 5652 llaec
2846 5605 2979 5651 tunc
3012 5607 3174 5650 crant
3203 5596 3371 5663 :quld
3405 5604 3645 5650 secutum

2080 5691 2423 5751 sit.dicctttr.
2451 5690 2608 5757 Quod
2638 5706 2784 5744 nunc
2813 5690 3003 5753 instat,
3028 5689 3171 5742 haud
3190 5702 3419 5756 [Marsus
3447 5689 3647 5738 latuere

2077 5785 2456 5856 patrinrcliatn
2494 5801 2613 5853 quae
2642 5784 2711 5839 ab
2741 5785 3017 5853 episcopis
3064 5784 3120 5837 in
3154 5785 3333 5851 ipsum
3384 5781 3651 5836 cutlchau-

2083 5886 2197 5931 tur:
2223 5877 2405 5942 Quare
2433 5893 2622 5931 curam
2676 5878 2690 5930 i
2721 5892 2968 5947 igrcssus
3007 5877 3280 5931 retinendi
3344 5868 3649 5930 asserendi-
