3860 6566
398 388 510 458 θίθ

1585 408 1918 473 GEORGII
1947 412 2440 479 PACHIMER/E

3576 423 3675 486 3H

390 519 572 586 μήπω
616 515 945 590 θαρροῦντες
983 523 1348 594 προσϐάλλειν
1387 526 1866 601 γνωσιμαχοῦντες
1907 531 2004 601 μέ-
2033 535 2076 594 Α
2104 552 2195 590 ναι
2223 536 2400 610 μάχης
2436 539 2496 594 οὐ
2524 496 2902 605 τόσονὶδεινδν,
2924 535 3138 610 βασιλεῖ
3154 539 3212 595 δὲ
3239 538 3677 608 συγκινδυνεύειν

399 625 581 676 νουσι,
612 612 813 684 βουλὴν
845 614 1164 684 βουλεύεται
1198 618 1288 688 ἐφ’
1314 613 1359 689 ᾧ
1414 619 1489 691 μὴ
1528 622 1823 694 ἀναμένειν
1853 626 1980 689 τοὺς

400 701 678 770 ἐπιόντας,
717 706 833 761 ἀλλ’
867 710 1064 774 αὐτοὺς
1116 712 1331 767 ἐπιέναι
1383 714 1534 786 σφίσι
1565 718 1661 771 καὶ
1710 719 1981 788 ἐμπεσεῖν

405 797 603 866 μήπω
635 798 901 871 θαρροῦσι
948 802 1048 872 τὴν
1079 804 1423 879 συμπλοκὴν,
1467 808 1542 873 ὼς
1592 808 1661 864 ἂν
1709 811 1827 880 ἅμα
1881 810 1982 881 μὲν

403 889 891 960 καταπλήξαντες,
947 894 1064 965 ἅμα
1106 896 1163 950 δέ
1210 898 1308 953 καὶ
1349 900 1451 972 τὴν
1488 901 1598 955 τῶν
1632 903 1982 975 θαρρούντων

394 979 620 1043 οέαυτοτς
653 981 909 1037 ὑπόνοιαν
925 983 1149 1055 θέμενοι
1176 986 1427 1057 πράξωσί
1450 1008 1503 1044 τι
1525 993 1796 1060 γενναῖον.
1814 989 1982 1043 Ταῦτ’

397 1071 577 1140 ἐλεγε,
604 1073 700 1127 καὶ
729 1073 881 1146 μόλις
929 1075 1060 1141 τοὺς
1112 1079 1204 1147 ὑφ’
1228 1081 1409 1153 ἐαυτῷ
1450 1083 1728 1154 ἡγεμόνας
1774 1082 1984 1139 ἔπειθε.

396 1165 515 1219 Καὶ
542 1166 654 1236 γὰρ
703 1166 785 1220 ἐτι
820 1163 889 1239 ἦν
933 1168 1028 1223 καὶ
1061 1170 1124 1224 τὺ
1165 1170 1448 1228 Ἀλανικὸν
1479 1174 1750 1245 ἀκμάζον,
1798 1176 1895 1231 καὶ
1925 1177 1984 1229 ἐν

400 1256 584 1312 ἐλπίσι
605 1259 700 1312 τοῦ
724 1256 785 1315 εὖ
811 1263 1033 1333 σχήσειν
1053 1259 1217 1334 ἦσαν.
1244 1266 1340 1319 καὶ
1365 1264 1776 1339 προεθυμοῖωτο
1800 1254 1986 1340 μεῖζον

400 1349 434 1418 ἢ
471 1348 614 1405 ὥστε
650 1352 934 1419 δύνασθαι,
983 1355 1291 1430 Ἕτέρωθεν
1335 1359 1393 1413 δὲ
1441 1362 1538 1414 καὶ
1571 1361 1633 1414 τὸ
1678 1360 1986 1433 Ῥωμαϊκὸν

402 1443 540 1497 πολὺ
564 1438 654 1514 ἦν,
678 1446 775 1498 καὶ
800 1448 901 1518 οὐχ
925 1442 1089 1519 ἦττον
1112 1450 1388 1505 καὶτοῦτο
1411 1452 1508 1518 τὰς
1536 1441 1714 1523 ἀρ’μάς
1734 1473 1810 1510 πα
1821 1455 1985 1525 ρεθή-

400 1550 531 1604 γετο
559 1536 665 1591 ὑπὸ
693 1538 802 1611 νέῳ
828 1538 1041 1610 βασιλεῖ
1064 1544 1565 1616 στρατηγούμενον.
1597 1546 1705 1601 Καὶ
1731 1542 1801 1617 ἦν
1831 1547 1986 1611 ἐλπὶς

399 1631 515 1694 τοῖς
572 1631 743 1701 όρῶσι
806 1633 1060 1704 μεγάλων
1122 1636 1573 1709 κατορθωμάτων
1624 1641 1721 1694 καὶ
1773 1641 1979 1704 παντὸς

398 1721 661 1777 ἐπέκεινα
713 1725 1053 1798 σφάλματος.
1116 1730 1270 1784 Ἐπεὶ
1309 1732 1492 1787 τοίνυν
1539 1732 1683 1787 οὑτω
1732 1733 1987 1804 βασιλεὺς

402 1816 505 1886 μὲν
530 1816 719 1891 ὥρμα,
773 1823 1000 1894 στρατὸς
1049 1825 1106 1880 δὲ
1138 1824 1421 1898 ξυνώρμα,
1463 1830 1560 1883 καὶ
1596 1830 1696 1900 ῆδη
1751 1830 1986 1895 ἐξιόντες

2088 627 2497 699 τάπράγματα
2538 631 2633 685 καὶ
2656 629 2779 685 λίαν
2818 629 3177 701 παγχάλεπον
3203 624 3373 686 εἶναι.
3397 630 3557 701 Μηδὲ
3579 631 3680 703 γάρ

2090 719 2378 791 ἀραρότως
2411 723 2504 776 καὶ
2543 721 2808 790 ἀσφαλῶς
2846 721 2955 776 τῶν
2989 720 3228 776 ἐλπίδων
3263 722 3680 794 περιγενέσθαι,

2089 810 2206 865 ἀλλ’
2241 813 2343 884 ῆδη
2384 816 2480 869 καὶ
2510 816 2834 887 ἡττηθῆναι.
2858 813 3077 886 Πλῆθος
3113 815 3223 886 γάρ
3251 816 3361 872 κᾶν
3391 817 3512 880 τοῖς
3540 817 3657 872 ἐναν

2089 903 2227 968 τίοις
2254 900 2394 958 εἶναι
2448 892 2551 962 καί
2597 908 2797 980 μάχης.
2825 908 3118 979 ἔμπειρον,
3152 908 3249 963 καὶ
3283 908 3394 964 οὐκ
3422 909 3493 964 ἂν
3518 909 3683 975 ἄλλως

2091 996 2378 1069 θαρῤῆσαν
2413 1000 2685 1071 φανεροὺς
2715 1001 2954 1067 ἐπιέναι,
3006 1002 3168 1072 εἴπερ
3203 1003 3303 1056 οὐκ
3357 1002 3592 1075 ῆλπιζον
3614 1007 3682 1073 τά

2097 1090 2332 1159 μεγάλα.
2383 1091 2722 1149 Ἀνάπυστον
2775 1093 2834 1148 δέ
2878 1094 2977 1147 καὶ
3027 1094 3132 1164 τὴν
3186 1093 3468 1166 βασιλέως
3502 1098 3680 1168 φήμην

2094 1180 2246 1250 σφίσι
2280 1184 2634 1256 γεγενῆσθαι,
2666 1186 2736 1241 δι’
2772 1187 2842 1259 ἣν
2880 1189 2976 1242 καὶ
3009 1189 3214 1261 μᾶλλον
3263 1189 3325 1244 ἐν
3364 1188 3519 1243 δυοῖν
3545 1189 3682 1253 είκδς

2094 1270 2236 1329 εῐναι
2284 1277 2584 1348 ξυμϐῆναι,
2615 1279 2649 1352 ῆ
2683 1281 3024 1352 φοϐηθέντας
3052 1282 3114 1347 ἐξ
3139 1282 3441 1346 ἀσθενείας
3478 1283 3680 1354 ἀναχω-

2096 1371 2211 1438 ρεῖν
2239 1368 2272 1440 ἢ
2304 1369 2645 1442 θαρροῦντας
2687 1373 2749 1438 ἐξ
2798 1374 3013 1438 ἐλπίδος
3060 1375 3328 1446 μεγίστης
3370 1375 3674 1444 φαίνεσθαι.

2100 1462 2166 1514 ὐ
2188 1464 2284 1517 καὶ
2314 1464 2585 1536 φοϐητέον
2602 1466 2671 1521 ἂν
2695 1468 2899 1537 μᾶλλον
2920 1464 3063 1523 εἶναι
3081 1471 3181 1524 σὺν
3213 1467 3439 1540 βασιλεῖ
3457 1466 3679 1541 [P.‘2l6)

2093 1552 2189 1606 καὶ
2219 1553 2295 1625 μὴ
2339 1554 2523 1627 μόνοις
2555 1557 2680 1612 καθ’
2714 1558 2915 1623 αὑτοὺς
2946 1559 3187 1615 ἐπιοῦσι.
3219 1560 3419 1615 Ταῦτα
3438 1559 3679 1628 λέγοντες

2095 1644 2253 1699 αὑτοὶ
2313 1647 2412 1718 μὲν
2458 1649 2562 1720 τῆς
2597 1650 2778 1721 ὁρμῆς
2812 1652 3155 1721 καθυφίεσαν
3191 1650 3401 1723 πάντη,
3436 1650 3677 1706 ὑπέκλων

2093 1736 2151 1790 δέ
2190 1741 2286 1791 καὶ
2319 1737 2419 1803 τὰς
2447 1740 2543 1793 τοῦ
2591 1739 2862 1811 βασιλέως
2909 1744 3112 1813 ὁρμάς,
3149 1743 3246 1799 καὶ
3276 1742 3404 1814 ἅμα
3434 1743 3677 1815 δεύτερος

2094 1830 2187 1882 ἐπὶ
2216 1830 2419 1902 πρώτῳ
2450 1835 2545 1886 καὶ
2577 1834 2760 1905 τρίτος
2783 1836 2879 1889 ἐπὶ
2903 1837 3080 1905 τούτῳ
3108 1836 3202 1891 καὶ
3230 1837 3462 1908 ἐφεξῆς,
3486 1836 3674 1906 φόϐους

399 1911 781 1995 προσιϐαλ]ον
796 1915 1007 1984 μείζονι
1024 1920 1118 1972 καὶ
1139 1920 1251 1973 αἰεὶ
1269 1920 1379 1993 νέῳ
1400 1920 1658 1987 καθάπαξ
1679 1921 1757 1991 τῷ
1779 1922 1990 1993 λήματι
2024 1909 2064 1963 Β
2095 1922 2352 1990 λέγοντες
2388 1927 2484 1977 καὶ
2544 1926 2805 1991 ὑπονοίας
2860 1928 3376 2001 είδωλοποιοῠμενοι
3419 1928 3674 2000 φοϐερὰς.

397 2006 699 2078 χρώμενοι,
742 2008 839 2063 καὶ
886 2010 990 2083 ἤδη
1037 2011 1099 2066 οὐ
1153 2012 1288 2082 παρ’
1320 2013 1528 2079 αὐτοῖς,
1563 2014 1683 2069 ἀλλ’
1713 2016 1773 2069 ἐν
1806 2016 1993 2077 αὐτοῖς

397 2095 541 2168 ἦσαν
574 2103 686 2164 τοῖς
706 2101 839 2155 πολε
847 2103 1003 2173 μίοις
1017 2104 1114 2158 καὶ
1131 2105 1466 2176 προσϐαλεῖν
1487 2105 1740 2177 ἔμελλον,
1767 2107 1988 2173 αὐτίκα,

403 2191 701 2260 ὀστράκου,
742 2193 911 2261 φασὶ,
967 2196 1394 2263 μεταπεσόντος,
1430 2196 1883 2269 γνωσιμαχοῖωιν
1927 2199 1992 2250 ἐκ

400 2282 555 2346 δέους
578 2285 628 2337 οἱ
654 2284 926 2356 ἡγεμόνες
950 2286 1046 2342 καὶ
1064 2288 1125 2341 ἐν
1148 2288 1427 2353 ὑπονοίαις
1453 2291 1724 2359 ἐγένοντο,
1742 2290 1805 2344 οὑ
1826 2290 1994 2345 δεδιό-

398 2393 493 2440 τες
522 2376 775 2448 ἐχθροὺς,
799 2378 878 2442 ὡς
911 2378 1178 2450 ἔφασκον,
1201 2380 1320 2435 ἀλλ’
1355 2381 1498 2453 ὑπὲρ
1528 2381 1795 2453 βασιλέως
1829 2400 1993 2452 φρον-

403 2470 647 2535 τίζοντες
682 2471 873 2543 δῆθεν.
903 2473 1116 2538 Αὐτοὺς
1144 2474 1247 2545 μὲν
1269 2473 1379 2545 γὰρ
1409 2474 1505 2529 καὶ
1539 2475 1737 2547 μόνους
1758 2474 1989 2546 λειφθῆ-

401 2589 705 2657 inpetum;
740 2592 873 2661 quin
925 2607 1191 2662 apparere
1226 2593 1480 2648 cunctari
1522 2606 1742 2648 rursum
1779 2591 1903 2646 illos
1935 2590 2003 2643 et'

401 2682 505 2736 sibi
538 2682 784 2739 diuidere
813 2684 1128 2755 inceptique
1147 2685 1382 2741 horrore
1408 2684 1670 2749 titubare,
1692 2683 1986 2739 consilium

404 2784 684 2831 momento
708 2777 928 2848 expedit
952 2793 1085 2834 sane
1108 2793 1460 2851 generosum,
1489 2794 1598 2833 non
1631 2776 1989 2846 cxspectandi

402 2870 533 2922 dum
568 2870 781 2939 priores
821 2872 885 2925 ad
926 2887 1047 2927 sese
1072 2873 1329 2927 venirent
1358 2871 1558 2934 Persm,
1591 2873 1684 2925 sed
1714 2884 1991 2940 praeoccu-

401 2964 569 3037 pantli
626 2974 855 3020 strenue
914 2965 1390 3020 deliberabundus
1444 2965 1626 3018 adhuc
1680 2963 1991 3029 dubiosque

401 3055 724 3121 sententiae;
755 3072 866 3127 quo
897 3065 1045 3111 statu
1083 3064 1239 3111 tanto
1266 3057 1442 3126 magis
1473 3056 1746 3124 citiusque
1776 3050 1991 3123 percel-

404 3150 548 3206 tendi
598 3152 921 3206 viderentur
963 3149 1265 3222 improvisa
1326 3150 1560 3205 audacia
1611 3150 1888 3204 exercitus
1933 3147 1989 3201 iu

2094 2017 2462 2087 ὑποστρέφειν
2486 2020 2731 2086 ἔπειθον,
2766 2022 2843 2086 ὡς
2875 2022 3013 2093 μήτε
3037 2024 3138 2078 συν
3170 2022 3387 2095 βασιλεῖ
3411 2019 3677 2096 προσϐάλ-

2094 2112 2209 2165 λειν
2266 2114 2592 2184 φαινόμενον
2630 2115 2895 2183 ἀσφαλὲς,
2945 2116 3074 2188 μήτ’
3125 2115 3327 2179 αὐτούς
3371 2133 3439 2186 γε
3492 2114 3673 2186 μόνους

2093 2202 2465 2274 καταθαρῤεῐν
2494 2204 2588 2259 τὸν
2611 2206 2872 2278 πόλεμον·
2907 2207 3084 2260 πάντα
3106 2208 3219 2277 γὰρ
3241 2207 3480 2277 δεύτερα
3505 2205 3669 2272 ἐλογίο

2094 2295 2254 2360 ζοντο
2275 2296 2372 2352 τοῦ
2405 2297 2632 2368 βασιλέα
2675 2316 2736 2353 τε
2772 2302 2866 2354 καὶ
2901 2302 3130 2372 στρατὸν
3161 2301 3322 2356 τόσον
3351 2303 3412 2354 ἐν
3455 2296 3674 2370 ἀσφαλεῖ

2093 2404 2158 2457 γε
2191 2392 2687 2460 περιποιήσασθαι.
2718 2393 2937 2447 Γίνεται
2972 2393 3267 2465 τοιγαροῦν
3291 2394 3387 2447 καὶ
3417 2392 3494 2463 μὴ
3520 2391 3674 2444 θέλων

2092 2484 2121 2537 ό
2158 2481 2411 2553 βασιλεὺς
2439 2488 2537 2555 τῆς
2565 2485 2792 2541 ἐκείνων
2826 2484 3052 2557 βουλῆς,
3087 2487 3182 2540 καὶ
3236 2485 3471 2557 στρατὸς
3514 2482 3672 2544 οὕτως

2095 2601 2276 2659 clitari
2310 2602 2610 2658 exitialiter
2640 2610 2955 2659 cernerent.
2992 2602 3090 2657 Sui
3135 2600 3358 2671 quidem
3386 2611 3623 2669 ipsorum
3648 2636 3662 2660 ν

2094 2702 2377 2764 utcunque
2401 2694 2456 2749 in
2487 2704 2697 2750 certam
2743 2693 3041 2763 perniciem
3064 2698 3314 2758 ruerent,
3338 2686 3664 2746 tolerabilem

2093 2795 2288 2857 putare
2330 2786 2605 2855 iacturam
2633 2803 2649 2851 ;
2682 2802 2744 2843 se
2785 2787 2921 2843 solis
2955 2786 3145 2858 praelia
3187 2783 3497 2856 peremptis
3531 2788 3665 2836 stare

2093 2877 2454 2933 nihilominus
2492 2894 2653 2947 posse
2686 2879 3086 2949 rempublicam
3113 2894 3128 2931 :
3151 2878 3491 2947 imperatore
3516 2871 3663 2927 simul

2093 2971 2385 3043 absumpto
2407 2988 2681 3029 summam
2707 2972 2787 3029 rei
2813 2981 3132 3043 statumque
3158 2970 3375 3039 imperii
3402 2967 3519 3040 pari
3545 2978 3663 3020 casu

2093 3064 2267 3119 videri
2295 3065 2640 3135 prolapsura.
2667 3063 2924 3120 Insanum
2956 3080 3089 3136 ergo
3116 3078 3239 3120 esse
3256 3070 3471 3117 tantam
3497 3059 3655 3115 aleam

2094 3166 2302 3213 temere
2329 3158 2535 3229 jacere,
2571 3172 2680 3212 uno
2707 3157 2879 3213 illicio
2905 3157 3227 3227 perincertze
3248 3153 3393 3224 spei,
3420 3151 3511 3209 cui
3534 3163 3656 3204 con-

403 3246 551 3310 ίνεοε
579 3245 821 3313 “ﬁdique
852 3245 900 3299 Vi
930 3261 1148 3299 summa
1177 3244 1538 3301 ίηουηεηιῑει
1571 3241 1833 3307 militares
1862 3255 1989 3296 8'19-
2019 3251 2066 3314 ε
2097 3251 2301 3306 trarius
2334 3248 2758 3305 fundatissimus
2801 3258 2980 3306 metus
3026 3264 3134 3305 non
3166 3249 3447 3319 relinquat
3477 3245 3660 3301 locum.

401 3334 630 3391 tiuendo
664 3352 772 3391 non
814 3335 1030 3393 futuros
1067 3336 1470 3392 verisimillima
1504 3348 1627 3402 spes
1645 3333 1808 3404 312
1833 3331 1988 3387 aﬂul-

400 3442 588 3497 geret;
621 3431 865 3499 adeoque
899 3444 1110 3500 magnae
1142 3430 1220 3484 rei
1265 3428 1484 3483 fortiter
1516 3444 1579 3483 ac
1620 3428 1858 3483 feliciter
1890 3442 1988 3493 ge-

402 3523 586 3577 rendae
613 3523 905 3587 pretiosam
938 3522 991 3576 in
1022 3523 1215 3592 primis
1243 3520 1432 3577 oﬁ‘erri
1461 3523 1833 3576 occasionem.
1868 3517 1993 3585 Ηεεο

402 3619 639 3687 loquens
660 3631 804 3686 aegre
826 3616 1078 3685 probavit
1101 3614 1335 3672 ducibus
1361 3615 1621 3668 Romanis
1639 3629 1777 3685 quos
1802 3629 1990 3669 secum

403 3712 665 3767 habebat.
694 3711 998 3767 Cesserunt
1036 3710 1113 3765 illi
1144 3719 1324 3764 tamen
1358 3710 1516 3764 veriti
1550 3709 1827 3763 exercitus
1859 3721 1993 3761 con-

404 3821 630 3861 sensum
669 3820 795 3861 cum
827 3804 1178 3873 imperatoris
1210 3804 1491 3858 voluntate
1539 3801 1982 3871 conspirantem.

404 3896 539 3952 Nam
573 3897 729 3951 Alani
777 3910 970 3957 magna
1004 3910 1101 3965 spe
1149 3910 1446 3951 successus
1478 3894 1581 3949 sibi
1627 3892 1989 3964 prosperrimi

402 3991 683 4062 vigebant,
711 3989 1009 4061 ausurique
1042 4005 1107 4043 ac
1142 3990 1399 4045 cenaturi
1432 3988 1600 4044 etiam
1642 4001 1807 4058 supra
1846 3988 2018 4066 vires_

402 4083 753 4140 videbantur.
787 4083 1023 4139 Aliunde
1057 4082 1317 4139 Romana:
1344 4084 1515 4152 copia:
1549 4091 1604 4138 et
1638 4080 1987 4137 conscientia

405 4176 778 4233 multitudinis
815 4186 869 4231 ct
905 4176 1195 4245 prmsentia
1232 4175 1601 4247 imperatoris,
1632 4174 1861 4243 ejusque
1902 4173 1995 4227 llo-

404 4272 577 4327 rentis
601 4286 718 4326 aevo
744 4268 1090 4342 juvenilique
1117 4269 1338 4337 robore,
1364 4267 1762 4324 incredibiliter
1783 4268 1994 4322 anima-

403 4365 604 4420 b'mtur
631 4365 696 4420 ad
733 4364 1037 4420 fortissime
1078 4363 1439 4434 pugnandum
1473 4361 1599 4432 ejus
1637 4359 1837 4415 ductu.
1879 4358 1993 4414 Nec

405 4465 719 4526 spectantes
755 4455 1083 4511 dubitabant
1113 4453 1246 4523 quin
1283 4452 1561 4523 praeclarae
1594 4449 1839 4507 victorive
1888 4464 1991 4517 op-

409 4549 744 4620 portunitas,
808 4549 944 4605 citra
1007 4545 1243 4618 quodvis
1304 4544 1609 4616 periculum
1665 4542 1990 4598 oll‘ensionis

407 4641 558 4705 belli,
608 4655 671 4697 se
715 4639 963 4697 offerret.
1021 4639 1157 4696 Cum
1206 4652 1273 4693 eo
1317 4637 1398 4691 sic
1451 4637 1777 4706 imperator,
1823 4638 1905 4692 sic
1939 4634 1990 4689 ei
2019 4608 2073 4670 Ῐ)

407 4732 769 4787 consentiens
800 4731 1105 4797 exercitus,
1133 4745 1409 4803 generoso
1448 4732 1654 4800 impetu
1690 4728 1991 4794 ferrentur,

400 4830 628 4898 jamque
671 4842 864 4882 omnes
896 4843 927 4883 e
970 4826 1117 4883 vallo
1159 4827 1364 4897 egressi
1415 4824 1813 4896 procederent,
1862 4838 1988 4877 cre-

406 4929 731 4992 scenteque,
759 4930 817 4975 ut
842 4919 920 4984 ﬁt,
947 4919 1129 4976 obiter
1150 4920 1378 4974 audacia
1406 4932 1519 4989 quo
1548 4916 1770 4988 propius
1803 4915 1996 4972 admo-

406 5017 677 5072 vebantur
709 5012 1047 5078 discrimini,
1089 5012 1292 5068 animis
1319 5020 1375 5067 et
1414 5011 1702 5067 alacritate
1736 5009 1993 5065 ferociori

407 5110 773 5172 minarentur,
805 5106 1018 5163 emensi
1051 5106 1188 5176 quin
1225 5106 1390 5159 etiam
1432 5103 1695 5159 velociter
1735 5103 1996 5157 interval-

408 5205 522 5257 lum
559 5201 801 5256 medium
843 5215 953 5256 non
988 5198 1305 5271 prepinqui,
1335 5198 1431 5255 sed
1465 5198 1641 5266 juncti
1672 5213 1738 5253 ac
1778 5207 1990 5252 tantum

408 5311 517 5349 uou
550 5293 696 5348 misti
720 5292 976 5350 hostibus
999 5293 1200 5353 forent.
1239 5292 1294 5348 in
1325 5291 1573 5359 proximo
1606 5290 1728 5361 ipso
1756 5291 1993 5360 denique

408 5388 696 5454 procinctu
753 5401 819 5442 ac
855 5388 1015 5456 quasi
1063 5387 1238 5457 prima
1286 5385 1549 5440 libatione
1594 5383 1805 5455 praelii.
1863 5398 1994 5438 ecce

408 5482 550 5534 velut
582 5480 751 5551 (quod
779 5479 955 5547 aiunt)
989 5479 1186 5550 tegulae
1218 5476 1517 5548 iutcrlapsu
1553 5476 1991 5547 inepiuatissima

406 5575 716 5625 conversio.
744 5570 889 5626 Metu
912 5572 1154 5641 correpti
1185 5571 1356 5628 duces
1377 5570 1655 5624 exercitus
1682 5570 1992 5623 deliberare

404 5671 588 5717 ileutm
620 5674 673 5716 et
707 5675 918 5718 certare
942 5664 1240 5720 sententiis
1271 5674 1580 5731 coeperunt.
1606 5660 1794 5716 Vereri
1826 5677 1995 5716 even-

406 5770 519 5809 tum
573 5772 631 5810 se
684 5760 905 5811 aiebant
943 5759 1107 5812 nimis
1150 5756 1410 5826 ancipitis
1456 5755 1687 5826 negotii.
1739 5770 1839 5809 uec
1886 5770 1988 5808 sua

408 5856 618 5906 νημαι-ι
661 5866 826 5903 causa
874 5851 1192 5915 formidare,
1240 5849 1334 5904 sed
1371 5849 1718 5903 consternari
1758 5848 1986 5901 horrore

407 5948 768 6014 uiSCl'illtilliS,
803 5962 912 6019 quo
948 5945 1114 6004 vitam
1148 5961 1209 6002 ac
1228 5954 1406 6016 caput
1448 5944 1799 6015 imperatoris
1831 5944 1984 6015 peri-

2101 3357 2120 3392 ι
2159 3338 2303 3406 Quid
2354 3341 2503 3396 enim
2551 3340 2840 3396 victoriam
2889 3340 3255 3407 somniemus,
3301 3347 3519 3395 tantum
3567 3349 3662 3391 nou

2092 3433 2205 3504 jam
2257 3434 2427 3489 victi?
2477 3448 2587 3489 nou
2648 3432 2897 3490 videmus
2948 3432 3223 3489 infinitam
3273 3429 3659 3487 multitudinem

2095 3523 2236 3579 aciei
2282 3523 2544 3580 hostilis?
2582 3539 2714 3579 num
2765 3524 3089 3593 ignoramus
3136 3531 3188 3578 et
3243 3522 3577 3578 fortissimos
3614 3525 3666 3572 et

2095 3618 2596 3674 exercitatissimos
2630 3616 2791 3673 hellis
2826 3616 2938 3672 illic
2986 3626 3135 3673 stare
3169 3616 3420 3674 milites?
3460 3614 3584 3685 quin
3616 3620 3663 3664 et

2095 3712 2440 3780 exploratam
2498 3711 2636 3783 ipsis
2687 3719 2937 3766 nostram
2997 3710 3161 3783 313
3218 3711 3663 3781 perspicuamque

2096 3805 2330 3868 cladem,
2358 3804 2403 3860 si
2431 3819 2533 3860 nos
2573 3804 2679 3861 illis
2705 3804 3175 3870 commiserimus,
3205 3802 3308 3856 ista
3338 3815 3529 3859 eorum
3555 3799 3657 3864 ipsa

2096 3910 2262 3967 quam
2313 3897 2564 3953 videmus
2608 3896 2840 3952 audacia
2903 3894 3176 3967 loquitur.
3235 3892 3527 3964 Nunquam
3578 3889 3659 3958 qui

2094 3988 2250 4060 prius
2290 3987 2567 4045 latuerant
2608 3996 2716 4042 tam
2748 3987 2983 4044 fidenter
3028 3986 3356 4058 prodirent,
3390 3984 3492 4040 nisi
3527 3986 3658 4035 certa

2095 4098 2192 4154 spe
2219 4084 2403 4155 magni
2434 4099 2732 4140 successus
2763 4083 3154 4140 incitarentur.
3181 4081 3332 4137 Nihil
3366 4082 3514 4153 ipsos
3542 4077 3659 4131 latet

2097 4193 2283 4234 rerum
2320 4187 2662 4235 nostrarum.
2701 4177 2776 4233 De
2808 4177 3138 4247 imperatore
3164 4174 3258 4245 qui
3296 4182 3491 4229 contra
3519 4170 3651 4240 ipsos

2096 4272 2299 4338 veniat,
2330 4272 2559 4340 ejusque
2582 4270 2757 4340 copiis
2785 4283 2848 4325 ac
2873 4270 3121 4340 potentia
3148 4275 3350 4323 cuncta
3382 4256 3659 4320 distinctiso

2098 4364 2237 4421 sime
2261 4377 2487 4418 novere.
2508 4360 2658 4417 Talis
2679 4362 2886 4417 indicio
2917 4360 3077 4416 fama
3107 4359 3429 4430 plenissime
3454 4355 3658 4412 edoctos

2096 4465 2151 4513 et
2191 4472 2416 4512 suarum
2448 4456 2697 4512 vicissim
2730 4454 2989 4512 conscios
3029 4452 3228 4508 virium
3262 4453 3496 4507 alterum
3529 4445 3655 4501 duo-

2099 4562 2219 4601 rum
2248 4546 2713 4617 opmtuitl‘acere,
2737 4554 2832 4601 aut
2856 4545 3131 4601 intellecta
3159 4560 3223 4599 ex
3263 4536 3655 4607 comparatione

2100 4641 2417 4701 inﬁrmitate
2447 4642 2668 4711 propria
2696 4640 3015 4695 conﬂictum
3046 4639 3351 4701 declinare,
3386 4643 3479 4692 aut
3523 4628 3653 4686 indi-

2099 4737 2222 4791 dem
2253 4743 2521 4804 concepta
2560 4735 2786 4789 minime
2813 4733 2983 4789 dubia
3026 4733 3223 4788 ﬁducia
3256 4745 3467 4803 magna:
3501 4720 3654 4781 cladis

2100 4839 2303 4883 nostrae
2362 4827 2713 4896 ingentisque
2765 4825 3011 4881 victoriae
3061 4826 3307 4895 ipsorum
3347 4824 3549 4878 alacres
3594 4810 3649 4865 ad

2099 4927 2310 4974 certum
2337 4918 2645 4988 prauuium,
2679 4926 2843 4988 prout
2873 4916 3102 4983 faciunt,
3143 4929 3462 4976 accurrere,
3477 4914 3650 4965 eventu

2097 5027 2164 5066 eo
2192 5013 2400 5082 justins
2432 5011 2588 5067 nobis
2623 5009 2993 5076 formidanda,
3040 5023 3169 5078 quo,
3205 5015 3266 5062 ut
3312 5005 3519 5062 dictum
3556 5004 3649 5058 est.

2097 5114 2266 5174 caput
2314 5106 2491 5174 ipsum
2536 5110 2593 5158 et
2629 5104 2937 5171 Augustam
2974 5115 3268 5172 personam
3305 5091 3646 5170 imperatoriS.

2099 5201 2277 5256 eidem
2312 5198 2603 5254 nobiscqu
2631 5197 2877 5268 periculo
2899 5194 3243 5265 captivitatis
3272 5200 3369 5247 aut
3398 5189 3540 5255 necis
3561 5184 3648 5236 iiu-

2096 5295 2343 5364 plicitam
2378 5292 2678 5351 cernimus.
2708 5308 2727 5343 ι
2759 5288 2913 5344 Talia
2949 5299 3320 5369 memorantes
3348 5299 3473 5339 cum
3507 5286 3645 5334 suum

2094 5386 2197 5453 ipsi
2239 5399 2463 5439 cursum
2506 5383 2561 5438 in
2609 5383 2822 5438 hostem
2857 5381 3166 5443 inhibuere,
3219 5386 3338 5432 tum
3390 5373 3643 5431 incitatam

2095 5476 2329 5546 Augusti
2357 5471 2641 5531 Michaelis
2669 5487 2935 5546 generose
2965 5473 3019 5527 in
3052 5470 3297 5542 praelium
3329 5465 3528 5524 ruentis
3550 5460 3644 5513 ala.

2094 5571 2346 5624 critatem
2383 5568 2849 5623 suillaminaruut.
2880 5563 2985 5622 Ubi
3015 5566 3162 5621 enim
3192 5563 3466 5620 secundus
3501 5560 3643 5621 sup"

2096 5660 2357 5729 primum,
2392 5667 2449 5714 et
2478 5658 2697 5713 duobus
2736 5656 2955 5719 tertius,
2989 5654 3186 5723 hisque
3212 5654 3445 5708 invicem
3474 5652 3642 5719 super'

2096 5755 2376 5809 venientes
2396 5753 2582 5822 plures
2606 5751 2795 5807 eadem
2824 5749 2913 5804 illa
2942 5747 3121 5803 tristia
3156 5755 3424 5801 terrorum
3454 5741 3638 5810 specm

2099 5858 2385 5902 monentes
2407 5856 2464 5899 et
2499 5851 2822 5898 revocantes
2848 5841 3210 5907 obiectarent,
3238 5847 3505 5892 concusso
3534 5837 3641 5897 pt'0'

2100 5943 2279 6014 posito
2320 5940 2571 6011 princeps
2602 5928 2793 6009 junio'r
2832 5931 3125 5993 recedendi
3174 5940 3469 5999 secumque
3507 5923 3634 5976 retro
