3860 6618
139 560 221 622 alii

949 557 1047 618 DE
1086 554 1528 618 ANDRONICO
1569 549 2030 615 PALJ‘IOLOGO
2070 546 2212 615 LIB.
2260 556 2361 616 IV.

3229 548 3336 609 1‘62

135 666 341 730 δεσπόζει
369 664 467 717 τῶν
493 665 671 721 τόπων
692 664 766 730 ὼς
784 666 1066 738 πατρικῶν
1088 668 1330 738 κλήρων,
1358 669 1454 721 καὶ
1481 665 1649 719 καθυ-
1678 672 1722 724 Δ
1749 666 1809 718 οὐ
1842 666 2162 734 νυκτιλόχου
2202 668 2403 736 τρόπον
2426 707 2439 730 ,
2482 664 2634 733 παρα
2681 664 2885 733 γνῶσιν
2934 662 3043 715 τῶν
3073 663 3338 733 ἐντυγχα-

134 760 335 814 ποκλίνει
363 760 484 822 τοὺς
513 758 849 830 προῦχοντας
883 760 991 811 τῶν
1035 759 1164 829 τῇδε
1187 742 1431 827 Περσῶν,
1465 757 1557 819 οὒς
1587 758 1651 823 δὴ

132 856 369 923 σατράπας
398 852 594 903 ἐκεῖνοι
617 851 866 904 καλοῦσι.
902 851 1008 904 Καὶ
1041 854 1089 903 οἱ
1124 852 1220 921 μὲν
1255 852 1472 912 ἑκόντες
1501 849 1656 903 ἄκον-

130 960 203 1006 τες
226 943 530 1005 ἐδουλοῦντο,
556 945 840 1012 Ἀμούριος
862 944 919 996 δὲ
943 945 970 997 ό
998 944 1092 997 τοῦ
1125 942 1253 1013 Ἀλῆ
1283 943 1466 1012 πατὴρ
1495 940 1658 993 ὑπελ-

133 1034 220 1089 θὼν
249 1034 503 1102 Τοχάρους
536 1035 631 1087 καὶ
658 1034 895 1104 οὐλαμὸν
923 1034 984 1100 ἐξ
1011 1035 1189 1089 αὐτῶν
1216 1033 1654 1105 προσλαϐόμενος

130 1125 249 1185 ὅλαις
268 1124 449 1190 ὁρμαῖς
475 1124 818 1192 ἀντέπραττε
848 1123 924 1192 τῷ
956 1123 1172 1193 Μελήκ.
1203 1124 1278 1176 Οὐ
1306 1122 1413 1193 μὴν
1438 1121 1493 1174 δὲ
1518 1120 1656 1174 ἀλλὰ

130 1216 204 1269 καὶ
236 1215 486 1284 πολέμους
540 1216 674 1285 πρὸς
724 1215 888 1269 αὑτὸν
931 1217 1179 1286 ἐκφέρων
1232 1212 1654 1283 κατετροποῦτο,

130 1307 239 1358 ὥστε
266 1307 349 1358 καὶ
374 1305 729 1375 ἀπηυδηκότα
754 1310 865 1367 τοῖς
896 1307 1041 1369 ὅλοις
1073 1306 1292 1376 σύναμα
1321 1303 1540 1373 γυναικὶ
1561 1302 1656 1357 καὶ

131 1397 252 1458 ἰδίοις
272 1395 465 1464 γνῶναι
489 1397 697 1466 βασιλεῖ
727 1399 1092 1466 προσχωρεῖν.
1126 1397 1289 1449 Ὅθεν
1309 1398 1403 1449 καὶ
1430 1396 1531 1462 τὴν
1561 1393 1653 1446 τοῦ

128 1489 293 1541 Πόντου
320 1489 640 1542 καταλαϐεῖν
685 1490 1036 1559 Ἡράκλειαν.
1074 1488 1344 1542 Κάκεῖθεν
1394 1492 1460 1556 τῇ
1506 1488 1658 1538 Κων-

97 1577 366 1632 ’σταντίνου
396 1581 763 1651 ἐπιδημήσας,
812 1582 933 1632 ἐπεὶ
967 1579 1219 1649 βασιλεὺς
1251 1583 1308 1642 ὲς
1363 1578 1655 1649 Νύμφαιον

126 1672 372 1738 ἀπεδήμει,
399 1670 500 1739 τὴν
533 1670 630 1739 μὲν
666 1670 900 1739 σύζυγον
944 1669 1072 1739 τῇδε
1106 1669 1526 1737 καταλιμπάνει,
1560 1667 1658 1720 αύ-

125 1761 196 1821 τδς
216 1760 264 1812 δὲ
288 1760 376 1813 σὺν
405 1761 521 1820 τοῖς
545 1760 681 1830 ἀμφ’
713 1761 874 1813 αὐτδν
914 1759 998 1828 ἐφ’
1035 1762 1272 1830 ἡμέραις
1304 1759 1520 1821 ἀνεθεὶς
1549 1759 1656 1811 τῶν

124 1854 175 1904 ὲκ
186 1854 269 1922 τῆς
282 1852 393 1904 6δοῦ
417 1852 622 1914 κόπων,
645 1854 748 1906 ὑπὸ
771 1852 1038 1923 βασιλικῷ
1058 1852 1361 1924 ποδηγέτῃ,
1391 1852 1656 1922 βασιλέως

126 1945 489 2021 πρηστάξαντος
522 1946 809 2011 ἁκουσθὲν,
841 1947 942 2015 τῆς
971 1948 1063 1999 ἐπὶ
1089 1947 1150 1999 τὸ
1194 1946 1485 2015 Νύμφαιον
1519 1946 1650 1998 ἵετο.

1758 759 1959 809 νόντων
1983 757 2168 825 δῆθεν,
2212 758 2329 810 ἀλλ’
2361 758 2619 827 ἐμφανῶς
2652 758 2745 810 καὶ
2772 757 3141 829 θαρρούντως,
3165 757 3242 820 ὼς
3272 755 3341 827 ἦν

1754 867 1839 914 τις
1870 851 1955 903 ἐπ’
1981 850 2141 903 αὐτὸν
2168 850 2256 914 ἴοι,
2288 851 2514 904 αὐτόθεν
2540 852 3051 921 ἐπεξελευσόμενος.
3102 851 3340 922 Πέρσαις

1755 958 1813 993 τε
1841 937 1995 1002 αὖθις
2031 941 2416 1010 παραγίνεται,
2455 943 2549 995 καὶ
2581 942 2707 994 λαδιν
2757 942 3107 1009 συναγηοχὼς
3140 940 3215 1008 τῷ
3246 957 3342 991 πε-

1758 1034 1927 1103 ριόντι
1953 1034 2053 1102 τῆς
2078 1035 2265 1104 φήμης
2280 1033 2377 1087 τοῦ
2403 1033 2665 1104 προτέρου
2698 1035 2928 1105 κράτους
2957 1035 3053 1086 καὶ
3088 1031 3340 1101 μείζονος

1756 1123 1961 1193 ἔχεται.
2004 1124 2113 1177 Καὶ
2138 1123 2391 1178 τοσοῦτον
2421 1124 2851 1193 κραταιούμενος
2887 1124 3165 1193 ἐνισχύει-ο
3194 1121 3336 1175 ὥστε

1757 1215 1850 1268 καὶ
1897 1216 2058 1270 αὐτὸν
2095 1215 2392 1287 Ἀμούριον
2424 1216 2497 1286 μὴ
2553 1217 2911 1269 συνοίσουσαν
2959 1216 3040 1268 ἔτι
3071 1217 3182 1278 τοῖς
3214 1213 3340 1268 καθ’

1758 1305 1919 1359 αὑτὸν
1947 1306 2239 1375 πράγμασι
2265 1306 2366 1376 τὴν
2405 1307 2499 1359 ἀπ’
2534 1306 2749 1359 ἐκείνου
2797 1306 3088 1376 ἀφηνεασιν
3122 1304 3347 1373 δοκιμά-

1761 1415 1926 1451 σαντα
1969 1398 2172 1466 γνῶναί
2216 1400 2266 1451 οἱ
2316 1399 2457 1452 ἑπτὰ
2491 1398 2711 1468 σύναμα
2760 1399 2920 1452 παισὶ
2946 1398 3069 1452 καθ’
3103 1399 3344 1450 ἱκετείαν

1758 1488 2186 1559 παραγενέσθαι,
2215 1490 2309 1543 καὶ
2331 1489 2528 1560 δώροις
2571 1490 3048 1559 ὲκμειλιξάμενον,
3092 1489 3176 1561 [Ρ.
3210 1488 3343 1558 2'27!

1757 1574 1873 1632 εἶτα
1894 1578 2220 1634 δουλεύοντα
2244 1582 2482 1653 ἀγαπᾷν.
2516 1582 2705 1635 Ταῦτα
2736 1584 2901 1652 γνοὺς
2918 1582 3013 1636 καὶ
3038 1582 3347 1651 δοκιμάσας

1757 1672 2107 1744 ξυμφέροντά
2168 1674 2217 1727 οἱ
2243 1713 2258 1735 ,
2296 1674 2477 1727 λαϐὼν
2519 1677 2649 1738 τοὺς
2698 1676 2892 1738 παῖδας
2946 1675 3162 1744 σύναμα
3195 1673 3348 1726 πλεί-

1759 1778 1928 1824 στοις,
1954 1762 2136 1815 ἱκέτου
2187 1763 2483 1833 αύτομολεῖ
2516 1766 2776 1833 σχήματι.
2824 1765 2883 1818 ’0
2916 1765 2972 1818 δὲ
3013 1768 3124 1828 τοῖς
3152 1763 3347 1835 προτέ-

1761 1868 1875 1923 ροις
1905 1853 2223 1922 ἀπομηνίων
2264 1856 2357 1908 καὶ
2389 1856 2554 1924 μηδὲν
2583 1855 2849 1923 καθυφεὶς
2874 1854 2969 1909 τοῦ
3004 1855 3163 1908 κότου
3186 1855 3342 1908 δέκτο

1764 1943 1862 2013 μὲν
1893 1944 2063 2013 δῶρα,
2100 1945 2262 1998 πόνον
2288 1946 2330 1997 δ’
2357 1946 2669 2015 ἀμέγαρτον
2704 1947 2954 2016 ὄφελλεν.
2999 1945 3089 2010 Ὠς
3113 1946 3221 2015 γὰρ
3253 1946 3350 2015 μό-

132 2037 265 2089 ’Δλλά
302 2054 397 2091 που
438 2018 565 2108 περὶ
612 2038 671 2089 τὸ
696 2038 1056 2107 Ἀτραμύτιον
1089 2036 1352 2105 γεγονὼς,
1390 2036 1500 2089 εἴτε
1530 2037 1658 2104 παρ’
1690 2018 1736 2077 Β
1766 2038 1848 2098 λις
1880 2037 2150 2105 εἰσαχθεὶς
2202 2037 2341 2106 μετὰ
2392 2038 2501 2091 τῶν
2551 2037 2743 2109 δώρων
2774 2038 2883 2110 πρὸ
2922 2037 3098 2092 ποδῶν
3128 2038 3344 2092 ἐκαλινι-
3392 2106 3405 2113 ν

125 2129 251 2183 ἄλλου
282 2126 466 2198 μαθὼν
493 2131 601 2180 sive
633 2128 735 2198 μὴν
760 2130 853 2181 καὶ
888 2130 1047 2190 αὐτὸς
1077 2127 1429 2197 ὑποτοπήσας
1462 2128 1536 2188 ὼς
1565 2130 1666 2180 οὐκ

124 2222 187 2283 εὶς
218 2222 363 2275 καλὸν
387 2221 594 2273 ἐσεῖταί
623 2222 672 2273 oi
702 2223 735 2290 ὴ
767 2221 900 2292 πρὸς
944 2221 1035 2273 τὸν
1061 2220 1271 2274 ἄνακτα
1293 2220 1496 2287 ἄφιξις,
1530 2237 1667 2286 γνω-

129 2315 313 2382 σιμαχεῖ
336 2330 395 2366 τε
434 2313 657 2374 αὐτίκα,
685 2315 779 2367 καὶ
812 2312 1001 2383 καιροῦ
1035 2311 1355 2381 λαϐόμενος,
1386 2310 1480 2364 τοῦ
1508 2311 1668 2382 ποδη-

128 2403 251 2471 γέτου
272 2402 317 2473 (ό
355 2403 397 2455 δ’
427 2401 495 2475 ἦν
516 2404 545 2455 ὁ
566 2404 892 2473 Ἀϐράμπαξ
924 2398 1423 2475 πρὼθιερακάριος)
1444 2402 1540 2465 τὰς
1574 2419 1667 2455 πο-

126 2491 320 2565 λυωρίας
334 2495 718 2565 παρενεγκὼν,
745 2495 973 2548 αὐτόθεν
992 2494 1261 2564 ὲκνρεύγει
1283 2511 1383 2547 νυκ
1398 2494 1496 2559 ;ὸς,
1528 2491 1667 2561 πλὴν

127 2675 170 2730 in
194 2676 314 2733 urbe
343 2678 560 2740 relicta,
593 2678 711 2750 ipse
755 2678 952 2736 ducem
985 2678 1199 2736 itineris
1219 2679 1287 2734 ab
1336 2679 1667 2750 imperatore

125 2770 318 2826 missum
406 2788 653 2842 sequens
743 2770 890 2844 (nam
957 2772 1147 2828 audito
1208 2773 1490 2842 Augustus
1547 2772 1668 2841 ejus

125 2860 330 2917 adventu
359 2879 489 2918 eum
516 2864 583 2917 ad
616 2878 675 2919 se
706 2862 1052 2934 invitaverat)
1086 2862 1442 2935 Nymphaeum
1477 2876 1669 2917 versus

123 2953 210 3009 iter
240 2956 485 3011 intendit.
528 2955 635 3012 Sed
689 2970 816 3012 cum
869 2971 1040 3027 prope
1078 2955 1446 3025 Atramytium
1488 2957 1667 3011 eundo

124 3050 463 3115 pervenisset,
488 3050 607 3105 sive
638 3048 869 3104 alterius
903 3047 1186 3103 admonitu
1217 3049 1329 3104 sive
1353 3047 1668 3117 suspicione

124 3143 335 3213 propria,
367 3151 639 3212 concepta
676 3140 1064 3211 desperatione
1095 3139 1342 3210 prosperi
1375 3153 1667 3211 successus

123 3233 256 3289 istius
287 3252 397 3291 sine
432 3234 793 3306 profectionis
843 3234 912 3290 ad
959 3234 1287 3304 Augustum,
1351 3231 1665 3302 aliquandiu

1766 2127 1909 2180 δεῖτο
1952 2131 2045 2180 καὶ
2077 2129 2454 2191 καθικέτευεν,
2503 2131 2715 2193 ἐκεῖνος
2744 2129 2812 2183 τὰ
2855 2129 3025 2183 πάλαι
3057 2127 3340 2199 προῦφερε

1767 2223 1858 2271 καὶ
1891 2218 2100 2288 πικρῶς
2148 2218 2391 2285 ὠνείδιζε
2440 2221 2534 2273 καὶ
2573 2221 2874 2292 ἀπήλεγχε,
2907 2222 3001 2274 καὶ
3031 2222 3182 2285 τέλος
3216 2222 3345 2274 σκύ-

1768 2328 1865 2376 φον
1917 2311 2062 2365 οἴνου
2113 2311 2293 2365 λαϐὼν
2335 2312 2419 2375 ὡς
2458 2314 2716 2381 πιόμενος
2742 2354 2757 2379 ,
2812 2316 2927 2377 τοῖς
2983 2315 3113 2385 περὶ
3178 2315 3343 2367 αὐτὸν

1769 2404 2134 2473 συγκείμενον
2157 2404 2215 2457 ὃν
2238 2404 2403 2458 αὐτοῦ
2430 2405 2491 2459 τὸ
2513 2404 2780 2475 ξύμϐολον
2804 2406 3075 2473 δείξαντος
3101 2406 3183 2479 (τό
3206 2406 3250 2460 δ’
3279 2402 3348 2477 ἦν

1768 2496 1842 2559 ὼς
1866 2495 2028 2565 δῆθεν
2058 2497 2467 2568 σκορδινιιῖωτος
2497 2498 2590 2553 καὶ
2618 2497 2715 2561 τὰς
2758 2501 2948 2569 χεῖρας
2971 2499 3345 2569 ὲκτείναντος)

1770 2675 2014 2745 οὶιῇεοιιιε
2048 2679 2113 2732 ad
2145 2677 2267 2747 ejus
2313 2680 2481 2750 pedes
2518 2681 2752 2752 supplex
2793 2682 3060 2738 Arnurius
3090 2682 3348 2738 volveba-

1771 2778 1884 2832 tur,
1919 2769 2011 2826 ille
2046 2779 2229 2826 vetera
2266 2773 2389 2841 ejus
2441 2773 2733 2830 malefacta
2765 2775 3016 2845 protulit,
3053 2790 3351 2843 amareque

1769 2862 2111 2931 exprobrans
2161 2878 2286 2918 eum
2325 2864 2474 2919 omni
2498 2865 2642 2920 malo
2675 2865 2896 2936 dignum
2931 2882 3033 2923 nec
3076 2867 3184 2921 ulla
3211 2869 3350 2923 satis

1768 2956 2123 3011 excusatione
2145 2956 2492 3026 purgabilem
2514 2959 2834 3013 declaravit.
2857 2960 3097 3015 Tandem
3118 2970 3346 3016 extensa

1771 3055 2004 3115 utraque
2036 3058 2227 3111 manu,
2254 3046 2519 3117 scyphum
2554 3046 2724 3102 altera
2765 3048 2894 3103 vino
2928 3049 3147 3118 plenum
3190 3054 3347 3120 quasi

1768 3136 2048 3192 bibiturus
2080 3150 2304 3191 sumens
2332 3177 2346 3201 ,
2376 3138 2594 3207 signum
2632 3138 2802 3193 edidit
2834 3139 2902 3194 de
2932 3156 3040 3210 quo
3064 3150 3189 3196 ante.
3223 3156 3351 3197 cum

1769 3230 1888 3284 suis
1910 3236 2266 3293 convenerat,
2297 3240 2355 3284 ut
2378 3230 2542 3286 simul
2564 3230 2829 3286 nimirum
2862 3231 3041 3304 ipsum
3060 3242 3351 3290 cernerent

123 3326 453 3384 deliberando
487 3329 725 3383 luetatus
768 3328 1051 3381 damnavit
1107 3325 1345 3397 denique
1371 3324 1661 3380 consilium
1696 3361 1738 3417 ο
1772 3334 1971 3377 "tantis
2013 3320 2224 3375 diverse
2254 3319 2580 3391 iamautem.
2639 3321 2804 3377 Siculi
2832 3337 2862 3377 θ
2905 3337 3102 3379 somno
3154 3339 3352 3394 exper-

123 3430 167 3473 et
189 3430 357 3490 empto
429 3421 705 3477 absistere
758 3418 1068 3475 constituit.
1141 3416 1480 3486 Captatoque
1539 3431 1663 3470 mox

124 3518 358 3581 tempore,
390 3512 575 3584 palam
608 3518 836 3582 questus
882 3509 1165 3566 observari
1216 3523 1336 3563 sese
1393 3508 1667 3562 curiosius

123 3606 578 3676 suspiciosiusque
609 3621 638 3659 a
673 3604 973 3660 deductore
999 3601 1068 3658 ad
1123 3616 1182 3657 se
1215 3600 1386 3656 misso
1424 3600 1564 3671 (erat
1622 3601 1669 3654 is

121 3700 403 3772 Abrampax
441 3700 935 3772 protliieracarius)
977 3713 1140 3768 quam
1175 3696 1426 3751 benevoli
1454 3697 1669 3751 comitis

120 3794 329 3850 ofﬁcium
380 3803 662 3865 posceret,
709 3793 836 3849 inde
874 3799 1041 3847 noctu
1075 3791 1311 3861 aufugit,
1346 3805 1455 3845 non
1486 3798 1666 3843 tamen

121 3888 344 3941 nocturni
401 3886 751 3943 insidiatoris
802 3885 933 3949 ritu,
983 3882 1153 3937 vitata
1206 3883 1469 3935 comitum
1529 3895 1668 3935 con-

120 3980 319 4032 scientia
367 3980 607 4042 scilicet,
630 3992 828 4032 .vcrurn
860 3976 1038 4044 palam
1073 3982 1128 4030 et
1172 3973 1444 4037 ﬁdenter;
1472 3987 1579 4041 prae
1610 3987 1672 4027 se

118 4068 297 4134 ferens,
342 4071 389 4125 si
422 4072 554 4139 quis
586 4084 681 4139 per
739 4070 845 4122 vim
899 4067 1194 4138 prohibere
1245 4074 1561 4127 conaretur,
1615 4068 1667 4119 in

116 4174 221 4212 eum
250 4177 307 4215 se
339 4161 533 4216 statim
589 4162 854 4229 impetum
912 4158 1207 4212 facturum.
1268 4155 1344 4209 lta
1378 4169 1571 4210 rursus
1602 4157 1667 4208 ad

117 4252 291 4310 Persas
337 4273 397 4312 se
454 4256 675 4323 recipit,
745 4254 1084 4323 collectaque
1144 4268 1308 4309 manu
1354 4250 1671 4306 melioribus

115 4360 256 4412 quam
311 4350 470 4417 prius
526 4363 641 4400 rem
703 4344 869 4415 329
916 4360 1102 4414 genere
1163 4343 1330 4413 carpit
1382 4338 1675 4410 auspiciis.

119 4434 250 4490 livide
273 4449 323 4491 et
352 4442 511 4492 fama:
538 4438 909 4492 celebritatem
947 4443 1001 4491 et
1033 4434 1292 4504 majorem
1326 4432 1496 4504 priori
1519 4430 1670 4490 brevi

114 4540 396 4597 potentiam
460 4531 719 4600 adeptus,
757 4537 968 4582 tantum
1029 4528 1259 4583 invaluit
1301 4537 1361 4583 ut
1386 4539 1440 4584 et
1486 4532 1667 4602 ipsum

115 4623 406 4687 Aruurimn,
444 4624 606 4691 plane
655 4636 972 4691 persuasum
1030 4619 1176 4673 haud
1208 4621 1324 4676 suis
1376 4621 1444 4675 de
1473 4635 1671 4679 caetero

1770 3412 2042 3482 giscentes
2094 3413 2293 3474 solent,
2328 3414 2556 3471 ensibus
2587 3424 2811 3487 repente
2851 3417 3061 3472 strictis
3090 3418 3350 3474 concide-

1772 3515 1891 3560 rent
1917 3504 2222 3575 supplices;
2265 3506 2417 3572 quod
2446 3507 2677 3578 impigre
2709 3509 2787 3562 illi
2823 3524 2852 3563 a
2890 3509 3010 3564 viso
3044 3510 3227 3566 statim
3276 3512 3352 3567 εἰ·-

1769 3612 1877 3677 gno
1936 3597 2205 3651 facientes
2262 3599 2537 3653 funestam
2578 3598 2807 3654 Amurio
2864 3610 2918 3655 et
2951 3600 3077 3655 filiis
3131 3616 3347 3658 caenam

1770 3688 2073 3757 praebuere.
2111 3689 2189 3743 Ex
2229 3690 2327 3744 ista
2362 3689 2624 3760 tragoedia
2656 3692 2840 3746 divina
2876 3693 3112 3762 quadam
3170 3699 3351 3764 provi-

1770 3781 1955 3835 dentia
1984 3792 2234 3835 servatus
2259 3779 2442 3845 Hales,
2475 3797 2619 3837 unus
2672 3783 2882 3836 Atnurii
2944 3784 3199 3851 ﬁliormn,
3252 3787 3351 3840 do-

1770 3874 1886 3928 lore
1912 3874 2102 3939 iraque
2128 3872 2375 3936 ardebat,
2397 3874 2771 3928 excarniﬁcati
2804 3875 2921 3929 dire
2947 3877 3116 3945 patris
3150 3895 3351 3934 eruca-

1774 3974 1881 4018 tarn
1940 3963 2229 4033 imaginem
2292 3964 2475 4019 animo
2541 3964 2759 4018 inﬁxam
2812 3964 3227 4030 circumferens,
3288 3987 3352 4026 ac

1772 4056 1891 4111 dies
1909 4064 2210 4124 noctcsilue
2235 4058 2285 4109 in
2318 4055 2648 4124 cogitatione
2677 4057 2977 4112 ulciscendi
3009 4069 3114 4113 tam
3140 4062 3348 4117 infundi

1772 4146 1997 4201 sceleris
2020 4155 2296 4216 perstans,
2314 4159 2414 4201 nec
2436 4160 2673 4215 unquam
2703 4146 2772 4201 ab
2796 4161 2861 4202 eo
2884 4159 3080 4202 conatu
3103 4149 3204 4204 sibi
3227 4166 3351 4218 par-

1774 4250 1881 4294 tem
1898 4240 2102 4309 quietis
2123 4240 2289 4293 ullam
2311 4239 2625 4309 capiendam
2644 4254 2894 4295 censeris.
2918 4240 2998 4296 Ad
3020 4242 3167 4299 hunc
3184 4245 3345 4299 liuent

1775 4330 2065 4384 conciliata
2089 4329 2252 4401 330
2272 4330 2375 4385 sibi
2418 4346 2582 4385 manu
2643 4346 2752 4384 non
2821 4331 3035 4388 modica
3057 4333 3348 4389 Persarum

1778 4423 2209 4475 latrocinallatur
2242 4422 2701 4484 circumcursans,
2737 4436 2800 4476 ac
2828 4422 2986 4492 plane
3032 4439 3143 4495 pra:
3188 4440 3247 4481 se
3278 4426 3356 4479 fe-

1777 4528 1905 4568 rens
1941 4523 2034 4567 aut
2063 4513 2327 4566 ultionem
2363 4527 2422 4568 se
2471 4524 2761 4584 capturum
2792 4514 2858 4569 de
2909 4514 3112 4571 Meleco
3151 4524 3246 4570 aut
3294 4519 3351 4573 in

1773 4606 1890 4674 ejus
1923 4607 1999 4661 rei
2033 4615 2234 4659 conatu
2257 4606 2665 4661 occubiturum.
2719 4606 2853 4661 Dum
2910 4622 3043 4676 ergo
3102 4609 3351 4666 incursa-

115 4716 260 4769 rebus
307 4715 429 4768 fore
492 4711 896 4767 conducibilem
959 4727 988 4764 a
1027 4709 1248 4778 Meleon)
1292 4711 1663 4780 rebellionem,

1778 4698 2019 4752 tionibus
2054 4706 2234 4751 vastat
2259 4698 2512 4765 regiones
2569 4707 2623 4753 et
2687 4699 2843 4752 omni
2899 4702 3110 4755 ratione
3157 4717 3353 4758 conse-

116 4806 401 4873 perpulerit
428 4808 494 4860 ad
529 4804 823 4860 consilium
859 4801 1160 4857 atnbienda:
1202 4802 1520 4871 Suppliciter
1549 4806 1673 4873 ejus

115 4899 304 4965 gratiae,
337 4915 405 4952 ac
441 4897 741 4966 praemissis
793 4894 1077 4948 deiinitum
1143 4894 1469 4949 muneribus
1529 4896 1673 4950 ultro

117 4992 334 5046 adeundi
370 5007 499 5046 cum
534 4999 741 5060 septem
775 4987 918 5051 ﬁliis,
951 4994 1004 5039 et
1027 4985 1132 5055 ipsi
1166 5001 1227 5040 se
1257 4985 1491 5041 libenter
1522 4988 1675 5041 dein-

115 5097 227 5153 ceps
255 5085 592 5139 serviturum
627 5080 942 5151 prolitendi.
1006 5077 1103 5131 llis
1162 5092 1351 5133 secum
1408 5078 1674 5147 Amurius

116 5178 442 5237 censritutis.
473 5175 618 5246 quod
680 5173 813 5227 nihil
844 5172 934 5225 tali
991 5170 1225 5225 articulo
1290 5184 1469 5224 rerum
1514 5186 1674 5238 posse

118 5268 291 5323 utilius
356 5269 469 5323 sibi
525 5267 821 5322 consulere
863 5270 1102 5332 putaret,
1158 5260 1338 5316 ductis
1394 5275 1498 5314 una
1550 5262 1673 5316 ﬁliis

116 5359 402 5427 amploque
437 5353 792 5421 asscclarumj
819 5352 1105 5415 comitatu,
1155 5349 1419 5419 supplicis
1458 5349 1526 5403 ad
1559 5348 1672 5402 Me-

117 5444 275 5501 lecurn
313 5446 613 5516 transfugit
643 5443 854 5498 habitu.
892 5440 1059 5495 Melec
1101 5454 1403 5517 rancorem
1432 5448 1671 5494 veterem

119 5540 285 5588 animo
326 5537 550 5607 penitus
584 5534 866 5589 conditum
906 5544 1156 5594 servans,
1185 5530 1417 5598 plusque
1444 5530 1507 5581 ad
1537 5529 1670 5582 iram

119 5631 268 5681 veteri
299 5629 565 5682 memoria
595 5625 927 5696 injuriarum
963 5636 1127 5693 quam
1190 5620 1349 5675 novis
1381 5620 1573 5675 ofﬁciis
1605 5620 1671 5674 ad

118 5718 536 5776 benevolentiam
582 5728 792 5782 motus,

150 5850 287 5905 Dona
325 5852 541 5922 quidem
577 5849 799 5918 accepit,
826 5846 973 5901 mala
986 5847 1076 5901 sed
1097 5845 1386 5899 cumulavit
1415 5846 1629 5900 acerba.

123 5980 342 6041 Utenim
372 5999 513 6053 aegre
543 5983 892 6039 introductus
918 5988 1041 6052 post
1095 5968 1372 6049 przeniissa
1418 5998 1646 6037 munera

424 6064 693 6140 ΡἈτιιοι..
726 6080 842 6139 Gn.
878 6076 1157 6138 CXLIV.

1778 4790 1932 4845 rendi
1990 4805 2116 4844 cum
2175 4788 2351 4853 hostei
2381 4791 2704 4847 certaminis
2767 4792 3090 4850 occasiones
3141 4805 3348 4865 captat,

1776 4881 1923 4936 haud
1957 4881 2135 4953 impar
2159 4880 2351 4936 Meleci
2410 4880 2477 4939 ad
2508 4897 2743 4952 pugnam
2767 4883 3019 4949 audacia,
3071 4901 3175 4941 suo
3206 4888 3352 4942 hunc

1776 4974 1887 5029 fato
1918 4972 2681 5044 perurgente,llaliwobjecit.
2732 4973 3166 5032 Committuntur
3220 4994 3351 5047 ergo

1775 5067 1922 5121 inter
1950 5082 2069 5122 sese
2107 5065 2267 5122 Hales
2289 5074 2343 5120 et
2377 5067 2572 5132 Melec,
2603 5065 3061 5137 ferocissimcque
3113 5070 3350 5125 invicem

1778 5168 1989 5229 petunt.
2025 5160 2129 5215 Sed
2166 5158 2429 5214 Mclecum
2462 5159 2683 5214 fortuna
2720 5159 3006 5215 deseruit:
3041 5178 3165 5218 nam
3229 5165 3352 5233 ejus

1777 5266 1952 5320 equus
1983 5252 2114 5306 totis
2142 5251 2375 5307 habenis
2405 5249 2612 5307 eﬂ‘usus
2656 5253 2710 5307 in
2748 5267 2973 5309 cursum
3001 5256 3167 5325 pedes
3195 5267 3353 5312 ante-

1762 5343 1953 5407 riores
2002 5341 2234 5408 inﬂexit,
2290 5345 2963 5413 scssorcmqueﬁmaximo
3018 5349 3225 5417 impetu
3285 5352 3339 5404 in

1776 5450 1947 5503 genua
1989 5447 2218 5501 pronum
2255 5434 2483 5502 abjecit;
2516 5451 2625 5504 quo
2679 5439 2864 5491 statim
2894 5440 2938 5493 is
2986 5453 3016 5491 a
3048 5454 3176 5494 casu
3215 5448 3348 5497 ense

1776 5522 2068 5576 confossus
2104 5522 2327 5574 interiit.
2372 5521 2469 5575 Hie
2522 5540 2815 5580 successus
2870 5527 3083 5591 Πειρη),
3131 5530 3350 5583 nomine

1769 5617 1882 5684 jam
1924 5615 2094 5683 patris
2119 5613 2185 5666 ad
2212 5628 2371 5667 suum
2399 5614 2584 5669 addito
2637 5617 2921 5671 Amm-lum
2981 5634 3202 5688 quoque
3254 5636 3350 5674 vo—

1775 5715 1980 5768 catum,
2012 5705 2068 5757 in
2102 5718 2361 5772 magnam
2415 5707 2803 5761 conﬁdentiam
2860 5709 3090 5762 irritavit.
3125 5708 3350 5765 Subito‘

1774 5813 1881 5868 que
1910 5795 2035 5850 inde
2071 5796 2413 5865 congregatis
2450 5801 2663 5867 magnis
2712 5801 2886 5869 copiis
2938 5799 3214 5855 Romanas
3262 5816 3353 5856 re-

1774 5891 1962 5959 giones
2019 5886 2426 5941 incursionibus
2488 5890 2807 5955 infestabat,
2864 5892 3104 5945 nondum
3159 5902 3343 5947 tamen

1777 5987 1869 6035 aut
1930 5979 2161 6032 multum
2221 5978 2450 6033 fidenter
2514 5988 2609 6034 aut
2663 5984 2817 6038 valde
2871 5985 3197 6047 perniciose,
3246 5985 3348 6039 sed

2956 6078 3025 6134 [2
