3860 6632
504 524 608 583 303
1690 527 2021 588 GEORGH
2060 527 2542 593 PACIIYMEli/E
3644 539 3721 601 flii

500 639 696 699 αὐτοὺς
726 638 823 701 τὰς
854 638 1066 700 σπάθας
1104 637 1500 706 γυμνώσαντας
1554 643 1927 697 κατακόπτειν
1952 643 2079 704 τοὺς
2109 646 2153 700 Α
2183 643 2387 709 πλάτος
2418 646 2624 701 ἄϐατον
2676 648 3051 721 καταστήσας,
3083 651 3159 715 ὡς
3194 654 3251 705 ἐν
3283 655 3399 717 τοῖς
3428 653 3642 723 πρώτοις
3659 657 3720 707 λά.

503 732 709 795 ικέτας,
742 732 952 783 ἐκείνου
982 732 1041 784 τὸ
1079 731 1355 801 σύμϐολον
1395 732 1577 797 δόντος
1610 733 1945 804 είσπηδῶσιν
1977 734 2078 786 αύ-

499 825 626 880 τὶκα
660 824 755 879 καὶ
785 826 973 878 ἀθλίαν
1032 825 1214 895 θοίνην
1253 828 1463 881 ἐκεῖνόν
1501 846 1561 881 τε
1616 828 1713 883 καὶ
1750 829 1939 882 παῖδας
1966 828 2079 881 δει-

499 918 675 972 κνῦσι.
705 918 876 971 Τοῦτο
914 918 992 989 τῷ
1035 918 1166 989 Ἀλῇ
1212 921 1373 983 πόνος
1401 914 1470 990 ἦν
1501 922 1731 976 καὶτῶν
1781 922 2081 992 συμφορῶν

498 1013 530 1079 ἠ
572 1011 798 1081 ἐσχάτη,
834 1011 985 1063 παιδί
1020 1029 1083 1079 γε
1117 1012 1231 1065 ὄντι
1260 1012 1355 1066 τοῦ
1386 1014 1853 1085 κρεουργηθέντος
1893 1015 1985 1068 καὶ
2019 1013 2082 1068 ἐκ

497 1120 644 1165 τινος
671 1104 928 1176 προνοίας
959 1106 1340 1175 περισωθέντι,
1370 1107 1464 1159 καὶ
1485 1107 1544 1159 τὸ
1561 1110 1673 1170 τοῖς
1701 1108 1912 1177 ὁμοίοις
1942 1108 2083 1177 ἀμύ-

499 1197 689 1251 νεσθαι
746 1198 926 1266 πάσης
958 1196 1213 1267 ἀσχολίας
1252 1198 1557 1269 ὑπέρτερον
1592 1201 1890 1268 ἐλογίζετο,
1938 1202 2081 1254 Ἱκαο

499 1292 622 1354 νοῦς
656 1292 712 1345 δὲ
738 1291 825 1344 διὰ
855 1290 1031 1346 ταῦτα
1058 1292 1533 1362 προσεταιρίζεται
1566 1294 1673 1347 τῶν
1707 1294 1956 1365 Περσῶν,
1991 1296 2081 1348 καὶ

499 1384 700 1453 τρόπον
730 1385 1017 1456 ληῖστορος
1049 1383 1327 1455 περιθέει,
1381 1385 1633 1456 ἐμφανὴς
1664 1384 1740 1438 ὢν
1769 1387 1800 1458 ἢ
1838 1387 2080 1457 ἀμυνού-

501 1496 662 1546 μενος
690 1479 723 1549 ἢ
750 1478 1109 1547 πεσούμενος.
1148 1478 1235 1541 Ὠς
1257 1478 1314 1531 δὲ
1350 1479 1712 1550 κατατρέχων
1738 1481 1958 1549 ἠρήμου
1984 1482 2082 1545 τὰς

497 1571 679 1641 χώρας
711 1572 808 1622 καὶ
842 1571 940 1639 τὴν
970 1568 1337 1637 άνταγώνισιν
1377 1570 1625 1633 ἔσπευδε,
1660 1572 1720 1623 τὸ
1757 1571 1849 1624 τοῦ
1888 1573 2082 1642 Μελὴκ

498 1664 647 1731 λῆμα
678 1663 738 1715 τὸ
765 1663 1037 1733 μόρσιμον
1070 1663 1330 1732 ἐρεθίζει,
1364 1663 1459 1716 καὶ
1503 1662 1690 1716 τοῦτον
1719 1664 1911 1733 ἐκείνῳ
1938 1666 2084 1719 συνί-

500 1774 661 1826 στησι
716 1758 858 1811 κατὰ
898 1758 1161 1828 πόλεμον.
1216 1751 1292 1812 Οὗ
1337 1757 1400 1827 δὴ
1435 1758 1807 1830 συρραγέντος
1857 1758 2081 1827 σφάλλει

497 1849 589 1901 τὸν
623 1849 814 1919 Μελὴκ
841 1852 873 1921 ἠ
906 1850 1066 1920 τύχη,
1099 1850 1194 1904 καὶ
1219 1852 1246 1903 6
1282 1850 1448 1913 ἵππος
1475 1850 1582 1921 ὅλῳ
1612 1852 1811 1921 ῥυτῆρι
1840 1853 2081 1922 φερόμε-

501 1959 589 2003 νος
625 1942 976 2011 συγκάμπτει
1008 1944 1088 1994 τὼ
1116 1942 1263 2007 πόδε,
1304 1943 1400 1995 καὶ
1428 1943 1517 1996 τὸν
1544 1942 1811 2015 ἐπιϐάτην
1847 1944 1969 2013 μεθ’
2000 1945 2080 1997 ὅτι

500 2035 761 2104 πλείστης
792 2037 889 2105 τῆς
909 2034 1093 2106 ῥύμης
1112 2036 1202 2088 ἐπὶ
1228 2035 1355 2103 γόνυ
1384 2037 1769 2105 συγκατασπᾷ,
1795 2037 1888 2090 καὶ
1918 2036 2082 2108 ἔργον

504 2132 703 2183 αὐτίκα
737 2129 953 2197 σπάθης
988 2133 1013 2182 6
1040 2129 1222 2181 πεσὼν
1251 2129 1479 2197 γίνεται,
1529 2129 1715 2182 Ταῦτα
1778 2130 1872 2182 τὸν
1916 2128 2082 2199 Ἀλῆν

499 2227 703 2296 ἐπῆρεν
754 2229 832 2289 εἰς
889 2227 1055 2294 ὄγκον
1088 2225 1412 2295 Ἀμούριον,
1472 2223 1768 2278 κάντεῦθεν
1831 2224 2081 2292 συνάγων

505 2316 793 2380 πλείστους
828 2317 1011 2378 κακῶς
1046 2314 1173 2387 ἔδρα
1201 2316 1268 2368 τὰ
1313 2315 1618 2383 Ῥωμαίων.
1644 2313 1810 2368 Ούπω
1848 2314 1904 2367 δὲ
1937 2314 2082 2383 μάλα

499 2407 564 2477 δὴ
592 2412 685 2459 καὶ
714 2408 768 2469 ἐς
796 2406 969 2469 τέλος,
1010 2405 1115 2469 ἕως
1141 2399 1201 2460 οὗ
1239 2406 1517 2473 δαιμόνιόν
1553 2423 1603 2457 τι
1632 2406 1846 2475 μήνιμα
1882 2404 2082 2475 (τίγὰρ

501 2500 567 2553 ἂν
594 2500 721 2553 ἄλλο
748 2500 840 2552 καὶ
873 2498 1017 2551 εἴποι
1045 2514 1131 2561 τις
1158 2500 1196 2563 ;)
1229 2496 1371 2550 κατὰ
1413 2495 1702 2565 Ῥωμαίων
1736 2495 2033 2564 ἐφύσησεν,
2056 2494 2085 2548 ὃ

502 2591 694 2660 eam
727 2589 959 2652 λέξεται.
1003 2587 1092 2651 Ὠς
1146 2588 1253 2658 γὰρ
1286 2587 1464 2657 πέραν
1494 2587 1833 2658 Σαγγάρεως
1879 2587 2087 2655 διατρί-

504 2686 617 2737 6ων
649 2686 761 2743 τοῖς
802 2683 908 2737 ἀνὰ
934 2678 1124 2735 τοῦτον
1157 2680 1438 2752 φρουρίοις
1478 2680 1720 2751 ἰσχυρῶς
1756 2678 2087 2749 ἀντεκρούεο

505 2793 587 2837 το,
617 2773 652 2829 ὃ.
685 2773 899 2841 φθάσας
925 2776 953 2826 6
986 2771 1240 2842 βασιλεὺς
1262 2771 1529 2842 συνῴκισε
1554 2771 1773 2840 Μιχαὴλ
1800 2770 1895 2825 καὶ
1921 2789 2084 2824 σταυ-

508 2870 622 2938 ροῖς
661 2864 948 2935 μηκίστοις
981 2867 1043 2915 ὲκ
1073 2862 1308 2934 δένδρων
1340 2861 1850 2931 ἀξινοκοπηθέντων
1882 2861 2086 2929 μεταξὺ

505 2958 894 3029 κατωχύρωσε,
955 2956 1116 3026 μέχρι
1169 2956 1261 3009 καὶ
1316 2955 1372 3017 ἐς
1414 2953 1612 3007 ἑκατὸν
1645 2954 1812 3017 πόδας
1842 2953 1904 3007 τὸ
1938 2953 2089 3017 ἐντὸς

507 3142 921 3198 dissimulanter
956 3148 1008 3193 et
1042 3141 1253 3203 leviter,
1294 3138 1469 3194 donec
1522 3153 1648 3192 eum
1704 3138 1888 3195 divina
1938 3153 2091 3209 qua:-

511 3236 635 3290 dam
670 3234 807 3299 ultio
829 3233 962 3302 (quo
983 3231 1128 3285 enim
1152 3231 1262 3284 alio
1286 3230 1411 3298 quis
1438 3231 1662 3285 nomine
1710 3246 1896 3285 casum
1958 3239 2091 3288 tunc

2185 755 2302 806 γοις
2325 739 2609 810 ἐλέγομεν,
2648 742 2742 794 καὶ
2768 737 2837 813 ἦν
2857 742 2934 812 τῷ
2960 744 3146 816 Πέρσῃ
3171 747 3403 816 στερρὸν
3435 746 3660 799 ἐντεῦθεν
3680 749 3725 801 τὸ

2182 832 2280 902 τῆς
2313 835 2665 905 καταδρομῆς
2692 834 2942 903 κώλυμα,
2982 838 3212 908 Κρονίου
3252 838 3422 909 μηνὸς
3455 841 3516 891 ἐκ
3540 840 3623 892 τοῦ
3644 859 3725 892 παι

2188 924 2451 995 ραχρῆμα
2482 926 2509 977 6
2560 928 2806 994 ποταμὸς
2862 928 3278 999 μετοχετεύεται
3330 932 3427 982 καὶ
3476 915 3619 1000 ζητεῖ
3656 932 3727 1002 τὴ)

2185 1014 2428 1069 παλαιάν
2450 1016 2663 1086 κοίτην,
2688 1018 2810 1070 καθ’
2841 1017 2909 1086 ἠν
2939 1021 3085 1090 καὶὴ
3118 1020 3549 1086 Ἰουστινιάνειος
3579 1040 3730 1076 ποντο-

2184 1103 2420 1174 γέφυρα.
2452 1106 2718 1178 ’Ὕστερον
2747 1109 2804 1162 δὲ
2826 1112 3325 1181 μετοχετευθέντος
3371 1114 3467 1165 τοῦ
3495 1115 3726 1185 ποταμοῦ,

2183 1196 2274 1249 τὸν
2304 1197 2360 1263 ἐξ
2392 1198 2601 1252 ἐκείνου
2630 1201 2852 1255 Μέλανα
2881 1203 3199 1273 ὑπεδέχετο,
3238 1204 3322 1277 [Ρ.
3354 1206 3484 1278 ΞΞ8]
3520 1208 3576 1260 ού
3605 1211 3730 1262 τόσον

2184 1285 2334 1352 ὄντα,
2369 1290 2487 1342 ἀλλ’
2515 1292 2701 1345 ἱκανὸν
2730 1294 2870 1357 τέως
2897 1296 2993 1349 καὶ
3028 1296 3215 1349 τοῦτον
3249 1299 3310 1350 ἐκ
3346 1298 3546 1368 βάθους
3567 1300 3732 1369 αὐτὰρ»

2184 1397 2312 1443 κους
2334 1380 2432 1452 τὴν
2460 1383 2568 1436 τῶν
2586 1384 2799 1455 ἐχθρῶν
2824 1387 3172 1441 ἀποκωλύειν
3202 1389 3412 1458 ἔφοδον.
3434 1392 3564 1444 Τότε
3586 1393 3731 1444 τοίνυν

2184 1470 2243 1537 ἐξ
2263 1472 2490 1543 ὄμϐρων
2518 1477 2546 1528 6
2575 1476 2881 1548 Σαγγάριος
2906 1478 3322 1552 πλημμυρήσας
3349 1484 3449 1552 τῆς
3478 1485 3600 1548 ιδίας
3625 1502 3731 1560 μεττ

2186 1566 2329 1637 αίρει
2363 1568 2457 1621 καὶ
2487 1568 2644 1633 αὖθις
2678 1571 2886 1642 κοίτης,
2909 1569 2976 1644 ἧς
3008 1576 3071 1627 ἐκ
3122 1574 3355 1628 παλαιοῦ
3386 1577 3506 1629 ποτ’
3537 1578 3733 1629 ἐκκοιτι-

2186 1657 2333 1720 σθεὶς
2358 1658 2678 1725 ἐπελάϐετο,
2713 1663 2810 1716 καὶ
2845 1665 2982 1735 πρὸς
3026 1666 3129 1735 τὴν
3173 1669 3450 1737 προτέραν
3479 1669 3727 1738 ἀνέτρεχε,

2184 1752 2279 1804 καὶ
2330 1744 2392 1802 οὗ
2426 1753 2527 1823 μὲν
2582 1754 2822 1825 ἀπέστη,
2879 1757 3241 1827 περαιοῦσθαι
3276 1761 3372 1812 καὶ
3421 1761 3498 1829 τῷ
3552 1760 3734 1829 τυχόντι

2186 1846 2452 1915 παρεῖχεν
2473 1888 2488 1913 ,
2519 1834 2580 1898 οῗ)
2610 1845 2654 1899 δ’
2700 1846 3001 1901 ἐπελάϐετο
3034 1851 3142 1919 πλη
3153 1852 3408 1922 μμυρῶν,
3463 1850 3534 1921 μὴ
3557 1852 3584 1904 ὅ
3612 1850 3656 1919 γ’
3681 1854 3730 1903 ὲκ

2183 1940 2283 2008 τῆς
2307 1937 2647 2009 πλημμύρας
2678 1938 2839 2009 βάθος
2887 1939 3059 1993 ἐδίδου
3091 1945 3168 2011 τῷ
3204 1942 3459 2013 ῥεύματι,
3487 1943 3612 1996 ἀλλὰ
3652 1944 3728 1994 καὶ

2184 2031 2313 2104 χοῦν
2357 2033 2421 2085 ἐκ
2469 2033 2856 2104 μιλτοπαρῄων
2889 2032 3062 2102 ὀρέων
3092 2034 3354 2101 κατάγων
3398 2036 3493 2089 καὶ
3539 2035 3732 2105 χέραδος

2187 2127 2372 2178 ἱκανὸν
2407 2125 2692 2196 προσέχων
2721 2127 2819 2179 καὶ
2842 2122 3008 2196 πόρον
3034 2126 3202 2179 ἐτίθει
3230 2127 3307 2197 τῷ
3340 2130 3513 2198 περᾷ]
3537 2128 3731 2182 θέλοντι.

2186 2215 2276 2282 Τῷ
2298 2232 2381 2268 τοι
2408 2217 2504 2269 καὶ
2541 2218 2589 2268 oi
2615 2217 2673 2270 ἐν
2699 2218 2812 2280 τοῖς
2844 2217 3023 2287 πέραν
3057 2217 3340 2288 φρουρίοις
3373 2219 3734 2296 συνῳκηκότεῇ

2185 2308 2289 2378 τὴν
2334 2308 2494 2377 ξένην
2546 2308 2744 2369 ἰδόντες
2797 2310 3134 2379 μετάστασιν
3166 2312 3259 2363 καὶ
3292 2310 3511 2378 γνόντες
3560 2312 3612 2364 ἐν
3642 2310 3735 2381 χρῷ

2185 2400 2438 2453 κινδύνου
2470 2401 2774 2471 γενόμενοι,
2824 2402 3215 2457 ἀπανίσταντο.
3272 2404 3348 2455 Οὐ
3400 2403 3506 2473 μὴν
3539 2402 3735 2465 δἀὓῦις
3824 2400 3825 2465 l

2187 2488 2279 2540 ὲπί
2304 2488 2438 2541 πολὺ
2471 2489 2530 2542 τὸ
2558 2492 2747 2559 σχῆμα
2763 2490 2920 2544 τοῦτο
2944 2492 3021 2562 τῷ
3045 2491 3275 2563 ποταμῷ
3294 2487 3386 2563 ἢν,
3404 2493 3519 2545 ἀλλ’
3536 2480 3597 2556 ἐς
3615 2493 3734 2563 μῆνα

2189 2579 2515 2649 προσχώσας
2553 2582 2712 2652 μόνον
2745 2583 3078 2655 ὑπέστρεφε.
3129 2587 3237 2639 Καὶ
3268 2584 3336 2657 ἦν
3367 2590 3399 2658 ἡ
3432 2589 3496 2639 ἐκ
3534 2588 3620 2641 τοῦ
3654 2606 3736 2639 παι

2187 2667 2340 2721 λαιοῦ
2371 2670 2724 2741 ἀποχώρησις
2756 2673 2850 2725 καὶ
2877 2674 2988 2726 τῶν
3023 2676 3081 2727 ἐν
3114 2679 3227 2738 τοῖς
3277 2678 3554 2749 φρουρίοις
3586 2678 3736 2746 φυγῆς

2189 2761 2285 2813 καὶ
2311 2762 2410 2830 τῆς
2440 2762 2550 2814 τῶν
2574 2764 2786 2833 ἐχθρῶν
2806 2766 3258 2836 διαπεραιὼσεως
3279 2770 3565 2841 προφανὴς
3592 2771 3734 2833 αἰτία,

2188 2853 2267 2921 τῷ
2295 2855 2469 2923 περᾷν
2488 2855 2684 2925 ἀνέδην
2703 2858 2827 2920 τοὺς
2857 2856 3214 2927 βουλομένους
3234 2877 3250 2893 ο
3288 2863 3319 2932 ἡ
3351 2861 3395 2913 δ’
3427 2862 3487 2927 ἐξ
3532 2863 3738 2931 ὑπογύου

2190 2948 2412 3011 ἐσαῦθις
2456 2950 2846 3024 ἀνυποστροφὴ
2895 2955 3008 3018 τοῖς
3055 2956 3157 3007 κάν
3190 2954 3364 3025 τούτῳ
3397 2956 3630 3029 περῶσιν
3672 2957 3742 3008 εὖ·

2191 3130 2515 3203 depressum
2556 3134 2853 3190 substravit
2894 3134 3149 3200 fundum,
3218 3153 3325 3207 qua
3364 3140 3562 3196 volenti
3608 3140 3744 3195 cuili-

2193 3223 2286 3278 bet
2311 3224 2550 3279 transire
2578 3226 2809 3295 pedibus
2840 3227 3062 3283 licebat.
3093 3228 3206 3284 Hac
3230 3230 3599 3287 animadversa
3631 3235 3741 3285 inira

513 3330 749 3384 maxime
776 3326 1005 3381 noxium
1063 3325 1351 3394 inopinato
1396 3323 1795 3376 incurrrentem
1861 3336 2095 3378 vocave-
2121 3339 2165 3398 α
2203 3317 2514 3374 mutatione
2545 3319 2641 3389 qui
2673 3319 2967 3376 ulteriores
3000 3338 3158 3378 arces
3200 3326 3459 3392 prmsidin
3495 3327 3741 3385 tenebant,

508 3423 641 3490 rit?)
689 3419 974 3474 tumefecit
1028 3416 1294 3471 adversus
1330 3416 1645 3479 Romanos;
1702 3429 1863 3484 quem
1901 3408 2088 3469 casum

512 3516 604 3570 hic
637 3513 894 3569 referam.
926 3508 1064 3564 Cum
1102 3508 1246 3562 enim
1280 3506 1453 3562 Hales
1489 3506 1720 3560 antehac
1774 3505 1917 3560 ultra
1956 3507 2093 3561 Sau-

509 3609 680 3675 gnrim
710 3616 1064 3661 commorans
1087 3601 1279 3673 positis
1307 3599 1418 3653 illic
1449 3600 1670 3653 arcibus
1708 3599 1884 3654 valide
1916 3600 2092 3668 repel-

509 3676 738 3762 leretur,
767 3709 903 3765 quas
935 3708 1095 3748 arces
1135 3694 1432 3763 imperator
1479 3693 1798 3747 condiderat
1836 3692 2088 3759 Michael,

510 3802 565 3845 et
608 3799 764 3859 septo
797 3788 1039 3843 exterius
1070 3793 1337 3857 praetento
1363 3783 1693 3839 decussatim
1750 3785 2089 3855 objectorum

512 3883 816 3951 ingentium
848 3879 1119 3949 stipitum,
1148 3892 1213 3931 ex
1265 3876 1558 3931 arboribus
1586 3877 1766 3932 securi
1797 3877 2089 3942 dedolatis,

518 3977 695 4047 perite
721 3972 1049 4036 muniverat,
1088 3971 1322 4041 spatium
1351 3970 1494 4024 ultra
1527 3971 1864 4025 munitiones
1889 3973 2089 4041 pedum

511 4077 732 4121 curuum
760 4065 852 4119 illo
870 4063 1196 4119 antemurali
1228 4063 1388 4134 plane
1415 4062 1622 4117 invium
1658 4074 1711 4117 et
1743 4063 2087 4118 inaccessum

512 4160 759 4214 hostibus
795 4156 1025 4221 faciens,
1059 4155 1600 4225 quemadmodumin
1634 4154 1909 4224 prioribus
1932 4154 2090 4210 libris

511 4254 773 4312 diximus,
805 4258 856 4300 et
880 4257 1000 4303 erat
1035 4248 1136 4302 hoc
1174 4246 1356 4301 Persae
1383 4261 1447 4299 ex
1478 4260 1540 4299 ea
1586 4255 1741 4314 parte
1802 4248 2092 4316 insupera-

514 4346 620 4398 bile
654 4341 1032 4397 iucursionum
1069 4338 1440 4403 obstaculum,
1497 4336 1694 4391 Martio
1721 4352 1851 4391 ecce
1901 4352 2091 4393 mense

507 4444 734 4506 repente
764 4432 965 4487 ﬂuvius
998 4431 1217 4485 alveum
1244 4428 1477 4482 mutavit
1529 4427 1865 4497 repetiitque
1910 4429 2090 4483 cubile

508 4528 821 4596 antiquum,
859 4524 926 4579 ad
953 4522 1099 4593 quod
1137 4521 1266 4575 olim
1302 4521 1480 4575 fuerat
1540 4518 1920 4575 Justinlaneus
1952 4535 2088 4589 pons

508 4627 877 4675 constructus.
938 4615 1134 4670 Postea
1168 4613 1420 4668 traducto
1454 4611 1582 4667 inde.
1634 4612 1791 4684 331
1858 4613 2086 4684 Sangari

2198 3412 2398 3477 territi,
2429 3412 2573 3479 quod
2605 3429 2665 3469 se
2697 3417 2845 3469 fossa
2880 3416 3173 3471 destitutos
3201 3418 3532 3474 invadabilis
3560 3421 3743 3480 amnis,

2194 3505 2444 3574 objectos
2480 3505 2740 3577 deinceps
2772 3508 3176 3566 incursionibus
3212 3512 3453 3567 hostium
3483 3514 3622 3567 haud
3648 3514 3742 3583 pari

2194 3595 2258 3648 ad
2292 3595 2659 3650 resistendum
2684 3613 2931 3664 numero,
2961 3601 3271 3656 certissimo
3287 3602 3487 3671 capitis
3507 3602 3744 3672 periculo,
3824 3624 3825 3631 η

2195 3684 2470 3751 viderent,
2505 3689 2840 3745 stationibus
2880 3692 3090 3747 relictis
3126 3693 3405 3747 abierunt.
3452 3696 3744 3749 Nontanteu
3824 3720 3825 3741 ξ

2192 3781 2285 3834 diu
2322 3782 2376 3834 in
2399 3796 2467 3835 eo
2499 3791 2643 3837 statu
2673 3781 2932 3853 Sangaris
2956 3785 3173 3847 mansit,
3203 3787 3298 3840 sed
3331 3801 3456 3841 cum
3491 3802 3581 3856 per
3612 3802 3747 3839 men-
3824 3824 3825 3847 η

2193 3885 2307 3926 sem
2343 3870 2665 3927 inundasset
2705 3889 2898 3941 magna
2934 3883 3097 3929 terrae
3124 3891 3188 3929 ac
3218 3875 3313 3930 luti
3347 3877 3398 3931 vi
3435 3878 3616 3934 alveos
3664 3876 3744 3929 ob-
3824 3870 3825 3931 Ι

2196 3963 2417 4030 limans,
2452 3967 2746 4037 recepitse
2804 3968 2856 4022 in
2889 3983 3013 4022 eum
3067 3969 3214 4025 unde
3279 3986 3457 4040 nuper
3514 3973 3747 4042 migrarat

2194 4057 2435 4122 alveum,
2463 4060 2620 4127 quasi
2656 4058 2725 4113 ad
2760 4058 2864 4114 hoc
2892 4068 3103 4114 tantum
3134 4076 3194 4117 se
3225 4063 3507 4129 movisset,
3548 4071 3606 4117 ut
3633 4078 3749 4132 ptm-

2193 4148 2436 4206 sldiariis
2470 4158 2758 4217 terrorem,
2784 4168 2894 4221 quo
2928 4155 2992 4207 ad
3022 4152 3202 4223 fugam
3242 4167 3583 4226 raperentur.
3611 4156 3747 4209 int'u«

2193 4249 2352 4306 teret,
2393 4242 2651 4298 hostibus
2708 4253 2897 4298 contra
2929 4256 2981 4299 et
3030 4246 3288 4300 fiduciam
3348 4256 3403 4301 et
3456 4249 3743 4302 facultatem

2193 4335 2334 4390 intra
2357 4344 2607 4391 nostrum
2640 4336 2975 4407 irrumpeudi
3010 4338 3233 4393 limitem
3283 4338 3458 4394 daret.
3509 4338 3640 4394 Nam
3670 4342 3748 4389 ha-

2192 4442 2313 4481 rum
2337 4429 2566 4481 duarum
2632 4442 2817 4482 rerum
2873 4445 2980 4482 una
3020 4429 3109 4482 illa
3155 4444 3324 4484 causa
3376 4429 3479 4484 fuit
3528 4429 3748 4484 ﬂuminis
3824 4482 3825 4489 η

2193 4520 2386 4584 motio,
2418 4522 2863 4575 commoditatem
2901 4522 3078 4577 cuivis
3108 4524 3326 4577 obviam
3357 4527 3606 4594 pt‘atbens
3630 4534 3753 4575 vano

2194 4615 2538 4670 transeundi.
2568 4614 2672 4670 Sed
2716 4631 2814 4670 nec
2863 4617 2982 4685 ejus
3031 4618 3085 4670 in
3125 4618 3367 4686 priorem
3422 4621 3632 4673 alveum
3682 4632 3755 4669 re-
3824 4626 3825 4695 ᾖ

506 4715 675 4769 Melas
703 4713 840 4766 alter
873 4709 1072 4763 lluvius
1103 4713 1474 4769 successerat,
1539 4720 1650 4759 non
1735 4705 1826 4758 ille
1860 4705 2082 4772 quidem
2112 4700 2165 4761 Ι)
2190 4722 2413 4778 gressus
2448 4709 2593 4763 malo
2638 4709 2961 4763 medicinam
3014 4709 3163 4765 fecit.
3227 4709 3564 4767 Oblimatum
3623 4710 3753 4764 enim

510 4807 654 4861 mole
685 4817 951 4872 aquarum
993 4814 1093 4872 par
1114 4798 1312 4869 priori,
1357 4807 1618 4853 cmterum
1680 4796 1816 4851 satis
1875 4796 2086 4852 habens

509 4894 825 4951 altitudinis
874 4893 941 4945 ad
1010 4889 1393 4961 impediendas
1480 4888 1743 4942 incursus
1806 4886 2090 4942 hostium.

507 4988 664 5043 Tunc
698 4985 862 5055 igitur
882 4998 946 5038 cx
976 4982 1148 5038 multo
1175 4980 1352 5035 imbre
1381 4979 1693 5034 redundans
1719 4978 1978 5049 Sangaris
1998 4992 2093 5032 cu-

507 5081 618 5137 bile
651 5081 848 5133 iterum
886 5075 1138 5138 mutavit,
1171 5089 1236 5127 ex
1275 5087 1342 5127 eo
1386 5071 1527 5140 quod
1561 5070 1650 5125 diu
1704 5086 1870 5125 manu
1921 5071 2093 5125 dedu-

508 5184 637 5229 ctus
678 5177 1069 5241 occupaverat,
1098 5168 1151 5222 in
1184 5167 1334 5238 prius
1370 5181 1662 5221 recurrens
1686 5181 1700 5231 ;
1726 5174 1778 5219 et
1802 5179 1924 5218 eum
1968 5165 2092 5234 qui-

507 5265 630 5322 dem
655 5265 801 5321 unde
834 5262 1087 5331 migravit
1121 5261 1355 5325 alveum,
1375 5275 1529 5330 aqua:
1558 5274 1852 5328 pauperem
1874 5266 1927 5312 et
1948 5258 2093 5311 vado

509 5358 690 5414 cuivis
723 5356 1010 5410 meabilem
1036 5352 1277 5422 reliquit,
1301 5368 1423 5407 eum
1450 5367 1608 5422 quem
1636 5351 1910 5406 inundans
1935 5365 2092 5420 repe-

508 5442 592 5507 tiit
626 5450 1049 5518 haudquaquam
1078 5446 1213 5501 adeo
1241 5446 1531 5515 complevit
1557 5485 1571 5510 ,
1594 5455 1649 5497 ιιι
1688 5459 1751 5499 ea
1794 5445 2086 5498 transitmn

510 5544 843 5599 excluderet.
872 5540 1136 5597 Etsieuim
1158 5540 1282 5593 illuc
1306 5539 1471 5592 traxit
1489 5554 1680 5607 agmen
1710 5537 1901 5604 ingens
1921 5550 2091 5605 aqua-

508 5655 654 5702 rum,
675 5651 779 5692 no.t
808 5636 873 5690 iis
904 5643 1083 5689 tamen
1106 5634 1253 5688 dedit
1285 5631 1638 5687 snmcientem
1660 5628 2087 5698 profunditatem

512 5730 768 5797 trajectui
802 5728 1041 5799 peditum
1064 5735 1118 5782 et
1152 5727 1396 5796 equitum
1427 5723 1688 5777 arcendo.
1751 5720 1927 5774 Causa
1968 5720 2087 5785 ejus

538 5823 583 5876 ei
618 5823 737 5886 fuit,
781 5822 924 5892 quod
961 5819 1126 5873 simul
1162 5817 1274 5873 litui
1302 5816 1598 5885 plurimum
1632 5824 1685 5866 ct
1724 5821 1883 5866 terra:
1910 5813 2087 5864 rubrae

512 5960 515 5963 .
544 5934 567 5968 κ
606 5916 883 5983 argillnsis
913 5914 1125 5966 derasa!
1162 5909 1443 5987 montibus
1473 5907 1699 5958 invexit.
1747 5908 1877 5970 Quze
1912 5916 2086 5958 mate-

510 6010 582 6060 ’λυ
616 6006 905 6063 subsidens
932 6004 1216 6077 aquisilate
1249 5997 1798 6071 superstaguantibns
1836 6013 1943 6052 non
1979 5997 2086 6051 alte

2193 4808 2484 4869 utrumque
2512 4817 2575 4855 ac
2620 4802 2853 4871 pedibus
2916 4802 3204 4857 meabilem
3267 4804 3487 4873 reliquit
3544 4801 3752 4857 fluvium

2195 4893 2581 4964 magnitudine
2603 4895 2820 4963 aggeris
2858 4910 2922 4949 ac
2954 4896 3197 4950 materia:
3222 4911 3318 4965 per
3342 4896 3576 4950 eluviem
3614 4897 3754 4948 inve-

2192 4996 2319 5041 cue.‘
2351 4983 2446 5040 His
2479 4986 2918 5055 inopinatissime
2952 4988 3031 5042 sic
3054 4992 3223 5057 gestis
3260 4999 3487 5057 repente
3541 4989 3761 5057 impera-

2192 5077 2295 5134 tori
2324 5078 2486 5148 332
2518 5079 2802 5133 nuntiatur
2820 5079 2979 5149 plena
3041 5096 3163 5137 esse
3224 5080 3627 5137 mediterranea
3672 5080 3760 5132 bo.

2193 5171 2383 5226 stium.
2442 5169 2577 5226 Nam
2616 5182 2895 5243 utcunque
2927 5172 3086 5228 Hales
3145 5175 3408 5231 Amurius
3446 5176 3500 5229 in
3544 5172 3759 5229 simula-

2192 5264 2341 5320 tione
2364 5265 2599 5334 quadam
2632 5268 2784 5336 pacis
2818 5282 2875 5321 se
2909 5268 3176 5322 hactenus
3199 5268 3491 5322 continens
3519 5266 3760 5335 quiesce-

2190 5358 2304 5423 bat,
2342 5366 2517 5411 tamen
2549 5357 2728 5413 efferri
2784 5359 2933 5413 brevi
2981 5359 3147 5430 coepit
3204 5360 3559 5414 aemulatione
3606 5354 3760 5425 paulo

2193 5459 2314 5519 post
2375 5462 2687 5506 secutorum
2747 5468 3108 5507 succcssuum
3177 5452 3449 5516 Atmanis,
3511 5452 3759 5506 viciniam

2190 5542 2385 5596 Nicaeae
2420 5558 2678 5612 prospere
2736 5546 3095 5611 incursantis,
3144 5561 3251 5599 non
3285 5559 3514 5615 parvum
3576 5558 3634 5598 se
3667 5542 3762 5595 im-

2190 5637 2426 5704 peratori
2462 5634 2787 5689 beneﬁcium
2851 5639 3152 5692 contulisse
3183 5650 3467 5706 reputans,
3546 5638 3592 5692 si
3629 5652 3685 5689 se
3714 5632 3762 5685 in

2193 5726 2341 5793 pacis
2393 5726 2746 5782 observantia
2804 5736 3017 5783 teneret
3061 5731 3305 5799 quandiu
3340 5731 3430 5784 alii
3482 5731 3538 5783 in
3598 5741 3765 5783 terras

2190 5818 2404 5888 imperii
2435 5834 2543 5874 non
2597 5821 2990 5891 irrumperent.
3048 5824 3186 5889 Illud
3240 5840 3377 5878 vero
3436 5826 3585 5889 exigi
3640 5839 3670 5878 a
3715 5835 3767 5876 se

2190 5911 2334 5964 haud
2365 5927 2579 5981 zequum
2617 5928 2760 5978 esse,
2821 5925 2876 5968 ut
2942 5916 3137 5984 praedas
3199 5918 3495 5970 multorum
3555 5915 3767 5984 impune

2148 6080 2151 6081 ν
2192 6000 2424 6056 aliorum
2465 6003 2669 6071 rapinis
2705 6004 2909 6059 abactae
2941 6016 3148 6074 partem
3196 6006 3308 6074 ipse
3343 6005 3444 6061 sibi
3481 6020 3593 6059 non
3644 6002 3771 6055 arri-
