3860 6598
270 450 369 514 365

1167 450 1264 509 DE
1306 447 1749 511 ANDRONICO
1779 446 2239 511 PALIEOLOGO
2278 446 2544 510 LlB.IV.

3395 444 3502 508 365

264 562 479 630 θέτησε,
506 561 584 631 τῷ
624 562 798 632 περᾷν
834 562 922 615 διὰ
960 561 1057 632 τῆς
1096 564 1481 633 προσχώσεως.
1515 563 1699 616 Ταῦτα
1737 580 1826 631 γε-
1866 575 1905 631 Α
1936 560 2178 629 ἀσφαλὲς
2209 560 2457 614 ἐντεῦθεν
2491 560 2726 630 ἔχοντες,
2780 556 3004 619 στάντες
3039 557 3262 611 ἔϐαλλον
3299 558 3503 621 ὀϊστοῖς

261 654 408 723 τόνει
437 656 500 707 ἐκ
532 654 863 725 παραδόξου,
900 657 996 708 καὶ
1028 655 1235 725 βασιλεῖ
1268 656 1564 725 ἠγγέλλετο
1589 656 1671 709 ὅτι
1694 654 1829 725 πλῆ-

264 762 354 817 ρες
406 747 617 816 ἐχθρῶν
647 745 708 801 τὺ
755 748 1067 818 μεσόγαιον,
1108 749 1158 800 εἰ
1202 750 1296 802 καὶ
1349 749 1514 819 Ἀλῆς
1539 747 1828 818 Ἀμούριος

261 837 484 907 εἰρήνην
513 840 604 890 καὶ
629 839 686 901 ἐς
709 839 826 891 τόδε
849 840 1318 909 σχηματιζόμενος
1344 838 1651 910 ἐφησύχαζε
1668 839 1825 899 τέως.

271 927 434 982 Ἀλλὰ
467 930 536 983 τὰ
576 929 653 999 τῷ
676 930 887 999 ’Δτμὰν
919 931 988 982 τὰ
1013 931 1140 1000 περὶ
1166 930 1266 999 τὴν
1302 930 1539 983 Νἱκαιαν
1566 930 1832 998 κατατρέ·

262 1037 411 1089 χοντι
444 1021 738 1094 ἐσύστερον
774 1022 1279 1092 ἀριστουργηθέντα
1323 1022 1419 1075 καὶ
1453 1020 1644 1075 τοῦτον
1694 1022 1829 1091 ἐπῆο

267 1129 379 1183 ρεν,
409 1113 603 1183 ἱκανὴν
635 1113 1036 1184 φιλοφροσύνην
1057 1113 1285 1178 δόξαντα
1316 1113 1725 1183 καταπράττειν
1755 1112 1831 1181 τῷ

261 1204 494 1274 βασιλεῖ,
537 1206 695 1276 εἴπερ
753 1204 1026 1275 εἰρηνεύοι
1079 1204 1154 1275 μὴ
1188 1203 1583 1258 εἰσϐαλλόντων
1614 1202 1827 1257 ἄλλων·

261 1300 309 1350 εἰ
336 1298 384 1349 δ’
411 1297 529 1362 οὖν,
560 1296 698 1353 ἀλλὰ
734 1297 829 1351 καὶ
875 1297 1035 1359 αὐτὸς
1071 1297 1309 1363 ἁρπάζοι
1350 1297 1419 1351 τὰ
1466 1298 1580 1359 τοῖς
1614 1296 1831 1358 πολλοῖς

259 1390 607 1460 ἀπαγόμενοι.
644 1391 853 1460 Ἀτμὰν
906 1391 1087 1445 τοίνυν
1124 1390 1233 1443 τῶν
1266 1389 1411 1459 ἀμφὶ
1462 1389 1561 1460 τὴν
1596 1390 1833 1442 Νίκαιαν

262 1483 444 1535 τόπων
470 1484 692 1555 ἀπάρας
724 1483 804 1553 (τὸ
844 1484 951 1555 γὰρ
980 1482 1195 1554 συμϐὰν
1225 1482 1491 1553 πρότερον
1512 1481 1589 1551 τῷ
1614 1479 1835 1542 Μουζά·

264 1573 393 1627 λωνι
416 1574 644 1645 σφάλμα
674 1576 768 1629 καὶ
819 1576 981 1629 πλέον
1009 1574 1235 1645 ὥγκωσε
1270 1573 1501 1644 τοῦτον).
1531 1574 1657 1637 τοὺς
1683 1573 1835 1642 ὀρει-

263 1667 386 1731 νοὺς
418 1667 647 1721 διελθὼν
681 1669 943 1739 σίφωνας,
980 1668 1200 1733 ἕτοιμος
1230 1661 1299 1738 ἦν
1341 1665 1635 1720 καταθέειν
1682 1666 1832 1719 Ἀλι·

265 1761 472 1825 ζώνων.
517 1761 680 1816 Ἀλλὰ
714 1763 844 1831 πρὶν
876 1761 1037 1816 αὑτὸν
1062 1760 1358 1825 εἰσϐαλεῖν,
1388 1758 1593 1830 πλῆθος
1622 1756 1835 1828 ἐχθρῶν

265 1854 550 1925 συναχθὲν,
583 1857 665 1920 εἰς
690 1849 891 1908 ὲὲατὺν
916 1853 1162 1908 ποσωθὲν
1191 1852 1285 1907 καὶ
1320 1839 1538 1923 μόνους,
1571 1853 1698 1921 περί
1730 1867 1833 1903 που

1937 654 2031 707 καὶ
2085 653 2465 715 κυκλώσαντες
2519 651 2858 717 ἐτοξὰζοντο,
2909 652 2999 705 καὶ
3032 650 3507 709 τῶνδιωκόντων

1934 741 2185 795 τοσοῦτον
2233 746 2680 811 περιγεγόνεισαν
2730 742 2868 797 ὥστε
2898 745 2991 798 καὶ
3020 743 3183 798 αὐτὸν
3213 746 3508 817 κατασχεῖν

1936 834 2027 887 τὸν
2056 835 2206 901 σφῶν
2241 833 2636 904 ἐξηγούμενον·
2670 837 2774 888 κᾶν
2808 834 2895 906 [Ρ.
2931 835 3059 908 229]
3091 838 3404 908 ἀπήγαγον,
3439 840 3508 909 ἢν

1942 927 2015 995 μή
2046 940 2127 988 τις
2156 927 2265 978 τῶν
2303 929 2404 996 τῆς
2439 926 2749 997 Ῥωμαῖκῆς
2770 929 3049 997 φάλαγγος
3077 930 3227 1001 λῆμα
3259 935 3509 1000 γενναῖον

1938 1017 2139 1086 φέρων,
2202 1020 2443 1091 στερρῶς
2503 1019 2762 1090 ἐμπεσὼν
2807 1022 2903 1074 καὶ
2967 1025 3339 1092 περιγεγονὼς
3399 1025 3509 1078 τῶν

1937 1106 2199 1174 ἀγόντων,
2229 1110 2324 1161 τοῦ
2358 1110 2527 1163 ἵππου
2561 1110 2722 1178 μόνου
2745 1111 3049 1181 τρωθέντος
3076 1115 3285 1168 ἐκεῖνον
3308 1114 3510 1179 ἐξειλε-

1937 1216 2019 1255 το.
2052 1201 2222 1254 Τοῦτο
2249 1202 2471 1269 γεγονός
2500 1184 2682 1256 τίκα).
2713 1204 2981 1258 ἀκουσθὲν
3027 1206 3121 1260 ἐπὶ
3147 1205 3309 1260 πλέον
3359 1224 3510 1281 παρ-

1939 1290 2146 1363 ώτρυνε
2199 1293 2291 1347 τὸν
2322 1295 2551 1366 Ἀτμὲν,
2609 1299 2701 1351 καὶ
2742 1299 3087 1369 ὑπερηφάνει
3138 1303 3164 1354 ὁ
3193 1300 3505 1372 βάρϐαρος·

1940 1386 1999 1447 ἐς
2022 1384 2178 1438 τόσον
2204 1386 2313 1457 γὰρ
2340 1386 2401 1441 τὸ
2438 1390 2565 1461 περὶ
2589 1391 2753 1446 αὑτὸν
2785 1393 3104 1463 στράτευμα
3148 1395 3506 1464 ἐπληθύνετο,

1939 1477 2082 1531 ὥστε
2113 1479 2217 1533 καὶ
2240 1481 2449 1551 Πέρσας
2478 1482 2671 1548 ἄλλους
2699 1487 2762 1538 ἐκ
2783 1486 2892 1538 τῶν
2918 1487 3043 1556 περὶ
3068 1489 3379 1560 Μαίανδρον
3413 1506 3512 1544 πα-

1945 1573 2301 1639 ραγεγονότας
2359 1576 2681 1644 συμμάχους
2733 1576 2877 1647 ἔχειν
2910 1581 3001 1632 καὶ
3042 1579 3178 1649 πρὸς
3211 1582 3308 1653 τὴν
3343 1598 3514 1637 κατα-

1941 1659 2149 1733 δρομὴν
2185 1664 2558 1735 συλλήπτορας
2590 1670 2826 1732 ἱκανούς.
2862 1671 3032 1725 Ἰὀῦτο
3060 1672 3106 1725 δ’
3127 1669 3194 1745 ἦν
3219 1676 3311 1728 καὶ
3333 1674 3394 1728 τὸ
3419 1677 3512 1730 τὸν

1955 1751 2241 1822 Ἀμούριον
2293 1757 2535 1828 ἐπηρκὸς
2582 1760 2677 1814 καὶ
2718 1767 2911 1816 πεῖσαν
2964 1771 3388 1835 παρασπονδεῖν,
3417 1768 3515 1838 ζη·

1942 1844 2281 1901 λοτυποῦντα
2318 1849 2454 1914 τέως
2486 1853 2535 1904 εἰ
2572 1846 2647 1905 ὧν
2677 1856 2839 1919 αὐτὸς
2873 1860 3012 1911 κατὰ
3054 1860 3155 1929 τὴν
3194 1863 3332 1931 πρὸς
3362 1863 3519 1932 βασι-

261 1948 357 2018 τὴν
385 1948 695 2019 Τελεμαίαν
738 1947 1122 2017 καταδαρθεῖσι
1152 1949 1265 2009 τοῖς
1314 1945 1446 2015 περὶ
1474 1944 1567 1997 τὸν
1612 1943 1832 2008 Μουζά-
1868 1937 1909 1992 Β
1942 1935 2094 1990 σιλέα
2128 1940 2286 2009 χάριν
2312 1943 2602 2013 ἀπέσχετο,
2647 1947 2819 2003 ταῦτα
2854 1953 3127 2022 μακρόθεν
3164 1954 3517 2021 ἐσϐάλλοντες

261 2041 403 2096 λωνα
439 2041 670 2095 ἐπιστὲν
692 2040 750 2106 ἐξ
788 2039 1122 2111 ἀπροόπτου,
1174 2038 1409 2101 ἐκεινοις
1442 2036 1541 2108 μὲν
1577 2032 1651 2099 ὡς
1687 2035 1835 2100 εἰκὸς

259 2134 510 2205 ταραχὴν
543 2132 876 2204 ἐμϐάλλουσι
900 2133 999 2203 τὴν
1038 2133 1328 2202 μεγίστην,
1362 2129 1534 2184 πολλὰ
1556 2129 1611 2185 δὲ
1640 2128 1836 2183 K1663:-

256 2243 372 2290 τες,
402 2226 501 2280 καὶ
529 2227 730 2289 αὐτοὺς
781 2225 840 2278 ἐν
886 2227 1271 2297 σαυρωτῆρσιν
1310 2224 1527 2289 ὑσσοὺς,
1576 2218 1838 2293 ὑποστρέ-

196 2318 203 2322 ’
260 2335 480 2389 φουσιν.
527 2317 617 2382 Ὦς
645 2317 704 2373 δέ
752 2318 1042 2387 συστάντες
1096 2317 1359 2387 Ῥωμαῖοι
1413 2321 1541 2377 τοὺς
1578 2317 1837 2378 ἐπιόντας

260 2411 511 2475 ἐδίωκον,
544 2411 743 2464 ἐκεῖνοι
769 2409 837 2463 τὰ
882 2409 1070 2478 ὀρεινὰ
1107 2406 1618 2479 προκαταλαϐόντες
1653 2410 1748 2461 καὶ
1776 2409 1838 2460 τὶ)

260 2600 413 2661 peret
441 2590 709 2657 aliquam.
738 2590 934 2643 Atman
967 2587 1131 2657 igitur
1153 2602 1185 2643 e
1222 2585 1360 2643 locis
1408 2588 1558 2642 circa
1592 2586 1834 2642 Nicaeam

263 2695 491 2735 movens
517 2682 665 2750 (nam
693 2694 815 2748 quae
848 2678 1000 2749 prius
1029 2674 1302 2733 Muzslo'ni
1335 2677 1644 2748 contigerat
1662 2676 1839 2733 offen-

264 2776 349 2829 sio
405 2772 629 2831 animos
664 2772 743 2827 illi
793 2770 1070 2843 augebat),
1122 2780 1498 2841 transgressus
1549 2777 1839 2826 montanos

263 2867 562 2937 Siphones,
597 2873 824 2936 paratus
843 2871 962 2920 erat
999 2863 1066 2918 ad
1121 2862 1482 2918 incursandos
1527 2862 1837 2917 llalizones.

262 2961 370 3015 Sed
402 2960 729 3030 priusquam
759 2957 814 3013 in
868 2957 992 3013 illos
1057 2957 1309 3017 irrueret,
1372 2954 1597 3010 collecta
1645 2969 1840 3008 manus

266 3051 538 3116 hostium,
594 3060 812 3105 centum
851 3048 1091 3104 solorum
1135 3049 1378 3117 capitum
1409 3058 1519 3101 non
1567 3044 1838 3101 excedens

266 3157 589 3207 numerum,
622 3142 768 3198 circa
820 3139 1143 3196 Telemaeam
1184 3138 1379 3209 sepitls
1433 3153 1499 3195 ex
1543 3137 1840 3208 improviso

265 3235 664 3306 superveniens
693 3230 962 3289 Muzaloni
1013 3247 1134 3288 cum
1169 3233 1307 3298 suis,
1367 3232 1455 3288 bis
1487 3230 1731 3303 quidem,
1784 3240 1841 3286 ut

1942 2027 2094 2082 ἄλλοι
2121 2034 2799 2103 παρακερδαξνοιεν.“Αλλὰ
2827 2043 2893 2096 τὰ
2928 2047 3026 2113 μὲν
3052 2046 3226 2116 τούτῳ
3259 2063 3517 2119 πεπραγ-

1948 2125 2084 2190 μένα
2154 2127 2346 2198 μικρὸν
2380 2123 2541 2200 ἦσαν,
2573 2134 2676 2186 κᾶν
2711 2133 2872 2198 αὐτὸς
2907 2137 3006 2188 οὐκ
3037 2138 3306 2206 ἀρίστατο
3338 2142 3517 2211 πράτ-

1944 2228 2086 2266 των⁹
2121 2220 2239 2271 τότε
2289 2221 2337 2273 δ’
2384 2222 2589 2290 ’Λτμάν
2644 2226 2894 2291 ἐπιστὰς,
2948 2228 3042 2281 καὶ
3086 2232 3234 2297 ἄγων
3264 2230 3362 2299 μὲν
3393 2233 3521 2296 τοὺς

1944 2306 2134 2373 ἰδίους,
2177 2310 2323 2376 ἄγων
2357 2314 2412 2366 δὲ
2461 2317 2552 2369 καὶ
2588 2318 2818 2381 πολλοὺς
2866 2325 3008 2374 κατὰ
3040 2325 3360 2393 συμμαχίαν
3396 2325 3518 2376 ἑτέ-

1950 2415 2076 2466 ρους
2113 2398 2531 2471 ἐξωρμημένους
2589 2408 2729 2460 κατά
2789 2409 2993 2463 λύσσαν
3024 2413 3191 2468 πάλαι
3218 2413 3330 2467 τῶν
3381 2416 3524 2468 κατὰ

1950 2575 2090 2629 xima
2126 2587 2311 2646 posset
2363 2585 2661 2651 rapacitate
2703 2596 3066 2655 grassaretur,
3095 2599 3277 2645 tamen
3324 2595 3522 2663 exigua

1948 2668 2117 2725 videri
2144 2682 2391 2742 poterant
2418 2674 2617 2732 damna
2654 2693 2774 2750 quae
2812 2682 2887 2736 rei
2919 2680 3182 2738 Romana:
3230 2684 3523 2751 inferebat,

1949 2761 1994 2815 si
2038 2777 2494 2833 compararentur
2523 2784 2648 2823 cum
2683 2773 2840 2842 longe
2870 2775 3221 2843 gravioribus
3252 2792 3282 2831 a
3327 2789 3525 2848 poten-

1950 2854 2073 2905 tiori
2100 2852 2329 2910 Atmane
2360 2859 2546 2915 illatis.
2586 2861 2685 2917 llic
2725 2866 2871 2920 enim
2921 2865 3197 2937 inceptum
3231 2885 3434 2938 urgens
3472 2880 3529 2927 et

1951 2946 2233 3001 accinetus
2282 2965 2524 3020 praesens
2569 2955 2743 3024 operi,
2797 2958 3115 3017 succinctus
3156 2965 3321 3019 etiam
3368 2968 3524 3022 novis

1952 3040 2169 3095 auxiliis
2194 3041 2662 3125 ferocissimorum
2692 3047 2987 3117 latronum,
3023 3054 3114 3125 qui
3147 3034 3288 3112 saeva
3315 3057 3523 3115 dudum

1950 3134 2005 3189 in
2038 3152 2135 3191 nos
2160 3137 2399 3194 instincti
2430 3141 2581 3199 rabie
2608 3122 2913 3214 {partibus
2934 3122 3312 3222 Paphlagoniae
3332 3168 3526 3208 recens

1951 3229 2017 3279 ad
2049 3227 2227 3296 ipsum
2261 3245 2653 3299 convenerant,
2691 3239 2862 3305 parati
2898 3238 3096 3295 animis
3139 3242 3322 3298 delere
3365 3244 3528 3300 deso-

268 3294 368 3401 ρετ
394 3329 505 3384 fuit
539 3328 635 3382 tali
667 3336 811 3383 statu
842 3324 1223 3396 deprehensis,
1259 3294 1727 3395 perturbationem
1762 3324 1843 3378 in.
1872 3294 1914 3353 ο
1951 3318 2175 3388 Iareque
2209 3319 2363 3377 obvia
2402 3336 2619 3391 cuncta,
2668 3329 2915 3400 nihilque
2965 3332 3146 3388 facere
3191 3337 3384 3406 reliqui
3431 3356 3531 3394 ex-

264 3420 400 3489 jecit
424 3418 745 3483 maximam,
775 3430 882 3487 qua
913 3415 1130 3471 barbari
1161 3414 1333 3486 adjuti
1369 3430 1495 3470 cum
1537 3412 1639 3468 alia
1675 3416 1846 3469 multa

267 3520 382 3565 tum
418 3511 611 3565 hastas
637 3509 785 3579 ipsas
813 3508 1116 3564 decussatis
1153 3507 1441 3579 impositas
1472 3509 1526 3561 in
1560 3507 1684 3562 valli
1715 3521 1850 3561 cra-

268 3614 379 3659 tem
421 3602 708 3673 stipitibus
747 3601 1023 3656 auferunt.
1078 3598 1150 3656 Ut
1208 3610 1389 3655 autem
1411 3601 1647 3669 receptis
1698 3616 1729 3655 e
1757 3618 1851 3655 su-

273 3694 385 3749 bita
451 3692 902 3749 consternatione
954 3690 1155 3747 animis
1205 3688 1439 3746 Romani
1493 3705 1660 3745 manu
1705 3690 1850 3746 facta

269 3786 513 3844 insecuti
542 3785 812 3855 fugientes
844 3792 996 3848 sunt,
1053 3784 1129 3837 illi
1185 3793 1310 3837 nota
1380 3778 1513 3853 ipsis
1578 3785 1846 3838 montium

266 3876 400 3948 iuga
429 3883 751 3940 tenuerunt,
784 3876 1021 3946 indeque
1053 3888 1251 3931 securo
1274 3875 1384 3945 jam
1413 3875 1470 3930 in
1502 3874 1622 3930 loco
1681 3876 1851 3930 stabi-

270 3972 351 4028 liti
379 3954 608 4042 sagittis
631 3977 855 4027 nostros
897 3970 1262 4040 impetebant,
1320 3968 1559 4039 undique
1594 3985 1693 4038 per
1745 3970 1851 4024 cir-

269 4070 483 4120 cuitum
513 4060 1108 4132 supernejaculantcs',
1150 4069 1475 4130 tantumque
1508 4062 1853 4117 circumven-

271 4165 342 4219 tis
376 4162 444 4217 iis
471 4162 568 4232 qui
622 4173 683 4215 se
730 4157 1161 4228 insequebantur
1197 4155 1622 4221 praevaluerunt,
1683 4164 1740 4210 ut
1798 4166 1852 4212 et

271 4256 449 4325 ipsum
514 4253 710 4306 horum
785 4249 978 4305 ducem
1044 4248 1571 4318 comprehenderent
1633 4250 1851 4318 abegis-

271 4355 527 4416 sentque,
558 4345 662 4398 nisi
708 4341 979 4413 quispiam
1050 4357 1081 4396 e
1124 4340 1366 4396 Romana
1433 4340 1705 4411 phalange
1755 4356 1851 4411 ge-

275 4455 475 4495 neroso
520 4446 743 4491 evectus
780 4438 985 4505 impetu
1038 4433 1415 4489 vehementem
1470 4432 1694 4490 fecisset
1751 4434 1852 4487 im-

272 4531 617 4603 pressionem
653 4531 707 4583 in
757 4528 1044 4593 barbaros,
1080 4535 1188 4581 tam
1233 4525 1445 4582 fortiter
1496 4540 1613 4579 rem
1652 4542 1848 4594 gerens

1953 3417 2138 3464 trenne
2189 3413 2495 3470 crudelitati
2567 3418 2890 3489 diripiendis
2954 3423 3402 3496 abducrndisque
3473 3431 3528 3486 in

1953 3503 2344 3560 servitudinetn
2397 3507 2559 3576 plane
2597 3515 2867 3567 universis
2916 3515 3112 3570 incolis
3156 3518 3313 3573 illurn
3341 3537 3371 3570 n
3416 3532 3529 3576 tra-

1951 3604 2160 3650 ctuum.
2226 3599 2337 3654 Hos
2394 3599 2483 3654 ille
2527 3620 2650 3658 cum
2706 3608 2821 3660 suis
2870 3611 3148 3668 veteribus
3183 3627 3530 3685 aggregass-t

1953 3687 2149 3755 cepiis,
2180 3690 2493 3746 universum
2548 3694 2659 3749 illic
2710 3699 3012 3754 exercitum
3055 3719 3160 3758 una
3197 3719 3383 3760 secum
3428 3708 3530 3761 ha-

1953 3775 2134 3831 bebat.
2184 3776 2480 3849 Oppositus
2520 3785 2596 3839 illi
2642 3790 2818 3842 stabat
2869 3807 3025 3845 unica
3082 3796 3246 3849 tutela
3296 3795 3528 3852 Romani

1955 3869 2146 3927 limitis
2192 3872 2438 3941 Muzalo;
2469 3878 2560 3946 qui
2601 3882 2891 3936 recensitis
2936 3886 3071 3948 suis,
3126 3888 3434 3957 collatoque
3473 3892 3528 3945 in

1956 3977 2122 4016 unum
2175 3979 2438 4033 quantum
2492 3983 2777 4039 supererat
2814 3973 3181 4031 Romanarum
3221 3983 3527 4050 copiarum,
3617 3980 3623 3993 “

1953 4065 2216 4124 quantum
2257 4058 2628 4129 Alanicarum,
2667 4065 2751 4118 vix
2803 4072 3101 4125 numeratis
3125 4072 3284 4125 simul
3324 4074 3532 4145 indige-

1958 4152 2041 4204 nis
2069 4150 2230 4206 simul
2259 4152 2465 4209 exteris
2507 4155 2613 4210 duo
2654 4156 2820 4211 millia
2863 4159 3097 4214 militum
3126 4163 3400 4232 explebat.
3432 4165 3534 4221 Ex-

1957 4251 2188 4296 tremum
2242 4255 2422 4299 tamen
2480 4247 2776 4304 Muzalmiis
2824 4252 3003 4307 oculis
3031 4262 3084 4307 et
3113 4256 3298 4309 animo
3333 4260 3532 4315 obver-

1955 4349 2084 4389 sans
2114 4334 2414 4405 periculum
2449 4339 2705 4394 Romana:
2733 4341 2809 4396 rei
2848 4342 3129 4397 audaciam
3158 4348 3205 4400 ei
3239 4350 3535 4418 atque'im-

1958 4436 2141 4495 petum
2195 4442 2295 4495 pro
2338 4432 2449 4485 aris
2493 4424 2740 4500 focisque
2770 4433 3081 4491 decertandi
3112 4447 3303 4493 contra
3343 4442 3533 4510 plures

1956 4520 2141 4585 dabat,
2170 4519 2310 4575 haud
2353 4522 2777 4579 abhorrentibus
2803 4542 2830 4579 a
2857 4527 3014 4582 ducis
3040 4535 3310 4587 sententia
3343 4535 3536 4603 pleris-

280 4636 337 4680 ut
366 4625 622 4694 disjectis
668 4622 760 4685 iis,
802 4636 904 4676 suo
943 4629 1154 4674 tantum
1218 4634 1359 4688 equo
1410 4622 1659 4673 sauciato
1683 4660 1697 4683 ,
1735 4620 1850 4689 ipse
1886 4631 1927 4685 ί)
1954 4627 2061 4680 que
2108 4613 2359 4678 militum,
2397 4614 2520 4669 licet
2555 4631 2669 4671 suae
2714 4621 2949 4676 consciis
2976 4624 3291 4691 paucitatis.
3339 4626 3407 4681 Et
3440 4629 3535 4682 hac

281 4718 579 4774 incolumis
611 4716 841 4769 liberum
874 4714 1147 4784 captivum
1195 4712 1493 4767 reduxerit.
1524 4709 1683 4783 333
1739 4712 1851 4765 lloc

276 4813 351 4869 ita
399 4820 619 4883 gestum
670 4817 723 4863 et
773 4807 880 4862 late
930 4806 1258 4860 celebratum
1330 4806 1504 4877 magis
1572 4805 1853 4875 magisque

266 4905 541 4962 incitavit
580 4904 866 4955 Atmanem
895 4937 911 4962 ,
946 4896 1356 4968 Barbarumque
1406 4898 1459 4951 in
1510 4897 1707 4951 fastum
1760 4912 1855 4953 ex-

279 5001 448 5056 tulit:
485 4997 625 5052 adeo
666 4994 811 5049 enim
857 4990 969 5059 jam
1015 4989 1132 5059 ejus
1181 4990 1349 5058 copiae
1396 5000 1569 5043 auctae
1621 5004 1852 5041 numero

279 5102 432 5150 erant
465 5134 484 5158 ,
516 5096 576 5144 ut
618 5096 671 5143 et
706 5087 901 5141 Persas
933 5083 1068 5139 alios
1115 5099 1144 5140 e
1180 5071 1515 5153 regionibus
1543 5078 1743 5137 vicinis
1786 5081 1853 5135 ad

282 5203 341 5244 se
367 5187 517 5242 ultro
543 5188 804 5236 coeuntes
834 5176 1013 5232 socios
1040 5173 1262 5233 haberet
1296 5182 1350 5228 et
1385 5172 1453 5228 ad
1477 5173 1853 5228 incursionem

283 5278 528 5350 quolibet
556 5270 981 5345 promovendatn
1027 5265 1302 5337 adjutores
1342 5266 1588 5320 idoneos.
1641 5264 1757 5319 Hoc
1805 5275 1857 5318 et

283 5373 508 5428 Amurio
532 5365 844 5438 superbiam
877 5362 1093 5434 adjecit.
1128 5360 1240 5417 Hoc
1273 5360 1348 5415 illi
1377 5361 1653 5430 persuasit
1684 5360 1859 5414 foedus

287 5464 558 5535 frangere,
607 5458 956 5514 aemulatione
1002 5454 1260 5510 instincto
1298 5466 1486 5517 avara,
1540 5467 1648 5522 qua
1683 5453 1730 5506 ei
1774 5451 1856 5503 vi-

286 5556 516 5612 debatur
556 5547 901 5607 intolerabile
939 5562 999 5603 se
1042 5544 1260 5617 quidem
1301 5543 1587 5613 promissae
1626 5544 1859 5612 impera-

287 5650 387 5703 tori
443 5645 571 5701 fldei
627 5641 888 5713 religione
936 5640 1175 5693 vinctum
1237 5635 1515 5691 abstinere
1571 5648 1770 5688 manus
1829 5646 1859 5687 a

289 5740 463 5809 prada
489 5737 759 5800 Romana,
784 5733 1002 5788 interim
1026 5730 1153 5786 dum
1178 5729 1323 5784 illam
1365 5727 1457 5781 alii
1484 5727 1698 5797 longius
1731 5741 1857 5796 pro-

291 5832 411 5887 fecti
435 5843 605 5887 totam
637 5831 691 5885 in
739 5844 839 5883 sua
885 5826 1034 5880 lucra
1092 5831 1387 5880 verterent.
1447 5820 1552 5876 Sed
1609 5820 1859 5890 quamvis

290 5924 430 5980 haud
458 5937 595 5980 sane
644 5920 749 5976 sibi
779 5916 1037 5972 Amurius
1073 5913 1332 5983 parcebat
1362 5910 1494 5982 quin
1526 5925 1692 5980 quam
1741 5924 1861 5963 ma-

1958 4704 2165 4757 buisset
2214 4704 2315 4758 ista
2374 4704 2572 4760 ﬁducia
2625 4723 2965 4775 successum,
3026 4714 3419 4788 vicissentque.
3479 4732 3539 4777 ut

1957 4797 2176 4865 plurimi
2225 4794 2526 4863 affirmant,
2561 4800 2605 4854 si
2638 4808 2730 4854 aut
2782 4802 2941 4871 plane
2980 4819 3172 4862 omnes
3221 4816 3541 4881 conspiras-

1960 4899 2080 4942 Sl'lll
2123 4890 2173 4943 in
2206 4905 2532 4959 generosum
2567 4892 2667 4949 hoc
2713 4895 3203 4963 propositum,_aut
3239 4903 3291 4956 in
3318 4919 3383 4958 eo
3408 4920 3541 4959 con-

1957 4978 2150 5034 cordes
2183 4991 2629 5051 perseverassent
2664 4986 3019 5057 unanimique
3056 4986 3377 5047 fortitudine
3404 4993 3536 5049 totis

1958 5073 2168 5127 viribus
2197 5082 2251 5127 et
2289 5070 2490 5127 animis
2525 5076 2581 5128 in
2613 5073 2756 5131 istud
2798 5080 3043 5147 prndium
3083 5081 3344 5138 ruissent.
3376 5082 3541 5156 33E.
3606 5068 3613 5074 ’

1958 5165 2116 5222 Nunc
2144 5168 2298 5222 multi
2342 5185 2405 5223 ex
2443 5168 2603 5239 ipsis,
2639 5171 2722 5224 vel
2769 5170 2970 5227 innatae
3008 5173 3353 5245 indulgentes
3384 5181 3538 5246 igua-

1958 5262 2079 5321 viaz,
2107 5261 2189 5315 vel
2230 5260 2567 5331 refrigerato,
2620 5260 2663 5316 si
2699 5279 2861 5332 quem
2916 5267 3238 5335 concepisse
3290 5269 3391 5321 visi
3422 5268 3542 5323 fue-

1932 5362 2107 5418 rrant,
2145 5355 2338 5408 ardore
2378 5364 2599 5409 strenue
2652 5355 2969 5421 dimicandi,
3019 5374 3219 5429 segnes
3247 5362 3542 5431 ancipites--

1960 5458 2067 5514 que
2097 5444 2403 5514 torpebant.
2463 5445 2521 5498 In
2570 5446 2656 5501 his
2706 5455 2864 5502 erant
2919 5463 3059 5518 quos
3107 5450 3287 5503 adhuc
3350 5455 3543 5506 urebat

1962 5535 2119 5589 dolor
2169 5536 2540 5601 contumelia,
2592 5544 2649 5590 ut
2683 5539 2969 5607 putabant,
3012 5540 3339 5611 injuraeque
3373 5557 3538 5597 acce-

1960 5638 2086 5698 ptae,
2112 5643 2237 5682 cum
2272 5630 2395 5696 equi
2432 5631 2749 5699 nummique
2789 5632 2924 5701 ipsis
2944 5634 3116 5701 erepti
3150 5634 3338 5689 Alanis
3377 5635 3539 5688 attri-

1962 5721 2079 5776 buti
2126 5720 2363 5782 fuerant,
2395 5738 2505 5791 quo
2542 5722 2843 5787 Romanam
2875 5723 3125 5778 militiam
3156 5724 3386 5794 periisse
3419 5724 3545 5781 fun-

1965 5813 2115 5867 ditus
2142 5815 2532 5882 querebantur,
2588 5814 2843 5883 taediique
2892 5816 3019 5867 inde
3062 5830 3126 5869 ac
3166 5817 3354 5872 livoris
3393 5816 3539 5886 pleni

1967 5922 2071 5963 nec
2102 5908 2519 5963 consentiebant
2549 5908 2788 5970 exteris,
2830 5922 2931 5962 nec
2974 5907 3235 5977 impetum
3278 5911 3539 5975 exiiedtec
