3860 6556
344 395 446 459 307

1567 388 1889 455 GEORGII
1938 383 2418 446 PACHYMEILE

3484 368 3587 427 388

349 516 731 587 Παφλαγονίαν
786 512 990 583 μερῶν,
1051 510 1302 581 ἑτοίμους
1361 506 1664 574 ἐξαλείφειν
1711 521 1768 556 τε
1817 503 1910 555 καὶ
1941 504 1980 560 Α
2015 497 2308 567 πολεμίους
2338 495 2435 547 καὶ
2462 491 2567 545 ὑπὸ
2600 489 2732 543 πόδα
2760 500 3064 557 χωρουντες
3117 481 3209 536 καὶ
3241 478 3443 551 λέχριοί
3473 494 3584 537 πως

348 614 583 681 ἀπάγειν
612 609 681 664 τὰ
708 609 844 679 πρὸς
884 607 1042 660 ποσὶν
1094 606 1160 657 ἐκ
1190 602 1392 672 πολλῆς
1424 601 1769 669 ἰταμότητος,
1799 595 1916 649 ἐκεῖ

348 721 454 758 που
500 701 712 762 πάντας
765 701 1010 766 συνῆγεν.
1063 698 1124 748 Ol
1155 694 1198 745 δ’
1226 693 1368 761 ἀμφὶ
1408 692 1498 745 τὸν
1553 686 1913 753 Μουζᾴλωνα,

347 802 473 852 ὅσον
495 787 816 866 ’Ῥωμαϊκὸν
851 794 944 845 καὶ
991 791 1114 842 ὅσον
1168 786 1473 850 Ἀλανικὸν,
1512 784 1634 837 ὅσον
1667 777 1916 848 ίθαγενές

349 892 443 947 καὶ
470 894 589 945 ὅσον
623 887 841 953 ἔξωθεν,
879 884 1031 954 μόλις
1082 899 1184 935 που
1217 882 1343 950 περὶ
1368 878 1461 932 δύο
1494 877 1738 947 χιλιάδας
1772 870 1918 926 συνί-

353 998 536 1035 στατο.
569 982 757 1063 ’ρμως
807 994 871 1045 γε
928 977 1109 1044 μέντοι
1138 972 1197 1025 τὸ
1232 972 1323 1024 ἐπὶ
1351 968 1450 1038 τῆς
1497 966 1702 1028 οίκείας
1742 964 1913 1035 μάχε-

310 1132 317 1137 ⁴
354 1075 471 1126 σθαι
505 1052 704 1139 πολλὴν
735 1069 886 1136 σφίσι
929 1065 1099 1135 ῥοπὴν
1128 1063 1220 1115 ἐπὶ
1247 1061 1323 1129 τῷ
1349 1059 1549 1128 τολμᾷν
1597 1056 1732 1124 πρὸς
1766 1052 1917 1105 πλεί-

353 1180 509 1226 στους
544 1161 748 1228 ὀλίγοις
803 1159 996 1211 ἐδίδου.
1036 1154 1155 1208 Κᾶν
1190 1152 1285 1206 καὶ
1342 1146 1727 1219 περιγενέσθαι
1776 1144 1917 1211 σφᾶς

318 1252 710 1324 ,ξ-ῳὸεϐἡκοι,
763 1248 920 1319 εἴπερ
956 1244 1210 1315 γνησίαις
1257 1240 1526 1310 καρδίαις.
1582 1238 1656 1299 ὡς
1702 1234 1917 1296 πολλοῖς

352 1349 592 1415 ἐλέγετο,
621 1343 822 1412 ὥρμων
845 1339 939 1393 καὶ
957 1337 1057 1405 τῆς
1085 1335 1261 1404 μάχης
1287 1329 1773 1399 ἀντελαμϐάνοντο.
1804 1325 1917 1379 Νῦν

351 1434 395 1487 δ’
427 1433 541 1486 ἀλλ’
576 1428 1022 1503 ἐρρᾳθυμηκότες
1062 1418 1171 1476 οἷον
1223 1423 1316 1476 καὶ
1364 1421 1572 1491 νάρκην
1632 1418 1914 1478 παθίντες,

353 1529 449 1597 οὐχ
476 1521 639 1596 ἦττον
689 1526 751 1575 ἐκ
784 1520 1033 1581 δυσνοίας
1071 1518 1102 1588 ἢ
1141 1515 1417 1577 ἀϐουλίας,
1477 1511 1824 1583 ἀφῃρημένοι
1860 1509 1919 1574 ἐξ

354 1616 595 1684 ὑπογύου
627 1615 720 1667 καὶ
750 1613 947 1673 ἵππους
980 1608 1074 1663 καὶ
1110 1608 1372 1679 χρήματα
1428 1604 1513 1657 διὰ
1537 1602 1635 1673 τὴν
1679 1602 1917 1670 ἐπισυμ-

356 1714 526 1764 Θᾶσαν
557 1709 664 1761 τῶν
698 1704 939 1760 Ἀλανῶν
992 1704 1154 1756 ἓνεκα
1200 1700 1259 1767 ἐξ
1290 1698 1549 1753 ἁπάντων
1582 1694 1917 1754 συντέλειαν.

353 1798 453 1864 τὰς
508 1800 683 1870 ὁρμάς
739 1797 786 1850 τ’
825 1794 1134 1850 ἐπεκλῶντο
1164 1792 1258 1846 καὶ
1309 1788 1673 1860 ἀτολμότερον
1730 1784 1921 1855 συνερ-

356 1902 639 1972 ρήγνυντο.
678 1892 742 1945 '0
771 1890 865 1943 καὶ
893 1889 1006 1950 τοῖς
1035 1884 1273 1955 Πέρσαις
1302 1880 1550 1952 μεγάλην
1598 1869 1772 1947 ῥοπὴν
1802 1876 1921 1928 ἐνε-

354 1967 520 2052 ποίει,
570 1990 664 2041 καὶ
721 1983 921 2055 μᾶλλον
957 1979 1198 2050 ἐτόλμων
1246 1972 1366 2029 κατ’
1400 1972 1596 2039 ὀλίγων
1648 1967 1920 2021 πλεῖστοι.

357 2088 511 2140 Οὖτω
543 2082 599 2135 δὲ
655 2080 753 2147 τῆς
808 2075 988 2146 μάχης
1045 2067 1405 2138 ἀνισουμένης
1438 2065 1532 2117 καὶ
1588 2060 1781 2131 πλήθει
1830 2058 1923 2110 καὶ

355 2178 586 2250 γνώμῃ,
643 2174 903 2228 πίπτουσι
941 2167 1039 2237 μὲν
1088 2166 1189 2218 οὐκ
1239 2162 1431 2229 ὀλίγοι,
1490 2158 1753 2226 φεύγουσι
1798 2152 1844 2205 δ’
1874 2150 1922 2203 oi

357 2247 704 2331 πλείους,καὶ
734 2264 800 2333 τῇ
823 2255 1164 2328 Νικομηδείᾳ
1193 2252 1424 2321 ἐγγύθεν
1448 2248 1581 2321 οῠσῃ
1611 2247 1747 2316 μετὰ
1774 2259 1925 2313 περι-

357 2357 558 2427 φανοῦς
596 2356 693 2423 τῆς
744 2349 956 2420 τροπῆς
1008 2344 1386 2403 διεκπαίοντες
1443 2334 1925 2392 συνεισσάλλουσιν

356 2450 590 2510 ἀκλεῶς.
615 2442 842 2509 Ἔδοξαν
870 2441 925 2493 δὲ
959 2439 1079 2492 τότε
1115 2439 1208 2489 καὶ
1239 2436 1295 2497 ἐς
1328 2431 1460 2487 πολὺ
1491 2431 1751 2502 χρήσιμοι
1768 2426 1926 2479 Ἀλα-

357 2548 434 2597 vo‘.
472 2541 728 2599 πεσόντες
757 2533 975 2596 πλείους
1005 2530 1145 2599 ὑπὲρ
1185 2527 1474 2597 Ῥωμαίων
1497 2543 1508 2555 ·
1542 2521 1618 2592 τῷ
1648 2522 1757 2591 γὰρ
1780 2518 1925 2588 πεζῷ

360 2635 535 2703 πολλῴ
561 2649 621 2699 γε
654 2630 766 2682 ὄντι
805 2624 1037 2686 διδόντες
1068 2621 1251 2675 ἄνεσιν
1277 2620 1355 2680 είς
1389 2616 1449 2668 τὸ
1479 2613 1704 2684 φεύγειν
1744 2610 1927 2663 κλινά-

359 2746 456 2799 σης
488 2727 588 2797 ἤδη
619 2725 714 2791 τῆς
749 2719 948 2791 μάχης,
977 2714 1132 2768 αὐτοὶ
1181 2711 1280 2783 μὲν
1312 2705 1772 2779 περικυκλοῦντες
1802 2704 1927 2766 τοὺς

358 2892 487 2948 bant
527 2872 824 2956 quidquam
868 2871 1220 2948 aggrediendi
1255 2870 1389 2925 viris
1416 2869 1680 2942 dignum;
1718 2882 1928 2938 parque

360 2984 529 3053 frigus
561 2981 617 3033 in
669 2987 904 3046 pugnam
942 2967 1181 3041 protrusi
1232 2964 1289 3022 in
1338 2966 1456 3035 ipsa
1499 2963 1619 3017 acie
1653 2973 1930 3015 monStra-

359 3085 506 3130 runt.
532 3073 589 3127 1d
618 3068 762 3140 quod
796 3064 978 3120 Persis
1026 3059 1469 3116 animadversum
1511 3054 1746 3109 addebat
1776 3053 1929 3107 vide-

2018 590 2412 659 ἐπιτιθέμενοι,
2447 582 2871 655 περιαργοῦντες
2910 576 3401 651 ἐπίτηδες,ὀῖστοῖς
3431 573 3590 627 56a).-

2016 684 2106 737 λον
2134 681 2228 736 καὶ
2268 682 2465 744 πεζοὺς
2495 678 2619 739 τοὺς
2649 676 2784 736 τέως
2821 673 3053 733 ἱππότας
3079 670 3372 722 ἐδείκνυον.
3403 667 3588 733 ηεςῷν

2017 774 2075 827 δέ
2109 776 2266 841 νέφος
2298 774 2519 825 ἐκείνων
2555 766 2973 834 συνειλούμενον
3005 763 3156 830 σφίσι
3188 762 3282 813 καὶ
3310 759 3588 812 διεκπαίον

2016 867 2084 918 τὶ
2120 866 2307 934 πρόσω
2333 860 2666 924 ἀπεσώζετο.
2706 859 2936 911 Ἐκεῖνοι
2981 854 3037 907 δὲ
3068 853 3168 920 τῆς
3196 852 3380 905 αὐτῶν
3412 866 3589 913 σωτη-

2022 957 2143 1027 ρίας
2173 955 2260 1027 [Ρ.
2288 952 2416 1024 230]
2452 952 2573 1015 τοὺς
2623 951 2743 1004 καθ’
2777 948 2976 1010 αὐτοὺς
3007 942 3437 1015 προὸαλλόμενοι
3470 956 3586 993 κιν-

2018 1048 2209 1109 δύνους
2256 1046 2499 1115 συνεχεῖς
2531 1043 2784 1096 ἔπιπτον.
2839 1038 2947 1092 Καὶ
2982 1036 3135 1089 οὐδὲν
3186 1029 3254 1103 ἦν
3294 1033 3355 1084 τὸ
3405 1029 3590 1084 λοιπὸν

2020 1140 2115 1193 καὶ
2143 1138 2201 1191 τὸ
2232 1138 2389 1208 νικᾷν
2418 1136 2634 1206 Πέρσας
2664 1135 2760 1187 καὶ
2807 1130 3211 1199 διασπαρέντας
3241 1126 3402 1180 ἄλλον
3425 1124 3589 1176 ἀλλα-

2019 1231 2115 1302 χοῦ
2141 1227 2499 1297 κατατρέχειν
2525 1225 2592 1280 τὰ
2614 1224 2938 1294 πρόσχωρα,
2961 1218 3070 1272 τῶν
3097 1217 3309 1271 πολλῶν
3343 1214 3594 1268 ἐντεῦθεν

2020 1326 2098 1385 εἰς
2123 1320 2313 1393 ῥᾳδίαν
2341 1317 2615 1388 προνομὴν
2644 1315 2915 1385 κειμένων
2946 1312 3087 1365 κατά
3117 1308 3323 1379 πολλὴν
3359 1308 3592 1377 ἐρημίαν

2018 1415 2128 1467 τῶν
2171 1411 2509 1466 κωλυόντων.
2546 1403 2722 1479 Ἦρξε
2766 1406 2948 1459 τοίνυν
2988 1403 3164 1457 ταῦτα
3205 1400 3465 1473 μεγάλων
3489 1416 3589 1451 κα-

2021 1506 2133 1561 κῶν
2159 1504 2347 1574 ἁπάσῃ
2374 1506 2439 1573 τῇ
2491 1501 2667 1573 χώρᾳ,
2710 1501 2801 1553 ἐπὶ
2854 1499 3067 1568 καιροῖς
3107 1493 3452 1563 ἀναγκαίοις,
3485 1494 3594 1554 τοῖς

2019 1599 2130 1652 τῶν
2164 1596 2391 1666 καρπῶν
2424 1592 2709 1662 συλλογῆς,
2755 1592 2866 1644 τῶν
2915 1590 3014 1661 μὲν
3067 1589 3461 1657 ἀπαγομένων,
3490 1583 3594 1636 τῶν

2020 1690 2078 1744 δὲ
2114 1686 2523 1758 σφαττομένων,
2568 1684 2687 1737 ἐστι
2737 1681 2783 1737 δ’
2808 1676 2882 1736 ὧν
2921 1682 3017 1735 καὶ
3068 1679 3406 1749 φευγόντων,
3436 1675 3595 1735 εἴτις

2022 1782 2117 1835 καὶ
2169 1776 2613 1849 προαπανίστατο
2639 1774 2746 1827 τῶν
2774 1774 2965 1828 δεινῶν
2994 1771 3089 1826 καὶ
3118 1769 3364 1843 φρουρίῳ
3395 1769 3501 1822 τινὶ
3532 1767 3598 1818 τὰ

2024 1871 2146 1926 καθ’
2184 1870 2345 1923 αὑτὸν
2373 1867 2684 1921 ἐπίστευεν.

2025 1968 2139 2029 κςθ.
2170 1959 2497 2031 Καταφυγὴ
2524 1956 2640 2013 τῶν
2666 1957 2782 2022 ἔξω
2806 1955 3047 2012 πανοικὶ
3073 1954 3223 2024 πρὸς
3244 1953 3359 2023 τὴν
3391 1953 3594 2005 πόλιν.

2058 2070 2059 2073 ‘
2098 2057 2183 2128 [P.
2217 2054 2345 2127 251]
2378 2051 2530 2117 Εἶδες
2558 2053 2613 2106 δέ
2645 2053 2767 2106 τότε
2797 2051 2894 2105 καὶ
2924 2052 3051 2112 τοὺς
3090 2048 3351 2118 ἐνδοτέρω
3394 2063 3592 2099 σκευαο

2027 2149 2361 2220 γωγοῦντας,
2389 2149 2486 2201 καὶ
2511 2145 2733 2217 οἰκτρὰν
2762 2143 2890 2198 θέαν
2927 2141 3355 2213 περαιουμένους
3389 2138 3473 2200 εἰς
3502 2139 3598 2187 πό-

2026 2248 2129 2309 λιν,
2168 2242 2504 2311 ἀπογνόντας
2534 2241 2634 2312 ἧδη
2670 2238 2768 2310 τὴν
2796 2237 2903 2292 τῶν
2937 2236 3083 2291 ίδίων
3106 2234 3404 2304 σωτηρίαν.
3444 2231 3598 2285 Καὶὸ

2028 2337 2271 2410 πορθμὸς
2320 2327 2477 2398 οὗτος
2513 2335 2747 2403 ἑκάστης
2805 2328 3123 2402 μυρμηκιὰν
3162 2324 3471 2396 ἀνθρώπων
3506 2325 3596 2374 καὶ

2029 2433 2181 2497 ζώων
2211 2430 2441 2500 ἐδέχετο,
2493 2429 2593 2481 οὒκ
2645 2425 2774 2480 ἄνευ
2815 2422 3113 2492 συμφορῶν
3152 2419 3261 2473 τῶν
3309 2417 3590 2487 μεγίστων

2027 2523 2476 2590 ἀπαλλαγέντων
2512 2518 2632 2572 οὐδέ
2663 2516 2770 2586 γὰρ
2793 2510 2862 2587 ἦν
2885 2515 3030 2576 ὅστις
3060 2513 3119 2566 οὐ
3149 2513 3258 2564 τῶν
3284 2510 3435 2563 ιδίων
3461 2512 3597 2564 ἀπε-

2030 2615 2216 2685 Θρήνει
2269 2614 2368 2684 τὴν
2406 2611 2685 2681 στέρησιν,
2747 2608 2847 2676 τῆς
2896 2606 2995 2676 μὲν
3025 2601 3480 2671 ἀνακαλουμένης
3510 2600 3600 2651 τὸν

2029 2706 2221 2777 ἄνδρα,
2247 2705 2344 2773 τῆς
2368 2703 2426 2757 δὲ
2478 2702 2568 2756 τὸν
2595 2700 2708 2755 υἱὸν
2736 2699 2769 2771 ἢ
2802 2697 2907 2769 μὴν
2938 2696 3038 2769 τὴν
3080 2695 3378 2765 θυγατέρα,
3435 2693 3599 2760 ἄλλης

2034 2902 2154 2958 quac
2194 2883 2413 2939 diverse
2466 2879 2520 2935 in
2570 2878 2769 2934 multas
2799 2876 2963 2933 simul
3004 2883 3189 2945 partes
3225 2871 3492 2928 Romamn
3521 2872 3600 2927 di-

2034 2972 2202 3027 tionis
2235 2972 2625 3039 irrumperent.
2660 2965 2727 3021 Et
2772 2962 3081 3022 sufficiebat
3112 2964 3195 3019 vel
3223 2962 3467 3034 exiguus
3509 2979 3600 3016 nu-

2035 3078 2219 3117 merus
2254 3062 2327 3117 rei
2369 3059 2569 3130 ubique
2614 3074 2681 3113 ex
2733 3060 2978 3128 ipsorum
3010 3057 3282 3111 sententia
3327 3054 3601 3123 gerendae,

361 3167 481 3221 licet
513 3163 619 3217 illis
638 3160 870 3220 animos,
892 3165 1252 3223 magnamque
1289 3146 1599 3202 facultatem
1625 3143 1927 3217 pauciores,

2033 3162 2255 3225 propter
2289 3151 2623 3207 debilitatem
2665 3156 2719 3203 et
2750 3148 3156 3205 destitutionem
3202 3147 3258 3201 in
3292 3146 3385 3203 illo
3437 3146 3605 3201 limite

359 3272 564 3329 eosque
587 3253 831 3316 timidos,
857 3245 1142 3304 obterendi
1167 3242 1458 3297 tribuebat.
1494 3241 1575 3295 lta
1607 3239 1745 3293 male
1775 3254 1926 3292 com-

360 3360 551 3424 parato
574 3350 716 3403 inter
739 3346 866 3399 hinc
902 3353 1105 3410 paucos
1152 3337 1254 3392 sibi
1286 3334 1589 3390 difﬁdentes
1622 3342 1675 3388 et
1698 3332 1926 3395 debiles,

360 3424 511 3501 illinc
550 3439 815 3510 plurimos
858 3434 1064 3502 optime
1107 3429 1379 3483 animatos
1431 3424 1709 3494 fortesque
1748 3432 1928 3477 certa-

362 3541 527 3597 tnine,
581 3531 828 3603 praelium
875 3525 1227 3582 commissum
1258 3530 1361 3584 est,
1397 3534 1464 3575 eo
1491 3519 1582 3588 qui
1623 3520 1929 3586 exspectari

361 3628 549 3683 debuit
584 3628 806 3686 eventu,
856 3627 915 3672 ut
957 3623 1269 3671 nostrorum
1312 3612 1571 3666 nimirum
1616 3626 1719 3663 non
1775 3608 1929 3677 pauci

363 3722 638 3781 caderent,
678 3709 895 3783 plurimi
952 3708 1220 3777 fugerent,
1275 3714 1327 3759 et
1367 3703 1419 3757 in
1468 3702 1655 3757 urbem
1694 3700 1929 3755 vicinam

364 3810 736 3868 Nicomediam
786 3805 945 3875 plane
994 3800 1099 3855 fusi
1162 3813 1263 3853 nec
1314 3795 1734 3851 dissimulanter
1780 3793 1931 3858 victi,

361 3905 533 3962 eladis
586 3901 727 3971 pleni
756 3896 1146 3964 dedecorisque
1173 3889 1549 3959 confugerent.
1583 3889 1935 3942 Demonstra-

366 4001 493 4049 runt
531 4008 587 4045 se
613 3986 903 4043 occasione
937 3984 1037 4037 ista
1066 3980 1218 4035 valde
1252 3978 1414 4032 utiles
1446 3975 1707 4032 Romanis
1731 3974 1887 4029 Alani
1916 3992 1929 4041 ;

363 4102 589 4159 qnormn
623 4083 812 4150 utique
866 4076 1021 4132 multi
1058 4088 1155 4143 pro
1201 4072 1375 4126 salute
1413 4078 1728 4126 nostrorum
1772 4082 1935 4121 occu-

364 4156 601 4233 buet'int.
644 4173 896 4227 Videntes
924 4167 1125 4238 quippe
1157 4164 1478 4218 inclinatam
1510 4156 1938 4213 irrevocabiliter

364 4273 431 4327 ad
470 4247 648 4338 fugam
696 4265 866 4319 aciem
913 4258 1244 4331 pedestrem,
1293 4269 1416 4324 quae
1453 4252 1688 4306 maxime
1739 4264 1935 4303 nume—

363 4379 491 4419 rosa
522 4368 659 4424 erat,
696 4356 931 4427 spatium
978 4349 1079 4421 ipsi
1118 4349 1182 4403 ad
1224 4346 1389 4401 vitam
1423 4344 1475 4398 in
1511 4352 1628 4397 tuto
1650 4341 1937 4397 locandam

364 4473 466 4513 suo
507 4468 703 4524 magno
749 4448 993 4520 periculo
1040 4444 1183 4498 ultro
1217 4440 1470 4495 adeundo
1518 4438 1820 4507 praebuere,
1863 4434 1941 4490 sl-

363 4549 584 4619 quidem
640 4543 960 4599 desilientes
1010 4552 1075 4591 ex
1115 4533 1292 4604 equis,
1328 4540 1382 4588 et
1421 4545 1620 4601 magno
1648 4530 1832 4584 animo
1872 4527 1937 4582 ad
1970 4534 2020 4595 ι)

365 4632 803 4708 persequendum
833 4636 1212 4684 consternatos
1260 4622 1679 4694 erumpentibus
1704 4621 1941 4676 circum-

367 4728 475 4782 fusi
505 4724 777 4788 hostibus,
814 4720 1143 4787 eosdemque
1173 4716 1395 4787 oblique
1426 4730 1454 4769 a
1508 4713 1777 4769 lateribus
1808 4727 1938 4783 pro-

367 4820 500 4876 cella
542 4816 773 4870 telorum
816 4815 1159 4882 impetentes,
1210 4818 1358 4864 stare
1395 4807 1694 4877 quamlibet
1740 4796 1961 4861 invitos

367 4915 685 4978 coegerunt,
735 4903 1012 4974 plerisque
1064 4903 1313 4972 ipsorum
1368 4914 1631 4969 equorum
1681 4897 1827 4952 crede
1873 4912 1938 4951 ex

368 5002 650 5072 equitibus
680 4999 733 5051 in
780 4979 1019 5064 peditu’m
1051 4993 1301 5047 ordinem
1336 4990 1596 5044 redactis.
1628 4987 1784 5045 Unde
1810 5004 1939 5043 con-

370 5093 491 5163 tigit
519 5104 710 5158 agmen
742 5085 872 5140 illud
922 5084 1161 5153 peditum
1193 5091 1501 5137 nostrorum
1547 5080 1668 5135 loco
1708 5090 1936 5141 motum,

366 5191 422 5239 et
452 5181 501 5235 si
534 5178 811 5249 equitatus
843 5175 1189 5238 incurrisset,
1220 5174 1377 5243 plane
1403 5173 1731 5241 periturum,
1765 5171 1937 5225 otiutu

368 5285 483 5327 Sum
514 5269 677 5324 saluti
721 5265 1091 5336 prospiciendi
1128 5263 1395 5326 nancisci,
1424 5271 1603 5334 empta
1644 5262 1749 5332 ipsi
1784 5275 1936 5315 eom-

366 5361 631 5418 meditate
666 5360 770 5414 ista
806 5360 978 5428 pretio
1025 5357 1312 5426 sanguinis
1347 5364 1399 5411 et
1432 5357 1552 5410 vita:
1594 5358 1934 5419 Alanorum;

352 5465 600 5522 quorum
638 5449 888 5519 permulti
922 5463 1151 5518 corpora
1183 5448 1422 5517 tegendae
1455 5455 1765 5501 nostrorum
1798 5444 1939 5515 fugae

366 5541 726 5597 obtendentes
754 5541 1044 5597 transfossi
1080 5543 1415 5596 ceciderunt.
1454 5539 1723 5594 Caeterum
1757 5539 1939 5592 Persae

368 5635 507 5689 adeo
561 5643 782 5689 strenue
821 5633 979 5705 335
1025 5636 1109 5690 usi
1152 5634 1380 5691 victoria
1410 5642 1556 5695 sunt,
1593 5645 1651 5687 ut
1697 5631 1935 5686 medium

368 5724 578 5778 nultum
625 5725 985 5782 intercederet
1020 5728 1255 5796 spatium
1318 5728 1460 5779 inter
1499 5727 1706 5779 cladem
1764 5723 1937 5777 nostri

365 5818 640 5873 exercitus
668 5827 720 5873 et
745 5819 1179 5877 distributionem
1205 5821 1421 5874 illorum
1453 5822 1503 5872 in
1533 5834 1728 5870 manus
1758 5818 1936 5886 varias

564 5998 597 6021 οδ

2032 3246 2375 3315 interiusque
2408 3253 2707 3299 extremam
2746 3243 3017 3306 omnium,
3052 3241 3271 3297 nemine
3294 3240 3405 3311 iam
3451 3256 3607 3312 pror-

2028 3356 2128 3396 sus
2162 3339 2371 3409 uspiam
2402 3345 2756 3408 comparente
2780 3336 2873 3405 qui
2921 3333 3172 3391 subditos
3212 3336 3451 3404 imperio
3500 3336 3606 3389 Ro-

2033 3446 2193 3485 mano
2225 3439 2490 3485 tueretur.
2532 3428 2711 3495 Quare
2738 3443 2931 3484 omnes
2958 3436 3012 3483 et
3040 3429 3225 3481 omnia
3256 3436 3456 3496 parata
3490 3428 3602 3482 illic

2032 3524 2209 3593 prmda
2255 3522 2543 3593 quibusvis
2594 3522 2785 3577 tollere
2829 3521 3157 3575 curantibus
3205 3519 3490 3589 jacebant.
3526 3522 3606 3574 In-

2032 3615 2272 3685 gentiutn
2317 3614 2430 3668 bazc
2461 3613 2626 3683 igitur
2659 3613 2879 3666 fuerunt
2913 3612 3069 3665 initia
3102 3611 3397 3675 malorum,
3441 3611 3606 3681 gemi-

2033 3718 2196 3762 nante
2220 3707 2384 3761 etiam
2425 3705 2830 3760 incommodum
2865 3705 3278 3773 importunitate
3317 3705 3604 3775 temporis,

2034 3800 2177 3869 quod
2207 3797 2318 3851 haec
2340 3796 2638 3852 Muzalonis
2660 3797 2838 3851 clades
2872 3796 3065 3851 incidit
3105 3796 3156 3851 in
3184 3794 3430 3850 aestivam
3466 3812 3605 3851 mes-

2035 3906 2170 3954 sem,
2198 3906 2304 3961 qua
2337 3898 2659 3958 tempestate
2682 3890 2863 3943 cuncti
2893 3898 3049 3943 erant
3075 3889 3269 3945 intenti
3294 3889 3607 3944 collectioni

2036 3994 2089 4039 et
2148 3983 2521 4053 importationi
2562 3981 2779 4051 frugum
2836 3982 2891 4037 in
2941 3982 3156 4047 ltorrea,
3192 3981 3309 4037 vice
3337 3983 3503 4050 cujus
3557 3982 3608 4034 bi

2038 4075 2255 4145 quidem
2310 4073 2743 4140 abtlucebantur,
2798 4073 2873 4127 illi
2917 4074 3357 4136 trucidabantur,
3406 4074 3513 4128 nisi
3565 4070 3610 4126 si

2040 4167 2133 4238 qui
2181 4166 2324 4219 mala
2380 4165 2484 4220 ista
2520 4165 2643 4235 fuga
2687 4174 2897 4219 matura
2943 4167 3348 4234 praevertisscnt
3393 4181 3491 4221 ac
3514 4179 3614 4235 que

2040 4260 2201 4314 alicui
2232 4258 2404 4315 obviae
2435 4273 2494 4313 se
2528 4273 2595 4314 ac
2625 4273 2723 4314 sua
2749 4259 3134 4315 credidissent.

2041 4419 2131 4474 26.
2166 4416 2514 4472 Concursatio
2558 4432 2681 4469 rure
2722 4417 3016 4485 degentium
3064 4431 3181 4469 cum
3216 4416 3328 4469 suis
3373 4418 3616 4470 omnibus

2467 4488 2520 4540 in
2545 4486 2722 4540 urbem
2747 4486 2979 4556 coniugii
3006 4502 3188 4540 causa.

2117 4619 2363 4677 Vidisses
2402 4629 2534 4673 tunc
2566 4618 2849 4673 citeriores
2878 4619 3196 4675 Nicomedia
3233 4621 3382 4677 ruris
3410 4620 3620 4678 incolas

2042 4722 2331 4769 cenvasata
2363 4710 2917 4780 sopellcctiletrepide
2946 4711 2999 4765 in
3027 4712 3215 4767 urbem
3244 4726 3617 4779 accurrentes,

2042 4813 2095 4859 et
2134 4803 2443 4857 miserabile
2484 4801 2858 4871 spectaculum
2899 4801 3076 4856 obviis
3126 4804 3423 4860 offerentes
3469 4806 3617 4860 luctu

2042 4907 2097 4952 et
2159 4895 2492 4965 planetibus,
2528 4892 2731 4963 quibus
2774 4894 2853 4947 uti
2894 4893 3181 4964 desperata
3218 4898 3395 4951 salute
3431 4915 3493 4953 se
3526 4900 3623 4950 ini-

2042 4986 2149 5042 seri
2173 4983 2531 5038 cruciabant:
2560 4982 2993 5052 cernebaturqne
3023 4987 3267 5054 quotidie
3302 4987 3355 5039 in
3386 4988 3618 5056 trajectu

2043 5080 2157 5143 illo,
2190 5078 2333 5131 velut
2361 5075 2585 5129 densum
2621 5074 2969 5129 formicarmn
3004 5092 3197 5147 agmen
3229 5093 3352 5134 sese
3390 5081 3620 5134 trudens

2043 5177 2268 5227 terrore,
2304 5164 2598 5217 multitudo
2640 5162 2843 5217 mistim
2894 5163 3179 5217 hominum
3210 5178 3260 5219 et
3294 5168 3627 5221 bestiarum.

2041 5257 2149 5313 Nec
2170 5258 2459 5328 quisquam
2489 5269 2551 5309 ea
2581 5254 2694 5309 ibat
2723 5270 2832 5310 non
2865 5254 3079 5322 eiulans
3107 5271 3171 5311 ac
3198 5257 3450 5327 plorans,
3479 5261 3620 5328 quod

2042 5351 2294 5405 maximis
2330 5351 2564 5419 jar-turis
2604 5365 2744 5418 aegre
2784 5348 2950 5403 vitain
3005 5350 3353 5416 redemisset,
3384 5353 3625 5419 inetnine

2042 5444 2153 5499 fere
2178 5460 2284 5496 non
2317 5444 2622 5511 cujuspiam
2656 5435 2728 5496 {ex
2763 5442 2972 5498 intimis
3016 5418 3626 5499 amissionem-lamen-

2049 5544 2221 5589 tante.
2274 5535 2399 5589 Haec
2440 5534 2662 5603 quidem
2702 5536 2882 5607 virum
2930 5536 3183 5588 abactum
3239 5546 3332 5590 aut
3376 5540 3623 5591 occisum

2040 5629 2173 5683 flens
2199 5627 2559 5691 inclamabat,
2603 5628 2691 5681 illa
2735 5628 2904 5682 filium
2940 5639 3034 5681 aut
3073 5629 3261 5693 filiam,
3286 5628 3392 5683 alia
3428 5646 3623 5684 nomen

2042 5721 2188 5775 aliud
2256 5719 2484 5772 affectus
2540 5729 2598 5772 et
2667 5719 3017 5789 cognationis
3087 5721 3367 5787 proximaa.
3424 5720 3624 5775 Cuncti

2041 5825 2219 5868 autem
2252 5812 2638 5865 niismabilitcr
2670 5811 2720 5863 iu
2770 5812 2988 5878 publico
3015 5812 3254 5876 iacentes
3294 5815 3625 5878 prOt-ntnbeo
