3860 6590
247 626 341 691 369
511 628 517 633 ’
1104 629 1203 689 DE
1245 626 1698 689 ANDRONICO
1734 626 2208 705 PAUEOLOGO
2254 625 2402 685 LIB.
2449 624 2552 686 Ν.
3380 613 3486 677 370

248 734 444 802 ἀδελφόν
470 751 523 787 τε
574 734 664 788 καὶ
702 735 962 808 ἀδελφὴν,
994 740 1089 793 καὶ
1140 739 1307 809 ἄλλης
1335 740 1464 794 ἀλλο
1505 756 1556 793 τι
1589 752 1788 805 συγγε-
1816 739 1869 798 Α
1893 736 1989 808 λὴν
2025 736 2189 807 μέχρι
2220 737 2312 788 καὶ
2346 733 2739 806 Ἀτραμυτίον,
2770 733 2904 785 ὅπου
2945 730 3041 785 καὶ
3072 726 3326 800 βασιλεὺς
3356 728 3487 780 ἐπε·-

248 829 373 889 νείας
392 828 571 896 ὄνομα,
604 828 820 883 πάντων
849 829 908 883 δὲ
954 830 1205 893 ἐλεεινῶς
1231 829 1634 902 προκειμένων,
1683 827 1789 882 τῶν
1890 820 2158 899 ’χωρίαζε,
2183 831 2250 884 τά
2292 829 2558 898 ἀνωτέρω
2592 829 2772 883 πάντα
2802 828 2927 898 δίχα
2971 825 3078 880 τῶν
3124 822 3487 894 ὀχυρωτάτων

250 922 491 991 μὲνὲντὸς
533 921 758 984 πόλεως,
800 922 908 976 τῶν
937 922 990 976 δὲ
1047 925 1144 977 καὶ
1188 923 1346 987 ἐκτὸς
1376 923 1509 993 παρ’
1541 921 1791 991 αἰγιαλὸν
1895 927 2174 995 φρουρίων
2226 925 2337 987 τοῖς
2378 924 2593 995 ἐχθροῖς
2626 924 2703 986 είς
2738 920 3018 992 προνομὴν
3060 919 3306 982 ἔκειντο,
3340 914 3407 968 τὰ
3432 914 3488 966 δὲ

247 1014 439 1076 είκαίως
490 1015 1015 1085 κατασποδουμένων
1045 1055 1058 1079 ,
1104 1015 1335 1085 λείψανα
1374 1015 1649 1086 φερόντων
1698 1011 1791 1065 καὶ
1895 1017 2230 1087 προσωτέρω
2262 1016 2386 1085 περί
2430 1034 2526 1069 που
2556 1015 2653 1085 τὴν
2675 1015 2977 1086 Ἀχυράους
3003 1015 3095 1066 καὶ
3131 1011 3371 1075 Κύζικον
3396 1008 3490 1063 καὶ

245 1107 364 1174 ζωῆς
390 1106 476 1159 καὶ
503 1106 637 1175 βίου.
686 1107 876 1179 Νήπια
904 1108 963 1161 δὲ
1001 1108 1098 1162 καλ¹
1128 1113 1384 1175 γυναῖκες
1434 1108 1529 1160 καί
1580 1104 1791 1176 οἰκτροὶ
1895 1107 2087 1175 Πηγὰς
2128 1107 2224 1161 καὶ
2258 1106 2524 1176 Λοφάδιον
2554 1106 2719 1177 ὀλίγῳ
2748 1107 2854 1159 τινὶ
2900 1105 3236 1174 διαστήματι
3273 1102 3348 1169 τῷ
3381 1100 3489 1153 dm?)

200 1234 215 1241 -
245 1198 512 1267 πρεσϐῦται
543 1199 894 1269 προκείμενοι
920 1202 1039 1265 ταῖς
1073 1201 1215 1265 ὁδοῖς
1264 1200 1449 1268 ἀλγεῖν
1480 1199 1655 1253 ἐποίει
1690 1201 1785 1254 καὶ
1897 1192 2171 1270 θαλάσσης
2203 1200 2490 1270 ἐλεύθερον
2522 1203 2744 1271 περιῆν.
2785 1199 3006 1269 Προύσῃ
3050 1198 3107 1251 δὲ
3156 1199 3251 1250 καὶ
3280 1193 3489 1261 Nimio;

245 1293 316 1344 τὸν
345 1292 492 1361 μόνον
518 1293 802 1347 ἀκούοντα.
837 1295 985 1364 Πλὴν
1035 1293 1286 1348 ἐντεῦθεν
1333 1292 1563 1363 στρατὸς
1603 1292 1703 1363 μὲν
1733 1297 1793 1346 τὸ
1894 1297 2014 1355 ταῖς
2061 1292 2261 1356 πύλαις
2315 1292 2550 1363 ὲπέχραε
2581 1291 2649 1344 τὰ
2696 1291 2867 1354 δεινὰ,
2903 1291 3165 1344 ἁπάντων
3223 1286 3310 1358 [Ρ.
3356 1284 3463 1339 252

243 1386 327 1455 μὲν
354 1386 551 1449 ξενικὸν
600 1387 1000 1457 περαιούμενον
1044 1386 1254 1451 ἀκλεῶς
1289 1386 1621 1457 ὑπέστρεφε,
1661 1385 1721 1439 τὸ
1748 1385 1793 1438 δ’
1897 1384 2006 1437 τῶν
2034 1383 2139 1449 ἔξω
2173 1384 2676 1454 προνομευθέντων,
2718 1384 2812 1437 καὶ
2859 1383 3031 1436 δεινὸν
3089 1379 3147 1434 τὸ
3190 1379 3361 1449 πάθος
3394 1379 3490 1465 καὶ

244 1480 458 1545 ίθσγενὲς
490 1479 586 1532 καὶ
615 1479 898 1549 αὐτόχθον,
931 1482 1026 1534 καὶ
1048 1478 1448 1535 αὑτῶνόίκιῶν
1477 1481 1796 1549 ἐκκεχωρη-
1897 1476 2337 1547 ἀπαραμύθητον
2376 1477 2437 1530 τὸ
2475 1477 2712 1547 συμϐὰν,
2744 1476 3002 1530 ἀπάντων
3057 1466 3254 1549 ὀλίγων
3288 1472 3458 1539 ὲξαπο
3478 1500 3490 1509 -

241 1572 317 1634 κὸς
343 1574 444 1634 τοῖς
473 1573 706 1643 ἐχθροῖς,
771 1575 831 1639 ἐξ
885 1575 1187 1644 ἀναγκαίου
1238 1572 1424 1645 ἐζήτει
1454 1575 1561 1644 ὃπη
1593 1590 1656 1641 γε
1698 1574 1794 1627 καὶ
1896 1567 2148 1622 λω).ότων
2182 1570 2390 1640 μηνῶν.
2435 1570 2543 1623 Καὶ
2577 1569 2769 1640 ὥσπερ
2809 1569 2962 1633 θείας
2994 1568 3165 1638 ὀργῆς
3198 1567 3292 1619 καὶ
3331 1566 3491 1634 μηνί-

240 1666 487 1733 ἁτοφυγὸν
507 1666 835 1736 σωθήσεται.
852 1668 1071 1739 Ἐχθρολ.
1094 1668 1153 1723 ,δὲ
1172 1668 1309 1731 τέως
1333 1667 1547 1721 πολλῶν
1578 1665 1793 1737 ὲμπληυ

240 1760 431 1822 σθέντες
465 1761 570 1812 τῶν
607 1760 869 1831 ἀνωτέρω
893 1761 1087 1832 ἀνέδην
1117 1760 1346 1824 ἐκείνοις
1378 1759 1792 1824 ὲνεσπατάλων,

238 1851 508 1918 ἀπάγοντες
538 1853 642 1923 μὲν
672 1854 1072 1925 αἰχμαλώτους,
1104 1855 1409 1923 ἀπάγοντες
1441 1855 1498 1907 δὲ
1532 1855 1626 1907 καὶ
1680 1854 1795 1918 ζῶα

239 1948 314 1997 καὶ
340 1945 478 1998 λείαν
518 1948 701 2000 πᾶσαν
738 1948 833 2001 καὶ
878 1948 1044 2001 αὑτὸν
1094 1948 1158 2019 δὴ
1191 1949 1284 2001 τὸν
1324 1947 1540 2017 καρπὸν
1570 1950 1670 2018 τῆς
1694 1947 1798 2016 γῆς

237 2036 311 2086 τὸν
339 2036 591 2100 ἐπέτειον,
633 2036 794 2103 ζώοις
829 2041 941 2101 τοῖς
984 2040 1050 2093 ὲκ
1096 2040 1194 2109 τῆς
1228 2039 1378 2103 λείας
1415 2037 1798 2108 διευθετούμεο-

239 2145 320 2191 von,
348 2130 434 2180 mi.
461 2131 488 2183 ὃ
531 2148 586 2182 τι
628 2132 722 2184 καὶ
756 2129 935 2196 ἔδοξεν
981 2132 1224 2201 ἀσφαλὲς
1261 2132 1684 2202 μεταφέροντες.
1718 2131 1791 2186 Οὐ

243 2222 405 2293 μὴνὸὲ
460 2223 551 2276 καὶ
592 2223 704 2277 τῶν
737 2226 1069 2296 κατωτέρων
1119 2226 1489 2297 Νικομηδείας
1533 2227 1793 2298 ἥπτοντο,

240 2314 366 2368 οὔπω
417 2316 750 2389 θαρροῦντες
802 2316 933 2381 ἴσως
992 2319 1092 2390 τὴν
1138 2319 1418 2388 εἰσϐολήνο
1471 2317 1630 2390 ἐπῄει
1686 2318 1795 2389 γάρ

241 2407 438 2471 ἐκείνοις
463 2407 752 2476 φοϐεῖσθαι
806 2407 906 2479 τὴν
948 2409 1009 2475 ἐξ
1037 2409 1284 2477 ἐγγίονος
1326 2409 1537 2477 ἔφοδον,
1588 2412 1683 2463 καὶ
1720 2410 1795 2476 ὡς

245 2500 380 2569 ἱερῶν
406 2500 645 2555 ἀῧίκτων
665 2500 745 2554 ἔτι
777 2501 886 2554 τῶν
912 2502 1012 2573 τῆς
1037 2501 1246 2566 πόλεως
1280 2503 1618 2574 προαστείων
1642 2502 1798 2557 ἀπεί-

243 2612 392 2662 χοντο,
430 2598 474 2648 εί
503 2598 601 2651 καὶ
626 2599 740 2660 τοῖς
788 2596 913 2668 τῇδε
944 2597 1052 2651 τῶν
1106 2597 1298 2652 δεινῶν
1326 2598 1798 2669 προσδοκωμένων

243 2687 511 2759 ἀνσστολῆς
543 2690 677 2754 εδει,
707 2692 801 2745 καλ.
835 2691 911 2754 ὡς
941 2687 1009 2761 ἦν
1038 2690 1440 2746 ἀνεστέλλοντο.
1477 2691 1552 2745 Οὐ
1578 2691 1798 2762 γάρξὲν-

240 2779 386 2833 ταῦθα
423 2781 584 2851 μόνον
602 2778 669 2855 ἦν
708 2784 768 2835 τὸ
806 2781 1001 2851 δεινὸν,
1035 2780 1171 2837 ἀλλά
1198 2781 1267 2835 τὰ
1311 2782 1409 2836 μὲν
1442 2782 1563 2838 κατ’
1599 2783 1795 2838 ἀνατο-

238 2955 369 3021 bant,
398 2958 621 3026 quidam
655 2957 797 3013 intra
835 2958 1047 3026 urbem,
1071 2958 1162 3014 alii
1198 2969 1350 3015 extra
1378 2972 1476 3029 per
1512 2959 1680 3015 maris
1709 2957 1801 3013 lit-

239 3052 332 3109 tus,
357 3046 404 3100 in
433 3047 658 3116 pulvere
696 3059 979 3104 versantes
1011 3050 1240 3105 miseras
1293 3049 1553 3121 reliquias
1581 3049 1705 3104 vita:
1732 3064 1798 3104 ac

238 3139 355 3207 spei.
394 3138 611 3195 Parvuli
637 3150 821 3195 autem
848 3151 901 3196 et
924 3142 1181 3198 mulieres
1202 3157 1476 3211 senesque
1505 3141 1800 3197 miserandi

240 3232 374 3286 strati
433 3240 642 3290 temere
685 3250 782 3303 per
831 3235 951 3289 vias
1002 3251 1109 3289 non
1161 3237 1336 3291 solum
1379 3235 1628 3292 videntes
1658 3237 1791 3290 hor-

238 3324 386 3379 rendo
422 3326 763 3396 spectaculo,
817 3326 911 3382 sed
969 3337 1023 3380 et
1077 3326 1363 3383 audientes
1409 3328 1802 3384 immedicabili

241 3419 457 3471 cordolio
499 3418 887 3472 vulnerabant.
936 3415 1204 3473 Creterum
1259 3419 1517 3486 indidem,
1568 3421 1672 3475 hoc
1716 3430 1801 3476 est

239 3503 551 3575 Nicomedia,
592 3508 758 3579 336
803 3517 924 3577 post
955 3509 1164 3563 cladem
1215 3518 1572 3564 memoratam
1608 3510 1802 3564 militia

242 3600 435 3667 quidem
494 3612 684 3656 extera
751 3601 982 3671 inglorio
1048 3603 1479 3657 revertebatur:
1537 3603 1805 3673 indigenae

237 3708 349 3748 Vero
392 3696 613 3758 milites,
657 3694 747 3763 qui
810 3695 1004 3750 domos
1053 3709 1184 3750 suas
1243 3707 1536 3766 occupatas
1569 3698 1680 3766 jam
1738 3698 1806 3751 ab

241 3783 374 3839 hoste
399 3788 633 3852 scirent,
685 3789 778 3843 ubi
829 3789 1093 3859 deinceps
1129 3788 1434 3858 perfugium
1470 3789 1536 3843 ad
1569 3790 1803 3845 salutem

240 3888 521 3946 captarent.
578 3881 731 3936 varie
776 3883 1012 3951 quisque
1045 3890 1290 3937 aestuans
1324 3883 1640 3937 necessario
1662 3897 1809 3948 quie-

241 3968 396 4024 rebat.
430 3972 496 4025 At
551 3970 742 4027 hostes
794 3977 1036 4029 corrasis
1092 3974 1363 4028 hactenus
1390 3975 1634 4028 omnium
1668 3974 1806 4030 ulte-

243 4062 425 4118 riorum
458 4064 742 4136 regionum
785 4065 1008 4135 praedis,
1049 4065 1119 4121 iis
1151 4082 1209 4121 se
1256 4065 1585 4122 incubantes
1616 4067 1808 4136 ingur-

243 4156 487 4223 gitrtbattt,
516 4159 690 4226 raptis
716 4158 1144 4229 intemperanter
1173 4159 1489 4221 abutentes.
1526 4158 1808 4214 trahentes

243 4250 562 4316 captivorum
594 4249 879 4304 hominum
915 4258 1189 4318 catervas,
1209 4250 1407 4320 captivi
1431 4250 1648 4321 pecoris
1683 4266 1807 4321 gre-

246 4354 349 4405 ges,
403 4350 674 4406 armenta,
718 4343 1003 4408 mandras,
1033 4358 1138 4396 una
1197 4357 1321 4397 cum
1361 4343 1541 4398 omnis
1590 4343 1808 4414 generis

242 4429 428 4495 pru'da,
459 4432 758 4499 pra-sertim
789 4440 970 4486 autem
1001 4432 1182 4487 fructu
1211 4433 1477 4501 segetum,
1510 4449 1649 4504 quas
1676 4435 1807 4488 anni

246 4528 547 4590 tsmpestate
562 4532 801 4578 maturas
816 4525 1171 4594 collegerant,
1186 4540 1252 4580 ex
1268 4526 1443 4596 iisque
1457 4527 1607 4595 larga
1623 4541 1807 4593 manu,

168 4634 171 4637 -
247 4628 355 4681 qua:
392 4617 558 4669 multa
612 4618 852 4687 undique
909 4618 1204 4687 praedando
1255 4628 1669 4690 congesserant,
1715 4618 1807 4687 ju-

250 4719 412 4763 menta
440 4713 770 4779 pascebant;
804 4709 1040 4780 denique
1064 4727 1278 4765 summa
1309 4712 1626 4775 securitate,
1659 4710 1817 4781 quida-

249 4799 363 4866 quid
388 4803 517 4869 ipsis
547 4803 974 4872 placuerat,quo
1004 4802 1205 4857 vellent
1225 4817 1456 4873 cumque
1480 4803 1811 4857 transferen-
1849 4793 1890 4847 ο

251 4897 342 4943 tes.
363 4889 477 4945 Non
508 4903 692 4946 tamen
725 4894 900 4947 adhuc
928 4894 1218 4953 citeriores
1261 4893 1575 4950 Nicomedia
1607 4904 1818 4951 tractus

250 4983 589 5053 attingebant,
645 4986 925 5053 nondum,
974 4995 1037 5042 ut
1086 4998 1171 5042 est
1217 4988 1550 5053 verisimile,
1601 4998 1718 5043 luto
1758 5005 1818 5045 se

250 5072 368 5128 illuc
398 5077 712 5146 irrupturos
738 5078 1053 5147 opinantes.
1083 5077 1400 5136 Metuebant
1436 5079 1695 5135 videlicet
1725 5096 1813 5146 ne,

252 5168 291 5219 si
313 5173 760 5237 provclierentur,
814 5185 881 5227 ex
936 5174 1073 5228 urbe
1099 5179 1247 5227 retro
1290 5173 1482 5227 relicta
1511 5173 1726 5242 eruptio
1761 5174 1814 5227 in

252 5257 388 5327 ipsos
438 5262 607 5318 ﬁeret.
654 5263 966 5333 Eademque
1017 5263 1315 5321 formidine
1362 5266 1813 5332 continebantur,

255 5359 315 5399 ne
369 5351 624 5404 sulmrbia
671 5350 915 5406 civitatis
969 5358 1228 5422 tanquam
1278 5367 1437 5407 sacra
1499 5355 1818 5424 contingere

254 5438 519 5495 auderent.
553 5441 667 5496 Etsi
715 5459 906 5513 parum
940 5458 1005 5498 ea
1066 5458 1154 5499 res
1205 5444 1317 5498 illic
1365 5444 1692 5515 degentibm
1737 5464 1819 5501 re-

255 5531 516 5592 missionis
545 5535 790 5598 aﬂerret,
813 5536 1076 5591 continuo
1096 5537 1286 5605 utique
1313 5546 1527 5593 terrore
1558 5540 1815 5596 sollicitis

251 5632 299 5674 et
323 5640 439 5692 qua:
463 5630 702 5683 nondum
740 5629 1113 5698 patiebantur,
1146 5629 1250 5686 sibi
1285 5640 1542 5700 tanquam
1579 5647 1820 5701 praesen-

256 5717 323 5770 tia
361 5719 707 5788 lingentibus,
750 5721 1078 5779 fruebantur
1114 5733 1297 5779 tamen
1330 5724 1540 5791 miseri,
1574 5735 1634 5780 ut
1666 5738 1817 5795 pote-

256 5818 388 5872 raut.
444 5816 619 5881 quiete
667 5816 1044 5887 qualicunque
1076 5832 1174 5886 per
1224 5814 1389 5873 istam
1421 5818 1497 5873 ita
1532 5835 1817 5891 suspensa

255 5899 569 5964 incursionis
596 5910 810 5964 hostilis
839 5926 1071 5978 moram,
1093 5926 1157 5968 ac
1180 5914 1597 5983 comparatione
1614 5916 1819 5985 pariter

257 5988 539 6053 infelicium
590 6002 893 6057 multorum
945 6017 1071 6059 sese
1124 6004 1582 6061 consolabantur.
1630 6004 1818 6075 Neque

257 6085 392 6140 enim
433 6102 538 6147 erat
594 6095 791 6151 melior
823 6094 1073 6153 conditio
1103 6099 1422 6159 securiorve
1458 6107 1639 6156 status
1689 6101 1818 6156 reli-

1827 2087 1874 2142 Β

1902 1681 2076 1734 ματος
2102 1664 2388 1735 δαιμονίου
2418 1664 2480 1719 τὸ
2512 1666 2916 1736 πάσχειν,οὖτω
2957 1666 3049 1719 καὶ
3084 1665 3233 1726 θείας
3263 1661 3487 1731 ἀντιλή-

1900 1758 2047 1827 ψεως
2094 1757 2261 1828 μόνης
2292 1758 2384 1811 καὶ
2441 1758 2791 1828 συμπαθείας
2839 1758 2934 1812 τοῦ
2988 1757 3299 1829 κρείττονος
3330 1755 3390 1807 τὸ
3425 1758 3490 1807 τὰ

1899 1848 2054 1904 δεινά
2091 1850 2285 1919 στῆναι
2321 1850 2470 1913 εἰκὸς
2505 1846 2574 1922 ἧν
2602 1852 2826 1905 ἐννοεῖν.

1902 1964 2005 2030 κζ’.
2032 1966 2171 2034 Περὶ
2200 1965 2308 2032 τῆς
2333 1963 2451 2019 τῶν
2478 1966 2805 2033 ἀρχιερέων
2833 1965 3224 2035 ἐνοχλήσεως
3255 1964 3352 2019 καί
3386 1967 3494 2022 τοῦ

2535 2037 2896 2104 Σηλυϐρίας.

1984 2126 2147 2179 Ἀλλά
2176 2123 2350 2179 ταῦτα
2380 2126 2479 2196 μὲν
2521 2128 2579 2191 ἐς
2614 2128 2886 2181 τοσοῦτον.
2933 2128 3049 2181 Ούκ
3077 2123 3147 2198 ἦν
3171 2127 3225 2181 δὲ
3251 2128 3359 2199 ἀρα
3397 2129 3491 2183 καὶ

1897 2217 2181 2290 ἀρχιερεῖς
2212 2218 2510 2288 ἡσυχάζειν
2543 2221 2638 2272 καὶ
2697 2219 2772 2290 μὴ
2807 2220 2875 2274 δι’
2909 2221 3072 2291 ὄχλου
3100 2222 3383 2307 κμεγίστου
3417 2220 3492 2289 τῷ

1900 2308 2221 2380 πατριᾴρχῃ
2280 2306 2527 2377 γίνεσθαι
2582 2308 2677 2362 τοῦ
2732 2310 2831 2380 τῆς
2894 2306 3123 2377 Ἐφέσου
3179 2313 3271 2363 καὶ
3331 2312 3495 2364 πάλιν

1911 2398 2164 2453 Ἰωάννου
2201 2398 2296 2453 καὶ
2325 2400 2422 2469 τῆς
2455 2400 2666 2453 ἐκείνου
2698 2388 3052 2469 ἁνορθὼσεως
3100 2402 3285 2455 ἕνεκα.
3323 2395 3410 2462 Εἷς
3439 2401 3495 2452 δέ

1897 2512 1980 2559 τις
2005 2495 2188 2548 αὐτῶν
2220 2497 2267 2564 (ὁ
2299 2494 2607 2565 Σηλυϐρίας
2642 2489 2794 2559 οὗτος
2819 2490 2888 2566 ἦν
2934 2496 3199 2567 Ἱλαρίων)
3229 2499 3321 2550 καὶ
3350 2498 3492 2564 μέγα.

1898 2604 1951 2639 τι
2002 2588 2143 2641 κατά
2196 2585 2290 2640 τοῦ
2347 2590 2823 2659 πατριαρχοῦντος
2879 2588 3203 2658 ἐφθέγξατο,
3260 2591 3321 2643 ού
3374 2591 3492 2641 τρτε

1900 2680 2159 2751 πρώτως,
2213 2680 2330 2736 ἀλλ’
2356 2682 2447 2736 ὅτε
2476 2681 2540 2752 δὴ
2575 2684 2924 2754 πατριάρχης
2965 2684 3060 2736 ἐπὶ
3104 2686 3171 2753 τῇ
3204 2682 3303 2750 τῆς
3338 2683 3494 2750 Παμ-

1904 2774 2248 2848 μακαρίστου
2265 2779 2402 2848 μονῇ
2432 2777 2735 2849 ἀναχωρῶν
2757 2778 2866 2831 τῶν
2896 2776 3196 2848 φροντίδων
3227 2774 3494 2844 καθῆστο,

1902 2969 2135 3024 quorum
2164 2970 2261 3026 per
2291 2961 2463 3009 totum
2521 2956 2797 3010 Orientem
2858 2955 3229 3026 Atramytium
3295 2970 3495 3024 usque,

1903 3046 1993 3100 ubi
2030 3045 2417 3103 diversahatnr
2464 3046 2764 3118 imperator
2796 3067 2809 3103 :
2850 3048 3115 3103 ulteriora
3146 3049 3350 3119 quippe
3379 3051 3502 3102 uni-

1903 3151 2082 3198 versa,
2117 3145 2312 3207 prrcter
2340 3153 2495 3194 arces
2530 3140 2953 3206 munitissimas,
2977 3141 3234 3198 hostibus
3264 3142 3317 3196 itt
3353 3158 3495 3214 prte-

1903 3228 2026 3283 dam
2072 3229 2319 3298 exposita
2358 3229 2640 3298 jacebaut.
2707 3231 3111 3304 Longinquiora
3149 3236 3314 3289 modo
3343 3251 3494 3306 qua:-

1903 3321 2029 3376 dam
2065 3319 2273 3375 circum
2335 3321 2620 3392 Achyraos
2685 3331 2738 3379 et
2794 3324 3055 3396 Cyzicum
3099 3324 3363 3397 acPegas
3393 3326 3501 3381 Lo-

1905 3413 2297 3482 pltadiumque,
2334 3413 2532 3485 exiguo
2561 3430 2590 3469 a
2625 3417 2762 3470 mari
2802 3406 3130 3480 intervallo,
3183 3418 3351 3473 libera
3408 3436 3500 3473 su-

1914 3516 2192 3577 perorant.
2220 3508 2412 3563 Prusa:
2452 3488 2675 3578 quidem
2719 3524 2781 3564 ac
2820 3508 3016 3565 Nicaea:
3056 3510 3259 3565 bellum
3294 3519 3349 3565 et
3389 3512 3502 3565 cla-

1916 3596 2012 3651 des
2047 3599 2152 3653 sub
2185 3599 2329 3669 ipsas
2359 3601 2592 3655 admotae
2624 3609 2812 3672 portas
2834 3612 3013 3667 erant,
3046 3603 3304 3657 omnibus
3335 3603 3498 3673 337

1915 3705 2037 3758 quae
2070 3691 2277 3747 circum
2336 3695 2501 3750 urbes
2540 3695 2664 3751 illas
2713 3696 2931 3751 fuerant
2974 3697 3221 3766 undique
3262 3697 3498 3767 direptis

1916 3797 1979 3836 ac
2013 3785 2257 3840 vastatis.
2295 3786 2418 3841 Dira
2454 3789 2739 3846 calamitas
2794 3807 2894 3846 nec
2937 3794 3320 3848 conSoIatione
3355 3794 3503 3847 leva-

1918 3875 2043 3933 bilis
2082 3877 2195 3932 ulla
2244 3889 2443 3934 cuncta
2495 3881 2609 3937 late
2636 3892 3028 3954 occupaverat,
3073 3886 3352 3942 universis
3388 3885 3500 3941 illis

1918 3969 2132 4039 populis
2165 3986 2466 4041 paucorum
2501 3974 2680 4043 Spatio
2724 3977 2999 4031 mensium
3035 3977 3283 4033 funditus
3317 3979 3500 4048 perdi-

1919 4062 2008 4117 tis.
2044 4060 2124 4117 Ac
2152 4063 2293 4119 sicut
2319 4064 2518 4119 divina:
2558 4064 2660 4120 fuit
2692 4066 2784 4121 ira:
2834 4068 3105 4138 iustaeque
3141 4085 3401 4138 superum
3437 4072 3495 4123 in

1918 4155 2126 4210 scelera
2168 4166 2354 4213 nostra
2385 4157 2906 4226 animadversionis,
2947 4177 3048 4217 nos
3085 4163 3190 4230 pati
3231 4163 3384 4228 talia,
3417 4165 3497 4218 sic

1920 4249 2012 4305 uni
2070 4252 2279 4306 caelesti
2336 4252 2642 4310 clementiae
2692 4269 2756 4309 ac
2810 4255 3202 4314 misericordiae
3254 4257 3499 4311 numinis

1919 4342 2175 4413 imputari
2216 4357 2314 4415 par
2374 4348 2477 4402 fuit
2511 4347 2764 4404 inducias
2790 4349 2913 4404 illas
2966 4351 3233 4403 malorum
3276 4351 3498 4418 quales-

1918 4449 2158 4504 cunque,
2178 4453 2299 4507 qua:
2324 4436 2583 4493 Barbarie
2615 4443 2864 4510 progredi
2899 4441 3130 4494 ulterius
3156 4442 3495 4506 verentilms,

1921 4526 2181 4583 Romanae
2229 4531 2391 4599 plebi,
2428 4532 2553 4587 licet
2594 4533 2747 4588 nullo
2796 4544 3064 4605 protectae
3107 4535 3363 4604 praesidio
3406 4536 3501 4589 ad-

1923 4633 2114 4674 versus
2157 4634 2272 4684 eos,
2311 4622 2354 4676 si
2411 4622 2683 4688 venirent,
2715 4624 3123 4696 contingebant,
3182 4626 3400 4697 aliquod
3445 4631 3496 4680 in

1922 4721 2167 4766 extrema
2191 4710 2345 4767 clade
2381 4712 2657 4767 solatium.

1918 4847 2117 4907 27.1)e
2155 4848 2298 4903 novis
2346 4850 2485 4903 inter
2534 4848 2803 4969 epbt'scopqs
2858 4851 3027 4905 turbis
3070 4861 3118 4906 et
3158 4855 3299 4908 dicto
3350 4855 3501 4924 Sely-

2620 4936 2829 4969 νιιήδιδ.

2620 4936 2806 4975 νιιήδιδ
2818 4961 2829 4971 .

1992 5078 2057 5131 Et
2091 5078 2204 5133 haec
2234 5079 2449 5148 quidem
2492 5080 2545 5133 in
2581 5079 2724 5133 hunc
2753 5081 2970 5135 modum
3025 5098 3083 5137 se
3107 5083 3401 5146 habebant,
3441 5097 3499 5139 nt

1923 5171 2192 5227 hactenus
2241 5172 2512 5237 diximus;
2549 5174 2998 5243 episcopiautem
3049 5189 3293 5245 perstare
3325 5179 3500 5247 qn’eti

1924 5280 2028 5320 non
2067 5274 2343 5334 poterant,
2386 5278 2485 5318 nec
2518 5266 2792 5319 absistere
2847 5281 2877 5321 a
2923 5265 3243 5322 facessendo
3278 5284 3496 5338 gravem

1923 5360 2249 5428 patriarchae
2297 5359 2606 5415 molestiam
2630 5402 2645 5428 ,
2707 5360 2935 5417 Joannis
2971 5379 3164 5419 rursus
3192 5364 3413 5434 Ephesii
3447 5376 3501 5418 et

1921 5454 2040 5522 ejus
2073 5454 2432 5509 restitutionis
2457 5469 2645 5509 causa.
2676 5454 2829 5509 Unus
2851 5468 3027 5511 autem
3065 5458 3307 5528 ipsorum
3342 5459 3501 5529 Sely-

1922 5546 2161 5602 briensis
2190 5586 2203 5610 ,
2249 5546 2336 5600 cui
2377 5563 2577 5602 nomen
2617 5557 2733 5602 erat
2791 5547 3055 5613 Hilarion,
3107 5564 3270 5619 grave
3323 5552 3502 5620 quod-

1922 5641 2066 5707 piam
2089 5655 2118 5691 a
2148 5639 2459 5708 patriarcha
2494 5648 2776 5710 peccatum
2821 5641 3031 5705 retulit,
3066 5656 3171 5695 non
3209 5657 3402 5697 recens
3434 5643 3499 5697 il-

1925 5733 2015 5786 lud
2048 5731 2291 5802 quidem,
2325 5732 2579 5788 sed-tunc
2611 5742 2885 5803 patratum
2928 5732 3151 5803 quando
3189 5733 3500 5803 patriarcha

1924 5825 2065 5878 idem
2124 5824 2179 5878 in
2208 5824 2639 5879 *Pammacaristi
2694 5825 3025 5879 monasterio
3056 5825 3314 5894 sepositis
3351 5832 3502 5885 euris

1923 5915 2282 5981 considebat;
2316 5917 2481 5985 idque
2510 5916 2692 5971 aiebat
2722 5914 2866 5969 haud
2901 5916 3074 5970 visum
3102 5930 3131 5970 a
3157 5932 3236 5986 se,
3288 5918 3383 5975 sed
3434 5923 3503 5977 ab

1922 6008 2030 6061 alio
2059 6006 2151 6077 qui
2184 6008 2409 6061 vidisset
2440 6006 2712 6061 auditum.
2747 6005 2945 6061 Verum
2972 6009 3062 6077 qui
3100 6013 3504 6068 memorabatur

1923 6111 2138 6165 auctor,
2167 6101 2276 6170 jam
2303 6107 2419 6155 erat
2453 6108 2739 6166 mortuus;
2780 6098 3088 6170 fueratque,
3116 6105 3244 6160 dttm
3275 6106 3503 6170 viveret.
