3860 6598
316 560 419 624 371

1517 577 1843 639 GEORGII
1887 580 2193 644 PACHYM
2208 586 2374 646 ΕΒΔΞ

3464 590 3565 656 3τὲ

314 673 415 727 om
445 678 606 775 αζὺτδξ
639 678 782 747 me“,
816 682 951 738 ἀλλὰ
976 689 1109 757 παρ’
1137 687 1335 752 ἰδόντος
1369 689 1630 754 ἀκούσας.
1663 691 1735 754 ὡς
1784 693 1896 743 5-15-
1923 696 1970 754 A
1996 697 2057 749 τδ
2089 699 2190 766 μὲν
2214 701 2303 752 τὸν
2336 703 2564 770 Ἐφέσου
2606 705 3059 775 ἀποκαταστῆναι
3095 705 3189 758 καὶ
3235 705 3565 774 upon-neos-

314 785 432 835 γεν.
469 771 643 843 Ἀπῆν
684 777 740 831 δὲ
770 781 878 832 τῶν
916 782 1136 846 ζώντων
1169 786 1196 837 ὁ
1235 786 1440 855 φήσας,
1469 788 1754 858 ἀνάγωγος
1794 791 1889 845 καὶ

314 863 488 928 ἄλλως
517 865 593 919 ὢν
623 869 828 935 ὲκεῖνος
864 875 959 927 καὶ
983 877 1075 929 ἐπὶ
1102 877 1376 943 διαϐολαῖς
1407 880 1702 953 γνώριμος.
1726 882 1890 937 Ἀλλὰ

314 958 411 1010 καὶ
439 958 498 1009 τὸ
524 958 775 1033 ἔγκλημα
800 966 1003 1038 ἀπᾷδον
1027 969 1160 1033 ὅλως
1189 973 1282 1045 καὶ
1312 973 1697 1044 ψευδολόγημα
1736 977 1888 1030 ἅντι-

314 1065 473 1119 κρυς.
501 1052 691 1120 Ὅμως
716 1059 742 1110 ὁ
771 1059 1077 1130 Σηλυῦρίας
1108 1064 1171 1119 οὺ
1213 1064 1355 1119 πάνυ
1378 1084 1432 1120 τι
1480 1070 1573 1121 καὶ
1618 1070 1778 1133 αὐτὸς
1801 1087 1893 1123 πι-

316 1144 539 1214 στεύων,
566 1146 640 1209 ὡς
673 1148 836 1219 ἐῴκει
863 1154 1058 1223 λέγων,
1089 1156 1149 1210 τὸ
1188 1158 1281 1212 τοῦ
1313 1160 1642 1230 πράγματος
1692 1164 1891 1218 ἄτοπον

314 1237 372 1287 ἐν
403 1238 737 1312 ἀπορρήτοις
779 1247 1134 1314 παραλαϐὼν,
1172 1238 1386 1319 βίασιλεῖ
1422 1255 1667 1307 πιστεύει
1698 1256 1786 1309 τὸν
1809 1258 1895 1311 λό-

314 1344 430 1395 γον.
457 1331 548 1401 Τῷ
575 1333 632 1385 δὲ
688 1337 831 1403 μέγα
875 1339 979 1406 μὲν
1012 1341 1305 1396 ἀκούσαντι
1348 1343 1516 1410 ἔδοξε,
1557 1347 1650 1399 καὶ
1684 1342 1894 1417 βαρέως

314 1423 512 1493 ἤνεγκε
551 1427 610 1479 τὸ
637 1428 826 1499 λεχθέν
849 1448 862 1461 ·
930 1434 1079 1502 ὅμως
1112 1436 1167 1488 δὲ
1214 1437 1397 1506 μέντοι
1436 1441 1529 1494 καὶ
1566 1441 1646 1512 μὴ
1673 1443 1897 1495 πιστεύ-

1995 807 2121 859 χετο
2155 794 2250 844 καὶ
2275 794 2536 862 συνήργει
2563 798 2673 858 τοῖς
2695 798 3067 867 βουλομένοις.
3094 797 3154 851 τὸ
3179 796 3227 851 δ’
3256 795 3411 857 αὖθις
3436 797 3571 849 ὲκεί-

1994 897 2086 933 νου
2139 883 2301 954 χάριν
2361 887 2713 957 πατριάρχην
2768 889 3248 959 προσαναγκάζειν
3294 887 3357 940 οὔ
3392 887 3441 939 οἱ
3470 887 3573 938 τῶν

1993 971 2224 1027 δεόντων
2257 975 2457 1030 ἐδόκει.
2493 978 2655 1031 Ὅθεν
2676 980 2779 1033 κᾶν
2815 980 2911 1035 καὶ
2939 980 3064 1043 τοὺς
3114 980 3256 1050 ὑπὲρ
3297 978 3392 1031 τοῦ
3422 978 3575 1045 Ἑφέ-

1998 1083 2093 1118 σου
2143 1067 2404 1136 λέγοντας
2436 1071 2758 1142 ἀπεδέχετο,
2811 1071 2949 1127 ἀλλὰ
2983 1073 3044 1127 τό
3076 1089 3141 1141 γε
3186 1072 3465 1142 σχίζεσθαι
3493 1071 3576 1124 διὰ

1996 1164 2168 1213 ταῦτα
2197 1165 2338 1230 σφᾶς
2369 1165 2714 1236 πατριάρχου
2740 1165 2838 1219 καὶ
2860 1166 2981 1218 λίαν
3013 1165 3102 1219 διὰ
3128 1165 3328 1235 βάρους
3356 1159 3460 1235 ἦγε
3488 1166 3576 1217 καὶ

1998 1256 2404 1323 προσωνείδιζε,
2433 1258 2527 1312 καί
2552 1275 2694 1313 τισιν
2735 1258 3161 1328 ἐμϐριθέστερον
3189 1258 3577 1325 προσεφέρετο.

1999 1346 2199 1400 Σκοπῶ
2228 1348 2284 1403 δὲ
2339 1350 2419 1420 μὴ
2471 1350 2787 1420 Πάτροκλος
2820 1347 2888 1421 ἦν
2917 1351 2946 1403 ὁ
3009 1350 3235 1416 Ἐφέσου
3267 1348 3363 1402 καὶ
3397 1347 3459 1400 τὸ
3491 1346 3579 1400 τ’,ῦ

1998 1442 2216 1496 Αἰνείου
2251 1443 2596 1513 ὲσχεδιάζετο
2626 1444 2865 1505 εἴδωλον,
2898 1444 2995 1513 τῆς
3042 1441 3332 1511 βασιλικῆς
3353 1438 3580 1509 γνώμης

316 1528 469 1568 σαντί
496 1517 653 1589 ἐπῄει
684 1523 1001 1590 φροντίζειν
1023 1527 1118 1581 τοῦ
1150 1528 1207 1579 ὲν
1226 1531 1557 1603 ἀπορρήτοις
1587 1533 1899 1589 διακεῖσθαι
2001 1534 2100 1605 ἤδη
2165 1534 2455 1604 κλινοῡσης
2513 1536 2650 1605 πρὸς
2682 1536 3004 1591 Ἀθανάσιον
3059 1535 3138 1604 τῷ
3185 1536 3279 1589 τὸν
3332 1535 3582 1604 Ἰωάννην

312 1606 405 1658 τδν
433 1606 612 1676 λόγον.
647 1612 723 1675 ὡς
763 1614 937 1681 ἄλλως
968 1620 1060 1671 καὶ
1086 1621 1313 1691 ἀπρεπῆ
1356 1623 1486 1677 ὄντα
1528 1624 1590 1678 οὐ
1628 1626 1830 1695 μᾶλλον
1862 1627 1894 1695 ἢ
2001 1625 2566 1698 ἀποπροσποιεῖσθαι,
2597 1629 2649 1681 ει
2682 1627 2775 1681 καὶ
2810 1629 2868 1681 ὲν
2901 1630 3100 1696 ἀφανεῖ
3125 1626 3278 1681 ταῦτ’
3307 1623 3452 1697 ἦσαν
3479 1626 3578 1679 ἐτι.

317 1700 510 1810 ιξίευδῆξ
574 1705 1037 1810 Αξῗφυλάττεσθαι
1089 1715 1200 1784 γὰρ
1254 1717 1349 1768 καὶ⁸
1400 1716 1499 1779 τὰς
1542 1718 1653 1771 τῶν
1686 1720 1897 1772 πολλῶν
2018 1720 2106 1783 Ὠς
2138 1719 2197 1773 δέ
2228 1738 2331 1774 που
2358 1722 2455 1775 καὶ
2485 1721 2545 1775 τὸ
2570 1722 2662 1775 ὑπ’
2697 1720 2886 1774 ὀδόντα
2915 1722 3134 1774 κεῖσθαι
3157 1719 3353 1774 δοκοῦν
3379 1719 3584 1772 ἀνάπυ-

321 1796 577 1858 ὑπονοίας
603 1797 752 1863 ἄξιον
780 1803 1079 1874 ὲκεκρίκει.
1102 1806 1245 1876 Πλὴν
1277 1808 1373 1860 καὶ
1410 1810 1503 1862 τοῦ
1527 1813 1901 1880 προτανενέγ-
2007 1829 2136 1866 στον
2157 1813 2260 1884 ἤδη
2299 1814 2510 1885 ἧρξατο
2552 1815 2819 1883 γίνεσθαι,
2878 1814 2971 1868 καί
2994 1831 3141 1875 τινες
3178 1812 3586 1881 ἀφωσιωμένως

321 1903 517 1991 iuvui:
552 1894 915 1991 ,κατεγνώκει
940 1937 952 1959 ν
1001 1897 1077 1959 ὡς
1114 1900 1172 1951 τδ
1217 1898 1371 1963 τέλος
1425 1900 1649 1966 ἔδειξεν.
1691 1903 1773 1957 ὅτι
1808 1905 1901 1957 καὶ
2006 1923 2125 1970 πως
2152 1907 2249 1960 καὶ
2297 1907 2633 1971 ἐπιπολαίως
2665 1908 2733 1964 τὰ
2780 1907 2906 1977 περὶ
2937 1907 3149 1961 ἐκείνου
3186 1906 3499 1977 ᾐνίσσοντο,
3531 1906 3586 1957 τὸ

317 1978 454 2043 ὅλως
477 1980 823 2100 ὲπὶξῖοιούτῳ
856 1989 950 2042 καὶ
985 1991 1137 2061 παρὰ
1164 1991 1409 2046 τοιούτου
1463 1994 1776 2048 πιστεύσειε
1808 1995 1900 2049 λέ·
1933 2043 1977 2100 Β
2006 1999 2217 2052 ἐκείνου
2250 1998 2529 2071 σχίζεσθαι
2556 2002 2766 2063 ἑαυτοῖς
2786 1997 3274 2071 εὐπροσωπότερον
3292 1996 3589 2051 καθιστάν-

319 2088 530 2139 γοντοζ.
562 2071 670 2130 Ἦν
716 2079 923 2146 ταῦτα,
966 2082 1060 2137 καὶ
1099 2085 1147 2138 oi
1182 2084 1283 2155 μὲν
1312 2086 1591 2157 ἀρχιερεῖς
1621 2088 1716 2140 καὶ
1742 2088 1899 2152 αὖθις
1935 2071 1977 2100 υ
2004 2108 2118 2157 τες,
2166 2093 2285 2145 τότε
2321 2091 2579 2161 βασιλεὺς
2626 2092 2718 2145 τὸν
2759 2091 2991 2158 πρώτως
3034 2090 3434 2160 ὑπομνήσαντα
3469 2090 3590 2158 περὶ

319 2164 411 2218 διὰ
443 2167 503 2220 τὸ
530 2168 624 2222 τοῦ
660 2172 1001 2244 πατριάρχου
1035 2176 1171 2246 πρὸς
1201 2179 1399 2242 αὐτοὺς
1451 2178 1535 2251 [Ρ.
1569 2180 1700 2252 255]
1726 2182 1902 2251 ἀμφί-
2004 2184 2197 2238 τούτου
2233 2184 2557 2240 ὑπώπτευεν
2585 2226 2602 2252 ,
2650 2184 2725 2249 ὡς
2766 2185 2861 2237 καὶ
2902 2183 3088 2245 ἄλλοις
3117 2181 3262 2235 εἴποι
3292 2180 3387 2232 τὸν
3415 2178 3587 2245 λόγον,

321 2275 541 2329 γνωμον
564 2266 693 2333 περὶ
724 2267 830 2321 τῶν
870 2271 1010 2324 κατὰ
1044 2269 1137 2324 τὸν
1171 2271 1399 2341 Ἐφέσου
1423 2276 1765 2344 πραγμάτων
1793 2294 1900 2329 πα-
2007 2279 2113 2333 κᾶν
2146 2278 2310 2332 αὑτὸν
2356 2278 2431 2350 μὴ
2486 2277 2893 2333 σκανδαλίσειεν
2926 2273 3200 2338 ὑπειπὼν,
3251 2272 3439 2334 ἄλλοις
3467 2271 3593 2330 ἴσως

322 2356 561 2429 τριάρχῃ
598 2360 842 2431 ἐπεῖχον,
880 2364 977 2417 καὶ
1008 2364 1069 2417 οὐ
1098 2364 1356 2434 καθαρῶς
1389 2367 1692 2437 είρήνευον.
1723 2365 1905 2423 Ἦσαν
2007 2370 2180 2425 εἰπὼν
2214 2370 2407 2442 μῶμον
2447 2370 2825 2442 προστρίψειε.
2889 2371 2989 2421 Διὰ
3039 2367 3218 2429 τοῦτο,
3252 2365 3352 2418 καὶ
3381 2366 3451 2435 τῇ
3501 2360 3590 2415 τοῦ

322 2447 365 2499 δ’
387 2448 585 2513 οἵτινες
621 2453 829 2506 τούτων
881 2456 977 2509 καὶ
1003 2455 1441 2529 ὡμογνωμόνουν
1476 2458 1553 2530 τῷ
1589 2460 1906 2534 πατριάρχῃ
2010 2462 2354 2533 πατριάρχου
2385 2460 2606 2533 θαρρῶν
2655 2461 2975 2532 σεμνότητι,
3031 2457 3358 2527 ἐκφαυλίζει
3386 2457 3479 2509 τὸν
3513 2454 3595 2508 λό-

325 2540 420 2593 xui.
446 2543 583 2612 πρὸς
623 2547 749 2609 τοὺς
768 2547 989 2612 λοιποὺς
1017 2550 1351 2621 διεφέροντο.
1382 2552 1602 2607 Βασιλεί
1627 2553 1683 2607 δὲ
1730 2556 1909 2609 πάντα

320 2632 525 2701 τρόπον
552 2633 623 2695 τὰ⁴
640 2637 739 2707 τῆς
767 2639 987 2710 εἰρήνης
1010 2641 1291 2713 στέργοντι
1308 2643 1408 2696 οὐκ
1424 2639 1910 2715 ἦνὴρεμείν,ἁλλὰ

330 2813 496 2866 homo
526 2816 958 2872 contumeliosus
990 2828 1043 2873 et
1080 2819 1441 2877 calumniator
1475 2834 1658 2879 natus.
1688 2825 1912 2880 Crimen

328 2920 497 2973 porro
540 2919 656 2964 erat
718 2925 948 2979 prorsus
1009 2912 1316 2971 abhorrens
1362 2930 1392 2969 a
1435 2916 1914 2974 verisimilitudine

328 3000 504 3064 Omni,
539 3014 862 3072 merumque
891 3005 1262 3061 mendacium.
1299 3006 1421 3063 Prae
1448 3023 1508 3062 se
1540 3007 1750 3065 ferebat
1780 3009 1915 3078 quin

330 3091 498 3145 etiam
535 3089 902 3162 Selybriensis
934 3095 1073 3165 ipse,
1100 3112 1224 3151 cum
1261 3098 1311 3153 id
1336 3098 1565 3154 alterius
1598 3099 1917 3155 testimonio

328 3184 580 3251 referret,
618 3202 737 3242 sese
776 3188 918 3244 haud
977 3190 1251 3246 credere:
1287 3200 1513 3263 putasse
1557 3200 1742 3249 tamen
1797 3209 1915 3250 rem

329 3278 704 3348 qualicunque
748 3278 854 3333 (ide
890 3295 1094 3338 arcano
1116 3282 1182 3336 ad
1226 3296 1286 3338 se
1313 3283 1547 3341 delatam
1573 3284 1916 3352 imperatori.

2009 2572 2128 2622 γον,
2156 2556 2248 2609 καὶ
2271 2556 2365 2609 τὸν
2391 2554 2626 2625 πρώτως
2655 2556 2883 2610 εἰπόντα
2916 2554 3076 2624 δῆλον
3104 2551 3449 2621 καθίστησιν.
3468 2552 3592 2622 Ἀρ·

2016 2654 2179 2721 ρητον
2210 2651 2308 2721 μὲν
2335 2652 2446 2722 γὰρ
2472 2645 2610 2704 εἶναι
2642 2649 2735 2702 καὶ
2766 2647 3019 2712 ἄπιστον,
3046 2648 3139 2702 καὶ
3171 2646 3295 2699 λίαν
3332 2644 3592 2715 ὠρέγετο,

2017 2828 2216 2883 minari
2256 2829 2582 2897 episcopos,
2643 2827 2882 2895 graviter
2934 2823 3272 2893 increpabat,
3308 2822 3477 2876 etiam
3504 2834 3594 2874 ex-

2017 2920 2375 2989 probratione
2432 2932 2540 2974 non
2573 2918 2881 2974 abstinens.
2936 2913 3059 2973 Non
3092 2914 3464 2972 dissimulabo
3512 2912 3596 2967 hic

2018 3026 2203 3069 tamen
2237 3010 2668 3082 speculationem
2710 3009 3009 3080 quamdam
3065 3022 3265 3063 meam.
3313 3005 3458 3073 Quis
3499 3003 3597 3059 scit
3633 3060 3642 3071 ,

2022 3120 2094 3159 an
2124 3101 2433 3172 capessenti
2459 3101 2542 3157 sic
2589 3098 2906 3170 imperatori
2953 3112 3176 3154 causam
3228 3095 3481 3167 Ephesii,
3511 3090 3598 3150 cui

2021 3199 2190 3254 sciret
2230 3194 2515 3251 adversari
2556 3191 2920 3262 patriarcham
2950 3231 2966 3255 ,
3014 3206 3125 3245 non
3157 3187 3305 3244 aliud
3327 3187 3597 3243 occultius

2022 3292 2078 3344 in
2109 3298 2294 3345 mente
2352 3286 2564 3342 fuerit?
2597 3284 2758 3352 Quis,
2806 3286 3053 3354 inquam,
3091 3288 3311 3353 praestet
3342 3295 3455 3334 non
3501 3278 3600 3334 hoc

333 3376 499 3441 prout
531 3368 685 3432 fecit,
720 3372 965 3426 indicare
1000 3388 1060 3427 se
1092 3373 1314 3429 debere.
1350 3373 1651 3444 Imperator
1685 3376 1787 3443 hoc
1814 3391 1914 3429 au-
1944 3390 1985 3448 ο
2022 3383 2098 3439 iui
2141 3388 2461 3450 ριιωιριιιιηι
2501 3378 2676 3434 [masc
2731 3391 2942 3432 merum
2972 3414 2990 3442 ,
3026 3386 3080 3431 ει
3103 3374 3251 3431 ven",
3296 3371 3433 3427 illud
3463 3386 3495 3425 ε
3526 3368 3601 3423 fa.

332 3464 449 3520 dito
495 3467 755 3522 momenti
803 3468 1084 3539 permagni
1138 3475 1347 3527 temere
1399 3468 1606 3523 moveri
1636 3468 1912 3538 negotium

329 3556 639 3626 judicavit.
707 3562 1052 3631 graviterque
1108 3559 1231 3615 tulit
1264 3561 1317 3616 id
1351 3560 1418 3615 ad
1450 3574 1511 3616 se
1541 3559 1809 3615 delatum.
1837 3560 1917 3615 Ac

334 3651 543 3707 nullam
578 3652 710 3709 licet
743 3654 904 3708 fidem
955 3653 1221 3710 delationi
1259 3653 1548 3717 adhibens,
1605 3653 1710 3708 sibi
1754 3652 1918 3709 enixe

337 3743 646 3799 curandum
703 3746 1044 3805 existimavit
1104 3761 1171 3802 ne
1228 3746 1297 3801 ad
1336 3747 1522 3816 plures
1553 3745 1684 3802 dicti
1722 3747 1917 3801 notitia

340 3844 613 3902 manaret,
642 3836 809 3915 338
838 3849 1196 3911 praeterquam
1226 3840 1531 3897 lndecentis
1560 3851 1612 3895 et
1646 3841 1921 3897 mentione

337 3934 457 4002 ipsa
486 3931 720 3999 infandi,
745 3935 933 4011 etiam,
963 3942 1023 3989 ut
1048 3949 1108 3991 se
1134 3934 1340 3991 dabant
1370 3933 1596 3997 indicia,
1616 3934 1916 3989 mendacis.

338 4025 600 4083 Prteverti
637 4018 783 4083 enim
820 4037 1077 4100 oportere
1107 4027 1457 4098 suspiciones
1506 4027 1806 4083 multorum
1842 4040 1919 4081 te-

339 4136 509 4190 quum
545 4121 780 4179 censuit.
813 4120 921 4178 Sed
957 4131 1045 4187 et,
1077 4130 1328 4192 prout‘ex
1364 4120 1680 4176 consecutis
1721 4120 1787 4173 ad
1820 4134 1920 4173 ex-

338 4222 575 4269 tremum
626 4214 902 4285 apparuit,
948 4213 1269 4269 succensuit
1301 4212 1550 4274 delatori,
1582 4210 1726 4281 quod
1754 4225 1785 4268 e
1813 4219 1921 4264 tam

341 4305 445 4360 levi
477 4313 701 4377 tamque
731 4306 993 4361 sublesta:
1049 4305 1177 4360 ﬁdei
1223 4312 1451 4359 auctore
1500 4302 1773 4374 cognitam
1807 4316 1923 4356 rem

341 4408 548 4453 tantam
583 4414 692 4453 non
725 4399 887 4453 modo
927 4413 1034 4454 non
1071 4397 1521 4467 contempsisset,
1554 4405 1611 4449 ut
1639 4394 1926 4460 debuerat,

339 4504 533 4544 verum
556 4489 744 4556 etiam,
774 4498 831 4541 ut
852 4488 1151 4544 deferendo
1183 4493 1582 4543 monstraverat
1608 4526 1624 4551 ,
1663 4483 1926 4541 credidis-

340 4588 449 4635 set.
482 4578 618 4633 Dum
655 4580 768 4637 haec
815 4579 891 4635 ita
921 4594 982 4637 se
1032 4580 1320 4646 haberent,
1379 4578 1600 4633 interim
1659 4576 1925 4647 episcOpi,

339 4674 485 4743 quod
520 4674 625 4729 sibi
659 4673 940 4728 adversari
982 4674 1351 4743 patriarcbam
1387 4672 1590 4727 scirent
1618 4654 1670 4724 in
1705 4670 1927 4741 negatio

2021 3474 2164 3530 bulis
2231 3473 2300 3528 ad
2349 3486 2545 3528 vanam
2600 3469 2836 3539 speciem
2896 3465 3172 3537 objectum
3216 3465 3385 3520 inane
3420 3462 3602 3518 Attica:

2020 3566 2400 3628 simulacrum,
2430 3563 2499 3618 ad
2528 3576 2682 3617 usum
2713 3557 3028 3630 indulgendi
3049 3565 3326 3627 concepta:
3349 3555 3468 3626 jam
3495 3565 3602 3608 tum

2021 3673 2241 3714 arcente
2290 3656 2558 3711 voluntati
2594 3651 2899 3725 reponendi
2935 3650 3296 3706 Athanasium
3348 3648 3407 3701 in
3454 3646 3602 3700 thro-

2023 3766 2152 3804 num
2183 3791 2198 3814 ,
2231 3764 2394 3820 quam
2453 3748 2520 3802 ad
2558 3762 2671 3802 rem
2721 3746 2827 3800 sibi
2858 3745 3076 3799 videbat
3106 3743 3220 3796 fore
3269 3740 3463 3795 utilem
3499 3737 3607 3790 fac-

2022 3830 2226 3901 tiOuetn
2258 3841 2554 3897 multorum
2587 3838 2895 3894 antistitum
2932 3850 2963 3889 a
2997 3834 3207 3891 Joanne
3240 3848 3390 3886 nunc
3428 3828 3605 3902 pomi-

2025 3936 2125 3991 tice
2153 3948 2473 3990 aversorum
2502 3932 2573 3988 ob
2604 3929 2827 4000 Ephesii
2876 3934 3130 4005 negatam
3170 3925 3239 3979 ab
3268 3939 3335 3979 eo
3385 3923 3606 3978 restitn-

2027 4029 2251 4084 tionem.
2289 4026 2397 4083 Sed
2436 4026 2551 4082 haec
2568 4025 2915 4089 omittamus,
2938 4038 3063 4093 qua
3090 4020 3135 4077 si
3163 4021 3279 4092 jam
3303 4017 3475 4090 339
3497 4025 3604 4071 tum

2024 4129 2187 4176 erant
2224 4158 2239 4183 ,
2268 4118 2323 4174 in
2363 4118 2583 4173 occulto
2629 4125 2782 4171 certe
2815 4115 3172 4171 teuebantur.
3216 4109 3379 4165 Tunc
3429 4117 3606 4163 autem

2025 4215 2213 4268 evenit
2257 4222 2339 4276 ut,
2380 4211 2540 4282 cujus
2575 4210 2950 4273 meminimus,
3003 4204 3235 4262 Joannis
3281 4202 3611 4275 patriarcha:

2027 4305 2238 4363 crimen
2266 4303 2410 4359 clam
2438 4302 2568 4359 olim
2597 4303 3081 4358 immurmuratum
3121 4306 3447 4353 enotescere
3479 4293 3612 4349 inci-

2028 4407 2216 4467 peret,
2246 4407 2303 4452 et
2324 4411 2354 4450 a
2386 4396 2717 4468 quibusdam
2753 4393 3064 4450 verecunde
3089 4391 3308 4462 quidem
3340 4404 3410 4445 ac
3456 4384 3611 4458 quasi

2030 4486 2432 4558 aliudagendo,
2472 4495 2657 4542 tamen
2678 4487 2760 4542 sic
2793 4485 3015 4566 oblique
3048 4485 3375 4539 innueretur
3418 4491 3479 4536 ut
3521 4477 3613 4549 qui

2028 4596 2143 4638 rem
2171 4592 2555 4652 compererant
2585 4586 2982 4650 agnoscerent;
3019 4580 3166 4649 quod
3192 4575 3395 4630 infensi
3417 4571 3613 4630 Joanni

2032 4672 2278 4743 episcopi
2312 4686 2508 4741 magna
2539 4681 2657 4726 arte
2687 4670 2988 4734 faciebant,
3020 4670 3104 4726 sic
3135 4668 3239 4723 sibi
3268 4666 3614 4737 plausibilia-

341 4769 573 4823 Joannls
602 4768 842 4836 Ephesii,
888 4768 1034 4823 baud
1069 4765 1361 4823 cessabant
1392 4767 1603 4820 instare
1639 4763 1787 4816 circa
1822 4763 1926 4816 hoc
1949 4752 1998 4811 D
2035 4784 2148 4822 re...
2176 4774 2551 4837 praeparante;
2581 4764 2864 4821 omentum
2889 4763 2957 4818 ab
2993 4772 3060 4817 eo
3086 4775 3209 4818 sese
3244 4759 3611 4816 discindendi.

340 4864 445 4929 illi,
468 4876 569 4917 nec
588 4862 756 4917 corde
785 4860 1003 4916 sincero
1033 4876 1155 4915 cum
1182 4874 1249 4915 eo
1267 4858 1773 4914 communicabant.
1805 4856 1923 4912 Non

345 4966 532 5011 tamen
559 4970 623 5010 ex
656 4970 846 5009 eorum
889 4968 1122 5009 numero
1145 4954 1375 5009 deerant
1403 4952 1494 5022 qui
1531 4960 1716 5021 partes
1753 4950 1924 5020 patri-

260 5079 269 5084 -
346 5049 529 5105 arebae
550 5057 916 5119 sequerentur
942 5059 998 5104 et
1031 5047 1100 5103 ab
1124 5047 1246 5101 aliis
1265 5062 1327 5100 ea
1353 5059 1519 5101 causa
1544 5044 1922 5100 dissentirent.

346 5144 481 5210 Quae
501 5157 740 5199 cernens
776 5142 1099 5212 imperator,
1128 5156 1224 5211 pro
1260 5153 1360 5194 suo
1392 5138 1622 5207 antiquo
1647 5135 1927 5206 proposito

342 5238 499 5308 pacis
530 5235 1032 5292 ecclesiasticorum
1068 5233 1219 5289 onmi
1276 5231 1486 5287 ratione
1542 5230 1925 5300 procurandae,

346 5328 493 5384 haud
526 5327 630 5385 sibi
657 5327 983 5383 cessandum
1017 5325 1071 5381 in
1104 5326 1209 5381 hac
1234 5325 1477 5395 pacanda
1520 5312 1795 5379 discordia
1824 5338 1929 5394 pu-

347 5424 523 5491 tavit;
564 5423 623 5478 in
674 5436 786 5492 quo
833 5420 1165 5477 restitutioni
1212 5420 1432 5492 quidem
1489 5417 1731 5488 Ephesii,
1761 5432 1926 5487 quam

347 5517 508 5573 multi
543 5516 836 5587 urgebant,
861 5529 972 5571 non
998 5514 1163 5569 modo
1187 5511 1443 5571 assentiri
1470 5526 1529 5569 se
1558 5512 1927 5577 monstrabat,

349 5610 448 5668 sed
480 5613 529 5667 ei
563 5610 705 5670 ultro
747 5608 1133 5680 promovenda:
1172 5614 1419 5679 paratam
1466 5606 1762 5663 exhibebat
1802 5620 1931 5673 ope-

349 5718 493 5758 ram.
521 5700 727 5758 Tamen
782 5701 926 5758 idem
972 5703 1092 5773 ejus
1127 5701 1207 5757 rei
1239 5701 1414 5771 gratia
1443 5699 1552 5754 vim
1608 5696 1800 5753 inferri
1835 5714 1932 5766 pa-

350 5796 614 5852 triarcha
634 5796 780 5851 haud
815 5797 1010 5854 decere
1043 5795 1348 5868 judicabat.
1389 5790 1579 5859 Unde,
1615 5806 1929 5862 quanquam

349 5892 591 5962 libenter
615 5891 832 5947 audiret
871 5906 1209 5963 quaecunque
1231 5905 1330 5960 pro
1353 5885 1588 5958 Ephesio
1618 5883 1933 5954 allegaban-

268 6030 271 6031 ν
351 5992 465 6046 tur,
510 5984 899 6060 molestissime
947 5983 1161 6040 ferebat
1188 5996 1409 6039 omnem
1444 5979 1780 6035 mentionem
1815 5975 1932 6030 dis-

355 6078 672 6137 cessionisa
702 6094 983 6137 sacrorum
1012 6079 1291 6145 principe;
1324 6085 1377 6132 et
1401 6089 1541 6138 quos
1571 6071 1787 6130 audiret
1812 6082 1932 6127 eam

2029 4862 2195 4917 Istam
2237 4858 2676 4931 propalationem
2715 4857 2791 4912 rei
2835 4872 2864 4910 a
2901 4870 2961 4910 se
3006 4863 3163 4910 tanto
3204 4853 3395 4910 studio
3428 4855 3615 4908 celata)

2032 4956 2334 5025 imperator
2393 4953 2661 5016 sentiens,
2719 4965 2847 5006 eum
2912 4949 3006 5020 qui
3069 4949 3175 5006 sibi
3211 4949 3428 5019 primus
3469 4948 3612 5001 illam

2031 5050 2357 5115 indicasset,
2402 5045 2809 5119 Selybriensem
2837 5046 3024 5102 violati
3060 5045 3251 5102 arcani
3294 5054 3611 5115 suspectum

2033 5141 2259 5208 habuit;
2290 5150 2346 5196 et
2376 5140 2431 5194 in
2466 5156 2584 5195 eam
2639 5140 2892 5201 incubuit
2931 5147 3143 5211 partem
3178 5148 3237 5195 ut
3265 5140 3521 5193 crederet
3555 5136 3614 5189 il-

2032 5234 2163 5314 lum.
2202 5233 2579 5305 indulgentem
2614 5233 2889 5302 prurigini
2930 5232 3187 5300 malignae
3236 5230 3360 5286 aliis
3393 5241 3614 5299 quoque

2033 5325 2448 5391 manifestasse,
2508 5326 2655 5395 quod
2690 5325 2895 5380 frustra
2921 5324 2971 5378 ei
2999 5321 3197 5379 fuisset
3222 5339 3252 5378 a
3279 5339 3342 5380 se
3364 5323 3613 5392 impense

2035 5417 2483 5474 commendatum
2562 5432 2630 5473 ne
2684 5418 2911 5472 omnino
2983 5418 3303 5472 mortalium
3357 5417 3613 5484 cuiquam

2037 5511 2296 5581 aperiret.
2329 5510 2396 5567 Et
2423 5510 2569 5565 hunc
2605 5510 2827 5581 quidem
2856 5509 3035 5581 ipsum
3063 5523 3250 5565 coram
3282 5508 3615 5578 redarguere

2034 5603 2278 5661 levitatis
2307 5603 2456 5659 illius
2498 5602 2646 5659 haud
2675 5602 2882 5680 voluit,
2927 5618 2999 5658 ne
3035 5602 3159 5659 sine
3211 5616 3394 5673 operas
3438 5600 3616 5670 pretio

2035 5713 2162 5753 eum
2207 5696 2452 5753 irritaret
2484 5712 2500 5750 :
2543 5696 2697 5751 illum
2728 5702 2916 5753 tamen
2944 5710 3012 5750 eo
3044 5694 3265 5753 nomine
3301 5693 3447 5764 apud
3478 5691 3614 5746 alios

2038 5789 2390 5862 vituperavit,
2422 5802 2487 5843 ac
2515 5788 2690 5845 fretus
2724 5789 2995 5860 gravitate
3014 5799 3261 5857 actaque
3282 5785 3615 5856 patriarcha:

2038 5884 2356 5941 innocentia
2408 5897 2517 5938 non
2562 5881 2836 5943 dubitavit
2875 5881 3092 5937 crimen
3144 5879 3196 5934 id
3238 5887 3415 5934 totum
3464 5876 3615 5931 Falsa

2036 5975 2335 6033 calumnite
2347 5973 2688 6039 adscribere,
2707 5971 3095 6044 conquerendo
3111 5969 3183 6025 de
3202 5984 3269 6027 eo
3288 5968 3384 6040 qui
3402 5967 3614 6039 primus

2038 6074 2378 6137 vulgaverat,
2408 6070 2554 6143 quod
2599 6071 2720 6127 luce
2771 6069 3219 6139 indignissimum
3250 6064 3422 6136 premi
3463 6074 3615 6121 tene-
