3860 6558
208 459 314 522 373

1094 461 1194 521 DE
1232 432 2175 522 ANDRONICO‘PAL/EOLOGO
2216 464 2366 524 LIB.
2409 466 2505 526 1v.

3399 467 3469 528 7i

205 576 276 637 ὡς
312 574 476 645 ἐῴκει
498 590 511 603 ’
545 573 981 644 ὑπολαλουμένου
1020 576 1075 629 δὲ
1110 578 1202 629 καὶ
1233 577 1364 646 παρ’
1397 577 1596 640 ἄλλων,
1624 570 1866 645 αὐτὸςᾉ
1893 574 2122 642 πρώτως
2149 576 2357 631 εἰπόντι
2387 575 2571 640 κακῶς
2603 572 2739 647 εἶχε,
2775 575 2869 629 καὶ
2916 576 3132 629 συνάδου
3159 577 3345 646 ἐζήτει
3382 579 3472 630 ἰκ-

207 666 572 734 ἀναγκασθείς
610 669 849 737 φανερὰν
873 667 1167 736 καθίστησι
1189 667 1287 739 τὴν
1312 671 1669 742 κατηγορίαν,
1688 670 1783 723 καὶ

206 762 277 823 ὡς
308 761 574 831 ὑϐριστὴν
604 762 706 815 οὐκ
736 761 918 826 αἰτίας
962 763 1104 816 ἀνίει
1144 763 1234 817 τὸν
1265 764 1531 833 φάμενον.
1568 762 1782 816 Ἀκούει

206 855 377 908 ταῦτα
408 856 503 907 καί
536 855 908 927 πατριάρχης,
943 857 1036 910 καὶ
1060 856 1136 920 ὡς
1186 858 1335 917 εἰκὸς
1363 855 1784 927 δεινοπαθήσας,

206 946 325 1000 ἐπεὶ
350 946 411 998 οὐ
445 947 642 1015 περιῆν
667 947 942 1015 exprime;
974 947 1239 1014 ἐπειπὼν,
1270 948 1347 1010 ὼς
1376 948 1614 1015 ἐλέγετο,
1637 946 1787 1015 αὐτῷ

206 1040 266 1105 δὴ
295 1038 607 1108 Σηλυσρίας
629 1041 730 1107 τὴν
759 1040 1124 1109 συκοφαντίαν
1155 1042 1434 1112 ἐπέτριὸε,
1461 1042 1554 1095 καὶ
1585 1040 1787 1110 συνόδῳ

211 1131 507 1197 ἐπεγκαλεῖ
532 1132 715 1199 ζητῶν
756 1131 855 1203 τὴν
884 1132 1164 1197 ἐκδίκησιν
1214 1132 1416 1203 ἐαυτῷ,
1448 1133 1551 1188 κᾶν
1581 1135 1789 1197 ἐκεῖνος

208 1226 277 1285 ὡς
323 1222 472 1292 εἶχεν
532 1225 803 1278 ἑπειλύων
839 1227 931 1279 τὸν
986 1225 1146 1295 λόγον
1191 1225 1367 1289 ἄλλως
1412 1226 1598 1294 ἔλεγεν
1643 1226 1787 1290 esst-

211 1319 347 1370 πεῖν.

213 1415 310 1474 κη’.
350 1407 811 1474 ’Υιτριοπάθησις
835 1408 1201 1480 πατριάρχου
1222 1408 1319 1462 διὰ
1341 1410 1457 1478 τὴν
1477 1424 1790 1480 συκοφαν-

338 1516 341 1519 -
655 1481 788 1532 τίαν
821 1479 919 1532 καί
953 1479 1339 1548 ἀναχώρησις

278 1592 413 1657 Παρ’
443 1592 512 1659 ἢν
566 1593 746 1646 αἰτίαν
782 1594 876 1647 καὶ
916 1592 1003 1666 [Ρ.
1045 1595 1176 1667 254]
1218 1596 1474 1667 βασιλεὺς
1508 1597 1651 1669 (οὐδὲ
1683 1599 1792 1669 γὰρ

216 1685 275 1756 ἦν
320 1685 557 1753 ψεύδους
609 1687 922 1757 γράφεσθαι
975 1687 1203 1759 βασιλέα
1237 1707 1300 1758 γε
1351 1690 1501 1760 ὄντα)
1536 1693 1631 1745 ἐπὶ
1678 1696 1792 1754 τοῖς

216 1777 478 1841 τοιούτοις
514 1780 955 1848 συκοφαντοῦντα
984 1781 1282 1853 διελέγχειν
1322 1785 1790 1856 ἀναγκαζόμενος,

1887 669 2127 741 δίκησιν,
2154 672 2203 725 εἰ
2236 672 2516 727 πιστεύειν
2549 672 2752 727 θέλοιεν
2785 673 2859 737 ὡς
2892 672 2988 727 καὶ
3016 672 3172 726 αὐτοὶ
3199 690 3473 742 συκοφαν-

1890 762 2012 816 τίαν
2040 763 2133 817 τὸν
2157 763 2335 834 λόγον,
2367 764 2443 829 ὡς
2470 766 2711 833 λέγουσι,
2740 765 3005 835 κρίνουσι.
3033 764 3124 834 Τῷ
3154 782 3236 818 τοι
3261 766 3354 818 καὶ
3394 764 3472 833 τῷ

1897 852 1995 921 μὲν
2016 851 2198 920 ζητεῖν
2221 856 2566 926 πατριάρχην
2584 855 2767 909 δίκαια
2792 855 3105 922 ξύμπαντες
3126 854 3467 924 ὡμολόγουν,

1896 943 2034 1014 πρὸς
2061 943 2120 998 δὲ
2164 945 2226 998 τὸ
2256 946 2643 1011 καταδικάζειν
2675 948 2767 1000 τὸν
2790 946 3019 1011 λέξοντα
3060 948 3473 1017 διαμφιγνωμο-

1893 1031 2325 1108 νοῦντεςμῆσαψ
2374 1039 2510 1109 μηδὲ
2549 1039 2658 1109 γάρ
2685 1040 2938 1092 κάκεῖνον
2979 1037 3206 1091 αὐτόθεν
3237 1036 3473 1105 ἐκφῆναι

1891 1128 1984 1180 τὸν
2010 1128 2190 1197 λόγον,
2234 1130 2357 1200 μηδ’
2383 1130 2459 1194 ὡς
2489 1131 2825 1203 κατηγορίαν
2879 1130 3173 1195 συνθεῖναι,
3205 1129 3342 1183 ἀλλὰ
3379 1130 3475 1199 βα-

1894 1219 2031 1271 σιλεί
2059 1219 2371 1285 πιστεῦσαι,
2406 1219 2546 1273 ὥστε
2579 1223 2762 1290 μεῖναι
2805 1221 2900 1272 καί⁵
2927 1221 2984 1271 ὲν
3030 1218 3364 1288 ἀπορρήτοις
3398 1218 3478 1271 0"!-

1892 1311 2070 1363 εσθαι.
2117 1311 2204 1376 Ὠς
2234 1312 2287 1364 δὲ
2318 1311 2581 1374 πολλάκις
2614 1313 2642 1364 ὁ
2696 1310 2796 1382 μὲν
2834 1311 3183 1382 πατριάρχης
3216 1312 3471 1379 συνιστᾷν

1895 1398 2217 1474 βουλόμενος
2249 1404 2470 1459 σύνοδον
2494 1405 2587 1457 ἐπὶ
2616 1404 2827 1468 τούτοις
2855 1404 2981 1466 τοὺς
3009 1404 3288 1473 ἀρχιερεῖς
3315 1420 3474 1473 μετε-

1893 1497 2166 1566 πέμπετο,
2221 1500 2419 1553 ἐκείνοι
2468 1498 2524 1551 δὲ
2554 1501 2601 1550 οἱ
2653 1498 2753 1567 μὲν
2786 1499 3080 1566 συνήγοντο
3124 1495 3217 1549 καὶ
3266 1494 3478 1563 ἕτοιμοι

1892 1584 2033 1660 ἦσαν
2071 1592 2254 1659 κρῖναι
2305 1591 2399 1644 καὶ
2449 1588 2835 1652 καταδικάζειν
2878 1587 2971 1639 τὸν
3001 1586 3246 1655 φάμενον
3283 1585 3356 1647 ὡς
3381 1588 3482 1636 οὐκ

1895 1680 2173 1752 εὔσχημον
2198 1681 2258 1733 ὃν
2295 1681 2405 1735 οὐδ’
2438 1682 2613 1742 ἄλλως
2661 1678 2942 1751 εὐπρεπὲς
2980 1679 3116 1749 πρὸς
3149 1676 3374 1747 βασιλέα
3400 1676 3487 1728 λε’-

1894 1788 2015 1840 γειν
2039 1774 2287 1836 τοιαῦτα,
2319 1773 2366 1825 οἰ
2395 1772 2451 1825 δὲ
2500 1772 2681 1834 αἰτίας
2717 1772 2814 1840 τῆς
2849 1768 3140 1838 ἀποφυγῆς
3175 1767 3485 1837 πλαττόμε-

217 1870 242 1921 δ
270 1874 402 1934 τέως
436 1872 744 1941 ἀνέκφορον
776 1874 1037 1941 ἠϐούλετο
1070 1848 1275 1947 μένειν,
1311 1880 1404 1932 ἐπὶ
1441 1848 1658 1934 πολλῶν
1684 1848 1797 1945 egs.
1828 1915 1874 1975 Β
1900 1882 1980 1975 ‘10"-
2007 1865 2104 1975 τὴς)
2139 1863 2324 1975 ἆφίιξιν
2362 1848 2871 1975 ὑπὲρξτίθξέδτξοκαῖ
2900 1862 2979 1932 τῷ
3014 1859 3322 1975 ξηλυξρεῗς
3353 1860 3489 1975 ἦτα·

220 1981 400 2031 φερεν,
432 1965 589 2028 ὅπως
614 1968 707 2018 καὶ
730 1962 833 2020 iis!
851 1967 941 2021 καὶ
974 1970 1027 2022 τί
1073 1970 1391 2040 προσελθὼν
1428 1973 1635 2027 εἴπειεν
1668 1976 1695 2026 δ
1726 1975 1802 2027 εἱ-

223 2059 350 2110 πςῑν.
400 2059 561 2119 Τέως
594 2058 652 2112 δὲ
680 2060 850 2123 πολὺς
878 2063 1270 2134 προσετρίϐετο
1314 2065 1561 2119 ἐντεῦθεν
1590 2067 1805 2136 μῶμος,

224 2148 618 2218 ἀμφοτέρωθεν
640 2151 1208 2221 ἅντιδιατεινομένων.
1236 2157 1347 2210 Καὶ
1375 2156 1464 2211 διὰ
1496 2157 1670 2211 ταῦτα
1705 2175 1810 2227 πα-

224 2244 487 2313 τριάρχης
525 2244 716 2307 δεινῶς
763 2244 1113 2315 ὑϐριοπαθῶν
1145 2244 1235 2320 ἦν,
1282 2251 1375 2303 καὶ
1423 2249 1547 2303 οὔτε
1585 2249 1808 2321 βασιλέα

226 2335 664 2406 πῳσαπεδέχετο
698 2337 955 2391 κινοῦντα
1012 2339 1104 2392 τὸν
1153 2340 1336 2411 λόγον,
1396 2342 1534 2399 ἀλλὰ
1577 2343 1672 2397 καὶ
1730 2342 1810 2411 τῷ

229 2519 337 2573 bris
372 2534 598 2589 semper
636 2522 996 2590 oportuisset.
1049 2521 1140 2579 Sic
1177 2524 1475 2593 imperator
1525 2528 1578 2583 id
1627 2528 1805 2597 ipsum

231 2611 371 2678 quod
402 2626 645 2677 summe,
679 2622 734 2665 ut
774 2613 945 2669 videri
984 2613 1177 2679 voluit,
1212 2616 1496 2686 cupiverat
1542 2619 1808 2675 indictum

236 2702 794 2774 inanemoratumque
836 2715 1098 2776 perpetuo
1153 2709 1324 2773 sileri,
1360 2725 1484 2765 cum
1530 2706 1810 2773 susurrari

236 2798 300 2847 ab
329 2798 458 2851 aliis
506 2797 890 2861 intellexisset,
931 2800 1218 2870 publicare
1258 2803 1376 2873 ipse
1435 2815 1659 2863 coactus
1692 2816 1812 2872 est,

237 2889 415 2956 palan
450 2888 719 2945 incusans
754 2889 1160 2962 Selyhriensem
1184 2932 1199 2956 ,
1233 2894 1329 2961 qui
1357 2896 1673 2965 prodiderat
1704 2900 1814 2966 pri-

239 2996 385 3042 mus,
419 2992 473 3033 ut
499 2983 963 3037 contumeliosum
984 2992 1038 3038 et
1066 2986 1486 3055 sycophantam.
1505 2988 1669 3043 Audit
1699 2991 1814 3045 haec

239 3075 573 3141 patriarcha,
597 3083 649 3129 et
683 3084 843 3143 prout
876 3092 973 3145 par
1004 3078 1130 3136 fuit.
1156 3069 1491 3150 indignatus,
1523 3092 1812 3154 postquam

237 3165 462 3221 iuvivis
495 3182 605 3221 non
658 3177 947 3237 supererat
987 3171 1079 3240 qui
1140 3171 1259 3225 falsi
1314 3176 1562 3230 criminis
1622 3154 1847 3233 auctor

1907 1956 2005 2018 θὰς
2060 1957 2568 2035 ὑπερέτεινονντὰς
2625 1956 2878 2031 ἐλπίδας,
2942 1954 3113 2008 ταῦτα
3165 1953 3211 2006 δ’
3268 1951 3488 2005 ἐποίουν

1908 2047 2171 2108 πολλάκις
2201 2046 2410 2100 ἔννοιαν
2439 2046 2675 2109 διδόντες
2701 2046 2777 2105 ὡς
2811 2044 3098 2113 ὲ-τταλγοῖεν
3119 2044 3209 2095 καί
3239 2037 3387 2097 οὗτοι
3416 2043 3489 2111 μὴ

1909 2141 2003 2192 καὶ
2031 2141 2373 2209 πατριάρχου
2400 2138 2583 2207 σφίσιν
2605 2132 3115 2207 ὁμογνωμονοῦντος
3144 2135 3235 2187 ἐπὶ
3256 2136 3368 2197 τοῖς
3388 2133 3485 2185 τοῦ

1921 2232 2147 2301 Ἑφέσου
2174 2234 2514 2303 πράγμασιν,
2534 2230 2675 2285 ὥστε
2692 2233 2785 2285 καὶ
2827 2228 3159 2283 κινδυνεύειν
3189 2227 3490 2298 σχίζεσθαι,

1909 2325 2030 2378 τότε
2063 2325 2405 2397 πατριάρχης
2433 2323 2697 2392 ἀπαλγῶν
2738 2325 2848 2385 τοῖς
2879 2320 3246 2390 τελουμένοις,
3279 2319 3399 2373 ὲπεί
3425 2336 3491 2387 γε

1912 2507 2293 2578 proferendum
2354 2506 2501 2577 quod
2541 2515 2727 2560 tenere
2776 2505 3052 2560 occultum
3088 2501 3403 2565 debuisset,
3441 2510 3495 2555 et

1913 2600 1969 2655 in
2003 2617 2129 2655 eum
2179 2600 2414 2654 maxime
2468 2603 2558 2669 qui
2612 2594 2800 2653 falsam
2832 2596 2880 2651 ei
2914 2593 3244 2649 calumniam
3287 2592 3497 2661 primus

1915 2694 2209 2749 indicasset
2238 2692 2457 2748 infenso
2483 2703 2601 2746 erat
2644 2690 2828 2744 animo
2850 2729 2863 2747 .
2898 2686 3276 2754 vindicarique
3318 2684 3497 2737 scelus

1916 2788 2082 2854 hujus
2111 2801 2304 2841 severo
2332 2784 2522 2856 synodi
2559 2782 2771 2853 judicio
2800 2781 3101 2850 poscebat;
3134 2776 3498 2843 utebaturque

1915 2887 1983 2941 ad
2034 2892 2187 2938 tanto
2238 2883 2513 2938 efﬁcacius
2569 2882 2618 2934 id
2656 2879 2919 2950 judicium
2956 2875 3257 2945 urgendum
3290 2870 3499 2942 profes-

1916 2978 2073 3032 sione
2104 2976 2208 3030 sibi
2259 2974 2402 3029 facta
2455 2974 2750 3027 multorum
2808 2986 2837 3025 e
2885 2966 3162 3031 Patrihus,
3216 2963 3495 3035 sigillatim

1917 3068 2306 3124 afﬁrmantium
2341 3080 2448 3121 non
2474 3065 2727 3119 dubitare
2748 3080 2806 3118 sta
2838 3061 2967 3131 quin
2995 3060 3190 3115 falsum
3210 3065 3264 3113 et
3290 3057 3501 3110 calum-

1927 3164 2081 3218 niose
2118 3162 2356 3219 aliictum
2409 3167 2588 3213 totum
2650 3158 2703 3212 id
2735 3156 2944 3211 crimen
3002 3162 3190 3218 esset;
3247 3150 3392 3221 quod
3425 3165 3497 3219 qu

237 3259 603 3327 allegabatur,
656 3260 761 3330 ipsi
797 3258 1136 3333 Selyhriénsi
1168 3265 1456 3321 calumnia:
1489 3268 1666 3324 dicam
1711 3272 1814 3324 im-
1841 3272 1882 3333 (ξ
1918 3261 2186 3322 dicerent,
2223 3270 2321 3311 eos
2352 3252 2660 3325 patriarcha
2690 3248 3054 3304 contendebat
3103 3260 3298 3302 sensus
3341 3245 3500 3300 istius

240 3352 421 3419 pugil,
482 3361 826 3423 questusque
874 3356 939 3409 de
977 3355 1070 3409 illo
1126 3359 1268 3426 apud
1327 3360 1598 3431 synodum
1661 3365 1817 3432 petiit

237 3448 503 3500 cattunire
532 3461 645 3499 rem
677 3447 936 3517 cognosci
970 3448 1349 3520 vindicarique
1373 3461 1583 3509 tantum
1608 3456 1814 3517 scelus,

238 3544 542 3591 excusante
586 3537 680 3591 illo
730 3548 998 3606 quantum
1057 3547 1305 3609 pOterat,
1373 3544 1516 3599 haud
1574 3560 1633 3601 se
1674 3548 1818 3602 malo

239 3630 422 3682 atnrno
453 3629 781 3686 enuntiasse
829 3631 935 3686 sub
972 3646 1177 3688 arcano
1208 3634 1352 3704 quod
1382 3650 1444 3691 ex
1483 3637 1592 3691 alio
1623 3641 1818 3694 rescis-

241 3733 338 3777 ενι.

240 3816 325 3871 28.
383 3815 693 3889 Indignatio
726 3819 1064 3888 patriarcha!
1102 3831 1315 3890 propter
1362 3824 1713 3892 calumniam,
1770 3835 1821 3880 et

768 3906 1000 3944 secessus
1030 3892 1287 3960 ejusdem.

313 4001 441 4056 llzec
504 4001 624 4071 ipsa
687 4004 1057 4073 expostulatio
1111 4008 1441 4074 patriarchae
1489 4011 1823 4081 querelaque

247 4095 387 4159 apud
420 4096 691 4164 synodum
731 4110 857 4150 cum
908 4112 1099 4152 curam
1151 4099 1469 4169 imperatori
1510 4102 1821 4171 adiecisset,

250 4205 315 4242 ne
343 4190 585 4250 cuipiam
621 4189 805 4244 minus
846 4191 1006 4260 plene
1037 4192 1104 4246 de
1136 4208 1196 4247 re
1223 4198 1336 4247 t'ota
1361 4194 1558 4249 edocto
1580 4199 1824 4264 suspicio

254 4280 391 4333 forte
423 4282 477 4335 in
512 4281 693 4350 ipsum
723 4280 1055 4345 oboriretur,
1089 4291 1348 4349 tanquam
1376 4287 1522 4354 quod
1546 4289 1826 4346 audivisse

251 4389 311 4427 ex
348 4374 455 4426 alio
489 4373 669 4427 aiebat
700 4372 863 4444 3&0
884 4389 979 4443 per
1014 4390 1072 4430 se
1105 4375 1630 4447 ipse'cunfiuxisset,
1659 4399 1825 4438 causa

254 4466 351 4520 fuit
378 4466 699 4535 diligentius
736 4468 1090 4522 asseverandi
1132 4469 1461 4527 delationem
1500 4475 1565 4528 ad
1599 4492 1660 4532 se
1712 4479 1826 4532 fac-

256 4568 380 4619 ιςιιιι,
418 4575 593 4629 eoque
625 4562 798 4630 magis
848 4575 911 4614 ac
944 4562 1118 4629 magis
1147 4563 1464 4630 divulgandi
1496 4570 1638 4637 quod
1670 4571 1827 4625 enixe

258 4651 308 4704 in
338 4669 541 4706 arcano
578 4670 800 4710 manere
853 4660 1162 4719 studuerat,
1191 4659 1320 4711 dttn-
1373 4659 1582 4716 scilicet
1637 4663 1826 4718 multis
1864 4635 1901 4687 ῃ

258 4745 485 4799 stillicite
530 4746 791 4808 inculcat,
826 4747 972 4816 quis,
1009 4748 1253 4815 quando,
1289 4764 1394 4818 qua
1428 4752 1641 4805 ratione
1673 4755 1738 4807 ad
1771 4769 1829 4809 sc

261 4837 524 4893 aere-dens
592 4838 725 4892 illud
786 4840 1117 4909 patriarcha:
1170 4843 1377 4897 crimen
1433 4844 1727 4912 detulerit;
1767 4862 1829 4901 ac

262 4932 457 4986 scilicet
492 4932 895 5003 Selybrienscm
918 4926 1234 4989 delatorem
1268 4937 1509 5005 graviter
1537 4940 1826 5007 incusans,

261 5027 344 5093 qui
377 5025 620 5080 vicissim
655 5027 783 5080 dum
830 5043 890 5082 se
922 5028 1064 5098 apud
1097 5029 1385 5100 plerosque
1417 5046 1652 5103 purgare
1683 5045 1834 5090 sata-

266 5118 352 5183 git.
394 5126 684 5187 postquam
732 5125 851 5173 erat
904 5128 1248 5179 contestatus
1286 5122 1432 5177 bono
1472 5139 1531 5179 se
1566 5126 1750 5181 animo
1779 5136 1835 5183 et

264 5211 371 5263 sine
416 5211 527 5265 ulla
560 5210 935 5265 calumniandi
966 5213 1249 5267 voluntate
1283 5216 1533 5284 Augusto
1580 5219 1683 5271 Sub
1730 5218 1835 5274 ﬁde

262 5290 437 5356 arcani
470 5301 782 5356 declarasse
838 5305 984 5372 quod
1023 5303 1199 5375 ipsum
1253 5320 1362 5360 non
1408 5307 1577 5362 latere
1622 5299 1837 5377 publice

261 5396 523 5451 interesse
553 5404 862 5466 putaverat,
895 5401 1219 5468 erumpebat
1249 5401 1301 5454 in
1337 5411 1583 5454 mutuam
1624 5403 1836 5472 vitupe-

265 5492 530 5546 rationem
595 5490 791 5561 ipsius,
853 5492 947 5563 qui
1000 5491 1256 5549 videlicet
1318 5496 1514 5550 secreti
1576 5497 1838 5569 religione

265 5585 459 5639 violata
508 5598 625 5638 rent
660 5584 802 5639 clam
851 5584 1094 5640 auditam
1134 5587 1311 5653 palam
1345 5589 1708 5647 enuntiasset.
1734 5588 1840 5647 Per

266 5676 358 5730 has
387 5678 773 5732 contentiones
811 5677 977 5734 latins
1008 5693 1265 5748 sparsum
1294 5694 1548 5735 sermone
1591 5683 1841 5737 celebra-

269 5769 422 5825 batur
455 5772 781 5841 patriarchae
815 5773 1048 5838 crimen,
1087 5788 1194 5827 non
1242 5772 1361 5827 sine
1394 5775 1548 5844 gravi
1597 5774 1718 5843 ejus
1755 5775 1840 5830 in-

271 5860 465 5928 famia;
503 5879 611 5934 qua
644 5864 735 5919 ille
781 5864 984 5919 acriter
1014 5874 1325 5921 commotus
1363 5879 1466 5919 nec
1493 5866 1841 5935 imperatoris

272 5959 675 6016 excusationem
734 5958 1092 6027 admittebat,
1126 5967 1377 6016 coactum
1424 5973 1483 6016 se
1523 5959 1720 6017 aientis
1766 5961 1830 6016 ad

1919 3354 2004 3408 sui
2061 3353 2345 3407 veritatem
2400 3348 2597 3402 debere
2633 3346 2848 3401 sancire
2881 3342 3193 3412 puniendo.
3233 3347 3285 3392 ut
3323 3351 3500 3391 mere-

1920 3446 2106 3511 batur,
2135 3443 2228 3499 illo
2250 3444 2342 3512 qui
2369 3451 2576 3495 temere
2601 3454 2812 3510 prtmus
2835 3434 3119 3492 eﬁ‘utiisset
3145 3433 3197 3486 id
3226 3430 3370 3500 quod
3397 3429 3497 3498 ipsi

1921 3535 2057 3589 nihil
2090 3534 2236 3589 aliud
2259 3548 2422 3602 quam
2470 3540 2626 3585 atrox
2659 3528 3124 3596 falsissimumque
3148 3521 3498 3578 maledictum

1920 3644 2041 3685 esse
2094 3627 2424 3697 iudicarent.
2485 3625 2563 3678 Ac
2608 3623 2756 3692 juste
2785 3621 3007 3692 quidem
3044 3616 3376 3674 commoveri
3410 3629 3505 3683 pn-

1924 3721 2224 3776 triarcham
2284 3727 2339 3774 et
2391 3734 2505 3774 suae
2574 3716 2775 3771 laruaut
2831 3712 3158 3767 innocentiae
3227 3708 3504 3778 suliragiis

1925 3815 2119 3886 synodi
2152 3813 2386 3869 stabiliri
2417 3810 2556 3866 velle
2587 3823 2696 3864 non
2728 3807 3002 3862 immerito
3040 3804 3348 3861 fatebantur
3376 3818 3503 3872 pas-

1924 3909 2025 3965 sim
2072 3923 2318 3964 omnes:
2352 3904 2646 3968 damnari,
2710 3912 2871 3972 prout
2922 3900 3163 3970 petebat,
3218 3898 3504 3967 ptrniSque

1926 4000 2123 4070 subjici
2148 3998 2385 4069 primum
2406 3996 2846 4053 denuntiatorem
2876 3990 2999 4047 falsi
3029 3991 3155 4045 licet
3177 3990 3293 4058 ejus
3322 3987 3509 4042 erimi-

1926 4094 2032 4159 nis,
2064 4090 2487 4162 haudquaquam
2520 4100 2714 4143 omnes
2749 4084 2867 4155 pari
2904 4097 3172 4139 consensu
3211 4079 3508 4134 censebant

1925 4201 2165 4258 aequum.
2194 4184 2365 4241 Erant
2395 4182 2541 4238 enim
2575 4181 2668 4250 qui
2694 4194 2844 4234 reum
2870 4177 3028 4231 venia
3061 4172 3502 4259 prosequendum

1928 4277 2346 4342 contenderent,
2379 4273 2638 4345 quoniam
2675 4286 2786 4326 non
2829 4270 2945 4340 ipse
2969 4284 2998 4322 a
3025 4277 3365 4334 setanquam
3401 4264 3508 4317 sibi

1927 4378 2269 4441 compertum
2335 4366 2660 4438 patriarchae
2724 4362 2984 4418 delictum
3059 4360 3270 4430 primus
3319 4365 3509 4411 auctor

1928 4467 2254 4529 detulisset,
2315 4478 2494 4534 neque
2523 4461 2644 4532 ejus
2697 4457 3103 4514 accusationem
3138 4452 3506 4516 instituisset,

1930 4562 2026 4618 sed
2051 4575 2168 4615 rem
2212 4572 2413 4614 arcano
2440 4556 2547 4611 sibi
2580 4554 2852 4624 cognitam
2886 4547 3201 4619 imperatori
3237 4546 3510 4601 credidis-

1927 4664 2032 4718 set,
2073 4653 2176 4708 sub
2207 4651 2296 4706 fidi
2328 4649 2530 4705 silentii
2568 4645 2815 4703 custodia
2853 4642 3166 4708 tenendam,
3198 4651 3256 4694 ut
3288 4640 3506 4709 quidem

1929 4745 2305 4803 existimabat.
2355 4742 2493 4798 Cum
2527 4748 2708 4795 autem
2763 4736 2935 4792 nihilo
2985 4735 3167 4791 secius
3199 4732 3508 4804 patriarcha

1935 4842 2277 4899 incumberet
2334 4837 2388 4891 in
2447 4833 2791 4906 propositum
2854 4829 3132 4903 synodalis
3193 4829 3381 4899 iudicii
3418 4827 3512 4881 ad-

1932 4950 2124 4993 versus
2153 4932 2561 5004 Sclybriensem
2580 4925 2828 4997 urgendi,
2850 4931 3287 4991 convocaretque
3312 4920 3513 4985 saepius

1931 5044 1993 5084 ea
2017 5029 2084 5084 de
2109 5039 2276 5083 causa
2297 5021 2568 5095 synodum
2591 5026 2646 5074 et
2674 5014 2996 5072 nominatim
3020 5014 3305 5087 episcopos
3326 5026 3514 5067 accer-

1933 5129 2100 5185 seret,
2133 5118 2330 5173 borum
2369 5112 2539 5185 aliqui
2575 5106 2997 5176 conveniebant,
3031 5113 3419 5176 promptosque
3453 5120 3513 5160 se

1936 5210 2249 5285 prmhebant
2275 5209 2338 5262 ad
2368 5202 2725 5275 iudicandum
2749 5197 3338 5265 condemnandumque
3362 5195 3515 5250 Hila-

1936 5307 2168 5365 l'iOttrm,
2188 5299 2333 5366 quod
2357 5306 2547 5351 contra
2566 5309 2727 5366 quam
2750 5290 3161 5348 convenieusac
3178 5290 3378 5344 decens
3400 5286 3516 5339 fua-

1934 5406 2040 5460 rat,
2099 5393 2256 5465 34],
2308 5392 2432 5446 talia
2485 5386 2801 5458 imperatori
2852 5383 3085 5438 dixisset
3142 5398 3156 5436 :
3216 5378 3308 5433 alii
3363 5378 3513 5430 fictis

1936 5488 2295 5563 pra-textihtts
2329 5497 2613 5539 accessum
2657 5481 2722 5534 ad
2755 5477 3023 5549 synodum
3059 5473 3421 5535 excusabant,
3446 5485 3514 5524 eo

1939 5585 2058 5654 ipso
2099 5576 2438 5651 Selybriensi
2489 5574 2755 5630 addentes
2791 5570 3033 5624 animum
3069 5579 3332 5636 spemque
3365 5563 3516 5632 judi-

1939 5675 2011 5731 cii
2045 5671 2355 5728 declinandi
2388 5668 2671 5722 facientes.
2696 5661 2851 5730 Quod
2885 5662 2973 5715 isti
3003 5673 3125 5713 cum
3153 5658 3356 5727 saepius
3391 5671 3517 5726 age-

1942 5773 2085 5833 rent,
2149 5764 2309 5821 facile
2361 5759 2774 5830 intelligendum
2822 5770 2928 5809 non
2995 5751 3265 5821 imperitis
3327 5766 3515 5806 rerum

1943 5862 2149 5919 dabant
2197 5857 2383 5913 ulcisci
2435 5869 2531 5908 eos
2594 5851 2648 5904 in
2691 5848 2795 5902 hoc
2830 5843 3109 5916 proprium
3160 5841 3431 5907 dolorem,
3462 5852 3518 5897 et

1943 5955 2283 6016 occasionem
2327 5948 2573 6016 arripere
2639 5939 2879 5998 vicissim
2935 5950 3078 6006 πετο
3120 5934 3358 5994 faciendi
3418 5950 3520 6008 pa-
