3860 6546
120 482 215 539 377

947 480 1538 542 DEANDHONICO
1574 479 2035 539 PALl‘EOLOGO
2080 480 2229 542 LIB.
2283 481 2377 538 IV.

3233 477 3339 539 378

118 596 173 657 ἃς
202 589 489 643 διέστειλαν
520 590 583 642 τά
636 589 786 660 χείλη
839 610 940 659 μου
970 596 1026 643 ὲν
1071 594 1137 662 τῇ
1175 591 1349 659 θλίψει
1377 608 1498 659 μου.
1534 592 1684 657 Παρ-
1711 591 1759 648 Δ
1785 591 1845 642 οὐ
1879 594 2156 660 παρεῖχεν.
2191 589 2436 657 Ἡμέρας
2484 588 2594 660 γὰρ
2626 592 2859 662 ἑκάστης
2909 590 3232 662 ἠγγέλλοντο
3284 590 3354 644 τά

120 679 355 746 αετοῦμαι
401 681 509 748 γάρ
553 680 645 731 τὸν
699 681 1093 749 πατριαρχικδν
1129 681 1353 750 θρόνον·
1393 681 1467 742 ὡς
1518 679 1581 732 ἂν
1621 679 1677 732 δὲ

120 773 199 824 καὶ
228 770 297 840 μὴ
324 771 599 839 πρόφασις
644 774 724 834 εἰς
771 774 829 823 τὸ
871 773 994 840 ἑξῆς
1029 773 1167 838 δόξω
1220 771 1544 831 σκανδάλου,
1578 773 1676 823 σὺν

120 864 250 933 αὐτῷ
281 866 372 915 καὶ
403 863 501 932 τὴν
531 863 671 932 ἐμὴν
699 864 1070 933 παραιτοῦμαι
1099 865 1421 933 ἱερωσύνην,
1450 864 1677 931 τοκμέγα

118 954 265 1014 οντως
295 954 416 1020 ἐμοὶ
447 953 638 1021 χρῆμα
687 953 902 1006 καὶτοῦ
942 954 1143 1017 παντὸς
1178 954 1453 1019 ἀντάξιον.
1492 953 1679 1005 Ταῦτα

118 1047 287 1111 τίθημι
331 1042 588 1111 γνώριμα
638 1046 702 1113 τῇ
746 1046 811 1096 ὲκ
840 1044 974 1097 Θεοῦ
1028 1045 1278 1115 βασιλείᾳ
1324 1062 1414 1098 σου
1444 1044 1677 1105 καὶτοῖς

120 1138 381 1196 δεσπὸταις
412 1151 518 1202 μου
548 1138 659 1196 τοίς
688 1136 1004 1205 ἀρχιερεῦσι
1036 1135 1277 1205 Χριστοῦ
1296 1136 1383 1188 διὰ
1411 1137 1503 1205 τῆς
1533 1151 1678 1201 παρ-

123 1228 362 1292 αιτήσεως
408 1226 613 1293 ταύτης
638 1266 651 1285 ,
677 1223 742 1278 δι’
768 1222 836 1298 ἧς
875 1231 967 1279 καὶ
998 1226 1207 1279 τελείαν
1264 1226 1412 1294 νέμω
1464 1223 1679 1293 συγχώ-

126 1334 259 1386 ρησιν
288 1321 395 1379 τοῖς
425 1334 485 1368 τε
511 1317 768 1385 ὑϐρίσασι
792 1322 900 1380 τοῖς
930 1335 987 1370 τε
1012 1320 1091 1381 εἰς
1120 1316 1273 1369 τοῦτο
1309 1316 1679 1386 συνεργήσασι

122 1410 322 1470 ’καὶτοῖς
343 1410 670 1478 προαχθείσι
691 1409 899 1472 τούτοις
930 1409 1241 1474 πιστεῦσαι,
1273 1408 1367 1461 καὶ
1392 1408 1546 1468 ὶλεως
1579 1409 1681 1459 αι)-

128 1503 218 1561 τοῖς
236 1500 315 1567 εἴη
338 1500 425 1551 διὰ
447 1500 542 1551 τοῦ
553 1518 609 1552 το
636 1500 786 1562 Θεός.
804 1502 905 1553 “Av
923 1500 977 1553 δέ
1000 1518 1049 1553 τι
1081 1500 1258 1570 συμϐῇ
1279 1502 1358 1560 εἰς
1383 1499 1450 1551 τά
1474 1498 1680 1568 ψυχικά

131 1597 204 1644 καὶ
220 1594 290 1654 είς
310 1595 374 1644 τὰ
395 1594 683 1660 δωματικά
702 1596 779 1655 εἰς
798 1593 894 1661 τὴν
913 1593 1077 1661 ἀγίαν
1096 1592 1187 1645 τοῦ
1205 1592 1339 1645 Θεοῦ
1358 1590 1681 1658 Ἐκκλησίαν

132 1686 235 1753 ﬁsi;
249 1686 332 1734 τὸν
354 1684 482 1735 λαὸν
507 1683 602 1737 τοῦ
625 1684 782 1747 Θεοῦ,
803 1685 980 1743 άθὼός
1000 1687 1115 1754 είμι
1129 1689 1196 1754 τῇ
1220 1684 1408 1753 χάριτι
1436 1681 1528 1736 τοῦ
1551 1682 1633 1749 Χρ
1658 1709 1683 1719 -

134 1775 237 1831 ατοῦ
255 1793 373 1844 μου.
402 1797 419 1827 ι
440 1774 569 1845 Εἶχε
588 1777 687 1829 καὶ
710 1776 1031 1849 ὑπογραφὴν
1050 1777 1224 1847 τήνδε’
1253 1796 1271 1828 t
1311 1775 1560 1843 Ἰωάννης
1587 1789 1682 1840 μο‹

136 1872 268 1935 νηὸς
309 1870 335 1919 ὀ
380 1870 737 1938 χρηματίσας
786 1870 1129 1941 πατριάρχης
1165 1866 1679 1922 Κωνσταντινουπο-

1784 683 1955 745 δεινὰ,
1986 686 2077 735 καὶ
2107 684 2165 735 οὐ
2205 683 2327 736 καθ’
2356 683 2415 737 ἓν
2440 700 2491 736 τι
2523 684 2705 752 μέρος,
2736 684 2870 737 ἀλλά
2898 683 3234 752 πανταχόθεν
3257 681 3354 735 καὶ

1786 777 2034 844 πανταχῆ
2089 776 2408 847 συρρέοντα,
2455 776 2517 827 ού
2562 775 2704 828 κατὰ
2749 776 2851 844 γῆν
2889 775 3072 843 μόνον,
3104 773 3218 827 ἀλλ’
3251 774 3352 841 ἤδη

1786 868 1879 919 καί
1903 869 2043 919 κατὰ
2074 867 2374 922 Θάλασσαν.
2401 869 2674 937 Πρότερον
2703 868 2801 936 μὲν
2833 868 2942 936 γὰρ
2972 867 3225 936 πειραταὶ
3257 883 3356 918 κα-

1785 960 2105 1022 ταλαεόντες
2137 960 2359 1013 Τένεδον
2383 961 2544 1028 νῆσον
2577 960 2652 1020 ὡς
2688 961 2825 1013 ίηδίαν
2856 957 3024 1029 εἶχον,
3061 960 3154 1010 καὶ
3182 960 3357 1027 ὁρμη-

1785 1040 2273 1122 τηρίωὲχρῶντο,
2326 1052 2581 1119 κάκεῖθεν
2632 1052 2994 1115 ἀναπλέοντες
3051 1052 3144 1105 καὶ
3204 1048 3351 1102 πόλλ’

1785 1146 1917 1199 ἄττα
1964 1143 2074 1196 τῶν
2124 1143 2312 1195 δεινῶν
2357 1144 2689 1214 πράττοντες
2736 1147 2792 1197 ὲν
2839 1142 3012 1213 ταύτῃ
3064 1143 3157 1195 καὶ
3198 1138 3355 1202 αὖθις

1787 1238 2163 1306 προσὼκελλοι
2208 1238 2662 1304 ὑποστρέφοντες.
2701 1236 2835 1288 Τότε
2886 1235 2932 1288 δ’
2971 1235 3085 1288 ἀλλ’
3134 1233 3356 1286 ἐκείνων

1787 1336 1881 1387 καὶ
1912 1334 2146 1384 ἑκόντων
2178 1332 2313 1384 κατὰ
2339 1331 2503 1401 φόϐον
2535 1328 2977 1395 άπαλλαξάντων,
3003 1329 3063 1381 τὸ
3091 1325 3357 1397 Περσικὸν

1787 1424 1910 1475 ὅσον
1963 1422 2049 1492 [P.
2082 1421 2207 1492 257]
2250 1417 2314 1490 ἦν
2361 1419 2623 1487 ἐνδοτέρω
2682 1418 3179 1485 ναυπηγησάμενον
3238 1415 3358 1474 ταῖς

1790 1513 2067 1567 Κυκλάσιν
2116 1514 2386 1581 ἐπέχραον
2430 1511 2524 1562 καὶ
2578 1509 2761 1570 κακῶς
2801 1508 3037 1569 ἐποίουν,
3070 1506 3160 1557 καὶ
3203 1504 3362 1555 τοῦτο

1792 1604 1892 1672 μὲν
1938 1604 2075 1672 Χίῳ,
2126 1604 2284 1654 τοῦτο
2311 1601 2365 1653 δὲ
2408 1600 2574 1667 Σάμῳ
2603 1600 2698 1651 καὶ
2752 1596 3036 1667 Καρπάθῳ
3067 1594 3159 1647 καὶ
3221 1593 3359 1662 αὐτῇ

1803 1695 1971 1762 Ῥόδρ
2020 1696 2114 1747 καὶ
2159 1693 2380 1754 πολλοῖς
2407 1692 2502 1742 σὺν
2533 1690 2723 1751 αὐταῖς
2758 1690 2973 1756 ἑτέραις
3006 1688 3105 1737 οὐκ
3151 1684 3361 1749 ὀλίγαις

1791 1784 2217 1852 προσϐάλλοντες
2241 1784 2358 1844 ταῖς
2387 1780 2543 1833 ναυσὶ
2564 1780 2659 1839 τὰς
2684 1780 2817 1840 τέως
2849 1774 3215 1846 ἐνῳκισμένας
3243 1789 3364 1841 σχε-

1790 1876 1878 1929 δον
1909 1877 2199 1944 ἀοικήτους
2231 1873 2572 1943 εἰργάζοντο.
2606 1872 2719 1924 Οὐκ
2749 1866 2816 1940 ἦν
2851 1870 2894 1922 δ’
2925 1870 3060 1930 ὅλως
3105 1867 3224 1919 οὐδὲ
3254 1866 3363 1925 τοῖς

135 1959 716 2030 λεως.»Ταῦταγράψας
736 1978 796 2013 τε
814 1963 907 2013 καὶ
926 1960 1248 2030 ὑπογράψας
1264 1961 1356 2014 καὶ⁵
1379 1960 1454 2029 τῷ
1476 1959 1684 2027 βασιλεῖ
1714 1941 1760 2001 Β
1789 1967 1845 2016 ὲν
1883 1969 1947 2035 τῇ
1976 1941 2137 2035 γῇντε
2183 1941 2643 2032 καὶέὴπειρὼταις
2679 1961 2965 2013 ἀναπνέειν
3009 1959 3115 2010 τῶν
3147 1957 3364 2027 μόχθων

136 2054 447 2116 ἀποστείλας,
471 2053 571 2104 καὶ
590 2054 729 2105 αὐτὰ
748 2053 817 2105 τὰ
832 2054 925 2122 τῆς
950 2052 1362 2123 ἀρχιερωσύνης
1385 2054 1675 2117 ἀπαμφία-

140 2146 353 2210 σάμενος,
370 2142 695 2212 ἀιρησύχαζε
713 2147 823 2205 τοῖς
841 2143 1200 2213 ἐγνωσμένοις
1229 2143 1499 2211 ἐμμένων.
1519 2142 1678 2193 Βασι-

141 2236 239 2298 λεὺς
275 2237 325 2287 (Σὲ
358 2235 658 2302 δεξάμενος
691 2236 789 2306 τὴν
821 2238 1150 2305 παραίτησιν
1184 2236 1293 2288 οὐδ’
1328 2233 1521 2303 ἤθελεν
1547 2234 1677 2284 ἁνα-

144 2328 362 2381 ττύσσειν
393 2329 453 2393 ἐξ
483 2327 796 2393 εὐλαϐείας,
831 2328 966 2383 ἀλλὰ
1009 2332 1143 2398 πυρὶ
1171 2328 1390 2391 διδόναι,
1426 2327 1547 2378 ἐπεὶ
1579 2325 1678 2378 καὶ

142 2423 293 2474 ἄλλοτε
326 2420 474 2475 ταῦτ’
505 2422 796 2491 ἔπραττεν.
839 2421 994 2473 Ἐπεὶ
1038 2420 1082 2473 δ’
1114 2417 1550 2487 ἀναγνωσθέντος
1588 2416 1681 2469 τὸν

143 2510 666 2584 πατριάρχην’ἤκουε
713 2513 939 2581 λέγοντα
974 2512 1047 2576 ὡς
1091 2512 1300 2583 ὀμᾶσοι,
1334 2513 1389 2564 ὲν
1438 2508 1682 2579 φροντίδι

144 2604 343 2676 μεγίστῃ
369 2601 458 2675 ἦν,
492 2609 589 2659 καὶ
620 2606 648 2659 ὃ
674 2623 728 2659 τι
755 2606 882 2676 περὶ
933 2605 1137 2659 τούτων
1169 2606 1443 2674 ἀρχιερεῖς
1474 2602 1686 2669 ἀποφή-

144 2712 294 2750 ναιντο
338 2696 640 2750 διεσκόπει.
691 2697 764 2749 Τὸ
808 2697 905 2766 μὲν
950 2696 1044 2749 οὖν
1098 2696 1214 2765 ἅμα
1262 2693 1535 2747 δεικνύναι
1589 2693 1685 2745 καὶ

144 2789 381 2852 ίξετάζειν
426 2790 647 2860 ἐφιέναι
677 2791 745 2845 τὰ
790 2789 1071 2859 ἐσεστῶτα
1106 2791 1172 2859 τῇ
1236 2787 1499 2858 Ῥωμαῖδι
1538 2786 1683 2839 κακά

144 2968 247 3033 quid
280 2983 341 3021 ex
367 2983 430 3023 ea
483 2967 782 3037 perniciem
814 2966 1058 3022 inferens
1089 2968 1380 3023 animabus
1420 2974 1514 3019 aut
1563 2979 1690 3018 cor-

148 3060 341 3129 poribus
394 3060 456 3115 in
525 3059 826 3115 Ecclesiam
889 3058 980 3114 Dei
1030 3072 1275 3114 sanctam
1328 3067 1425 3113 aut
1477 3058 1530 3112 in
1592 3057 1685 3112 Dei

149 3154 372 3222 papulum
422 3153 652 3209 evenire
700 3153 1002 3222 contingat,
1056 3152 1323 3208 innocens
1377 3151 1536 3220 hujus
1590 3164 1690 3220 ego

149 3262 227 3313 per
253 3244 448 3301 Christi
483 3247 590 3302 mei
620 3246 847 3317 gratiam
903 3262 1047 3301 sum.
1093 3266 1112 3299 ι
1147 3245 1426 3301 Hactenus
1472 3244 1692 3300 abdica-

150 3340 242 3404 tio;
273 3355 384 3410 quae
418 3348 479 3395 et
509 3340 706 3395 habuit
733 3341 1192 3410 subscriptionem
1229 3340 1389 3393 talem
1418 3354 1432 3391 :
1476 3356 1494 3389 ι
1527 3337 1692 3393 Joan-

153 3445 230 3485 nes
254 3431 576 3497 monachus,
631 3431 726 3502 qui
759 3447 907 3487 eram
952 3431 1262 3500 patriarcha
1300 3429 1692 3484 Constantium

154 3522 284 3589 polis.
321 3542 339 3575 ι
370 3522 472 3578 His
502 3520 726 3591 scriptis
750 3530 805 3577 et
834 3521 1165 3591 subscriptis
1198 3532 1363 3591 atque
1397 3519 1461 3575 ad
1520 3520 1690 3588 impe-

157 3621 359 3668 ratorem
398 3612 614 3679 missis,
648 3612 784 3681 ipsis
812 3596 1078 3682 praeterea
1109 3622 1304 3682 sponte
1351 3618 1551 3666 exutus
1592 3623 1693 3679 pa-

157 3704 459 3759 triarchatus
483 3702 809 3774 insignibus,
834 3701 1158 3771 quiescebat
1182 3703 1236 3756 in
1262 3702 1430 3756 semel
1459 3700 1695 3756 decretis

66 3806 71 3809 '
157 3802 399 3862 perstans.
470 3793 631 3865 Hoc,
674 3794 943 3864 scriptum
1007 3792 1301 3863 accipienti
1378 3791 1694 3863 imperatori

158 3888 387 3956 impetum
421 3886 615 3956 injecit
659 3883 851 3955 religio
877 3883 1124 3954 quaedam
1159 3884 1324 3939 animi
1356 3898 1465 3939 non
1496 3883 1697 3937 admit-

158 3979 279 4033 tendi
308 3996 404 4037 nec
453 3979 692 4050 legendi,
738 3978 831 4034 sed
890 3987 1051 4048 prout
1107 3976 1246 4033 alias
1296 3977 1353 4030 in
1412 3992 1472 4032 re
1530 3975 1696 4032 simili

158 4070 348 4138 fecerat,
382 4070 776 4139 inexplicatum
830 4069 942 4141 igni
983 4068 1259 4125 tradendi.
1303 4068 1548 4124 Tandem
1603 4079 1689 4122 ta-

159 4178 259 4217 men
287 4164 348 4217 ad
380 4164 434 4220 id
470 4163 800 4219 audiendum
830 4162 960 4218 dum
991 4164 1264 4233 legeretur
1294 4162 1575 4231 inductus,
1606 4160 1696 4215 ubi

161 4253 338 4309 audivit
365 4254 642 4311 dicentem
674 4254 1047 4325 patriarcham
1076 4270 1134 4309 se
1175 4235 1416 4322 iurasse,
1454 4254 1509 4308 iu
1544 4255 1699 4308 solli.

161 4344 374 4401 citudine
418 4345 523 4401 fuit
555 4346 819 4409 maxima,
865 4356 919 4402 et
966 4346 1044 4401 rei
1074 4345 1344 4415 judicium
1382 4347 1701 4417 permittere

162 4438 422 4493 sententiis
454 4439 833 4508 episcoporum
870 4436 1163 4509 cogitabat.
1202 4437 1307 4492 Sed
1334 4437 1496 4491 simul
1535 4438 1698 4493 etiam

165 4529 452 4584 recurrebat
482 4529 670 4583 animo
700 4527 844 4583 haud
872 4543 993 4583 esse
1024 4544 1168 4585 nunc
1201 4538 1416 4598 tempus
1446 4538 1701 4599 opportu-

1788 2059 1896 2111 οὐδ’
1927 2058 1984 2120 ὲς
2027 2057 2233 2127 βραχύ·
2270 2057 2394 2110 ὅσον
2422 2057 2530 2123 γάρ
2559 2056 2681 2106 ὅσον
2719 2058 2810 2105 καὶ
2852 2055 3008 2120 δίκην
3034 2054 3224 2120 ἀγρίο)
3261 2070 3363 2104 ru-

1790 2152 1904 2220 p’zg,
1932 2149 1998 2201 τὰ
2032 2149 2181 2209 ἐντὸς
2229 2148 2640 2207 κατεϐὁσκοντο,
2686 2146 2778 2198 καὶ
2830 2144 2950 2196 καθ’
3001 2146 3211 2214 ἡμέραν
3249 2161 3365 2197 νεαι

1788 2243 1907 2296 δόαι
1942 2242 2267 2311 ἠγγέλλοντο
2294 2240 2387 2292 καὶ
2420 2239 2644 2309 βασιλέα
2672 2239 2804 2307 προς
2832 2238 3029 2300 ἑαυτὰς
3053 2237 3358 2298 ἀντέσπων,

1789 2335 1883 2387 καὶ
1931 2333 2137 2396 ἀτελεῖς
2192 2333 2556 2403 μετήλλαττον
2614 2331 2711 2395 τάς
2755 2331 3041 2399 φροντίδας
3088 2329 3365 2398 φροντίδες

1789 2426 1994 2497 ἕτεραι.
2020 2428 2092 2479 Τὸ
2128 2427 2228 2496 μὲν
2265 2425 2360 2479 οὖν
2395 2425 2461 2478 τὰ
2499 2424 2590 2477 τοῦ
2627 2425 2965 2492 πατριάρχου
3001 2421 3182 2491 ζητεῖν
3209 2418 3369 2472 αὑτό-

1794 2522 1883 2573 οεν
1913 2518 2171 2589 δυσχερὲς
2200 2515 2291 2588 ἦν,
2328 2519 2420 2571 καὶ
2453 2519 2480 2570 ὀ
2508 2515 2693 2585 καιρὸς
2719 2515 2819 2569 οὐκ
2851 2515 3082 2568 ἐνεδίδου
3111 2531 3123 2544 ι
3149 2514 3285 2576 τέως
3308 2510 3367 2564 δὲ

1795 2614 1986 2680 καιρὸν
2012 2612 2195 2682 ἐζήτει
2230 2611 2322 2661 τὶν
2356 2609 2571 2662 εὔθετον
2600 2609 2693 2662 καὶ
2717 2608 2996 2677 ἁρμόδιον.

1833 2702 1896 2758 λ’.
1931 2704 2065 2771 Περὶ
2103 2702 2223 2756 τῶν
2259 2701 2410 2755 κατὰ
2444 2700 2548 2753 τὸν
2589 2699 3005 2767 Κουξίμπαξιν
3042 2695 3330 2763 Τόχαρον.

1885 2794 2162 2848 Ἐντεῦθεν
2203 2794 2297 2846 καὶ
2335 2792 2440 2846 τῶν
2470 2794 2611 2845 κατὰ
2640 2792 2810 2862 θύρας
2838 2794 2930 2844 καὶ
2969 2789 3248 2858 λγγυτέρω
3274 2782 3369 2839 ἐπὶ

1797 2986 2113 3039 quanquam
2143 2970 2194 3024 hi
2230 2970 2471 3023 latrones
2500 2968 2696 3022 deinde
2720 2967 2877 3022 veriti
2904 2981 2971 3021 ne
3003 2982 3109 3020 non
3139 2965 3276 3021 satis
3297 2962 3369 3017 ad

1797 3074 2107 3119 extremum
2153 3073 2266 3117 tuta
2312 3062 2447 3132 ipsis
2496 3077 2560 3116 ea
2610 3062 2772 3117 statio
2805 3062 2965 3123 foret,
3006 3060 3130 3114 inde
3173 3064 3372 3128 sponte
3412 3076 3417 3083 ί

1804 3163 2170 3221 recesserant,
2207 3163 2389 3210 tamen
2437 3155 2523 3211 his
2575 3155 2736 3209 modo
2785 3162 3134 3211 successerat
3165 3151 3370 3205 malum

1802 3248 1855 3301 in
1881 3248 2068 3302 eodem
2094 3259 2293 3317 genere
2318 3246 2562 3316 gravius.
2588 3243 2798 3299 Etenim
2827 3253 3090 3312 quantum
3123 3240 3372 3297 Persica-

1796 3354 1920 3394 rum
1962 3339 2243 3408 copiarum
2275 3337 2331 3391 in
2363 3337 2627 3391 interiora
2668 3344 2934 3389 terrarum
2965 3332 3178 3403 imperii
3210 3347 3376 3401 pene-

1793 3439 2052 3496 traverat,
2103 3429 2383 3485 :edificatis
2426 3428 2763 3497 armatisque
2806 3427 3036 3482 navibus
3087 3424 3357 3496 Cyclades

1796 3526 2008 3581 insulas
2046 3526 2409 3579 incursabant
2460 3522 2711 3592 maleque
2746 3520 3058 3584 vexabant;
3099 3528 3154 3574 et
3204 3518 3369 3572 modo

1794 3620 1952 3683 Chio,
1981 3632 2129 3673 mox
2181 3616 2345 3672 Samo
2389 3623 2443 3670 et
2495 3615 2795 3685 Carpatho,
2842 3594 2947 3683 ipsi
3013 3613 3146 3680 quin
3206 3612 3372 3663 etiam

1796 3711 2018 3772 Rhodo,
2072 3708 2369 3778 multisque
2404 3716 2598 3777 praeter
2633 3708 2734 3761 has
2780 3706 2926 3771 aliis,
2957 3720 3083 3759 cum
3136 3703 3371 3757 navibus

1798 3820 1905 3859 non
1936 3802 2132 3873 paucis
2183 3801 2370 3855 infesti
2398 3800 2750 3870 appellentes,
2801 3798 3005 3852 dudum
3058 3798 3372 3866 frequentes

1798 3893 1996 3949 incolis
2043 3891 2251 3946 insulas
2294 3890 2406 3960 jam
2455 3903 2625 3960 prope
2659 3888 2971 3943 deSularant
3001 3895 3055 3941 et
3096 3885 3372 3939 inhabita-

1802 3985 1938 4041 biles
1989 3983 2252 4038 fccerant.
2308 3980 2420 4036 Nec
2469 3995 2600 4036 vero
2660 3978 2879 4034 interim
2932 3992 2962 4031 a
3015 3975 3371 4031 terrestribus

1799 4076 2103 4135 latrociniis
2138 4075 2479 4138 cessabatur,
2518 4084 2610 4129 aut
2633 4073 2858 4129 omnino
2884 4070 3208 4126 miserrimis
3235 4084 3370 4123 con-

1802 4168 2029 4223 tinentis
2080 4167 2273 4223 incolis
2323 4167 2623 4237 quidquam
2679 4164 2763 4218 vel
2815 4162 2998 4218 brevis
3049 4159 3375 4229 interspira-

1804 4260 1973 4317 menti
2001 4260 2246 4314 laborum
2271 4267 2325 4312 et
2356 4267 2625 4311 terrorum
2652 4254 2914 4310 atrocium
2946 4252 3370 4308 concedebatur.

1803 4349 1907 4406 Sed
1939 4352 2099 4419 plane
2134 4349 2384 4404 intimum
2422 4348 2720 4412 Romaniae,
2764 4347 2910 4399 velut
2940 4345 3076 4399 silva
3106 4350 3370 4408 concepta

1801 4445 2020 4515 penitus
2068 4443 2347 4504 incendio,
2400 4442 2450 4494 vi
2504 4439 2759 4493 flammae.
2791 4437 3053 4493 indomita
3112 4434 3373 4491 continue

1804 4535 2109 4608 grassantis
2175 4533 2601 4596 absumebatur;
2655 4544 2919 4598 novaeque
2976 4536 3109 4598 quot
3176 4525 3373 4580 diebus

167 4634 271 4674 Imm
301 4622 617 4678 ἰίιεὶιοειιιάω
651 4621 728 4677 ιἐἱ
765 4629 948 4686 latim.
985 4621 1147 4676 malis
1179 4621 1419 4691 undique
1464 4621 1699 4691 illsenli-
1725 4625 1779 4686 D
1806 4628 2148 4682 calamitates
2177 4625 2593 4685 nuntiabantur,
2620 4637 2784 4677 curas
2823 4618 3177 4691 imperatoris
3208 4617 3274 4672 ad
3314 4631 3374 4671 se

166 4713 250 4770 bus
276 4716 323 4771 in
351 4732 459 4772 rem
486 4714 792 4770 Romanam
819 4714 1224 4785 ingruentibus.
1255 4715 1530 4782 Quqrsum
1558 4715 1705 4770 enim

169 4807 590 4862 communicanda
642 4806 913 4875 episcopis
946 4813 1001 4861 et
1056 4821 1246 4861 eorum
1301 4805 1711 4861 deliberationi-

172 4899 254 4952 bus
279 4899 667 4956 committenda
700 4898 1047 4954 abdicatione
1084 4899 1187 4955 ista
1218 4914 1361 4955 novo
1397 4915 1456 4955 se
1487 4916 1550 4955 ac
1585 4916 1708 4971 per-

173 4992 373 5047 moleste
446 4993 736 5047 intricaret
809 4991 1068 5061 negotio,
1137 5007 1263 5047 cum
1334 4994 1703 5063 undecunque

174 5084 463 5140 obrueretur
496 5084 728 5155 trepidis
779 5082 1026 5153 quotidie
1072 5084 1280 5138 nuntiis
1331 5084 1703 5143 indicantibus

177 5175 442 5248 “non
492 5192 656 5232 unam
706 5176 945 5247 aliquam
976 5177 1186 5248 imperii
1230 5186 1438 5248 partem
1487 5183 1698 5248 gravis-

179 5267 293 5322 sime
318 5269 580 5335 laborare,
610 5269 703 5324 sed
731 5270 995 5338 quantum
1027 5279 1185 5323 terra:
1209 5283 1271 5324 ac
1298 5270 1466 5324 maris
1492 5271 1699 5326 ditione

180 5360 593 5429 amplectebatur,
662 5368 835 5414 totum
891 5374 998 5414 uno
1048 5370 1294 5429 tempore
1345 5362 1543 5430 perire.
1578 5361 1699 5418 Jam

181 5450 299 5503 enim
328 5455 632 5509 continente
666 5450 922 5506 universa
972 5450 1027 5506 in
1077 5452 1312 5521 praedam
1356 5454 1503 5514 data.
1551 5469 1701 5509 mare

184 5528 601 5603 ipsuminfestari
635 5543 935 5599 latrociniis
974 5554 1240 5614 cceperat,
1283 5547 1505 5600 Tenedo
1536 5548 1700 5616 paulo

184 5641 333 5684 antea
368 5633 550 5700 piratis
593 5643 889 5704 occupata,
930 5636 1021 5705 qui
1072 5637 1198 5691 inde
1241 5652 1613 5707 erumpentes,
1650 5649 1705 5694 et

186 5733 238 5774 eo
266 5731 426 5778 tutum
473 5735 747 5798 receptum
784 5727 1066 5791 habentes,
1101 5744 1197 5796 per
1228 5732 1521 5784 continuas
1551 5747 1706 5800 gras-

190 5805 394 5863 sationes
424 5813 553 5867 nihil
582 5828 837 5869 securum
869 5814 961 5868 illo
991 5817 1183 5885 pelago
1225 5818 1613 5885 navigantibus
1654 5829 1707 5874 et

190 5907 279 5951 (me
316 5903 655 5981 undequaquc
707 5906 991 5969 maritima:
1052 5908 1251 5963 accolis
1299 5910 1571 5983 sinebant.
1630 5912 1705 5965 Ac

1810 4721 1877 4775 ab
1903 4718 2051 4773 omni
2085 4718 2189 4771 alio
2236 4716 2453 4786 negotio
2485 4713 2786 4767 trahentes.
2818 4709 2970 4766 Unde
3000 4711 3047 4764 is
3076 4710 3376 4776 cogebatur

1809 4813 2097 4867 inchoatas
2134 4807 2556 4863 deliberationes
2607 4804 2674 4859 de
2719 4803 2881 4856 modo
2920 4798 3195 4856 avertendi
3234 4799 3373 4852 mala

1808 4902 2154 4975 gravissima,
2192 4898 2510 4956 recentibus
2541 4895 2915 4963 urgentiorum
2950 4893 3189 4948 cladium
3212 4901 3375 4959 atque

1807 4996 2186 5051 discriminum
2267 4996 2653 5046 consternatus
2720 4987 2968 5052 nuntiis,
3024 4982 3375 5054 imperfectas
3451 5052 3461 5061 .

1805 5089 2079 5154 omittere,
2140 5086 2238 5140 has
2294 5099 2417 5139 mox
2472 5082 2619 5152 ipsas
2663 5081 2896 5135 infectas
2924 5078 3040 5149 pari
3071 5078 3374 5132 tristiorum

1804 5178 2237 5237 sollicitudinum
2269 5175 2586 5231 avocatione
2608 5173 2924 5229 relicturus.
2959 5171 3060 5225 ilic
3092 5170 3166 5224 illi
3194 5168 3379 5239 deplo-

1801 5270 2111 5325 ratissimus
2148 5262 2464 5338 reipublicae
2490 5273 2669 5320 status
2700 5261 2982 5317 difficilem
3015 5275 3163 5314 nunc
3185 5257 3378 5313 redde—

1802 5363 1894 5417 bat
1952 5361 2361 5433 inquisitionem
2438 5359 2505 5413 de
2564 5357 2731 5412 rebus
2790 5355 3148 5425 patriarchas;
3210 5365 3377 5421 quare

1807 5464 2020 5520 tempus
2060 5450 2110 5505 ei
2138 5462 2323 5519 aptum
2361 5448 2948 5515 accommodatumque
2976 5441 3196 5513 negotio
3227 5456 3376 5511 qure-

1805 5543 2028 5598 rendum
2069 5540 2605 5610 exspectantiumque
2635 5538 2942 5608 judicabat.

2069 5633 2158 5688 50.
2188 5633 2261 5687 De
2288 5631 2438 5687 rebus
2470 5630 2817 5699 Cuximpaa‘is
2857 5626 3107 5682 Tochari.

1880 5724 2042 5800 345
2075 5725 2242 5793 Quale
2273 5724 2495 5778 minime
2527 5731 2659 5777 tunc
2688 5720 2898 5783 aderat,
2939 5716 3159 5788 quando
3185 5713 3377 5783 utique

1812 5836 1935 5875 cum
1967 5820 2204 5873 rnaxitne
2253 5817 2372 5872 sitae
2402 5816 2465 5870 ad
2504 5825 2691 5885 portas
2729 5822 2785 5868 et
2819 5813 2902 5867 his
2942 5811 3233 5865 viciniores
3280 5822 3377 5862 ur-

1815 5915 1907 5969 bes
1938 5930 1996 5970 ac
2035 5922 2188 5968 terra:
2219 5926 2247 5964 a
2290 5906 2599 5963 Nicomedia
2644 5920 2812 5972 usque
2853 5904 2917 5957 ad
2954 5901 3148 5957 fretum
3195 5899 3374 5955 Thra-
