3768 6552
477 472 583 535 3'79

1686 461 2014 524 GEORGII
2043 462 2526 525 marituma:
3588 474 3664 537 ne

476 588 644 641 πλέον
692 584 1051 655 κακουμένων
1096 583 1187 655 (τὰ
1224 583 1268 636 δ’
1294 578 1434 653 ἦσαν
1464 584 1529 636 τὰ
1573 582 1636 636 ἐκ
1684 582 2057 653 Νικομηδείας
2085 595 2130 650 Α
2163 596 2278 632 νοια
2339 581 2569 651 ὤνησεν.
2611 581 2671 637 ’0
2724 580 2824 650 μὲν
2852 579 2959 651 γὰρ
3017 579 3113 643 τὰς
3160 583 3443 652 ἐπιγαμίας
3484 592 3592 661 πρὸς
3624 601 3664 651 τι

480 680 577 732 καὶ
618 678 781 749 μέχρι
833 674 1077 747 πορθμοῦ
1129 675 1454 744 Θρᾳκικοῦ),
1482 675 1604 726 ἐπεὶ
1634 674 1736 726 οὐκ
1770 670 1838 744 ἦν
1866 673 2061 743 μετελα

484 774 597 827 θεῖν
627 772 847 840 πολέμῳ
879 770 979 830 τὰς
1004 769 1180 839 μάχας
1216 772 1311 821 καὶ
1341 768 1417 837 τῷ
1451 768 1670 838 φανερῷ
1696 768 2065 838 προσϐάλλον-

484 882 618 927 τας,
672 863 847 924 ἄλλως
896 860 1038 930 ἔγνω
1094 860 1557 931 μεταχειριεῖσθαι
1620 860 1689 913 τὰ
1742 860 1883 911 κατὰ
1936 859 2063 921 τοὺς

483 956 732 1025 ἐχθρούς.
778 956 887 1008 Καὶ
939 955 1033 1007 τὸν
1077 952 1454 1022 Κουξίμπαξιν
1507 953 1769 1022 Τόχαρον,
1806 951 1864 1015 ὃς
1914 952 2063 1023 Νογᾷ

488 1049 585 1118 μὲν
614 1048 858 1118 ᾠκείωτο
908 1047 1098 1109 πάλαι,
1143 1047 1213 1099 τὰ
1264 1046 1488 1115 Περσῶν
1516 1045 1561 1098 δ’
1610 1043 1764 1096 Eat-:6:
1811 1045 1906 1098 καὶ
1956 1044 2066 1097 τῶν

486 1141 615 1209 περὶ
642 1144 847 1194 ἐκεῖνον
877 1141 1066 1209 μάγων
1085 1142 1157 1193 τὰ
1182 1140 1449 1210 κράτιστα
1474 1134 1564 1209 ἦν,
1594 1137 1821 1208 ὕστερον
1847 1137 1893 1191 δ’
1924 1137 2067 1190 ὲκεί-

485 1250 578 1287 von
611 1234 955 1299 ἀπολωλότος
979 1234 1057 1304 τῷ
1089 1235 1298 1287 ἐκεῖθεν
1327 1233 1445 1303 πλῷ
1476 1234 1610 1304 πρὸς
1634 1235 1760 1296 τοὺς
1790 1231 1911 1286 κατ’
1936 1232 2067 1284 ἀνα-

483 1327 646 1397 τολὴν
678 1329 891 1397 Πέρσας
937 1327 1219 1396 χρώμενος
1247 1327 1346 1379 ὃσα
1380 1326 1598 1393 γυναικὶ
1642 1326 1736 1377 καὶ
1784 1327 1971 1377 παισὶν
2006 1324 2065 1389 ἐξ

485 1418 803 1479 ἁντιπνοῐας
827 1418 1151 1488 περιπίπτει
1173 1419 1287 1481 τοῖς
1308 1418 1447 1471 κατὰ
1470 1415 1568 1489 τὴν
1594 1415 1862 1485 Ποντικὴν
1900 1415 2068 1483 Ἡρά-

485 1510 669 1563 κλειγν
715 1510 1030 1578 Ῥωμαίοις,
1061 1512 1155 1563 καὶ
1193 1509 1417 1580 βασιλέα
1456 1507 1928 1577 ἐπικαλεσάμενος
1955 1506 2065 1558 σώ-

485 1600 638 1664 ζετεςί
667 1616 726 1653 τε
770 1601 863 1653 καὶ⁵
909 1600 976 1655 τὰ
1027 1600 1374 1670 Χριστιανῶν
1430 1601 1668 1670 αἱρεῖται
1718 1597 1814 1650 καὶ
1845 1596 2066 1651 πανοικὶ

487 1693 834 1763 βαπτίζεται,
866 1692 1162 1747 κάντεῦθεν
1192 1693 1436 1765 ᾠκείωτο
1466 1692 1699 1762 βασιλεῖ.
1729 1688 1862 1744 Τότε
1887 1689 2066 1742 τοίνυν

489 1784 746 1847 βασιλεὺς
770 1785 1010 1857 κρυπτόν
1034 1802 1085 1838 τι
1113 1789 1206 1839 καὶ
1233 1784 1450 1838 συνετὸν
1478 1784 1815 1852 πειρώμενος
1843 1781 2065 1845 ἐννοεῖν,

488 1878 740 1948 κηδεύειν
774 1878 960 1934 τοῦτον
992 1880 1083 1932 ἐπὶ
1116 1878 1348 1949 θυγατρὶ
1390 1876 1483 1931 τὸν
1514 1875 1939 1945 Σολυμάμπαξιν
1970 1874 2065 1940 ἑγ-

487 1974 676 2042 χωρεῖ,
714 1971 772 2034 ὃς
809 1970 874 2042 δὴ
923 1970 1016 2026 καὶ
1059 1971 1170 2025 τῶν
1216 1971 1441 2041 πλησίον
1490 1970 1697 2041 ἐχθρῶν
1743 1968 2067 2039 ἡγεμόνευε,

487 2064 581 2117 καὶ
617 2066 754 2135 μετᾶ
787 2062 882 2117 τοῦ
910 2064 971 2117 τὸ
999 2065 1164 2135 κῆδος
1198 2064 1466 2134 προϐῆναι
1496 2065 1590 2117 κει)⁵
1619 2062 1781 2115 αὑτὸν
1814 2061 2063 2131 ἡγεμόνα

420 2144 433 2163 λ
484 2155 595 2207 τῶν
627 2155 765 2209 κατὰ
811 2156 911 2223 τὴν
960 2156 1336 2227 Νικομήδειαν
1374 2156 1626 2226 καθιστᾷ,
1682 2154 1767 2223 ἐφ’
1802 2150 1957 2222 ᾧπερ
2006 2151 2067 2218 ἐξ

485 2250 706 2318 ἀγάπης
727 2247 810 2320 [Ρ.
830 2247 957 2318 238]
990 2250 1083 2303 καὶ
1112 2249 1427 2318 συγγενείας
1458 2236 1640 2317 ὄνησίς
1668 2266 1749 2310 τις
1788 2248 1897 2311 τοῖς
1935 2247 2070 2299 Ῥω-

489 2342 668 2411 μαίων
705 2344 990 2414 πράγμασι
1030 2342 1253 2409 γίνοιτο,
1287 2342 1387 2396 κᾶν
1420 2342 1577 2395 οὐδὲν
1605 2342 1664 2404 ὲς
1687 2339 1847 2394 τόσον
1875 2341 1908 2410 ἡ
1940 2338 2064 2391 ὲπί-

486 2519 626 2574 eiam
665 2521 933 2577 dirimens
986 2521 1400 2575 barbaricarum
1464 2522 1857 2577 incnrsionutn
1904 2523 2066 2578 malis

484 2614 925 2670 intolerabilibus
976 2624 1293 2669 urerentur.
1357 2613 1452 2669 llis
1522 2618 1782 2683 quoniam
1856 2616 2064 2670 mederi

487 2708 628 2763 bello
687 2717 878 2777 aperto
935 2717 989 2761 et
1042 2708 1357 2762 commissis
1407 2723 1564 2777 asquo
1614 2723 1808 2777 campo
1860 2709 2065 2778 pt-teliis

485 2797 630 2850 male
688 2804 913 2865 paratus
960 2810 989 2850 a
1049 2814 1107 2850 re
1158 2797 1381 2852 militari
1440 2798 1693 2866 nequiret
1746 2799 2063 2867 imperator,

485 2891 649 2944 aliam
688 2890 825 2945 inire
865 2892 1006 2944 viam
1055 2892 1246 2943 statuit
1282 2892 1466 2946 hostes
1512 2891 1828 2955 coercendi,
1864 2895 2065 2946 utendo

483 2984 737 3038 videlicet
772 2984 837 3038 ad
868 2983 923 3038 id
964 3000 1128 3053 opera
1175 2984 1537 3054 Cuximpaxis
1567 2984 1823 3040 Tochari.
1864 2983 2068 3039 Fuerat

482 3079 573 3132 hic
609 3077 739 3132 olim
781 3076 946 3148 Nogm
988 3078 1299 3142 familiaris,
1351 3080 1730 3149 superstitioni
1768 3089 1899 3135 tunc
1938 3079 2069 3133 Per-

483 3187 670 3229 sarum
721 3170 996 3237 addictus,
1042 3172 1181 3225 adeo
1223 3182 1282 3226 ut
1332 3173 1475 3226 inter
1510 3173 1784 3242 principes
1832 3174 1943 3227 illic
1976 3190 2066 3228 sa-

2166 675 2447 744 συμφέρον
2478 674 2670 738 ἐποίει,
2703 677 2798 727 καὶ
2825 676 2917 726 ἐπὶ
2968 673 3211 743 βεϐαίαις
3236 678 3348 739 ταῖς
3383 676 3568 735 ἐλπίσιν
3589 687 3665 744 ὥσ.

2169 781 2279 833 μει,
2318 742 2434 832 είγε
2472 766 2613 819 κατὰ
2652 742 2977 833 συγγένειαν
3019 764 3437 831 συνεγγίζοντες,
3475 742 3665 833 ταυτὸλδ

2166 858 2322 910 τοῦτο
2352 860 2445 910 καὶ
2468 862 2605 921 ’τοῖς
2634 859 2841 922 τόποις,
2871 860 2900 911 ὁ
2929 857 3028 927 μὲν
3062 857 3270 926 βασιλεῖ
3309 859 3547 916 δουλεύων
3573 885 3666 936 προ.

2165 953 2340 1003 νοοῖτο
2379 950 2687 1020 Ῥωμαίων,
2728 954 2756 1004 ό
2785 951 2841 1003 δὲ
2884 951 2944 1002 τὸ
2983 949 3147 1017 κῆδος
3180 951 3269 1001 καὶ
3312 951 3404 1012 τὰς
3448 958 3667 1026 συνθεσίας

2164 1040 2478 1111 αἰδούμενος
2519 1044 2876 1097 ὰνακόπτοιτο
2903 1043 3005 1104 τὰς
3033 1040 3227 1111 ὁρμάς.
3259 1043 3321 1094 0i
3346 1044 3417 1104 δὲ,
3448 1047 3472 1097 ό
3503 1049 3585 1114 μὲν
3610 1056 3667 1116 εἰς

2166 1116 2391 1205 εἰρήνην
2443 1138 2676 1203 ὲνὰγων,
2707 1139 2736 1190 ό
2784 1136 2839 1189 δὲ
2904 1135 3286 1205 σπενδόμενος,
3342 1138 3478 1204 ὅμως
3522 1143 3571 1194 τὸ
3593 1147 3668 1197 τῶν

2167 1228 2505 1297 προσχώρων
2541 1229 2821 1299 συμφέρον
2868 1229 2968 1282 οὐκ
3000 1229 3216 1300 ἧνυτον.
3250 1229 3457 1284 Μᾶλλον
3498 1234 3578 1298 μὲν
3607 1234 3668 1291 ait

2166 1320 2253 1373 διὰ
2280 1320 2453 1374 ταῦτα
2486 1323 2668 1376 αἰτίαν
2701 1323 2793 1378 καὶ
2823 1322 3124 1392 ἀμφότεροι
3155 1322 3533 1391 ἀπηνέγκαντο,
3560 1330 3670 1396 ὁμὲν

2174 1416 2669 1483 παρασπονδήσεως
2717 1416 2815 1485 τῆς
2866 1415 3005 1486 πρὸς
3052 1413 3297 1485 βασιλέα,
3326 1415 3353 1467 6
3387 1415 3439 1468 δὲ
3482 1397 3680 1484 δυσνοίας.

2166 1507 2264 1573 τῆς
2307 1508 2444 1577 πρὸς
2493 1507 2819 1578 Ῥωμαίους.
2878 1507 3236 1578 Περιέρχεται
3265 1507 3367 1578 γὰρ
3417 1508 3602 1563 ἄλλοθεν
3629 1516 3669 1566 τὸ

2168 1598 2337 1651 κακόν
2358 1613 2373 1628 ·
2410 1599 2469 1652 τὸ
2500 1599 2544 1652 δ’
2589 1596 2657 1671 ἦν
2687 1599 2747 1653 τὸ
2780 1602 2843 1653 ὲκ
2881 1598 2975 1652 τοῦ
3034 1598 3296 1669 Ἀμούρη,
3329 1598 3477 1652 ἄλλον
3504 1602 3669 1672 Περςῶι.

2171 1691 2499 1761 στρατηγοῦ,
2532 1691 2590 1756 ὃς
2638 1692 2734 1746 καὶ
2781 1692 3066 1746 καταθέων
3115 1690 3432 1753 Μεσοοινίας
3476 1695 3669 1761 συχνάκις

2167 1782 2269 1853 τὴν
2321 1784 2714 1855 Σολυμάμπαξι
2771 1785 2934 1856 χάριν
2968 1786 3043 1847 ὡς
3076 1783 3230 1838 οὐδὲν
3289 1783 3494 1836 όνοῦσαν
3533 1786 3666 1856 ἀπήει-

2172 1874 2355 1927 6λυνε.
2399 1877 2471 1930 Τὸ
2500 1876 2608 1947 γὰρ
2660 1877 2801 1929 κατὰ
2832 1876 3123 1937 συστάσεις
3170 1873 3267 1927 καὶ
3318 1874 3452 1937 ἰδίως
3482 1875 3580 1927 καθ’
3606 1879 3671 1929 ἕλεα

2173 1969 2444 2040 μάχεσθαι
2494 1974 2557 2025 ἐκ
2611 1971 2705 2024 τοῦ
2738 1971 2811 2041 μὴ
2855 1971 2950 2025 ἕνα
3000 1967 3140 2026 εἶναι
3189 1971 3281 2025 τὸν
3321 1972 3602 2043 κυριεύοντα
3625 1970 3671 2043 ἦν

2172 2063 2411 2128 πάντως.
2459 2066 2597 2135 Παρ*
2628 2067 2695 2136 ἣν
2734 2064 2914 2119 αἰτίαν
2964 2068 3057 2118 καὶ
3109 2066 3372 2136 δυσχερὴς
3404 2066 3472 2136 τῷ
3520 2067 3674 2134 βασιὶεὶ

2172 2158 2268 2211 καὶ
2301 2157 2485 2227 σχεδδν
2508 2158 2769 2220 ἀδύνατος
2796 2160 2828 2229 ὴ
2857 2159 2969 2211 τῶν
2991 2158 3484 2227 ὲπισυμδαινόντων
3508 2160 3671 2228 διόρθω-

2175 2265 2259 2309 σις
2299 2249 2601 2319 ἐνομίζετο,
2634 2250 2725 2303 τοῦ
2756 2252 2855 2321 μὲν
2884 2251 3053 2314 ἐνθεν,
3094 2250 3188 2303 τοῦ
3220 2250 3264 2303 δ’
3302 2250 3493 2303 ἐκεῖθεν
3514 2251 3673 2320 ὁρμών-

2170 2356 2300 2403 των,
2335 2342 2428 2395 καὶ
2464 2342 2603 2395 κατὰ
2632 2342 2856 2413 γνώμας
2892 2341 3281 2413 διαφερόντων,
3310 2342 3397 2394 καὶ
3424 2340 3535 2393 λαὸν
3559 2343 3675 2409 ἀγόν-

2172 2516 2365 2573 nullus
2401 2516 2453 2570 in
2500 2517 2894 2587 rempublicam
2926 2517 3137 2572 exstitit
3186 2515 3412 2572 fructus.
3444 2516 3540 2572 Etsi
3567 2519 3672 2571 enim

2173 2608 2616 2679 Solymampaxis
2666 2609 3017 2664 matrimonio
3071 2610 3176 2664 sibi
3224 2610 3464 2679 privatim
3507 2610 3598 2663 utili
3629 2612 3674 2662 li-

2172 2703 2362 2757 benter
2422 2704 2559 2756 inito
2618 2702 2760 2757 haud
2821 2702 3101 2757 invidebat
3161 2702 3295 2771 quin
3353 2703 3402 2755 in
3460 2702 3671 2758 ltomanns

2176 2810 2398 2864 quoque
2429 2809 2558 2865 pars
2607 2794 3015 2848 coitimoditatis
3046 2794 3231 2863 aliqua
3264 2809 3326 2847 ex
3358 2810 3417 2847 eo
3464 2795 3670 2847 redunda-

2174 2897 2279 2949 ret,
2317 2888 2428 2940 imo
2480 2888 2647 2941 etiam
2699 2887 2842 2941 inter
2904 2886 3095 2941 icenda
3133 2896 3293 2955 pacta
3341 2888 3568 2951 nuptialia
3599 2904 3671 2941 non

2172 2979 2393 3035 dubiam
2431 2994 2580 3047 spem
2619 2977 2820 3033 fecerat
2857 2978 3097 3042 volcndi,
3136 2993 3294 3032 novas
3326 2980 3670 3033 necessitudinis

2172 3073 2483 3139 occasione,
2534 3070 2831 3141 coniuncte
2877 3070 3136 3140 deinceps
3171 3086 3282 3125 non
3342 3070 3501 3125 solum
3542 3072 3674 3123 animo

2172 3166 2266 3218 sed
2310 3164 2474 3219 etiam
2523 3160 2626 3217 loci
2679 3164 3087 3234 propinquitate
3136 3177 3262 3218 cum
3298 3162 3586 3231 Cuximpaxi
3623 3162 3677 3215 vi-

485 3283 706 3321 crorum
761 3281 949 3335 magos
1002 3267 1082 3320 vel
1124 3266 1176 3319 in
1233 3266 1428 3335 primis
1475 3266 1593 3334 ipse
1652 3276 2056 3320 numeraretur.
2091 3275 2137 3335 ο
2172 3273 2320 3320 vere.
2371 3271 2435 3312 ac
2464 3259 2664 3326 pariter
2698 3271 2823 3309 cum
2852 3270 2921 3310 eo
2960 3272 3059 3327 pro
3110 3271 3171 3312 se
3212 3271 3424 3327 quoque
3450 3258 3670 3310 consulert

484 3360 680 3416 Postea
727 3359 873 3429 Nega
909 3361 1205 3422 exstincto,
1248 3375 1421 3413 uxore
1472 3374 1536 3415 ac
1592 3359 1717 3414 filiis
1776 3360 1830 3414 in
1869 3376 2064 3414 navem

484 3454 781 3524 impositis,
820 3454 936 3510 vela
970 3453 1098 3509 inde
1126 3452 1251 3508 fecit
1277 3468 1471 3509 versus
1509 3450 1817 3508 Orientales
1845 3451 2066 3522 Persas,

486 3548 582 3601 sed
612 3555 773 3601 vento
816 3545 1072 3615 repulsus
1112 3541 1304 3598 incidit
1357 3543 1409 3596 in
1463 3558 1658 3595 manus
1695 3541 2067 3599 Romanorum

486 3639 804 3695 Heracleam
852 3638 1129 3692 Ponticam
1164 3635 1566 3697 obtinentium;
1602 3633 1694 3687 ttbi
1723 3648 1830 3687 non
1862 3631 2068 3687 frustra

487 3733 776 3801 implorata
839 3728 1191 3799 imperatoris
1238 3726 1412 3795 gratia
1478 3725 1774 3781 incolumis
1823 3724 2071 3794 liberque

488 3835 741 3880 servatus
792 3836 988 3893 sponte
1028 3822 1403 3876 Christianam
1457 3818 1704 3889 suscepit
1746 3818 2067 3885 religionem

489 3927 545 3970 et
576 3933 697 3972 cum
731 3917 893 3971 domo
923 3915 1179 3969 universa
1210 3911 1525 3981 baptizatus
1556 3921 1660 3975 est,
1705 3924 1771 3964 ex
1799 3922 1910 3978 quo
1933 3908 2070 3961 cha-

491 4025 589 4064 rus
620 4010 962 4077 intimusque
987 4008 1234 4078 Augusto
1264 4004 1432 4074 cmpit
1461 4018 1607 4059 esse.
1640 4001 1740 4057 Cui
1768 4008 1882 4056 tota
1914 4016 2072 4069 saga-

491 4103 663 4158 citate
690 4103 893 4157 mentis
916 4103 1127 4156 intento
1162 4098 1544 4168 disquirendis
1576 4096 1681 4152 viis
1713 4095 2069 4151 levandarum

489 4208 586 4252 aut
616 4195 1035 4250 minuentlarum
1081 4209 1203 4262 quae
1251 4201 1484 4247 cunctos
1518 4189 1633 4247 fere
1664 4190 1769 4245 sibi
1818 4189 2071 4245 subditos

492 4290 869 4358 Opprintcrcnl
906 4286 1171 4350 cladium,
1196 4284 1453 4356 quiddam
1476 4285 1540 4338 atl
1575 4283 1678 4339 hoc
1710 4282 2072 4354 percallidum

490 4398 556 4437 ac
596 4382 825 4435 solerter
876 4378 1250 4449 excogitatum
1312 4381 1427 4432 fore
1470 4378 1645 4431 visum
1696 4385 1803 4441 est,
1850 4375 1927 4430 ιιιί
1974 4374 2077 4428 hoc

491 4478 641 4530 velut
682 4477 845 4528 hamo
897 4476 961 4525 ad
1009 4489 1178 4526 unum
1219 4488 1285 4526 ex
1334 4471 1751 4526 infestatorihus
1792 4468 2075 4522 Rotranim

490 4568 755 4633 Barbaris
785 4576 879 4622 aut
909 4569 961 4620 in
996 4574 1181 4636 partes
1205 4566 1588 4635 attrahendum
1629 4573 1723 4619 aut
1748 4573 1896 4619 certe
1927 4564 2075 4617 miti-

2175 3349 2413 3404 subditis
2468 3348 2842 3419 imperatoris,
2884 3358 2943 3402 ut
2996 3358 3393 3419 quo_tempore
3439 3363 3591 3413 socer,
3631 3362 3671 3400 et

2172 3442 2355 3499 officio
2393 3442 2756 3512 subiectionis
2789 3442 2969 3512 palam
3006 3442 3324 3511 imperatori
3351 3441 3545 3512 jurataa.
3567 3454 3656 3492 com

2175 3534 2360 3589 missis
2395 3535 2463 3589 ab
2492 3550 2555 3589 eo
2590 3534 2696 3591 sibi
2726 3533 2989 3589 Romanis
3018 3533 3352 3604 provideret,
3384 3534 3554 3588 eodem
3579 3532 3675 3599 ipse,

2177 3644 2385 3681 memor
2406 3628 2692 3681 affinitatis
2717 3636 2769 3681 et
2790 3626 3059 3681 reveritus
3092 3626 3495 3680 conventionem
3514 3624 3676 3681 factam,

2177 3720 2497 3789 reprimeret
2539 3720 2773 3788 impr-tus
2824 3717 3194 3772 Barbarorum
3237 3717 3577 3787 deprzedanda:
3611 3715 3671 3767 tle-

2177 3811 2526 3879 solandteque
2582 3811 2861 3864 Romaniae
2914 3809 3545 3872 itutninentintn,—etsi
3585 3806 3679 3863 haec.

2178 3903 2425 3971 inquam,
2457 3903 2902 3975 Solymantpaxis
2939 3909 2994 3957 et
3017 3916 3082 3955 ex
3125 3902 3313 3955 animo
3353 3900 3681 3966 pPOIIIiSlSsCt'l

2175 3997 2317 4051 bona
2368 3997 2472 4053 fide
2525 4007 2781 4067 praestare
2815 3998 3057 4051 voluisse
3098 3998 3254 4050 visus
3305 4004 3419 4059 est,
3464 4004 3611 4048 tamen
3649 3991 3679 4041 is

2175 4107 2471 4145 successus
2505 4089 2625 4150 fuit,
2665 4096 2724 4143 ιιι
2756 4090 2897 4158 apud
2931 4088 3069 4141 nihil
3109 4086 3243 4141 inde
3290 4084 3557 4139 levamenti
3590 4096 3680 4134 sen-

2179 4186 2377 4236 tientes
2414 4181 2691 4238 Romanos
2720 4180 2946 4235 infamia
2986 4190 3219 4248 uterque
3273 4179 3545 4235 laboraret.
3570 4187 3683 4228 socrr

2177 4277 2398 4346 quidem
2435 4274 2734 4343 ftedifragae
2772 4272 3017 4343 perﬁdiae
3049 4286 3177 4342 erga
3221 4270 3684 4338 imperatorerruge-

2177 4385 2276 4423 ner
2317 4376 2498 4422 autem
2553 4368 2677 4422 mali
2715 4378 2880 4437 atque.
2914 4366 3095 4420 infesti
3148 4367 3319 4419 nihilo
3373 4378 3507 4418 nunc
3551 4361 3683 4414 minus

2179 4477 2342 4531 quam
2372 4470 2531 4516 antea
2561 4460 2614 4515 itt
2649 4460 2928 4515 Romanos
2959 4459 3149 4513 animi.
3182 4458 3412 4512 Aliunde
3439 4469 3578 4525 porro
3605 4468 3684 4504 nta-

2178 4548 2293 4603 lutn
2326 4550 2628 4613 oriebatur,
2654 4564 2721 4602 ex
2762 4550 2936 4602 altero
2967 4546 3226 4603 videlicet
3279 4556 3417 4602 duce
3454 4546 3682 4601 Persarum

487 4665 755 4733 gaudnm,
783 4671 838 4715 ut
878 4660 1214 4716 tttoderatins
1250 4660 1488 4716 smviret.
1538 4659 1720 4713 Palam
1750 4658 1917 4725 igitur
1949 4673 1975 4726 ιι

2196 4643 2406 4709 Amnra,
2434 4640 2528 4712 qui
2552 4641 2760 4697 crebris
2788 4650 2921 4695 tunc
2942 4640 3350 4695 incursionibus
3372 4634 3684 4693 Mesothiniatn

493 4758 668 4822 misit,
703 4755 864 4822 cuius
910 4757 1121 4810 scilicet
1162 4753 1241 4809 illi
1275 4755 1351 4810 rei
1379 4754 1520 4809 clam
1556 4764 1747 4807 auctor
1782 4752 1981 4813 fuerat,
2014 4759 2075 4805 ιιι

489 4847 659 4901 tiliam
729 4846 1137 4918 Solytnampaxi
1198 4847 1532 4911 collocaret,
1608 4844 1733 4897 duci
1791 4842 2074 4896 enrcitus

494 4938 864 4995 Barbarnrum
898 4940 1111 4995 vicinia:
1151 4938 1465 4999 insidentis.
1500 4945 1559 4990 ul
1610 4937 1690 4991 sic
1720 4951 1841 4989 eum
1891 4950 2078 4987 neces-

413 5045 421 5054 '
493 5031 739 5087 situdine
764 5034 947 5103 generi
980 5032 1283 5087 obnoxium
1317 5029 1676 5099 Cuximpaxis
1707 5027 1912 5082 habens
1938 5026 2077 5080 deli-

495 5128 640 5182 niret
696 5127 1127 5203 conciliaretque
1192 5122 1450 5193 imperio,
1502 5122 1663 5190 cujus
1717 5122 1833 5189 ipse
1889 5129 2077 5190 partes

495 5228 867 5286 sequeretur;
903 5216 1048 5287 quod
1087 5224 1145 5271 ut
1187 5222 1472 5269 constaret
1514 5209 1879 5276 manifestius,
1925 5227 2071 5263 eunt-

496 5310 624 5366 detn
685 5310 955 5363 affinitate
996 5310 1101 5363 ista
1131 5308 1244 5376 jam
1297 5313 1582 5361 contracta
1620 5319 1872 5359 socerum
1920 5304 2080 5375 Soly-

505 5401 813 5471 mampaxis
851 5399 1170 5470 regionibus
1204 5395 1538 5451 Nicomediae
1585 5394 1920 5450 circumsitis
1966 5396 2082 5450 vice

499 5510 601 5549 sua
651 5493 894 5564 praefer-it
944 5494 1284 5559 imperator,
1326 5504 1555 5559 sperans
1611 5488 2080 5560 Solymampaxim

497 5587 777 5644 charitate
826 5586 1016 5640 uxoris
1052 5600 1115 5639 ac
1160 5583 1334 5639 soceri
1380 5581 1708 5635 verecundia
1746 5589 2083 5651 temperatu-

502 5697 625 5737 rum
653 5698 680 5733 a
715 5681 984 5743 nocendo,
1018 5678 1211 5733 saltem
1250 5685 1355 5730 tam
1384 5675 1766 5739 inclementer,
1792 5691 2085 5728 commen-

500 5771 647 5829 datis
678 5782 785 5825 tam
838 5768 1121 5839 conjuncti
1166 5768 1269 5822 sibi
1307 5766 1467 5822 ducis
1498 5765 1762 5823 custodiae
1794 5763 2082 5817 Romanis.

503 5868 630 5922 lltec
676 5868 957 5935 Augustus
1003 5860 1224 5930 quidem
1280 5859 1580 5931 prudenter
1631 5858 1707 5913 ita
1753 5858 2083 5911 consuluit:

506 5972 768 6017 cancrum
803 5958 964 6014 istius
1017 5955 1180 6028 346
1216 5954 1568 6027 prmitlcntite
1610 5949 1943 6023 perexiguos
1992 5956 2087 6003 aut

2184 4746 2408 4792 vastans
2458 4735 2690 4807 gratiam
2725 4733 3168 4804 Solymampaxis
3199 4742 3255 4787 ut
3301 4735 3366 4787 ad
3403 4731 3522 4786 nihil
3548 4727 3686 4781 utilt-nt

2186 4831 2241 4885 in
2276 4830 2477 4884 animis
2526 4826 2904 4882 Romanorum
2942 4825 3262 4881 hebetabat.
3292 4824 3365 4880 Ea
3397 4823 3573 4893 quippe
3595 4832 3688 4870 cnn-

2185 4923 2321 4977 ditiu
2358 4929 2490 4976 tunc
2524 4934 2707 4977 rerum
2740 4927 2885 4981 erat,
2923 4927 2981 4972 ut
3027 4919 3262 4989 quisque
3292 4918 3480 4973 ducum
3516 4916 3689 4968 istorum

2186 5017 2551 5071 Barbarorum
2612 5013 2853 5082 propriis
2908 5012 3167 5066 instructi
3227 5010 3430 5080 copiis,
3485 5020 3569 5060 nec
3623 4997 3688 5052 ulli

2185 5108 2557 5165 communiter
2596 5104 2869 5174 superiori
2902 5112 3185 5173 parentes,
3225 5118 3321 5157 sua
3359 5099 3458 5156 sibi
3490 5090 3689 5166 privatim

2187 5199 2414 5255 consilia
2442 5197 2730 5261 haberent,
2765 5211 2867 5251 nec
2900 5196 3179 5250 sociorum
3227 5192 3312 5247 vel
3348 5186 3609 5245 auctoritas
3633 5178 3690 5227 vel

2190 5293 2502 5364 exemplum
2536 5289 2837 5361 quidquam
2873 5288 3015 5359 apud
3047 5287 3350 5358 quemlibet
3389 5282 3600 5350 ipsorum
3623 5269 3694 5320 ob-

2189 5390 2392 5443 tineret
2419 5386 2696 5456 ponderis.
2725 5381 2900 5449 Quam
2933 5382 3003 5436 ob
3030 5395 3255 5436 causam
3283 5372 3511 5432 difficilis
3538 5382 3589 5423 ac
3614 5364 3694 5415 fere

2192 5479 2544 5551 insperabilis
2584 5475 2904 5547 imperatori
2950 5472 3288 5529 censebatur
3323 5468 3564 5524 malorum
3601 5466 3695 5552 tunc

2194 5550 2484 5643 imperium
2533 5566 2954 5631 inundantium,
3008 5580 3105 5635 per
3167 5563 3330 5618 istam
3386 5550 3696 5613 conventionis

2196 5679 2320 5719 cum
2354 5663 2538 5732 aliquo
2567 5676 2630 5715 ex
2670 5658 3111 5729 satrapisviam,
3144 5656 3374 5710 curatio.
3408 5649 3577 5715 nliqlle
3606 5649 3695 5693 Cll'"

2199 5774 2297 5812 nec
2329 5753 2717 5822 retnprehendi
2762 5768 2953 5807 omnes
2983 5766 3091 5803 una
3135 5742 3574 5803 couftedcratione
3608 5743 3697 5822 post

2200 5856 2339 5911 sent,
2382 5855 2434 5901 et
2489 5859 2600 5900 uno
2649 5859 2837 5900 eorum
2894 5854 2988 5897 aut
3038 5843 3210 5896 altero
3258 5837 3497 5893 cessante
3528 5826 3601 5882 alii
3640 5816 3697 5869 vel

2200 5944 2364 6000 etiam
2398 5940 2655 5997 licentius
2690 5939 2750 5997 tt
2766 5938 3024 6009 eriusquc
3061 5936 3449 6007 pra-darentur,
3474 5938 3569 5980 uno
3592 5911 3701 5969 νὶἀθ·
