3860 6610
62 508 155 575 381

921 521 1021 580 DE
1061 519 1513 581 ANDRONICO
1549 520 2013 584 PAL/EOLOGO
2056 528 2204 588 LIB.
2252 531 2349 592 IV.

3243 532 3352 597 382

59 643 164 677 τιυν
196 624 432 677 ἑκάστου
469 626 558 678 ἐπὶ
608 628 859 682 τοσοῦτον
892 630 1156 699 ἀγόμενον
1198 634 1281 700 ἐφ’
1314 633 1436 715 ὃνςον
1467 634 1559 685 καὶ
1591 634 1649 682 τὸ
1682 639 1719 690 Α
1754 636 1893 688 xm
1926 638 2157 701 κανόνας
2192 642 2637 713 διερευνώμενος.
2673 644 2795 698 Τὸτ’
2840 644 2925 713 ἐφ’
2961 643 3196 715 ἡμέραις
3218 663 3350 698 συν-

60 715 372 785 κερδαίνειν
410 717 594 786 σφίσιν
634 722 697 772 ὲκ
743 721 835 774 τοῦ
871 723 1128 791 πολεμεῖν
1163 725 1360 783 ἔσοιτο,
1405 708 1453 777 ἐι
1484 725 1538 776 δὲ
1573 723 1659 793 μὴ’

62 808 270 861 θέλοιεν
310 808 575 879 πολεμεῖν
606 811 657 863 oi
706 812 1067 880 προάγοντες,
1105 816 1327 886 ἑτέρους
1384 813 1651 884 ζητοῦντα

62 902 186 962 τοὺς
215 901 468 966 ἄξοντας,
511 895 588 955 ὧν
623 903 717 956 καὶ
769 912 1095 976 μαχομένων
1132 908 1282 961 αὐτοὶ
1315 910 1651 979 κερδαίνοιεν

68 991 453 1062 πολεμοῦντες.
478 993 650 1048 Τοῦτο
678 1012 740 1048 συ
750 995 1026 1065 μϐεϐηκὸς
1049 998 1140 1051 καὶ
1158 998 1232 1068 τῷ
1254 999 1650 1069 Σ)λυμάμπαξι

70 1086 292 1156 ἀχρείαν
322 1087 497 1140 ἐποίει
544 1087 846 1158 Ῥωμαίοις
895 1091 995 1161 τὴν
1024 1092 1121 1161 τῆς
1152 1092 1440 1160 ἀνακωχῆς
1468 1094 1648 1162 χάριν,

73 1178 175 1230 τῶν
204 1177 297 1230 ὑπ’
337 1177 489 1249 αὐτῷ
517 1181 1013 1251 στρατηγουμένων
1043 1184 1180 1248 τέως
1208 1183 1415 1256 ἑτέροις
1448 1187 1655 1240 συνιόν-

75 1284 196 1329 των,
223 1268 319 1319 καὶ
365 1270 434 1321 τὰ
488 1270 631 1325 αὐτὰ
674 1271 988 1342 Ῥωμαίους
1033 1274 1286 1346 δρώντων
1331 1276 1410 1329 ὄπ’
1440 1276 1505 1330 ἂν
1547 1278 1652 1331 κᾶν

80 1362 175 1411 ὑπῖ
212 1361 357 1430 αὐτῷ
407 1363 469 1416 τὸ
516 1366 648 1435 πρὶν
702 1367 1109 1439 ἑστρατήγηντο
1154 1369 1446 1441 ἔπραττον.
1490 1373 1652 1428 Ἀλλὰ

80 1448 139 1500 τὰ
184 1450 435 1503 ἐντεῦθεν
502 1455 888 1524 ὲπισυμὸόιντα
951 1460 1230 1530 εἰρήσεται
1282 1461 1423 1514 κατὰ
1488 1462 1652 1515 τόπον

89 1541 311 1595 suam;

93 1632 173 1683 31'.
206 1636 520 1691 Συγοὸικαί
544 1638 799 1707 σκέψεις
837 1643 967 1708 περὶ
1006 1643 1115 1711 τῆς
1145 1646 1249 1699 τοῦ
1284 1645 1652 1714 πατριάρχου

642 1714 1083 1780 παραιτήσεως.

153 1816 280 1869 Τότε
315 1817 365 1871 δὲ
394 1819 648 1888 βασιλεὺς
679 1823 851 1879 δεινὸν
882 1826 1087 1895 οἰηθεὶς
1115 1828 1163 1879 εί
1196 1829 1287 1882 καὶ
1319 1828 1481 1881 πλέον
1513 1831 1647 1898 ἀφέο

98 1905 219 1970 Sarro
248 1907 333 1981 [P.
361 1911 491 1985 239]
534 1912 627 1966 τοῦ
657 1913 757 1986 τὴν
813 1915 1141 1986 Ἐκκλησίαν
1189 1918 1452 1992 καθιστᾷν
1493 1920 1650 1991 (μηδὲ

1754 730 2044 797 αγομένων
2094 733 2300 803 σχίσμα
2337 738 2571 803 γεγόνει.
2622 737 2730 791 Καὶ
2774 738 2821 790 οἱ
2876 737 2977 808 μὲν
3026 738 3345 811 πατριάρχῃ

1758 820 2147 890 προσκείμενοι
2199 822 2268 875 τὰ
2326 825 2424 894 τῆς
2477 827 2861 894 παραιτήσεως
2911 827 3012 880 οὐκ
3058 825 3345 895 ἐδέχοντο.

1755 911 2010 980 ὑϐρίσθαι
2045 914 2155 985 γὰρ
2196 915 2381 983 ἔλεγον
2421 916 2631 981 τοῦτον,
2665 919 2756 971 καὶ
2797 919 3046 988 ἀνάγκην
3096 913 3238 972 εἶναι
3267 918 3345 990 μὴ

1752 1005 2169 1075 ἐκδικοόμενον,
2206 1009 2711 1082 ὑϐριοπαθήσαντα,
2744 1014 3010 1083 ἐκχωρεῖν
3038 1012 3345 1077 αἱρεῖσθαιο

1754 1096 1799 1149 ὤ
1813 1115 1895 1150 ne
1922 1099 2014 1150 καὶ
2045 1102 2146 1170 τῆς
2182 1102 2422 1165 ἐκδικίας
2457 1104 2597 1156 κατὰ
2633 1104 2834 1175 τρόπον
2866 1104 3151 1174 προὸἀσης
3179 1104 3342 1157 αὐτὸν

1762 1191 1854 1242 καὶ
1888 1186 2045 1254 αὖθις
2076 1194 2376 1261 ἐπανήκειν
2411 1196 2506 1247 καὶ
2536 1197 2634 1266 τὴν
2669 1196 2838 1265 τιμὴν
2869 1195 3167 1265 λαμϐάνειν
3199 1196 3344 1249 ἐτοι-

1758 1300 1858 1350 μον
1890 1284 2161 1350 γίνεσθαι.
2201 1285 2406 1355 ’Όρκον
2444 1287 2499 1338 δὲ
2550 1288 2676 1356 μηδ’
2718 1281 2857 1340 εἶναι
2901 1288 2961 1340 τὸ
2992 1289 3277 1357 παράπαν,
3314 1287 3344 1340 ὃ

1759 1377 1822 1446 δὴ
1858 1378 1949 1431 καὶ
1986 1379 2092 1430 ἀπὸ
2116 1378 2349 1447 θλίψεως
2372 1379 2749 1447 διεῳθὲγξατο,
2772 1379 3014 1451 ταραχὴν
3042 1380 3099 1435 δὲ
3139 1383 3343 1441 μᾶλλον

1755 1469 2039 1540 λογισμῶν
2084 1472 2146 1524 ἐκ
2189 1471 2355 1540 ζήλου
2401 1472 2545 1534 τινὸς
2582 1472 2992 1542 ἀνοιδουμένην,
3027 1473 3088 1538 ἐξ
3120 1473 3340 1527 ὀλίσθου

1756 1560 2126 1629 προαχθεῖσαν
2144 1560 2370 1632 γνώμης
2403 1564 2492 1615 καὶ
2519 1562 2619 1616 οὐκ
2648 1563 2711 1615 ἔκ
2730 1580 2875 1626 τινος
2906 1563 3225 1627 εὐσταθείας
3247 1566 3346 1619 καὶ

1761 1655 2244 1724 μεμεμμνημένου
2294 1655 2494 1707 σκοποῦ
2528 1671 2585 1707 τε
2634 1655 2726 1707 καὶ
2766 1654 3173 1717 καταστάσεως.
3195 1657 3255 1707 Οί
3286 1655 3345 1708 δὲ

1758 1748 2088 1808 ἁπεναντίας
2121 1749 2211 1799 καὶ
2237 1746 2336 1817 τὴν
2359 1749 2689 1817 παραίτησιν
2715 1747 2787 1809 ὠς
2808 1747 3200 1818 λελογισμένην
3222 1748 3343 1800 ἑδέ-

1755 1856 1911 1910 χοντο
1946 1841 2036 1891 καὶ
2062 1840 2153 1891 τὸν
2186 1839 2340 1907 λόγον
2371 1839 2445 1902 ὡς
2488 1841 2650 1909 ὅρκον
2683 1838 2925 1906 ἄφυκτον
2952 1838 3168 1909 ἔκρινον
3194 1857 3208 1872 ⁸
3243 1839 3342 1892 καὶ

1758 1932 1870 2001 γὰρ
1909 1936 2004 1986 καὶ
2036 1934 2197 1986 αὐτὸν
2239 1934 2303 2004 δὴ
2352 1934 2445 1986 ἐπὶ
2477 1936 2540 2001 τῇ
2575 1933 2674 2002 τῆς
2706 1934 3100 2001 παραιτήσεως
3124 1932 3341 1985 ἐκθέσει

99 2002 211 2097 γαρ,
240 2004 326 2055 ἐπ’
371 2004 558 2077 ἀγαθῷ
595 2003 735 2061 εἶναι
785 2012 897 2074 τοῖς
945 2009 1231 2082 Ῥωμαίων
1272 2014 1566 2084 πράγμασι
1596 2016 1658 2068 τὸ
1688 1993 1733 2053 Β
1761 1993 2062 2097 ὁμολογεῖν,
2095 2029 2187 2079 καὶ
2228 1993 2393 2095 εὐνὴν
2425 1993 2561 2094 πρός
2604 1993 2735 2079 ὀξὺν
2765 1993 3052 2095 ὀνομάξειν
3080 1993 3139 2078 Lib
3169 2042 3343 2097 προαο

101 2093 165 2161 μὴ
201 2096 253 2146 ἐν
300 2100 628 2153 καταστάσει
668 2100 769 2167 τὴν
826 2103 1158 2174 Ἐκκλησίαν
1205 2101 1401 2175 εἶναι),
1462 2106 1656 2183 μικρὸν

103 2186 346 2256 ἀφέμενος
376 2190 486 2242 τῶν
536 2189 643 2256 ἔξω
684 2195 981 2263 φροντίδων
1026 2196 1198 2250 ἐδίδου
1234 2198 1330 2251 καὶ
1374 2202 1492 2264 ταῖς
1518 2188 1658 2272 ὑπὲρ

103 2278 193 2346 τῆς
225 2279 531 2353 Ἐκκλησίας
566 2284 884 2355 μερίμναις,
913 2288 1013 2358 ἤδη
1044 2290 1135 2342 καὶ
1162 2290 1324 2345 πάλιν
1350 2292 1655 2363 ἀρχομένης

108 2370 483 2438 κραδαίνεσθαι.
520 2377 633 2429 Καὶ
669 2377 733 2449 δὴ
779 2379 1038 2444 συνόδους
1095 2374 1318 2451 συνῆγε,
1357 2386 1448 2436 καὶ
1495 2385 1656 2453 ἱερῶν

104 2463 290 2533 ἀνδρῶν
338 2466 645 2542 σύνταγμα,
698 2473 822 2525 ὅσον
876 2470 944 2547 ἧν
975 2473 1035 2541 ἐξ
1076 2475 1380 2547 ἀρχιερέων
1408 2479 1503 2532 καὶ
1533 2480 1656 2532 ὅσον

104 2554 158 2605 ὲκ
184 2555 444 2626 κληρικῶν
472 2577 533 2614 τε
583 2563 677 2615 καὶ
710 2565 985 2635 μοναχῶν,
1025 2568 1104 2629 είς
1154 2567 1351 2621 ταυτὸν
1402 2568 1654 2636 καθίστα,

106 2650 185 2700 καί
215 2650 591 2724 ευνὸιημέρευε
620 2654 857 2723 τούτοις,
880 2658 950 2711 τὰ
978 2659 1104 2729 περὶ
1139 2659 1237 2729 τῆς
1270 2666 1655 2732 παραιτήσεως

109 2825 219 2879 licet
245 2826 382 2893 hinc,
411 2830 522 2887 alio
555 2832 684 2888 inde
722 2835 920 2890 aemula
968 2835 1313 2892 incessenter
1356 2840 1659 2909 rapacitate

111 2919 434 2987 initiantibus,
461 2925 698 2980 consilio
731 2943 907 2998 usque
940 2928 1187 2985 discordi
1210 2941 1263 2986 et
1299 2941 1486 3001 parata
1511 2948 1659 2988 sem-

109 3024 191 3076 per
211 3014 475 3069 voluntate
509 3018 789 3072 contraria
828 3019 895 3073 iis
925 3034 1047 3087 quae
1070 3020 1238 3075 duces
1268 3022 1357 3076 alii
1396 3022 1661 3077 decerne—

112 3112 216 3157 rent
246 3108 524 3177 sequendi.
573 3109 809 3166 Militum
854 3123 1061 3176 autem,
1108 3114 1204 3184 qui
1260 3116 1364 3170 sub
1423 3116 1657 3171 istorum

113 3199 362 3255 merebant
389 3204 587 3275 signis,
624 3216 782 3275 parta
811 3221 907 3260 usu
944 3208 1159 3261 licentia
1197 3220 1505 3264 castrorum
1541 3227 1660 3265 mu-

1760 2118 1911 2187 χθὲν,
1947 2118 2343 2187 διεσταλμένην
2379 2121 2487 2180 τοῖς
2514 2118 2679 2171 αὐτοῦ
2715 2118 2937 2188 χείλεσι.
2972 2120 3080 2173 Καὶ
3107 2118 3346 2187 διεφιλο-

1758 2210 1973 2263 νείκουν
2003 2190 2274 2275 ἐντεῦθεν,
2299 2212 2347 2262 οἱ
2394 2212 2492 2279 μὲν
2524 2210 2698 2275 ἔνθεν,
2732 2212 2781 2263 οἱ
2822 2211 2867 2263 δ’
2898 2211 3106 2265 ἐκεῖθεν
3143 2213 3210 2264 τὰ
3241 2208 3343 2279 τῆς

1757 2300 1985 2372 γνώμης
2022 2300 2256 2372 ἔχοντες.
2303 2304 2412 2356 Καὶ
2452 2304 2512 2355 οὐ
2541 2302 2795 2355 τοσοῦτον
2827 2303 2955 2373 περὶ
2985 2301 3085 2371 τῆς
3133 2319 3342 2373 παραι-

1757 2394 1968 2461 τήσεως
2021 2394 2205 2474 σφίσιν
2243 2396 2270 2446 ὸ
2305 2394 2457 2459 λόγος
2491 2390 2558 2461 ἦν
2587 2394 2709 2447 ὅσον
2757 2397 2884 2464 περὶ
2921 2394 3015 2447 τοῦ
3064 2394 3255 2464 ὅρκου,
3289 2394 3340 2446 εί

1759 2487 1936 2550 ἔξεστι
1964 2486 2098 2549 τέως
2128 2487 2453 2557 παριδόντας
2485 2489 2645 2540 αὐτὸν
2684 2488 3015 2555 ἀναγκάζειν
3046 2488 3143 2541 καὶ
3179 2483 3341 2551 αὖθις

1759 2579 2111 2648 πατριάρχην
2143 2580 2243 2648 τὴν
2276 2579 2447 2649 ἀρχὴν
2478 2579 2749 2648 δέχεσθαι.
2778 2579 2887 2631 Καὶ
2911 2580 3024 2640 τοῖς
3060 2578 3162 2648 μὲν
3186 2578 3344 2631 ἀπώ-

1762 2686 1925 2737 μοτον
1962 2669 2099 2733 ὅλως
2132 2670 2308 2724 ἐδόκει
2346 2672 2439 2724 τὸν
2466 2670 2793 2741 ψευδορκίας
2823 2670 3018 2723 ἁλόντα
3063 2670 3340 2741 πατριάρ-

1763 2867 1917 2907 acres
1956 2865 2118 2907 curas
2148 2849 2488 2906 stabiliendae
2531 2849 2679 2919 pacis
2709 2847 2987 2913 Ecclesiae,
3040 2862 3163 2918 qua:
3202 2860 3342 2901 con-

1766 2945 1876 2999 cuti
1929 2958 2123 2997 rursus
2194 2942 2527 3011 incipiebat;
2575 2941 2927 3009 cOngregavit
2981 2939 3243 3009 synodos,
3287 2946 3344 2992 ct

1761 3049 2044 3088 sacrorum
2078 3034 2357 3086 hominum
2387 3042 2715 3087 conventum
2763 3029 3024 3095 instituit,
3072 3038 3341 3100 quantum

1763 3125 1829 3179 ad
1866 3140 2086 3179 manum
2118 3122 2222 3177 fuit
2251 3125 2655 3193 episcoporum,
2687 3130 2953 3191 quantunt
3012 3121 3343 3176 clericorum

1765 3227 1818 3272 et
1846 3218 2265 3278 monachorum.
2292 3217 2345 3270 in
2386 3231 2553 3270 unum
2605 3230 2827 3285 cogens.
2862 3213 2998 3268 Cum
3053 3213 3138 3267 his
3194 3219 3343 3267 totos

115 3295 370 3351 tantlorum
394 3338 409 3361 ,
439 3297 795 3367 cupidissima
830 3302 1139 3370 prasdarum
1164 3302 1401 3358 aviditas
1429 3302 1661 3360 faciebat
1689 3343 1731 3397 ο
1767 3309 1882 3377 ipse
1911 3309 2145 3363 dmabat
2182 3309 2324 3372 dies,
2381 3308 2782 3379 patientissime
2841 3306 3161 3376 disquirens
3210 3303 3343 3374 quid

115 3388 403 3460 3571mm
433 3406 500 3445 eo
520 3400 862 3462 satraparum
880 3409 1039 3462 quem
1069 3393 1357 3464 quiescere
1389 3395 1658 3465 viderent,

117 3482 269 3535 statim
294 3484 355 3536 ad
384 3483 550 3537 alium
583 3499 715 3540 suos
754 3484 821 3538 ad
851 3486 1071 3554 rapinas
1104 3487 1490 3543 immittentem
1516 3501 1664 3545 tran-

119 3577 281 3642 sirenl,
310 3578 484 3630 securi
519 3576 832 3646 disciplinae
865 3578 1148 3644 militaris,
1202 3590 1257 3634 et
1307 3597 1471 3635 unam
1504 3582 1663 3637 unice

120 3676 415 3735 spectantes,
451 3684 575 3738 qua:
607 3671 725 3724 sola
769 3670 882 3726 illis
912 3678 1031 3724 erat
1062 3671 1304 3726 bellandi
1333 3671 1495 3737 ratio,
1524 3672 1662 3726 lucri

123 3759 204 3812 sibi
244 3775 303 3815 ex
335 3772 491 3832 rapto
525 3762 854 3818 conficiendi
902 3763 1373 3820 commoditatem.
1414 3765 1470 3819 ld
1517 3766 1662 3835 quod

124 3861 224 3907 tunc
252 3852 652 3924 Solymampaxi
691 3857 1046 3927 contingens,
1078 3864 1139 3910 ut
1172 3856 1430 3911 nimirum
1463 3856 1664 3914 milites

124 3958 222 3997 eum
261 3947 338 3999 sui
381 3945 748 4002 abstinentem
791 3947 905 4016 jam
968 3963 999 4002 a
1061 3948 1274 4016 rapinis
1334 3948 1662 4004 desererent

126 4037 600 4111 transfugerentque
632 4041 698 4095 ad
731 4042 992 4095 Amuram
1043 4041 1096 4095 in
1130 4039 1399 4095 Romanis
1437 4040 1664 4097 latroci-

127 4141 325 4199 nantem,
376 4135 594 4190 obstitit
646 4135 943 4204 quominus
994 4146 1219 4206 sperato
1261 4151 1326 4190 ex
1374 4142 1494 4205 ejus
1539 4150 1661 4190 cmn

127 4224 401 4297 Curimpaxi
429 4228 696 4282 societate
721 4228 1032 4298 urgentium
1059 4228 1327 4284 malorum
1352 4230 1665 4285 laxamento

128 4318 343 4387 quapiam
384 4319 619 4374 Romani
673 4321 1021 4385 fruerentur,
1073 4321 1340 4377 militibus
1396 4323 1515 4392 ejus
1568 4337 1667 4392 per

129 4414 375 4468 transitum
434 4415 501 4469 ad
546 4414 654 4469 alia
696 4415 895 4470 infesta
950 4416 1233 4470 Romaniae
1273 4425 1455 4470 castra
1503 4416 1664 4471 malis

130 4500 284 4557 iisdem
337 4504 553 4573 imperii
596 4504 844 4562 subditos
880 4521 1028 4561 nunc
1064 4506 1420 4570 vexantibus,
1464 4506 1665 4575 quibus

132 4607 256 4652 antea
290 4600 507 4655 eosdem
560 4600 882 4666 aﬂ‘ecerant,
928 4614 1060 4655 cum.
1104 4599 1347 4654 nondum
1382 4598 1662 4653 conciliati

1762 3402 1921 3471 juxta
1956 3416 2200 3456 canones
2233 3401 2298 3454 de
2332 3400 2660 3469 patriarchae
2702 3398 3045 3454 abdicatione
3096 3407 3344 3453 statuen-

1767 3497 1896 3550 dum
1946 3495 2245 3550 videretur.
2282 3493 2587 3548 Celebratis
2622 3507 2720 3569 per
2751 3493 2870 3547 dies
2910 3492 3120 3561 aliquot
3158 3491 3349 3547 istius-

1768 3588 1916 3643 modi
1973 3589 2362 3651 conventibus,
2391 3588 2566 3642 scindi
2597 3589 2689 3657 qui
2731 3588 3014 3642 coiveraut
3058 3595 3346 3654 coeperunt

1767 3678 1821 3734 in
1846 3681 1981 3735 duas
2017 3681 2362 3749 potissimum
2398 3679 2721 3735 sententias.
2752 3678 2889 3733 Nam
2924 3679 3018 3748 qui
3082 3677 3341 3732 favebant

1766 3773 2116 3844 patriarchae,
2150 3771 2550 3827 abdicationem
2604 3772 2724 3841 ejus
2772 3770 3191 3840 haudquaquam
3246 3769 3347 3823 ad-

1767 3860 2088 3915 mittendam
2121 3861 2514 3931 0pinabautur,
2543 3861 2744 3930 quippe
2776 3875 2938 3928 quam
2981 3859 3227 3915 dicerent
3261 3858 3348 3913 iu-

1765 3953 1878 4007 vito
1902 3960 2200 4015 extortam,
2221 3953 2373 4020 justa
2410 3952 2751 4022 impatientia
2780 3952 3122 4022 gravissima:
3154 3960 3350 4005 contu-

1767 4045 1975 4113 melize;
2008 4045 2166 4114 cujus
2216 4059 2343 4099 cum
2403 4045 2807 4113 reparationem
2837 4043 3005 4115 348
3051 4044 3351 4112 impetrare

1766 4136 1860 4191 diu
1905 4136 2156 4207 flagitans
2187 4135 2543 4205 nequivisset,
2572 4135 2904 4191 necessitate
2950 4135 3178 4189 adactus
3209 4149 3347 4203 qua-

1728 4290 1735 4298 .
1767 4227 1891 4281 dam
1926 4227 1994 4282 ad
2028 4228 2160 4282 illud
2189 4236 2494 4282 extremum
2525 4227 2817 4284 consilium
2849 4242 2957 4282 non
2994 4238 3101 4281 tam
3131 4226 3348 4279 venerit

1765 4337 1929 4391 quam
2001 4321 2053 4375 vi
2111 4332 2297 4376 trusus
2347 4319 2510 4376 fuerit
2579 4320 2963 4375 renuntianda:
3038 4315 3345 4388 dignitatis.

1766 4415 1949 4482 Quare
1985 4430 2092 4469 non
2128 4414 2297 4468 videri
2348 4413 2574 4468 dubium
2612 4413 2745 4484 quin
2799 4420 3023 4482 paratus
3079 4411 3126 4465 is
3157 4410 3227 4465 sit
3277 4408 3345 4462 ad

1767 4508 2149 4563 resumendam
2176 4507 2625 4576 retinendamque
2655 4504 3076 4573 patriarchalem
3112 4511 3351 4573 poteslae

1770 4612 1897 4668 tem,
1929 4601 2111 4664 simul,
2137 4599 2284 4669 quod
2309 4601 2430 4670 jure
2456 4599 2717 4669 postulat,
2759 4599 2907 4669 justa
2934 4596 3352 4657 calumniatoris,

132 4688 522 4762 Solytnampaxis
544 4693 704 4764 signa
730 4700 1108 4762 sequerentur.
1140 4690 1246 4751 Sed
1277 4706 1400 4761 qua?
1422 4689 1662 4745 indidem
1698 4694 1750 4751 υ
1771 4694 2125 4748 damnatione
2161 4703 2425 4764 purgatus
2479 4693 2581 4747 rite
2614 4692 2779 4746 fuerit
2832 4691 3046 4746 macula
3094 4689 3352 4765 criminis,

133 4784 210 4837 alia
248 4785 370 4840 oriri
424 4786 625 4842 deinde
673 4787 815 4842 mala
850 4786 1104 4858 contigit,
1153 4799 1254 4842 suo
1305 4784 1505 4839 iterum
1540 4782 1662 4838 loco

134 4878 414 4936 referentur.

134 4969 199 5024 5|.
228 4970 490 5043 Synodicaz
535 4969 941 5049 deliberationes
967 4970 1112 5024 circa
1149 4971 1473 5041 patriarcha:
1514 4973 1664 5037 abdi:

722 5052 1006 5095 ιάιιοηεηι.

185 5154 414 5212 Caeterum
444 5157 547 5211 hac
580 5155 943 5226 qualicunque
969 5154 1140 5211 rebus
1172 5153 1431 5212 Romanis
1462 5171 1527 5211 ex
1561 5155 1663 5213 fte-

135 5243 464 5303 dereduorum
519 5258 871 5318 satraparum
921 5248 1262 5304 remissionis
1310 5248 1491 5304 oblata
1542 5266 1660 5320 spe,

138 5354 228 5405 quae
252 5358 399 5412 quam
434 5357 576 5398 vana
609 5348 782 5407 esset,
818 5356 918 5396 usu
948 5342 1223 5412 posterius
1246 5343 1543 5413 apparuit;
1582 5343 1666 5399 in-

140 5430 286 5489 ducias
330 5436 642 5507 urgentium
691 5450 950 5491 curarum
1005 5444 1202 5491 nactus
1248 5437 1465 5491 interim
1515 5438 1665 5492 velut

142 5528 357 5590 quasdam
392 5529 715 5600 imperator.
747 5543 914 5597 grave
954 5544 1055 5584 nec
1071 5528 1523 5585 committendum
1561 5530 1664 5585 sibi

142 5618 300 5681 putavit
334 5621 694 5690 supersedere
752 5620 990 5690 amplius
1038 5621 1261 5675 conatui
1310 5621 1665 5676 restituendae

143 5712 509 5779 tranquillitatis
539 5712 837 5776 Ecclesiae,
860 5713 1022 5783 cujus
1057 5713 1359 5784 gliscentes
1389 5707 1660 5783 turbatio-

144 5811 213 5853 nes
238 5801 280 5855 iu
306 5804 622 5875 reipublica:
670 5804 848 5875 ipsius
878 5819 943 5860 ac
996 5814 1175 5861 status
1217 5805 1426 5873 politici
1462 5806 1666 5858 redun-

145 5888 239 5946 dare
260 5896 549 5963 periculum
605 5896 969 5968 intelligebat.
1022 5892 1294 5968 Impendit
1333 5896 1498 5969 igitur
1542 5896 1665 5951 bre-

147 5993 234 6036 rent
269 5985 404 6044 illam
436 6004 469 6047 a
519 5987 987 6047 sollicitudinibus
1040 5989 1251 6060 imperii
1307 5990 1551 6057 requiem
1609 5986 1663 6041 itt

1768 4787 1908 4841 falso
1975 4786 2223 4856 impacti.
2266 4784 2379 4841 Nec
2432 4800 2563 4839 vero
2613 4798 2734 4853 quae
2777 4787 2943 4837 verba
3003 4782 3350 4849 perturbatio.

1766 4880 1868 4952 ipsi
1895 4896 2053 4950 aegrae
2086 4879 2275 4935 dolore
2302 4880 2453 4949 gravi
2484 4876 2683 4933 mentis
2731 4874 3026 4945 expressit,
3079 4890 3178 4944 pro
3212 4891 3347 4935 vera

1760 4973 2123 5044 jurisjurandi
2192 4972 2423 5029 formula
2466 4979 2720 5041 oportere
2781 4968 2976 5037 accipi.
3019 4967 3345 5037 Prolapsum

1767 5065 1822 5119 in
1854 5067 1973 5119 haec
2005 5081 2131 5119 eum
2164 5065 2278 5120 acri
2305 5064 2471 5119 animi
2499 5075 2759 5117 aerumnae
2788 5075 2953 5116 sensu
3007 5060 3354 5125 gravissimae

1765 5160 2048 5215 aestuantis
2101 5172 2349 5227 angore:
2410 5165 2753 5219 norLautem,
2814 5165 2870 5207 ut
2901 5153 2968 5207 ad
3025 5153 3352 5223 religionem,

1761 5252 2060 5321 juramenti
2099 5253 2201 5307 rite
2229 5249 2687 5305 consciscettdam
2730 5264 2869 5319 opus
2923 5247 3125 5314 fuerat,
3168 5246 3354 5305 libero.

1766 5348 1867 5403 sibi
1895 5346 2205 5400 constantis
2234 5344 2449 5398 arbitrii
2474 5343 2705 5412 judicio,
2753 5342 2845 5397 illa
2872 5340 3144 5397 volentem
3170 5340 3353 5395 scisne

1769 5444 1988 5506 temque
2023 5433 2340 5505 protulisse.
2368 5432 2653 5488 Contraria
2680 5432 2762 5487 bis
2789 5439 2906 5486 erat
2933 5430 3096 5486 factio
3126 5429 3354 5485 abdicas

1769 5530 1970 5584 tionem
2003 5537 2059 5582 ut
2103 5540 2274 5582 ratam
2308 5526 2723 5596 legitimamque
2766 5524 3194 5595 acccptantium,
3222 5537 3350 5578 vere

1768 5620 1946 5690 baque
1995 5620 2048 5674 iu
2095 5635 2159 5674 ea
2218 5618 2391 5689 posita
2452 5616 2826 5673 irrevocabilis
2879 5615 3176 5686 juramenti
3233 5614 3347 5678 vim

1767 5724 1977 5769 certam
2016 5714 2262 5768 obtinere
2291 5712 2677 5783 judicantium.
2716 5707 2851 5762 Nam
2878 5717 2932 5763 et
2970 5708 3146 5776 ipsum
3184 5706 3235 5759 id
3265 5703 3350 5759 fa-

1770 5803 1868 5857 teri
1897 5803 1990 5873 qui
2025 5819 2184 5857 suum
2214 5802 2420 5872 optime
2452 5815 2674 5857 sensum
2710 5799 2922 5863 calluit,
2975 5797 3029 5850 in
3054 5798 3171 5867 ipsa
3206 5795 3349 5851 seris

1770 5905 1863 5965 pto
1923 5895 2084 5951 editae
2123 5895 2487 5951 abdicationis
2541 5892 2773 5947 formula
2826 5890 3118 5954 Joannem,
3174 5888 3353 5946 nanti:

1772 5989 1953 6046 nando
1989 5990 2038 6045 id
2070 6000 2254 6044 votum
2285 6004 2313 6043 ιι
2338 6002 2399 6043 se
2441 5984 2551 6041 Deo
2582 5983 2785 6040 factum
2848 5982 2995 6051 quod
3059 5997 3157 6039 sua
3205 5981 3347 6038 labia
