3860 6610
85 393 175 452 33.”;

917 397 1015 458 DE
1063 400 1503 461 ANDliONlCO
1535 401 2000 464 PALIEOLOGO
2048 404 2197 465 LIB.
2234 406 2327 466 ιν.

3203 404 3310 469 336

84 503 253 570 βραχεῖ
278 500 441 590 ῖῡῧτο
482 505 853 576 ἀποκρίνομαι
884 511 1018 580 πρὸς
1047 512 1146 581 τὴν
1174 513 1335 579 ἁγίαν
1384 513 1480 566 καὶ
1513 530 1646 583 κρα-
1673 520 1714 574 Α
1744 515 1979 584 ἀριθμὸν
2007 516 2157 581 ὅντες
2184 519 2279 571 καὶ
2308 517 2551 582 δέξαιντο
2574 518 2668 585 τὴν
2702 518 3035 590 παραίτησίν
3071 537 3173 590 μου
3197 524 3334 578 δῖνοι,

81 591 220 643 tam
274 587 559 658 βασιλείαν
604 610 722 659 σου,
761 597 843 649 ὅτι
890 600 1000 665 ἐγὼ
1050 602 1114 652 ἐκ
1165 602 1376 656 πολλῶν
1407 604 1506 674 ἤδη
1536 604 1647 657 τῶν

82 681 268 749 χρόνων
306 680 522 751 ἐθέμην
549 684 606 736 ὲν
642 687 862 757 ἐμαυτῷ
901 692 1035 758 μήτε
1066 690 1261 760 όμόσαι
1304 692 1430 762 μήθ’
1457 693 1646 763 ἓτερον

80 774 228 842 ἔρκον
256 770 520 842 ζητῆσαι,
567 777 700 845 μηδὲ
730 775 889 847 ὕϐριν
923 780 1180 849 μέμψεως
1220 781 1376 847 ἀξίαν
1410 783 1501 834 τοῦ
1535 785 1653 835 στό-

86 883 235 935 ματος
266 871 650 934 προενεγκεῖν,
704 868 839 924 ἀλλὰ
885 873 1017 941 μηδὲ
1059 891 1164 926 τινι
1210 873 1649 943 καταράσασθαι.

86 962 181 1013 Καὶ
215 960 614 1031 ἐφυλασσόμην
643 962 804 1033 μέχρι
834 965 930 1033 τῆς
955 966 1115 1036 δεῦρο
1149 969 1387 1036 Χριστοῦ
1421 987 1524 1038 μου
1553 969 1653 1038 χά-

89 1068 197 1123 ριτι.
237 1052 380 1121 Πλὴν
417 1047 568 1122 εἶχον
605 1058 684 1118 εἰς
722 1056 1097 1130 πληροφορίαν
1147 1060 1258 1113 τῶν
1313 1061 1487 1129 λόγων
1548 1078 1649 1130 μου

89 1144 168 1197 καὶ
194 1144 542 1213 παράστασιν
588 1147 736 1202 ἁπλᾶ
786 1152 876 1202 καὶ
921 1150 996 1221 μὴ
1030 1150 1355 1220 βλάπτοντα,
1407 1153 1541 1223 μηδὲ
1569 1157 1650 1218 είς

91 1238 227 1304 ὅρκον
254 1237 592 1306 λογιζόμενα
629 1240 821 1303 ταῦτα,
855 1243 921 1296 νά
949 1243 1058 1312 ἔχω
1084 1244 1144 1297 τὸ
1192 1246 1339 1309 ἔλεος
1361 1247 1453 1300 τοῦ
1489 1246 1647 1311 Θεοῦ,

91 1328 145 1382 vi
167 1325 298 1399 ἧμαι
322 1328 519 1394 δοῦλος
548 1330 645 1384 τοῦ
692 1332 851 1399 Θεοῦ,
882 1338 974 1388 καὶ
1001 1338 1067 1391 vi
1112 1338 1370 1393 ἀποθάνω
1397 1341 1453 1393 ὲν
1481 1358 1651 1410 μετα-

92 1421 209 1489 νοίᾳ.
242 1421 401 1472 Ὥστε
439 1422 537 1474 καὶ
570 1424 767 1489 ἐκεῖνο,
800 1424 937 1496 ὅπερ
967 1427 1316 1501 ἐφθεγξάμην
1340 1431 1447 1484 ἀπὸ
1470 1448 1648 1501 παρα-

92 1512 348 1581 λνπήσεως
376 1512 493 1565 τῶν
530 1514 776 1583 ἀδελφῶν
827 1536 953 1587 μου,
982 1520 1080 1589 οὐχ
1106 1519 1181 1584 ὡς
1231 1524 1397 1593 ὅρκον
1437 1522 1648 1591 λογιζό-

101 1620 229 1671 μενος
272 1599 452 1670 εἷπον,
489 1605 604 1659 ἀλλ’
658 1608 846 1672 ἁπλῶς
893 1611 1033 1680 ἔχων
1064 1615 1129 1667 ἐκ
1161 1615 1446 1685 συνηθείας
1484 1615 1644 1669 τοῦτο

1752 602 1811 660 εὖ
1846 608 1911 660 ἂν
1944 608 2079 679 ἔχοι,
2112 610 2268 678 κάγὼ
2293 611 2413 665 τότε
2459 612 2519 664 τὸ
2566 613 2727 681 τυχὸν
2753 612 2852 665 οὐκ
2901 613 3030 682 ἐρῶ,
3071 614 3207 666 ἀλλὰ
3236 616 3335 682 τῆς

1764 700 2091 770 Ἐκκλησίας
2145 704 2506 773 ἐκστήσομαι,
2539 707 2631 756 καὶ
2682 704 2872 772 ὄψεται
2906 704 3108 770 Κύριος
3155 704 3333 773 ἐαυτῷ

1753 791 2011 860 ποιμένα,
2049 794 2253 863 κάμοῦ,
2283 797 2396 861 εῖγε
2430 795 2719 865 βούλοιντο,
2769 796 2885 862 μετ’
2912 796 3089 848 αὐτῶν
3121 796 3337 848 συνδυα-

1753 882 2097 953 σκεψαμένου
2129 886 2256 955 περὶ
2284 886 2374 938 τοῦ
2408 885 2587 939 νεύσει
2635 886 2769 939 Θεοῦ
2801 887 2899 956 τὴν
2930 886 3092 939 αὑτοῦ
3139 886 3335 956 κυϐερ-

1714 978 2004 1044 .νήσοντος
2049 976 2395 1047 Ἐκκλησίαν.
2437 980 2496 1031 Et
2534 979 2578 1032 δ’
2627 979 3004 1047 ἁπολειιρθεῖέν
3036 995 3180 1038 τινες
3224 977 3332 1029 τῶν

1751 1067 2074 1139 ἀρχιερέων,
2121 1070 2249 1140 ἄχρι
2283 1072 2374 1123 καὶ
2407 1070 2571 1139 τριῶν
2603 1070 2766 1137 λέγω,
2809 1069 2883 1140 μὴ
2929 1070 3203 1139 δεχόμενοι
3233 1069 3330 1138 τὴν

1751 1160 1888 1231 ἐμὴν
1919 1162 2269 1231 παραίτησιν,
2306 1163 2429 1232 μηδ’
2449 1163 2523 1226 ὡς
2544 1163 2840 1225 κανονικῶς
2872 1163 3157 1233 προϐάσης
3189 1164 3326 1215 dno-

1748 1252 2051 1323 δεχόμενοι,
2086 1254 2241 1322 κάγὼ
2274 1253 2393 1324 μετ’
2417 1254 2598 1308 αὐτῶν
2625 1254 2864 1324 δηλονότι
2891 1255 3085 1324 ἔσομαι
3112 1257 3206 1308 καὶ
3231 1258 3328 1324 τῆς

1751 1343 2039 1413 δεδομένης
2075 1361 2166 1414 μοι
2206 1345 2357 1414 παρὰ
2384 1343 2478 1398 τοῦ
2516 1344 2828 1413 Πνεύματος
2866 1344 2959 1397 τοῦ
2999 1345 3152 1412 ἁγίου
3181 1344 3328 1407 ἐξου-

1757 1435 1877 1498 σίας
1902 1438 2003 1489 οὐκ
2030 1437 2432 1507 ἀποστήσομαι,
2467 1437 2582 1505 ἅμα
2620 1436 2718 1505 μὲν
2750 1436 3064 1506 φειδόμενος
3097 1436 3204 1488 τῶν
3229 1436 3329 1502 ψυ-

1750 1526 1862 1596 χῶν
1892 1526 2002 1581 τῶν
2044 1527 2244 1591 ἀδίκως
2278 1529 2371 1582 καὶ
2407 1528 2730 1596 παραλόγως
2781 1527 3153 1581 κατειπόντων
3203 1543 3326 1595 μου·

1750 1618 1869 1688 ἅμα
1899 1619 1955 1672 δὲ
1989 1619 2081 1672 καὶ
2107 1619 2214 1673 τῶν
2238 1618 2544 1689 ἐκκλησιῶν
2572 1619 2657 1692 [Ρ.
2686 1617 2813 1691 242]
2847 1618 3325 1690 προμηθούμενοςι

99 1696 270 1764 λέγειν.
298 1696 373 1749 Τδ
417 1698 481 1751 δὲ
524 1694 625 1770 ἦν·
656 1701 743 1755 Na
773 1698 913 1775 ἧμαι
955 1704 1138 1769 δοῦλος
1164 1706 1259 1761 τοῦ
1286 1707 1453 1772 Θεοῦ,
1480 1709 1540 1762 οὐ
1575 1709 1650 1781 μὴ
1711 1710 1839 1772 ,ἵνα
1870 1708 1944 1780 μὴ
1968 1709 2150 1762 τέλεον
2179 1711 2488 1771 ἀπόλωνται
2512 1714 2577 1780 τῇ
2609 1712 2718 1764 τῶν
2743 1709 3200 1783 ὑπερμαχούντων
3228 1708 3327 1774 τῆς

102 1791 140 1841 εί
166 1790 230 1858 μὴ
267 1790 389 1859 μεθ’
439 1791 605 1860 ὑμῶν
649 1794 866 1863 ὑπάγω,
890 1796 1134 1869 δηλονότι
1162 1799 1223 1854 τό
1268 1817 1332 1869 γε
1364 1801 1459 1855 νῦν
1502 1800 1646 1871 ἔχον,

104 1883 375 1953 ἀφίσταμαι
402 1885 469 1948 ἐξ
502 1886 678 1955 ὑμῶν.
712 1890 825 1958 Οὐχ
848 1889 1009 1959 ὅρκον
1028 1891 1086 1944 δὲ
1112 1892 1270 1946 τοῦτο
1299 1894 1647 1965 ἐλογιζόμην,

109 1974 262 2042 μαθὼν
292 1974 387 2026 καὶ
432 1974 610 2028 ταῦτα
645 1979 795 2048 παρὰ
830 1978 923 2032 τοῦ
970 1981 1207 2048 μεγάλου
1253 1983 1465 2054 Πατρὸς
1496 1982 1651 2053 ἡμῶν

107 2065 373 2131 Βασιλείαν,
407 2066 667 2134 λέγοντος
696 2072 752 2123 ἐν
779 2072 891 2133 τοῖς
919 2072 1129 2142 ἠθικοῖς
1168 2073 1334 2127 αὑτοῦ
1369 2075 1546 2142 λόγοις
1568 2077 1653 2128 ὅτι

107 2160 209 2212 ἔνθα
229 2162 283 2213 τὸ
311 2161 378 2216 νά
432 2161 686 2233 τίθεμεν,
722 2164 821 2234 οὐχ
866 2165 1030 2236 ὅρκον
1066 2167 1504 2239 παραδηλοῦμεν,
1534 2171 1650 2224 ἀλλ’

111 2254 212 2306 ἔνθα
234 2256 286 2307 τὸ
324 2255 419 2326 μά.
458 2257 526 2310 Et
574 2257 630 2309 δέ
657 2275 741 2320 τις
781 2258 1207 2329 ἐπιλαμϐάνεται
1246 2279 1346 2329 μου
1379 2263 1477 2333 τῆς
1514 2281 1654 2333 παρ-

113 2348 334 2417 αιτήσεως
400 2350 485 2412 ὡς
538 2350 762 2404 κάκεῖσε
837 2352 1143 2421 γράψαντος
1206 2355 1294 2408 διὰ
1345 2357 1437 2408 τὸν
1488 2357 1665 2426 ὅρκον

110 2441 407 2511 ὲξὲρχεσθαι,
440 2442 665 2514 πρῶτον
699 2444 800 2514 μὲν
851 2444 1151 2513 λογιζέσθω
1191 2448 1274 2501 ὃτι
1328 2449 1435 2501 ἀπὸ
1477 2449 1648 2518 ἄκρας

110 2536 511 2605 ταραλυπήσεως
556 2538 885 2609 γέγραπται,
936 2539 1014 2602 ὡς
1058 2542 1220 2593 κάκεῖ
1270 2543 1647 2612 παρεδήλωσα.

114 2628 289 2690 uno;
320 2645 379 2681 τε
406 2630 507 2682 καὶ
543 2628 759 2684 ἐδόκουν
780 2630 1159 2701 ἀπαλλαγῆναι
1187 2633 1286 2714 τῇς
1326 2634 1652 2705 Ἐκκλησίας

113 2722 381 2791 εἰρηνικῶς.
418 2720 592 2776 Ἐπεὶ
630 2723 688 2776 δὲ
727 2724 1014 2793 συμϐαίνει
1055 2726 1497 2790 σκανδαλίζεσθαι
1527 2729 1652 2793 τοὺς

110 2812 343 2882 ἀρχιερεῖς
363 2814 455 2867 διὰ
478 2813 682 2885 ταύτην
707 2814 783 2877 ὡς
805 2815 878 2885 μὴ
901 2816 1199 2880 κανονικῶς
1220 2819 1647 2889 προϐεϐηκυῖαν,

112 2906 151 2957 εί
190 2904 275 2974 μὲν
323 2905 462 2976 ὁμοῦ
513 2907 753 2974 γένοιντο
812 2907 1051 2971 ἅπαντες
1106 2910 1511 2981 τεσσαράκοντα
1560 2913 1651 2964 τὸν

114 3098 286 3147 veram,
309 3086 539 3155 protuli.
579 3085 636 3140 ld
666 3098 849 3143 autem
879 3087 1022 3144 fuit:
1059 3107 1081 3141 ι
1118 3089 1222 3144 Per
1245 3103 1510 3158 quantum
1542 3109 1655 3147 sar-

113 3191 194 3228 vos
215 3177 297 3232 Dei
326 3195 475 3245 sum,
520 3194 627 3233 non
663 3194 782 3233 sum
833 3181 1134 3235 vobiscum.
1194 3180 1342 3236 Vado
1401 3183 1647 3236 Videlicet

112 3268 196 3337 jam
222 3285 355 3325 nunc
380 3282 434 3325 et
459 3272 696 3326 abscedo
728 3288 757 3326 a
784 3272 959 3327 vobis.
999 3291 1017 3324 ι
1045 3271 1202 3340 Quod
1254 3276 1505 3341 equidem
1556 3276 1650 3345 jn-
1675 3254 1719 3308 (ἶ

115 3374 379 3418 ramentum
417 3381 545 3420 esse
577 3366 801 3420 minime
859 3367 1066 3432 putavi,
1101 3382 1398 3436 persuasus
1433 3369 1490 3421 in
1551 3369 1652 3423 hoc

121 3457 405 3512 auctoritate
439 3457 619 3527 magni
647 3455 826 3511 Patris
868 3458 1037 3513 nostri
1069 3458 1276 3519 Basilii.
1311 3459 1543 3515 dicentis
1596 3460 1648 3513 in

124 3546 215 3601 suis
237 3547 435 3604 Ethicis
484 3549 875 3604 sermonibus:
907 3566 925 3600 ι
968 3548 1069 3604 Ubi
1101 3551 1167 3602 νά
1216 3550 1489 3620 ponimus,
1541 3566 1648 3605 non

123 3640 448 3709 juratnentum
494 3642 889 3711 signiﬁcamus,
934 3643 1028 3697 sed
1083 3650 1293 3697 tantum
1351 3644 1441 3697 ubi
1494 3645 1590 3712 μά.
1624 3663 1640 3695 ι

124 3732 250 3796 Quod
280 3735 322 3790 si
347 3735 507 3805 351
546 3736 667 3805 quis
692 3734 805 3789 haec.
829 3750 948 3804 quae
972 3751 1116 3789 nunc
1141 3736 1260 3788 dico
1288 3736 1529 3789 refellere
1555 3750 1650 3788 co-

121 3834 243 3878 netur
261 3842 322 3880 ex
361 3827 928 3882 verbisabdicationis
957 3841 1111 3891 mea),
1152 3826 1205 3880 in
1252 3842 1355 3896 qua
1391 3829 1538 3883 clare
1567 3827 1651 3882 ri-

121 3915 227 3971 deor
254 3919 428 3975 lassus
490 3934 579 3973 me
616 3920 851 3988 jurasse,
892 3919 1126 3988 primum
1173 3919 1395 3989 quidem
1437 3928 1648 3983 reputet

122 4011 370 4067 insomnia
415 4027 502 4066 me
534 4011 667 4066 illud
698 4027 762 4066 ex
820 4011 966 4066 acris
1018 4026 1183 4065 sensu
1223 4011 1427 4065 doloris
1480 4011 1648 4066 animi

122 4108 514 4173 perturbatione,
573 4114 735 4174 prout
774 4104 973 4158 ibidem
1025 4102 1288 4167 indicari,
1340 4102 1646 4173 scripsisse,

122 4205 450 4268 praetereaque
489 4197 540 4251 id
593 4197 843 4266 posuisse
883 4204 1154 4264 quatenus
1211 4201 1406 4265 pacate
1462 4210 1652 4250 assen-

125 4290 305 4344 tientem
336 4306 435 4347 nec
480 4299 867 4360 repugnantem
910 4289 1146 4343 eessioni
1196 4303 1325 4343 mete
1362 4304 1395 4343 a
1430 4304 1515 4342 me
1557 4288 1651 4340 de-

125 4385 203 4436 seri
238 4386 480 4453 putabam
512 4382 834 4437 Ecclesium.
863 4380 1018 4446 Quod
1063 4381 1188 4449 quia
1248 4394 1409 4435 secus
1443 4394 1500 4434 se
1555 4379 1649 4432 ha-

128 4472 227 4527 bere
255 4476 407 4529 modo
435 4475 705 4543 intelligo,
763 4489 885 4528 cum
943 4472 1238 4541 contigerit
1286 4468 1646 4525 scandalizari

1751 1803 2009 1872 ἀληθείας
2044 1804 2413 1874 ἀποχωρήσει.
2441 1805 2563 1858 Ὅτι
2594 1804 2649 1857 δὲ
2682 1805 2776 1857 καὶ
2799 1804 3067 1875 ἠδικήθην
3094 1802 3243 1870 παρά
3267 1817 3325 1851 τε

1750 1896 1845 1965 τῆς
1893 1896 2050 1963 ἁγίας
2087 1894 2363 1964 βασιλείας
2396 1912 2486 1947 σου
2524 1896 2617 1948 καὶ
2651 1896 2801 1966 παρά
2846 1894 2955 1948 τῶν
2998 1893 3322 1965 ἀρχιερέων,

1751 1986 1972 2058 εὔδηλον
1999 2004 2014 2019 ·
2054 1986 2196 2040 ὀκτὼ
2242 1987 2351 2057 γὰρ
2398 1987 2865 2058 παραδραμόντων
2914 1988 3197 2058 μηνῶνὲν
3244 1980 3326 2049 οἷς

1754 2076 2077 2149 ὐὸριζόμην,
2108 2078 2365 2149 οὐδεμίαν
2394 2080 2650 2146 ἐποίησεν
2690 2080 2966 2148 ἐκδίκησιν
3000 2080 3032 2147 ή
3067 2079 3196 2145 ἁγία
3226 2078 3324 2147 βα-

1754 2169 1926 2224 σιλεία
1966 2186 2060 2222 σου
2096 2172 2172 2232 είς
2203 2170 2325 2239 ἐμὲ,
2356 2170 2481 2223 οὔτε
2520 2173 2552 2241 ή
2583 2172 2816 2233 σύνοδος.
2853 2172 3015 2224 ’Ὅσον
3064 2170 3108 2223 δ’
3142 2171 3322 2223 eme.

1753 2260 1847 2315 θεν
1892 2262 2172 2332 ἐπισυμϐῇ
2204 2266 2269 2332 τῇ
2314 2262 2629 2335 Ἐκκλησία,
2678 2265 2893 2329 πάντως
2926 2264 3025 2318 οὐκ
3074 2264 3183 2331 ἐγὼ
3230 2263 3324 2316 τὸν

1754 2358 1892 2427 ὑπὲρ
1923 2358 2112 2410 τούτου
2144 2358 2407 2410 ἀποδώσω
2436 2357 2612 2423 λόγον.
2643 2357 2828 2410 Ταῦτα
2858 2356 2946 2408 διὰ
2994 2355 3052 2408 τὸ
3085 2357 3323 2425 ἀσφαλὲς

1753 2450 2043 2519 γεγραφὼς
2086 2454 2152 2521 τῇ
2192 2452 2427 2521 κραταιᾷ
2473 2452 2568 2503 καὶ
2601 2451 2735 2521 ἁγίᾳ
2770 2450 3013 2519 βασιλείᾳ
3053 2467 3143 2503 σου
3182 2450 3325 2517 πέμ-

1754 2560 1858 2594 πω.
1892 2543 2105 2596 Γένοιτο
2129 2543 2185 2596 δὲ
2214 2543 2351 2614 αὐτῇ
2399 2543 2533 2597 Θεοῦ
2568 2544 2959 2614 κυϐερνωμένη
2999 2543 3158 2612 χειρὶ,
3200 2542 3322 2594 ὅσον

1754 2632 1990 2702 ἀσφαλὲς
2020 2639 2115 2687 καὶ
2152 2634 2451 2703 ἀτάραχον,
2487 2638 2552 2704 τῇ
2584 2634 2749 2687 αὑτοῦ
2795 2632 3320 2705 πραγματεύσασθαι

1766 2725 2081 2799 Ἐκκλησίᾳ.
2123 2747 2142 2780 ι
2178 2728 2363 2781 Ταῦτα
2405 2727 2681 2798 δεξαμένῳ
2717 2730 2784 2781 τὰ
2821 2729 3122 2797 γράμματα
3165 2727 3319 2791 βασι-

1753 2817 1834 2871 λεῖ
1869 2820 2114 2872 ὑπονοεῖν
2161 2818 2318 2890 ἐπῄει
2356 2820 2432 2885 ὡς
2463 2821 2523 2872 οὐ
2571 2825 2796 2890 γνησίας
2828 2820 3021 2890 φρενὸς
3061 2820 3154 2872 καὶ
3185 2820 3323 2886 γνώ-

1758 2925 1864 2978 μης
1892 2908 1987 2962 τοῦ
2020 2912 2357 2981 πατριάρχου
2388 2910 2581 2976 ταῦτα,
2616 2913 2754 2966 ἀλλά
2780 2929 2939 2965 τινων
2979 2912 3151 2964 ἄλλων
3186 2911 3317 2963 ὑπο-
3384 2982 3389 2986 _

1755 3090 1995 3145 oblocuti
2031 3089 2160 3144 mihi
2203 3097 2353 3152 sunt,
2386 3087 2548 3143 simul
2598 3086 2889 3155 providens
2944 3085 3214 3145 ecclesiis,
3253 3099 3319 3136 ne

1757 3184 2004 3238 funditus
2031 3191 2255 3252 pereant
2288 3196 2387 3250 pro
2442 3181 2666 3233 veritate
2700 3179 3151 3249 propugnantium
3187 3177 3317 3229 alis—

1755 3291 1937 3331 cessu.
1987 3276 2211 3331 Passum
2265 3288 2431 3343 porro
2496 3287 2579 3326 me
2634 3271 2889 3341 injuriam
2943 3284 2972 3323 a
3008 3281 3096 3322 tua
3127 3276 3317 3322 sancta

1754 3371 2036 3437 majestate
2099 3380 2263 3438 atque
2320 3368 2391 3421 ab
2452 3366 2743 3435 episcopis,
2804 3361 3149 3417 manifestum
3211 3372 3315 3416 est.

1753 3460 1887 3517 Octo
1912 3462 2056 3515 enim
2084 3459 2195 3529 jam
2232 3458 2435 3524 elapsis"
2464 3458 2746 3511 mensibus
2776 3472 2839 3512 ex
2875 3470 2985 3526 quo
3019 3456 3154 3510 sum‘
3185 3452 3319 3508 alre-

1753 3567 1875 3610 ctus
1901 3553 2253 3613 contumelia,
2321 3551 2520 3605 nullam
2553 3550 2621 3604 de
2675 3563 2739 3602 ea
2795 3546 3114 3612 vindicram,
3171 3546 3315 3601 unde

1754 3656 2020 3718 purgatus
2054 3660 2152 3715 ego
2208 3644 2329 3698 labe
2370 3642 2542 3697 videri
2601 3656 2839 3712 possem,
2890 3641 3072 3710 exegit
3129 3649 3317 3694 sancta

1751 3740 2008 3807 majestas
2075 3747 2162 3791 tua
2236 3752 2410 3803 neque
2491 3735 2756 3805 synodus.
2828 3733 3320 3803 Quantumcunque

1751 3830 1912 3902 352
1948 3839 2127 3882 autem
2166 3826 2372 3881 indc'in
2429 3825 2686 3880 damnum
2730 3824 2985 3879 Ecclesia:
3042 3826 3316 3879 redunda-

1756 3925 1913 3984 verit,
1944 3921 2076 3975 mibi
2110 3921 2269 3988 plane
2302 3934 2407 3971 non
2440 3917 2820 3988 imputabitur,
2860 3932 2956 3971 nec
2985 3930 3016 3970 a
3042 3932 3126 3970 me
3157 3917 3316 3984 hujus

1753 4023 2028 4086 repetetur
2070 4015 2229 4066 ratio.
2280 4011 2404 4065 HJBC
2441 4011 2508 4064 ad
2540 4011 2893 4065 securitatem
2926 4024 2956 4062 a
2993 4025 3077 4063 me
3115 4012 3316 4079 scripta

1752 4106 1954 4178 potenti
1979 4114 2031 4159 et
2072 4112 2274 4158 sancta:
2338 4102 2608 4172 niajestati
2646 4110 2749 4155 tuae
2781 4100 2972 4154 mitto:
3037 4104 3316 4169 contingat

1752 4211 1931 4255 autem
1963 4196 2064 4267 ipsi
2100 4196 2191 4252 Dei
2231 4212 2391 4249 manu
2440 4196 2778 4265 gubernatae,
2818 4203 3020 4264 quanta
3064 4211 3200 4265 opus
3232 4206 3317 4249 est

1753 4294 2019 4350 securitas
2045 4299 2099 4346 et
2149 4290 2521 4360 tranquillitas
2582 4291 2649 4343 ad
2703 4287 3098 4343 consulendum
3142 4292 3315 4358 ipsius

1755 4383 2032 4437 Ecclesiae.
2065 4400 2083 4433 ι
2123 4378 2233 4435 Has
2258 4379 2546 4446 accipienti
2584 4378 2797 4432 litteras
2830 4379 3142 4447 imperatori
3171 4379 3315 4432 venit

1753 4477 1808 4530 in
1845 4481 2078 4529 mentem
2144 4470 2413 4541 suspicari
2461 4486 2565 4524 non
2608 4471 2723 4524 haec
2754 4486 2818 4524 ex
2856 4485 2978 4523 vera
3018 4471 3103 4524 sui
3147 4471 3313 4523 animi

129 4567 359 4622 antistites
384 4566 454 4620 ob
486 4579 662 4618 meam
690 4563 848 4617 istam
881 4562 1210 4625 cessionem,
1251 4572 1414 4629 quam
1451 4566 1648 4626 negant

1754 4560 2020 4622 sententia
2076 4562 2325 4634 proferre
2380 4562 2773 4631 patriarcliam,
2833 4561 2924 4614 sed
2986 4558 3314 4612 delerentmn

130 4657 352 4709 canonice
391 4654 612 4715 factam,
648 4652 780 4707 illud
812 4652 1030 4706 declaro
1060 4666 1073 4703 :
1108 4649 1163 4704 Si
1187 4663 1379 4704 omnes
1405 4647 1649 4718 episcopi

133 4754 321 4799 nurnero
347 4746 709 4816 quadraginta
746 4746 796 4797 in
845 4759 979 4797 mere
1015 4741 1402 4796 atltnissionem
1447 4736 1676 4795 ceSsio-'.

112 4833 199 4903 ,nis
221 4838 605 4902 consenserint,
640 4838 748 4892 sint
779 4849 913 4890 sane
973 4835 1061 4888 illa
1105 4842 1266 4888 rata:
1328 4848 1433 4887 non
1493 4848 1654 4902 repu-

133 4927 291 4990 gnabo,
341 4946 440 4984 nec
496 4930 724 4982 verbum
787 4935 978 4981 contra
1038 4927 1271 4991 liiscam,
1307 4927 1400 4981 sed
1432 4943 1457 4983 a
1496 4927 1652 4981 clavo

137 5016 342 5078 Ecclesiae
402 5024 704 5085 absistam,
767 5019 1181 5089 providebitque
1235 5020 1338 5075 sibi
1388 5020 1652 5075 Dominus

137 5122 400 5179 pastorem;
466 5129 531 5168 ac
585 5128 671 5166 me
723 5126 977 5182 quoque,
1046 5112 1089 5167 si
1146 5112 1460 5177 voluerint,
1517 5112 1652 5180 ipsis

139 5214 417 5269 cooperante
444 5203 849 5271 consiliumque
874 5202 1216 5261 conferente.
1250 5210 1383 5256 nutu
1436 5201 1528 5254 Dei
1560 5204 1653 5257 de.

140 5290 294 5360 ligetur
321 5300 408 5368 qui
451 5298 572 5367 ejus
612 5295 913 5350 Ecclesiam
974 5295 1262 5365 gubernet.
1332 5294 1427 5348 Sin
1469 5301 1651 5348 autem

140 5381 812 5460 hisrepugnaverintaliqui
837 5386 1141 5442 antistitum
1169 5386 1376 5455 (etiam,
1405 5386 1649 5455 inquam,

143 5483 226 5531 tres
257 5484 516 5551 tantum),
561 5494 663 5535 nec
692 5493 870 5533 meam
921 5488 1209 5548 acceptare
1249 5477 1650 5533 abdicationem

144 5572 358 5629 voluerint
389 5585 482 5629 aut
537 5584 598 5629 ut
651 5573 915 5629 canonice
960 5580 1136 5628 actam
1199 5571 1509 5635 admittere,
1550 5586 1653 5640 ego

147 5676 238 5719 cum
262 5669 379 5738 ipsis
411 5669 622 5725 scilicet
653 5682 770 5731 ero,
797 5674 851 5722 et
871 5664 992 5720 data
1017 5664 1150 5719 mihi
1180 5678 1210 5716 a
1233 5661 1438 5731 Spiritu
1466 5658 1654 5718 sancto

138 5740 360 5820 potestate
423 5775 532 5815 non
593 5757 874 5817 decedam,
929 5756 1090 5811 simul
1147 5754 1366 5824 quidem
1420 5769 1652 5824 parcens

151 5849 381 5909 animabus
421 5867 610 5910 eorum
667 5852 761 5921 qui
833 5849 1037 5920 injuste
1090 5856 1144 5904 et
1198 5847 1652 5903 irrationabil‘ter

1757 4656 2196 4727 suggestionibus
2225 4654 2589 4722 quorumdam
2642 4652 2900 4715 aliorum,
2958 4650 3158 4721 quibus
3202 4653 3318 4720 cpi-

1754 4750 1961 4818 scopali
2043 4746 2307 4816 dignitate
2370 4746 2612 4815 praeditis
2659 4754 2805 4800 esset
2861 4745 2969 4814 jam
3023 4746 3314 4800 commissa

1753 4840 2034 4896 contentio
2085 4839 2349 4910 adversus
2397 4852 2493 4892 cos
2549 4837 2643 4907 qni
2699 4837 2995 4891 contrariis
3050 4837 3104 4890 in
3163 4837 3313 4890 illum

1754 4936 1952 4989 studiis
2012 4932 2307 4999 ferrentur.
2344 4929 2550 4985 Tamen
2586 4944 2778 4984 rursus
2816 4932 3088 4985 conventu
3130 4929 3317 4983 habito

1754 5041 2074 5095 responsum
2109 5022 2338 5078 Joannis
2375 5023 2746 5077 communicat
2791 5024 3032 5093 synodo;
3083 5029 3137 5074 ct
3181 5035 3314 5090 quo-

1756 5119 1898 5171 niam
1927 5116 2177 5169 videatur
2202 5115 2297 5183 qui
2348 5112 2677 5167 abdicaverit
2712 5114 2975 5182 ptenitere
3014 5112 3316 5167 abdicatio-

1754 5213 1839 5263 nis
1867 5208 2041 5271 facta),
2073 5207 2203 5276 quid
2239 5206 2329 5260 tali
2363 5220 2492 5258 casu
2526 5206 2597 5259 sit
2637 5206 2928 5275 agendum,
2974 5213 3034 5259 ut
3072 5220 3318 5259 commu-

1752 5302 1897 5352 niter
1950 5301 2243 5352 consulant
2297 5307 2440 5352 orat.
2491 5297 2647 5351 Tunc
2675 5313 2804 5351 vero
2833 5298 3038 5351 exarsit
3069 5313 3214 5361 acre,
3269 5298 3316 5353 si

1755 5398 2315 5459 unquam,certanten
2346 5431 2360 5452 ,
2420 5388 2683 5451 auibabus
2741 5404 2840 5458 pro
2880 5403 2939 5444 se
2972 5404 3188 5459 quaque
3236 5389 3317 5443 fa-

1753 5483 2026 5534 ctionibus
2082 5480 2282 5535 obnixe
2325 5482 2580 5550 utrinque.
2642 5483 2992 5544 instantibus,
3052 5483 3319 5539 studiosis

1752 5572 1973 5641 quidem
2005 5570 2231 5626 Joannis
2280 5573 2634 5626 vehementer
2688 5574 3130 5628 asseverantilius
3184 5575 3313 5640 tegri

1753 5666 1943 5717 dolore
1973 5664 2122 5734 gravi
2158 5678 2220 5717 ac
2245 5665 2548 5733 perturbati
2577 5666 2697 5734 ejus
2748 5666 2934 5728 animi,
2994 5680 3100 5719 non
3160 5666 3318 5721 liberi

1752 5755 1969 5810 consilii
2004 5755 2227 5824 verique
2252 5764 2465 5825 partum
2496 5757 2707 5810 arbitrii
2745 5756 3143 5811 abdicationem
3173 5770 3316 5813 esse.

1758 5851 1831 5901 Ac
1858 5860 1979 5901 cum
2024 5846 2096 5900 sit
2143 5847 2423 5915 professus
2470 5861 2594 5902 cum
2652 5849 2827 5903 tribus
2878 5849 3008 5905 solis
3040 5849 3318 5917 episcopis
