3768 6568
574 357 679 421 38'!

1774 357 2098 418 GEORGlI
2148 356 2640 419 PACHYMERJZ
2997 369 3006 377 '
3707 370 3750 425 il'l

574 479 940 549 σιλλομὲνων,
988 469 1068 539 οἷς
1119 471 1188 547 ἧν
1231 475 1593 546 ἀμτισὸητεῖν
1625 474 1972 547 ἀρχιερεῦσιν
2020 468 2132 525 οὖσι
2170 478 2210 532 Α
2242 487 2302 538 γε
2334 473 2426 524 καὶ
2456 472 2560 540 πρὸ
2592 471 2684 524 τοῦ
2725 470 2893 523 ταῦτα
2946 469 3212 523 κινεῖσθαι
3247 471 3556 541 πέμποντος
3599 476 3683 544 μὲν
3722 486 3750 537 ει

574 573 712 643 πρὸς
741 574 865 634 τοὺς
909 569 1028 623 κατ’
1059 569 1266 622 ἐκείνου
1312 567 1711 632 σπουδάζοντας
1733 583 1750 598 ·
1787 567 1936 635 ὅμως
1966 566 2025 619 δὲ
2054 567 2144 619 καὶ

573 664 729 728 αὖθις
763 662 976 729 ξύναξιν
1006 661 1266 723 καθιστάς
1295 663 1361 730 τῇ
1395 659 1598 729 συνόδῳ
1628 660 1695 713 τά
1723 656 1819 729 τῆς
1855 659 2148 726 ἀπολογίας

573 755 872 817 κοινοῦται,
914 755 1007 807 καλ⁵
1046 754 1127 806 ὅτι
1165 754 1492 823 μεταμέλειν
1542 752 1690 805 δοκεῖ
1718 751 1795 822 τῷ
1847 767 2148 821 παραιτου-

579 848 725 918 μένῳ
786 846 883 915 τῆς
932 846 1338 915 παραιτήσεως,
1389 842 1916 897 συνδιασκέπτεσθαι
1983 842 2141 908 ἀξιοῖ.

575 940 709 992 Τότε
740 939 919 992 τοίνυν
943 938 1147 1010 στερρά
1175 955 1257 1002 τις
1281 937 1577 1005 φιλονεικία
1601 938 1697 990 καὶ
1729 937 2008 1006 ἑκατέροις
2034 937 2157 997 τοῖς.

578 1031 770 1102 μέρεσι
798 1031 1028 1099 γίνεται,
1063 1030 1171 1084 τῶν
1202 1031 1300 1100 μὲν
1336 1030 1476 1097 ὑπὲρ
1514 1029 1723 1083 ἐκείνου
1754 1029 2022 1098 λεγόντων
2053 1030 2146 1082 καὶ

579 1122 781 1191 μᾶλλον
818 1121 1268 1193 ίσχυριζομένων,
1302 1123 1379 1185 ὡς
1428 1120 1886 1193 παραλυπήσεως,
1917 1123 1975 1173 ού
2009 1138 2145 1191 προ-

573 1210 838 1283 αιρέσεως
874 1214 908 1284 ἠ
940 1214 1290 1282 παραίτησις,
1344 1214 1438 1266 καὶ
1487 1213 1565 1266 ὅτι
1600 1213 1649 1264 εί
1699 1213 1793 1265 καὶ
1830 1213 1922 1265 ἐπὶ
1965 1214 2144 1283 τρισὶν

573 1300 890 1369 ἀρχιερεῦσι
942 1301 1035 1353 καὶ
1090 1302 1269 1370 μόνοις
1320 1296 1571 1354 ἵστασθαι
1631 1301 1919 1370 βούλεται,
1973 1306 2146 1355 τόσων

574 1390 982 1459 προσκειμένων
1004 1392 1196 1461 ἐκείνῳ
1226 1392 1404 1461 πολλῷ
1428 1409 1489 1460 γε
1512 1392 1846 1464 δικαιότερον
1871 1394 2142 1459 ἵστασθαι,

570 1480 681 1533 τῶν
708 1481 765 1533 δὲ
790 1482 999 1546 τούτοις
1023 1484 1432 1553 ἀνθισταμένων
1463 1485 1624 1553 ὅρκον
1648 1481 1787 1541 εἶναι
1813 1486 2145 1557 διατεινομέ-

572 1589 679 1626 νων
711 1573 801 1626 τὸν
836 1574 1012 1643 λόγον,
1044 1576 1135 1628 καὶ
1166 1576 1325 1646 ὅρκον
1351 1576 1557 1647 φρίκης
1588 1577 1805 1648 μεστὸν,
1838 1579 1934 1633 καὶ
1956 1581 2141 1634 ἰκανὸν

572 1668 801 1723 κωλύειν
854 1672 1151 1743 ἱερωσύνης
1202 1674 1689 1744 παραϐαινόμενον.
1741 1672 1835 1739 Οἷς
1881 1677 1946 1748 δὴ
1992 1679 2085 1732 καὶ
2115 1679 2147 1732 ὁ

572 1758 825 1830 βασιλεὺς
857 1764 1114 1827 ἐπιεικῶς
1143 1767 1538 1835 ὁμογνωμονῶν
1563 1763 1651 1838 ἦν,
1674 1766 1753 1836 τῷ
1792 1770 1888 1838 μὲν
1916 1770 2141 1836 πλείονι,

571 1851 647 1915 ὡς
682 1852 865 1923 ἐῴκει,
902 1854 971 1907 δι’
1022 1856 1200 1926 ἄκραν
1230 1856 1518 1911 εὐλάϐειαν
1561 1859 1658 1929 τὴν
1690 1861 1783 1914 ἐπὶ
1828 1862 1921 1914 τὸν
1955 1862 2141 1933 ὁρκον,

478 1990 485 1997 .
572 1942 651 2011 τῷ
684 1943 960 2014 δ’,ἀδήλῳ,
1009 1940 1182 2013 οἶμαι,
1216 1947 1312 1999 καὶ
1366 1948 1567 2001 σκοπὸν
1597 1950 1736 2020 ἔχων
1782 1953 1908 2015 τοὺς
1949 1953 2141 2024 ’Δρσεο

572 2035 780 2098 νιάτας.
813 2038 861 2088 εί
886 2039 1184 2107 εἰρηνεύειν
1207 2040 1423 2094 δύναιτο
1444 2041 1584 2113 (οὐδὲ
1607 2044 1715 2113 γάρ
1750 2047 1942 2115 μικρὸν
1966 2046 2142 2100 ὠδύνα

569 2126 662 2179 τὴν
694 2127 915 2196 βασιλέα
946 2130 1004 2183 τὸ
1035 2132 1256 2184 ἐκείνων
1283 2134 1505 2202 σχίσμα,
1537 2134 1612 2199 ὡς
1655 2137 1868 2207 ἔδειξε).
1900 2141 2144 2207 προσλα-

572 2218 783 2274 ϐέσθαι.
814 2222 881 2274 Ἦ
916 2222 1022 2292 μὴν
1046 2223 1218 2288 ἄλλως
1262 2229 1356 2279 καὶ
1383 2227 1449 2279 δι’
1493 2228 1832 2297 Ἀθανάσιον,
1863 2231 2056 2302 ἄδηλον
2084 2233 2143 2287 ὃν

572 2306 632 2367 ἐς
664 2308 805 2363 τότε.
834 2309 1048 2363 Τούτων
1078 2314 1168 2365 ἐπὶ
1216 2316 1348 2369 πολὺ
1384 2318 1722 2386 τριϐομένων
1761 2323 1856 2374 καὶ
1902 2323 2009 2375 τῶν
2044 2326 2143 2394 ἀρ-

571 2399 797 2468 χιερέων
831 2401 904 2471 μὴ
936 2403 1343 2471 συμϐαινόντων
1384 2408 1639 2479 ἀλλήλοις
1677 2413 1927 2484 μετέωρα
1954 2415 2021 2467 τὰ
2047 2416 2145 2486 τῆς

572 2492 897 2560 ἀποφάσεως
950 2489 1110 2565 ἦσαν,
1153 2498 1247 2551 καὶ
1297 2499 1449 2553 οὐδὲν
1495 2502 1686 2571 ἤνυτον
1735 2507 2143 2577 συνερχόμενοι.

577 2582 674 2635 Διά
701 2582 857 2637 τοῦτο
888 2587 981 2638 καὶ
1004 2586 1083 2640 ἔτι
1107 2589 1506 2660 ἐμνημονεύετο
1535 2594 1635 2662 μὲν
1673 2596 1944 2668 Ἰωάννης,
1973 2601 2021 2653 oi
2050 2601 2147 2653 αὐ-

574 2673 668 2728 τοῦ
699 2675 755 2727 δὲ
784 2677 842 2730 τὸ
891 2684 1280 2752 πατριαρχεῖον
1325 2682 1553 2753 διῴκουν
1595 2690 1938 2758 κατέχοντες,
1968 2693 2145 2746 καίτοι

574 2850 697 2922 ejus
726 2854 1027 2911 cessionem
1062 2873 1168 2913 non
1227 2861 1640 2920 admittentibus
1674 2871 1841 2921 .stare
1872 2881 1932 2923 se
1970 2867 2143 2937 ,velle,

578 2960 704 3001 cum
748 2954 825 3002 tot
858 2963 977 3003 eam
1018 2951 1267 3021 rejiciant
1289 2953 1634 3026 retinereque
1663 2959 1839 3027 ipsum
1864 2960 2145 3017 mordicus

579 3038 636 3094 in
665 3041 1032 3110 patriarcbatu
1074 3046 1261 3111 velint,
1304 3057 1512 3118 quanto
1542 3059 1627 3106 est
1656 3052 1867 3121 aequius
1921 3054 2145 3110 credere

576 3147 704 3187 cum
742 3133 826 3187 his
859 3133 1010 3187 illum
1046 3137 1234 3193 stare?
1273 3138 1478 3193 Contra
1515 3140 1893 3196 obtendebant
1947 3143 2144 3198 adver-

576 3226 711 3280 sarii
769 3227 935 3282 verba
995 3245 1116 3297 qua:
1165 3232 1466 3301 protulisse
1517 3232 1787 3289 Joannem
1836 3237 2144 3300 constabat,

576 3319 715 3373 nihil
753 3321 933 3375 minus
961 3337 1123 3391 quam
1154 3324 1500 3379 verissimum
1548 3326 1713 3396 idque
1751 3326 1999 3384 horroris
2033 3329 2146 3398 ple-

577 3415 863 3467 num‘esse
898 3413 1289 3483 juramentum,
1356 3416 1574 3471 abunde
1629 3418 1924 3483 idoneum,
1978 3421 2063 3475 vel
2098 3421 2144 3476 si

582 3504 729 3558 aliud
770 3504 1009 3571 deesset,
1035 3507 1273 3561 arcendo
1309 3524 1340 3562 a
1373 3511 1683 3565 sacerdotio
1712 3513 1805 3581 qui
1848 3522 2148 3578 transgres~

577 3610 674 3651 sus
700 3597 750 3650 id
788 3598 882 3653 sit.
912 3598 971 3653 In
1007 3599 1201 3653 horum
1251 3603 1575 3656 sententiam
1626 3604 1964 3674 aliquantum
2020 3623 2145 3675 pro-

579 3690 818 3759 pendere
848 3691 1145 3761 imperator
1174 3693 1500 3757 videbatur;
1533 3696 1690 3765 cujus
1720 3698 1797 3752 rei
1831 3714 1995 3754 causa
2028 3715 2147 3767 quae

580 3781 815 3835 maxime
842 3796 898 3836 se
928 3784 1262 3848 ostentabat,
1320 3794 1440 3839 erat
1497 3789 1742 3856 quaedam
1797 3790 2043 3845 exactior
2093 3800 2149 3845 et

579 3871 875 3930 tutioribus
929 3874 1193 3928 inhaerere
1241 3889 1456 3942 semper
1511 3879 1671 3932 solita
1731 3878 1891 3950 353
1952 3881 2147 3950 religio

578 3963 771 4028 animi,
827 3964 1075 4033 jurisque
1128 3964 1367 4033 iurandi‘
1398 3971 1721 4025 reverentia.
1758 3970 1920 4026 Forte
1966 3982 2145 4028 tamen

572 4055 801 4109 Suberat
833 4055 1105 4110 occultior
1136 4057 1294 4120 ratio,
1331 4073 1456 4127 spes
1484 4059 1731 4128 quaedam
1764 4060 1866 4130 ipsi
1907 4062 2142 4119 subnata

571 4145 658 4198 =rei
701 4146 902 4200 dudum
934 4157 1223 4217 exoptata,
1252 4151 1542 4204 revocandi
1582 4152 1901 4208 Arseniatas
1933 4156 1997 4208 ad
2056 4170 2150 4225 pa-

568 4250 697 4289 cem
729 4238 1016 4292 occasione
1048 4239 1362 4295 imitationis
1390 4240 1732 4309 patriarcha,
1766 4243 1924 4311 cujus
1954 4259 2145 4299 ansam

570 4325 767 4379 oﬂ'erri
800 4341 896 4394 per
927 4327 1031 4381 hoc
1082 4329 1425 4383 commodam
1456 4346 1554 4384 nec
1600 4333 1702 4387 sibi
1763 4335 2144 4404 negligendam

570 4418 975 4473 arbitrabatur.
1015 4418 1165 4473 [laud
1192 4429 1379 4485 parum
1415 4424 1614 4493 quippe
1652 4425 1976 4494 jampridem
2022 4442 2148 4481 cru-

568 4510 758 4567 ciabat
792 4511 1171 4579 imperatorem
1209 4513 1424 4568 illorum
1489 4515 1748 4569 schisma.
1787 4516 2145 4587 Ostenditque

578 4604 721 4658 adeo
756 4602 919 4673 paulo
952 4612 1073 4673 post
1100 4619 1262 4672 quam
1295 4606 1424 4659 nihil
1459 4621 1713 4662 recusare
1750 4619 1973 4677 paratus
2001 4620 2147 4666 esset

568 4708 691 4763 quo
722 4709 815 4748 eos
848 4692 914 4748 ad
950 4697 1300 4751 concordiam
1335 4695 1642 4752 reduceret.
1683 4698 1797 4752 Nisi
1829 4709 1883 4754 et
1909 4701 2058 4755 aliud
2091 4702 2144 4756 in
2194 4742 2197 4745 -

569 4784 639 4838 ἒίιι
667 4786 839 4854 ipsum
874 4801 1095 4841 movens
1115 4788 1384 4857 suspicari
1416 4787 1562 4853 licet,
1589 4790 1716 4843 item
1750 4805 1950 4845 arcano
1980 4793 2145 4847 menti

576 4880 1232 4948 Augustiobservatum,
1299 4885 1364 4936 de
1396 4881 1696 4937 Athanasio
1738 4884 2144 4952 expatriarcha,

570 4974 746 5043 cujus
774 4974 1177 5029 restitutionem
1212 4974 1264 5027 in
1294 4973 1551 5029 thronum
1590 4989 1657 5028 an
1688 4976 1798 5042 jam
1833 4985 1946 5029 tum
1996 4976 2148 5045 cogi-

569 5063 805 5126 ttaverit,
835 5065 885 5118 in
903 5064 1120 5120 incerto
1148 5065 1370 5134 quidem
1412 5075 1519 5130 est,
1568 5080 1669 5118 non
1704 5066 2147 5136 tamenﬂ‘ortasse

570 5155 802 5222 'pcnitus
844 5170 871 5207 a
907 5156 1237 5225 conjecturae
1265 5157 1740 5211 verisimilitmliue
1791 5158 2049 5213 abhorret
2076 5172 2141 5213 eo

567 5245 689 5317 ﬁam
724 5248 850 5302 hinc
889 5262 1012 5302 eum
1039 5249 1451 5304 dissimulanter
1504 5251 1834 5306 collimasse.
1864 5249 1994 5305 Utut
2049 5250 2142 5317 sit,

581 5342 1034 5395 altercationibus
1064 5342 1171 5395 isto
1232 5342 1394 5396 modo
1421 5342 1472 5396 in
1531 5344 1754 5413 longum
1819 5345 2032 5409 tractis,
2092 5351 2148 5398 et

576 5434 857 5503 episcopis
884 5433 1108 5488 minime
1141 5433 1285 5487 inter
1317 5450 1437 5489 sese
1488 5435 1959 5501 convenientibus,
2020 5452 2147 5505 pen-

582 5525 752 5582 debat
781 5528 833 5581 in
869 5525 1092 5596 ancipiti
1128 5527 1406 5597 negotium
1436 5527 1793 5583 abdicationis
1844 5529 2149 5598 depositio-

584 5616 739 5670 nisve
764 5613 1013 5678 Joannis,
1065 5630 1168 5670 nec
1200 5617 1573 5687 multiplicatis
1606 5617 2008 5686 quantumlibet
2033 5633 2148 5674 coe-

581 5707 733 5762 tibus
763 5708 1061 5777 quidquam
1087 5709 1536 5765 concludebatur.
1575 5708 1758 5776 Quare
1799 5709 1975 5764 adhuc
1998 5724 2150 5765 com-

587 5798 916 5855 memoratio
943 5796 1175 5880 Joannis
1208 5802 1367 5857 liebat
1401 5802 1541 5857 inter
1562 5815 1740 5857 sacra.
1774 5799 1914 5867 Quin
1944 5810 1995 5856 et
2026 5802 2146 5873 ejus

2252 560 2422 627 μονάς
2465 560 2556 614 τοῦ
2608 561 2688 613 ἔτι
2739 562 3226 632 πατριαρχοῦντος,
3280 563 3590 631 πέμποντος
3634 569 3681 622 δὲ
3711 591 3750 626 xz

2248 653 2331 716 εἰς
2370 652 2469 723 τὴν
2502 653 2673 724 αὐτὴν
2712 655 3063 723 Ἐκκλησίαν,
3118 657 3215 708 καὶ
3272 654 3477 709 παύειν
3530 657 3588 709 τὸ
3627 660 3750 719 tam

2252 745 2593 815 μνημόσυνον
2622 747 3009 817 ἐπιτρέποντος
3042 748 3118 811 ὡς
3142 746 3300 817 δῆθεν
3338 755 3750 822 παραιτησαμένη

2248 840 2343 891 καὶ
2374 837 2810 907 ἀποϐεϐληκότος
2854 840 2945 893 τὸν
2982 840 3134 910 ἱερέα
3169 842 3541 897 παντάπασιν.
3579 841 3653 914 [Ρ.
3679 845 3750 903 ἓιὲ

2258 929 2397 982 Ἀλλ’
2422 932 2620 985 ἐκεῖνοι
2643 932 2743 1001 τὴν
2777 933 2884 985 ἀπό
2915 951 2976 988 τε
3008 934 3228 988 συνόδου
3274 936 3367 987 καὶ
3401 934 3650 1003 βασιλέως
3680 941 3750 997 ἀοι

2248 1019 2579 1075 κατάστασιν
2623 1022 2969 1093 ἐκδεχόμενοι
3022 1026 3325 1096 κατασιγᾷν
3357 1025 3474 1080 οὐδ’
3521 1026 3644 1092 ὅλως
3668 1032 3750 1087 ἐπεὶ

2247 1112 2400 1167 θοντο
2432 1113 2492 1166 τὸ
2526 1115 2770 1169 Ἰωάννου
2805 1116 2997 1187 ὄνομα.

2332 1204 2436 1274 λγ’.
2471 1208 2608 1276 Περί
2638 1205 2751 1276 τῆς
2777 1206 3143 1279 δοκιμασίας
3175 1210 3297 1263 τῶν
3332 1211 3720 1279 Ἀρσενιατῶν.

2316 1297 2406 1368 Τῷ
2438 1298 2620 1368 μέντοι
2649 1317 2711 1368 γε
2738 1300 2949 1370 βασιλεί
2973 1300 3127 1355 ἐνθεν
3162 1301 3263 1370 μὲν
3307 1303 3508 1373 ὁρῶντι
3566 1306 3653 1375 τὴν
3700 1310 3750 1361 te

2245 1389 2323 1460 τῷ
2354 1392 2733 1462 παραιτεῖσθαι
2783 1392 3043 1456 πολλάκις
3096 1393 3345 1446 εὐκολίαν
3399 1395 3496 1447 τοῦ
3557 1395 3749 1451 Ἰωάννου

2246 1484 2399 1539 ἐνθεν
2431 1485 2474 1538 δ’
2503 1482 2660 1546 αὖθις
2692 1487 3073 1558 ὕπονοουμένῳ
3097 1488 3195 1557 τὴν
3224 1489 3334 1541 τῶν
3377 1487 3706 1558 Ἀρσενιατῶν
3725 1496 3750 1555 ἐκ

2246 1575 2475 1647 ἔσχατον
2499 1579 2730 1650 ἀντοχην
2751 1620 2767 1644 ,
2801 1581 2875 1643 ὡς
2906 1580 3017 1632 οὐδ’
3039 1581 3105 1633 ἂν
3145 1580 3571 1649 είρηνευσὸντων
3615 1581 3749 1642 ἄλλως

2246 1670 2296 1722 εί
2331 1670 2404 1739 μή
2431 1686 2491 1739 γε
2522 1671 2646 1723 καθ’
2676 1672 2871 1735 αὐτοὺς
2908 1671 2979 1724 τά
3003 1672 3102 1739 τῆς
3145 1670 3474 1740 Ἑκκλησίας
3521 1675 3750 1742 πράγματι

2246 1761 2487 1829 γένοιντο
2513 1763 2627 1831 litat
2653 1763 2760 1833 γὰρ
2793 1765 2887 1817 καὶ
2931 1762 3024 1816 τοῦ
3069 1762 3356 1817 Ὑακίνθου
3399 1762 3459 1827 ἐξ
3520 1763 3750 1833 ἀνθρώπων

2248 1856 2531 1923 γεγονότος
2563 1858 2759 1910 ἐκεῖνοι
2792 1860 2857 1926 τῇ
2887 1855 2982 1909 τοῦ
3033 1856 3261 1911 Μωσελὲ
3316 1858 3453 1925 μονῇ
3504 1860 3750 1926 «etiam.

2248 1962 2396 2015 μενοι
2432 1946 2659 2010 πολλοὺς
2693 1946 2835 2017 εἶχον
2866 1947 3116 2015 ἐξωτέρω
3146 1946 3271 2009 τοὺς
3310 1947 3662 2009 σπουδαστάς,
3689 1950 3750 2002 καὶ

2241 2040 2367 2100 τοὺς
2392 2038 2569 2091 αὐτῶν
2598 2041 2821 2109 νεκροὺς
2854 2039 2943 2093 ἴσα
2975 2042 3068 2093 καὶ
3089 2039 3433 2110 ὁμολογητάς
3457 2039 3657 2109 ἐτίμων,
3683 2044 3750 2095 καὶ

2246 2129 2469 2193 πολλοὺς
2500 2130 2744 2183 ἐντεῦθεν
2773 2130 3081 2201 ἐπήγοντο),
3113 2129 3288 2183 ἔννοιά
3341 2145 3427 2192 τις
3475 2129 3633 2199 ἐπῄει,
3681 2132 3749 2201 ἥδη

2243 2224 2337 2273 καὶ
2370 2226 2480 2285 τοῖς
2506 2221 2786 2291 λογισμοῖς
2810 2222 2971 2276 αὐτοῦ
3005 2221 3412 2293 προκαθίσασά,
3466 2223 3639 2291 μήπως
3668 2222 3749 2291 Θεῷ

2242 2310 2432 2366 δοκοῦν
2449 2313 2518 2365 τά
2540 2312 2767 2377 τούτων,
2794 2315 2821 2364 ὸ
2838 2313 2895 2365 δὲ
2927 2312 2993 2364 τά
3026 2312 3218 2383 πόρρω
3231 2310 3444 2375 διώκοι,
3472 2311 3561 2364 καὶ
3575 2302 3638 2363 ὧν
3660 2311 3749 2373 ἴσως

2242 2405 2600 2459 τελέσθεντων
2631 2406 2784 2459 οὐδὲν
2815 2406 3062 2476 ὀνήῖστον
3092 2406 3326 2472 γένοιτο,
3390 2403 3484 2456 καὶ
3524 2402 3602 2455 διά
3640 2401 3749 2456 ταῦθ’

2243 2498 2470 2566 ὁδηγοῦν
2503 2498 2565 2551 τὸ
2589 2498 2745 2551 Θεῖον
2776 2496 2877 2568 τὴν
2897 2496 2992 2550 τοῦ
3035 2496 3283 2550 Ἰωάννου
3317 2496 3453 2566 πρὸς
3504 2498 3558 2546 τὸ
3604 2511 3743 2563 πάτρια

2244 2590 2496 2661 ἀρχεύειν
2534 2590 2752 2659 ἐμποιεῖ
2797 2589 3030 2661 νάρκην,
3074 2573 3321 2659 εὐχερῶς
3382 2585 3744 2654 παραιτουμένου

2245 2683 2354 2736 κάκ
2382 2682 2482 2753 τῆς
2507 2683 2773 2753 τυχούσης
2797 2681 3148 2751 προφάσεως.
3175 2677 3265 2748 Τῷ
3287 2692 3371 2730 τοι
3405 2675 3495 2729 καὶ
3532 2689 3741 2743 rvamus-

2241 2859 2544 2917 familiares
2569 2859 2625 2917 in
2677 2859 3140 2930 patriarchalibus
3183 2858 3451 2930 degentes
3484 2855 3658 2912 adibus
3684 2870 3743 2911 res

2247 2968 2345 3024 pro
2376 2969 2442 3009 eo
2467 2955 2611 3009 velut
2645 2954 2955 3025 patriarcha
2996 2947 3480 3018 administrabant,
3536 2962 3743 3018 utcunque

2251 3049 2404 3114 prius
2429 3061 2595 3115 quam
2630 3047 2747 3102 haec
2777 3059 3153 3112 moverentur,
3178 3046 3367 3102 missis
3423 3045 3532 3116 ipse
3567 3045 3743 3101 Joannes

2250 3152 2346 3207 per
2373 3137 2702 3201 monasteria
2747 3148 2800 3191 et
2832 3137 2885 3191 in
2938 3138 3114 3207 ipsam
3152 3137 3454 3192 Ecclesiam
3496 3136 3638 3193 certis
3680 3138 3744 3190 lio-

2253 3227 2514 3290 minibus,
2565 3226 2906 3296 permisisset
2943 3242 2975 3282 a
3020 3226 3103 3282 sui
3152 3229 3742 3283 commemorationem-

2251 3318 2385 3382 sari,
2445 3320 2589 3374 velut
2637 3319 2730 3389 qui
2782 3318 2893 3389 jam
2948 3319 3052 3373 rite
3082 3319 3398 3375 abdicasset
3457 3319 3742 3387 cessissetqse

2248 3412 2474 3466 omnino
2509 3412 2840 3469 sacerdotio.
2908 3410 3107 3467 Verum
3142 3412 3244 3478 illi,
3272 3413 3406 3483 quid
3465 3412 3669 3484 synodus
3703 3420 3739 3465 et

2254 3503 2554 3572 imperator
2606 3503 2753 3558 circa
2834 3503 2936 3558 hoc
3015 3511 3321 3560 statuerent
3396 3511 3737 3572 exspectantes,

2254 3594 2677 3664 haudquaquam
2733 3602 2866 3650 sunt
2919 3595 3169 3662 persuasi
3216 3609 3419 3651 nomen
3468 3592 3738 3649 Joannisre

2249 3685 2437 3739 ticero.

2496 3778 2585 3832 55.
2618 3781 2692 3833 De
2737 3779 3101 3847 exploratione
3143 3780 3562 3834 Arseniatarum.

2319 3868 2699 3925 35.Caslernm
2741 3871 3059 3938 imperatori
3111 3872 3237 3926 hinc
3302 3873 3515 3941 quidem
3559 3869 3736 3926 cernenti

2249 3959 2564 4017 facilitatem
2596 3960 2823 4017 Joannis
2846 3964 2899 4016 in
2926 3963 3153 4018 crebras
3178 3965 3416 4020 subinde
3441 3965 3735 4019 abdicationes

2250 4061 2724 4123 prorumpentem,
2768 4055 2894 4109 inde
2924 4063 3108 4109 autem
3140 4055 3366 4109 babenti
3398 4065 3660 4126 suspectam
3682 4055 3734 4107 in-

2249 4143 2540 4199 ﬂexibilem
2568 4144 2634 4198 ad
2661 4153 2964 4200 extremum
2987 4146 3403 4201 Arseniatarum
3436 4144 3732 4216 pertinaciam,

2248 4248 2385 4303 quos
2431 4242 2716 4303 appareret
2771 4249 3056 4305 nunquam
3109 4234 3177 4289 ad
3219 4250 3408 4305 pacem
3464 4232 3734 4290 adducendas

2249 4328 2410 4379 aliter
2440 4340 2603 4395 quam
2640 4324 2895 4382 Ecclesia:
2930 4327 3196 4397 regimine
3234 4343 3404 4397 penes
3436 4327 3568 4396 ipsos
3589 4324 3729 4395 posito.

2248 4418 2515 4487 siquidem
2564 4420 2867 4490 Hyacinthe
2901 4420 3012 4487 jam
3051 4431 3267 4473 mortuo
3302 4420 3379 4474 illi
3422 4416 3729 4474 monasterium

2250 4510 2448 4566 Mosele
2479 4522 2733 4567 vocatum
2760 4511 2923 4582 355
2963 4511 3273 4567 insidentes
3305 4514 3501 4568 multos
3524 4508 3732 4564 habebant

2248 4603 2488 4657 exterius
2520 4602 2782 4665 fautores,
2813 4606 2947 4656 adeo
2978 4603 3234 4658 factionis
3265 4604 3499 4672 ipsorum
3528 4598 3733 4655 studiosos

2252 4706 2310 4750 ut
2341 4696 2506 4749 etiam
2538 4702 2782 4750 mortuos
2815 4709 3004 4749 eorum
3040 4695 3184 4749 velut
3210 4696 3540 4751 confessores
3566 4702 3731 4743 venere.

2250 4794 2440 4840 rentur
2472 4788 2778 4856 multosque
2802 4802 2865 4843 ea
2908 4788 3174 4859 religione
3205 4790 3271 4843 ad
3303 4790 3436 4845 istas
3467 4795 3623 4857 partes
3660 4782 3729 4833 im-

2252 4878 2534 4946 plicarcnt,
2559 4880 2804 4946 quaedam
2831 4883 3059 4936 snborta
3084 4882 3349 4952 cogitatio
3388 4893 3483 4941 est.
3509 4874 3728 4946 autpoliﬂs

2250 4969 2458 5024 intimis
2502 4970 2622 5039 ejus
2666 4972 2920 5028 sensibus
2974 4974 3142 5029 tacite
3186 4975 3393 5029 dudum
3431 4972 3638 5027 insidens
3666 4974 3730 5032 per

2251 5062 2393 5116 hanc
2421 5063 2766 5119 occasionem
2794 5065 3054 5132 excitata,
3080 5081 3148 5121 an
3178 5082 3285 5122 non
3314 5067 3450 5122 forte
3476 5064 3571 5118 Deo
3590 5057 3732 5127 proba-

2250 5163 2442 5208 rentur
2471 5153 2701 5210 istorom
2723 5171 2832 5220 res,
2856 5160 3048 5229 etipse
3072 5162 3366 5230 longinqua
3393 5159 3731 5230 persequeretur

2250 5246 2448 5314 quibus
2488 5245 2719 5300 forsitan
2764 5251 3026 5317 perlectis
3064 5253 3202 5306 nihil
3248 5251 3317 5305 ad
3372 5258 3610 5306 summam
3638 5236 3729 5291 utile

2249 5337 2610 5406 contingeret.
2651 5337 2716 5391 Et
2739 5340 2863 5407 quis
2900 5342 3071 5397 sciret
3105 5344 3303 5412 ecquid
3338 5358 3441 5397 non
3467 5342 3656 5392 fortasse
3674 5324 3725 5380 di-

2248 5431 2453 5485 vinitus
2471 5429 2562 5484 illa
2582 5434 2806 5489 satietas
2828 5434 3231 5502 patriarchatus
3252 5445 3307 5492 et
3334 5432 3558 5507 quaedam
3584 5416 3727 5478 summi

2253 5523 2477 5579 honoris
2529 5538 2730 5579 nausea
2773 5538 2915 5593 saepe
2946 5525 3125 5593 ipsum
3162 5526 3262 5580 levi
3300 5524 3365 5579 de
3396 5531 3541 5576 causa
3573 5509 3626 5564 ad
3642 5515 3725 5558 ten-

2251 5614 2468 5669 tandam
2485 5620 2792 5671 cessionem
2814 5619 3103 5672 concitans
3122 5616 3317 5672 Joanni
3342 5597 3727 5684 injicereturlAn-

2248 5719 2382 5773 ceps
2413 5707 2579 5775 igitur
2608 5707 2778 5762 animi
2812 5722 2978 5777 super
3013 5708 3097 5765 his
3147 5718 3486 5776 aestuansque
3523 5698 3726 5789 alternans

2251 5799 2399 5855 tibus
2445 5802 2759 5867 sententiis,
2813 5816 2940 5856 cum
2993 5804 3362 5861 necessarium
3407 5800 3536 5854 esset
3564 5786 3725 5843 tertium
