3860 6556
199 410 286 470 390
1028 401 1125 462 DE
1167 399 1265 459 AN
1279 395 1611 459 DBONICO
1642 396 1765 457 PAI

1773 395 2116 456 ..EOLOGO
2157 396 2309 459 LIB.
2351 399 2451 460 ιν.

3332 406 3443 470 3‘30

199 529 289 597 χῶν
318 523 449 591 ὑπὲρ
476 522 697 582 τούτων,
733 519 826 571 καὶ
844 519 920 570 ὅτι
962 518 1136 578 ἄλλως
1163 516 1376 584 ἀνάγκη
1408 508 1477 583 ἦν
1508 515 1603 567 καὶ
1628 514 1744 585 τρί-
1774 515 1817 573 Α
1849 515 2218 581 περιποιοῖντο
2278 516 2337 567 ἐν
2397 517 2517 579 ταῖς
2577 532 2763 585 τιμαις
2821 517 2904 584 (τὸ
2953 516 3058 589 γὰρ
3111 520 3206 574 τοῦ
3247 523 3449 595 Ἰωσὴφ

199 636 268 672 τον
302 618 386 669 ἐπὶ
415 614 538 666 δυσὶ
573 613 919 681 πατριάρχην
958 608 1421 679 ἐπικηρύττεσθαι
1477 606 1643 663 αὐτοῦ
1688 622 1752 675 γε

196 704 608 780 παραιτουμένου
632 705 762 775 ήδη,
815 705 907 756 καὶ
936 706 999 757 τὸ
1027 703 1272 772 ἀπρεπὲς
1310 700 1752 769 δυσωπούμενος,

193 820 310 869 εγνω
344 798 890 868 προκαταλαμϐάνειν
952 796 1214 859 ἐκείνους,
1276 796 1367 847 καὶ
1410 793 1653 862 πέμψας
1697 794 1754 845 ἐν

193 894 495 966 ἀπορρήτοις
543 890 645 961 τὴν
706 891 772 943 ἐκ
835 888 1164 954 Νοστόγγων
1239 885 1755 955 Ταρχανειὼτισσαν

192 984 578 1057 ὃμαιμονοῦσαν
604 983 681 1053 τῷ
714 982 984 1052 Κομνηνῷ
1026 982 1248 1054 Ἰωάννη
1270 980 1363 1034 καὶ
1413 980 1482 1031 τὰ
1527 978 1756 1031 ἐκείνων

193 1083 240 1147 ἐξ
268 1082 429 1147 ἀρχῆς
455 1079 765 1147 φρονοῦσαν
802 1077 926 1144 ἄγει
969 1075 1095 1146 παρ’
1127 1073 1324 1143 ἐαυτῷ,
1357 1073 1451 1126 καὶ
1479 1070 1755 1125 κοινοῦται

198 1174 334 1242 ταύτῃ
362 1174 420 1225 τὸ
468 1171 738 1240 σκέμμα,
793 1171 889 1224 καὶ
937 1168 1072 1239 προς
1116 1166 1361 1229 ἐκείνους
1409 1166 1498 1219 διὰ
1550 1166 1756 1233 ταύτης

193 1265 547 1337 πρεσϐεύεται,
585 1264 681 1317 καὶ
714 1264 868 1332 ζητεῖ
894 1264 1018 1325 τοὺς
1077 1258 1303 1314 ἐκείνων
1349 1258 1619 1329 πρώτους,
1662 1258 1755 1311 καὶ

195 1360 401 1429 μάλιστα
420 1359 549 1420 τοὺς
578 1355 833 1424 τυφλοὺς,
879 1353 1129 1423 Λάζαρόν
1180 1369 1238 1406 τε
1283 1352 1377 1405 τὸν
1432 1351 1755 1421 Γοριανίτην

193 1453 271 1505 καὶ
296 1453 377 1503 τὸν
416 1449 757 1519 Περιστέρην
787 1449 1095 1517 Μακάριον,
1128 1440 1275 1514 ἐφ’ᾧ
1311 1444 1406 1498 καὶ
1451 1446 1579 1514 περὶ
1630 1443 1756 1496 τού-

193 1562 279 1595 των
302 1543 444 1610 σφίσι
472 1540 1000 1610 συνδιασκέψασθαι.
1041 1540 1149 1592 Καὶ
1175 1538 1241 1607 δὴ
1266 1538 1559 1606 ἐφίσταται
1592 1537 1689 1607 μὲν
1717 1538 1750 1606 ἡ

196 1635 374 1704 μοναχὴ
400 1632 574 1702 γραῦς
600 1632 861 1702 ἁσμένοις
893 1632 1004 1694 τοῖς
1034 1631 1306 1700 μοναχοῑς,
1352 1630 1670 1697 ἐκλέγονται
1698 1630 1754 1682 δὲ

195 1729 301 1794 παρ’
328 1724 502 1779 αὐτῶν
526 1728 644 1787 τοῖς
685 1724 905 1792 τυφλοῖς
939 1722 1157 1790 σύναμα
1189 1723 1239 1773 οἱ
1270 1723 1378 1774 τῶν
1424 1721 1599 1776 ἄλλων
1622 1739 1756 1791 προ-

196 1821 401 1888 ἔχοντες,
433 1822 531 1872 καὶ
559 1822 645 1881 εἰς
668 1820 828 1873 πέντε
866 1817 1208 1879 ποσωθέντες
1242 1814 1751 1880 ἐξαποστέλλονται.

197 1903 356 1980 Ὦνδὴ
386 1908 535 1980 [254]
580 1910 677 1961 καὶ
728 1908 838 1961 τῶν
866 1908 1075 1959 νυκτῶν
1116 1907 1256 1975 ἀωρὶ
1312 1905 1537 1976 μηδενὸς
1590 1907 1751 1960 ἄλλου

198 2002 464 2064 συνειδότος
519 2001 785 2067 προσόδου
825 2000 960 2069 πρὸς
1003 1999 1227 2064 βασιλέα
1276 1999 1675 2067 τυγχανόντων,
1705 2002 1754 2055 οἱ

197 2094 522 2164 περὶτούτων
550 2092 829 2146 κινοῦνται
853 2092 1001 2160 λόγοι
1026 2108 1039 2121 ·
1064 2093 1155 2143 καὶ
1181 2090 1433 2161 βασιλεὺς
1458 2092 1609 2145 οὐδὲν
1631 2093 1758 2165 ἇιλλο

200 2187 627 2256 προύργιαίτερον
657 2185 795 2255 ἔχων
824 2185 856 2255 ἢ
890 2186 1040 2247 ὅπως
1075 2185 1170 2253 μὲν
1199 2185 1259 2237 τὸ
1293 2186 1386 2237 ἐπὶ
1403 2188 1522 2248 ταῖς
1552 2185 1757 2256 πράξε-

202 2295 268 2332 σιν
292 2278 594 2350 ἀμώμητον
626 2280 829 2347 σχοῖεν,
865 2278 959 2330 ἐπί
993 2295 1049 2330 τε
1081 2278 1385 2349 χειροτονία
1425 2278 1627 2348 δηλαδὴ
1656 2295 1760 2333 πα-

198 2372 423 2441 τριάρχου
483 2372 584 2424 καὶ
608 2373 732 2439 *τοῖς
772 2370 1000 2434 λοιποῖς,
1052 2372 1201 2433 ὅπως
1252 2370 1309 2423 δὲ
1358 2372 1449 2424 καὶ
1484 2372 1759 2442 ἀρχιερεῖς

196 2551 384 2608 duobus
415 2550 607 2606 adhuc
663 2551 1022 2618 viventibus,
1083 2550 1381 2607 Athanasio
1429 2559 1483 2605 et
1533 2550 1757 2619 Joanni,

196 2644 536 2714 patriarcham
592 2645 1053 2709 superinducere,
1089 2646 1347 2716 quoniam
1381 2646 1470 2700 hic
1511 2647 1587 2700 illi
1624 2648 1757 2704 sub-

198 2746 397 2805 rogatus
463 2738 586 2807 jam
644 2738 751 2793 rite
794 2739 1184 2801 renuntiasset,
1242 2739 1430 2809 reique
1500 2739 1761 2796 indecen-

197 2828 309 2885 tiam
380 2832 638 2897 veritus,
707 2847 1093 2903 praeoccupare
1145 2848 1559 2904 provocareque
1613 2837 1758 2891 ultro

196 2923 253 2976 ad
304 2938 483 2991 pacein
562 2925 885 2980 Arseniatas
926 2928 1166 2993 statuit;
1209 2937 1521 2999 arcauoqute
1584 2932 1758 2985 accita

198 3013 654 3081 Tarehaniotissa,
682 3033 748 3073 ex
797 3017 1003 3074 familia
1057 3018 1487 3090 Nostongorum,
1520 3037 1759 3078 consan-

194 3108 367 3174 guinea
409 3107 646 3164 Joannis
672 3108 964 3175 Comneni,
998 3128 1163 3181 quam
1214 3114 1499 3169 mulierem
1549 3116 1759 3172 sciebat

198 3194 271 3250 isti
317 3212 347 3251 a
399 3199 678 3268 principio
712 3210 875 3257 secta:
911 3202 1210 3259 adhaesisse
1261 3220 1533 3275 nosseque
1589 3207 1761 3278 ipsius

198 3288 391 3353 intima,
422 3292 471 3347 ei
520 3293 806 3363 colloquio
835 3307 1050 3349 secreto
1077 3297 1450 3351 communicat
1495 3299 1627 3368 quid
1657 3316 1747 3355 co-

194 3381 390 3449 gitaret,
420 3401 602 3457 eaque
622 3386 921 3455 interprete
951 3403 1077 3441 cum
1115 3391 1452 3459 primoribus
1485 3394 1755 3450 Arscnia-

196 3481 352 3530 tarum
399 3480 537 3547 agit,
589 3479 750 3534 caecis
806 3480 1065 3550 pracipue
1106 3482 1346 3548 duobus,
1395 3482 1605 3541 Lazaro
1643 3486 1753 3543 Go-

194 3568 371 3624 rianite
399 3580 454 3629 et
493 3572 738 3628 Macario
777 3572 1076 3636 Peristera,
1111 3585 1170 3630 ut
1203 3579 1469 3647 congredi
1503 3595 1568 3636 ac
1606 3580 1753 3638 deli-

195 3657 368 3717 berare
398 3679 591 3720 secum
616 3664 686 3721 de
720 3666 815 3720 tali
850 3668 1071 3737 negotio
1103 3669 1321 3724 vellent.
1360 3669 1562 3726 Laetum
1605 3674 1753 3731 hunc

191 3763 312 3811 anus
334 3757 606 3812 monacba
632 3759 1038 3827 gratulantibus
1072 3761 1358 3817 monachis
1387 3764 1577 3818 attulit
1604 3780 1749 3819 nun-

192 3846 330 3904 tium.
360 3848 656 3918 Eliguntur
683 3854 754 3907 ab
779 3854 864 3910 his
888 3854 1072 3909 subito
1097 3863 1294 3926 praeter
1331 3856 1522 3913 ambos
1571 3873 1751 3916 caseos

192 3939 270 3993 alii
295 3958 324 3997 e
345 3953 513 4001 sectae
541 3945 906 4016 principibus,
928 3963 1233 4016 omnesque
1249 3952 1494 4020 quinque
1518 3967 1750 4008 numero

190 4036 426 4091 nittuntu
442 4055 506 4104 r;
537 4038 742 4109 quibus
761 4042 1088 4111 intempesta
1110 4051 1269 4096 nocte
1285 4043 1505 4098 nemine
1519 4043 1748 4100 conscio

190 4125 567 4184 admissionem
596 4130 663 4185 ad
701 4131 1001 4200 Augustum
1041 4133 1240 4198 nactis,
1266 4132 1430 4205 355
1476 4137 1559 4205 agi
1590 4138 1656 4191 de
1688 4151 1748 4193 re

190 4222 452 4276 communi
477 4223 684 4279 mutuis
711 4225 969 4294 utrinque
992 4226 1340 4282 sermonibus
1377 4236 1616 4296 coeptum
1639 4239 1742 4284 est.

188 4306 241 4363 in
266 4308 361 4366 hac
386 4315 722 4371 tractatione
749 4316 1194 4384 antiquissimum
1224 4319 1358 4373 illud
1390 4330 1443 4375 et
1475 4331 1603 4376 ante
1629 4337 1747 4375 om-

190 4399 265 4452 nia
309 4406 755 4461 commendatunt
810 4408 1109 4479 imperator
1160 4410 1434 4477 obtinens,
1489 4419 1549 4466 ut
1593 4424 1742 4469 sarta

187 4496 417 4563 lectaque
453 4511 635 4551 rerum
669 4498 884 4565 publice
936 4499 994 4554 in
1020 4498 1266 4556 Ecclesia
1309 4505 1738 4559 eonstitutarum

189 4589 472 4643 auctoritas
532 4600 802 4655 maneret,
849 4591 987 4647 ratis
1029 4592 1284 4649 videlicet
1325 4595 1740 4667 inculpatisque

189 4672 434 4733 habendis
466 4681 815 4736 ordinatione
848 4685 1172 4751 patriarchae
1220 4687 1470 4753 actisque
1523 4690 1738 4746 caeteris

190 4774 285 4822 ttuu
303 4773 453 4824 nulla
501 4775 768 4828 movenda
810 4775 1088 4844 episcopis
1118 4776 1225 4845 jam
1255 4779 1444 4833 electis
1472 4782 1740 4836 saeratis-

186 4872 279 4925 que
303 4871 479 4918 status
509 4862 755 4932 ipsorum
785 4866 1179 4931 controversia,
1214 4883 1313 4921 nec
1344 4868 1740 4927 intercedendo

186 4953 460 5016 quominus
483 4954 612 5024 jure
648 4971 814 5025 quam
840 4958 1047 5026 optimo
1075 4958 1128 5013 in
1162 4975 1260 5013 sua
1287 4960 1527 5030 quisque
1554 4962 1738 5032 digni-

186 5046 281 5095 tate
306 5046 626 5111 persisteret
662 5048 812 5118 (nam
845 5048 913 5104 de
944 5053 1468 5107 commemoratione
1511 5051 1737 5123 Josephi

186 5146 291 5198 qua:
349 5138 556 5191 dudum
602 5149 889 5195 exarserat
935 5144 1232 5207 contentio,
1276 5144 1388 5213 jam
1436 5155 1775 5200 evanueratr

187 5221 576 5298 deglutitusque
613 5231 794 5287 omnis
827 5230 898 5287 de
933 5233 1026 5288 illa
1063 5248 1121 5289 re
1151 5236 1448 5303 scrupulus
1477 5237 1643 5306 erat),
1679 5238 1735 5293 in

188 5311 286 5368 hac
315 5325 371 5372 ut
413 5322 799 5379 consentirent
822 5325 1148 5388 Arseniatae,
1180 5328 1369 5382 multis
1401 5330 1584 5384 verbis
1615 5346 1735 5386 tna-

185 5420 376 5481 gnoque
416 5414 602 5469 studio
633 5418 882 5486 urgebat,
921 5432 988 5473 ne
1024 5420 1068 5474 si
1099 5435 1260 5475 secus
1302 5422 1416 5486 ﬁat,
1454 5422 1727 5493 inquiens,

186 5506 401 5566 pacanda
444 5518 598 5576 parte
634 5525 743 5565 una
775 5526 902 5580 pars
933 5526 1128 5567 rursus
1175 5515 1344 5568 altera
1379 5517 1733 5585 perturbetur

182 5590 473 5666 iterumque
507 5602 841 5669 repullulent
868 5605 1147 5668 scandala,
1183 5622 1310 5661 cum
1341 5608 1500 5662 nobis
1533 5626 1734 5665 curan-

184 5681 294 5738 dum
318 5689 385 5742 sit
412 5703 469 5744 ut
492 5695 816 5751 universalis
859 5698 1109 5765 quaedam
1161 5711 1215 5753 et
1250 5701 1522 5757 universis
1548 5718 1730 5773 (equa-

185 5771 351 5832 biliter
382 5784 673 5849 superfusa
709 5802 811 5855 pax
843 5800 1040 5844 cuncta
1097 5791 1493 5859 entnplcctatur
1548 5813 1563 5848 :
1613 5771 1727 5849 huc

184 5867 331 5937 enim,
381 5876 581 5943 aiebat,
637 5881 990 5946 communia,
1041 5884 1262 5951 Opinor,
1316 5896 1562 5939 nOstruni
1607 5901 1727 5940 oru-

1860 606 2205 672 μνημόσυνον
2241 609 2336 663 καὶ
2368 607 2724 677 προπέποτο),
2757 608 2921 671 πολὺς
2975 606 3045 680 ἦν
3098 612 3267 677 ἀξιῶν
3313 617 3451 683 πρὸς

1857 692 2052 754 ταῦτα,
2089 696 2163 765 μή
2196 713 2329 759 πως,
2366 698 2521 765 φησὶ,
2556 699 3048 766 καταστορεϐἐντος
3111 703 3309 772 μέρους
3356 707 3449 775 μέ-

1859 804 1951 855 ρος
1978 783 2133 851 αὖθις
2164 790 2484 843 ἁνασοὸωῖτο
2514 793 2608 843 καὶ
2643 792 2809 846 πάλιν
2858 795 3105 866 ἁναζῷεν
3147 798 3216 850 τὰ
3280 802 3448 853 σκαν-

1857 881 2010 946 δαλα,
2054 884 2170 938 ἀλλ’
2199 885 2295 954 ὅλη
2338 902 2419 948 τις
2453 890 2544 940 καὶ
2575 890 2658 956 ἐφ’
2687 889 2831 952 ὅλοις
2877 892 3068 963 εἰρήνη
3129 895 3444 966 ἐπισχεοείη

1858 975 1969 1035 τοῖς
2002 974 2315 1044 πράγμασι.
2344 976 2517 1029 Τοῦτο
2548 979 2677 1047 γὰρ,
2706 981 2860 1049 φησὶ,
2897 984 2991 1035 καὶ
3030 982 3091 1035 τὸ
3152 984 3450 1048 σπουδαζό-

1861 1080 2039 1132 μενον.
2073 1066 2136 1116 Ol
2163 1069 2343 1134 μέντοι
2372 1084 2435 1135 γε
2469 1087 2688 1138 μοναχοι
2716 1074 2783 1123 τα
2835 1073 2932 1140 μὲν
2959 1076 3088 1143 περὶ
3132 1076 3225 1129 τοῦ
3284 1094 3449 1147 γενη-

1860 1157 2087 1225 σομένου
2120 1158 2483 1230 πατριάρχου,
2511 1161 2657 1223 ὅπως
2697 1162 2761 1215 ἂν
2809 1165 3111 1239 ψηφισθεὶη
3166 1171 3258 1224 καὶ
3297 1172 3447 1234 ὅπως

1858 1252 2214 1319 χειροτονοῖτο
2271 1252 2364 1306 καὶ
2410 1253 2491 1317 τίς
2527 1250 2679 1320 οὗτος
2710 1257 2773 1328 δὴ
2801 1260 2895 1314 καὶ
2944 1261 3143 1325 ὁποῖος,
3186 1265 3276 1316 τὸν
3345 1263 3447 1331 μὲν

1857 1343 2003 1412 ἔχειν
2028 1343 2211 1411 ἔλεγον
2243 1346 2337 1397 καὶ
2375 1346 2638 1411 ἐπιεικῶς
2673 1351 2766 1403 ἐπὶ
2803 1352 2881 1419 τῷ
2926 1334 3213 1424 πράγματι
3271 1355 3444 1420 ἄξιον,

1856 1435 1955 1505 τὴν
1988 1435 2167 1505 ψῆφον
2191 1435 2237 1489 δ’
2257 1436 2422 1489 αὑτοῦ
2474 1440 2567 1492 καὶ
2601 1441 2697 1509 τὴν
2749 1445 3088 1513 χειροτονίαν
3140 1447 3213 1516 μὴ
3276 1448 3449 1517 πράτ-

1856 1543 1972 1579 τειν
1996 1526 2128 1591 ὅλως
2160 1528 2432 1598 ἀπέλεγον
2465 1533 2591 1596 τοὺς
2621 1535 2928 1604 ἀρχιερεῖς·
2969 1538 3107 1607 μηδὲ
3152 1540 3260 1609 γὰρ
3298 1541 3445 1594 ὅσιον

1859 1613 1996 1671 εἶναι
2020 1624 2514 1691 κατασεσεισμένον
2544 1626 2603 1690 ἐξ
2653 1629 2827 1699 ἀρχῆς
2888 1630 3195 1685 ὑποτιθέναι
3230 1634 3319 1686 τὶν
3358 1635 3449 1688 θέ-

1860 1709 2076 1781 μεθλον.
2125 1712 2263 1765 Ἀλλ’
2293 1715 2533 1779 ἐκείνους
2592 1721 2692 1786 μὲν
2746 1721 3050 1789 ἀπρακτεῖν
3102 1723 3163 1775 τὸ
3211 1724 3446 1794 πάμπαν

1860 1803 1957 1856 κα)⁵
1988 1804 2303 1874 ἡσυχάζειν,
2331 1807 2440 1861 ἐστ’
2474 1809 2538 1863 ἂν
2568 1813 2938 1876 καταστάντος
2969 1817 3308 1887 πατριάρχου
3360 1836 3446 1871 κο·-

1861 1895 2033 1965 μίμου
2060 1898 2128 1951 τὰ
2155 1900 2275 1952 κατ’
2298 1902 2492 1964 αὐτοὺς
2513 1902 2869 1970 ἐξετάζοιντο,
2907 1907 3103 1969 αὐτοὺς
3141 1909 3196 1961 δὲ
3229 1910 3322 1961 καὶ
3351 1909 3445 1973 οὓς

1860 1992 2146 2056 κοινωνοὺς
2173 1987 2317 2063 εἶχον
2349 1995 2435 2047 ἑτέ
2447 2011 2569 2063 ρους
2593 1996 2925 2064 ψηφίζεσθαι
2954 2016 2967 2030 °
3012 2005 3335 2071 χειροτονεῖν
3383 2003 3444 2058 δὲ

1858 2082 1947 2135 τὸν
1971 2083 2076 2136 τῶν
2101 2086 2540 2156 Μαρμαριτζίων
2578 2088 2877 2144 ἐπίσκοπον
2933 2094 3346 2163 προσκληθέντα
3379 2099 3442 2149 ἐκ

1858 2172 2081 2240 δύσεως,
2129 2176 2296 2248 ἄνδρα
2355 2180 2590 2249 γηραιὸν
2642 2182 2743 2250 μὲν
2798 2184 2897 2254 ἤδη
2935 2185 3158 2255 καὶτῆς
3210 2189 3443 2250 παλαιᾶς

1857 2269 2073 2338 ἐκείνης
2099 2270 2451 2339 χειροτονίας,
2482 2273 2590 2327 οὐδ’
2615 2275 2750 2336 ὅλως
2801 2274 2857 2328 δὲ
2906 2280 3020 2340 τοῖς
3052 2281 3257 2346 μεταξὺ
3302 2298 3447 2350 πρα-

1857 2358 2035 2432 χθεῖσι
2076 2364 2533 2431 κεκοινωνηκέναι
2576 2366 2824 2432 δόξαντα.
2880 2368 3191 2423 Ύπὲτεινον
3237 2372 3294 2425 δὲ
3349 2374 3442 2426 καὶ¹

1860 2545 1951 2600 nia
1978 2544 2034 2599 in
2062 2545 2167 2601 hoc
2221 2546 2442 2615 negotio
2473 2551 2760 2604 conveniri
2797 2559 3058 2620 Oportere
3098 2554 3337 2622 primum
3373 2558 3441 2613 de

1859 2653 2092 2709 persona
2142 2642 2495 2709 promovendi
2564 2644 2927 2712 patriarchae,
2973 2655 3087 2700 tum
3149 2649 3216 2703 de
3269 2649 3441 2718 ipsius

1858 2733 2214 2797 electoribus,
2268 2743 2548 2803 postremo
2585 2737 2653 2792 de
2685 2737 2778 2792 illo
2811 2753 2841 2792 a
2865 2755 2973 2809 quo
3019 2739 3068 2796 is
3097 2751 3247 2796 esset
3285 2744 3439 2795 ordi-

1858 2824 2098 2879 nandus.
2118 2825 2195 2880 Ae
2224 2826 2403 2880 virum
2428 2827 2646 2897 quidem
2669 2828 2737 2883 iis
2765 2830 2980 2885 abunde
3006 2840 3261 2885 ornatum
3291 2834 3439 2887 doti.

1862 2916 1965 2971 bus
1990 2925 2045 2972 et
2078 2918 2325 2973 moribus
2347 2920 2439 2989 qui
2477 2920 2898 2990 requirerentur
2924 2923 2978 2975 in
3024 2924 3338 2991 patriarcha
3366 2926 3435 2981 ad

1861 3009 2187 3076 Ecclesiam,
2217 3020 2379 3081 prout
2421 3028 2662 3083 praesens
2693 3014 2813 3082 ejus
2837 3023 3014 3069 status
3039 3029 3308 3084 posceret,
3339 3032 3440 3087 op-

1860 3105 1995 3160 time
2014 3104 2331 3173 regendam,
2369 3107 2570 3162 habere
2600 3123 2658 3161 se
2685 3110 2752 3161 ad
2786 3124 3029 3174 manum,
3052 3111 3213 3179 plane
3231 3112 3439 3167 honore

1855 3197 1955 3252 illo
2000 3197 2431 3268 dignissimum:
2488 3211 2742 3254 castorum
2793 3202 3111 3271 neutiquam
3160 3202 3243 3258 fas
3291 3220 3434 3272 esse,

1782 3284 1823 3338 C
1859 3302 2038 3357 neque
2073 3288 2123 3343 id
2174 3304 2416 3360 unquam
2466 3308 2525 3345 se
2569 3306 2856 3359 passuros,
2905 3292 3070 3366 hujus
3110 3294 3435 3351 electionem

1860 3382 2101 3452 permitti
2145 3384 2424 3455 suffragiis
2469 3387 2856 3456 episcOporum
2905 3389 2999 3458 qui
3049 3405 3197 3444 nunc
3226 3400 3435 3460 essent,

1856 3478 2060 3547 quippe
2092 3479 2156 3533 ad
2189 3493 2357 3533 unum
2385 3479 2628 3533 omnium
2649 3482 3158 3538 contaminatorum
3183 3485 3268 3540 vel
3300 3500 3463 3561 cou-~

1856 3568 2089 3623 scientia
2142 3574 2198 3624 et
2242 3571 2665 3640 participatione
2711 3573 3096 3630 scandalornm
3152 3576 3238 3633 his
3284 3585 3435 3635 retro

1854 3662 2017 3716 annis
2047 3670 2389 3719 versatorutu
2430 3665 2482 3718 in
2511 3664 2780 3731 Ecclesia,
2812 3667 2893 3722 vel
2918 3668 3246 3738 contagione
3275 3685 3432 3726 com-

1856 3753 2135 3811 munionis
2176 3768 2303 3808 cum
2341 3756 2666 3811 auctoribus
2702 3767 2795 3812 aut
2843 3760 3303 3830 approbatoribus
3338 3776 3435 3817 eo-

1856 3860 2018 3909 rum;
2052 3861 2082 3900 a
2113 3846 2371 3915 qualibus
2394 3848 2557 3901 etiam
2590 3849 2749 3903 electi
2793 3851 3042 3921 plerique
3074 3852 3439 3924 ordinatique

1853 3935 2058 4002 forent,
2087 3939 2212 3996 ideo
2241 3942 2437 3995 merito
2480 3943 2721 3998 universi
2754 3959 2785 3998 a
2818 3945 2942 4013 jure
2966 3945 3212 4018 δυσί-σεῦ
3245 3950 3298 4003 in
3325 3950 3439 4005 hac

1850 4032 2117 4088 electione
2137 4034 2473 4089 removendi.
2505 4033 2641 4089 Cum
2672 4036 2817 4089 enim
2847 4039 2960 4092 haec
3003 4038 3436 4097 fundamentum

1850 4125 2052 4195 negotii
2093 4125 2265 4181 totius
2302 4126 2448 4194 quod
2482 4142 2628 4182 nunc
2656 4136 2910 4197 ageretur
2952 4130 3094 4184 hand
3122 4131 3289 4187 dubie
3331 4134 3427 4200 sit,

1850 4219 2141 4276 manifeste
2171 4233 2441 4290 apparere
2472 4234 2635 4290 quam
2660 4219 2733 4275 sit
2765 4235 2991 4279 necesse
3025 4221 3157 4278 dare
3203 4241 3422 4280 omnem

1847 4326 2067 4382 Operam
2085 4320 2218 4367 utea
2242 4329 2635 4384 usquequaque
2649 4321 2839 4370 sancta
2856 4324 2909 4370 et
2929 4315 3439 4386 irrepreheusibilis-

1847 4405 1940 4471 sit,
1962 4420 2031 4461 ne
2055 4406 2103 4461 si
2128 4407 2550 4477 exceptionibus
2588 4409 2891 4477 reperiatur
2919 4407 3182 4475 obnoxia,
3213 4410 3423 4465 caduca

1843 4505 1899 4553 et
1927 4480 2223 4564 instabilis,
2255 4507 2445 4566 utpote
2475 4501 2528 4553 in
2560 4497 2679 4553 solo
2708 4498 2898 4553 mobili
2941 4498 3187 4561 fundata,
3224 4498 3431 4569 deprc-

1771 4631 1816 4686 Β
1843 4589 2117 4645 hendatur
2157 4591 2413 4645 universa
2475 4600 2777 4645 structura.
2824 4591 3003 4657 Quare
3038 4592 3265 4647 omnino
3297 4607 3431 4647 esse

1848 4682 2219 4738 necessarium
2241 4697 2431 4738 omnes
2470 4684 2738 4753 quinunc
2782 4683 3091 4737 habeantur
3139 4685 3432 4740 antistites

1844 4789 2039 4829 vacare
2059 4774 2348 4846 otiarique,
2372 4791 2473 4831 nec
2502 4775 2618 4845 ejus
2652 4774 2788 4829 ullas
2835 4779 3077 4831 muneris
3100 4777 3269 4849 356
3294 4794 3429 4848 ρον-ν

1847 4877 1929 4923 tes
1950 4867 2240 4937 attingere,
2273 4867 2448 4937 quoad
2475 4868 2808 4923 constitutus
2829 4868 2881 4922 in
2912 4872 3107 4923 throno
3141 4872 3429 4940 legitimus

1844 4976 2255 5031 canonicusque
2284 4961 2595 5033 patriarcha
2623 4974 2824 5016 causas
2855 4975 3045 5015 eorum
3077 4977 3421 5031 cognoscere

1843 5051 2022 5121 deque
2054 5053 2121 5108 iis
2150 5067 2249 5122 pro
2283 5061 2553 5121 potestate
2599 5060 2764 5122 queat
2793 5051 3116 5107 decernere.
3154 5052 3424 5111 Calculosr

1842 5158 2007 5214 porro
2023 5144 2090 5198 ad
2125 5144 2285 5212 hujus
2320 5144 2645 5198 electionem
2677 5156 2806 5199 sese
2838 5158 2904 5198 ac
2931 5153 3219 5199 consortes
3254 5160 3414 5199 com-

1841 5236 2121 5291 munionis
2168 5250 2353 5289 secum
2399 5236 2553 5304 ipsis,
2604 5236 2696 5305 qui
2727 5237 2834 5291 soli
2885 5252 3029 5291 nunc
3082 5238 3148 5291 ad
3198 5237 3249 5291 id
3298 5240 3421 5294 sint

1838 5329 2044 5395 idonei,
2077 5328 2322 5383 daturos.
2346 5328 2727 5384 Ordinatorem
2754 5344 2882 5385 vero
2916 5331 2995 5384 sic
3022 5330 3291 5398 designati
3319 5347 3415 5400 par-

1840 5426 2095 5477 triarcha:
2130 5432 2323 5491 putare
2379 5436 2436 5476 se
2459 5424 2849 5477 accersendum
2886 5438 2952 5477 ex
2983 5424 3228 5477 Occidun
3264 5434 3413 5478 trac-

1840 5525 1892 5569 tu
1918 5516 2211 5584 quemdam
2234 5516 2555 5585 episcopum
2577 5515 3102 5581 Marmarilziorum,
3127 5517 3412 5572 hominem

1837 5609 1992 5661 valde
2022 5623 2233 5673 senem,
2289 5618 2343 5661 et
2370 5607 2738 5663 ordinationis
2767 5608 3098 5678 antiquioris
3132 5625 3296 5677 quam
3352 5616 3417 5663 ut‘

1835 5700 1979 5755 infici
2011 5702 2250 5770 potuerit
2282 5701 2401 5754 labe
2432 5701 2537 5755 ulla
2570 5703 2971 5755 illaudabilium
2999 5713 3252 5755 actorum
3307 5718 3416 5773 pov

1832 5793 2036 5847 sterius
2062 5793 2237 5861 palam
2265 5795 2667 5857 admissurum;
2693 5810 2721 5846 a
2744 5808 2976 5862 quorum
3008 5803 3058 5847 et
3082 5794 3198 5863 ipse
3223 5795 3421 5850 hactev

1834 5899 1941 5940 nus
1992 5884 2415 5955 participatione
2455 5885 2607 5939 omni
2662 5901 2722 5941 se
2753 5900 2949 5954 purum
2977 5888 3291 5944 custodisse
3326 5889 3409 5946 vi-
