3860 6552
180 378 272 447 393
1068 378 1165 443 DE
1208 376 1656 445 ANDRONICO
1694 373 2165 442 PALJSOLOGO
2196 382 2341 442 LIB.
2376 378 2476 442 IV.

3295 382 3401 447 394
3471 414 3474 418 λ

181 505 268 557 xiv
299 498 489 573 ἐμμένῃ
546 498 719 573 ταύτῃ
778 497 876 553 κᾶν
926 498 1001 569 μὴ
1032 499 1342 570 ἐκθέμενκ,
1381 500 1456 574 μὴ
1486 502 1707 557 δυνατὴν
1738 505 1783 561 Α
1812 517 1903 551 νου
1936 499 2313 574 τοῦ-γέροντος
2344 497 2661 569 ἀντέχεσθαι
2691 498 2965 569 μω;).ητιῖις
2992 490 3162 572 οὗπερ
3200 503 3405 573 προθύ-

178 594 214 647 δ’
238 591 359 646 εἶναι
386 590 541 644 αὑτὸν
571 590 822 661 ἱερᾶσθαι
854 590 1044 644 τδάτιδ
1080 590 1254 655 τοῦδε,
1288 592 1365 662 μὴ
1407 592 1587 656 δόντος
1624 591 1721 661 δη-

179 685 289 753 λαδὴ
319 683 406 745 τὰς
442 682 593 745 δίκας
623 681 718 735 τοῦ
742 681 1044 753 Σηλυϐρίας
1062 683 1161 753 τῆς
1190 685 1269 746 εἰς
1290 683 1454 738 αὑτὸν
1470 682 1681 755 ὕϐρεως
1703 700 1717 713 ο

184 775 295 846 μηδὲ
323 775 418 843 γὰρ
443 773 665 827 δυνατὸν
684 768 828 827 εἶναι
846 774 1002 837 δίκας
1044 773 1266 844 ὑπέχειν
1289 774 1379 827 τὸν
1415 774 1491 846 μὴ
1521 775 1721 846 τρόπον

181 866 448 937 κατηγόρου
491 864 754 918 σταθέντα
805 865 938 934 μηδὲ
964 866 1240 938 προδήλως
1297 866 1619 937 ὑϐρίσαντα.
1661 867 1723 920 '0

184 960 433 1030 μέντοιγε
490 958 875 1027 Φιλαδελφείας
927 958 1234 1030 Θεόληπτος
1298 958 1435 1028 πρὸς
1484 959 1583 1030 τὴν
1624 960 1720 1014 τοῦ

160 1052 384 1119 ,Ἐφέσου
418 1049 662 1104 Ἰωάννου
688 1050 1019 1105 κατάστασιν
1072 1051 1273 1122 συνόδῳ
1310 1052 1458 1124 πάσῃ
1501 1051 1725 1123 διαμφι-

182 1142 384 1211 σδητῶν,
420 1141 479 1195 τὸ
511 1141 755 1195 ἐκποδὼν
783 1141 1038 1211 γενέσθαι
1078 1141 1170 1197 τὸν
1214 1143 1559 1215 πατριάρχην
1593 1145 1726 1215 ὁμο.-

181 1232 524 1301 γνωμονοῦντά
573 1235 622 1286 oi
681 1234 809 1304 περὶ
852 1234 1042 1288 τούτου
1092 1235 1192 1306 τῆς
1243 1235 1448 1299 οἰκείας
1496 1234 1722 1308 γνώμης

182 1325 435 1376 κατάλυσιν
486 1326 547 1377 τὸ
603 1325 827 1395 σύμπαν
876 1327 1159 1395 οίόμενος,
1221 1328 1388 1398 ἁπρίξ
1431 1347 1489 1384 τε
1546 1329 1721 1400 είχετο

182 1416 359 1478 τούτου,
397 1417 492 1469 καὶ
526 1416 605 1487 τῷ
629 1417 937 1488 Σηλυϐρίας
968 1418 1134 1472 ἐτίθει
1161 1420 1378 1485 δικαίας
1420 1423 1517 1486 τὰς
1566 1423 1721 1485 δίκας

181 1507 258 1575 τῆς
287 1507 666 1578 καθαιρέσεως.
714 1508 783 1562 δι’
811 1509 879 1572 ἃς
917 1513 1217 1582 ἀπρακτεῖν
1278 1514 1375 1566 καὶ
1420 1512 1482 1567 τὸ
1531 1513 1722 1567 δοκοῦν

182 1600 241 1660 είς
263 1600 407 1668 ὅρκον
438 1598 494 1663 ἐξ
531 1601 843 1667 ἀναγκαίων
876 1600 1034 1674 ᾤετο.
1101 1603 1411 1669 ’Δντέλεγον
1475 1606 1530 1660 δὲ
1575 1607 1725 1660 πλεῖ-

183 1707 291 1753 στοι,
320 1693 407 1744 καὶ
460 1694 696 1762 μάλιστα
732 1694 934 1766 ταύτης
973 1712 1037 1763 γε
1062 1696 1154 1749 καὶ
1204 1697 1358 1752 αὐτοὶ
1396 1700 1493 1769 τῆς
1539 1699 1720 1763 αἰτίας

182 1785 329 1847 ἕνεκα,
355 1786 450 1836 σὺν
480 1782 559 1848 οἷς
594 1786 688 1839 καὶ
721 1786 973 1856 βασιλεὺς
1014 1787 1176 1858 ὁρκον
1227 1788 1405 1858 ἔκρινε
1466 1789 1722 1858 μέγιστον

1827 608 1941 658 μως
1971 590 2234 654 ἐξίστατο.

1824 703 1920 757 λδ¹.
1958 702 2097 771 Περί
2148 703 2253 759 τοῦ
2299 707 2740 782 διαμηνύμαεο(
2785 707 2885 763 καὶ
2916 708 3025 765 τοῦ
3068 712 3259 782 λόγου
3293 708 3407 781 τῆς

2159 776 2519 846 συμϐουλῆς
2541 778 2647 834 τοῦ
2687 779 3069 836 Ἀθανασίου.

1897 863 1983 937 [Ρ.
2013 865 2139 938 2J6]
2184 868 2320 921 Ἀλλ’
2348 869 2408 921 ἐν
2435 871 2649 934 τούτοις
2679 870 2787 925 τῶν
2844 874 3184 944 πραγμάτων
3232 875 3405 929 ὄντων

1824 954 1980 1024 (Θεὸς
2027 956 2073 1009 δ’
2121 956 2289 1027 είδείη
2317 957 2436 1021 πῶς
2493 958 2666 1012 ταῦτα
2698 961 2795 1014 καὶ
2822 961 3133 1032 πέπρακτο)
3177 967 3406 1037 μοναχός

1823 1061 1907 1107 τις
1932 1045 2039 1098 τῶν
2061 1045 2307 1101 εύλαδῶν
2338 1046 2637 1102 δοκούντων
2698 1049 2797 1104 καὶ
2838 1050 3165 1122 ἐλλογίμων,
3210 1056 3408 1125 Μηνᾶς

1826 1133 2089 1208 τοῦνομα,
2120 1134 2420 1209 Σκωλήκης
2457 1139 2782 1211 τούπίκλην,
2818 1143 3095 1214 γνώριμος
3147 1144 3249 1214 μὲν
3283 1147 3409 1197 Ἑκο

1826 1225 2045 1306 ariusia,
2079 1228 2353 1300 γνώριμος
2374 1231 2431 1285 δέ
2475 1247 2538 1300 γε
2563 1233 2658 1287 καὶ
2707 1233 2936 1303 βασιλεῖ,
2978 1237 3274 1306 προσόδους
3327 1238 3409 1300 είς

1836 1316 2153 1371 Ἀθανάσιον
2177 1320 2267 1373 τὸν
2296 1323 2463 1375 πάλαι
2487 1326 3000 1395 πατριαρχεύςαντα
3027 1330 3089 1381 ἐκ
3118 1329 3407 1400 συνηθείας

1825 1409 2166 1476 ποιούμενος,
2194 1404 2373 1478 οὗτος,
2401 1414 2476 1477 ὡς
2503 1414 2756 1484 βασιλεὺς
2785 1418 2937 1486 ἔλεγε
2979 1420 3072 1473 καὶ
3105 1419 3301 1482 πάντες
3330 1421 3411 1483 ὼς

1823 1502 1967 1565 είκδς
1999 1503 2299 1570 ἐπίστευον,
2330 1508 2502 1577 μηνὸς
2540 1509 3009 1579 Ἑκατομϐαιῶνος
3062 1515 3409 1567 πεντεκαιδε-

1825 1592 1986 1664 κάτῃ,
2030 1595 2240 1665 ἡμέρας
2272 1596 2544 1669 ληγούσης
2574 1599 2887 1669 προσελθὼν
2919 1602 3128 1671 βασιλεῖ
3150 1603 3274 1666 τοὺς
3314 1605 3408 1658 ἐπὶ

1822 1684 1932 1737 τῶν
1956 1686 2226 1753 ἀγγελιῶν
2264 1690 2417 1760 ἠξίου
2440 1691 2733 1765 ἀναφέρειν
2756 1696 2882 1764 περὶ
2925 1696 3091 1749 αὑτοῦ
3136 1697 3211 1760 ὡς
3264 1699 3411 1769 ἐρεῖν

1823 1790 1877 1826 τι
1903 1773 2115 1845 ἔχοντος
2140 1778 2453 1847 ἀναγκαῖον.
2489 1783 2597 1837 Καὶ
2624 1784 2674 1836 οί
2705 1784 2807 1853 μὲν
2838 1785 3124 1856 ἀνέφερον,
3156 1785 3411 1855 βασιλεὺς

183 1878 229 1928 τὸ
258 1876 449 1947 λεχθέν.
479 1877 625 1947 [πλὴν
657 1878 703 1931 δ’
731 1879 847 1932 ἀλλ’
880 1880 929 1931 ει
950 1879 1211 1949 βούλοιτο,
1243 1882 1400 1951 φησι,
1432 1883 1715 1955 πατριάρ,
1751 1869 1792 1924 Β
1821 1864 1877 1917 δὲ
1908 1866 2187 1937 σχολάζων
2215 1872 2306 1923 ἐπ’
2340 1872 2659 1941 ἀναγκαίοις
2721 1876 2843 1928 τότε
2898 1877 2996 1945 μὲν
3058 1879 3411 1949 ὑπερετίθετο

182 1984 261 2035 χης
283 1967 674 2037 ἀναλαμϐάνειν
735 1971 829 2024 καὶ
862 1969 1006 2024 οὕτω
1031 1971 1121 2024 τὸν
1161 1972 1348 2042 θρόνον
1380 1974 1474 2027 καὶ
1518 1974 1618 2045 τὴν
1646 1992 1724 2029 τι-

187 2063 305 2128 μὴν,
346 2059 559 2131 Ξτοιμος
613 2057 754 2114 εἶναι
806 2062 900 2123 καὶ
961 2062 1123 2116 πάλιν
1171 2065 1376 2118 ἐκεῖνον
1446 2064 1722 2136 δέχεσθαι,

186 2150 437 2219 πιστεύων,
471 2146 647 2223 οἶμαι,
673 2152 751 2224 τῷ
782 2153 946 2220 τέλει,
983 2154 1057 2217 ὼς
1078 2154 1230 2208 οὐδὲν
1269 2157 1335 2210 ἂν
1362 2157 1724 2228 καταδεξομὲ-

190 2416 330 2487 quoad
354 2434 545 2490 ρωπος
578 2418 947 2495 Selyhriensis
987 2410 1141 2483 daret
1170 2428 1423 2499 irrogata:
1452 2432 1554 2501 ip’si
1590 2447 1726 2488 con-

191 2514 407 2568 tumeliae.
443 2514 630 2585 itaque
661 2518 854 2586 punito
892 2518 1051 2588 juxta
1090 2522 1213 2590 ejus
1253 2531 1436 2578 votum
1475 2522 1724 2597 Selybri-

189 2605 302 2664 ensi.
325 2606 458 2661 nihil
480 2607 812 2664 obstiturum
854 2613 1150 2681 quominus
1194 2613 1438 2670 Joannes
1481 2618 1725 2688 legitime

191 2693 232 2747 is
259 2697 439 2752 throno
490 2700 840 2768 persisteret.
883 2702 1088 2760 Verum
1134 2707 1508 2763 conditionem
1557 2709 1723 2765 istam

191 2790 294 2856 poni
324 2791 741 2862 haudquaquam
773 2810 959 2867 posse,
995 2796 1329 2868 adjiciebant
1370 2801 1556 2868 iidem,
1590 2818 1728 2874 quo-

190 2881 307 2935 niam
353 2883 566 2953 justum
618 2902 729 2941 non
779 2897 924 2942 esset
971 2888 1403 2960 Selyhriensem,
1454 2893 1547 2962 qui
1616 2910 1726 2949 non

190 2976 335 3040 palam
370 2993 428 3033 se
474 2988 758 3034 auctorem
808 2982 1182 3037 accusationis
1241 2985 1594 3047 ostendisset,
1632 2985 1726 3038 sed

191 3071 272 3123 sub
320 3073 413 3126 iide
468 3074 658 3129 arcani
704 3088 817 3129 rem
869 3074 939 3129 ab
989 3077 1097 3132 alio
1128 3077 1373 3133 auditam
1423 3079 1731 3135 communi-

190 3172 376 3221 casset.
430 3166 611 3232 poenis
670 3165 1057 3222 calumniatori
1128 3169 1325 3225 debitis
1377 3170 1592 3239 subjici.
1657 3175 1728 3227 At

194 3253 648 3322 Philadelphiensis
689 3256 1045 3327 'i‘heoleplus.
1081 3260 1174 3329 qui
1225 3261 1367 3317 circa
1430 3264 1732 3320 restitutio—

193 3362 287 3398 ιιι-ιιι
314 3345 538 3402 Joonnis
575 3348 831 3418 Eplicsiui
865 3350 1071 3420 synodo
1101 3352 1368 3408 universa:
1417 3355 1732 3425 rel'ragaba-

192 3447 279 3503 tur,
310 3440 511 3501 videns,
546 3442 591 3495 si
623 3452 999 3497 removeretur
1024 3458 1056 3498 a
1112 3446 1377 3515 regimine
1418 3448 1730 3517 patriarcha

192 3526 235 3580 in
271 3529 359 3585 hoc
390 3532 494 3585 sibi
545 3544 739 3587 contra
783 3532 1049 3602 judicium
1102 3536 1338 3592 aliorum
1396 3539 1730 3604 asscntiens,

193 3622 378 3676 unicum
417 3639 531 3694 quo
573 3627 844 3680 niteretur
895 3627 1331 3683 subtrahendum
1361 3645 1474 3685 sua:
1504 3639 1730 3687 senten-

194 3715 261 3767 tia:
286 3716 577 3778 tibicinem,
608 3718 753 3771 unde
786 3718 933 3771 illam
961 3718 1104 3773 haud
1134 3719 1301 3776 dubie
1333 3723 1625 3778 contrariis
1649 3730 1730 3779 tot

194 3806 383 3862 aliorum
408 3808 839 3865 auctoritatibus
870 3812 1305 3878 succubituram,
1349 3812 1491 3869 ﬁxus
1520 3813 1731 3870 irrevo-

194 3899 406 3955 rabililer
443 3903 727 3972 perstabat
769 3904 822 3956 in
856 3919 963 3957 non
1010 3905 1371 3973 permittenda
1404 3916 1730 3963 exauctora-

195 3991 313 4043 tioue
342 3990 584 4058 Joannis,
619 3995 761 4046 viam
792 3994 1036 4048 eamdem
1070 4009 1099 4049 a
1141 3994 1416 4065 plerisque
1466 3998 1733 4066 graviori—

198 4082 277 4135 bus
330 4086 511 4138 initam
573 4092 768 4140 tenens
819 4084 887 4140 de
934 4084 1293 4154 jurisjurandi
1344 4086 1560 4141 vinculo
1605 4102 1731 4143 vere

197 4173 298 4242 ipsi,
326 4177 409 4229 sed
440 4177 541 4232 sub
570 4176 884 4231 conditione
916 4179 1178 4234 duntaxat
1207 4178 1429 4233 innexo.
1460 4178 1726 4233 Caeterum

197 4265 342 4321 aiebat
374 4271 547 4337 positu
574 4261 815 4322 'iacilem
853 4277 907 4322 et
949 4270 1097 4323 salva
1134 4270 1345 4341 justitia
1389 4271 1729 4326 exsecutioni

197 4361 525 4415 mandabi!em
561 4359 725 4413 istam
762 4358 1129 4415 conditionem
1165 4361 1584 4431 esse.Adeoque
1613 4376 1731 4414 ma-

198 4465 400 4519 gnopere
453 4453 687 4523 urgebat
740 4460 798 4506 ut
849 4452 1214 4523 Selybriensis
1260 4462 1483 4523 propter
1526 4464 1729 4509 temere

1825 1957 1924 2026 τὴν
1948 1959 2276 2031 είσαγωγὴν,
2309 1962 2541 2034 πέμπων
2563 1964 2619 2017 δὲ
2667 1967 2997 2033 προσέταττε
3034 1967 3125 2039 ip.
3150 1968 3278 2042 247]
3315 1970 3413 2041 μέ-

1827 2063 1936 2100 νειν
1966 2050 2052 2117 ἐφ’
2083 2043 2236 2121 ᾧπερ
2261 2052 2401 2106 κατὰ
2426 2053 2621 2126 σχολὴν
2673 2056 2973 2127 εἰσαχθείη.
3030 2060 3140 2113 Καὶ
3186 2059 3245 2121 ὃς
3303 2061 3409 2125 ἔξω

1829 2138 2056 2213 μένωνκ
2085 2142 2159 2207 ὼς
2206 2141 2309 2214 ἢδη
2360 2144 2457 2210 νὺξ
2489 2141 2566 2216 ,ἦν
2623 2149 2716 2200 καὶ
2769 2150 3090 2220 περιαργῶν
3139 2152 3407 2222 καθῆστο,

1827 2400 2178 2474 dignitatem,
2216 2424 2246 2463 α
2281 2420 2385 2480 qua
2440 2417 2551 2465 tum
2599 2424 2846 2484 prompte
2879 2411 3276 2489 obﬁrmateque
3325 2434 3412 2475 re-

1830 2499 2117 2556 cessisset.

1827 2613 1921 2670 54.
1957 2615 2030 2671 De
2058 2618 2256 2673 indicio
2282 2621 2594 2693 imperatori
2620 2622 2770 2693 facto
2808 2624 3171 2693 prwdt'ctt'onis
3202 2636 3251 2680 et
3275 2642 3408 2682 con-

2394 2692 2506 2747 silii
2536 2692 2840 2747 Athanasii.

1911 2780 2016 2836 Sed
2051 2798 2175 2838 cum
2206 2781 2311 2839 hoc
2351 2792 2497 2841 statu
2532 2801 2616 2841 res
2658 2794 2871 2851 essent,
2903 2787 3130 2859 contigit
3164 2789 3411 2861 (ιιονετίι

1830 2886 2012 2930 autem
2040 2876 2179 2932 Deus
2202 2868 2409 2934 casune
2434 2893 2502 2934 an
2535 2890 2652 2935 arte
2670 2880 2982 2950 contigerit)
3018 2891 3075 2935 ut
3102 2885 3409 2941 monachus

1830 2968 2051 3037 quidam
2106 2984 2172 3024 ex
2214 2970 2529 3027 celebribus
2572 2970 2715 3026 fama
2765 2972 3048 3041 religionis
3092 2984 3145 3029 et
3189 2975 3405 3033 dotium

1834 3063 2239 3129 praestantium,
2260 3063 2483 3121 nomine
2505 3062 2710 3129 Menas,
2734 3074 3101 3133 cognomento
3127 3065 3404 3135 Scoleces,

1831 3153 1899 3207 de
1927 3169 2036 3223 quo
2072 3162 2125 3208 et
2151 3150 2405 3212 Ecclesiae
2433 3165 2489 3212 et
2518 3156 2834 3225 imperatori
2861 3168 3053 3214 notum
3087 3169 3205 3214 erat
3229 3164 3408 3217 solere

1838 3244 1992 3301 illum
2028 3263 2095 3302 ex
2126 3253 2291 3320 longo
2321 3248 2559 3305 subinde
2581 3250 2734 3305 adire
2757 3265 2820 3306 ac
2839 3252 3015 3309 visere
3044 3255 3405 3309 Athanasium

1838 3339 2306 3409 expatriarcham,
2359 3343 2610 3413 contigit,
2670 3343 2919 3414 inquam,
2980 3354 3039 3400 ut
3086 3346 3175 3402 hic
3219 3349 3407 3418 (prout

1838 3431 2059 3501 quidem
2119 3431 2415 3501 imperator
2458 3434 2751 3498 referebat,
2802 3437 2917 3503 cui,
2943 3452 3161 3503 omnes,
3210 3450 3267 3493 ut
3308 3455 3409 3509 par

1836 3530 1978 3586 erat,
2016 3523 2146 3577 talia
2182 3524 2428 3578 narranti
2461 3524 2768 3598 credidere)
2801 3529 3010 3584 mensis
3035 3529 3282 3587 Januarii
3319 3532 3409 3588 die

1836 3616 2029 3687 quinta
2058 3615 2270 3672 decima
2305 3616 2412 3674 sub
2437 3617 2569 3673 solis
2596 3633 2855 3675 occasum
2907 3621 2976 3676 ad
3022 3623 3406 3694 imperatorem
3431 3609 3451 3638 ⁸

1837 3707 2109 3764 accedens
2134 3709 2553 3766 admissionales
2582 3722 2798 3781 rogaret
2822 3721 2880 3768 ut
2917 3730 2979 3771 se
3008 3716 3073 3770 2d
3104 3720 3408 3788 principem

1838 3797 2272 3864 introducerent,
2300 3802 2587 3858 habentem
2625 3803 2829 3873 aliquid
2856 3808 2998 3860 scitu
3024 3806 3124 3876 ipsi
3154 3824 3408 3865 necessa«

1841 3889 1983 3944 rium
2032 3893 2418 3947 nuntiandum.
2450 3892 2505 3947 id
2541 3895 2620 3948 illi
2661 3895 2730 3949 ad
2769 3896 3157 3975 irriper'atoreg
3193 3901 3408 3958 detule-

1838 3995 1992 4047 runt,
2022 3983 2115 4054 qui
2148 3993 2277 4040 tunc
2322 3996 2621 4056 occupatus
2668 3962 2898 4057 negotiis
2942 3962 3263 4060 urgerﬁbus
3312 3997 3409 4048 ad-

1842 4073 2163 4128 missionem
2188 4075 2445 4131 monachi
2488 4077 2730 4144 distulit,
2758 4078 2931 4135 misso
2969 4089 3151 4136 tamen
3183 4083 3249 4137 ad
3282 4101 3405 4139 eum

1839 4165 1931 4236 qui
1958 4165 2178 4235 jnheret
2206 4174 2551 4237 exspectare,
2578 4168 2761 4238 quoad
2790 4173 3060 4241 expeditis
3090 4187 3211 4243 qua:
3237 4174 3410 4231 insta-

1838 4267 1981 4322 rent,
2018 4258 2293 4313 audiendo
2322 4258 2372 4315 ei
2419 4276 2515 4330 per
2550 4262 2722 4317 utinm
2761 4272 3002 4319 vacaret.
3030 4263 3216 4320 Menas
3258 4276 3410 4335 post-

1839 4364 2002 4419 quam
2039 4361 2187 4405 cxtra
2216 4353 2396 4406 velum
2428 4356 2716 4423 opperiens
2747 4354 2840 4409 diu
2870 4355 2995 4409 inde
3025 4354 3254 4413 feriatus
3276 4373 3407 4411 con-

1838 4443 2076 4509 sederat,
2119 4444 2460 4514 compellalis
2511 4462 2729 4501 rursum
2785 4447 3075 4515 ministris,
3122 4460 3181 4504 ut
3208 4466 3406 4519 quam-

199 4542 442 4610 \'ulgalum
475 4544 543 4598 de
576 4542 892 4614 patriarcha
940 4542 1133 4597 falsum
1168 4544 1373 4600 crimen
1408 4545 1728 4615 episcopatu
1767 4566 1810 4621 υ
1839 4534 2075 4604 primum
2114 4537 2531 4604 admitteretur,
2574 4538 2796 4593 institit.
2833 4538 3031 4595 Verum
3061 4540 3309 4611 Augusto
3338 4543 3407 4599 de

198 4646 526 4701 amoveretur,
551 4651 616 4690 ac
648 4642 726 4690 sic
758 4635 868 4688 voti
920 4650 1146 4704 compos
1196 4646 1248 4691 et
1286 4636 1427 4690 nodo
1459 4644 1730 4705 susceptas

201 4726 444 4797 religionis
473 4729 612 4783 iiber
657 4727 898 4784 Joannes
950 4729 1152 4783 throno
1199 4728 1559 4799 patriarchali
1608 4730 1732 4782 red-

201 4818 411 4875 deretur.
459 4820 596 4876 liuic
635 4822 883 4892 plerique
937 4823 1339 4893 repugnabant,
1384 4824 1618 4876 maxime
1648 4821 1733 4875 ni-

202 4918 350 4965 tentes
377 4929 433 4966 ea
464 4929 627 4984 quam
682 4913 915 4966 iudicavi
965 4914 1127 4967 ducta
1172 4930 1238 4968 ex
1288 4913 1555 4981 injustitia
1604 4914 1730 4969 talis

203 5003 793 5062 damnationis-ratione.
833 5008 1043 5073 Quibus
1081 5023 1139 5062 se
1188 5006 1520 5077 adjungehat
1553 5010 1730 5078 impe-

204 5106 343 5163 rator,
378 5100 482 5152 νιιιί
504 5099 829 5168 juramenti,
861 5109 914 5154 et
943 5101 1160 5169 quidem
1200 5100 1439 5161 tnaxinii.
1476 5100 1527 5154 in
1552 5098 1731 5154 verbis

206 5185 397 5243 Joannis
462 5196 563 5246 vim
616 5192 757 5246 haud
806 5191 970 5246 dubie
1016 5192 1421 5261 agnoscendum
1472 5206 1751 5257 rensens,,

206 5291 288 5331 nec
316 5282 519 5337 modum
550 5302 613 5339 ea
654 5282 981 5353 ilel'ungendi
1016 5299 1109 5352 per
1138 5282 1380 5352 iniquam
1415 5283 1731 5354 Selybrien-

208 5369 270 5423 sis
295 5379 692 5443 oppressionem
719 5378 975 5447 probans.
1002 5376 1250 5433 Addebat
1282 5376 1419 5430 idem
1454 5387 1660 5440 tamen,
1685 5376 1731 5429 si

210 5465 276 5514 vel
305 5467 378 5517 sic
405 5471 706 5535 patriarcha
736 5468 893 5521 vellet
919 5470 1178 5521 thronum
1204 5478 1256 5521 et
1280 5468 1540 5521 honorem
1580 5484 1735 5522 resu-

209 5566 349 5618 mere,
365 5570 598 5626 paralum
638 5576 697 5615 se
732 5575 855 5615 esse
868 5558 1030 5630 359
1052 5574 1244 5613 rursus
1267 5560 1579 5621 admittere.
1603 5574 1734 5615 con-

210 5642 389 5724 ﬁdens”
411 5651 618 5719 opinor,
652 5652 786 5705 nihil
828 5654 894 5705 ad
940 5661 1243 5707 extremum
1279 5667 1344 5706 es
1389 5650 1488 5705 hac
1524 5652 1737 5721 profes-

210 5737 335 5794 tione
386 5760 477 5795 sua
520 5756 706 5799 contra
763 5761 916 5811 8118111
966 5760 1122 5798 suam
1166 5756 1477 5797 secuturum
1513 5763 1526 5799 ε
1562 5762 1735 5816 neque

213 5831 331 5883 enim
351 5833 629 5890 adductum
665 5837 730 5889 iri
766 5851 951 5889 senem
979 5836 1043 5888 ad
1075 5834 1439 5904 recipiendam
1470 5836 1733 5905 probrose

423 5930 677 5992 Damon.
722 5931 838 5990 Gn.
874 5929 971 5991 CX
987 5932 1053 5989 Li
1071 5931 1145 5994 ι’.

1836 4629 1939 4684 hoc
2000 4630 2196 4686 iterum
2248 4632 2553 4693 admonito.
2604 4640 2883 4700 perstante
2925 4633 3099 4688 nihilo
3137 4635 3318 4692 minus
3347 4638 3401 4692 in

1832 4723 2047 4790 ereptis,
2079 4732 2136 4777 et
2186 4730 2398 4776 tantum
2451 4724 2743 4793 pollicente
2778 4724 2927 4779 brevi
2966 4740 3025 4782 se
3058 4726 3207 4781 illum
3244 4745 3404 4784 voc-ao

1835 4823 2044 4879 turum,
2082 4817 2146 4868 ad
2198 4832 2262 4871 ea
2312 4817 2611 4886 impatiens
2664 4833 2829 4873 morae
2885 4822 3232 4876 monachus:
3273 4840 3290 4873 ι
3331 4826 3400 4876 At

1833 4909 1989 4979 quid,
2022 4908 2223 4978 inquit,
2256 4909 2498 4978 proderit
2526 4923 2613 4963 me
2646 4909 2808 4979 paulo
2839 4919 2962 4979 post
2987 4911 3192 4977 vocari,
3224 4927 3400 4982 quan-

1834 5001 1904 5057 do
1939 5000 2151 5057 scilicet
2180 5001 2467 5055 nuntiandi
2504 5000 2712 5055 utiliter
2743 5001 2889 5071 quod
2954 5017 3152 5058 novum
3207 5012 3261 5061 et
3310 5022 3403 5061 ur-

1832 5109 1966 5167 gens
1997 5092 2193 5158 aiiero,
2222 5100 2436 5163 tempus
2477 5091 2791 5148 efﬂuxerit?
2822 5113 2843 5145 ι
2881 5094 2995 5152 iioc
3024 5096 3143 5166 ejus
3190 5097 3397 5152 dictum

1836 5191 2021 5244 statim
2069 5188 2384 5256 imperatori
2417 5188 2790 5242 renuntiatum
2818 5204 3004 5242 curam
3047 5189 3259 5245 scilicet
3301 5192 3402 5245 ad-

1837 5283 2005 5335 movit
2052 5297 2234 5337 acrem
2270 5280 2632 5350 cognoscendi
2680 5281 2942 5335 continuo
2976 5281 3121 5353 quod
3156 5283 3402 5352 inopina-

1837 5383 1953 5427 tum
1991 5381 2044 5426 et
2084 5373 2344 5427 momenti
2377 5388 2483 5427 non
2518 5371 2756 5442 vulgaris
2801 5374 2867 5424 ad
2917 5387 2974 5427 se
3002 5371 3200 5426 deferri
3233 5386 3403 5443 appao

1834 5474 1998 5521 reret.
2054 5466 2195 5537 Ergo
2245 5466 2294 5522 is
2336 5463 2623 5520 confestim
2680 5463 2843 5535 360
2894 5465 3239 5519 introductus
3298 5462 3403 5521 soli

1836 5564 1991 5617 solus
2021 5561 2265 5629 Augusto
2298 5561 2439 5615 hanc
2467 5560 2771 5614 orationem
2807 5558 2996 5611 habuit
3027 5572 3043 5611 :
3096 5575 3116 5608 ι
3175 5556 3402 5613 Domine

1838 5652 1910 5706 mi
1956 5653 2291 5722 imperator,
2344 5652 2472 5705 mihi
2523 5656 2844 5704 consuetum
2880 5656 2963 5702 est
3012 5649 3077 5702 ad
3114 5647 3397 5707 dominum

1838 5748 2201 5801 Anathasium
2240 5746 2409 5800 certis
2469 5754 2771 5811 temporum
2812 5741 3118 5797 intervallis
3155 5741 3294 5797 itare
3321 5744 3404 5798 vi-

1840 5837 1991 5891 sundi
2040 5852 2226 5890 causa.
2265 5835 2340 5889 ΕΟ
2402 5851 2555 5889 more
2610 5835 2673 5885 ad
2732 5835 2875 5885 hunc
2925 5833 3085 5887 llmlic
3132 5834 3407 5903 proicczus

2855 5924 2925 5984 13
