3768 6550
410 376 517 438 399
1592 380 1847 441 GEORG
1863 379 1898 438 ἰ)

2136 374 2444 436 ῘΥΜΕΒΕ
3538 376 3624 440 ἆθθ

411 489 546 551 ζειν.
582 488 726 559 Πλὴν
750 489 807 542 τὸ
833 489 929 560 μὲν
959 491 1105 561 κήδε’
1132 490 1372 563 ἑφῆφθαι
1424 491 1738 562 Ῥωμαίοις,
1772 491 1978 557 ἔλεγον,
2013 492 2056 547 Α
2087 485 2511 557 θαυμαστδςῖμὲν
2532 486 2734 563 ἐκεῖνος
2755 484 2954 552 δόξειεν
2972 482 3056 547 ἂν,
3082 483 3403 555 μακαριστοὶ
3426 484 3627 558 [Ρ.25θ1

409 580 506 636 καὶ
532 580 702 635 ταῦτα
733 582 800 636 τὰ
825 584 1055 653 μέγιστα
1089 578 1166 639 ὧν
1189 586 1325 656 ἀκοῇ
1371 585 1809 656 παρειλήφαμεν,
1864 581 1986 635 οὔτε
2086 577 2140 631 δὲ
2175 578 2264 632 καὶ
2294 579 2453 648 ἡμεῖς
2478 576 2821 646 λογιζοίμεθα
2856 576 2932 640 ὡς
2959 576 3057 629 οὐκ
3088 577 3317 641 ἐκείνου,
3350 577 3464 630 ἀλλ’
3496 580 3629 649 ἡμῶν

416 675 661 745 μάντεως
683 675 806 729 οὔτε
836 678 941 747 μὴν
966 680 1240 748 προῳήτου
1271 680 1445 732 εἰπεῖν
1486 677 1757 748 χρῄζοιεν.
1826 675 1898 727 Th
1929 674 1986 728 δὲ
2087 683 2150 737 γε
2179 668 2339 738 χάριν
2386 670 2487 739 τῆς
2517 670 2876 740 προρρήσεως
2942 667 3247 737 γεγονυίας.
3307 668 3628 738 Κρύπτεσθαι

407 767 502 822 καὶ
536 766 716 821 θεόθεν
747 767 1249 839 ὀργιζομένου,.καὶ
1278 771 1343 830 ἃς
1378 770 1505 840 εἴπῃ
1531 787 1613 832 τις
1665 769 1732 823 ἂν
1784 768 1982 831 αἰτίας,
2090 761 2187 831 μὲν
2215 756 2306 814 οὖν
2337 761 2539 814 ἐκεῖνον
2563 762 2655 813 καὶ
2679 759 2753 831 μὴ
2780 758 3183 830 φανερούμενον
3225 760 3547 831 ἔκφανεροῦν
3576 764 3629 817 τὰ

410 858 620 912 πολλῶν
649 876 711 928 γε
750 859 943 924 οὐσῶν,
975 861 1262 933 ὲξαίρομεν
1318 862 1499 933 μέντοι
1560 861 1655 914 καὶ
1709 860 1985 930 ἁμαρτίας
2087 851 2207 905 θεῖα
2233 852 2529 921 μυστήρια,
2559 850 2694 921 πρὸς
2725 851 2805 921 τῷ
2842 849 2916 921 μὴ
2941 849 3152 916 ἔνδοξον
3176 846 3313 903 εἶναι
3367 851 3502 904 κατὰ
3545 853 3631 922 τὴν

407 951 506 1015 τὰς
555 951 651 1005 τοῦ
700 951 823 1006 καθ’
876 952 1125 1020 ἕκαστον,
1176 953 1533 1025 Χριστιανούς
1570 969 1635 1023 γε
1679 951 1836 1014 ὂντας
1893 950 1986 1004 καὶ
2087 942 2335 1014 Γραφὴν.
2366 942 2460 995 καὶ
2492 942 2810 1005 κινδυνῶδες
2843 941 3192 995 καθίσταται·
3217 939 3326 994 Καὶ
3362 942 3481 994 ὅσον
3506 943 3632 1012 ἡμᾶς

408 1044 808 1114 πρεσδεύοντας
832 1046 1087 1117 πρόνοιαν
1117 1046 1264 1111 εξκδς
1297 1048 1519 1109 εννοεῖνν
1564 1046 1655 1099 καὶ
1698 1045 1750 1099 ετ
1791 1045 1843 1113 γ’
1893 1043 1987 1096 ἐπὶ
2087 1033 2235 1087 δίκαι
2267 1032 2711 1103 περιελεύσονται
2761 1032 3286 1103 κατωλιγωρηκότας
3330 1030 3549 1096 δίκαιαι,
3590 1036 3629 1087 εἰ

407 1137 613 1200 τούτοις
642 1138 676 1208 ἡ
719 1138 811 1192 ἐπὶ
837 1137 931 1192 τοῦ
974 1138 1221 1207 λιπαρῶς
1254 1136 1390 1192 Θεοῦ
1445 1137 1660 1192 δέεσθαι
1710 1135 1982 1207 συμϐουλὴ
2084 1125 2183 1189 τὰς
2212 1126 2393 1188 αἰτίοις
2421 1126 2627 1188 ἐκεῖνος
2658 1123 2804 1193 λέγει
2860 1124 2954 1177 τοῦ
3007 1122 3287 1192 δαιμονίου
3332 1123 3629 1193 μηνίματος.

402 1230 479 1294 ὡς
511 1229 847 1301 εὐμενὶζοιτὸ
876 1247 934 1284 τε
988 1231 1082 1284 καὶ
1131 1230 1303 1302 ὲλεῴη
1367 1218 1603 1295 ἵσταται,
1672 1228 1986 1298 θαυμαστὸν
2086 1217 2257 1281 οὕτως
2288 1217 2481 1288 ἐκείνῳ
2513 1218 2799 1287 σιγήσαντι
2830 1217 2889 1271 τὸ
2916 1216 3007 1269 διὰ
3049 1216 3376 1286 κηδεμονίαν
3421 1233 3633 1287 προορα-

401 1320 575 1373 οὐδέν.
608 1319 929 1373 Τούναντιον
958 1320 1056 1389 μὲν
1091 1319 1183 1374 οὖν
1217 1318 1283 1374 ἂν
1320 1318 1631 1389 θαυμαστὸν
1654 1319 1703 1371 si
1731 1318 1987 1388 εὐθηνοῦ-
2087 1311 2177 1366 θὲν
2198 1311 2438 1376 κίνδυνος
2460 1312 2872 1383 περιστήσεται.
2904 1310 2977 1363 Τὸ
3008 1310 3053 1363 δ’
3097 1310 3190 1363 ἐπὶ
3243 1310 3451 1373 τούτοις
3504 1311 3632 1382 ἱστᾷν

404 1428 489 1465 σιν
508 1414 564 1475 ἐς
595 1411 741 1466 ἅπαν
773 1412 866 1466 καὶ
891 1411 1042 1465 οὐδὲν
1075 1411 1255 1481 ἔχουσι
1284 1410 1527 1481 λυπηρὸν
1575 1410 1834 1481 προέλεγὲ
1902 1425 1986 1474 τις
2084 1402 2146 1456 τὸ
2203 1402 2387 1473 θαῦμα
2450 1402 2525 1474 μὴ
2565 1402 2664 1465 τὰς
2711 1402 2890 1466 αἰτίας
2925 1400 3172 1469 λέγοντα.
3224 1402 3320 1454 καὶ
3364 1400 3554 1462 ταύτας
3579 1402 3630 1455 οὗ

401 1505 472 1558 τὰ
498 1504 724 1575 φοϐερὰ,
761 1504 826 1557 ἂν
856 1504 990 1563 τέως
1023 1503 1337 1567 ἀπέϐαινον,
1370 1503 1504 1556 ὅπου
1543 1518 1608 1571 γε
1666 1501 1762 1557 καὶ
1800 1502 1983 1565 Ἰωνᾶς
2085 1494 2274 1556 κοινὰς
2304 1491 2400 1547 καὶ
2431 1493 2687 1562 συνήθεις
2707 1491 2785 1563 τῷ
2808 1492 3020 1562 κόσμῳ.
3049 1491 3164 1545 ἀλλ’
3198 1491 3330 1555 ἴσως
3374 1490 3505 1553 ιδίας
3553 1493 3631 1544 καὶ

405 1598 757 1651 ὑπωπτεύετο
780 1596 1086 1658 Νινευΐταις
1113 1593 1359 1665 τρυφῶσι
1410 1594 1570 1666 μέχρι
1641 1593 1736 1648 καὶ
1789 1591 1980 1663 ἀκοῆς,
2086 1588 2432 1655 καινοφανείς
2502 1585 2782 1655 ἄντικρυς,
2849 1583 2924 1655 μὴ
2974 1584 3070 1637 καὶ
3117 1584 3296 1654 ἑαυτῷ
3353 1600 3437 1647 τις
3484 1583 3633 1651 λέγων

404 1689 520 1742 ἀλλ’
547 1690 607 1741 οὐ
642 1690 857 1759 πείρας,
887 1688 1189 1741 σταθέντων
1212 1688 1316 1741 τῶν
1347 1687 1629 1756 λυπηρῶν.
1663 1688 1725 1740 Ei
1778 1686 1835 1739 δὲ
1886 1686 1982 1739 καὶ
2084 1679 2309 1733 τοιαῦτα
2338 1679 2648 1749 περιποιοίη
2690 1679 2783 1732 τὸν
2829 1677 3156 1748 θαυμασμὸν
3184 1677 3536 1746 συναρπάζοιν
3555 1680 3633 1747 μό-

408 1782 740 1853 προφητεέας
774 1781 969 1852 ἁξιῷτό
1007 1799 1089 1843 τις
1138 1781 1229 1833 ἐπὶ
1273 1778 1351 1850 τῷ
1388 1780 1572 1833 πλέονι
1616 1779 1723 1834 τῶν
1768 1778 1978 1843 κακῶν,
2013 1845 2057 1904 Β
2084 1789 2174 1826 νον
2207 1770 2483 1835 καὶδόξαν
2519 1770 2852 1842 θηρώμενος.
2877 1769 3062 1824 Ταῦτα
3088 1769 3339 1838 λέγοντες
3384 1768 3526 1840 δῆλοι
3550 1770 3634 1837 μὲν

408 1966 781 2020 admonebant
823 1964 934 2031 alii,
982 1977 1421 2035 magnopereque
1450 1977 1609 2019 secus
1649 1959 1983 2031 suspicando
2086 1957 2237 2013 tibus
2285 1954 2727 2011 denuntiatorem
2779 1951 2956 2010 cladis
2996 1963 3273 2041 extremm,
3322 1966 3448 2022 qua:
3495 1966 3631 2008 aures

407 2058 800 2114 incumbebant
850 2056 915 2110 ad
966 2058 1364 2126 reprobaudam
1411 2063 1578 2111 totam
1621 2072 1773 2123 rem;
1815 2070 1979 2126 quam
2084 2054 2262 2108 solum
2300 2054 2420 2109 sine
2451 2052 2562 2107 ullo
2591 2051 2945 2123 experientiae
2985 2067 3152 2107 sensu
3187 2052 3500 2121 perculerit,
3531 2066 3633 2108 sese

405 2165 510 2205 nec
562 2149 887 2204 dubitabant
930 2149 1203 2220 appellare
1251 2149 1629 2219 operationem
1681 2147 1981 2204 adversarii
2085 2153 2313 2215 repente
2372 2145 2643 2215 objecisse
2711 2136 2991 2199 Nini’vitis.
3065 2144 3363 2199 Enimvero
3425 2144 3471 2201 si
3529 2145 3633 2213 quis

407 2240 654 2312 spiritus,
697 2240 788 2295 Dei
828 2241 1061 2310 gloriam
1097 2240 1355 2307 furantis,
1393 2256 1453 2297 ea
1493 2255 1613 2311 qua:
1641 2240 1752 2297 Deo
1779 2255 1981 2297 conve-
2084 2238 2251 2294 nobis
2304 2253 2436 2295 vero
2488 2237 2794 2309 prophetiae
2837 2237 3035 2307 spiritu
3079 2253 3140 2293 se
3192 2237 3366 2293 aliiari
3415 2238 3634 2294 evidenti

411 2336 572 2389 niunt
616 2331 1008 2404 praeripiendo,
1037 2341 1096 2387 ut
1125 2348 1357 2404 magnus
1386 2334 1534 2405 loqui
1571 2334 1782 2390 solebat
1806 2336 1983 2390 Anto-
2084 2331 2458 2401 experimento
2490 2332 2647 2386 fidem
2680 2330 2904 2394 faceret,
2933 2345 3047 2385 rem
3078 2329 3270 2401 utique
3299 2329 3635 2387 manifestans

408 2426 553 2482 nius.
624 2424 743 2487 Non
774 2426 1035 2481 deerant
1083 2425 1176 2496 qui
1231 2426 1487 2483 humanis
1546 2425 1850 2497 disciplinis
1913 2442 1981 2483 ex
2086 2424 2329 2478 humano
2372 2423 2593 2494 ingenio
2621 2422 3084 2479 inscrutabilem:
3133 2436 3359 2477 causam
3406 2421 3635 2477 videlicet

408 2518 798 2575 observatione
826 2518 1161 2573 naturalium
1200 2518 1479 2590 signorum
1518 2518 1787 2588 eiusmodi
1818 2535 1986 2575 even.
2084 2516 2285 2572 divina!
2327 2518 2382 2572 in
2434 2531 2536 2571 nos
2584 2516 2713 2577 irae.
2755 2530 2879 2586 qua:
2921 2529 3194 2571 summum
3245 2514 3512 2570 malorum
3552 2529 3636 2569 nos

404 2620 497 2666 tus
531 2609 775 2681 praesciri
823 2623 889 2665 ac
934 2611 1154 2683 praedici
1185 2610 1530 2681 disputarent
1561 2625 1744 2681 posse.
1779 2611 1985 2671 Omnes
2086 2608 2395 2680 urgentium
2431 2624 2619 2666 revera
2667 2611 2874 2664 malum
2905 2616 3010 2672 est,
3043 2609 3192 2664 hunc
3234 2607 3389 2677 justa
3439 2607 3634 2677 quidem

404 2714 591 2759 tamen
644 2704 1036 2775 requirebant,
1087 2703 1235 2759 velut
1300 2703 1716 2759 fundamentum
1770 2715 1982 2763 certum
2087 2702 2454 2758 admiratione
2513 2716 2978 2773 prosequeremur
3024 2718 3039 2756 :
3088 2703 3184 2757 sed
3229 2710 3284 2757 et
3317 2701 3501 2767 ,simul
3556 2714 3639 2755 nos

406 2797 752 2852 stabiliendae
784 2798 851 2853 de
883 2798 988 2853 hoc
1019 2797 1240 2868 negotio
1267 2810 1410 2851 verte
1448 2798 1762 2860 sententiae,
1794 2798 1988 2868 cogni-
2088 2795 2280 2851 beatos
2336 2802 2747 2864 reputaremus,
2799 2809 3034 2867 quorum
3088 2794 3302 2851 scilicet
3336 2793 3393 2848 in
3428 2794 3634 2864 gratiam

403 2892 610 2945 tionem
635 2906 880 2962 persona!
902 2906 965 2946 ac
998 2889 1377 2960 nominisejus
1396 2905 1507 2960 quo
1530 2890 1599 2943 de
1619 2901 1982 2959 quaereretur,
2087 2903 2152 2944 ac
2205 2886 2446 2943 fructum
2496 2888 2851 2958 peculiarem,
2904 2903 3016 2943 non
3065 2896 3248 2943 autem
3293 2887 3350 2942 in
3385 2888 3636 2957 propriam

408 2986 511 3039 rati
556 2985 804 3055 quandiu
856 2985 905 3041 is
957 2986 1024 3040 de
1087 2984 1225 3040 faeie
1271 2984 1412 3038 foret
1462 3000 1527 3039 ac
1580 2984 1689 3040 vita
1740 2985 1983 3053 ignotus,
2086 2983 2171 3038 sui
2217 2980 2566 3051 jactantiam.
2605 2981 2882 3051 ejusmodi
2931 2992 3081 3037 esset
3117 2997 3184 3037 ex
3233 2982 3348 3037 alto
3399 2982 3637 3053 inspirata

403 3085 633 3130 cunctas
651 3078 705 3130 in
729 3091 854 3130 eum
877 3076 1175 3145 quamlibet
1197 3076 1456 3130 sinistras
1474 3083 1622 3129 recte
1642 3075 1985 3145 suspiciones
2089 3073 2444 3143 praedictione
2477 3074 2819 3143 perfunctus.
2846 3073 3126 3129 Abscondi
3152 3089 3281 3129 vero
3312 3075 3490 3145 ipsum
3513 3083 3561 3130 et
3582 3090 3635 3129 ex

404 3169 620 3225 cadere.
650 3170 943 3235 Caeterum,
977 3169 1227 3224 nonnulli
1255 3168 1497 3233 aiebant.
1530 3170 1634 3224 hac
1665 3177 1987 3238 tempestate
2013 3201 2056 3260 ρ
2089 3166 2310 3220 occnlto
2328 3180 2517 3220 vocem
2539 3166 2777 3231 mittere,
2802 3174 3166 3238 praeterquam
3189 3167 3473 3233 indecens,
3494 3168 3635 3224 etiam

406 3260 903 3330 :tdintelligendum
923 3259 1326 3330 dicendumque
1350 3259 1671 3330 ingruerein
1693 3259 1856 3333 364
1876 3258 1985 3315 Ro.
2024 3257 2055 3260 ’“
2082 3257 2241 3329 juxta
2307 3258 2679 3314 testimonium
2730 3258 3032 3329 Scriptura:
3075 3258 3238 3331 365
3290 3261 3636 3330 periculosum

406 3366 602 3409 manes
631 3352 955 3416 infortunia,
980 3361 1038 3406 et
1065 3367 1126 3408 ea
1154 3353 1377 3423 quidem
1404 3351 1646 3409 omnium
1674 3368 1797 3422 qua:
1819 3352 1985 3408 fando
2086 3360 2191 3408 est.
2225 3352 2305 3407 Ac
2333 3362 2540 3423 quanto
2568 3367 2671 3408 nos
2695 3352 2857 3423 plecti
2887 3353 3096 3425 justius
3119 3353 3386 3408 immissis
3409 3354 3639 3409 divinitus

404 3445 720 3500 audivimus
768 3444 1025 3510 maxima,
1073 3458 1176 3499 nec
1227 3453 1350 3498 vate
1395 3457 1496 3498 ncc
1534 3445 1798 3513 propheta
1847 3459 1987 3515 Opus
2087 3444 2342 3500 cladibus
2378 3444 2733 3499 manifestum
2766 3444 2938 3509 fieret,
2972 3444 3064 3499 ubi
3093 3444 3370 3499 declarata
3408 3460 3503 3512 per
3535 3460 3639 3500 eum

405 3536 708 3599 habemus,
762 3535 1096 3604 experientia
1139 3534 1357 3604 publica
1415 3535 1467 3590 id
1521 3520 1719 3603 cuique
1765 3534 1985 3590 abunde
2087 3538 2249 3592 nobis
2302 3538 2464 3607 culpa
2516 3546 2708 3592 nostra
2748 3538 3030 3608 quapiam,
3064 3551 3186 3607 quae
3212 3536 3456 3591 divinam
3480 3537 3529 3591 in
3557 3551 3640 3591 nos

405 3636 771 3684 monstrante.
815 3627 870 3683 in
916 3642 982 3682 eo
1032 3628 1210 3682 solum
1264 3641 1398 3683 usus
1442 3634 1590 3683 esset
1632 3633 1685 3680 et
1720 3626 1894 3681 mirus
1930 3634 1985 3681 et
2086 3629 2524 3699 indignationem
2573 3631 2917 3693 concitaret,
2962 3645 3061 3685 nos
3110 3630 3166 3683 in
3224 3644 3286 3684 ea
3340 3628 3640 3701 corrigenda

407 3724 669 3792 optabilis
699 3722 983 3776 monitoris
1013 3721 1277 3775 divinitus
1308 3720 1985 3790 aﬂlati,siquisindigna-
2088 3740 2285 3795 segnes
2338 3740 2610 3791 essemus,
2661 3734 2812 3781 tanto
2866 3724 2945 3780 illi
2998 3739 3114 3780 rem
3156 3732 3369 3779 tantam
3414 3732 3468 3780 et
3517 3725 3640 3779 Sciit!

408 3816 574 3870 tionis
628 3814 719 3869 Dei
777 3813 1080 3868 manifesta:
1106 3814 1216 3883 jam
1251 3813 1305 3866 in
1337 3828 1436 3868 nos
1466 3828 1703 3869 arcanas
1736 3821 1790 3867 et
1824 3814 1983 3870 nobis
2088 3818 2328 3874 maxime
2360 3818 2548 3873 utilem
2581 3817 2802 3879 celanti,
2839 3816 3108 3887 siquidem
3143 3817 3247 3871 scit
3280 3816 3450 3887 (seire
3474 3826 3634 3871 autem

407 3908 569 3961 uosie
612 3908 892 3976 ignoratas
927 3922 956 3960 e
992 3906 1130 3960 ccelo
1170 3905 1400 3960 edoctus
1451 3906 1719 3961 iudicaret
1760 3922 1983 3964 causas.
2089 3913 2269 3981 ipsum
2301 3919 2542 3981 oportet,
2576 3909 2619 3965 si
2650 3910 2913 3980 propheta
2958 3909 3032 3965 sit
3073 3924 3088 3962 :
3139 3924 3265 3963 nam
3317 3909 3425 3966 hoc
3464 3923 3639 3965 nomen

408 3997 609 4069 Nempe
640 4000 693 4053 in
728 4014 924 4070 genere
959 3997 1180 4068 quidem
1223 4003 1456 4060 scimus,
1489 4009 1762 4069 quotquot
1791 3999 1984 4054 imbuti
2089 4006 2284 4059 mereri
2330 4004 2444 4060 sola
2500 4002 2918 4058 denuntiatione
2961 4016 3141 4057 rerum
3189 4016 3313 4072 qua!
3362 4017 3393 4056 ιι
3444 4003 3641 4056 nemine

407 4092 740 4153 Christianis
774 4091 1085 4161 disciplinis
1120 4091 1500 4145 administrari
1534 4091 1797 4145 mundum
1828 4106 1986 4162 aequa
2090 4096 2413 4167 ignorantur
2465 4096 2886 4164 haudquaquam
2935 4093 3159 4163 potest),
3196 4103 3374 4159 tanto,
3413 4094 3638 4162 inquam,

405 4196 459 4241 et
498 4188 733 4256 sapienti
772 4185 1115 4256 providentia
1154 4184 1645 4254 persuasissimum
1696 4184 1985 4248 habemus,
2089 4188 2181 4246 isti
2216 4188 2460 4246 reticenti
2485 4188 2630 4257 quod
2655 4187 3002 4259 porissimum
3038 4188 3349 4257 publicasse
3372 4188 3640 4251 debuerat,

405 4281 646 4350 peccatis
676 4280 886 4348 utique,
918 4277 1102 4347 qualia
1135 4276 1385 4351 quootidie
1414 4275 1646 4345 plurima
1678 4283 1986 4345 patrantur,
2089 4283 2311 4351 gravius
2354 4281 2601 4334 imminet
2632 4280 2929 4347 periculum
2963 4281 3189 4335 rationis
3230 4296 3296 4335 ex
3337 4281 3458 4349 ipso
3487 4296 3515 4334 a
3548 4279 3642 4332 Deo

406 4375 541 4427 iram
586 4371 675 4426 Dei
703 4378 894 4425 contra
930 4369 1181 4423 homines
1215 4366 1459 4421 armari:
1490 4367 1770 4435 quodnam
1801 4375 1985 4421 tamen
2090 4374 2397 4441 repetenda
2448 4372 2592 4425 male
2636 4374 2775 4442 gesti
2833 4356 3152 4427 ministerii.
3204 4371 3440 4429 Tantum
3496 4374 3643 4444 igitur

404 4465 752 4535 potissimum
786 4468 1036 4515 nostrum
1072 4459 1280 4514 crimen
1310 4458 1425 4512 haec
1457 4457 1565 4513 sub
1593 4458 1798 4526 quibus
1826 4456 1989 4513 hodie
2091 4465 2354 4520 absumus
2401 4478 2430 4517 a
2470 4462 2792 4534 judicando.
2832 4464 2999 4519 istum
3054 4464 3372 4534 quicunque
3420 4475 3522 4529 est,
3560 4464 3640 4533 qui

405 4558 674 4625 genimus
693 4555 901 4625 flagella
928 4552 1280 4616 ulciscantur,
1315 4560 1375 4605 ut
1398 4552 1799 4621 incompertum
1827 4550 1988 4606 nobis
2022 4566 2066 4622 ι)
2096 4555 2205 4623 peti
2236 4570 2339 4611 nos
2364 4554 2684 4611 caelestibus
2715 4554 2969 4625 ﬂagellis,
3002 4556 3146 4626 quod
3175 4557 3350 4612 cuivis
3379 4567 3463 4613 est
3491 4559 3643 4613 notis-

407 4656 514 4705 est,
569 4645 642 4697 ita
698 4653 845 4699 esset
892 4642 1244 4696 utilissimum
1299 4640 1510 4695 doceri.
1556 4639 1650 4694 Sic
1698 4639 1868 4701 enim,
1919 4655 1986 4692 eo
2091 4647 2317 4713 simum,
2345 4647 2658 4710 denuntiat,
2698 4645 2834 4700 illud
2874 4658 3054 4702 autem
3086 4658 3246 4711 tacet,
3276 4650 3549 4719 quodnam
3582 4648 3645 4704 ob

403 4734 773 4799 emendando,
815 4733 938 4788 fons
975 4733 1245 4787 malorum
1290 4741 1479 4801 posset
1516 4730 1751 4786 obstrui.
1791 4728 1888 4784 Cor

2156 4750 2343 4794 istrum
2386 4740 2567 4795 scelus
2597 4738 2760 4807 vulgo
2790 4739 3194 4809 incompertum
3233 4755 3331 4795 nec
3358 4757 3466 4796 non
3496 4741 3644 4795 forsi-

405 4829 538 4881 lium
593 4839 728 4879 sane
776 4823 883 4878 Deo
926 4823 1297 4892 supplicandi,
1333 4834 1389 4877 ιιι
1422 4811 1709 4893 propitiari
1749 4836 1810 4874 se
1841 4822 1885 4874 si

2152 4848 2184 4886 n
2235 4832 2674 4902 insuspicaltile,
2723 4846 2787 4887 ac
2845 4831 2942 4887 ubi
2996 4831 3408 4887 manifestatum
3459 4833 3640 4895 fuerit,

403 4929 457 4975 et
506 4918 681 4972 nostri
736 4916 1088 4980 misereatur,
1140 4915 1208 4970 iis
1262 4922 1577 4984 suggestum
1609 4912 1703 4981 qui
1734 4911 1891 4966 vindit

2156 4938 2292 4976 tvum
2345 4922 2751 4993 appariturum,
2797 4922 2889 4977 illa
2935 4922 3257 4989 desaeviant,
3300 4923 3644 4978 admiratione

405 5011 604 5065 divina:
623 5009 801 5079 plagis
826 5023 971 5063 nunc
999 5008 1235 5062 maxime
1257 5004 1701 5078 flagrantissimis
1725 5011 1985 5069 uruntur,
2090 5011 2315 5079 dignum
2352 5027 2496 5077 esse,
2542 5019 2603 5065 ιιι
2652 5021 2843 5068 contra
2872 5015 3059 5081 potius
3095 5013 3478 5069 existimemus
3506 5013 3644 5066 itlum

408 5102 543 5157 nihil
580 5102 746 5156 habet
777 5100 1028 5156 mirabile
1055 5114 1121 5154 ac
1150 5097 1460 5170 prudentia:
1489 5095 1730 5166 vulgaris
1763 5095 1986 5150 modum
2091 5102 2341 5157 aﬂ'cctata
2371 5104 2477 5161 ista
2510 5105 2888 5161 occultatione
2913 5106 3000 5161 sui
3025 5105 3235 5176 justam
3263 5107 3422 5163 nobis
3449 5118 3646 5161 morere

405 5193 705 5249 excedens.
763 5191 1004 5263 Agnosci
1053 5190 1273 5261 quidem
1339 5190 1481 5242 forte
1538 5196 1728 5257 posset
1784 5187 1985 5257 suspici
2091 5194 2466 5263 suspicionem
2524 5196 2736 5251 callida;
2788 5207 3229 5269 (ιιιωειυοεεερυε
3293 5195 3642 5267 arroganti-.2,

404 5287 627 5357 dignum
657 5286 863 5354 aliquid
893 5293 946 5339 et
974 5292 1136 5354 captu
1156 5282 1412 5352 superius
1444 5280 1685 5336 humano
1712 5279 1766 5335 in
1800 5298 1863 5333 eo
1891 5280 1983 5349 qui
2088 5300 2320 5340 examen
2368 5286 2584 5355 quidem
2628 5302 2693 5341 ac
2739 5288 3141 5343 convictionem
3180 5289 3495 5351 metuentis,
3527 5287 3645 5342 sise

324 5402 341 5415 ν
405 5368 619 5433 consilii
648 5378 773 5432 talis
802 5376 1120 5446 inopinatus
1152 5383 1344 5427 auctor
1376 5378 1696 5442 exsurgeret
1723 5371 1776 5426 in
1811 5375 1985 5427 medio
2085 5376 2194 5445 jam
2228 5390 2372 5429 nunc
2404 5375 2743 5441 ostenderet,
2772 5377 3026 5447 plausum
3061 5394 3192 5433 vero
3218 5379 3644 5433 adutirationem-

405 5472 587 5541 populi
628 5470 802 5524 felicis
836 5481 887 5524 et
930 5467 1145 5523 cunctis
1185 5476 1392 5520 natura:
1437 5480 1501 5520 ac
1535 5464 1769 5519 fortuna:
1804 5466 1982 5530 bonis,
2088 5482 2194 5536 que
2221 5469 2543 5537 popularem
2576 5484 2701 5533 suo,
2734 5472 2828 5525 ubi
2862 5481 3134 5525 maturum
3164 5470 3351 5537 fuerit,
3381 5472 3433 5525 in
3466 5470 3643 5540 vulgus

364 5540 370 5557 ’
404 5540 523 5617 sine
558 5562 664 5616 ulla
714 5560 881 5616 sortis
925 5560 1166 5613 adversae
1212 5556 1530 5620 formidine,
1563 5554 1936 5610 florentissimi
1967 5573 1981 5621 ;
2088 5558 2303 5613 edendo
2333 5560 2545 5615 nomini
2574 5561 2678 5617 sub
2706 5562 3022 5619 artificiosis
3050 5565 3172 5620 istis
3197 5564 3412 5619 interim
3437 5563 3643 5618 latebris

402 5657 617 5727 qualem
665 5655 983 5723 accepimus
1013 5648 1208 5706 Jonam
1252 5649 1592 5719 prophetam,
1627 5663 1656 5701 e
1683 5646 1983 5716 longinquo
2026 5657 2040 5672 '
2088 5647 2359 5714 parantis.
2412 5646 2535 5704 Haec
2570 5648 2649 5702 illi
2683 5650 2764 5705 sic
2804 5650 3142 5707 disserentes
3174 5654 3317 5709 haud
3352 5654 3558 5715 molles.
3596 5662 3645 5703 ut

402 5747 469 5799 ad
520 5747 571 5800 id
631 5745 972 5815 profectum,
1030 5742 1167 5796 nihil
1216 5741 1400 5796 minus
1462 5739 1873 5809 suSpicantibus
1925 5745 1982 5791 et
2085 5738 2265 5807 palam
2302 5749 2440 5804 erat,
2471 5756 2529 5797 se
2563 5743 2830 5810 putabant
2863 5743 3154 5801 admovere
3204 5745 3524 5817 imperatori
3558 5743 3645 5796 sti-

405 5843 557 5896 beata
589 5840 744 5911 copia
780 5852 959 5892 rerum
991 5836 1237 5891 omnium
1271 5849 1485 5891 summa
1530 5834 1583 5889 in
1626 5846 1758 5902 pace
1792 5830 1981 5885 fruen-
2089 5831 2264 5888 mulos
2312 5834 2379 5888 ad
2418 5834 2800 5905 proferendam
2836 5837 3166 5896 nominatim
3203 5841 3469 5898 hactenus
3494 5836 3645 5893 dissi-
