3860 6574
166 495 249 561 ιη

1069 499 1167 560 DE
1198 498 1516 561 ANDRON
1531 496 1650 558 [ΕΟ
1676 495 2167 557 PALIEOLOGO’
2192 497 2342 558 LIB.
2382 496 2482 559 IV.

3274 491 3383 555 452

163 604 282 677 ἦσαν
313 605 720 678 ταρικινυῦιτες
750 610 842 661 καὶ
876 609 1099 680 βασιλέα
1129 617 1189 665 τὸ
1215 614 1501 685 πρόσωπον
1537 615 1702 684 ὲμιρα-
1732 617 1777 674 Α
1804 609 1996 663 τούτου
2034 610 2388 679 δημηγορεῖν.
2434 609 2523 672 Ὠς
2562 608 2738 663 τοίνυν
2773 606 2832 661 τὸ
2855 607 3056 677 πλῆθος
3104 607 3132 661 ὁ
3186 624 3384 677 χρυσι-

166 698 325 761 νξζειν,
355 699 603 766 ἔμ’ρανεῖς
636 699 692 752 δὲ
719 701 809 754 καὶ
830 703 1110 773 χαίροντες
1137 706 1182 758 sl
1218 704 1430 777 κριθείη
1457 706 1565 758 τῶν
1589 722 1702 758 τοι-

164 790 315 843 ούτων
349 791 548 853 ἐκεῖνος
587 791 757 857 ἄξιος,
813 793 948 847 Θεοῦ
1000 796 1409 867 φιλανθρωπίας
1451 797 1702 851 ἐντεῦθεν

160 880 405 950 δεχόμενοι
440 882 700 952 σύμϐολα.
740 884 880 938 Ἀλλ’
918 885 949 939 ὁ
980 886 1230 957 βασιλεὺς
1263 888 1428 952 πολὺς
1454 888 1703 959 ἐφαίνετο

161 975 243 1043 τὴν
272 973 570 1043 ἐχεμυθίαν,
597 974 695 1045 τὴν
727 975 835 1029 τῶν
869 977 1076 1032 πολλῶν
1137 979 1390 1035 ὑπόνοιαν
1442 980 1706 1049 φυλαττό.

165 1080 316 1129 μενος.
339 1064 530 1117 Ἤθελε
563 1065 609 1118 δ’
632 1067 979 1139 ἐνεχυράζειν
1016 1070 1113 1131 τὰς
1134 1069 1357 1141 γνώμας
1396 1072 1503 1125 τῶν
1540 1073 1705 1127 ἀκου-

163 1160 304 1211 όντων
332 1157 420 1210 καὶ
449 1157 528 1210 ἔτι
561 1158 811 1231 καθαρὰς
854 1161 1155 1231 γενομένας
1204 1163 1431 1228 πάθους,
1461 1163 1528 1216 ἵν’
1562 1161 1702 1216 οὕτω

161 1247 209 1299 τὺ
235 1249 448 1316 πρᾶγμα
475 1248 878 1318 θαυμάσαντες,
901 1251 974 1314 ὡς
1005 1253 1172 1317 εἰκὸς,
1200 1254 1594 1325 παραλλάττειν
1627 1252 1702 1325 μὴ

160 1336 306 1407 ἔχοιεν
336 1340 429 1401 τὰς
454 1338 750 1410 ὁμολογίας
778 1341 1102 1413 αἰδούμενοι,
1142 1345 1209 1416 ἦν
1252 1362 1334 1408 τις
1387 1346 1445 1398 ὲν
1495 1345 1703 1415 ὑστέρῳ

160 1432 490 1499 γωοιμαχεῖν
512 1432 720 1503 αἱροῑτο
749 1433 936 1503 μαθὼν
960 1434 1019 1489 τὸ
1064 1436 1372 1507 πρόσωπον.
1429 1437 1546 1490 Κάν
1584 1438 1704 1491 τού-

158 1538 248 1585 τοις
277 1521 446 1593 ἡμέρα
477 1507 580 1591 μὲν
608 1524 713 1588 ἕως
738 1525 835 1594 ὀψὲ
859 1525 1122 1598 διηνύετο,
1172 1527 1268 1592 νὺξ
1327 1528 1372 1581 δ’
1403 1527 1703 1581 ἐπελθοῦσα

158 1612 291 1666 καλὸν
318 1614 565 1684 ἡγεῖσθαι
593 1619 687 1670 καὶ
716 1617 776 1671 τὸ
803 1621 958 1673 νυκτὶ
1009 1619 1292 1674 πείθεσθαι
1332 1622 1423 1675 καὶ
1479 1621 1703 1691 βασιλέα

158 1706 232 1757 καὶ
291 1708 407 1771 τοὺς
462 1709 605 1779 ἀμφ’
659 1711 864 1764 ἐκεῖνον
919 1711 1141 1765 ἔπειθε·
1184 1711 1350 1766 λύσαν
1375 1712 1419 1765 δ’
1464 1712 1703 1785 αἰψηρὴν

158 1798 349 1867 ἀγορὴν,
378 1799 544 1868 μηδὲν
574 1802 734 1856 πλέον
758 1802 868 1856 τῶν
890 1803 1264 1858 ἀκουσθέντων
1288 1804 1523 1876 ἔχοντες.

156 1909 242 1984 λεἠ·
268 1912 395 1981 περὶ
418 1914 1102 2021 sumusausi
1116 1919 1423 2021 sesein
1449 1921 1547 1975 καί
1587 1921 1700 1991 τῆς
1733 1961 1773 2021 c

412 1987 572 2051 πρὸς
604 1990 721 2062 τὸν.
744 1987 1102 2043 Ἀθανάσιον
1138 1990 1421 2058 ἀφίξεως.

215 2072 287 2145 [Ρ.
311 2076 431 2149 251]
466 2078 537 2131 'A
548 2096 625 2148 μα
654 2079 698 2132 δ’
721 2079 794 2150 ἕῳ
821 2083 1162 2149 συγκαλέσας
1189 2085 1280 2137 καὶ
1313 2079 1469 2148 αὖθις
1499 2085 1534 2135 ὁ
1552 2084 1703 2155 βασι-

159 2167 254 2232 λεὺς
277 2169 330 2222 οὗ
362 2169 589 2234 τούτους
632 2172 813 2240 μόνον,
853 2173 967 2226 ἀλλ’
1006 2175 1109 2245 ἤδη
1167 2175 1260 2229 καὶ
1311 2177 1433 2230 ὅσον
1491 2172 1559 2248 ἦν
1605 2180 1703 2248 τῆς

163 2261 393 2326 πολιτείας
418 2262 664 2336 καθαρόν
712 2282 771 2318 τε
833 2268 926 2319 καὶ
972 2267 1242 2339 ἔκκριτον,
1302 2269 1396 2322 καὶ
1438 2270 1703 2341 μοναχοῦς

163 2355 307 2425 σχεδὸν
346 2357 580 2422 πάντας,
634 2357 778 2428 ἔγνω
825 2360 921 2415 καὶ
972 2362 1133 2416 πάλιν
1178 2362 1234 2415 ὲν
1278 2362 1442 2434 κοινῷ
1480 2363 1550 2416 τὰ
1573 2364 1702 2434 περὶ

161 2471 383 2525 mulatam
435 2488 733 2543 personam
779 2475 909 2530 novi
946 2476 1088 2531 vatis
1133 2476 1406 2543 monachi,
1435 2476 1700 2548 gavisuri,

160 2565 194 2618 si
219 2574 492 2635 postquam
540 2566 693 2621 vultu
737 2576 792 2622 et
819 2569 927 2622 vita
955 2569 1317 2636 innotuisset,
1354 2570 1601 2626 moribus
1638 2585 1704 2627 ac

161 2657 487 2712 sanctimonia
543 2658 748 2729 dignus
784 2661 1120 2731 reperiretur
1148 2677 1311 2733 quem
1362 2662 1505 2718 haud
1557 2673 1705 2722 esset

158 2747 442 2807 incredibile
459 2751 704 2807 aﬂlatum
728 2750 904 2809 fuisse
924 2752 1207 2822 divinitus;
1229 2754 1373 2811 unde
1388 2757 1706 2826 incipientis

158 2842 330 2910 placari
359 2859 421 2900 ac
450 2844 569 2914 jam
618 2846 855 2917 benigne
899 2846 1137 2904 faventis
1172 2847 1337 2906 rebus
1366 2850 1571 2906 nostris
1610 2849 1706 2907 Dei

158 2930 255 2985 leta
292 2942 517 3001 possent
546 2936 778 3006 auguria
828 2944 1071 3006 captare.
1118 2936 1320 2994 Verum
1356 2939 1706 2997 Andronicus

157 3025 304 3095 magis
333 3026 622 3101 magisque
655 3027 986 3084 oblirmabat
1018 3029 1264 3086 animum
1304 3031 1360 3087 in
1386 3033 1554 3088 astuti
1584 3049 1706 3105 per-

158 3120 432 3174 severantia
467 3107 700 3187 silentii,
738 3137 850 3177 non
881 3121 1143 3192 ignorans
1175 3140 1341 3195 quam
1374 3125 1705 3183 invidiosum

157 3219 278 3265 esset
307 3212 451 3281 apud
491 3213 698 3267 multos
733 3214 1135 3284 expatriarcbte
1158 3216 1446 3273 Athanasii
1478 3235 1699 3288 nomen,

154 3312 199 3357 et
220 3304 446 3360 orituras
475 3304 624 3368 inde,
654 3304 820 3360 simul
846 3304 897 3361 id
922 3305 1062 3364 foret
1087 3307 1444 3378 declaratum,
1472 3311 1526 3366 in
1556 3312 1700 3369 hanc
1729 3300 1773 3366 C

156 3402 299 3450 tutam
335 3398 460 3467 ejus
508 3398 922 3468 praedictionem
969 3400 1315 3470 suspiciones
1364 3420 1698 3475 praecavens.

156 3479 386 3540 Volneret
435 3497 625 3542 autem
670 3491 778 3543 isto
823 3487 1100 3557 colloquio
1147 3500 1357 3549 tentare
1400 3510 1468 3549 an
1517 3506 1707 3565 posset

154 3575 325 3632 elicere
351 3578 783 3634 admirationem
817 3578 1176 3652 favoremque
1209 3586 1549 3643 audientium
1580 3605 1703 3660 qua:

156 3679 379 3725 narraret
426 3686 562 3741 erga
614 3671 761 3726 istud
809 3672 990 3740 ipsum
1038 3674 1120 3729 sic
1165 3677 1312 3731 nude
1357 3682 1699 3750 propositum

156 3758 470 3824 vaticinium,
519 3760 640 3815 sine
689 3762 932 3818 auctoris
966 3767 1323 3832 expressione
1365 3768 1702 3831 offensiones

154 3858 341 3909 veteres
390 3853 754 3920 refricatura,
806 3863 983 3921 ratus,
1016 3857 1060 3911 si
1105 3840 1699 3934 hoc‘consequeretur,

156 3940 447 4000 habiturum
498 3960 560 4001 se
601 3945 702 4001 ista
749 3946 831 4000 sic
883 3948 1157 4002 declarata
1188 3949 1244 4005 in
1277 3967 1392 4007 rem
1431 3953 1704 4013 abstracte

112 4020 123 4029 ’
154 4031 304 4103 ipsam
333 4037 515 4092 studia
546 4052 645 4107 pro
670 4038 894 4107 pignore
921 4038 1310 4096 vincendarum
1342 4057 1372 4096 a
1402 4044 1499 4098 tali
1535 4061 1701 4102 sensu

154 4131 523 4199 praeoccupatis
559 4129 893 4199 privatarum
917 4131 985 4185 ab
1007 4132 1311 4188 Athanasio
1328 4137 1700 4207 aversionum;

158 4230 360 4285 quarum
380 4219 751 4290 praejndicatis
777 4220 1066 4277 affectibus
1093 4223 1356 4279 incitandi
1382 4228 1704 4284 videbantur

159 4309 212 4361 ad
240 4312 630 4381 reprobandum
675 4312 838 4385 366
885 4314 1396 4386 impcdicndamque
1439 4328 1702 4391 quantum

158 4413 359 4470 possent
411 4407 534 4473 ejus
577 4405 981 4461 restitutionem
1017 4406 1072 4461 in
1110 4409 1562 4479 patriarchatum,
1598 4414 1703 4472 nisi

160 4495 343 4563 pudore
380 4495 622 4567 quodam
672 4495 932 4564 levitatis,
963 4504 1031 4552 ne
1071 4500 1285 4555 resilire
1325 4500 1640 4559 (licerentur
1673 4520 1700 4558 a

158 4590 305 4643 semel
349 4597 570 4645 ostensa
616 4589 913 4655 sententia,
946 4587 1130 4645 favere
1161 4590 1485 4647 nominatim
1515 4595 1701 4667 agnito

160 4688 421 4749 pergerent
477 4680 700 4743 eidem,
768 4694 929 4749 quem
995 4680 1136 4736 citra
1200 4684 1697 4743 nomenclationem

157 4767 427 4826 iudicatum
462 4771 828 4827 admiratione
877 4788 937 4827 sc
986 4774 1131 4829 ultro
1174 4774 1427 4846 dignatos
1472 4778 1700 4847 applau-

160 4875 310 4931 suque
343 4864 747 4920 meminissent.
775 4862 872 4920 His
898 4865 1043 4921 ultro
1068 4867 1321 4939 citroque
1354 4870 1702 4926 sermonibus

162 4951 235 5005 die
274 4954 326 5008 iu
372 4943 611 5010 solidum
662 4970 926 5024 expensa,
980 4971 1087 5012 nox
1132 4960 1524 5028 superveniens
1553 4961 1701 5018 nocti

160 5046 329 5101 cedere
359 5047 674 5119 imperatori
704 5056 760 5103 et
787 5048 909 5101 aliis
947 5050 1142 5104 suasit.
1192 5047 1494 5106 Solverunt
1532 5052 1703 5123 igitur

161 5139 392 5210 celerem,
445 5154 500 5198 ut
553 5151 712 5213 poeta
754 5143 1020 5213 loquitur,
1069 5155 1422 5215 conventum,
1455 5150 1560 5204 hoc
1596 5160 1699 5218 est,

162 5232 240 5298 qui
268 5234 388 5288 licet
414 5245 521 5291 tota
558 5235 648 5291 die
694 5234 979 5302 durasset,
1020 5237 1392 5307 prafestinato
1441 5241 1705 5298 dimissus

163 5321 311 5379 videri
340 5336 569 5395 poterat,
597 5327 859 5396 quoniam
889 5328 1251 5384 dirimebatnr
1278 5331 1503 5399 infecto,
1545 5333 1702 5403 cujus

166 5414 347 5478 gratia,
390 5426 442 5471 et
486 5426 615 5471 voto
665 5420 1021 5474 convocantis
1070 5421 1334 5491 Augusti,
1387 5404 1700 5494 cuiverant,

166 5508 381 5574 negotio.
425 5509 573 5565 Nihil
624 5510 772 5566 enim
824 5511 967 5565 ultra
1019 5527 1213 5567 sonum
1250 5529 1384 5569 aure
1416 5527 1703 5586 acceptum

162 5593 455 5663 jactatornm
494 5603 626 5658 hinc
679 5603 807 5658 inde
858 5605 1145 5661 verborum
1197 5605 1417 5661 domum
1456 5608 1704 5680 plerique

165 5691 456 5749 retulerunt.

165 5801 239 5856 36.
266 5803 333 5859 De
353 5810 588 5863 concione
614 5811 950 5893 imperatoris
998 5820 1053 5865 et
1091 5811 1417 5881 profectione
1443 5813 1512 5866 ad
1534 5811 1704 5866 Atha-

803 5897 1033 5935 uastum.

228 5962 456 6028 Diluculo
496 5989 659 6044 porro
708 5986 939 6045 postcrze
988 5973 1116 6042 diei,
1166 5974 1483 6031 convocatis
1516 5989 1704 6033 rursus

1803 699 2071 772 τρίκλινος
2107 701 2205 753 οὐκ
2240 699 2461 770 ἐχώρει,
2498 698 2636 754 πολύ
2668 716 2731 768 γε
2757 698 2839 765 ὃν,
2870 695 3099 764 ἐξελθὼν
3131 698 3235 751 ἀπὸ
3289 699 3383 752 τοῦ

1802 795 2107 862 περιπάτου
2139 794 2289 863 σφίσι
2332 791 2574 847 κάτωθεν
2609 793 2941 863 ἱσταμένοις,
2996 792 3125 862 περὶ
3177 792 3385 845 ἐκεῖνον

1799 884 1911 938 τῶν
1942 885 2102 954 ἱερῶν
2125 884 2333 955 ἀνδρῶν
2357 883 2525 937 ὄντων
2565 884 2659 937 καὶ
2704 885 2827 938 ὅσον
2892 884 3182 952 βασίλειον;
3234 881 3385 936 πόλλ’

1802 978 1935 1033 ἄττα
1968 976 2200 1043 διεξιὼν,
2228 976 2497 1038 καὶὸπως
2520 974 2716 1047 ἐλέχθη
2743 993 2802 1029 τε
2824 976 2919 1033 καὶ
2957 975 3212 1045 ἐπράχθη
3255 976 3381 1028 ἕκα·

1803 1086 1928 1123 στον
1955 1069 2129 1122 πάντα
2163 1068 2305 1123 κατὰ
2331 1069 2849 1140 μέροςνδιειληιρὼς,
2887 1068 3036 1138 τέλος
3096 1067 3380 1137 ὑπερθαυ-

1806 1163 1985 1232 μάσας
2014 1162 2114 1232 μὲν
2142 1161 2234 1215 τὸν
2263 1161 2452 1232 ἄνδρα,
2482 1160 2740 1231 κρύπτων
2785 1161 2864 1215 ἔτι
2894 1160 3153 1231 τοῦνομα,
3209 1160 3383 1230 direp-

1803 1250 2101 1322 θαυμάζειν
2133 1250 2191 1304 δὲ
2221 1251 2315 1305 καλ.
2334 1252 2459 1314 τοὺς
2492 1251 2712 1314 λοιποὺς
2735 1251 3132 1321 ἐργασάμενος,
3188 1248 3381 1302 ὲντεῦ-

1803 1343 1892 1398 θεν
1921 1344 1979 1409 ἐξ
2006 1345 2168 1398 αὑτοῦ
2193 1344 2353 1414 λόγου
2407 1344 2525 1416 (καὶ
2583 1345 2691 1413 γὰρ
2740 1344 3036 1413 ἡτοίμαστο
3067 1343 3160 1396 καὶ
3221 1343 3387 1413 στολῇ

1801 1438 1896 1490 καὶ
1923 1435 2065 1507 ζώνῃ
2092 1437 2186 1491 καὶ
2219 1434 2505 1508 καλύπτρᾳ
2527 1437 2621 1491 καὶ
2648 1436 3008 1508 ὑποδήμασιν)
3037 1435 3241 1506 ἐξορμᾷ
3284 1436 3382 1506 μὲν

1801 1529 2006 1591 ἐκεῖνος
2036 1528 2170 1601 πεζῇ
2200 1530 2333 1598 πρὸς
2366 1528 2457 1583 τὸν
2505 1528 2641 1592 τέως
2684 1529 2985 1598 ἄγνωστον,
3045 1527 3280 1599 ὲξορμᾷν
3326 1526 3383 1580 δὲ

1802 1619 1977 1672 πείθει
2000 1620 2240 1683 καὶτοὺς
2265 1619 2564 1684 ἐθέλοντας,
2591 1620 2651 1673 οὐ
2680 1620 3038 1688 προστάσσων
3060 1619 3379 1690 βασιλικῶς,

1803 1710 1919 1765 ἀλλ’
1949 1710 2127 1779 ἀφιεὶς
2160 1710 2375 1781 ἑκάστῳ
2406 1712 2464 1765 τὸ
2491 1710 2857 1777 αὐτεξούσιον,
2889 1712 3030 1782 πλὴν
3060 1710 3136 1782 τῷ
3182 1712 3260 1775 είς
3290 1712 3385 1765 τέ-

1800 1801 1893 1866 λος
1948 1802 2304 1856 κεκοπιακότι
2346 1804 2595 1877 μεγάλην
2644 1803 2739 1858 καὶ
2774 1803 2982 1873 ἀγαθὴν
3036 1802 3391 1874 ἐγγυώμενος

1800 1894 1899 1965 τὴν
1931 1895 2037 1949 ἀπὸ
2060 1894 2152 1949 τοῦ
2193 1895 2384 1966 ἀνδρὸς
2405 1895 2674 1964 εὐλογίαν.
2701 1897 2887 1959 Ὄσοις
2908 1894 2964 1949 δὲ
3007 1899 3100 1950 καὶ
3131 1897 3384 1967 γέρουσιν

1801 1984 1919 2040 οὖσι
1947 1985 2269 2056 πεξοπορεῖν
2291 1987 2391 2039 οὐκ
2421 1982 2510 2058 ἦν,
2539 1988 2631 2040 ἐπὶ
2661 1988 2853 2058 πηλοῖς
2915 1988 3011 2041 καὶ
3068 1988 3244 2042 ταῦτα
3290 1990 3385 2042 καὶ

1800 2075 2032 2145 τέλμασι
2060 2077 2328 2147 χειμῶνος
2357 2077 2530 2141 ὄντος,
2558 2078 2768 2141 τούτοις
2811 2079 2903 2132 καὶ
2962 2078 3143 2133 ἵππων
3169 2080 3385 2134 ἐπιϐαί-

1802 2183 1915 2220 νειν
1943 2166 2114 2236 ἠφίει.
2158 2169 2267 2221 Καί
2297 2185 2360 2237 γε
2394 2169 2601 2239 προῆγε
2633 2169 2883 2239 σημείοις
2937 2172 3047 2223 τισὶ
3082 2187 3383 2242 τεκμαιρο-

1807 2259 1997 2328 μένους
2033 2258 2100 2313 τὰ
2124 2259 2222 2331 τῆς
2236 2260 2374 2315 ὁδοῦ.
2401 2259 2582 2315 Ταῦτα
2607 2262 2698 2315 καί
2724 2279 2866 2326 τινες
2921 2262 3020 2334 μὲν
3050 2262 3157 2316 τῶν
3195 2263 3383 2334 ἀρχιε-

1808 2351 1944 2422 ρέων
1970 2353 2065 2406 καὶ
2082 2351 2191 2406 τῶν
2216 2352 2466 2424 μοναχῶν
2490 2353 2780 2425 ἔπραττον,
2797 2355 2946 2410 ἄλλοι
2972 2354 3029 2409 δὲ
3051 2355 3205 2421 πεζοὶ
3234 2355 3385 2426 πεζῴ

1804 2450 2105 2534 imperator
2160 2481 2270 2522 non
2321 2467 2390 2522 iis
2443 2467 2621 2523 solum
2682 2481 2821 2538 quos
2872 2467 3074 2538 pridie'
3106 2469 3385 2525 allocutus

1806 2555 2008 2622 fuerat,
2043 2558 2139 2614 sed
2174 2568 2229 2614 et
2256 2573 2286 2614 e
2327 2573 2557 2629 corpore
2603 2558 2806 2614 civium
2856 2560 3266 2618 honestissimis
3321 2577 3385 2616 ac

1805 2651 2124 2708 lectissimis
2151 2653 2493 2723 quibusque,
2521 2652 2812 2709 monachis
2854 2668 2985 2708 vero
3035 2653 3209 2710 ferme
3258 2655 3384 2708 uni-

1804 2743 2003 2810 versis,
2034 2744 2277 2800 decrevit
2301 2743 2448 2815 apud
2487 2744 2586 2800 hos
2627 2758 2816 2800 omnes
2860 2746 2931 2801 de
2957 2745 3150 2800 eodem
3183 2736 3397 2800 iterum

1807 2843 2136 2906 argumento
2167 2852 2352 2907 agere,
2387 2853 2497 2894 non
2533 2845 2593 2892 ut
2621 2838 2735 2892 heri
2767 2837 3395 2907 familiaribusinterro-r

1808 2930 2125 3001 gationibus
2176 2945 2240 2985 ac
2280 2931 2597 3002 promiscuo
2635 2931 2934 3002 colloquio,
2982 2932 3080 2987 sed
3122 2924 3395 3003 perpetua:

1805 3037 1837 3079 θ
1868 3022 1991 3079 loco
2018 3023 2313 3105 superiori,
2352 3032 2616 3095 tanquam
2652 3024 2722 3079 ad
2754 3023 3101 3088 concionem,
3133 3025 3396 3091 habenda;

1805 3115 2075 3171 oratione.
2110 3115 2246 3171 Cum
2284 3122 2466 3171 autem
2500 3115 2912 3171 multitudinem
2945 3132 3078 3172 sane
3103 3116 3395 3193 ingentem:

1807 3220 2033 3261 aureum
2064 3206 2366 3261 triclinium
2394 3222 2502 3263 non
2534 3217 2783 3277 caperet,
2817 3221 2882 3263 ex
2912 3208 3233 3265 ambulacro
3259 3226 3382 3264 sese

1805 3296 2112 3368 proferens.
2160 3297 2481 3368 habensque
2525 3299 2673 3354 circa
2731 3313 2797 3355 se
2837 3309 3100 3369 quantum
3137 3308 3255 3356 erat
3287 3317 3395 3369 sa-,

1803 3404 2025 3445 crorum
2049 3390 2335 3446 hominum
2365 3397 2419 3446 et
2448 3390 2675 3461 palatini
2702 3390 3018 3459 comitatus,
3066 3378 3395 3470 adstantem;

1804 3481 2039 3539 inferius
2089 3482 2395 3539 confertam
2445 3482 2661 3538 turbam
2705 3494 2818 3538 tum
2868 3483 2978 3540 alia
3032 3485 3279 3566 quaedam
3308 3488 3396 3568 adi

1804 3588 2031 3644 scopum
2068 3573 2485 3630 accommodata
2531 3574 2818 3643 disseruit,
2862 3584 2974 3630 tum
3005 3577 3396 3647 praedictionis}

1806 3666 1975 3721 totius
2005 3666 2252 3722 ordinem
2299 3666 2674 3737 particulatim
2706 3669 2980 3738 exposuit,
3022 3682 3289 3724 enarrans
3317 3633 3397 3723 ut!

1807 3756 2050 3827 quidque
2100 3757 2449 3828 exploratum
2504 3765 2671 3830 atque
2729 3770 2951 3824 actum.
2993 3760 3378 3817 demonstrans

1806 3865 1970 3919 quam
2006 3865 2115 3905 non
2144 3849 2293 3906 facili
2323 3851 2676 3917 credulitate,
2724 3852 2821 3909 sed
2871 3862 2998 3925 post
3044 3864 3251 3935 certum
3283 3832 3396 3937 ἀει-ξ

1805 3957 1954 3996 mum
2004 3941 2446 4012 experimentum
2502 3955 2730 4001 eventus
2765 3947 3067 4012 manifesti,
3118 3930 3395 4005 vaticinia"

1805 4032 1878 4088 sit
1920 4032 2054 4088 ﬁdes
2102 4033 2372 4090 adhibita.
2406 4034 2647 4090 Tandem
2689 4037 2744 4091 in
2790 4038 3201 4095 admirationem
3236 4016 3395 4110 ωηο-ε

1806 4139 2066 4195 rumpens
2136 4141 2448 4192 summam,
2517 4129 2905 4199 praeconiaque
2947 4130 3047 4185 viri
3106 4132 3200 4200 qui
3251 4119 3394 4191 talia?

1805 4217 2108 4286 praevidere
2156 4233 2606 4291 praemonereque
2652 4222 2922 4292 potuisset
2966 4223 3146 4293 (cujus
3191 4209 3393 4289 tameng

1806 4310 1983 4366 adhuc
2029 4311 2231 4367 silebat
2267 4314 2491 4383 nomen)
2528 4313 2585 4368 in
2635 4314 2964 4371 immensum
3017 4310 3423 4387 exaggerans,"

1808 4404 1974 4460 motis
2026 4403 2138 4474 jam
2197 4406 2545 4463 auditoribus
2594 4414 2647 4463 et
2697 4406 2762 4462 in
2800 4423 2985 4478 parem
3026 4409 3196 4480 ignoti
3238 4411 3408 4467 vatis--

1806 4497 2220 4553 admirationem
2267 4496 2483 4564 tractis,
2532 4514 2598 4554 ex
2640 4499 2760 4569 ipso
2816 4504 3067 4570 protinus
3121 4516 3380 4558 sermone

1807 4589 1953 4661 (nam
1982 4589 2048 4644 ad
2081 4593 2183 4646 hoc
2207 4591 2321 4661 jam
2349 4598 2508 4647 antea
2535 4592 2698 4653 stola,
2730 4607 2889 4659 zona,
2924 4603 3141 4663 tegmen
3167 4592 3385 4664 regium

1803 4680 2019 4750 capitis,
2057 4682 2431 4738 calceamenta
2478 4695 2782 4754 praeparata
2812 4683 3048 4756 fuerant)
3079 4688 3182 4742 iter
3210 4686 3378 4756 pedes

1804 4772 1922 4842 ipse
1974 4788 2278 4851 aggressus
2301 4783 2388 4831 est
2436 4777 2503 4831 ad
2553 4778 2956 4833 innominatum
2997 4779 3159 4851 367
3199 4764 3395 4844 illum,"
3438 4764 3455 4825 λ

1803 4864 2048 4922 invitans
2093 4876 2153 4923 ut
2202 4846 2278 4924 se.
2305 4868 2398 4940 qui
2433 4870 2636 4926 vellent
2669 4846 3378 4944 sequerentuivpraecepto

1803 4971 1925 5014 non
1947 4957 2294 5031 interposito,
2342 4960 2437 5017 sed
2484 4976 2581 5017 sua
2614 4961 2812 5031 cuique
2845 4962 3016 5019 libera
3046 4964 3238 5020 relicta
3281 4980 3393 5037 vo:

1803 5050 2037 5118 luntate,
2070 5062 2329 5109 caeterum
2364 5056 2583 5111 cunctis
2613 5070 2752 5124 quos
2780 5055 3025 5112 laborem
3058 5057 3220 5114 istius
3252 5074 3384 5129 proc

1804 5143 2060 5201 fectionis
2113 5145 2359 5216 perferre
2413 5146 2481 5201 ad
2531 5155 2841 5201 extremum
2903 5162 3011 5203 non
3066 5129 3394 5218 piguisset;

1804 5237 1996 5306 amplae
2014 5236 2282 5293 mercedis
2307 5237 2429 5292 loco
2451 5236 2800 5307 despondens
2825 5253 3072 5309 magnam
3100 5247 3152 5294 et
3177 5239 3381 5294 bonam

1803 5330 1907 5383 viri
1939 5329 2058 5399 ejus
2099 5328 2411 5384 admirandi
2456 5329 2919 5386 benedictionem.
2962 5330 3017 5386 Si
3067 5332 3161 5402 qui
3191 5340 3376 5389 autem

1805 5420 1961 5476 senio
2005 5420 2214 5476 debiles
2267 5420 2424 5490 sequi
2476 5421 2706 5491 pedibus
2753 5424 3086 5492 nequirent,
3138 5424 3385 5479 maxime

1805 5513 1997 5568 lutosis
2017 5521 2072 5567 et
2101 5519 2158 5567 ut
2191 5513 2244 5566 in
2264 5513 2401 5568 urbe
2429 5521 2575 5568 tanta
2604 5528 2701 5583 per
2723 5513 3143 5587 hiemem‘coeno
3170 5514 3376 5583 passim

1804 5602 2033 5658 lubricis
2061 5611 2116 5657 et
2146 5602 2487 5659 deformibus
2513 5604 2726 5673 plateis,
2756 5603 2842 5657 his
2873 5613 2931 5658 ut
2965 5618 3132 5673 equos
3160 5605 3374 5661 inscen-

1804 5694 1995 5750 derent
2049 5696 2321 5765 permisit.
2376 5696 2453 5750 lta
2510 5696 2628 5766 ipse
2668 5695 2901 5765 praeiens
2932 5694 3163 5748 ducebat
3202 5697 3385 5766 signis

1798 5785 1912 5856 jam
1940 5801 1970 5841 e
2001 5786 2333 5857 quibusdam
2374 5786 2749 5854 coniectantes
2775 5799 2886 5854 quo
2911 5784 2993 5838 via
3018 5784 3375 5855 dirigeretur.

1805 5876 1975 5946 Equis
2022 5892 2156 5947 ergo
2191 5877 2274 5933 usi
2307 5884 2436 5931 sunt
2482 5874 2864 5943 episcoporum
2897 5880 2950 5926 et
2978 5877 3383 5936 rnoeachorum

1805 5966 2079 6041 quidam:
2138 5968 2334 6039 reliqui
2389 5963 2598 6036 pedites
2664 5961 2899 6031 peditem
2950 5968 3382 6029 assectabantuv
