3860 6556
148 429 237 490 445

1081 437 1178 499 DE
1221 437 1671 500 ANDRONICO
1704 434 2172 497 mmemor)
2203 394 2350 495 Lm.
2386 433 2475 495 v..

3274 424 3400 488 l06'

145 542 363 606 γίνεσθαι
423 538 641 607 πάντως
693 526 941 618 ἀνάγκην
984 542 1149 602 εἶναι.
1185 547 1324 603 Οὔτε
1372 548 1418 602 δ’
1458 549 1699 610 ἐκείνους
1730 550 1779 610 Α
1804 548 1974 612 τίζειν
2001 546 2148 608 elata;
2177 539 2320 598 εἶναι
2356 544 2447 597 καὶ
2480 540 2714 597 κατάλτδ
2742 537 2973 594 δυνατὸν
3014 534 3381 601 συνασπίζειν

144 632 251 685 οὗτε
278 634 422 696 τινας
468 634 569 689 τοῦ
604 635 737 692 λαοῦ
792 641 1121 710 προσιόντας
1174 642 1414 711 εὐλόγει,
1464 642 1625 712 μόνον
1653 641 1700 694 δ’

142 723 288 779 ἐδίδου
319 725 415 794 τὴν
445 728 633 798 χεῖρα.
689 730 784 785 καὶ
830 732 891 786 έν
940 734 1282 805 πληροφορίᾳ
1316 736 1414 805 τῆς
1443 735 1697 803 εὐλογίας

142 816 443 885 ἠσπάζοντο.
485 820 625 874 Τότε
677 822 968 895 τοιγαροῦν
1023 826 1091 879 τὰ
1144 828 1332 881 εἰκότα
1367 827 1698 898 διαλαλήσας

142 908 223 963 καὶ
241 907 603 979 ἐπευξάμενος
639 913 843 968 ἀπέλυε
878 914 972 970 τὸν
1003 916 1154 973 λαόν.
1189 918 1337 990 Πλὴν
1365 920 1459 972 καὶ
1487 919 1695 973 ἀπολυ-

142 1003 316 1058 θέντων
348 1005 414 1059 τά
460 1008 642 1063 πολλά
692 1008 854 1081 ἐῴκει
883 1012 1213 1083 φροντίζειν,
1248 1016 1574 1087 προδιοικῶν
1608 1017 1695 1070 έν-

142 1094 302 1149 ·ιεῦθεν
347 1096 415 1150 τά
446 1100 594 1154 κατὰ
642 1100 863 1173 θέλησιν
896 1103 1109 1176 βαθέως
1142 1107 1238 1161 καὶ
1264 1108 1340 1169 ὡς
1382 1108 1485 1163 οὐκ
1517 1108 1584 1164 ἂν
1609 1126 1695 1173 τις

138 1188 251 1257 ᾤετο
274 1189 374 1241 τῶν
398 1190 581 1254 ἄλλως
638 1195 836 1266 ἰκτίνῳ
873 1198 1272 1270 προσεχόντων.
1308 1202 1590 1272 Πρόφασις
1632 1201 1690 1257 δὲ

139 1279 218 1347 τῆς
244 1281 515 1350 φροντίδος
547 1285 581 1353 ἠ
616 1286 755 1356 πρὸς
794 1288 1055 1359 ἀλλήλους
1098 1291 1262 1362 δῆθεν
1290 1293 1475 1347 ἀδικία
1505 1292 1603 1347 καὶ
1640 1294 1693 1348 τὸ

139 1373 227 1425 τῶν
250 1376 588 1448 μικροτέρων
621 1380 751 1443 τοὺς
801 1382 1025 1450 μείζους
1055 1386 1500 1456 κατωφρυῶσθαι
1531 1387 1624 1441 καὶ
1654 1390 1687 1454 ἠ

140 1464 227 1517 τῶν
256 1467 580 1533 κρειττόνων
610 1469 699 1542 [Ρ.
731 1471 861 1543 25η
889 1476 1025 1544 πρὸς
1051 1475 1266 1530 ἀδικίαν
1305 1477 1468 1549 ῥοπὴ,
1505 1478 1578 1549 μὴ
1609 1478 1696 1532 δν-

144 1573 219 1618 τος
236 1557 321 1609 τοῦ
337 1562 449 1623 τοῖς
483 1566 710 1634 μικροῖς
732 1569 1143 1637 παρισταμένου
1168 1570 1263 1623 καὶ
1279 1570 1694 1641 πολυωροῦντος

137 1647 239 1707 τοὺς
267 1654 777 1723 καταπονουμένους
796 1657 1024 1729 δυνάμει
1052 1660 1344 1731 κρείττονι.
1384 1662 1577 1717 Ἔνθεν
1605 1680 1688 1735 τοι

138 1740 213 1793 καὶ
241 1739 485 1810 βασιλεὺς
529 1747 721 1812 ἐνδοὺς
771 1750 945 1823 τούτῳ
973 1753 1255 1825 ἀξιωτέρῳ
1284 1772 1343 1810 τε
1372 1758 1687 1827 φαινομένῳ

1808 639 1889 711 τῷ
1916 640 2199 710 πάσχοντι.
2235 633 2346 692 Ἦν
2380 630 2428 690 δ’
2456 632 2708 691 ἐντεῦθεν
2743 632 2804 699 ἐξ
2834 632 3085 703 ἀνάγκης
3118 633 3213 686 καὶ
3250 646 3387 701 προ-

1806 731 2116 801 οδοποίησις
2151 729 2302 800 σφίσι
2339 728 2475 801 πρὸς
2507 729 2644 799 ὅπερ
2677 729 2785 799 ἄρα
2815 728 2909 783 καὶ
2930 726 3195 795 πράττειν
3217 722 3388 798 ἠϐού-

1804 820 1982 887 λοντο,
2015 820 2051 875 ἀ
2085 820 2207 873 τότε
2235 821 2335 892 μὲν
2356 820 2688 884 ὲπειλύοντο,
2714 819 2942 889 ὕστερον
2971 819 3030 873 δὲ
3061 820 3153 873 καὶ
3172 815 3388 886 διεφαί-

1804 930 1977 977 νοντο,
2011 913 2102 967 δτε
2145 912 2245 967 οὐκ
2292 908 2362 985 ἦν
2396 913 2805 982 ἀναλαμὸάνειν
2826 914 2894 967 τὰ
2919 912 3186 981 δεδομένα·
3208 911 3382 975 τινάς.

1805 1003 1974 1058 Ὅθεν
2003 1003 2099 1057 καὶ
2145 1004 2363 1074 ἡμέρας
2393 1004 2631 1076 ἑκάστης
2661 1003 2719 1069 ἐξ
2751 1003 2973 1058 ἑωθινοῦ
2999 1003 3095 1059 καὶ
3122 1004 3181 1067 ἐς
3212 1001 3386 1057 νύκτα

1803 1096 1998 1167 ἀνέδην
2026 1096 2094 1152 τὰ
2123 1097 2262 1169 πρὸς
2297 1098 2483 1150 ἐκεῖνα
2514 1090 2837 1169 ποιούμενοι
2867 1097 3170 1167 ἄνθρωποι,
3202 1097 3249 1147 oi
3285 1094 3387 1165 μὲν

1802 1190 1943 1245 κατά
1970 1191 2161 1262 χρείαν
2186 1190 2616 1262 ὶγκλητεύοντες
2650 1192 2907 1262 κρίσεως,
2965 1186 3383 1261 μετακαλουμέ-

1800 1300 1894 1336 νου
1933 1285 2026 1338 καὶ
2050 1283 2146 1338 τοῦ
2175 1284 2620 1353 ἀντιδικήσοντος
2654 1283 2743 1336 ἐπ’
2770 1281 2959 1347 αὑτοῦ,
2988 1282 3254 1335 συνόντων
3282 1280 3395 1333 καί

1798 1391 1967 1428 τινων
1993 1374 2302 1446 ἀρχιερέων
2324 1376 2623 1446 ἐκρίνοντο,
2652 1375 2702 1428 οί
2733 1374 2788 1429 δὲ
2818 1374 3101 1445 μεσιτείας
3127 1375 3228 1445 τῆς
3249 1375 3386 1446 πρὸς

1802 1464 2032 1537 βασιλέα
2062 1466 2223 1538 χάριν
2261 1466 2630 1537 ποτνιώμενοι
2685 1468 2989 1537 φακέλλους
3038 1468 3393 1539 γραμμάτων

1798 1555 2027 1621 ἐδίδουν,
2065 1557 2164 1611 καὶ
2201 1558 2237 1628 ἡ
2267 1557 2504 1611 ἑκάστου
2533 1557 2783 1629 ἀναφορὰ
2829 1563 2908 1627 τῷ
2942 1556 3234 1627 κρατοῦντι
3264 1556 3384 1609 Evs-

1797 1647 2097 1720 χειρίζετο.
2145 1643 2257 1703 Ἦν
2309 1649 2366 1703 δὲ
2419 1649 2516 1703 καὶ
2547 1650 2768 1719 φροντὶς
2798 1648 3014 1720 βασιλεῖ
3039 1648 3383 1712 τοΰντεῦθεν,

1796 1741 1920 1795 ἐπεὶ
1938 1741 2005 1795 τὰ
2028 1739 2123 1793 τοῦ
2170 1739 2416 1795 Ἰωάννου
2453 1740 2784 1811 καθυφεῖντο
2816 1740 2876 1795 τδ
2897 1741 3006 1795 ἀπὸ
3030 1740 3185 1795 τοῦδε
3218 1743 3312 1795 καὶ
3333 1742 3388 1793 οἱ

140 1831 225 1883 τῶν
245 1833 408 1887 ἄλλων
428 1837 526 1890 τοῦ
554 1840 869 1910 ἐπαρήγειν
920 1822 1322 1915 ἀδικουμένρις,
1373 1822 1690 1918 ἀνοιγςιύνοίι
1793 1834 1931 1896 τέως
1985 1831 2268 1895 δοκοῦντες
2322 1831 2696 1904 παρίστασθαι
2750 1833 2802 1887 oi
2857 1832 3069 1887 έκλινον
3104 1833 3205 1904 ἤδη
3248 1833 3387 1903 πρὸς
3466 1822 3471 1825 ’

138 1921 215 1974 τοῦ
239 1921 416 1978 λοιποῦ
455 1926 557 1992 τὰς
613 1929 787 1995 πύλας
817 1933 1031 1988 κελεύει
1054 1938 1150 1992 καὶ
1184 1939 1516 2008 προσιόντας
1535 1923 1763 2012 δέχε-,Β
1805 1928 2152 1993 Ἀθανάσιονν
2195 1928 2522 2000 συμπείθειν
2546 1929 2829 2000 ἀρχιερεῖς
2873 1927 2968 1981 καὶ
3000 1928 3228 1995 ἀνάγειν
3263 1943 3386 1980 πει⁶

142 2013 263 2077 σθαι,
292 2017 395 2070 εἴτε
428 2021 574 2075 κατά
628 2040 751 2076 τινα
809 2025 990 2097 κρίσιν
1024 2029 1242 2098 προσίοι
1298 2046 1385 2094 τις
1434 2032 1548 2085 εἴτε
1596 2034 1692 2087 καὶ

144 2106 255 2156 κατά
282 2112 558 2176 μεσιτείαν
582 2112 684 2185 τὴν
704 2114 840 2183 πρὸς
866 2116 1030 2170 αὐτόν
1047 2131 1064 2146 ⁸
1091 2118 1183 2172 τὸν
1216 2118 1328 2192 γὰρ
1348 2121 1690 2191 ἐπαλγοῦντα

145 2198 340 2266 γνηςίως
373 2203 493 2265 ταῖς
529 2209 872 2276 συμφοραῖς,
900 2210 1111 2263 ἐκεῖνον
1139 2213 1233 2265 καὶ
1256 2214 1497 2285 γνησίως
1529 2232 1694 2286 φρον-

148 2374 300 2432 Deum.
351 2381 599 2455 Indeque
652 2386 764 2444 illis
816 2390 1174 2446 nihilominus
1224 2393 1581 2460 instantibus,
1631 2412 1714 2453 ea-

146 2467 297 2522 vultus
344 2473 744 2533 obtirmatione
779 2494 886 2549 qua
934 2495 1049 2535 rem
1083 2482 1190 2537 sibi
1226 2484 1388 2554 plane
1414 2485 1693 2542 decretam

147 2571 421 2616 asseverare
446 2565 758 2633 videretur,
804 2570 977 2625 edixit
1020 2574 1163 2628 haud
1193 2574 1354 2632 aliter
1383 2579 1609 2635 omnino
1637 2598 1698 2639 se

147 2656 382 2707 acturum.
424 2652 652 2710 Manum
697 2658 966 2717 duntaxat
998 2666 1254 2732 praebuit,
1286 2683 1453 2738 quam
1482 2659 1695 2740 omnes,

146 2742 272 2807 quasi
325 2743 775 2805 benedictionem
844 2752 968 2821 ejus
1023 2764 1282 2812 contactu
1345 2763 1698 2832 percepturi,

146 2846 419 2893 reverenter
469 2842 894 2901 osculabantur.
947 2845 1118 2904 Paulo
1164 2859 1289 2921 post
1332 2855 1580 2923 qua-dam
1628 2857 1695 2912 ad

147 2930 327 2995 tempus
361 2934 789 2990 accommodata
831 2938 1179 3008 prolocutus,
1212 2941 1457 3012 beneque
1481 2947 1700 3004 cunctis

147 3029 385 3087 precatus,
429 3024 652 3082 dimisit
707 3029 992 3099 populum,
1031 3033 1126 3087 sed
1167 3035 1238 3088 ita
1276 3044 1334 3089 ut
1365 3050 1557 3094 ansam
1591 3040 1699 3096 sibi

149 3110 267 3164 ιὐΙυι
286 3117 579 3182 quamdam
610 3129 858 3177 servaret
887 3124 955 3179 ad
986 3139 1110 3180 eum
1141 3128 1550 3198 attrahendum,
1580 3133 1696 3203 jam

1802 2020 2004 2091 ρὶσθαι
2033 2019 2135 2091 ἤδη
2164 2019 2264 2089 τῆς
2293 2019 2634 2089 προστασίας
2663 2017 3074 2090 ἐπειλημμένον
3116 2018 3388 2089 ἀναδοχῆς

1802 2114 1965 2184 χάριν
1986 2113 2087 2183 τῆς
2118 2114 2207 2166 ἐπ’
2237 2111 2551 2184 ἀνθρώποις
2586 2113 2680 2167 καὶ
2702 2112 2958 2185 κρίσεως.
2991 2111 3389 2181 Μετελάμϐανε

1801 2208 1911 2278 γὰρ
1967 2207 2132 2262 αὐτὸν
2185 2207 2279 2261 καὶ
2342 2207 2377 2277 ἠ
2428 2207 2540 2261 τῶν
2593 2207 2800 2262 λοιπῶν
2831 2206 3179 2280 πραγμάτων
3227 2202 3387 2267 ἐλπὶς

1803 2388 2292 2461 iutorteperplexa
2326 2388 2766 2445 subtesebautur
2799 2404 2817 2443 :
2852 2386 3120 2457 explicata
3143 2389 3401 2455 pestmo—-

1802 2480 1930 2535 dum
1962 2479 2149 2536 eadem
2175 2480 2552 2550 expanderunt
2582 2493 2726 2542 sese,
2756 2476 2964 2531 retibus
2994 2473 3139 2528 velut
3158 2471 3387 2543 quibus—

1799 2571 1922 2627 dam
1973 2570 2110 2625 adeo
2148 2570 2261 2640 jam
2302 2570 2411 2624 late
2462 2583 2526 2623 ac
2585 2566 2765 2623 valide
2796 2561 3396 2637 comprehendentibus

1806 2671 2028 2727 cuncta,
2063 2671 2124 2719 ut
2151 2662 2245 2734 qui
2273 2675 2400 2718 sero
2430 2676 2490 2717 se
2519 2669 2711 2730 captos
2736 2659 3083 2714 advertentes
3107 2655 3397 2711 retrahere

1807 2761 2090 2810 tentarent
2135 2762 2453 2825 temereque
2500 2766 2770 2809 concessa
2819 2764 3140 2813 resumere,
3187 2747 3437 2804 frustras

1805 2846 2232 2917 contenderent;
2248 2845 2324 2899 Ex
2351 2845 2454 2901 hoc
2480 2860 2607 2917 ergo
2630 2844 2821 2900 diebus
2842 2842 3073 2913 singulis
3096 2856 3125 2895 a
3148 2839 3394 2895 diluculo

1810 2939 1878 2993 ad
1911 2946 2129 2993 noctem
2178 2912 2332 2993 ὧηεὶ
2379 2939 2563 3008 palam
2609 2951 2916 2993 concursus
2950 2933 3130 2990 omnis
3176 2932 3396 3001 generis

1808 3032 2093 3086 hominum
2128 3030 2193 3085 ad
2234 3030 2599 3087 Athanasium
2653 3028 3105 3093 celebrabantur,
3157 3025 3390 3081 aliorum

1809 3125 2228 3195 provocantium
2278 3126 2347 3181 ab
2382 3124 2594 3195 iniquis
2625 3112 2829 3195 quibus
2877 3137 2936 3178 se
2984 3122 3395 3178 circumventos

147 3215 264 3257 Illinc
303 3209 701 3302 eumstemans
747 3229 808 3271 se
854 3232 944 3274 τοι
984 3218 1107 3287 ejus
1134 3221 1297 3278 enim
1325 3223 1379 3277 ιη
1416 3234 1700 3294 posterum
1729 3236 1775 3302 ρ
1802 3216 2031 3289 judiciis
2065 3207 2283 3277 aiebant
2319 3217 2430 3290 (bis
2473 3216 2902 3272 subveniebatur
2947 3214 3158 3275 statim.
3200 3212 3393 3267 adver-

146 3299 385 3357 curandas
416 3310 469 3358 et
498 3304 785 3364 desideria
810 3311 1119 3382 solatiaque
1152 3318 1496 3383 procuranda
1526 3321 1698 3377 susci-

144 3398 268 3453 pere.
291 3393 346 3446 in
380 3410 492 3464 quo
520 3398 677 3454 senis
708 3404 963 3471 apparuit
989 3406 1192 3460 astutia
1231 3409 1409 3478 major
1449 3413 1698 3480 quaedam

146 3492 196 3575 ac
217 3484 532 3550 profundior
562 3505 731 3560 quam
761 3502 841 3555 ut,
877 3495 969 3565 qui
1003 3495 1070 3551 de
1103 3496 1276 3568 ipsius
1316 3500 1495 3557 obiter
1530 3504 1705 3575 agniti

146 3572 459 3645 simplicitate
512 3584 744 3639 minime
792 3586 996 3643 callida
1040 3592 1457 3660 persuasionem
1502 3572 1701 3652 indue-

148 3677 268 3733 rant,
305 3682 517 3730 tantum
557 3675 613 3731 in
646 3692 713 3732 eo
750 3682 889 3734 artis
913 3695 977 3736 ac
1010 3685 1223 3753 sagacis
1253 3686 1537 3743 industria:
1562 3690 1702 3746 resi-

150 3756 255 3814 dere
306 3766 550 3832 potuisse
624 3784 866 3840 unquam
937 3773 1371 3843 suspicarentur.
1433 3776 1703 3837 Prmfatus

151 3848 368 3941 iidelicet
399 3856 585 3927 palam
615 3867 745 3915 tunc
776 3870 860 3917 est
885 3862 1030 3918 scire
1058 3878 1182 3919 sese
1212 3883 1464 3937 magnatn
1492 3872 1698 3941 passim

150 3938 191 3991 iu
229 3948 630 4014 oppressionem
658 3952 835 4022 plebis
874 3956 1090 4012 misera:
1115 3956 1440 4029 injuriarum
1479 3938 1702 4032 impune

150 4038 390 4100 licentiam
424 4050 696 4118 grassari,
730 4052 1034 4122 majoribus
1075 4056 1337 4124 minores,
1373 4058 1701 4120 fortioribus

152 4129 506 4197 imbecilliores
556 4143 959 4214 obterentibus,
1011 4163 1078 4205 eo
1111 4151 1257 4220 quod
1294 4159 1444 4207 tutor
1472 4155 1695 4225 inapum

154 4228 351 4328 exsistat
371 4235 583 4291 nullus.
615 4235 726 4294 llas
759 4252 818 4293 se
857 4240 960 4295 sibi
995 4252 1178 4310 partes
1210 4246 1353 4299 ultro
1379 4246 1700 4319 deposcere,

155 4331 627 4410 circumventorum
683 4344 715 4384 a
769 4333 1171 4401 potentioribus
1214 4338 1697 4410 protegendorum.

154 4409 261 4503 Qua:
300 4432 537 4485 praesens
590 4422 893 4493 imperator
938 4429 1117 4482 statim
1155 4409 1394 4486 obnoxie
1438 4447 1699 4503 compro-

156 4501 287 4596 batus.
319 4524 503 4581 ageret
530 4528 666 4570 sane
690 4531 751 4572 se
788 4517 993 4575 libente
1019 4535 1084 4575 ac
1114 4522 1390 4591 cupiente,
1420 4501 1698 4596 reposuit:

1809 3309 1980 3366 sariis
2020 3324 2211 3366 eorum
2259 3309 2648 3381 iudicibusque
2695 3307 2912 3375 citatis;
2959 3315 3085 3362 et-e
3116 3303 3399 3362 sententia

1808 3403 2175 3474 quorumdam
2210 3402 2584 3459 adhibitorum
2619 3403 2689 3458 ab
2719 3401 3023 3457 Athanasio
3058 3400 3392 3465 antistitum,

1813 3510 1958 3551 novo
2006 3494 2235 3568 judicio,
2289 3495 2591 3551 secundum
2628 3502 2755 3550 vota
2783 3493 3266 3565 conquerentium,
3297 3507 3394 3545 ve-

1808 3597 1924 3643 tera
1962 3586 2455 3661 rescindebantur),
2488 3589 2880 3658 plerarumque
2914 3587 3207 3658 impetrare
3232 3585 3395 3654 quid-

1810 3678 1954 3748 piam
2007 3679 2076 3733 ab
2115 3679 2364 3748 Augusto
2413 3679 2814 3734 intercessione
2847 3688 2955 3733 tam
2982 3678 3209 3749 gratiosi
3246 3677 3394 3747 apud

1809 3770 1991 3840 ipsum
2051 3771 2330 3843 sequestri
2383 3771 2767 3844 cupientium,
2834 3771 3161 3843 libellosque
3218 3771 3285 3825 ad
3339 3770 3393 3825 id

1808 3862 2193 3932 offerentium;
2262 3864 2509 3935 qualium
2572 3866 2727 3922 densi
2793 3867 2972 3922 fasces
3035 3866 3269 3920 subinde
3326 3866 3395 3919 ad

1809 3956 2199 4027 imperatorem
2235 3957 2649 4024 deferebantur,
2694 3954 2814 4029 ipso
2860 3958 3096 4013 libenter
3145 3963 3399 4012 sumente

1809 4048 2057 4119 singulos
2100 4050 2158 4105 in
2200 4063 2425 4104 manum
2478 4059 2531 4105 et
2575 4057 2829 4122 prompte
2868 4064 2935 4106 ac
2973 4050 3203 4120 benigne
3232 4064 3395 4117 cxpe-

1813 4141 2016 4197 diente.
2065 4143 2244 4198 Cursu
2304 4153 2413 4198 tam
2467 4157 2738 4215 prospero
2802 4152 2969 4198 eunte
3021 4141 3396 4197 restitutionis

1810 4236 2099 4293 Athanasii
2159 4238 2424 4310 negotio,
2492 4237 2786 4311 adjiciendi
2836 4236 2887 4295 ei
2948 4238 3395 4309 quamprimum,

1810 4315 1954 4403 quod
1996 4349 2164 4389 unum
2224 4334 2291 4388 ad
2345 4333 2665 4389 coronidem
2716 4331 2899 4388 adhuc.
2959 4332 3185 4397 deerat,
3250 4329 3396 4385 acris

1809 4441 1940 4481 cura
1969 4426 2141 4482 subiit
2175 4427 2589 4498 imperatorem.
2627 4425 2859 4482 Videbat
2894 4427 2944 4483 is
2977 4424 3392 4495 refrixissejam

1810 4520 1957 4590 apud
1993 4535 2187 4575 omnes
2217 4521 2513 4591 plurimum
2556 4519 2789 4589 gratiam
2819 4517 3072 4582 Joannis,
3116 4533 3215 4573 nec
3245 4517 3394 4572 mul-

156 4593 198 4687 id
223 4613 274 4653 se
294 4600 402 4671 jam
428 4620 577 4661 nunc
608 4607 708 4670 illi,
737 4610 984 4667 omnium
1019 4613 1139 4669 viso
1165 4614 1233 4669 ad
1260 4615 1365 4671 hoc
1392 4593 1698 4687 aptissimo,
1732 4610 1778 4665 υ
1807 4621 1920 4667 tum
1947 4612 2068 4682 ejus
2091 4611 2253 4667 modo
2275 4612 2664 4684 neglectissimi
2689 4619 3003 4681 respectum
3027 4610 3390 4675 obstiturum,

157 4685 404 4757 imponere
433 4697 696 4765 oﬂicium,
733 4703 1104 4770 cognoscendi
1134 4685 1451 4763 vexationes
1481 4709 1704 4764 tenuio-

160 4792 257 4835 rum
312 4786 485 4859 iisque
540 4791 876 4861 opitulandi.
933 4793 1117 4861 Quare
1173 4796 1325 4855 fores
1376 4801 1441 4855 de
1500 4809 1702 4859 caetero

161 4878 387 4938 panderet
431 4882 715 4941 destitutis
747 4887 1005 4957 praesidio
1047 4890 1336 4961 passisque
1368 4892 1701 4950 calumniam

163 4967 480 5030 admittendis
522 4976 949 5049 audiendisque,
984 4981 1148 5052 37o
1179 4983 1296 5039 sive
1325 4985 1448 5055 quis
1473 4985 1706 5043 aliiictus

165 5058 322 5131 iniquo
349 5066 556 5136 judicio
587 5072 991 5128 restitutionem
1030 5074 1085 5129 in
1128 5076 1403 5145 integrum
1444 5080 1703 5149 postulet,

168 5166 246 5209 seu
299 5159 647 5229 imperatoria
698 5165 954 5237 indigens
1012 5169 1187 5238 gratia
1244 5185 1467 5226 suarmu
1520 5173 1589 5228 ad
1642 5189 1705 5230 se

167 5261 358 5315 precum
404 5257 677 5312 eilicacem
727 5259 972 5329 requirat
1022 5261 1399 5333 interpretem.
1437 5262 1573 5319 Nam
1609 5268 1703 5338 qui

168 5341 231 5396 sic
259 5360 359 5414 pra
390 5366 445 5405 se
474 5349 617 5405 ferat
646 5367 710 5406 ex
758 5355 946 5407 animo
979 5355 1276 5410 condolere
1307 5371 1366 5410 se
1402 5356 1703 5413 infelicium

172 5443 415 5509 arumnis,
469 5446 597 5515 quis
648 5461 714 5500 eo
765 5447 831 5501 ad
882 5447 1006 5503 illas
1050 5447 1419 5504 sublevandas
1470 5451 1713 5507 inveniri.

172 5540 307 5596 queat
354 5535 566 5605 aptior?
614 5535 740 5593 Haec
773 5539 957 5593 locuto
1001 5553 1186 5593 coram
1236 5541 1491 5600 omnibus
1538 5542 1709 5598 Atha-

173 5626 322 5689 nasio,
351 5640 403 5682 et
438 5631 505 5685 ad
554 5645 619 5686 ea
671 5631 765 5685 tali
815 5632 1047 5702 Augusti
1095 5647 1359 5701 responso
1407 5649 1438 5689 a
1488 5636 1710 5691 cunctis

174 5713 344 5776 pariter
395 5720 603 5781 audito.
659 5722 786 5788 quis
838 5737 948 5777 non
1000 5722 1257 5792 intelligit
1300 5733 1505 5793 quanta
1541 5725 1710 5781 fuerit

175 5800 523 5865 Athanasianis
559 5809 794 5867 facultas
826 5811 1009 5866 addita
1040 5827 1129 5868 rcs
1161 5813 1405 5883 ipsorum
1428 5829 1528 5885 pro
1554 5816 1709 5873 libito

178 5901 529 5956 Promovendi?
565 5901 739 5973 Atque
791 5903 895 5957 ista
949 5903 1190 5958 involuta
1240 5911 1369 5959 tunc
1401 5904 1623 5975 quidem
1653 5914 1708 5963 ct

1807 4706 2106 4777 quominus
2144 4706 2209 4761 ad
2241 4706 2634 4771 Athanasium,
2664 4722 2777 4777 quo
2810 4706 3078 4762 inclinare
3111 4704 3389 4761 fautorum

1806 4797 2038 4853 Joannis
2071 4797 2176 4869 ipsi
2221 4798 2505 4869 principes
2547 4798 2660 4869 jam
2694 4807 2887 4870 aperte
2921 4807 3223 4869 ctepcrant,
3257 4814 3395 4853 una-

1806 4890 1943 4945 nimi
1991 4890 2178 4946 cuncti
2226 4906 2458 4947 assensu
2508 4890 2914 4947 incumberent.
2953 4889 3186 4947 Vocatos
3225 4892 3409 4987 igitur

1807 4983 2099 5053 episcopos
2124 4982 2375 5039 studiose
2426 4982 2709 5054 Augustus
2744 4983 2976 5054 urgebat
3002 4983 3069 5038 ad
3107 4999 3222 5039 rem
3254 4982 3397 5040 adeo

1807 5075 2079 5132 hactenus
2134 5084 2448 5146 provectam
2498 5076 2661 5147 plene
2711 5076 2935 5133 tandem
2974 5076 3386 5134 absolvendam.

1807 5167 2035 5221 lnivisse
2087 5167 2196 5236 iam
2254 5167 2623 5224 Athanasium
2686 5160 3096 5238 posses§ionem
3151 5168 3394 5238 patriar-

1807 5259 2006 5315 cbatus
2037 5260 2195 5330 37],
2234 5275 2524 5332 magna-ea
2557 5276 2624 5316 ex
2660 5269 2817 5332 parte
2867 5261 3048 5317 istius.
3074 5260 3236 5316 otllcii
3268 5276 3391 5333 qua:

1808 5350 1876 5405 ad
1905 5351 2244 5420 judiciorum
2271 5351 2672 5407 correctionem
2700 5352 3267 5427 intercessionemque
3292 5366 3395 5422 pro

1809 5442 2100 5512 egentibus
2144 5457 2245 5513 ope
2273 5444 2579 5514 pertineret
2606 5462 2622 5500 :
2662 5460 2733 5501 ne
2766 5455 3160 5502 cunctarentur
3189 5458 3389 5500 nomen

1808 5541 1857 5591 ei
1900 5536 2269 5607 thronumque
2297 5538 2630 5608 patriarcha:
2664 5538 2927 5610 adjicere,
2957 5539 3117 5611 cujus
3142 5538 3395 5594 ministe-

1810 5629 2244 5701 riumimpleret
2275 5632 2634 5689 laboriosiori
2656 5634 2769 5703 jam
2799 5647 2866 5688 ex
2896 5641 3074 5705 parte.
3122 5633 3302 5701 Atque
3328 5641 3391 5686 ut

1812 5720 1867 5775 in
1903 5735 1970 5776 eo
2003 5723 2180 5793 magis
2223 5725 2513 5796 magisque
2558 5726 2889 5787 eniteretur.
2940 5725 3237 5793 instigabat
3279 5724 3392 5779 An-

1812 5813 2105 5869 dronicum
2138 5828 2264 5885 spes
2291 5815 2540 5886 quaedam
2572 5815 2947 5869 curandorum
2993 5814 3244 5884 protinus
3269 5814 3411 5886 (Dei.

1814 5906 2025 5963 scilicet
2056 5922 2158 5978 0pc
2192 5922 2288 5978 per
2329 5906 2434 5977 ipsi
2468 5907 2853 5964 charissimam
2879 5906 3239 5963 Athanasium
3268 5922 3407 5962 mare
