3860 6548
452 369 562 440 4θῖ

1627 400 1670 460 G
1686 401 1879 462 EORG
1898 403 1947 461 li
1994 405 2082 463 ΡΑ
2093 405 2185 467 Cll
2200 411 2477 472 YJIEIUE

3598 428 3688 491 ωδ

455 494 753 606 ξγξιοὴυράςξ
770 501 977 606 ξιῦτξκα
1008 497 1067 558 εὖ
1091 509 1402 579 σχησόντων
1430 515 1476 568 εξ
1501 516 1920 591 ἀποκαθιστῷτο
1952 522 2030 593 τῷ
2060 534 2107 589 Α
2134 527 2355 595 ἀργίαν,
2383 531 2506 584 καθ’
2537 533 2629 597 οὓς
2656 533 2747 588 καὶ
2790 534 2946 602 ἄλλος
2995 509 3295 603 adventatth
3332 542 3600 606 καταστὰς
3627 543 3689 603 ὡς

456 584 630 658 θρόνῳ
702 589 1041 660 Ἀθανάσιος.
1075 600 1181 653 Καὶ
1211 602 1487 676 ἀρχιερεῖς
1522 609 1724 679 συνῆγε
1772 584 1866 666 καὶ
1896 584 2028 684 κλῆζ

456 692 550 746 ρον
582 681 673 732 καὶ
700 685 989 755 μοναχοὺς,
1023 690 1117 741 καὶ
1146 692 1245 755 τὰς
1280 694 1387 764 μὲν
1423 699 1740 769 ωσκέψεις,
1798 704 1846 756 εί
1876 703 2031 756 ἀνελ-

456 767 568 860 θεῖν
597 769 729 838 δέοι,
758 776 911 844 παρὰ
943 778 1148 847 φαῦλον
1179 779 1293 839 οἷον
1337 787 1569 856 ὲτίθετο,
1608 767 1890 848 πιστεύων
1915 796 2031 860 τοῖς

452 854 719 956 πρότριτα
741 875 754 889 ⁸
787 862 963 956 ουδεὶς
986 866 1095 939 γὰρ
1149 872 1258 925 τῶν
1287 854 1598 948 ἀρχιερέων
1646 876 1716 951 ἦν
1744 883 1893 948 ὅστις
1931 854 2031 956 ἃμ.ζ

454 942 701 1048 ίδὼνικαὶ
750 950 939 1048 μοι-θὼν
989 956 1090 1028 τὴν
1142 942 1641 1035 πρώτη-[ἐκείνην
1669 942 2028 1048 ημέραν,οθχ

450 1035 757 1137 θποκλίνων
782 1043 880 1116 τὴν
907 1050 1149 1125 κεφαλὴν
1176 1054 1251 1120 ὡς
1284 1063 1637 1135 πατριάρχην
1685 1035 1908 1137 εδέέετοᾱ
1933 1035 2030 1123 καί

449 1126 646 1220 ἤπειγε
700 1134 799 1202 τὴν
835 1137 1129 1196 ἀνάϐασινο
1160 1148 1290 1217 περὶ
1334 1126 1514 1206 Bst-tofi
1689 1126 1903 1213 ἀνέλθοι
1933 1161 2029 1215 καὶ

448 1219 601 1320 πότε,
637 1224 684 1320 ει
710 1226 849 1292 τέως
896 1229 1137 1304 θελήσει,
1177 1239 1254 1303 ὡς
1291 1240 1594 1315 ἐλεγε(τὺν
1626 1229 1738 1320 γαρ
1776 1248 2029 1317 Ἰωάννην

446 1310 780 1419 ὑπερεώρων
821 1323 934 1419 ,καὶ
979 1327 1028 1384 οε
1078 1329 1221 1394 τέως
1275 1310 1719 1419 προσκείμενοι),
1778 1342 1866 1415 [Ρ.

420 1424 425 1429 λ
449 1404 700 1474 συνάγων
730 1409 938 1479 ἠρώτα.
1362 1417 1381 1433 ⁸

450 1518 516 1585 β’.
550 1520 684 1586 Περὶ
719 1524 828 1578 τοῦ
873 1525 996 1582 τῶν
1042 1531 1367 1612 ἀρίςερέων
1418 1538 1520 1592 ἐπὶ
1575 1541 1655 1607 τῷ
1703 1544 2030 1612 Ἀθανασίῳ

1058 1599 1425 1674 σλίσματος.

460 1710 470 1722 -
531 1682 833 1781 ’A-pxtepsig
853 1690 920 1781 se
951 1693 1115 1765 μέχρι
1145 1696 1246 1767 μὲν
1272 1699 1489 1772 ἐκείνης
1509 1704 1607 1774 τῆς
1640 1707 1867 1777 πρώτης
1887 1712 2026 1781 ἠμέ-

451 1787 547 1868 ρας
577 1773 799 1868 θερμῶς
824 1774 992 1851 εἶχον,
1033 1785 1128 1837 καί
1176 1787 1453 1859 μηδεμιᾶς
1491 1773 2026 1868 προσπαιούσηςηὲν·

448 1862 596 1926 νοέας
646 1867 696 1958 oi
744 1870 1070 1938 ἁπεναντίας
1110 1878 1225 1942 τοῖς
1274 1862 1558 1951 λογισμοῖς
1609 1885 1804 1958 ἐκείνῳ
1840 1862 2023 1954 καλῶς
2054 1877 2098 1933 Β

446 1957 868 2050 προσεφέροντο.
898 1959 1033 2019 Εἶτα
1063 1966 1119 2021 δὲ
1162 1970 1255 2022 καὶ
1298 1969 1577 2044 λογισμῶν
1606 1957 1828 2050 βασάνῳ
1848 1980 2022 2035 διδόν-

445 2061 536 2145 τες
565 2047 624 2101 τὸ
653 2051 907 2145 πρᾷγμα,
932 2056 983 2109 οἱ
1019 2056 1118 2125 μὲν
1149 2061 1242 2114 καὶ
1275 2058 1434 2126 αὖθις
1464 2066 1717 2136 ἐνέμενον
1750 2047 1866 2135 τοῖς
1889 2091 2022 2145 προ-

443 2138 625 2207 τέροις
676 2143 770 2196 καὶ
806 2147 904 2211 τὰς
938 2148 1025 2201 ἐπ’
1085 2151 1278 2224 ἐκείνῳ
1323 2157 1497 2226 ῥοπὰς
1522 2160 1876 2230 ἁνεπάλαιον,
1927 2138 2022 2221 καὶ

446 2232 690 2326 προῆγον
728 2235 825 2304 μὲν
877 2242 1240 2311 παραιτήσεις
1269 2245 1355 2312 ἐφ’
1388 2242 1472 2310 οἷς
1523 2248 1698 2302 ἐποίει
1728 2252 1849 2305 τότε
1874 2253 2022 2326 ἁπᾴ·

445 2322 618 2389 δουσι,
673 2328 988 2397 προέτεινον
1033 2334 1089 2386 δὲ
1123 2335 1215 2391 καὶ
1244 2336 1340 2409 τὴν
1373 2339 1465 2393 ἐπὶ
1509 2342 1784 2408 τοσούτοις
1807 2322 2021 2417 χρόνοις

448 2514 508 2563 ιιι
541 2508 587 2562 is
649 2512 824 2567 sacris
889 2527 1153 2585 praeesset
1189 2523 1562 2596 impetranda)
1626 2537 1736 2582 tam
1781 2532 2023 2601 graviter

448 2601 719 2698 hactenus
768 2606 1071 2667 laborantis
1124 2615 1199 2668 rei
1247 2616 1482 2685 publica
1530 2623 1842 2680 vulnerum.
1876 2625 2021 2698 Ergo

446 2696 592 2752 haud
650 2702 906 2758 cessabat
970 2720 1284 2765 convocans
1328 2712 1637 2783 episcopos,
1700 2718 1910 2775 clerum
1958 2696 2021 2776 et

446 2790 768 2847 monachos.
807 2790 1019 2860 Quibus
1068 2798 1122 2852 in
1169 2800 1406 2858 cmtibus
1446 2820 1549 2861 nec
1575 2808 1654 2861 vel
1685 2809 1864 2877 primo
1899 2811 2021 2880 qui-

445 2880 567 2936 dem
605 2894 766 2941 tenus
794 2886 965 2944 dubio
992 2889 1123 2946 illud
1151 2893 1205 2946 in
1236 2892 1686 2952 deliberationem
1712 2902 2018 2957 vocandum

445 2976 693 3043 putabat,
732 2989 994 3054 possetne
1030 2983 1084 3038 in
1117 2985 1377 3042 thronum
1429 2989 1767 3049 Athanasius
1815 2995 1919 3049 rite
1957 3010 2021 3051 ac

445 3067 748 3124 secundum
790 3086 1032 3131 canones
1079 3076 1202 3134 sine
1241 3080 1348 3133 alia
1390 3085 1735 3150 promotione
1778 3089 2018 3157 regredi.

446 3155 624 3215 fretus
673 3161 937 3221 nimirum
972 3181 1151 3237 nuper
1178 3186 1206 3224 a
1234 3185 1294 3226 se
1323 3172 1478 3227 visis.
1512 3155 2018 3236 Observaratienim

445 3251 535 3310 die
561 3251 673 3319 illa,
692 3271 812 3324 qua
838 3264 922 3313 est
945 3260 1166 3330 agnitus
1195 3270 1255 3318 ut
1278 3263 1518 3320 vaticinii
1539 3277 1734 3322 auctor
1757 3276 1812 3325 et
1836 3271 2022 3329 aditus

443 3345 806 3413 Athanasius,
851 3353 1127 3406 neminem
1159 3354 1547 3423 episcoporum
1578 3358 1756 3416 fuisse
1786 3364 1905 3432 qui,
1943 3364 2022 3419 si-

443 3437 559 3490 mul
590 3438 745 3493 illum
776 3441 930 3507 vidit,
963 3458 1068 3499 non
1100 3454 1159 3499 ut
1188 3447 1555 3514 patriarcham
1584 3452 1826 3508 demisso
1846 3457 2026 3526 capite

443 3540 740 3587 veneratus
796 3532 981 3602 fuerit,
1037 3553 1145 3607 non
1184 3540 1449 3609 ejusdem
1504 3545 1911 3604 restitutionem
1965 3552 2020 3605 in

445 3620 707 3678 thronum
768 3628 992 3682 urserit.
1049 3628 1186 3686 Illud
1253 3635 1432 3689 solum
1497 3638 1846 3695 consultabat
1895 3652 2020 3698 cuin

442 3709 704 3769 Patribus
736 3716 1109 3785 Andronicus,
1146 3736 1255 3789 quo
1297 3731 1456 3792 pacto
1483 3734 1537 3779 et
1567 3728 1789 3795 quando
1818 3742 2020 3784 conve-

443 3806 589 3865 niret
638 3811 843 3865 resumi
898 3814 1321 3882 patriarcbalem
1369 3818 1695 3890 dignitatem
1745 3824 1815 3878 ab
1854 3823 2024 3878 Atha~

442 3900 624 3967 nasio,
656 3902 932 3975 siquidem
960 3907 1255 3979 (boc'enitn
1288 3913 1577 3984 subdcbat)
1606 3915 1804 3973 adduci
1832 3925 2021 3987 posset

444 4003 505 4050 ut
536 3994 590 4052 id
623 3997 807 4053 vellet.
849 3998 926 4061 De
962 4001 1066 4062 hoc
1096 4019 1206 4057 uno
1239 4008 1546 4063 sententias
1579 4010 1803 4081 rogabat
1828 4027 2019 4067 eorum

443 4106 587 4160 quos
644 4094 1040 4163 congregabat,
1080 4096 1245 4165 plane
1284 4112 1514 4155 securus
1556 4098 1807 4166 Joannis,
1856 4117 2020 4170 quem

444 4179 515 4235 ab
544 4181 614 4237 iis
649 4198 872 4253 quoque
901 4185 995 4254 qui
1033 4185 1305 4250 hactenus
1341 4188 1678 4258 perstudiosi
1709 4190 1827 4252 eius
1857 4207 2024 4261 appa-

441 4274 692 4330 ruissent
739 4276 1049 4346 neglectum
1085 4277 1202 4346 jam
1253 4289 1614 4350 spretumque
1669 4282 2020 4352 opinabatur.

548 4367 602 4420 2.
636 4366 713 4422 De
748 4368 1030 4423 schismate
1052 4370 1415 4439 episcoporum
1450 4371 1512 4424 ob
1541 4372 1915 4427 Athanasium.

510 4476 686 4534 Porro
721 4479 963 4549 epismpi
998 4487 1113 4534 toto
1144 4480 1236 4535 illo
1277 4484 1457 4552 primo
1495 4482 1605 4545 die.
1665 4481 2023 4551 ﬂagrantibus

2135 618 2302 671 αὑτοῦ
2331 636 2393 686 γε
2427 626 2910 693 παραιτησαμένου
2935 626 3003 681 τὰ
3035 628 3135 696 τῆς
3169 629 3500 700 Ἐκκλησίας
3537 631 3687 685 Utiliu-

2134 725 2244 772 νεν,
2272 708 2331 762 ὃν
2368 710 2488 765 οὐδὲ
2519 712 2727 767 δέκαιον
2756 711 2895 770 εἶναι
2927 717 2984 771 ὲν
3012 719 3124 781 τοῖς
3170 717 3462 788 μισθωτοῖς
3501 737 3689 790 παρεγ-

2134 802 2442 871 γράφεσθαι
2466 807 2557 859 καὶ
2581 806 2655 869 ὡς
2689 807 2763 877 μὴ
2782 809 3388 877 γνήσιονόσελίξεσθαι,
3408 813 3500 865 ἐπὶ
3526 814 3691 866 societi-

2132 911 2246 955 τοις
2298 897 2445 949 ἔτεσι
2495 898 2592 970 τὴν
2669 899 2996 970 Ἐκκλησίαν
3048 904 3348 973 κατέχοντα
3378 904 3472 957 καί
3495 921 3555 972 γε
3611 907 3691 958 καὶ

2131 985 2394 1057 πλείστας
2424 991 2755 1059 χειροτονίας
2800 993 3128 1064 τελέσανταο
3165 997 3313 1049 δυοῖν
3340 998 3452 1066 γὰρ
3484 998 3690 1068 θάτερον

2134 1077 2195 1143 ευ
2206 1078 2472 1146 μσαίνειν,
2502 1082 2534 1151 ἢ
2557 1083 2719 1137 αὑτὸν
2743 1085 2840 1154 μὲν
2867 1085 3207 1140 δικαιοῦσθαι
3232 1090 3487 1143 κάκεῖνον
3517 1091 3571 1144 ἐν
3589 1093 3690 1154 τοῖς

2132 1168 2307 1231 νόθοις
2334 1165 2501 1234 εἶναι,
2537 1171 2571 1243 ἢ
2600 1172 2708 1243 μὴν
2738 1176 3039 1239 κανονικῶς
3074 1180 3452 1244 καταστάντος
3497 1179 3689 1234 ἐκείνου

2132 1264 2226 1319 καὶ
2257 1267 2558 1331 κανονικῶς
2589 1270 2940 1341 ἐνεργοῦντος
2964 1273 3125 1327 αὐτὸν
3158 1276 3214 1327 ἑν
3248 1275 3454 1347 ἱερεῦσι
3485 1279 3575 1330 καὶ
3599 1293 3690 1330 πα-

2130 1356 2421 1426 τριάρχαις
2459 1359 2593 1429 μηδὲ
2623 1360 2684 1413 τὸ
2708 1362 2976 1432 παράπαν
3000 1362 3337 1431 λογίζεσθαι.
3361 1366 3691 1437 Ἐῤῥᾳδιουρ-

2130 1454 2381 1518 γημένην
2404 1449 2462 1503 δὲ
2494 1453 2586 1504 καὶ
2607 1452 2707 1522 τὴν
2737 1453 2876 1522 ὑπὲρ
2921 1454 3029 1507 τῶν
3067 1457 3446 1527 ἀδικουμένων
3484 1458 3688 1524 ἀξίωσιν

2131 1538 2497 1607 ὐπετόπαζον,
2550 1543 2626 1615 ᾡς
2674 1544 2854 1599 αὐτίκ’
2909 1546 2975 1599 ἂν
3008 1551 3103 1602 καὶ
3143 1550 3273 1612 τοὺς
3313 1550 3688 1619 συντρέχοντας

2130 1617 2359 1700 πολλοὺς
2397 1630 2538 1690 εἶναι
2576 1637 2829 1709 βοηθείας
2881 1641 3045 1696 ἕνεκα
3100 1645 3200 1713 τῆς
3257 1642 3395 1713 πρὸς
3447 1617 3687 1711 κρα-

2127 1727 2349 1792 τοῦντα,
2383 1730 2478 1783 καὶ
2530 1731 2630 1802 τὴν
2659 1731 2759 1801 τῆς
2806 1738 3148 1803 προστασίας
3174 1735 3341 1806 τιμὴν
3372 1733 3685 1804 ἐρριζῶσθαι

2128 1817 2189 1883 ἐξ
2223 1821 2521 1889 ἀναγκαίου
2553 1823 2899 1894 συμϐαίνειν,
2927 1826 3032 1880 κᾶν
3062 1826 3138 1899 μὴ
3167 1828 3318 1895 σφίσι
3344 1827 3683 1895 δοκοίηΔιχῆ

2129 1904 2221 1964 οὖν
2241 1911 2638 1983 διαιρουμένων
2656 1914 2766 1966 τῶν
2789 1915 3110 1986 ἀρχιερέων,
3143 1921 3236 1970 καὶ
3274 1916 3383 1970 τῶν
3415 1915 3684 1986 ἠδικῆσθαι

2105 2002 2224 2067 ¹καὶ
2264 2002 2385 2056 τότε
2429 2003 2539 2057 τῶν
2567 2005 2719 2074 ἱερέα
2752 2010 3049 2077 κρινόντων
3088 2011 3180 2062 καὶ
3221 2010 3378 2072 αὖθις
3426 2008 3683 2064 δικαιοῦν·

2127 2109 2236 2145 των
2265 2092 2587 2161 ἀνάγεσθαι,
2615 2089 2691 2148 ὧν
2723 2111 2871 2160 τινες
2905 2098 2953 2150 εί
2982 2098 3195 2169 καὶτῆς
3223 2100 3433 2152 ἐκείνου
3463 2116 3688 2170 χειροτο-

2132 2182 2251 2245 νίας
2277 2177 2442 2253 ἦσαν,
2475 2183 2590 2236 ἀλλ’
2623 2182 2718 2238 οὖν
2765 2185 3028 2256 ὑποσχεῖν
3061 2186 3315 2254 εὐθύνας,
3348 2189 3398 2241 εἰ
3453 2190 3685 2250 κάκεῖνος

2130 2272 2217 2346 [Ρ.
2241 2272 2371 2346 259]
2401 2273 2568 2343 θέλοι,
2599 2276 2830 2340 ἑαυτοὺς
2857 2276 3150 2345 ἐδικαίουν,
3171 2279 3281 2333 τῶν
3322 2280 3382 2334 δὲ
3412 2278 3538 2351 μηδ’
3566 2281 3687 2341 ὅλως

2129 2366 2472 2437 ἀνεχομένων
2501 2366 2753 2439 δέχεσθαι
2778 2369 2897 2440 ἅμα
2923 2370 3024 2441 μὲν
3053 2372 3556 2443 παραιτησάμενον,
3584 2371 3685 2440 ἅμα

2127 2565 2300 2624 esset,
2346 2556 2603 2630 ultroque
2634 2571 2935 2627 agnoscere
2962 2557 3129 2612 alium
3178 2557 3283 2612 sibi
3317 2557 3418 2611 rite
3457 2554 3687 2625 deposito

2127 2642 2393 2707 canonice
2432 2650 2743 2715 suffectum,
2786 2650 2880 2721 qui
2928 2659 3084 2706 tanto
3129 2661 3375 2720 tempore
3423 2650 3543 2704 sine
3591 2649 3682 2700 ulla

2126 2753 2305 2799 status
2326 2743 2723 2809 controversia,
2752 2752 2846 2798 aut
2869 2742 3197 2813 cujusquam
3226 2742 3392 2797 dubio
3434 2742 3566 2811 quin
3602 2756 3685 2793 ve-

2126 2852 2225 2891 rus
2277 2845 2469 2907 pastor
2507 2843 2688 2899 esset,
2734 2833 3037 2890 Ecclesiam
3088 2835 3493 2905 gubernasset;
3538 2847 3681 2917 quem

2127 2928 2375 3002 profecto
2417 2938 2495 2985 tot
2519 2932 2633 2999 jam
2662 2929 2826 2985 annis
2866 2929 2979 2983 veri
3017 2928 3253 2999 pastoris
3293 2925 3684 2981 existimatione

2128 3024 2486 3094 pra-positum
2540 3021 2819 3087 Ecclesiae.
2866 3021 3160 3091 multisque
3203 3020 3421 3075 interim
3468 3017 3681 3072 ordina-

2131 3114 2373 3172 tionibus
2418 3115 2808 3184 perfunctum,
2853 3124 3081 3184 repente
3126 3127 3276 3167 nunc
3318 3111 3445 3166 albo
3487 3125 3681 3179 expun-

2128 3219 2277 3264 ctum
2325 3207 2619 3278 praasulum
2662 3208 3030 3278 legitimorum
3080 3204 3435 3261 mercenariis
3484 3201 3680 3257 adscri-

2125 3303 2274 3367 bere,
2301 3302 2370 3357 ab
2395 3301 2655 3372 aequitate
2698 3300 3020 3371 rationeque
3053 3298 3220 3354 videri
3261 3298 3553 3368 plurimum
3596 3296 3679 3348 ab-

2126 3392 2382 3446 horrens.
2410 3390 2650 3445 Duorum
2672 3390 2843 3460 igitur
2861 3391 3093 3444 alterum
3117 3386 3338 3443 aiebant
3362 3388 3415 3441 in
3439 3384 3682 3441 confesso

2125 3485 2316 3541 haberi
2352 3500 2476 3540 esse
2517 3498 2772 3547 necesse,
2807 3491 2902 3537 aut
2939 3484 3033 3553 jus
3079 3495 3269 3537 verum
3317 3478 3682 3551 patriarchalis

2125 3579 2352 3634 honoris
2384 3578 2486 3632 hoc
2514 3577 2784 3633 deccnnio
2809 3590 2974 3647 penes
3007 3572 3371 3629 Athanasium
3402 3570 3680 3633 resedisse,

2122 3672 2314 3742 sicque
2360 3668 2629 3724 Joannem
2677 3669 2814 3723 nihil
2856 3669 3027 3724 fuisse
3068 3666 3177 3722 nisi
3224 3664 3475 3736 spurium
3521 3664 3683 3717 intru-

2125 3779 2356 3835 sumque
2404 3762 2803 3833 patriarcham,
2849 3771 2944 3817 aut
3002 3768 3194 3816 contra
3240 3759 3391 3813 hunc
3434 3756 3682 3813 canonice

2124 3866 2431 3927 acceptam,
2476 3856 2741 3911 canonice
2773 3852 3089 3910 exercuisse
3138 3850 3556 3923 patriarchalem
3594 3860 3681 3916 po-

2125 3958 2413 4014 testatem;
2447 3962 2514 4002 ει
2561 3960 2672 4016 quo
2719 3946 2791 4001 sit
2830 3944 3123 4000 manifeste
3163 3956 3506 4011 consequens
3547 3939 3681 4010 prio-

2123 4058 2239 4098 rem
2276 4043 2428 4097 illum
2478 4041 2774 4098 sacerdotii
2802 4041 2926 4096 talis
2956 4057 3020 4096 ac
3045 4041 3330 4112 dignitatis
3356 4040 3527 4095 fuisse
3564 4046 3680 4092 tunc

2123 4138 2342 4208 penitus
2363 4144 2665 4206 expertem.
2701 4137 2781 4191 Ad
2810 4137 2923 4192 haec
2948 4135 3205 4192 subolere
3227 4135 3332 4189 sibi
3372 4133 3612 4188 fraudem
3635 4137 3682 4184 et

2124 4229 2323 4283 malam
2362 4227 2521 4283 fidem
2551 4229 2770 4305 aiebant
2808 4228 2863 4283 in
2905 4229 3031 4292 ista,
3057 4242 3179 4299 qua:
3209 4227 3529 4297 jactaretur,
3569 4222 3682 4278 alie.

2127 4330 2274 4376 ctata
2323 4320 2664 4390 prolectione
2712 4319 2970 4390 injuriam
3008 4333 3343 4391 passorum:
3384 4326 3678 4390 quaastuosa

2126 4428 2321 4481 nempe
2363 4412 2722 4481 popularitate
2771 4418 2944 4466 artem
2979 4414 3061 4468 sic
3100 4413 3376 4466 iuventam
3423 4423 3680 4481 praeoccu-

2125 4505 2319 4572 pandae
2350 4505 2613 4560 beneficio
2643 4505 3034 4569 multitudinis,
3057 4517 3111 4559 et
3154 4505 3368 4573 injustas
3395 4520 3516 4574 quae
3541 4515 3682 4572 para-

441 4582 766 4627 cunctorum
795 4573 851 4627 in
884 4572 1246 4629 Athanasium
1282 4574 1504 4642 studiis,
1547 4584 1602 4632 et
1638 4576 1742 4647 ipsi
1777 4577 2017 4633 favorem

2128 4607 2279 4651 retur
2333 4597 2656 4653 iutrusionis
2720 4596 2960 4654 factione
3009 4599 3369 4654 obnoxiorum
3435 4596 3680 4653 corrobo-

441 4674 752 4727 ostensum,
802 4666 1003 4722 animis
1046 4666 1292 4722 nondum
1346 4669 1747 4724 contrariarum
1787 4684 2020 4726 recursu

442 4756 838 4828 cOgitationum
873 4758 1065 4814 tractis
1102 4759 1159 4814 in
1201 4759 1503 4825 diversum,
1548 4771 1857 4817 tenuerunt.
1896 4762 2020 4818 Sta—

440 4850 541 4905 tim
571 4860 751 4905 autem
792 4859 936 4919 post,
969 4850 1135 4906 simul
1171 4850 1495 4922 refrigerato
1528 4854 1789 4908 novitatis
1827 4854 2024 4910 ardore

443 4941 695 5003 sedatius
743 4940 1003 4999 reﬂesere
1053 4957 1257 4999 vacuas
1290 4942 1404 5012 jam
1451 4955 1661 5001 mentes
1705 4947 1774 4999 ad
1818 4946 2023 5002 serium

444 5049 676 5092 examen
708 5035 874 5091 modo
901 5045 1176 5099 actorum,
1206 5036 1482 5106 prioribus
1507 5038 1730 5107 quidam
1758 5053 1881 5093 sese
1906 5054 2025 5092 rur-

445 5145 543 5188 sus
586 5128 901 5198 applicuere
938 5129 1210 5196 Consiliis,
1251 5129 1743 5201 instauraruntque
1791 5131 2024 5200 impetus

445 5224 585 5279 certi
623 5223 887 5293 propositi
921 5224 989 5278 ad
1035 5232 1381 5278 constantem
1415 5223 1856 5294 prosecutionem
1899 5234 2026 5279 ante

445 5318 821 5372 decretorum.
870 5316 1197 5386 Allegabant
1239 5316 1405 5387 igitur
1448 5325 1638 5371 contra
1687 5319 2024 5372 tumultuose

447 5411 766 5465 festinatam
796 5410 1132 5480 agnitionem
1165 5408 1452 5469 Athanasii
1487 5409 1559 5464 uti
1588 5410 1767 5468 adhuc
1795 5411 2025 5479 patriar-

448 5507 586 5569 chte,
615 5502 852 5573 primunt
884 5502 1106 5572 quidem
1133 5502 1254 5571 ejus
1293 5503 1690 5559 abdicationem
1725 5513 1836 5557 tam
1858 5503 2029 5572 justis

449 5600 517 5657 de
537 5598 724 5653 causis
745 5596 1266 5651 absurdissimorutn
1299 5597 1419 5667 ejus
1442 5606 1687 5652 actorum
1718 5606 1773 5652 et
1801 5612 2025 5667 expres-

450 5710 567 5749 sam
597 5703 652 5748 et
682 5692 978 5748 admissam
1011 5691 1092 5747 uti
1117 5692 1237 5747 sine
1256 5691 1425 5746 dubio
1457 5690 1771 5762 legitimam.
1806 5694 2026 5760 Altega-

449 5789 583 5843 haut
612 5796 665 5841 et
703 5786 1067 5842 cessationem
1104 5793 1215 5840 tam
1250 5785 1465 5855 longam
1493 5783 1669 5855 ipsius
1695 5785 1763 5839 ah
1798 5800 1897 5840 usu
1932 5799 2026 5852 po-

455 5881 690 5945 testatis,
728 5879 890 5957 372
922 5894 1029 5949 qua
1060 5894 1119 5937 se
1154 5878 1378 5938 omnino
1413 5894 1598 5937 carere
1627 5880 1707 5937 sic
1739 5880 2023 5952 profassus

2124 4689 2329 4744 tundat.
2369 4689 2429 4744 ln
2467 4689 2614 4746 hunc
2650 4692 2873 4746 modum
2918 4700 2972 4746 et
3006 4692 3378 4749 sentientibus
3423 4700 3479 4747 et
3519 4691 3681 4746 disse-

2124 4782 2371 4837 rentibus
2402 4781 2675 4853 episcopis
2705 4784 3012 4851 nonnullis,
3039 4799 3164 4841 cum
3200 4784 3291 4840 alii
3338 4784 3681 4855 persistentes

2127 4871 2181 4928 in
2220 4871 2336 4927 beri
2366 4881 2590 4928 ostensa
2622 4876 2893 4930 sententia
2941 4888 3331 4947 repugnarent,
3371 4876 3547 4931 scindi
3593 4888 3681 4927 an-

2127 4962 2327 5019 tistites
2370 4962 2425 5019 itt
2461 4961 2729 5019 factiones
2756 4963 3005 5034 contigit,
3044 4964 3128 5021 his
3167 4978 3234 5018 ex
3279 4963 3512 5018 adverso
3552 4959 3680 5015 aﬂir-

2127 5053 2406 5108 mantibus
2441 5068 2788 5124 nequaquam
2828 5054 2932 5109 rite
2964 5055 3133 5110 fuisse
3163 5054 3475 5125 depositum
3525 5054 3680 5109 Atha-

2126 5145 2363 5210 nasium,
2411 5147 2506 5201 sed
2538 5145 2740 5215 injuste
2770 5153 2823 5201 et
2860 5146 3098 5201 invalide
3127 5163 3223 5216 per
3261 5147 3369 5200 vim
3402 5148 3678 5212 deiectum,

2127 5233 2370 5302 legitime
2427 5252 2646 5307 semper
2696 5246 2904 5291 retenta
2969 5251 3333 5307 possessaque
3394 5238 3680 5307 dignitate;

2128 5340 2298 5393 quare
2315 5325 2476 5382 illum
2515 5335 2660 5382 recte
2681 5336 2845 5397 atque
2863 5327 3059 5383 ordine
3089 5344 3235 5384 nunc
3270 5329 3353 5383 vel
3378 5344 3502 5384 sero
3524 5338 3681 5396 agno-

2130 5423 2207 5476 sci
2240 5436 2338 5489 pro
2367 5436 2433 5474 eo
2473 5421 2565 5490 qui
2599 5436 2724 5476 vere
2751 5421 2845 5481 sit.
2885 5432 2942 5476 et
2974 5424 3024 5475 in
3054 5430 3244 5488 erepto
3278 5423 3464 5492 ἰιιὶιιιίιξ
3512 5415 3680 5487 reponi

2128 5516 2331 5567 throno
2356 5528 2453 5582 par
2483 5527 2623 5567 esse.
2660 5513 2740 5568 lta
2781 5515 3125 5582 potissimum
3160 5515 3465 5570 censebant
3507 5512 3592 5583 qui
3628 5523 3681 5565 se

2127 5604 2491 5659 ordinationis
2539 5608 2800 5660 honorem
2851 5596 3156 5662 Athanasio
3196 5608 3556 5662 meminerant
3590 5603 3679 5658 de-

2129 5697 2289 5763 bere;
2324 5695 2598 5767 iidemque
2627 5713 2689 5752 se
2731 5709 3012 5768 promptos
3044 5699 3348 5755 oﬁerebant
3399 5701 3463 5753 ad
3505 5709 3680 5769 poenas

2129 5789 2446 5845 subeundas
2484 5806 2622 5859 quas
2667 5792 2799 5860 ipsis
2830 5809 3068 5859 cumque
3100 5795 3264 5851 vellet
3307 5795 3580 5866 imponere
3613 5787 3678 5842 ob

2129 5881 2292 5937 alium
2321 5880 2505 5935 tandiu
2549 5895 2832 5952 perperam
2870 5885 3142 5939 iutrusum
3178 5900 3278 5957 pro
3322 5902 3452 5941 vero
3486 5883 3677 5938 adium
