  <div class='ocr_page' id='page_1' title='image "/cluster/home/n/w/nwhite01/storage/ocr_20150623/144/hvd.32044019208339/212.png"; bbox 0 0 3860 6596; ppageno 0'>
   <div class='ocr_carea' id='block_1_1' title="bbox 246 446 343 509">
    <p class='ocr_par' dir='ltr' id='par_1_1' title="bbox 246 446 343 509">
     <span class='ocr_line' id='line_1_1' title="bbox 246 446 343 509; baseline 0 -1"><span class='ocrx_word' id='word_1_1' title='bbox 246 446 343 509; x_wconf 68' lang='grc'><strong>409</strong></span> 
     </span>
    </p>
   </div>
   <div class='ocr_carea' id='block_1_2' title="bbox 1143 450 2550 517">
    <p class='ocr_par' dir='ltr' id='par_1_2' title="bbox 1143 450 2550 517">
     <span class='ocr_line' id='line_1_2' title="bbox 1143 450 2550 517; baseline 0.003 -6"><span class='ocrx_word' id='word_1_2' title='bbox 1143 452 1240 511; x_wconf 86' lang='lat' dir='ltr'><strong>DE</strong></span> <span class='ocrx_word' id='word_1_3' title='bbox 1280 450 1725 511; x_wconf 72' lang='lat' dir='ltr'><strong>ANDRONIGD</strong></span> <span class='ocrx_word' id='word_1_4' title='bbox 1766 454 2236 516; x_wconf 64' lang='lat' dir='ltr'><strong>PALzEOLOGO</strong></span> <span class='ocrx_word' id='word_1_5' title='bbox 2281 457 2420 517; x_wconf 86' lang='lat' dir='ltr'><strong>LIB.</strong></span> <span class='ocrx_word' id='word_1_6' title='bbox 2482 456 2550 515; x_wconf 91' lang='lat' dir='ltr'><strong>V.</strong></span> 
     </span>
    </p>
   </div>
   <div class='ocr_carea' id='block_1_3' title="bbox 3364 448 3471 513">
    <p class='ocr_par' dir='ltr' id='par_1_3' title="bbox 3364 448 3471 513">
     <span class='ocr_line' id='line_1_3' title="bbox 3364 448 3471 513; baseline -0.009 0"><span class='ocrx_word' id='word_1_7' title='bbox 3364 448 3471 513; x_wconf 69' lang='grc'><strong>410</strong></span> 
     </span>
    </p>
   </div>
   <div class='ocr_carea' id='block_1_4' title="bbox 246 562 3493 641">
    <p class='ocr_par' dir='ltr' id='par_1_4' title="bbox 246 562 3493 641">
     <span class='ocr_line' id='line_1_4' title="bbox 246 562 3493 641; baseline 0 -24"><span class='ocrx_word' id='word_1_8' title='bbox 246 562 297 618; x_wconf 71' lang='grc' dir='ltr'><strong>δὲ</strong></span> <span class='ocrx_word' id='word_1_9' title='bbox 326 565 413 617; x_wconf 82' lang='grc' dir='ltr'><strong>καὶ</strong></span> <span class='ocrx_word' id='word_1_10' title='bbox 448 563 532 616; x_wconf 73' lang='grc' dir='ltr'><strong>ἐπ’</strong></span> <span class='ocrx_word' id='word_1_11' title='bbox 586 564 790 630; x_wconf 75' lang='grc' dir='ltr'><strong>αἰτίαις</strong></span> <span class='ocrx_word' id='word_1_12' title='bbox 849 565 1221 638; x_wconf 71' lang='grc' dir='ltr'>σκληρότητος</span> <span class='ocrx_word' id='word_1_13' title='bbox 1260 568 1355 621; x_wconf 74' lang='grc' dir='ltr'>καὶ</span> <span class='ocrx_word' id='word_1_14' title='bbox 1411 567 1507 620; x_wconf 79' lang='grc' dir='ltr'>τοῦ</span> <span class='ocrx_word' id='word_1_15' title='bbox 1573 567 1805 629; x_wconf 77' lang='grc' dir='ltr'>πολλοὺς</span> <span class='ocrx_word' id='word_1_16' title='bbox 1833 570 1882 632; x_wconf 82' lang='grc' dir='ltr'>Α</span> <span class='ocrx_word' id='word_1_17' title='bbox 1913 570 2011 623; x_wconf 84' lang='grc' dir='ltr'><strong>ἀπ’</strong></span> <span class='ocrx_word' id='word_1_18' title='bbox 2047 571 2248 641; x_wconf 81' lang='grc' dir='ltr'>ἀρετῆς</span> <span class='ocrx_word' id='word_1_19' title='bbox 2306 571 2457 634; x_wconf 80' lang='grc' dir='ltr'>ἴσως,</span> <span class='ocrx_word' id='word_1_20' title='bbox 2486 569 2547 624; x_wconf 80' lang='grc' dir='ltr'>τὸ</span> <span class='ocrx_word' id='word_1_21' title='bbox 2593 567 2647 621; x_wconf 82' lang='grc' dir='ltr'><strong>δὲ</strong></span> <span class='ocrx_word' id='word_1_22' title='bbox 2690 567 2785 621; x_wconf 77' lang='grc' dir='ltr'>καὶ</span> <span class='ocrx_word' id='word_1_23' title='bbox 2818 566 2980 620; x_wconf 75' lang='grc' dir='ltr'>πλέον</span> <span class='ocrx_word' id='word_1_24' title='bbox 3005 565 3099 620; x_wconf 74' lang='grc' dir='ltr'>καὶ</span> <span class='ocrx_word' id='word_1_25' title='bbox 3129 565 3236 619; x_wconf 68' lang='grc' dir='ltr'><strong>ἀπὸ</strong></span> <span class='ocrx_word' id='word_1_26' title='bbox 3266 564 3493 635; x_wconf 82' lang='grc' dir='ltr'>γνώμης</span> 
     </span>
    </p>
   </div>
   <div class='ocr_carea' id='block_1_5' title="bbox 245 653 1799 729">
    <p class='ocr_par' dir='ltr' id='par_1_5' title="bbox 245 653 1799 729">
     <span class='ocr_line' id='line_1_5' title="bbox 245 653 1799 729; baseline 0.003 -21"><span class='ocrx_word' id='word_1_27' title='bbox 245 653 535 717; x_wconf 72' lang='grc' dir='ltr'>αἰκίζεσθαι</span> <span class='ocrx_word' id='word_1_28' title='bbox 586 674 645 710; x_wconf 88' lang='grc' dir='ltr'>τε</span> <span class='ocrx_word' id='word_1_29' title='bbox 677 658 770 711; x_wconf 78' lang='grc' dir='ltr'>καὶ</span> <span class='ocrx_word' id='word_1_30' title='bbox 800 659 1112 713; x_wconf 74' lang='grc' dir='ltr'><strong>ἀποκλείειν</strong></span> <span class='ocrx_word' id='word_1_31' title='bbox 1155 660 1333 723; x_wconf 79' lang='grc' dir='ltr'><strong>αἰτίας</strong></span> <span class='ocrx_word' id='word_1_32' title='bbox 1380 660 1799 729; x_wconf 85' lang='grc' dir='ltr'>ἁνακυπτούσης</span> 
     </span>
    </p>
   </div>
   <div class='ocr_carea' id='block_1_6' title="bbox 244 742 1798 821">
    <p class='ocr_par' dir='ltr' id='par_1_6' title="bbox 244 742 1798 821">
     <span class='ocr_line' id='line_1_6' title="bbox 244 742 1798 821; baseline 0.002 -22"><span class='ocrx_word' id='word_1_33' title='bbox 244 746 330 799; x_wconf 68' lang='grc' dir='ltr'>καὶ</span> <span class='ocrx_word' id='word_1_34' title='bbox 349 747 443 815; x_wconf 67' lang='grc' dir='ltr'>τῆς</span> <span class='ocrx_word' id='word_1_35' title='bbox 472 748 767 818; x_wconf 78' lang='grc' dir='ltr'><strong>τυχούσης,</strong></span> <span class='ocrx_word' id='word_1_36' title='bbox 786 742 861 805; x_wconf 83' lang='grc' dir='ltr'><strong>ὧν</strong></span> <span class='ocrx_word' id='word_1_37' title='bbox 888 750 1052 803; x_wconf 66' lang='lat' dir='ltr'><strong>Evam</strong></span> <span class='ocrx_word' id='word_1_38' title='bbox 1071 745 1160 821; x_wconf 77' lang='grc' dir='ltr'><strong>ἦν,</strong></span> <span class='ocrx_word' id='word_1_39' title='bbox 1197 752 1245 803; x_wconf 78' lang='grc' dir='ltr'>εἰ</span> <span class='ocrx_word' id='word_1_40' title='bbox 1272 751 1346 820; x_wconf 83' lang='grc' dir='ltr'><strong>μὴ</strong></span> <span class='ocrx_word' id='word_1_41' title='bbox 1384 750 1798 820; x_wconf 75' lang='grc' dir='ltr'><strong>μεταὸἀλλοιτο,</strong></span> 
     </span>
    </p>
   </div>
   <div class='ocr_carea' id='block_1_7' title="bbox 242 840 1801 904">
    <p class='ocr_par' dir='ltr' id='par_1_7' title="bbox 242 840 1801 904">
     <span class='ocr_line' id='line_1_7' title="bbox 242 840 1801 904; baseline 0.001 -14"><span class='ocrx_word' id='word_1_42' title='bbox 242 840 328 891; x_wconf 75' lang='grc' dir='ltr'>καὶ</span> <span class='ocrx_word' id='word_1_43' title='bbox 383 841 518 891; x_wconf 80' lang='grc' dir='ltr'>κατὰ</span> <span class='ocrx_word' id='word_1_44' title='bbox 574 843 811 904; x_wconf 82' lang='grc' dir='ltr'><strong>κανόνας</strong></span> <span class='ocrx_word' id='word_1_45' title='bbox 861 841 1204 904; x_wconf 73' lang='grc' dir='ltr'><strong>εὐθύνεσθαι,</strong></span> <span class='ocrx_word' id='word_1_46' title='bbox 1266 842 1581 894; x_wconf 82' lang='grc' dir='ltr'>συνίσταταὶ</span> <span class='ocrx_word' id='word_1_47' title='bbox 1631 858 1714 903; x_wconf 89' lang='grc' dir='ltr'><strong>τις</strong></span> <span class='ocrx_word' id='word_1_48' title='bbox 1744 841 1801 892; x_wconf 83' lang='grc' dir='ltr'>ὲν</span> 
     </span>
    </p>
   </div>
   <div class='ocr_carea' id='block_1_8' title="bbox 240 928 1802 1004">
    <p class='ocr_par' dir='ltr' id='par_1_8' title="bbox 240 928 1802 1004">
     <span class='ocr_line' id='line_1_8' title="bbox 240 928 1802 1004; baseline 0.008 -23"><span class='ocrx_word' id='word_1_49' title='bbox 240 928 432 993; x_wconf 75' lang='grc' dir='ltr'><strong>τούτοις</strong></span> <span class='ocrx_word' id='word_1_50' title='bbox 462 933 556 984; x_wconf 77' lang='grc' dir='ltr'>καὶ</span> <span class='ocrx_word' id='word_1_51' title='bbox 576 932 739 1003; x_wconf 81' lang='grc' dir='ltr'><strong>τρίτη</strong></span> <span class='ocrx_word' id='word_1_52' title='bbox 772 936 959 1004; x_wconf 78' lang='grc' dir='ltr'>μοῖρα,</span> <span class='ocrx_word' id='word_1_53' title='bbox 1010 935 1058 986; x_wconf 81' lang='grc' dir='ltr'>οἳ</span> <span class='ocrx_word' id='word_1_54' title='bbox 1083 934 1146 1001; x_wconf 84' lang='grc' dir='ltr'>δὴ</span> <span class='ocrx_word' id='word_1_55' title='bbox 1180 934 1279 1003; x_wconf 79' lang='grc' dir='ltr'>τὴν</span> <span class='ocrx_word' id='word_1_56' title='bbox 1319 934 1417 1002; x_wconf 80' lang='grc' dir='ltr'>μὲν</span> <span class='ocrx_word' id='word_1_57' title='bbox 1445 934 1545 1000; x_wconf 78' lang='grc' dir='ltr'><strong>τῆς</strong></span> <span class='ocrx_word' id='word_1_58' title='bbox 1578 930 1802 1000; x_wconf 80' lang='grc' dir='ltr'>γνώμης</span> 
     </span>
    </p>
   </div>
   <div class='ocr_carea' id='block_1_9' title="bbox 245 1020 1804 1094">
    <p class='ocr_par' dir='ltr' id='par_1_9' title="bbox 245 1020 1804 1094">
     <span class='ocr_line' id='line_1_9' title="bbox 245 1020 1804 1094; baseline 0.002 -24"><span class='ocrx_word' id='word_1_59' title='bbox 245 1021 520 1087; x_wconf 75' lang='grc' dir='ltr'><strong>μετάθεσιν</strong></span> <span class='ocrx_word' id='word_1_60' title='bbox 581 1022 992 1092; x_wconf 69' lang='grc' dir='ltr'>αἰσχυνόμενοι,</span> <span class='ocrx_word' id='word_1_61' title='bbox 1048 1024 1406 1094; x_wconf 66' lang='grc' dir='ltr'>εὐπρόσωπον</span> <span class='ocrx_word' id='word_1_62' title='bbox 1435 1022 1477 1073; x_wconf 80' lang='grc' dir='ltr'><strong>δ’</strong></span> <span class='ocrx_word' id='word_1_63' title='bbox 1509 1024 1600 1074; x_wconf 70' lang='grc' dir='ltr'><strong>ἐπὶ</strong></span> <span class='ocrx_word' id='word_1_64' title='bbox 1629 1020 1804 1092; x_wconf 83' lang='grc' dir='ltr'>ταύτῃ</span> 
     </span>
    </p>
   </div>
   <div class='ocr_carea' id='block_1_10' title="bbox 242 1112 1798 1184">
    <p class='ocr_par' dir='ltr' id='par_1_10' title="bbox 242 1112 1798 1184">
     <span class='ocr_line' id='line_1_10' title="bbox 242 1112 1798 1184; baseline -0.001 -19"><span class='ocrx_word' id='word_1_65' title='bbox 242 1112 497 1182; x_wconf 70' lang='grc' dir='ltr'>πρόφασιν</span> <span class='ocrx_word' id='word_1_66' title='bbox 558 1114 954 1183; x_wconf 80' lang='grc' dir='ltr'><strong>προϊσχόμενοι</strong></span> <span class='ocrx_word' id='word_1_67' title='bbox 987 1115 1234 1183; x_wconf 80' lang='grc' dir='ltr'>ἐδέχοντο</span> <span class='ocrx_word' id='word_1_68' title='bbox 1266 1114 1384 1184; x_wconf 80' lang='grc' dir='ltr'><strong>μὲν,</strong></span> <span class='ocrx_word' id='word_1_69' title='bbox 1417 1112 1491 1174; x_wconf 86' lang='grc' dir='ltr'>ὼς</span> <span class='ocrx_word' id='word_1_70' title='bbox 1518 1112 1611 1165; x_wconf 74' lang='grc' dir='ltr'>καὶ</span> <span class='ocrx_word' id='word_1_71' title='bbox 1650 1112 1798 1180; x_wconf 73' lang='grc' dir='ltr'>πρὶν,</span> 
     </span>
    </p>
   </div>
   <div class='ocr_carea' id='block_1_11' title="bbox 240 1203 1806 1277">
    <p class='ocr_par' dir='ltr' id='par_1_11' title="bbox 240 1203 1806 1277">
     <span class='ocr_line' id='line_1_11' title="bbox 240 1203 1806 1277; baseline -0.003 -19"><span class='ocrx_word' id='word_1_72' title='bbox 240 1205 320 1258; x_wconf 74' lang='grc' dir='ltr'><strong>τον</strong></span> <span class='ocrx_word' id='word_1_73' title='bbox 350 1205 515 1274; x_wconf 80' lang='grc' dir='ltr'>ἄνδρα</span> <span class='ocrx_word' id='word_1_74' title='bbox 538 1206 636 1259; x_wconf 76' lang='grc' dir='ltr'>καὶ</span> <span class='ocrx_word' id='word_1_75' title='bbox 671 1207 1037 1277; x_wconf 77' lang='grc' dir='ltr'>πατριάρχην,</span> <span class='ocrx_word' id='word_1_76' title='bbox 1070 1207 1211 1277; x_wconf 80' lang='grc' dir='ltr'>πλὴν</span> <span class='ocrx_word' id='word_1_77' title='bbox 1242 1207 1327 1259; x_wconf 74' lang='grc' dir='ltr'><strong>ἐπ’</strong></span> <span class='ocrx_word' id='word_1_78' title='bbox 1349 1204 1617 1276; x_wconf 78' lang='grc' dir='ltr'><strong>ἀσφαλείᾳ</strong></span> <span class='ocrx_word' id='word_1_79' title='bbox 1649 1203 1806 1272; x_wconf 82' lang='grc' dir='ltr'>μεγι-</span> 
     </span>
    </p>
   </div>
   <div class='ocr_carea' id='block_1_12' title="bbox 247 1293 1801 1367">
    <p class='ocr_par' dir='ltr' id='par_1_12' title="bbox 247 1293 1801 1367">
     <span class='ocr_line' id='line_1_12' title="bbox 247 1293 1801 1367; baseline -0.001 -20"><span class='ocrx_word' id='word_1_80' title='bbox 247 1310 335 1367; x_wconf 74' lang='grc' dir='ltr'><strong>στη</strong></span> <span class='ocrx_word' id='word_1_81' title='bbox 360 1294 451 1347; x_wconf 79' lang='grc' dir='ltr'>τοῦ</span> <span class='ocrx_word' id='word_1_82' title='bbox 483 1296 557 1366; x_wconf 83' lang='grc' dir='ltr'><strong>μή</strong></span> <span class='ocrx_word' id='word_1_83' title='bbox 591 1313 649 1349; x_wconf 86' lang='grc' dir='ltr'><strong>τι</strong></span> <span class='ocrx_word' id='word_1_84' title='bbox 679 1296 919 1350; x_wconf 79' lang='grc' dir='ltr'>τοιοῦτον</span> <span class='ocrx_word' id='word_1_85' title='bbox 944 1300 1004 1350; x_wconf 74' lang='grc' dir='ltr'><strong>τὸ</strong></span> <span class='ocrx_word' id='word_1_86' title='bbox 1035 1297 1143 1349; x_wconf 82' lang='grc' dir='ltr'><strong>ἀπὸ</strong></span> <span class='ocrx_word' id='word_1_87' title='bbox 1172 1296 1325 1350; x_wconf 78' lang='grc' dir='ltr'>τοῦδε</span> <span class='ocrx_word' id='word_1_88' title='bbox 1350 1296 1481 1366; x_wconf 83' lang='grc' dir='ltr'>παρ’</span> <span class='ocrx_word' id='word_1_89' title='bbox 1510 1295 1676 1349; x_wconf 68' lang='grc' dir='ltr'>αὑτοῦ</span> <span class='ocrx_word' id='word_1_90' title='bbox 1715 1293 1801 1361; x_wconf 82' lang='grc' dir='ltr'><strong>γι-</strong></span> 
     </span>
    </p>
   </div>
   <div class='ocr_carea' id='block_1_13' title="bbox 244 1385 1804 1460">
    <p class='ocr_par' dir='ltr' id='par_1_13' title="bbox 244 1385 1804 1460">
     <span class='ocr_line' id='line_1_13' title="bbox 244 1385 1804 1460; baseline 0 -23"><span class='ocrx_word' id='word_1_91' title='bbox 244 1389 433 1450; x_wconf 79' lang='grc' dir='ltr'>νεσθαι,</span> <span class='ocrx_word' id='word_1_92' title='bbox 484 1389 562 1449; x_wconf 86' lang='grc' dir='ltr'>ὡς</span> <span class='ocrx_word' id='word_1_93' title='bbox 609 1391 837 1441; x_wconf 77' lang='grc' dir='ltr'>ἐκείνων</span> <span class='ocrx_word' id='word_1_94' title='bbox 885 1389 1145 1460; x_wconf 72' lang='grc' dir='ltr'><strong>ὀλεθρίων</strong></span> <span class='ocrx_word' id='word_1_95' title='bbox 1173 1391 1339 1443; x_wconf 76' lang='grc' dir='ltr'>ὄντων</span> <span class='ocrx_word' id='word_1_96' title='bbox 1367 1390 1460 1440; x_wconf 69' lang='grc' dir='ltr'>καὶ</span> <span class='ocrx_word' id='word_1_97' title='bbox 1491 1385 1804 1454; x_wconf 69' lang='grc' dir='ltr'>δυναμένων</span> 
     </span>
    </p>
   </div>
   <div class='ocr_carea' id='block_1_14' title="bbox 244 1478 1807 1553">
    <p class='ocr_par' dir='ltr' id='par_1_14' title="bbox 244 1478 1807 1553">
     <span class='ocr_line' id='line_1_14' title="bbox 244 1478 1807 1553; baseline -0.014 -3"><span class='ocrx_word' id='word_1_98' title='bbox 244 1480 504 1550; x_wconf 67' lang='grc' dir='ltr'>ἀρχιερεῖς</span> <span class='ocrx_word' id='word_1_99' title='bbox 538 1480 850 1550; x_wconf 69' lang='grc' dir='ltr'>καθαιρεῖν,</span> <span class='ocrx_word' id='word_1_100' title='bbox 894 1482 960 1552; x_wconf 80' lang='grc' dir='ltr'>ἦν</span> <span class='ocrx_word' id='word_1_101' title='bbox 987 1499 1070 1545; x_wconf 83' lang='grc' dir='ltr'><strong>τις</strong></span> <span class='ocrx_word' id='word_1_102' title='bbox 1102 1482 1214 1553; x_wconf 81' lang='grc' dir='ltr'><strong>ἄρα</strong></span> <span class='ocrx_word' id='word_1_103' title='bbox 1243 1482 1336 1533; x_wconf 75' lang='grc' dir='ltr'>καὶ</span> <span class='ocrx_word' id='word_1_104' title='bbox 1360 1483 1472 1544; x_wconf 85' lang='grc' dir='ltr'>τοῖς</span> <span class='ocrx_word' id='word_1_105' title='bbox 1494 1478 1685 1534; x_wconf 66' lang='grc' dir='ltr'>κκνόσι</span> <span class='ocrx_word' id='word_1_106' title='bbox 1716 1493 1807 1529; x_wconf 79' lang='grc' dir='ltr'>πι-</span> 
     </span>
    </p>
   </div>
   <div class='ocr_carea' id='block_1_15' title="bbox 244 1570 1806 1644">
    <p class='ocr_par' dir='ltr' id='par_1_15' title="bbox 244 1570 1806 1644">
     <span class='ocr_line' id='line_1_15' title="bbox 244 1570 1806 1644; baseline 0.006 -21"><span class='ocrx_word' id='word_1_107' title='bbox 244 1572 492 1628; x_wconf 79' lang='grc' dir='ltr'>στεύσειε.</span> <span class='ocrx_word' id='word_1_108' title='bbox 573 1572 764 1627; x_wconf 82' lang='grc' dir='ltr'>Ταῦτα</span> <span class='ocrx_word' id='word_1_109' title='bbox 804 1575 1058 1644; x_wconf 83' lang='grc' dir='ltr'>λέγοντες</span> <span class='ocrx_word' id='word_1_110' title='bbox 1113 1574 1534 1644; x_wconf 81' lang='grc' dir='ltr'>διεφιλονεικουν</span> <span class='ocrx_word' id='word_1_111' title='bbox 1589 1570 1806 1644; x_wconf 59' lang='grc' dir='ltr'><strong>ἡμέρας</strong></span> 
     </span>
    </p>
   </div>
   <div class='ocr_carea' id='block_1_16' title="bbox 241 1639 1806 1737">
    <p class='ocr_par' dir='ltr' id='par_1_16' title="bbox 241 1639 1806 1737">
     <span class='ocr_line' id='line_1_16' title="bbox 241 1639 1806 1737; baseline -0.008 -12"><span class='ocrx_word' id='word_1_112' title='bbox 241 1664 373 1727; x_wconf 83' lang='grc' dir='ltr'><strong>ὅλας,</strong></span> <span class='ocrx_word' id='word_1_113' title='bbox 397 1664 491 1717; x_wconf 71' lang='grc' dir='ltr'>καὶ</span> <span class='ocrx_word' id='word_1_114' title='bbox 520 1664 618 1727; x_wconf 80' lang='grc' dir='ltr'>τὰς</span> <span class='ocrx_word' id='word_1_115' title='bbox 638 1639 1159 1737; x_wconf 57' lang='grc' dir='ltr'>γνὼμαςῶμενουν</span> <span class='ocrx_word' id='word_1_116' title='bbox 1183 1639 1246 1720; x_wconf 76' lang='grc' dir='ltr'>οὐ</span> <span class='ocrx_word' id='word_1_117' title='bbox 1274 1639 1806 1729; x_wconf 49' lang='grc' dir='ltr'>ξυνέόαινονξδασιο</span> 
     </span>
    </p>
   </div>
   <div class='ocr_carea' id='block_1_17' title="bbox 241 1753 1805 1829">
    <p class='ocr_par' dir='ltr' id='par_1_17' title="bbox 241 1753 1805 1829">
     <span class='ocr_line' id='line_1_17' title="bbox 241 1753 1805 1829; baseline -0.001 -22"><span class='ocrx_word' id='word_1_118' title='bbox 241 1756 350 1817; x_wconf 62' lang='lat' dir='ltr'><strong>lsi);</strong></span> <span class='ocrx_word' id='word_1_119' title='bbox 377 1756 430 1808; x_wconf 82' lang='grc' dir='ltr'><strong>δὲ</strong></span> <span class='ocrx_word' id='word_1_120' title='bbox 460 1756 629 1823; x_wconf 71' lang='grc' dir='ltr'>γνοὺς</span> <span class='ocrx_word' id='word_1_121' title='bbox 677 1757 755 1821; x_wconf 85' lang='grc' dir='ltr'>ὡς</span> <span class='ocrx_word' id='word_1_122' title='bbox 786 1757 845 1810; x_wconf 84' lang='grc' dir='ltr'>τὸ</span> <span class='ocrx_word' id='word_1_123' title='bbox 865 1759 1089 1829; x_wconf 73' lang='grc' dir='ltr'>ἶάτηρὸν</span> <span class='ocrx_word' id='word_1_124' title='bbox 1108 1758 1203 1812; x_wconf 82' lang='grc' dir='ltr'><strong>τοῦ</strong></span> <span class='ocrx_word' id='word_1_125' title='bbox 1243 1757 1434 1829; x_wconf 80' lang='grc' dir='ltr'>ἀνδρὸς</span> <span class='ocrx_word' id='word_1_126' title='bbox 1466 1759 1562 1811; x_wconf 77' lang='grc' dir='ltr'>καὶ</span> <span class='ocrx_word' id='word_1_127' title='bbox 1585 1753 1805 1825; x_wconf 81' lang='grc' dir='ltr'><strong>ἀμάλα-</strong></span> 
     </span>
    </p>
   </div>
   <div class='ocr_carea' id='block_1_18' title="bbox 243 1829 1807 1923">
    <p class='ocr_par' dir='ltr' id='par_1_18' title="bbox 243 1829 1807 1923">
     <span class='ocr_line' id='line_1_18' title="bbox 243 1829 1807 1923; baseline -0.001 -22"><span class='ocrx_word' id='word_1_128' title='bbox 243 1864 354 1901; x_wconf 77' lang='grc' dir='ltr'>κτον</span> <span class='ocrx_word' id='word_1_129' title='bbox 381 1851 472 1902; x_wconf 78' lang='grc' dir='ltr'><strong>καὶ</strong></span> <span class='ocrx_word' id='word_1_130' title='bbox 497 1849 596 1902; x_wconf 69' lang='grc' dir='ltr'><strong>ἐπὶ</strong></span> <span class='ocrx_word' id='word_1_131' title='bbox 616 1853 735 1914; x_wconf 86' lang='grc' dir='ltr'>τοῖς</span> <span class='ocrx_word' id='word_1_132' title='bbox 765 1851 1020 1922; x_wconf 80' lang='grc' dir='ltr'>τυχοῦσιν</span> <span class='ocrx_word' id='word_1_133' title='bbox 1047 1852 1525 1923; x_wconf 76' lang='grc' dir='ltr'>ἀσυγκατάὃατον,</span> <span class='ocrx_word' id='word_1_134' title='bbox 1558 1849 1588 1903; x_wconf 78' lang='grc' dir='ltr'><strong>ὃ</strong></span> <span class='ocrx_word' id='word_1_135' title='bbox 1620 1849 1685 1918; x_wconf 75' lang='grc' dir='ltr'>δὴ</span> <span class='ocrx_word' id='word_1_136' title='bbox 1710 1829 1807 1902; x_wconf 58' lang='grc' dir='ltr'>καὶ</span> 
     </span>
    </p>
   </div>
   <div class='ocr_carea' id='block_1_19' title="bbox 245 2012 1809 2085">
    <p class='ocr_par' dir='ltr' id='par_1_19' title="bbox 245 2012 1809 2085">
     <span class='ocr_line' id='line_1_19' title="bbox 245 2012 1809 2085; baseline 0.003 -22"><span class='ocrx_word' id='word_1_137' title='bbox 245 2024 349 2063; x_wconf 89' lang='lat' dir='ltr'><strong>sum</strong></span> <span class='ocrx_word' id='word_1_138' title='bbox 375 2025 662 2065; x_wconf 90' lang='lat' dir='ltr'><strong>sacrorum</strong></span> <span class='ocrx_word' id='word_1_139' title='bbox 689 2012 999 2081; x_wconf 68' lang='lat' dir='ltr'><strong>praesidem.</strong></span> <span class='ocrx_word' id='word_1_140' title='bbox 1027 2012 1153 2068; x_wconf 67' lang='lat' dir='ltr'><strong>Haec</strong></span> <span class='ocrx_word' id='word_1_141' title='bbox 1189 2014 1276 2069; x_wconf 87' lang='lat' dir='ltr'><strong>isti</strong></span> <span class='ocrx_word' id='word_1_142' title='bbox 1315 2014 1646 2085; x_wconf 87' lang='lat' dir='ltr'><strong>allegabant,</strong></span> <span class='ocrx_word' id='word_1_143' title='bbox 1686 2028 1809 2081; x_wconf 70' lang='lat' dir='ltr'><strong>quae</strong></span> 
     </span>
    </p>
   </div>
   <div class='ocr_carea' id='block_1_20' title="bbox 247 2100 1810 2161">
    <p class='ocr_par' dir='ltr' id='par_1_20' title="bbox 247 2100 1810 2161">
     <span class='ocr_line' id='line_1_20' title="bbox 247 2100 1810 2161; baseline 0.003 -7"><span class='ocrx_word' id='word_1_144' title='bbox 247 2116 354 2154; x_wconf 82' lang='lat' dir='ltr'><strong>cum</strong></span> <span class='ocrx_word' id='word_1_145' title='bbox 384 2100 741 2157; x_wconf 89' lang='lat' dir='ltr'><strong>adversantes</strong></span> <span class='ocrx_word' id='word_1_146' title='bbox 773 2103 865 2157; x_wconf 87' lang='lat' dir='ltr'><strong>alii</strong></span> <span class='ocrx_word' id='word_1_147' title='bbox 899 2106 1305 2161; x_wconf 85' lang='lat' dir='ltr'><strong>contentiosins</strong></span> <span class='ocrx_word' id='word_1_148' title='bbox 1351 2106 1662 2161; x_wconf 81' lang='lat' dir='ltr'><strong>refellerent</strong></span> <span class='ocrx_word' id='word_1_149' title='bbox 1692 2120 1810 2159; x_wconf 84' lang='lat' dir='ltr'><strong>ma-</strong></span> 
     </span>
    </p>
   </div>
   <div class='ocr_carea' id='block_1_21' title="bbox 245 2182 1806 2268">
    <p class='ocr_par' dir='ltr' id='par_1_21' title="bbox 245 2182 1806 2268">
     <span class='ocr_line' id='line_1_21' title="bbox 245 2182 1806 2268; baseline 0.002 -21"><span class='ocrx_word' id='word_1_150' title='bbox 245 2182 463 2262; x_wconf 71' lang='lat' dir='ltr'><strong>gnopere</strong></span> <span class='ocrx_word' id='word_1_151' title='bbox 518 2194 787 2263; x_wconf 88' lang='lat' dir='ltr'><strong>jactanda</strong></span> <span class='ocrx_word' id='word_1_152' title='bbox 845 2196 1299 2268; x_wconf 86' lang='lat' dir='ltr'><strong>validissimaque</strong></span> <span class='ocrx_word' id='word_1_153' title='bbox 1380 2199 1806 2252; x_wconf 83' lang='lat' dir='ltr'><strong>demonstranda</strong></span> 
     </span>
    </p>
   </div>
   <div class='ocr_carea' id='block_1_22' title="bbox 247 2286 1806 2368">
    <p class='ocr_par' dir='ltr' id='par_1_22' title="bbox 247 2286 1806 2368">
     <span class='ocr_line' id='line_1_22' title="bbox 247 2286 1806 2368; baseline 0.004 -30"><span class='ocrx_word' id='word_1_154' title='bbox 247 2286 567 2343; x_wconf 76' lang='lat' dir='ltr'><strong>abdicatione</strong></span> <span class='ocrx_word' id='word_1_155' title='bbox 646 2288 975 2347; x_wconf 76' lang='lat' dir='ltr'><strong>Athanasii:</strong></span> <span class='ocrx_word' id='word_1_156' title='bbox 1046 2290 1218 2368; x_wconf 82' lang='lat' dir='ltr'><strong>cujus</strong></span> <span class='ocrx_word' id='word_1_157' title='bbox 1255 2291 1418 2345; x_wconf 82' lang='lat' dir='ltr'><strong>etiam</strong></span> <span class='ocrx_word' id='word_1_158' title='bbox 1480 2306 1675 2345; x_wconf 84' lang='lat' dir='ltr'><strong>causas</strong></span> <span class='ocrx_word' id='word_1_159' title='bbox 1739 2306 1806 2345; x_wconf 77' lang='lat' dir='ltr'><strong>ex</strong></span> 
     </span>
    </p>
   </div>
   <div class='ocr_carea' id='block_1_23' title="bbox 245 2377 1808 2453">
    <p class='ocr_par' dir='ltr' id='par_1_23' title="bbox 245 2377 1808 2453">
     <span class='ocr_line' id='line_1_23' title="bbox 245 2377 1808 2453; baseline 0.002 -19"><span class='ocrx_word' id='word_1_160' title='bbox 245 2377 385 2447; x_wconf 78' lang='lat'><strong>373</strong></span> <span class='ocrx_word' id='word_1_161' title='bbox 427 2381 763 2436; x_wconf 80' lang='lat' dir='ltr'><strong>intolerabili</strong></span> <span class='ocrx_word' id='word_1_162' title='bbox 799 2382 1086 2453; x_wconf 84' lang='lat' dir='ltr'><strong>regiminis</strong></span> <span class='ocrx_word' id='word_1_163' title='bbox 1116 2385 1233 2452; x_wconf 85' lang='lat' dir='ltr'><strong>ejus</strong></span> <span class='ocrx_word' id='word_1_164' title='bbox 1277 2384 1575 2438; x_wconf 81' lang='lat' dir='ltr'><strong>acerbitate</strong></span> <span class='ocrx_word' id='word_1_165' title='bbox 1612 2383 1808 2437; x_wconf 85' lang='lat' dir='ltr'><strong>ductas</strong></span> 
     </span>
    </p>
   </div>
   <div class='ocr_carea' id='block_1_24' title="bbox 247 2468 1808 2546">
    <p class='ocr_par' dir='ltr' id='par_1_24' title="bbox 247 2468 1808 2546">
     <span class='ocr_line' id='line_1_24' title="bbox 247 2468 1808 2546; baseline 0.005 -24"><span class='ocrx_word' id='word_1_166' title='bbox 247 2468 489 2526; x_wconf 78' lang='lat' dir='ltr'><strong>invidiose</strong></span> <span class='ocrx_word' id='word_1_167' title='bbox 524 2473 931 2541; x_wconf 62' lang='lat' dir='ltr'><strong>prmdicahant,</strong></span> <span class='ocrx_word' id='word_1_168' title='bbox 974 2485 1366 2546; x_wconf 79' lang='lat' dir='ltr'><strong>exaggerantes</strong></span> <span class='ocrx_word' id='word_1_169' title='bbox 1405 2476 1497 2531; x_wconf 90' lang='lat' dir='ltr'><strong>illa</strong></span> <span class='ocrx_word' id='word_1_170' title='bbox 1537 2477 1808 2545; x_wconf 79' lang='lat' dir='ltr'><strong>supplicia</strong></span> 
     </span>
    </p>
   </div>
   <div class='ocr_carea' id='block_1_25' title="bbox 249 2562 1809 2634">
    <p class='ocr_par' dir='ltr' id='par_1_25' title="bbox 249 2562 1809 2634">
     <span class='ocr_line' id='line_1_25' title="bbox 249 2562 1809 2634; baseline 0.004 -18"><span class='ocrx_word' id='word_1_171' title='bbox 249 2576 369 2616; x_wconf 72' lang='lat' dir='ltr'><strong>saeve</strong></span> <span class='ocrx_word' id='word_1_172' title='bbox 391 2562 455 2615; x_wconf 90' lang='lat' dir='ltr'><strong>ah</strong></span> <span class='ocrx_word' id='word_1_173' title='bbox 483 2577 548 2617; x_wconf 88' lang='lat' dir='ltr'><strong>eo</strong></span> <span class='ocrx_word' id='word_1_174' title='bbox 584 2573 808 2634; x_wconf 87' lang='lat' dir='ltr'><strong>sumpta</strong></span> <span class='ocrx_word' id='word_1_175' title='bbox 841 2567 910 2620; x_wconf 88' lang='lat' dir='ltr'><strong>de</strong></span> <span class='ocrx_word' id='word_1_176' title='bbox 951 2567 1163 2630; x_wconf 87' lang='lat' dir='ltr'><strong>multis,</strong></span> <span class='ocrx_word' id='word_1_177' title='bbox 1207 2567 1328 2622; x_wconf 87' lang='lat' dir='ltr'><strong>illas</strong></span> <span class='ocrx_word' id='word_1_178' title='bbox 1357 2566 1708 2623; x_wconf 82' lang='lat' dir='ltr'><strong>exclusiones</strong></span> <span class='ocrx_word' id='word_1_179' title='bbox 1741 2568 1809 2622; x_wconf 89' lang='lat' dir='ltr'><strong>ab</strong></span> 
     </span>
    </p>
   </div>
   <div class='ocr_carea' id='block_1_26' title="bbox 250 2653 1809 2731">
    <p class='ocr_par' dir='ltr' id='par_1_26' title="bbox 250 2653 1809 2731">
     <span class='ocr_line' id='line_1_26' title="bbox 250 2653 1809 2731; baseline 0.004 -25"><span class='ocrx_word' id='word_1_180' title='bbox 250 2653 417 2708; x_wconf 77' lang='lat' dir='ltr'><strong>ciliciis</strong></span> <span class='ocrx_word' id='word_1_181' title='bbox 462 2664 517 2710; x_wconf 91' lang='lat' dir='ltr'><strong>et</strong></span> <span class='ocrx_word' id='word_1_182' title='bbox 582 2658 952 2725; x_wconf 83' lang='lat' dir='ltr'><strong>sacerdotiis,</strong></span> <span class='ocrx_word' id='word_1_183' title='bbox 1007 2659 1303 2716; x_wconf 82' lang='lat' dir='ltr'><strong>levissimis</strong></span> <span class='ocrx_word' id='word_1_184' title='bbox 1363 2662 1689 2731; x_wconf 89' lang='lat' dir='ltr'><strong>plerumque</strong></span> <span class='ocrx_word' id='word_1_185' title='bbox 1741 2659 1809 2713; x_wconf 87' lang='lat' dir='ltr'><strong>de</strong></span> 
     </span>
    </p>
   </div>
   <div class='ocr_carea' id='block_1_27' title="bbox 249 2744 1807 2821">
    <p class='ocr_par' dir='ltr' id='par_1_27' title="bbox 249 2744 1807 2821">
     <span class='ocr_line' id='line_1_27' title="bbox 249 2744 1807 2821; baseline 0.005 -22"><span class='ocrx_word' id='word_1_186' title='bbox 249 2744 408 2801; x_wconf 82' lang='lat' dir='ltr'><strong>causis</strong></span> <span class='ocrx_word' id='word_1_187' title='bbox 436 2748 487 2802; x_wconf 89' lang='lat' dir='ltr'><strong>in</strong></span> <span class='ocrx_word' id='word_1_188' title='bbox 519 2747 797 2817; x_wconf 86' lang='lat' dir='ltr'><strong>plurimos</strong></span> <span class='ocrx_word' id='word_1_189' title='bbox 825 2750 1220 2807; x_wconf 74' lang='lat' dir='ltr'><strong>immanissima</strong></span> <span class='ocrx_word' id='word_1_190' title='bbox 1262 2756 1541 2818; x_wconf 82' lang='lat' dir='ltr'><strong>decretas,</strong></span> <span class='ocrx_word' id='word_1_191' title='bbox 1572 2767 1711 2821; x_wconf 89' lang='lat' dir='ltr'><strong>quas</strong></span> <span class='ocrx_word' id='word_1_192' title='bbox 1738 2753 1807 2807; x_wconf 89' lang='lat' dir='ltr'><strong>ob</strong></span> 
     </span>
    </p>
   </div>
   <div class='ocr_carea' id='block_1_28' title="bbox 250 2838 1808 2913">
    <p class='ocr_par' dir='ltr' id='par_1_28' title="bbox 250 2838 1808 2913">
     <span class='ocr_line' id='line_1_28' title="bbox 250 2838 1808 2913; baseline 0.006 -24"><span class='ocrx_word' id='word_1_193' title='bbox 250 2850 327 2891; x_wconf 84' lang='lat' dir='ltr'><strong>res</strong></span> <span class='ocrx_word' id='word_1_194' title='bbox 351 2838 739 2896; x_wconf 70' lang='lat' dir='ltr'><strong>ecclesiaSticaa</strong></span> <span class='ocrx_word' id='word_1_195' title='bbox 787 2841 997 2896; x_wconf 88' lang='lat' dir='ltr'><strong>leni:ati</strong></span> <span class='ocrx_word' id='word_1_196' title='bbox 1035 2844 1345 2899; x_wconf 89' lang='lat' dir='ltr'><strong>contrarias</strong></span> <span class='ocrx_word' id='word_1_197' title='bbox 1380 2845 1615 2898; x_wconf 80' lang='lat' dir='ltr'><strong>maxime</strong></span> <span class='ocrx_word' id='word_1_198' title='bbox 1644 2843 1808 2913; x_wconf 71' lang='lat' dir='ltr'><strong>justae</strong></span> 
     </span>
    </p>
   </div>
   <div class='ocr_carea' id='block_1_29' title="bbox 253 2929 1808 3008">
    <p class='ocr_par' dir='ltr' id='par_1_29' title="bbox 253 2929 1808 3008">
     <span class='ocr_line' id='line_1_29' title="bbox 253 2929 1808 3008; baseline 0.006 -28"><span class='ocrx_word' id='word_1_199' title='bbox 253 2929 382 2984; x_wconf 90' lang='lat' dir='ltr'><strong>illum</strong></span> <span class='ocrx_word' id='word_1_200' title='bbox 413 2933 883 2989; x_wconf 80' lang='lat' dir='ltr'><strong>animadversioni</strong></span> <span class='ocrx_word' id='word_1_201' title='bbox 906 2936 1066 3005; x_wconf 79' lang='lat' dir='ltr'><strong>juxta</strong></span> <span class='ocrx_word' id='word_1_202' title='bbox 1096 2952 1288 2992; x_wconf 89' lang='lat' dir='ltr'><strong>sacros</strong></span> <span class='ocrx_word' id='word_1_203' title='bbox 1327 2952 1566 2992; x_wconf 85' lang='lat' dir='ltr'><strong>canones</strong></span> <span class='ocrx_word' id='word_1_204' title='bbox 1610 2938 1808 3008; x_wconf 90' lang='lat' dir='ltr'><strong>subjici</strong></span> 
     </span>
    </p>
   </div>
   <div class='ocr_carea' id='block_1_30' title="bbox 252 3024 1811 3098">
    <p class='ocr_par' dir='ltr' id='par_1_30' title="bbox 252 3024 1811 3098">
     <span class='ocr_line' id='line_1_30' title="bbox 252 3024 1811 3098; baseline 0.006 -25"><span class='ocrx_word' id='word_1_205' title='bbox 252 3024 601 3091; x_wconf 85' lang='lat' dir='ltr'><strong>oportuisset,</strong></span> <span class='ocrx_word' id='word_1_206' title='bbox 677 3027 786 3081; x_wconf 88' lang='lat' dir='ltr'><strong>nisi</strong></span> <span class='ocrx_word' id='word_1_207' title='bbox 856 3038 1108 3097; x_wconf 90' lang='lat' dir='ltr'><strong>paratum</strong></span> <span class='ocrx_word' id='word_1_208' title='bbox 1163 3028 1432 3098; x_wconf 90' lang='lat' dir='ltr'><strong>judicium</strong></span> <span class='ocrx_word' id='word_1_209' title='bbox 1502 3028 1811 3084; x_wconf 86' lang='lat' dir='ltr'><strong>abdicando</strong></span> 
     </span>
    </p>
   </div>
   <div class='ocr_carea' id='block_1_31' title="bbox 257 3119 1811 3192">
    <p class='ocr_par' dir='ltr' id='par_1_31' title="bbox 257 3119 1811 3192">
     <span class='ocr_line' id='line_1_31' title="bbox 257 3119 1811 3192; baseline 0.008 -26"><span class='ocrx_word' id='word_1_210' title='bbox 257 3127 561 3182; x_wconf 69' lang='lat' dir='ltr'><strong>praevertens</strong></span> <span class='ocrx_word' id='word_1_211' title='bbox 598 3135 633 3173; x_wconf 88' lang='lat' dir='ltr'><strong>a</strong></span> <span class='ocrx_word' id='word_1_212' title='bbox 683 3119 941 3176; x_wconf 83' lang='lat' dir='ltr'><strong>Patrihus</strong></span> <span class='ocrx_word' id='word_1_213' title='bbox 980 3136 1156 3192; x_wconf 68' lang='lat' dir='ltr'><strong>pteuae</strong></span> <span class='ocrx_word' id='word_1_214' title='bbox 1209 3122 1330 3177; x_wconf 92' lang='lat' dir='ltr'><strong>loco</strong></span> <span class='ocrx_word' id='word_1_215' title='bbox 1371 3122 1811 3192; x_wconf 84' lang='lat' dir='ltr'><strong>qualemcunque</strong></span> 
     </span>
    </p>
   </div>
   <div class='ocr_carea' id='block_1_32' title="bbox 1903 656 3488 732">
    <p class='ocr_par' dir='ltr' id='par_1_32' title="bbox 1903 656 3488 732">
     <span class='ocr_line' id='line_1_32' title="bbox 1903 656 3488 732; baseline -0.004 -18"><span class='ocrx_word' id='word_1_216' title='bbox 1903 661 2141 724; x_wconf 77' lang='grc' dir='ltr'><strong>εἰκάζειν</strong></span> <span class='ocrx_word' id='word_1_217' title='bbox 2162 657 2251 732; x_wconf 72' lang='grc' dir='ltr'><strong>ἦν,</strong></span> <span class='ocrx_word' id='word_1_218' title='bbox 2274 662 2373 729; x_wconf 87' lang='grc' dir='ltr'>τῆς</span> <span class='ocrx_word' id='word_1_219' title='bbox 2413 662 2510 730; x_wconf 82' lang='grc' dir='ltr'>μὲν</span> <span class='ocrx_word' id='word_1_220' title='bbox 2541 660 2600 712; x_wconf 77' lang='grc' dir='ltr'>τὸ</span> <span class='ocrx_word' id='word_1_221' title='bbox 2630 658 2857 729; x_wconf 76' lang='grc' dir='ltr'><strong>ἁκριῦὲς</strong></span> <span class='ocrx_word' id='word_1_222' title='bbox 2887 658 3159 728; x_wconf 76' lang='grc' dir='ltr'><strong>ζητούσης</strong></span> <span class='ocrx_word' id='word_1_223' title='bbox 3189 656 3273 724; x_wconf 74' lang='grc' dir='ltr'><strong>ἐφ’</strong></span> <span class='ocrx_word' id='word_1_224' title='bbox 3296 656 3488 718; x_wconf 81' lang='grc' dir='ltr'>ἅπασι,</span> 
     </span>
    </p>
   </div>
   <div class='ocr_carea' id='block_1_33' title="bbox 1902 735 3490 824">
    <p class='ocr_par' dir='ltr' id='par_1_33' title="bbox 1902 749 3490 824">
     <span class='ocr_line' id='line_1_33' title="bbox 1902 749 3490 824; baseline -0.006 -17"><span class='ocrx_word' id='word_1_225' title='bbox 1902 756 2003 824; x_wconf 85' lang='grc' dir='ltr'>τῆς</span> <span class='ocrx_word' id='word_1_226' title='bbox 2033 755 2090 806; x_wconf 79' lang='grc' dir='ltr'><strong>δὲ</strong></span> <span class='ocrx_word' id='word_1_227' title='bbox 2123 754 2371 822; x_wconf 75' lang='grc' dir='ltr'>φυσικῶς</span> <span class='ocrx_word' id='word_1_228' title='bbox 2404 753 2700 820; x_wconf 75' lang='grc' dir='ltr'>πειθούσης</span> <span class='ocrx_word' id='word_1_229' title='bbox 2732 752 2875 821; x_wconf 75' lang='grc' dir='ltr'>ἔχειν</span> <span class='ocrx_word' id='word_1_230' title='bbox 2904 753 2998 804; x_wconf 73' lang='grc' dir='ltr'>καὶ</span> <span class='ocrx_word' id='word_1_231' title='bbox 3026 750 3088 803; x_wconf 67' lang='grc' dir='ltr'>τὸ</span> <span class='ocrx_word' id='word_1_232' title='bbox 3108 749 3180 819; x_wconf 84' lang='grc' dir='ltr'><strong>μὴ</strong></span> <span class='ocrx_word' id='word_1_233' title='bbox 3217 750 3490 819; x_wconf 78' lang='grc' dir='ltr'>χρήσιμον</span> 
     </span>
    </p>
   </div>
   <div class='ocr_carea' id='block_1_34' title="bbox 1904 841 3488 918">
    <p class='ocr_par' dir='ltr' id='par_1_34' title="bbox 1904 841 3488 918">
     <span class='ocr_line' id='line_1_34' title="bbox 1904 841 3488 918; baseline -0.004 -19"><span class='ocrx_word' id='word_1_234' title='bbox 1904 848 2196 918; x_wconf 78' lang='grc' dir='ltr'>χρήσιμον,</span> <span class='ocrx_word' id='word_1_235' title='bbox 2229 846 2444 899; x_wconf 81' lang='grc' dir='ltr'>ἀλλοῖον</span> <span class='ocrx_word' id='word_1_236' title='bbox 2474 845 2731 915; x_wconf 69' lang='grc' dir='ltr'>γενέσθαι</span> <span class='ocrx_word' id='word_1_237' title='bbox 2754 843 2964 906; x_wconf 77' lang='grc' dir='ltr'>τοῦτον,</span> <span class='ocrx_word' id='word_1_238' title='bbox 2993 844 3115 896; x_wconf 80' lang='grc' dir='ltr'>ὅσον</span> <span class='ocrx_word' id='word_1_239' title='bbox 3147 843 3369 894; x_wconf 71' lang='grc' dir='ltr'>εἰκάσαι</span> <span class='ocrx_word' id='word_1_240' title='bbox 3397 841 3488 892; x_wconf 75' lang='grc' dir='ltr'>καὶ</span> 
     </span>
    </p>
   </div>
   <div class='ocr_carea' id='block_1_35' title="bbox 1905 935 3490 1010">
    <p class='ocr_par' dir='ltr' id='par_1_35' title="bbox 1905 935 3490 1010">
     <span class='ocr_line' id='line_1_35' title="bbox 1905 935 3490 1010; baseline -0.004 -16"><span class='ocrx_word' id='word_1_241' title='bbox 1905 943 1968 994; x_wconf 86' lang='grc' dir='ltr'>ὲκ</span> <span class='ocrx_word' id='word_1_242' title='bbox 1997 940 2230 1005; x_wconf 82' lang='grc' dir='ltr'>πολλῶν,</span> <span class='ocrx_word' id='word_1_243' title='bbox 2271 941 2579 995; x_wconf 79' lang='grc' dir='ltr'>διετείνετο,</span> <span class='ocrx_word' id='word_1_244' title='bbox 2619 940 2770 1009; x_wconf 79' lang='grc' dir='ltr'>Μηδὲ</span> <span class='ocrx_word' id='word_1_245' title='bbox 2794 940 2904 1010; x_wconf 79' lang='grc' dir='ltr'><strong>γὰρ</strong></span> <span class='ocrx_word' id='word_1_246' title='bbox 2946 936 3109 990; x_wconf 74' lang='grc' dir='ltr'>αὐτὸν</span> <span class='ocrx_word' id='word_1_247' title='bbox 3141 936 3316 996; x_wconf 81' lang='grc' dir='ltr'>τόσον.</span> <span class='ocrx_word' id='word_1_248' title='bbox 3352 935 3490 988; x_wconf 81' lang='grc' dir='ltr'><strong>ἀλλὰ</strong></span> 
     </span>
    </p>
   </div>
   <div class='ocr_carea' id='block_1_36' title="bbox 1903 1024 3491 1115">
    <p class='ocr_par' dir='ltr' id='par_1_36' title="bbox 1903 1024 3491 1115">
     <span class='ocr_line' id='line_1_36' title="bbox 1903 1024 3491 1115; baseline -0.008 -27"><span class='ocrx_word' id='word_1_249' title='bbox 1903 1036 2035 1097; x_wconf 79' lang='grc' dir='ltr'>τοὺς</span> <span class='ocrx_word' id='word_1_250' title='bbox 2064 1035 2191 1104; x_wconf 74' lang='grc' dir='ltr'>περὶ</span> <span class='ocrx_word' id='word_1_251' title='bbox 2228 1024 2388 1115; x_wconf 54' lang='grc' dir='ltr'>αρτὸν</span> <span class='ocrx_word' id='word_1_252' title='bbox 2419 1032 2627 1102; x_wconf 76' lang='grc' dir='ltr'><strong>ἀμαθίᾳ</strong></span> <span class='ocrx_word' id='word_1_253' title='bbox 2650 1031 2876 1099; x_wconf 81' lang='grc' dir='ltr'><strong>γνώμης</strong></span> <span class='ocrx_word' id='word_1_254' title='bbox 2910 1029 2970 1082; x_wconf 77' lang='grc' dir='ltr'>τὸ</span> <span class='ocrx_word' id='word_1_255' title='bbox 3003 1029 3077 1097; x_wconf 80' lang='grc' dir='ltr'><strong>μὴ</strong></span> <span class='ocrx_word' id='word_1_256' title='bbox 3109 1027 3226 1080; x_wconf 77' lang='grc' dir='ltr'>δέον</span> <span class='ocrx_word' id='word_1_257' title='bbox 3259 1024 3491 1096; x_wconf 77' lang='grc' dir='ltr'><strong>ἐργάζε-</strong></span> 
     </span>
    </p>
   </div>
   <div class='ocr_carea' id='block_1_37' title="bbox 1908 1116 3489 1190">
    <p class='ocr_par' dir='ltr' id='par_1_37' title="bbox 1908 1116 3489 1190">
     <span class='ocr_line' id='line_1_37' title="bbox 1908 1116 3489 1190; baseline -0.008 -12"><span class='ocrx_word' id='word_1_258' title='bbox 1908 1129 2036 1178; x_wconf 76' lang='grc' dir='ltr'>σθαι</span> <span class='ocrx_word' id='word_1_259' title='bbox 2076 1122 2614 1190; x_wconf 75' lang='grc' dir='ltr'>καταναγκάζεσθαι.</span> <span class='ocrx_word' id='word_1_260' title='bbox 2678 1123 2740 1174; x_wconf 85' lang='grc' dir='ltr'>Εἰ</span> <span class='ocrx_word' id='word_1_261' title='bbox 2796 1120 2854 1171; x_wconf 76' lang='grc' dir='ltr'><strong>δέ</strong></span> <span class='ocrx_word' id='word_1_262' title='bbox 2886 1137 2947 1187; x_wconf 79' lang='grc' dir='ltr'><strong>γε</strong></span> <span class='ocrx_word' id='word_1_263' title='bbox 3000 1119 3096 1171; x_wconf 80' lang='grc' dir='ltr'>καὶ</span> <span class='ocrx_word' id='word_1_264' title='bbox 3127 1116 3289 1177; x_wconf 76' lang='grc' dir='ltr'>αὐτὸς</span> <span class='ocrx_word' id='word_1_265' title='bbox 3326 1118 3489 1183; x_wconf 68' lang='grc' dir='ltr'>ἀκρι-</span> 
     </span>
    </p>
   </div>
   <div class='ocr_carea' id='block_1_38' title="bbox 1907 1208 3488 1286">
    <p class='ocr_par' dir='ltr' id='par_1_38' title="bbox 1907 1208 3488 1286">
     <span class='ocr_line' id='line_1_38' title="bbox 1907 1208 3488 1286; baseline -0.009 -15"><span class='ocrx_word' id='word_1_266' title='bbox 1907 1219 2065 1281; x_wconf 78' lang='grc' dir='ltr'>ϐείας</span> <span class='ocrx_word' id='word_1_267' title='bbox 2097 1215 2501 1286; x_wconf 74' lang='grc' dir='ltr'>ἐπειλημμένος</span> <span class='ocrx_word' id='word_1_268' title='bbox 2535 1215 2750 1276; x_wconf 75' lang='grc' dir='ltr'>πολλοῖς</span> <span class='ocrx_word' id='word_1_269' title='bbox 2786 1213 3079 1281; x_wconf 78' lang='grc' dir='ltr'>γινομένης</span> <span class='ocrx_word' id='word_1_270' title='bbox 3112 1210 3261 1277; x_wconf 74' lang='grc' dir='ltr'>παρὰ</span> <span class='ocrx_word' id='word_1_271' title='bbox 3285 1208 3344 1260; x_wconf 83' lang='grc' dir='ltr'>τὸ</span> <span class='ocrx_word' id='word_1_272' title='bbox 3370 1208 3488 1259; x_wconf 86' lang='grc' dir='ltr'>δέον</span> 
     </span>
    </p>
   </div>
   <div class='ocr_carea' id='block_1_39' title="bbox 1906 1300 3488 1379">
    <p class='ocr_par' dir='ltr' id='par_1_39' title="bbox 1906 1300 3488 1379">
     <span class='ocr_line' id='line_1_39' title="bbox 1906 1300 3488 1379; baseline -0.009 -18"><span class='ocrx_word' id='word_1_273' title='bbox 1906 1307 2157 1379; x_wconf 81' lang='grc' dir='ltr'>ἐμποδὼν</span> <span class='ocrx_word' id='word_1_274' title='bbox 2215 1308 2465 1377; x_wconf 72' lang='grc' dir='ltr'>ὑφορῷτο</span> <span class='ocrx_word' id='word_1_275' title='bbox 2514 1305 2810 1374; x_wconf 74' lang='grc' dir='ltr'>στήσεσθαι</span> <span class='ocrx_word' id='word_1_276' title='bbox 2844 1344 2857 1365; x_wconf 85' lang='grc'>,</span> <span class='ocrx_word' id='word_1_277' title='bbox 2915 1302 3126 1372; x_wconf 83' lang='grc' dir='ltr'>βασιλεῖ</span> <span class='ocrx_word' id='word_1_278' title='bbox 3168 1318 3229 1369; x_wconf 86' lang='grc' dir='ltr'>γε</span> <span class='ocrx_word' id='word_1_279' title='bbox 3287 1300 3488 1368; x_wconf 82' lang='grc' dir='ltr'>μᾶλλον</span> 
     </span>
    </p>
   </div>
   <div class='ocr_carea' id='block_1_40' title="bbox 1906 1393 3491 1471">
    <p class='ocr_par' dir='ltr' id='par_1_40' title="bbox 1906 1393 3491 1471">
     <span class='ocr_line' id='line_1_40' title="bbox 1906 1393 3491 1471; baseline -0.006 -17"><span class='ocrx_word' id='word_1_280' title='bbox 1906 1403 2107 1471; x_wconf 63' lang='grc' dir='ltr'>ἁτηρὸν</span> <span class='ocrx_word' id='word_1_281' title='bbox 2170 1400 2480 1470; x_wconf 81' lang='grc' dir='ltr'>φανεῖσθαι,</span> <span class='ocrx_word' id='word_1_282' title='bbox 2553 1399 2727 1451; x_wconf 73' lang='grc' dir='ltr'><strong>πολλὰ</strong></span> <span class='ocrx_word' id='word_1_283' title='bbox 2786 1398 2879 1449; x_wconf 73' lang='grc' dir='ltr'>καὶ</span> <span class='ocrx_word' id='word_1_284' title='bbox 2932 1395 3087 1466; x_wconf 73' lang='grc' dir='ltr'>παρὰ</span> <span class='ocrx_word' id='word_1_285' title='bbox 3140 1395 3200 1448; x_wconf 78' lang='grc' dir='ltr'>τὸ</span> <span class='ocrx_word' id='word_1_286' title='bbox 3234 1394 3383 1456; x_wconf 75' lang='grc' dir='ltr'>εἰκὸς</span> <span class='ocrx_word' id='word_1_287' title='bbox 3432 1393 3491 1458; x_wconf 79' lang='grc' dir='ltr'>ἐξ</span> 
     </span>
    </p>
   </div>
   <div class='ocr_carea' id='block_1_41' title="bbox 1907 1474 3489 1559">
    <p class='ocr_par' dir='ltr' id='par_1_41' title="bbox 1907 1474 3489 1559">
     <span class='ocr_line' id='line_1_41' title="bbox 1907 1474 3489 1559; baseline -0.004 -16"><span class='ocrx_word' id='word_1_288' title='bbox 1907 1490 2153 1558; x_wconf 73' lang='grc' dir='ltr'>ἀνάγκης</span> <span class='ocrx_word' id='word_1_289' title='bbox 2188 1474 2448 1559; x_wconf 63' lang='grc' dir='ltr'>πρῖττειν</span> <span class='ocrx_word' id='word_1_290' title='bbox 2480 1488 2876 1559; x_wconf 82' lang='grc' dir='ltr'>παραγομένῳ.</span> <span class='ocrx_word' id='word_1_291' title='bbox 2906 1486 3056 1553; x_wconf 75' lang='grc' dir='ltr'>Πλὴν</span> <span class='ocrx_word' id='word_1_292' title='bbox 3089 1483 3489 1553; x_wconf 79' lang='grc' dir='ltr'>καταδέχεσθαι</span> 
     </span>
    </p>
   </div>
   <div class='ocr_carea' id='block_1_42' title="bbox 1910 1575 3492 1659">
    <p class='ocr_par' dir='ltr' id='par_1_42' title="bbox 1910 1575 3492 1659">
     <span class='ocr_line' id='line_1_42' title="bbox 1910 1575 3492 1659; baseline -0.005 -24"><span class='ocrx_word' id='word_1_293' title='bbox 1910 1582 2058 1651; x_wconf 80' lang='grc' dir='ltr'><strong>μάλα</strong></span> <span class='ocrx_word' id='word_1_294' title='bbox 2085 1580 2263 1651; x_wconf 85' lang='grc' dir='ltr'><strong>πολλῷ</strong></span> <span class='ocrx_word' id='word_1_295' title='bbox 2299 1579 2684 1647; x_wconf 78' lang='grc' dir='ltr'>ἀναξαίνοντος</span> <span class='ocrx_word' id='word_1_296' title='bbox 2722 1578 2917 1659; x_wconf 70' lang='grc' dir='ltr'>τούτου</span> <span class='ocrx_word' id='word_1_297' title='bbox 2959 1577 3028 1630; x_wconf 76' lang='grc' dir='ltr'><strong>τὰ</strong></span> <span class='ocrx_word' id='word_1_298' title='bbox 3072 1576 3208 1647; x_wconf 77' lang='grc' dir='ltr'>ἕλκη</span> <span class='ocrx_word' id='word_1_299' title='bbox 3242 1575 3275 1646; x_wconf 83' lang='grc' dir='ltr'><strong>ἢ</strong></span> <span class='ocrx_word' id='word_1_300' title='bbox 3313 1575 3492 1637; x_wconf 71' lang='grc' dir='ltr'><strong>ἄλλως</strong></span> 
     </span>
    </p>
   </div>
   <div class='ocr_carea' id='block_1_43' title="bbox 1910 1663 3489 1746">
    <p class='ocr_par' dir='ltr' id='par_1_43' title="bbox 1910 1663 3489 1746">
     <span class='ocr_line' id='line_1_43' title="bbox 1910 1663 3489 1746; baseline -0.006 -17"><span class='ocrx_word' id='word_1_301' title='bbox 1910 1675 2305 1746; x_wconf 80' lang='grc' dir='ltr'>μαλάσσοντος.</span> <span class='ocrx_word' id='word_1_302' title='bbox 2356 1663 2375 1726; x_wconf 73' lang='grc' dir='ltr'><strong>ι</strong></span> <span class='ocrx_word' id='word_1_303' title='bbox 2427 1673 2583 1744; x_wconf 81' lang='grc' dir='ltr'>Ἐμοὶ</span> <span class='ocrx_word' id='word_1_304' title='bbox 2611 1672 2709 1743; x_wconf 77' lang='grc' dir='ltr'><strong>μὲν</strong></span> <span class='ocrx_word' id='word_1_305' title='bbox 2742 1668 2857 1734; x_wconf 74' lang='grc' dir='ltr'>οὖν,</span> <span class='ocrx_word' id='word_1_306' title='bbox 2890 1689 2909 1723; x_wconf 69' lang='grc' dir='ltr'><strong>ι</strong></span> <span class='ocrx_word' id='word_1_307' title='bbox 2936 1670 3142 1738; x_wconf 73' lang='grc' dir='ltr'><strong>ἔλεγεν,</strong></span> <span class='ocrx_word' id='word_1_308' title='bbox 3177 1687 3194 1720; x_wconf 80' lang='lat' dir='ltr'><strong>t</strong></span> <span class='ocrx_word' id='word_1_309' title='bbox 3233 1668 3291 1722; x_wconf 82' lang='grc' dir='ltr'>ἓν</span> <span class='ocrx_word' id='word_1_310' title='bbox 3316 1670 3489 1735; x_wconf 86' lang='grc' dir='ltr'>ἀναγ-</span> 
     </span>
    </p>
   </div>
   <div class='ocr_carea' id='block_1_44' title="bbox 1908 1752 3493 1836">
    <p class='ocr_par' dir='ltr' id='par_1_44' title="bbox 1908 1752 3493 1836">
     <span class='ocr_line' id='line_1_44' title="bbox 1908 1752 3493 1836; baseline -0.005 -15"><span class='ocrx_word' id='word_1_311' title='bbox 1908 1771 2064 1821; x_wconf 84' lang='grc' dir='ltr'>καῖον</span> <span class='ocrx_word' id='word_1_312' title='bbox 2102 1767 2200 1820; x_wconf 76' lang='grc' dir='ltr'><strong>καὶ</strong></span> <span class='ocrx_word' id='word_1_313' title='bbox 2244 1767 2413 1836; x_wconf 76' lang='grc' dir='ltr'>αὐτῆς</span> <span class='ocrx_word' id='word_1_314' title='bbox 2463 1765 2631 1834; x_wconf 80' lang='grc' dir='ltr'>πνοῆς</span> <span class='ocrx_word' id='word_1_315' title='bbox 2661 1764 3081 1835; x_wconf 83' lang='grc' dir='ltr'>προτιμότερον,</span> <span class='ocrx_word' id='word_1_316' title='bbox 3118 1752 3184 1815; x_wconf 41' lang='grc' dir='ltr'><strong>’τὸ</strong></span> <span class='ocrx_word' id='word_1_317' title='bbox 3224 1760 3359 1815; x_wconf 78' lang='grc' dir='ltr'>Θεοῦ</span> <span class='ocrx_word' id='word_1_318' title='bbox 3401 1761 3493 1814; x_wconf 81' lang='grc' dir='ltr'><strong>Θέ-</strong></span> 
     </span>
    </p>
   </div>
   <div class='ocr_carea' id='block_1_45' title="bbox 1832 1854 3492 1973">
    <p class='ocr_par' dir='ltr' id='par_1_45' title="bbox 1832 1854 3492 1973">
     <span class='ocr_line' id='line_1_45' title="bbox 1832 1854 3492 1973; baseline -0.003 -61"><span class='ocrx_word' id='word_1_319' title='bbox 1832 1915 1876 1973; x_wconf 73' lang='lat' dir='ltr'><strong>B</strong></span> <span class='ocrx_word' id='word_1_320' title='bbox 1908 1858 2059 1931; x_wconf 82' lang='grc' dir='ltr'>λημα</span> <span class='ocrx_word' id='word_1_321' title='bbox 2084 1859 2352 1930; x_wconf 75' lang='grc' dir='ltr'>γίνεσθαι,</span> <span class='ocrx_word' id='word_1_322' title='bbox 2404 1858 2507 1912; x_wconf 81' lang='grc' dir='ltr'>κᾶν</span> <span class='ocrx_word' id='word_1_323' title='bbox 2540 1857 2687 1928; x_wconf 79' lang='grc' dir='ltr'>λυπῇ</span> <span class='ocrx_word' id='word_1_324' title='bbox 2727 1856 2833 1912; x_wconf 79' lang='grc' dir='ltr'>κᾶν</span> <span class='ocrx_word' id='word_1_325' title='bbox 2877 1858 2974 1927; x_wconf 79' lang='grc' dir='ltr'><strong>μή.</strong></span> <span class='ocrx_word' id='word_1_326' title='bbox 3012 1856 3158 1925; x_wconf 80' lang='grc' dir='ltr'><strong>Πλὴν</strong></span> <span class='ocrx_word' id='word_1_327' title='bbox 3191 1854 3285 1908; x_wconf 74' lang='grc' dir='ltr'>καὶ</span> <span class='ocrx_word' id='word_1_328' title='bbox 3314 1854 3492 1925; x_wconf 80' lang='grc' dir='ltr'>χαρᾶς</span> 
     </span>
    </p>
   </div>
   <div class='ocr_carea' id='block_1_46' title="bbox 1910 2013 3493 2089">
    <p class='ocr_par' dir='ltr' id='par_1_46' title="bbox 1910 2013 3493 2089">
     <span class='ocr_line' id='line_1_46' title="bbox 1910 2013 3493 2089; baseline -0.003 -16"><span class='ocrx_word' id='word_1_329' title='bbox 1910 2027 2121 2089; x_wconf 84' lang='lat' dir='ltr'><strong>partem</strong></span> <span class='ocrx_word' id='word_1_330' title='bbox 2151 2018 2406 2072; x_wconf 89' lang='lat' dir='ltr'><strong>oratione</strong></span> <span class='ocrx_word' id='word_1_331' title='bbox 2430 2015 2823 2071; x_wconf 80' lang='lat' dir='ltr'><strong>sublevandam</strong></span> <span class='ocrx_word' id='word_1_332' title='bbox 2850 2022 3023 2075; x_wconf 85' lang='lat' dir='ltr'><strong>ratus,</strong></span> <span class='ocrx_word' id='word_1_333' title='bbox 3047 2014 3315 2068; x_wconf 88' lang='lat' dir='ltr'><strong>disseruit</strong></span> <span class='ocrx_word' id='word_1_334' title='bbox 3349 2013 3493 2082; x_wconf 88' lang='lat' dir='ltr'><strong>apud</strong></span> 
     </span>
    </p>
   </div>
   <div class='ocr_carea' id='block_1_47' title="bbox 1872 2106 3494 2181">
    <p class='ocr_par' dir='ltr' id='par_1_47' title="bbox 1872 2106 3494 2181">
     <span class='ocr_line' id='line_1_47' title="bbox 1872 2106 3494 2181; baseline -0.004 -16"><span class='ocrx_word' id='word_1_335' title='bbox 1872 2178 1873 2181; x_wconf 19' lang='grc' dir='ltr'><strong>η</strong></span> <span class='ocrx_word' id='word_1_336' title='bbox 1910 2110 2202 2181; x_wconf 86' lang='lat' dir='ltr'><strong>synodum,</strong></span> <span class='ocrx_word' id='word_1_337' title='bbox 2233 2108 2377 2163; x_wconf 89' lang='lat' dir='ltr'><strong>haud</strong></span> <span class='ocrx_word' id='word_1_338' title='bbox 2411 2109 2491 2163; x_wconf 89' lang='lat' dir='ltr'><strong>ire</strong></span> <span class='ocrx_word' id='word_1_339' title='bbox 2527 2111 2585 2164; x_wconf 73' lang='lat' dir='ltr'><strong>ee</strong></span> <span class='ocrx_word' id='word_1_340' title='bbox 2613 2107 2817 2162; x_wconf 81' lang='lat' dir='ltr'><strong>inﬁtias</strong></span> <span class='ocrx_word' id='word_1_341' title='bbox 2846 2107 2971 2175; x_wconf 88' lang='lat' dir='ltr'><strong>jure</strong></span> <span class='ocrx_word' id='word_1_342' title='bbox 3008 2106 3359 2175; x_wconf 87' lang='lat' dir='ltr'><strong>itnplacidnm</strong></span> <span class='ocrx_word' id='word_1_343' title='bbox 3407 2106 3494 2159; x_wconf 80' lang='lat' dir='ltr'><strong>vi-</strong></span> 
     </span>
    </p>
   </div>
   <div class='ocr_carea' id='block_1_48' title="bbox 1909 2197 3491 2272">
    <p class='ocr_par' dir='ltr' id='par_1_48' title="bbox 1909 2197 3491 2272">
     <span class='ocr_line' id='line_1_48' title="bbox 1909 2197 3491 2272; baseline -0.004 -17"><span class='ocrx_word' id='word_1_344' title='bbox 1909 2201 2029 2255; x_wconf 87' lang='lat' dir='ltr'><strong>deri</strong></span> <span class='ocrx_word' id='word_1_345' title='bbox 2066 2215 2436 2272; x_wconf 87' lang='lat' dir='ltr'><strong>asperumque</strong></span> <span class='ocrx_word' id='word_1_346' title='bbox 2467 2215 2531 2254; x_wconf 89' lang='lat' dir='ltr'><strong>ac</strong></span> <span class='ocrx_word' id='word_1_347' title='bbox 2560 2200 2770 2254; x_wconf 76' lang='lat' dir='ltr'><strong>levibus</strong></span> <span class='ocrx_word' id='word_1_348' title='bbox 2803 2199 2965 2252; x_wconf 86' lang='lat' dir='ltr'><strong>etiam</strong></span> <span class='ocrx_word' id='word_1_349' title='bbox 3000 2198 3200 2251; x_wconf 87' lang='lat' dir='ltr'><strong>erratis</strong></span> <span class='ocrx_word' id='word_1_350' title='bbox 3233 2197 3491 2250; x_wconf 86' lang='lat' dir='ltr'><strong>inexora-</strong></span> 
     </span>
    </p>
   </div>
   <div class='ocr_carea' id='block_1_49' title="bbox 1912 2288 3491 2360">
    <p class='ocr_par' dir='ltr' id='par_1_49' title="bbox 1912 2288 3491 2360">
     <span class='ocr_line' id='line_1_49' title="bbox 1912 2288 3491 2360; baseline -0.006 -12"><span class='ocrx_word' id='word_1_351' title='bbox 1912 2295 2090 2348; x_wconf 89' lang='lat' dir='ltr'><strong>biliter</strong></span> <span class='ocrx_word' id='word_1_352' title='bbox 2119 2292 2374 2347; x_wconf 84' lang='lat' dir='ltr'><strong>infestum</strong></span> <span class='ocrx_word' id='word_1_353' title='bbox 2399 2291 2681 2345; x_wconf 84' lang='lat' dir='ltr'><strong>Athanasii</strong></span> <span class='ocrx_word' id='word_1_354' title='bbox 2708 2290 2925 2360; x_wconf 84' lang='lat' dir='ltr'><strong>genium</strong></span> <span class='ocrx_word' id='word_1_355' title='bbox 2952 2308 2963 2343; x_wconf 88' lang='lat'><strong>:</strong></span> <span class='ocrx_word' id='word_1_356' title='bbox 2992 2289 3083 2342; x_wconf 88' lang='lat' dir='ltr'><strong>sed</strong></span> <span class='ocrx_word' id='word_1_357' title='bbox 3119 2303 3319 2351; x_wconf 86' lang='lat' dir='ltr'><strong>mores,</strong></span> <span class='ocrx_word' id='word_1_358' title='bbox 3343 2288 3491 2356; x_wconf 84' lang='lat' dir='ltr'><strong>quod</strong></span> 
     </span>
    </p>
   </div>
   <div class='ocr_carea' id='block_1_50' title="bbox 1912 2382 3492 2454">
    <p class='ocr_par' dir='ltr' id='par_1_50' title="bbox 1912 2382 3492 2454">
     <span class='ocr_line' id='line_1_50' title="bbox 1912 2382 3492 2454; baseline -0.004 -13"><span class='ocrx_word' id='word_1_359' title='bbox 1912 2403 2073 2441; x_wconf 90' lang='lat' dir='ltr'><strong>nemo</strong></span> <span class='ocrx_word' id='word_1_360' title='bbox 2117 2394 2303 2454; x_wconf 84' lang='lat' dir='ltr'><strong>posset</strong></span> <span class='ocrx_word' id='word_1_361' title='bbox 2347 2384 2560 2437; x_wconf 83' lang='lat' dir='ltr'><strong>ditlitcri</strong></span> <span class='ocrx_word' id='word_1_362' title='bbox 2588 2424 2601 2447; x_wconf 94' lang='lat'><strong>,</strong></span> <span class='ocrx_word' id='word_1_363' title='bbox 2654 2384 2853 2453; x_wconf 89' lang='lat' dir='ltr'><strong>probos</strong></span> <span class='ocrx_word' id='word_1_364' title='bbox 2896 2397 3042 2436; x_wconf 89' lang='lat' dir='ltr'><strong>esse.</strong></span> <span class='ocrx_word' id='word_1_365' title='bbox 3090 2384 3265 2449; x_wconf 76' lang='lat' dir='ltr'><strong>Atque</strong></span> <span class='ocrx_word' id='word_1_366' title='bbox 3318 2382 3492 2444; x_wconf 85' lang='lat' dir='ltr'><strong>adeo,</strong></span> 
     </span>
    </p>
   </div>
   <div class='ocr_carea' id='block_1_51' title="bbox 1911 2463 3490 2549">
    <p class='ocr_par' dir='ltr' id='par_1_51' title="bbox 1911 2463 3490 2549">
     <span class='ocr_line' id='line_1_51' title="bbox 1911 2463 3490 2549; baseline -0.003 -19"><span class='ocrx_word' id='word_1_367' title='bbox 1911 2487 2176 2549; x_wconf 87' lang='lat' dir='ltr'><strong>quantum</strong></span> <span class='ocrx_word' id='word_1_368' title='bbox 2226 2477 2326 2530; x_wconf 90' lang='lat' dir='ltr'><strong>niti</strong></span> <span class='ocrx_word' id='word_1_369' title='bbox 2364 2463 2682 2547; x_wconf 84' lang='lat' dir='ltr'><strong>conjectura</strong></span> <span class='ocrx_word' id='word_1_370' title='bbox 2716 2474 2881 2546; x_wconf 65' lang='grc'><strong>374</strong></span> <span class='ocrx_word' id='word_1_371' title='bbox 2909 2474 3220 2544; x_wconf 77' lang='lat' dir='ltr'><strong>indagando</strong></span> <span class='ocrx_word' id='word_1_372' title='bbox 3279 2474 3490 2534; x_wconf 90' lang='lat' dir='ltr'><strong>liceret,</strong></span> 
     </span>
    </p>
   </div>
   <div class='ocr_carea' id='block_1_52' title="bbox 1911 2562 3492 2636">
    <p class='ocr_par' dir='ltr' id='par_1_52' title="bbox 1911 2562 3492 2636">
     <span class='ocr_line' id='line_1_52' title="bbox 1911 2562 3492 2636; baseline -0.003 -15"><span class='ocrx_word' id='word_1_373' title='bbox 1911 2567 2282 2622; x_wconf 85' lang='lat' dir='ltr'><strong>verisimiliter</strong></span> <span class='ocrx_word' id='word_1_374' title='bbox 2318 2567 2370 2621; x_wconf 90' lang='lat' dir='ltr'><strong>id</strong></span> <span class='ocrx_word' id='word_1_375' title='bbox 2415 2566 2799 2636; x_wconf 86' lang='lat' dir='ltr'><strong>imputandum</strong></span> <span class='ocrx_word' id='word_1_376' title='bbox 2829 2564 3016 2618; x_wconf 83' lang='lat' dir='ltr'><strong>virtuti</strong></span> <span class='ocrx_word' id='word_1_377' title='bbox 3052 2564 3298 2633; x_wconf 78' lang='lat' dir='ltr'><strong>rigidiori</strong></span> <span class='ocrx_word' id='word_1_378' title='bbox 3327 2572 3379 2617; x_wconf 92' lang='lat' dir='ltr'><strong>et</strong></span> <span class='ocrx_word' id='word_1_379' title='bbox 3411 2562 3492 2616; x_wconf 84' lang='lat' dir='ltr'><strong>fa-</strong></span> 
     </span>
    </p>
   </div>
   <div class='ocr_carea' id='block_1_53' title="bbox 1912 2657 3492 2724">
    <p class='ocr_par' dir='ltr' id='par_1_53' title="bbox 1912 2657 3492 2724">
     <span class='ocr_line' id='line_1_53' title="bbox 1912 2657 3492 2724; baseline -0.004 -7"><span class='ocrx_word' id='word_1_380' title='bbox 1912 2662 2158 2717; x_wconf 77' lang='lat' dir='ltr'><strong>stidiosa:</strong></span> <span class='ocrx_word' id='word_1_381' title='bbox 2192 2660 2544 2724; x_wconf 76' lang='lat' dir='ltr'><strong>innocentiae,</strong></span> <span class='ocrx_word' id='word_1_382' title='bbox 2578 2660 2709 2713; x_wconf 89' lang='lat' dir='ltr'><strong>vitia</strong></span> <span class='ocrx_word' id='word_1_383' title='bbox 2745 2660 2798 2713; x_wconf 92' lang='lat' dir='ltr'><strong>in</strong></span> <span class='ocrx_word' id='word_1_384' title='bbox 2832 2658 2955 2712; x_wconf 86' lang='lat' dir='ltr'><strong>aliis</strong></span> <span class='ocrx_word' id='word_1_385' title='bbox 2985 2657 3335 2713; x_wconf 86' lang='lat' dir='ltr'><strong>dissimulare</strong></span> <span class='ocrx_word' id='word_1_386' title='bbox 3382 2673 3492 2711; x_wconf 88' lang='lat' dir='ltr'><strong>non</strong></span> 
     </span>
    </p>
   </div>
   <div class='ocr_carea' id='block_1_54' title="bbox 1913 2747 3491 2820">
    <p class='ocr_par' dir='ltr' id='par_1_54' title="bbox 1913 2747 3491 2820">
     <span class='ocr_line' id='line_1_54' title="bbox 1913 2747 3491 2820; baseline -0.006 -14"><span class='ocrx_word' id='word_1_387' title='bbox 1913 2750 2147 2806; x_wconf 85' lang='lat' dir='ltr'><strong>valentis</strong></span> <span class='ocrx_word' id='word_1_388' title='bbox 2189 2765 2311 2820; x_wconf 86' lang='lat' dir='ltr'><strong>quae</strong></span> <span class='ocrx_word' id='word_1_389' title='bbox 2347 2761 2497 2805; x_wconf 88' lang='lat' dir='ltr'><strong>arcet</strong></span> <span class='ocrx_word' id='word_1_390' title='bbox 2521 2765 2551 2804; x_wconf 91' lang='lat' dir='ltr'><strong>a</strong></span> <span class='ocrx_word' id='word_1_391' title='bbox 2583 2764 2705 2804; x_wconf 86' lang='lat' dir='ltr'><strong>sese</strong></span> <span class='ocrx_word' id='word_1_392' title='bbox 2738 2747 3084 2819; x_wconf 84' lang='lat' dir='ltr'><strong>longissime,</strong></span> <span class='ocrx_word' id='word_1_393' title='bbox 3117 2762 3183 2800; x_wconf 89' lang='lat' dir='ltr'><strong>ac</strong></span> <span class='ocrx_word' id='word_1_394' title='bbox 3219 2760 3491 2800; x_wconf 85' lang='lat' dir='ltr'><strong>summam</strong></span> 
     </span>
    </p>
   </div>
   <div class='ocr_carea' id='block_1_55' title="bbox 1912 2837 3493 2913">
    <p class='ocr_par' dir='ltr' id='par_1_55' title="bbox 1912 2837 3493 2913">
     <span class='ocr_line' id='line_1_55' title="bbox 1912 2837 3493 2913; baseline -0.006 -16"><span class='ocrx_word' id='word_1_395' title='bbox 1912 2858 2066 2913; x_wconf 71' lang='lat' dir='ltr'><strong>teque</strong></span> <span class='ocrx_word' id='word_1_396' title='bbox 2107 2842 2179 2897; x_wconf 84' lang='lat' dir='ltr'><strong>ab</strong></span> <span class='ocrx_word' id='word_1_397' title='bbox 2219 2842 2480 2897; x_wconf 90' lang='lat' dir='ltr'><strong>omnibus</strong></span> <span class='ocrx_word' id='word_1_398' title='bbox 2514 2841 2851 2896; x_wconf 80' lang='lat' dir='ltr'><strong>exactionem</strong></span> <span class='ocrx_word' id='word_1_399' title='bbox 2891 2837 3253 2909; x_wconf 83' lang='lat' dir='ltr'><strong>requirentis.</strong></span> <span class='ocrx_word' id='word_1_400' title='bbox 3291 2839 3493 2889; x_wconf 86' lang='lat' dir='ltr'><strong>Acces-</strong></span> 
     </span>
    </p>
   </div>
   <div class='ocr_carea' id='block_1_56' title="bbox 1911 2934 3494 2999">
    <p class='ocr_par' dir='ltr' id='par_1_56' title="bbox 1911 2934 3494 2999">
     <span class='ocr_line' id='line_1_56' title="bbox 1911 2934 3494 2999; baseline -0.004 -10"><span class='ocrx_word' id='word_1_401' title='bbox 1911 2936 2056 2990; x_wconf 82' lang='lat' dir='ltr'><strong>sisse</strong></span> <span class='ocrx_word' id='word_1_402' title='bbox 2090 2934 2159 2989; x_wconf 91' lang='lat' dir='ltr'><strong>ad</strong></span> <span class='ocrx_word' id='word_1_403' title='bbox 2201 2943 2456 2990; x_wconf 87' lang='lat' dir='ltr'><strong>naturam</strong></span> <span class='ocrx_word' id='word_1_404' title='bbox 2508 2935 2581 2987; x_wconf 88' lang='lat' dir='ltr'><strong>ita</strong></span> <span class='ocrx_word' id='word_1_405' title='bbox 2629 2934 2996 2995; x_wconf 13' lang='lat' dir='ltr'><strong>factatnjvitat</strong></span> <span class='ocrx_word' id='word_1_406' title='bbox 3033 2948 3192 2986; x_wconf 88' lang='lat' dir='ltr'><strong>usum</strong></span> <span class='ocrx_word' id='word_1_407' title='bbox 3248 2946 3277 2984; x_wconf 88' lang='lat' dir='ltr'><strong>a</strong></span> <span class='ocrx_word' id='word_1_408' title='bbox 3324 2944 3494 2999; x_wconf 88' lang='lat' dir='ltr'><strong>puero</strong></span> 
     </span>
    </p>
   </div>
   <div class='ocr_carea' id='block_1_57' title="bbox 1913 3021 3494 3097">
    <p class='ocr_par' dir='ltr' id='par_1_57' title="bbox 1913 3021 3494 3097">
     <span class='ocr_line' id='line_1_57' title="bbox 1913 3021 3494 3097; baseline -0.005 -15"><span class='ocrx_word' id='word_1_409' title='bbox 1913 3027 2371 3097; x_wconf 85' lang='lat' dir='ltr'><strong>disciplinamque</strong></span> <span class='ocrx_word' id='word_1_410' title='bbox 2409 3026 2765 3089; x_wconf 88' lang='lat' dir='ltr'><strong>severiorem,</strong></span> <span class='ocrx_word' id='word_1_411' title='bbox 2808 3034 2921 3080; x_wconf 89' lang='lat' dir='ltr'><strong>tum</strong></span> <span class='ocrx_word' id='word_1_412' title='bbox 2954 3024 3081 3080; x_wconf 80' lang='lat' dir='ltr'><strong>itide</strong></span> <span class='ocrx_word' id='word_1_413' title='bbox 3116 3022 3362 3077; x_wconf 89' lang='lat' dir='ltr'><strong>inolitam</strong></span> <span class='ocrx_word' id='word_1_414' title='bbox 3402 3021 3494 3075; x_wconf 85' lang='lat' dir='ltr'><strong>in-</strong></span> 
     </span>
    </p>
   </div>
   <div class='ocr_carea' id='block_1_58' title="bbox 1913 3115 3495 3183">
    <p class='ocr_par' dir='ltr' id='par_1_58' title="bbox 1913 3115 3495 3183">
     <span class='ocr_line' id='line_1_58' title="bbox 1913 3115 3495 3183; baseline -0.005 -7"><span class='ocrx_word' id='word_1_415' title='bbox 1913 3120 2225 3176; x_wconf 86' lang='lat' dir='ltr'><strong>ductionem</strong></span> <span class='ocrx_word' id='word_1_416' title='bbox 2274 3120 2442 3174; x_wconf 88' lang='lat' dir='ltr'><strong>animi</strong></span> <span class='ocrx_word' id='word_1_417' title='bbox 2479 3121 2545 3175; x_wconf 87' lang='lat' dir='ltr'><strong>ad</strong></span> <span class='ocrx_word' id='word_1_418' title='bbox 2596 3119 2979 3176; x_wconf 86' lang='lat' dir='ltr'><strong>austeritatem</strong></span> <span class='ocrx_word' id='word_1_419' title='bbox 3035 3115 3306 3178; x_wconf 89' lang='lat' dir='ltr'><strong>indurati,</strong></span> <span class='ocrx_word' id='word_1_420' title='bbox 3338 3118 3495 3183; x_wconf 70' lang='lat' dir='ltr'><strong>pra:-</strong></span> 
     </span>
    </p>
   </div>
   <div class='ocr_carea' id='block_1_59' title="bbox 255 3206 3491 3313">
    <p class='ocr_par' dir='ltr' id='par_1_59' title="bbox 255 3206 3491 3313">
     <span class='ocr_line' id='line_1_59' title="bbox 255 3206 3491 3313; baseline 0 -53"><span class='ocrx_word' id='word_1_421' title='bbox 255 3206 414 3313; x_wconf 65' lang='lat' dir='ltr'><strong>throni</strong></span> <span class='ocrx_word' id='word_1_422' title='bbox 452 3211 815 3280; x_wconf 88' lang='lat' dir='ltr'><strong>privationem</strong></span> <span class='ocrx_word' id='word_1_423' title='bbox 861 3213 1255 3284; x_wconf 89' lang='lat' dir='ltr'><strong>imputantibus</strong></span> <span class='ocrx_word' id='word_1_424' title='bbox 1300 3228 1490 3283; x_wconf 65' lang='lat' dir='ltr'><strong>poenas</strong></span> <span class='ocrx_word' id='word_1_425' title='bbox 1524 3214 1673 3283; x_wconf 88' lang='lat' dir='ltr'><strong>juste</strong></span> <span class='ocrx_word' id='word_1_426' title='bbox 1713 3213 1808 3266; x_wconf 88' lang='lat' dir='ltr'><strong>de-</strong></span> <span class='ocrx_word' id='word_1_427' title='bbox 1838 3215 2151 3313; x_wconf 74' lang='lat' dir='ltr'><strong>cjudicata</strong></span> <span class='ocrx_word' id='word_1_428' title='bbox 2211 3214 2448 3283; x_wconf 86' lang='lat' dir='ltr'><strong>quadam</strong></span> <span class='ocrx_word' id='word_1_429' title='bbox 2515 3212 2872 3269; x_wconf 84' lang='lat' dir='ltr'><strong>assuetudine</strong></span> <span class='ocrx_word' id='word_1_430' title='bbox 2932 3211 3137 3278; x_wconf 73' lang='lat' dir='ltr'><strong>rigoris</strong></span> <span class='ocrx_word' id='word_1_431' title='bbox 3215 3208 3491 3264; x_wconf 88' lang='lat' dir='ltr'><strong>interdum</strong></span> 
     </span>
    </p>
   </div>
   <div class='ocr_carea' id='block_1_60' title="bbox 256 3298 1809 3362">
    <p class='ocr_par' dir='ltr' id='par_1_60' title="bbox 256 3298 1809 3362">
     <span class='ocr_line' id='line_1_60' title="bbox 256 3298 1809 3362; baseline 0.005 -9"><span class='ocrx_word' id='word_1_432' title='bbox 256 3298 380 3354; x_wconf 85' lang='lat' dir='ltr'><strong>bitas</strong></span> <span class='ocrx_word' id='word_1_433' title='bbox 411 3304 665 3359; x_wconf 83' lang='lat' dir='ltr'><strong>cessione</strong></span> <span class='ocrx_word' id='word_1_434' title='bbox 708 3305 1018 3361; x_wconf 90' lang='lat' dir='ltr'><strong>voluntaria</strong></span> <span class='ocrx_word' id='word_1_435' title='bbox 1064 3306 1200 3362; x_wconf 90' lang='lat' dir='ltr'><strong>lucri</strong></span> <span class='ocrx_word' id='word_1_436' title='bbox 1243 3306 1486 3361; x_wconf 81' lang='lat' dir='ltr'><strong>fecisset.</strong></span> <span class='ocrx_word' id='word_1_437' title='bbox 1534 3306 1684 3360; x_wconf 87' lang='lat' dir='ltr'><strong>Talia</strong></span> <span class='ocrx_word' id='word_1_438' title='bbox 1733 3305 1809 3360; x_wconf 90' lang='lat' dir='ltr'><strong>illi</strong></span> 
     </span>
    </p>
   </div>
   <div class='ocr_carea' id='block_1_61' title="bbox 256 3390 1811 3461">
    <p class='ocr_par' dir='ltr' id='par_1_61' title="bbox 256 3390 1811 3461">
     <span class='ocr_line' id='line_1_61' title="bbox 256 3390 1811 3461; baseline 0.007 -17"><span class='ocrx_word' id='word_1_439' title='bbox 256 3390 366 3446; x_wconf 87' lang='lat' dir='ltr'><strong>dum</strong></span> <span class='ocrx_word' id='word_1_440' title='bbox 430 3406 895 3461; x_wconf 87' lang='lat' dir='ltr'><strong>commemorant,</strong></span> <span class='ocrx_word' id='word_1_441' title='bbox 961 3397 1289 3453; x_wconf 77' lang='lat' dir='ltr'><strong>refricabam</strong></span> <span class='ocrx_word' id='word_1_442' title='bbox 1349 3399 1558 3454; x_wconf 82' lang='lat' dir='ltr'><strong>scilicet</strong></span> <span class='ocrx_word' id='word_1_443' title='bbox 1625 3399 1811 3455; x_wconf 86' lang='lat' dir='ltr'><strong>multis</strong></span> 
     </span>
    </p>
   </div>
   <div class='ocr_carea' id='block_1_62' title="bbox 264 3488 1808 3560">
    <p class='ocr_par' dir='ltr' id='par_1_62' title="bbox 264 3488 1808 3560">
     <span class='ocr_line' id='line_1_62' title="bbox 264 3488 1808 3560; baseline 0.006 -24"><span class='ocrx_word' id='word_1_444' title='bbox 264 3488 531 3542; x_wconf 87' lang='lat' dir='ltr'><strong>astantium</strong></span> <span class='ocrx_word' id='word_1_445' title='bbox 598 3490 809 3545; x_wconf 88' lang='lat' dir='ltr'><strong>tristem</strong></span> <span class='ocrx_word' id='word_1_446' title='bbox 872 3492 1191 3545; x_wconf 88' lang='lat' dir='ltr'><strong>memoriam</strong></span> <span class='ocrx_word' id='word_1_447' title='bbox 1265 3491 1624 3560; x_wconf 86' lang='lat' dir='ltr'><strong>grassationis</strong></span> <span class='ocrx_word' id='word_1_448' title='bbox 1678 3492 1808 3546; x_wconf 91' lang='lat' dir='ltr'><strong>olim</strong></span> 
     </span>
    </p>
   </div>
   <div class='ocr_carea' id='block_1_63' title="bbox 260 3574 1808 3639">
    <p class='ocr_par' dir='ltr' id='par_1_63' title="bbox 260 3574 1808 3639">
     <span class='ocr_line' id='line_1_63' title="bbox 260 3574 1808 3639; baseline 0.006 -11"><span class='ocrx_word' id='word_1_449' title='bbox 260 3574 546 3637; x_wconf 65' lang='lat' dir='ltr'><strong>inhumanae</strong></span> <span class='ocrx_word' id='word_1_450' title='bbox 576 3582 978 3637; x_wconf 84' lang='lat' dir='ltr'><strong>mOnachorutn</strong></span> <span class='ocrx_word' id='word_1_451' title='bbox 1018 3584 1304 3639; x_wconf 82' lang='lat' dir='ltr'><strong>Athanasii</strong></span> <span class='ocrx_word' id='word_1_452' title='bbox 1341 3584 1719 3638; x_wconf 88' lang='lat' dir='ltr'><strong>ministrorum</strong></span> <span class='ocrx_word' id='word_1_453' title='bbox 1755 3584 1808 3638; x_wconf 91' lang='lat' dir='ltr'><strong>in</strong></span> 
     </span>
    </p>
   </div>
   <div class='ocr_carea' id='block_1_64' title="bbox 261 3667 1809 3749">
    <p class='ocr_par' dir='ltr' id='par_1_64' title="bbox 261 3667 1809 3749">
     <span class='ocr_line' id='line_1_64' title="bbox 261 3667 1809 3749; baseline 0.006 -27"><span class='ocrx_word' id='word_1_454' title='bbox 261 3667 463 3728; x_wconf 85' lang='lat' dir='ltr'><strong>clericos</strong></span> <span class='ocrx_word' id='word_1_455' title='bbox 504 3685 559 3730; x_wconf 91' lang='lat' dir='ltr'><strong>et</strong></span> <span class='ocrx_word' id='word_1_456' title='bbox 609 3676 1016 3735; x_wconf 84' lang='lat' dir='ltr'><strong>ecclesiasticos</strong></span> <span class='ocrx_word' id='word_1_457' title='bbox 1048 3680 1229 3733; x_wconf 87' lang='lat' dir='ltr'><strong>omnis</strong></span> <span class='ocrx_word' id='word_1_458' title='bbox 1258 3679 1493 3749; x_wconf 80' lang='lat' dir='ltr'><strong>generis.</strong></span> <span class='ocrx_word' id='word_1_459' title='bbox 1523 3677 1641 3743; x_wconf 89' lang='lat' dir='ltr'><strong>Qua</strong></span> <span class='ocrx_word' id='word_1_460' title='bbox 1682 3691 1809 3731; x_wconf 89' lang='lat' dir='ltr'><strong>cum</strong></span> 
     </span>
    </p>
   </div>
   <div class='ocr_carea' id='block_1_65' title="bbox 260 3759 1807 3844">
    <p class='ocr_par' dir='ltr' id='par_1_65' title="bbox 260 3759 1807 3844">
     <span class='ocr_line' id='line_1_65' title="bbox 260 3759 1807 3844; baseline 0.01 -31"><span class='ocrx_word' id='word_1_461' title='bbox 260 3759 370 3816; x_wconf 90' lang='lat' dir='ltr'><strong>hinc</strong></span> <span class='ocrx_word' id='word_1_462' title='bbox 412 3767 629 3835; x_wconf 89' lang='lat' dir='ltr'><strong>quidem</strong></span> <span class='ocrx_word' id='word_1_463' title='bbox 681 3770 946 3825; x_wconf 85' lang='lat' dir='ltr'><strong>similium</strong></span> <span class='ocrx_word' id='word_1_464' title='bbox 998 3773 1054 3826; x_wconf 91' lang='lat' dir='ltr'><strong>in</strong></span> <span class='ocrx_word' id='word_1_465' title='bbox 1118 3781 1399 3844; x_wconf 87' lang='lat' dir='ltr'><strong>posterum</strong></span> <span class='ocrx_word' id='word_1_466' title='bbox 1455 3775 1807 3828; x_wconf 87' lang='lat' dir='ltr'><strong>atrocitatttm</strong></span> 
     </span>
    </p>
   </div>
   <div class='ocr_carea' id='block_1_66' title="bbox 263 3860 1814 3936">
    <p class='ocr_par' dir='ltr' id='par_1_66' title="bbox 263 3860 1814 3936">
     <span class='ocr_line' id='line_1_66' title="bbox 263 3860 1814 3936; baseline 0.011 -32"><span class='ocrx_word' id='word_1_467' title='bbox 263 3860 389 3908; x_wconf 85' lang='lat' dir='ltr'><strong>metu</strong></span> <span class='ocrx_word' id='word_1_468' title='bbox 421 3869 868 3927; x_wconf 88' lang='lat' dir='ltr'><strong>concuterentur,</strong></span> <span class='ocrx_word' id='word_1_469' title='bbox 900 3862 1025 3918; x_wconf 88' lang='lat' dir='ltr'><strong>inde</strong></span> <span class='ocrx_word' id='word_1_470' title='bbox 1067 3872 1251 3919; x_wconf 91' lang='lat' dir='ltr'><strong>autem</strong></span> <span class='ocrx_word' id='word_1_471' title='bbox 1291 3864 1663 3920; x_wconf 88' lang='lat' dir='ltr'><strong>retinerentur</strong></span> <span class='ocrx_word' id='word_1_472' title='bbox 1713 3882 1814 3936; x_wconf 83' lang='lat' dir='ltr'><strong>pu-</strong></span> 
     </span>
    </p>
   </div>
   <div class='ocr_carea' id='block_1_67' title="bbox 263 3943 1814 4029">
    <p class='ocr_par' dir='ltr' id='par_1_67' title="bbox 263 3943 1814 4029">
     <span class='ocr_line' id='line_1_67' title="bbox 263 3943 1814 4029; baseline 0.012 -35"><span class='ocrx_word' id='word_1_473' title='bbox 263 3943 377 4001; x_wconf 89' lang='lat' dir='ltr'><strong>dore</strong></span> <span class='ocrx_word' id='word_1_474' title='bbox 407 3948 641 4008; x_wconf 84' lang='lat' dir='ltr'><strong>levitatis</strong></span> <span class='ocrx_word' id='word_1_475' title='bbox 664 3953 724 4007; x_wconf 83' lang='lat' dir='ltr'><strong>in‘</strong></span> <span class='ocrx_word' id='word_1_476' title='bbox 754 3964 863 4009; x_wconf 89' lang='lat' dir='ltr'><strong>tam</strong></span> <span class='ocrx_word' id='word_1_477' title='bbox 889 3956 1182 4013; x_wconf 75' lang='lat' dir='ltr'><strong>manifeste</strong></span> <span class='ocrx_word' id='word_1_478' title='bbox 1204 3957 1481 4014; x_wconf 88' lang='lat' dir='ltr'><strong>declarata</strong></span> <span class='ocrx_word' id='word_1_479' title='bbox 1512 3958 1814 4029; x_wconf 89' lang='lat' dir='ltr'><strong>recipiendi</strong></span> 
     </span>
    </p>
   </div>
   <div class='ocr_carea' id='block_1_68' title="bbox 265 4037 1809 4118">
    <p class='ocr_par' dir='ltr' id='par_1_68' title="bbox 265 4037 1809 4118">
     <span class='ocr_line' id='line_1_68' title="bbox 265 4037 1809 4118; baseline 0.009 -28"><span class='ocrx_word' id='word_1_480' title='bbox 265 4037 520 4099; x_wconf 78' lang='lat' dir='ltr'><strong>Athanasii</strong></span> <span class='ocrx_word' id='word_1_481' title='bbox 544 4047 841 4111; x_wconf 84' lang='lat' dir='ltr'><strong>voluntate,</strong></span> <span class='ocrx_word' id='word_1_482' title='bbox 868 4048 1091 4118; x_wconf 89' lang='lat' dir='ltr'><strong>quidam</strong></span> <span class='ocrx_word' id='word_1_483' title='bbox 1118 4050 1352 4104; x_wconf 90' lang='lat' dir='ltr'><strong>mediam</strong></span> <span class='ocrx_word' id='word_1_484' title='bbox 1384 4052 1640 4107; x_wconf 90' lang='lat' dir='ltr'><strong>ineuntes</strong></span> <span class='ocrx_word' id='word_1_485' title='bbox 1666 4052 1809 4107; x_wconf 85' lang='lat' dir='ltr'><strong>viam</strong></span> 
     </span>
    </p>
   </div>
   <div class='ocr_carea' id='block_1_69' title="bbox 267 4126 1812 4209">
    <p class='ocr_par' dir='ltr' id='par_1_69' title="bbox 267 4126 1812 4209">
     <span class='ocr_line' id='line_1_69' title="bbox 267 4126 1812 4209; baseline 0.013 -31"><span class='ocrx_word' id='word_1_486' title='bbox 267 4126 389 4185; x_wconf 87' lang='lat' dir='ltr'><strong>inter</strong></span> <span class='ocrx_word' id='word_1_487' title='bbox 410 4137 734 4202; x_wconf 85' lang='lat' dir='ltr'><strong>contrarias,</strong></span> <span class='ocrx_word' id='word_1_488' title='bbox 763 4154 902 4208; x_wconf 89' lang='lat' dir='ltr'><strong>quas</strong></span> <span class='ocrx_word' id='word_1_489' title='bbox 936 4140 1097 4194; x_wconf 88' lang='lat' dir='ltr'><strong>modo</strong></span> <span class='ocrx_word' id='word_1_490' title='bbox 1130 4141 1444 4206; x_wconf 88' lang='lat' dir='ltr'><strong>retulimus,</strong></span> <span class='ocrx_word' id='word_1_491' title='bbox 1487 4143 1812 4209; x_wconf 81' lang='lat' dir='ltr'><strong>sententias,</strong></span> 
     </span>
    </p>
   </div>
   <div class='ocr_carea' id='block_1_70' title="bbox 268 4227 1813 4307">
    <p class='ocr_par' dir='ltr' id='par_1_70' title="bbox 268 4227 1813 4307">
     <span class='ocr_line' id='line_1_70' title="bbox 268 4227 1813 4307; baseline 0.009 -32"><span class='ocrx_word' id='word_1_492' title='bbox 268 4227 457 4281; x_wconf 88' lang='lat' dir='ltr'><strong>tertiam</strong></span> <span class='ocrx_word' id='word_1_493' title='bbox 493 4229 802 4286; x_wconf 82' lang='lat' dir='ltr'><strong>conﬂarunt</strong></span> <span class='ocrx_word' id='word_1_494' title='bbox 827 4241 1030 4288; x_wconf 84' lang='lat' dir='ltr'><strong>sectam</strong></span> <span class='ocrx_word' id='word_1_495' title='bbox 1065 4235 1325 4289; x_wconf 90' lang='lat' dir='ltr'><strong>aientium</strong></span> <span class='ocrx_word' id='word_1_496' title='bbox 1352 4235 1564 4291; x_wconf 86' lang='lat' dir='ltr'><strong>admitti</strong></span> <span class='ocrx_word' id='word_1_497' title='bbox 1592 4236 1813 4307; x_wconf 89' lang='lat' dir='ltr'><strong>quidem</strong></span> 
     </span>
    </p>
   </div>
   <div class='ocr_carea' id='block_1_71' title="bbox 268 4316 1815 4400">
    <p class='ocr_par' dir='ltr' id='par_1_71' title="bbox 268 4316 1815 4400">
     <span class='ocr_line' id='line_1_71' title="bbox 268 4316 1815 4400; baseline 0.01 -30"><span class='ocrx_word' id='word_1_498' title='bbox 268 4316 441 4376; x_wconf 88' lang='lat' dir='ltr'><strong>debere</strong></span> <span class='ocrx_word' id='word_1_499' title='bbox 478 4326 838 4382; x_wconf 80' lang='lat' dir='ltr'><strong>Athanasium</strong></span> <span class='ocrx_word' id='word_1_500' title='bbox 873 4328 949 4383; x_wconf 89' lang='lat' dir='ltr'><strong>uti</strong></span> <span class='ocrx_word' id='word_1_501' title='bbox 989 4344 1178 4384; x_wconf 89' lang='lat' dir='ltr'><strong>verum</strong></span> <span class='ocrx_word' id='word_1_502' title='bbox 1217 4318 1615 4397; x_wconf 43' lang='lat' dir='ltr'><strong>p&#39;atriarcliatn,</strong></span> <span class='ocrx_word' id='word_1_503' title='bbox 1652 4339 1815 4400; x_wconf 82' lang='lat' dir='ltr'><strong>prout</strong></span> 
     </span>
    </p>
   </div>
   <div class='ocr_carea' id='block_1_72' title="bbox 269 4413 1809 4491">
    <p class='ocr_par' dir='ltr' id='par_1_72' title="bbox 269 4413 1809 4491">
     <span class='ocr_line' id='line_1_72' title="bbox 269 4413 1809 4491; baseline 0.008 -25"><span class='ocrx_word' id='word_1_504' title='bbox 269 4413 474 4479; x_wconf 78' lang='lat' dir='ltr'><strong>professi</strong></span> <span class='ocrx_word' id='word_1_505' title='bbox 525 4420 695 4474; x_wconf 80' lang='lat' dir='ltr'><strong>semel</strong></span> <span class='ocrx_word' id='word_1_506' title='bbox 751 4420 951 4484; x_wconf 89' lang='lat' dir='ltr'><strong>forent,</strong></span> <span class='ocrx_word' id='word_1_507' title='bbox 1000 4430 1055 4475; x_wconf 90' lang='lat' dir='ltr'><strong>et</strong></span> <span class='ocrx_word' id='word_1_508' title='bbox 1107 4437 1254 4476; x_wconf 90' lang='lat' dir='ltr'><strong>nunc</strong></span> <span class='ocrx_word' id='word_1_509' title='bbox 1307 4422 1496 4491; x_wconf 82' lang='lat' dir='ltr'><strong>utique</strong></span> <span class='ocrx_word' id='word_1_510' title='bbox 1550 4438 1809 4479; x_wconf 84' lang='lat' dir='ltr'><strong>censere:</strong></span> 
     </span>
    </p>
   </div>
   <div class='ocr_carea' id='block_1_73' title="bbox 270 4510 1814 4579">
    <p class='ocr_par' dir='ltr' id='par_1_73' title="bbox 270 4510 1814 4579">
     <span class='ocr_line' id='line_1_73' title="bbox 270 4510 1814 4579; baseline 0.008 -21"><span class='ocrx_word' id='word_1_511' title='bbox 270 4512 496 4563; x_wconf 62' lang='lat' dir='ltr'><strong>caeterum</strong></span> <span class='ocrx_word' id='word_1_512' title='bbox 520 4510 816 4579; x_wconf 77' lang='lat' dir='ltr'><strong>antequam</strong></span> <span class='ocrx_word' id='word_1_513' title='bbox 850 4513 893 4567; x_wconf 90' lang='lat' dir='ltr'><strong>is</strong></span> <span class='ocrx_word' id='word_1_514' title='bbox 923 4521 1227 4568; x_wconf 87' lang='lat' dir='ltr'><strong>resumeret</strong></span> <span class='ocrx_word' id='word_1_515' title='bbox 1259 4515 1585 4569; x_wconf 73' lang='lat' dir='ltr'><strong>exercitium</strong></span> <span class='ocrx_word' id='word_1_516' title='bbox 1623 4516 1814 4570; x_wconf 83' lang='lat' dir='ltr'><strong>tandiu</strong></span> 
     </span>
    </p>
   </div>
   <div class='ocr_carea' id='block_1_74' title="bbox 1919 3301 3498 3380">
    <p class='ocr_par' dir='ltr' id='par_1_74' title="bbox 1919 3301 3498 3380">
     <span class='ocr_line' id='line_1_74' title="bbox 1919 3301 3498 3380; baseline -0.005 -20"><span class='ocrx_word' id='word_1_517' title='bbox 1919 3306 2237 3380; x_wconf 81' lang='lat' dir='ltr'><strong>persuaderi</strong></span> <span class='ocrx_word' id='word_1_518' title='bbox 2268 3305 2373 3361; x_wconf 84' lang='lat' dir='ltr'><strong>sibi</strong></span> <span class='ocrx_word' id='word_1_519' title='bbox 2414 3306 2646 3361; x_wconf 88' lang='lat' dir='ltr'><strong>sinentis</strong></span> <span class='ocrx_word' id='word_1_520' title='bbox 2684 3305 2818 3359; x_wconf 87' lang='lat' dir='ltr'><strong>utile</strong></span> <span class='ocrx_word' id='word_1_521' title='bbox 2845 3303 2898 3359; x_wconf 89' lang='lat' dir='ltr'><strong>id</strong></span> <span class='ocrx_word' id='word_1_522' title='bbox 2937 3317 3062 3358; x_wconf 85' lang='lat' dir='ltr'><strong>esse</strong></span> <span class='ocrx_word' id='word_1_523' title='bbox 3096 3301 3240 3373; x_wconf 84' lang='lat' dir='ltr'><strong>quod</strong></span> <span class='ocrx_word' id='word_1_524' title='bbox 3276 3301 3383 3355; x_wconf 86' lang='lat' dir='ltr'><strong>tale</strong></span> <span class='ocrx_word' id='word_1_525' title='bbox 3417 3315 3498 3353; x_wconf 53' lang='lat' dir='ltr'><strong>re.</strong></span> 
     </span>
    </p>
   </div>
   <div class='ocr_carea' id='block_1_75' title="bbox 1922 3392 3496 3468">
    <p class='ocr_par' dir='ltr' id='par_1_75' title="bbox 1922 3392 3496 3468">
     <span class='ocr_line' id='line_1_75' title="bbox 1922 3392 3496 3468; baseline -0.002 -19"><span class='ocrx_word' id='word_1_526' title='bbox 1922 3415 2049 3454; x_wconf 83' lang='lat' dir='ltr'><strong>vera</strong></span> <span class='ocrx_word' id='word_1_527' title='bbox 2089 3415 2196 3454; x_wconf 91' lang='lat' dir='ltr'><strong>non</strong></span> <span class='ocrx_word' id='word_1_528' title='bbox 2230 3399 2321 3454; x_wconf 87' lang='lat' dir='ltr'><strong>sit.</strong></span> <span class='ocrx_word' id='word_1_529' title='bbox 2360 3398 2539 3468; x_wconf 87' lang='lat' dir='ltr'><strong>Atque</strong></span> <span class='ocrx_word' id='word_1_530' title='bbox 2567 3397 2657 3452; x_wconf 87' lang='lat' dir='ltr'><strong>hic</strong></span> <span class='ocrx_word' id='word_1_531' title='bbox 2701 3407 2880 3451; x_wconf 90' lang='lat' dir='ltr'><strong>tamen</strong></span> <span class='ocrx_word' id='word_1_532' title='bbox 2927 3395 3113 3449; x_wconf 90' lang='lat' dir='ltr'><strong>multis</strong></span> <span class='ocrx_word' id='word_1_533' title='bbox 3156 3392 3496 3464; x_wconf 80' lang='lat' dir='ltr'><strong>argumentis</strong></span> 
     </span>
    </p>
   </div>
   <div class='ocr_carea' id='block_1_76' title="bbox 1920 3488 3497 3559">
    <p class='ocr_par' dir='ltr' id='par_1_76' title="bbox 1920 3488 3497 3559">
     <span class='ocr_line' id='line_1_76' title="bbox 1920 3488 3497 3559; baseline -0.007 -11"><span class='ocrx_word' id='word_1_534' title='bbox 1920 3500 2168 3548; x_wconf 88' lang='lat' dir='ltr'><strong>astruere</strong></span> <span class='ocrx_word' id='word_1_535' title='bbox 2201 3492 2440 3547; x_wconf 89' lang='lat' dir='ltr'><strong>sollicite</strong></span> <span class='ocrx_word' id='word_1_536' title='bbox 2473 3490 2758 3559; x_wconf 87' lang='lat' dir='ltr'><strong>Augustus</strong></span> <span class='ocrx_word' id='word_1_537' title='bbox 2799 3488 3171 3543; x_wconf 88' lang='lat' dir='ltr'><strong>contendebat</strong></span> <span class='ocrx_word' id='word_1_538' title='bbox 3213 3488 3497 3549; x_wconf 84' lang='lat' dir='ltr'><strong>haudqua-</strong></span> 
     </span>
    </p>
   </div>
   <div class='ocr_carea' id='block_1_77' title="bbox 1922 3580 3495 3659">
    <p class='ocr_par' dir='ltr' id='par_1_77' title="bbox 1922 3580 3495 3659">
     <span class='ocr_line' id='line_1_77' title="bbox 1922 3580 3495 3659; baseline -0.008 -18"><span class='ocrx_word' id='word_1_539' title='bbox 1922 3596 2086 3659; x_wconf 82' lang='lat' dir='ltr'><strong>quam</strong></span> <span class='ocrx_word' id='word_1_540' title='bbox 2126 3593 2295 3641; x_wconf 89' lang='lat' dir='ltr'><strong>totam</strong></span> <span class='ocrx_word' id='word_1_541' title='bbox 2317 3585 2621 3639; x_wconf 85' lang='lat' dir='ltr'><strong>Athanasio</strong></span> <span class='ocrx_word' id='word_1_542' title='bbox 2660 3583 2741 3636; x_wconf 87' lang='lat' dir='ltr'><strong>vel</strong></span> <span class='ocrx_word' id='word_1_543' title='bbox 2779 3581 3110 3651; x_wconf 55' lang='lat' dir='ltr'><strong>praecipuam</strong></span> <span class='ocrx_word' id='word_1_544' title='bbox 3138 3580 3495 3633; x_wconf 83' lang='lat' dir='ltr'><strong>inclementer</strong></span> 
     </span>
    </p>
   </div>
   <div class='ocr_carea' id='block_1_78' title="bbox 1921 3670 3498 3748">
    <p class='ocr_par' dir='ltr' id='par_1_78' title="bbox 1921 3670 3498 3748">
     <span class='ocr_line' id='line_1_78' title="bbox 1921 3670 3498 3748; baseline -0.01 -11"><span class='ocrx_word' id='word_1_545' title='bbox 1921 3693 2191 3745; x_wconf 89' lang='lat' dir='ltr'><strong>actorum,</strong></span> <span class='ocrx_word' id='word_1_546' title='bbox 2217 3694 2340 3748; x_wconf 72' lang='lat' dir='ltr'><strong>qua:</strong></span> <span class='ocrx_word' id='word_1_547' title='bbox 2357 3678 2654 3740; x_wconf 83' lang='lat' dir='ltr'><strong>ferrentur,</strong></span> <span class='ocrx_word' id='word_1_548' title='bbox 2676 3689 2798 3730; x_wconf 89' lang='lat' dir='ltr'><strong>esse</strong></span> <span class='ocrx_word' id='word_1_549' title='bbox 2818 3678 3034 3744; x_wconf 90' lang='lat' dir='ltr'><strong>culpam</strong></span> <span class='ocrx_word' id='word_1_550' title='bbox 3055 3670 3498 3726; x_wconf 89' lang='lat' dir='ltr'><strong>adscribendam:</strong></span> 
     </span>
    </p>
   </div>
   <div class='ocr_carea' id='block_1_79' title="bbox 1920 3765 3498 3846">
    <p class='ocr_par' dir='ltr' id='par_1_79' title="bbox 1920 3765 3498 3846">
     <span class='ocr_line' id='line_1_79' title="bbox 1920 3765 3498 3846; baseline -0.011 -14"><span class='ocrx_word' id='word_1_551' title='bbox 1920 3778 2095 3846; x_wconf 83' lang='lat' dir='ltr'><strong>magis</strong></span> <span class='ocrx_word' id='word_1_552' title='bbox 2118 3773 2262 3829; x_wconf 90' lang='lat' dir='ltr'><strong>enim</strong></span> <span class='ocrx_word' id='word_1_553' title='bbox 2281 3788 2401 3827; x_wconf 87' lang='lat' dir='ltr'><strong>eam</strong></span> <span class='ocrx_word' id='word_1_554' title='bbox 2430 3770 2890 3838; x_wconf 84' lang='lat' dir='ltr'><strong>verisimiliusque</strong></span> <span class='ocrx_word' id='word_1_555' title='bbox 2914 3766 3176 3836; x_wconf 87' lang='lat' dir='ltr'><strong>imputari</strong></span> <span class='ocrx_word' id='word_1_556' title='bbox 3213 3765 3498 3818; x_wconf 89' lang='lat' dir='ltr'><strong>ministro-</strong></span> 
     </span>
    </p>
   </div>
   <div class='ocr_carea' id='block_1_80' title="bbox 1923 3859 3500 3939">
    <p class='ocr_par' dir='ltr' id='par_1_80' title="bbox 1923 3859 3500 3939">
     <span class='ocr_line' id='line_1_80' title="bbox 1923 3859 3500 3939; baseline -0.011 -14"><span class='ocrx_word' id='word_1_557' title='bbox 1923 3886 2065 3933; x_wconf 91' lang='lat' dir='ltr'><strong>rum,</strong></span> <span class='ocrx_word' id='word_1_558' title='bbox 2108 3868 2313 3939; x_wconf 86' lang='lat' dir='ltr'><strong>quibus</strong></span> <span class='ocrx_word' id='word_1_559' title='bbox 2357 3873 2629 3921; x_wconf 88' lang='lat' dir='ltr'><strong>uteretur.</strong></span> <span class='ocrx_word' id='word_1_560' title='bbox 2676 3862 2984 3932; x_wconf 77' lang='lat' dir='ltr'><strong>imperitizn,</strong></span> <span class='ocrx_word' id='word_1_561' title='bbox 3034 3859 3316 3913; x_wconf 86' lang='lat' dir='ltr'><strong>hominum</strong></span> <span class='ocrx_word' id='word_1_562' title='bbox 3359 3871 3500 3925; x_wconf 90' lang='lat' dir='ltr'><strong>quos</strong></span> 
     </span>
    </p>
   </div>
   <div class='ocr_carea' id='block_1_81' title="bbox 1923 3949 3498 4027">
    <p class='ocr_par' dir='ltr' id='par_1_81' title="bbox 1923 3949 3498 4027">
     <span class='ocr_line' id='line_1_81' title="bbox 1923 3949 3498 4027; baseline -0.013 -9"><span class='ocrx_word' id='word_1_563' title='bbox 1923 3976 2059 4018; x_wconf 90' lang='lat' dir='ltr'><strong>suus</strong></span> <span class='ocrx_word' id='word_1_564' title='bbox 2079 3975 2234 4014; x_wconf 89' lang='lat' dir='ltr'><strong>error</strong></span> <span class='ocrx_word' id='word_1_565' title='bbox 2255 3956 2637 4027; x_wconf 55' lang='lat' dir='ltr'><strong>angustiasque</strong></span> <span class='ocrx_word' id='word_1_566' title='bbox 2662 3955 2863 4009; x_wconf 89' lang='lat' dir='ltr'><strong>mentis</strong></span> <span class='ocrx_word' id='word_1_567' title='bbox 2890 3951 3201 4009; x_wconf 82' lang='lat' dir='ltr'><strong>exorbitare</strong></span> <span class='ocrx_word' id='word_1_568' title='bbox 3226 3949 3498 4003; x_wconf 87' lang='lat' dir='ltr'><strong>interdum</strong></span> 
     </span>
    </p>
   </div>
   <div class='ocr_carea' id='block_1_82' title="bbox 1923 4046 3503 4122">
    <p class='ocr_par' dir='ltr' id='par_1_82' title="bbox 1923 4046 3503 4122">
     <span class='ocr_line' id='line_1_82' title="bbox 1923 4046 3503 4122; baseline -0.011 -12"><span class='ocrx_word' id='word_1_569' title='bbox 1923 4073 1953 4110; x_wconf 88' lang='lat' dir='ltr'><strong>a</strong></span> <span class='ocrx_word' id='word_1_570' title='bbox 1983 4064 2156 4117; x_wconf 89' lang='lat' dir='ltr'><strong>recto,</strong></span> <span class='ocrx_word' id='word_1_571' title='bbox 2207 4051 2464 4122; x_wconf 91' lang='lat' dir='ltr'><strong>quodque</strong></span> <span class='ocrx_word' id='word_1_572' title='bbox 2513 4050 2697 4104; x_wconf 89' lang='lat' dir='ltr'><strong>minus</strong></span> <span class='ocrx_word' id='word_1_573' title='bbox 2731 4046 3069 4109; x_wconf 80' lang='lat' dir='ltr'><strong>conveniret,</strong></span> <span class='ocrx_word' id='word_1_574' title='bbox 3116 4046 3299 4099; x_wconf 81' lang='lat' dir='ltr'><strong>facere</strong></span> <span class='ocrx_word' id='word_1_575' title='bbox 3342 4057 3503 4109; x_wconf 81' lang='lat' dir='ltr'><strong>coge-</strong></span> 
     </span>
    </p>
   </div>
   <div class='ocr_carea' id='block_1_83' title="bbox 1919 4133 3498 4213">
    <p class='ocr_par' dir='ltr' id='par_1_83' title="bbox 1919 4133 3498 4213">
     <span class='ocr_line' id='line_1_83' title="bbox 1919 4133 3498 4213; baseline -0.012 -10"><span class='ocrx_word' id='word_1_576' title='bbox 1919 4155 2066 4203; x_wconf 88' lang='lat' dir='ltr'><strong>rent.</strong></span> <span class='ocrx_word' id='word_1_577' title='bbox 2099 4143 2306 4211; x_wconf 85' lang='lat' dir='ltr'><strong>Quodsi</strong></span> <span class='ocrx_word' id='word_1_578' title='bbox 2339 4158 2503 4213; x_wconf 87' lang='lat' dir='ltr'><strong>quem</strong></span> <span class='ocrx_word' id='word_1_579' title='bbox 2540 4151 2747 4201; x_wconf 90' lang='lat' dir='ltr'><strong>tamen,</strong></span> <span class='ocrx_word' id='word_1_580' title='bbox 2787 4139 3043 4202; x_wconf 88' lang='lat' dir='ltr'><strong>addebat,</strong></span> <span class='ocrx_word' id='word_1_581' title='bbox 3075 4137 3176 4190; x_wconf 86' lang='lat' dir='ltr'><strong>sibi</strong></span> <span class='ocrx_word' id='word_1_582' title='bbox 3215 4133 3498 4189; x_wconf 90' lang='lat' dir='ltr'><strong>conscium</strong></span> 
     </span>
    </p>
   </div>
   <div class='ocr_carea' id='block_1_84' title="bbox 1921 4227 3498 4308">
    <p class='ocr_par' dir='ltr' id='par_1_84' title="bbox 1921 4227 3498 4308">
     <span class='ocr_line' id='line_1_84' title="bbox 1921 4227 3498 4308; baseline -0.009 -17"><span class='ocrx_word' id='word_1_583' title='bbox 1921 4237 2232 4308; x_wconf 80' lang='lat' dir='ltr'><strong>fragilitatis</strong></span> <span class='ocrx_word' id='word_1_584' title='bbox 2279 4236 2333 4289; x_wconf 93' lang='lat' dir='ltr'><strong>in</strong></span> <span class='ocrx_word' id='word_1_585' title='bbox 2390 4237 2582 4303; x_wconf 89' lang='lat' dir='ltr'><strong>culpas</strong></span> <span class='ocrx_word' id='word_1_586' title='bbox 2631 4233 2984 4304; x_wconf 86' lang='lat' dir='ltr'><strong>quotidianas</strong></span> <span class='ocrx_word' id='word_1_587' title='bbox 3029 4228 3187 4283; x_wconf 81' lang='lat' dir='ltr'><strong>facile</strong></span> <span class='ocrx_word' id='word_1_588' title='bbox 3242 4227 3498 4296; x_wconf 69' lang='lat' dir='ltr'><strong>lapsum,</strong></span> 
     </span>
    </p>
   </div>
   <div class='ocr_carea' id='block_1_85' title="bbox 1921 4318 3502 4400">
    <p class='ocr_par' dir='ltr' id='par_1_85' title="bbox 1921 4318 3502 4400">
     <span class='ocr_line' id='line_1_85' title="bbox 1921 4318 3502 4400; baseline -0.011 -13"><span class='ocrx_word' id='word_1_589' title='bbox 1921 4341 2128 4387; x_wconf 89' lang='lat' dir='ltr'><strong>terreat</strong></span> <span class='ocrx_word' id='word_1_590' title='bbox 2166 4330 2567 4400; x_wconf 90' lang='lat' dir='ltr'><strong>qualiscunque</strong></span> <span class='ocrx_word' id='word_1_591' title='bbox 2600 4329 2702 4382; x_wconf 87' lang='lat' dir='ltr'><strong>ista</strong></span> <span class='ocrx_word' id='word_1_592' title='bbox 2737 4325 2952 4381; x_wconf 80' lang='lat' dir='ltr'><strong>deflecti</strong></span> <span class='ocrx_word' id='word_1_593' title='bbox 2987 4324 3054 4377; x_wconf 88' lang='lat' dir='ltr'><strong>ab</strong></span> <span class='ocrx_word' id='word_1_594' title='bbox 3082 4330 3276 4377; x_wconf 83' lang='lat' dir='ltr'><strong>exacto</strong></span> <span class='ocrx_word' id='word_1_595' title='bbox 3316 4318 3502 4373; x_wconf 88' lang='lat' dir='ltr'><strong>nescia</strong></span> 
     </span>
    </p>
   </div>
   <div class='ocr_carea' id='block_1_86' title="bbox 1920 4414 3503 4495">
    <p class='ocr_par' dir='ltr' id='par_1_86' title="bbox 1920 4414 3503 4495">
     <span class='ocr_line' id='line_1_86' title="bbox 1920 4414 3503 4495; baseline -0.011 -17"><span class='ocrx_word' id='word_1_596' title='bbox 1920 4424 2170 4495; x_wconf 75' lang='lat' dir='ltr'><strong>rigiditas</strong></span> <span class='ocrx_word' id='word_1_597' title='bbox 2204 4423 2510 4487; x_wconf 85' lang='lat' dir='ltr'><strong>Athanasii,</strong></span> <span class='ocrx_word' id='word_1_598' title='bbox 2544 4422 2635 4475; x_wconf 92' lang='lat' dir='ltr'><strong>uni</strong></span> <span class='ocrx_word' id='word_1_599' title='bbox 2687 4420 2922 4474; x_wconf 81' lang='lat' dir='ltr'><strong>maxime</strong></span> <span class='ocrx_word' id='word_1_600' title='bbox 2967 4416 3211 4471; x_wconf 86' lang='lat' dir='ltr'><strong>omnium</strong></span> <span class='ocrx_word' id='word_1_601' title='bbox 3268 4414 3503 4480; x_wconf 76' lang='lat' dir='ltr'><strong>impera-</strong></span> 
     </span>
    </p>
   </div>
   <div class='ocr_carea' id='block_1_87' title="bbox 1922 4502 3500 4576">
    <p class='ocr_par' dir='ltr' id='par_1_87' title="bbox 1922 4502 3500 4576">
     <span class='ocr_line' id='line_1_87' title="bbox 1922 4502 3500 4576; baseline -0.011 -4"><span class='ocrx_word' id='word_1_602' title='bbox 1922 4518 2027 4572; x_wconf 90' lang='lat' dir='ltr'><strong>tori</strong></span> <span class='ocrx_word' id='word_1_603' title='bbox 2054 4533 2174 4573; x_wconf 87' lang='lat' dir='ltr'><strong>eam</strong></span> <span class='ocrx_word' id='word_1_604' title='bbox 2205 4516 2377 4570; x_wconf 89' lang='lat' dir='ltr'><strong>videri</strong></span> <span class='ocrx_word' id='word_1_605' title='bbox 2422 4508 2828 4570; x_wconf 77' lang='lat' dir='ltr'><strong>formidabilem</strong></span> <span class='ocrx_word' id='word_1_606' title='bbox 2878 4510 3101 4572; x_wconf 87' lang='lat' dir='ltr'><strong>debere,</strong></span> <span class='ocrx_word' id='word_1_607' title='bbox 3154 4506 3355 4576; x_wconf 85' lang='lat' dir='ltr'><strong>quippe</strong></span> <span class='ocrx_word' id='word_1_608' title='bbox 3409 4502 3500 4557; x_wconf 91' lang='lat' dir='ltr'><strong>cui</strong></span> 
     </span>
    </p>
   </div>
   <div class='ocr_carea' id='block_1_88' title="bbox 273 4591 3505 4680">
    <p class='ocr_par' dir='ltr' id='par_1_88' title="bbox 273 4591 3505 4680">
     <span class='ocr_line' id='line_1_88' title="bbox 273 4591 3505 4680; baseline 0.001 -34"><span class='ocrx_word' id='word_1_609' title='bbox 273 4591 574 4657; x_wconf 68' lang='lat' dir='ltr'><strong>intermissa:</strong></span> <span class='ocrx_word' id='word_1_610' title='bbox 620 4604 932 4672; x_wconf 89' lang='lat' dir='ltr'><strong>p0testatis,</strong></span> <span class='ocrx_word' id='word_1_611' title='bbox 985 4605 1166 4661; x_wconf 86' lang='lat' dir='ltr'><strong>caveri</strong></span> <span class='ocrx_word' id='word_1_612' title='bbox 1209 4603 1470 4661; x_wconf 70' lang='lat' dir='ltr'><strong>Ecclesia:</strong></span> <span class='ocrx_word' id='word_1_613' title='bbox 1508 4605 1627 4660; x_wconf 88' lang='lat' dir='ltr'><strong>dira</strong></span> <span class='ocrx_word' id='word_1_614' title='bbox 1683 4606 1814 4661; x_wconf 89' lang='lat' dir='ltr'><strong>olim</strong></span> <span class='ocrx_word' id='word_1_615' title='bbox 1851 4596 2066 4680; x_wconf 62' lang='lat' dir='ltr'><strong>Dscepe</strong></span> <span class='ocrx_word' id='word_1_616' title='bbox 2095 4622 2322 4664; x_wconf 88' lang='lat' dir='ltr'><strong>necesse</strong></span> <span class='ocrx_word' id='word_1_617' title='bbox 2368 4606 2441 4663; x_wconf 92' lang='lat' dir='ltr'><strong>sit</strong></span> <span class='ocrx_word' id='word_1_618' title='bbox 2475 4606 2541 4661; x_wconf 91' lang='lat' dir='ltr'><strong>ad</strong></span> <span class='ocrx_word' id='word_1_619' title='bbox 2575 4605 2918 4675; x_wconf 76' lang='lat' dir='ltr'><strong>negotiorum</strong></span> <span class='ocrx_word' id='word_1_620' title='bbox 2966 4597 3366 4669; x_wconf 75' lang='lat' dir='ltr'><strong>expeditionem</strong></span> <span class='ocrx_word' id='word_1_621' title='bbox 3415 4610 3505 4649; x_wconf 90' lang='lat' dir='ltr'><strong>ur-</strong></span> 
     </span>
    </p>
   </div>
   <div class='ocr_carea' id='block_1_89' title="bbox 272 4693 1818 4769">
    <p class='ocr_par' dir='ltr' id='par_1_89' title="bbox 272 4693 1818 4769">
     <span class='ocr_line' id='line_1_89' title="bbox 272 4693 1818 4769; baseline 0.002 -19"><span class='ocrx_word' id='word_1_622' title='bbox 272 4698 424 4750; x_wconf 66' lang='lat' dir='ltr'><strong>Dassae</strong></span> <span class='ocrx_word' id='word_1_623' title='bbox 448 4693 513 4747; x_wconf 90' lang='lat' dir='ltr'><strong>ab</strong></span> <span class='ocrx_word' id='word_1_624' title='bbox 554 4693 679 4763; x_wconf 84' lang='lat' dir='ltr'><strong>ejus</strong></span> <span class='ocrx_word' id='word_1_625' title='bbox 712 4693 989 4751; x_wconf 87' lang='lat' dir='ltr'><strong>ministris</strong></span> <span class='ocrx_word' id='word_1_626' title='bbox 1028 4705 1285 4766; x_wconf 90' lang='lat' dir='ltr'><strong>oportere</strong></span> <span class='ocrx_word' id='word_1_627' title='bbox 1328 4698 1696 4769; x_wconf 89' lang='lat' dir='ltr'><strong>promissione</strong></span> <span class='ocrx_word' id='word_1_628' title='bbox 1731 4714 1818 4755; x_wconf 89' lang='lat' dir='ltr'><strong>se-</strong></span> 
     </span>
    </p>
   </div>
   <div class='ocr_carea' id='block_1_90' title="bbox 275 4778 1815 4860">
    <p class='ocr_par' dir='ltr' id='par_1_90' title="bbox 275 4778 1815 4860">
     <span class='ocr_line' id='line_1_90' title="bbox 275 4778 1815 4860; baseline 0.01 -33"><span class='ocrx_word' id='word_1_629' title='bbox 275 4778 496 4837; x_wconf 82' lang='lat' dir='ltr'><strong>curitatis</strong></span> <span class='ocrx_word' id='word_1_630' title='bbox 515 4799 683 4855; x_wconf 89' lang='lat' dir='ltr'><strong>quam</strong></span> <span class='ocrx_word' id='word_1_631' title='bbox 710 4784 962 4855; x_wconf 67' lang='lat' dir='ltr'><strong>maximae</strong></span> <span class='ocrx_word' id='word_1_632' title='bbox 990 4787 1062 4840; x_wconf 88' lang='lat' dir='ltr'><strong>ah</strong></span> <span class='ocrx_word' id='word_1_633' title='bbox 1090 4801 1156 4842; x_wconf 90' lang='lat' dir='ltr'><strong>eo</strong></span> <span class='ocrx_word' id='word_1_634' title='bbox 1176 4786 1467 4857; x_wconf 79' lang='lat' dir='ltr'><strong>exigenda,</strong></span> <span class='ocrx_word' id='word_1_635' title='bbox 1493 4789 1815 4860; x_wconf 89' lang='lat' dir='ltr'><strong>neutiquam</strong></span> 
     </span>
    </p>
   </div>
   <div class='ocr_carea' id='block_1_91' title="bbox 277 4872 1818 4937">
    <p class='ocr_par' dir='ltr' id='par_1_91' title="bbox 277 4872 1818 4937">
     <span class='ocr_line' id='line_1_91' title="bbox 277 4872 1818 4937; baseline 0.002 -5"><span class='ocrx_word' id='word_1_636' title='bbox 277 4872 484 4932; x_wconf 61' lang='lat' dir='ltr'><strong>Patiendi</strong></span> <span class='ocrx_word' id='word_1_637' title='bbox 511 4878 696 4933; x_wconf 81' lang='lat' dir='ltr'><strong>vexari</strong></span> <span class='ocrx_word' id='word_1_638' title='bbox 730 4880 953 4934; x_wconf 89' lang='lat' dir='ltr'><strong>nomine</strong></span> <span class='ocrx_word' id='word_1_639' title='bbox 975 4894 1041 4934; x_wconf 87' lang='lat' dir='ltr'><strong>ac</strong></span> <span class='ocrx_word' id='word_1_640' title='bbox 1072 4882 1405 4936; x_wconf 89' lang='lat' dir='ltr'><strong>auctoritate</strong></span> <span class='ocrx_word' id='word_1_641' title='bbox 1450 4896 1551 4937; x_wconf 89' lang='lat' dir='ltr'><strong>sua</strong></span> <span class='ocrx_word' id='word_1_642' title='bbox 1578 4889 1687 4935; x_wconf 87' lang='lat' dir='ltr'><strong>tam</strong></span> <span class='ocrx_word' id='word_1_643' title='bbox 1732 4883 1818 4935; x_wconf 90' lang='lat' dir='ltr'><strong>in-</strong></span> 
     </span>
    </p>
   </div>
   <div class='ocr_carea' id='block_1_92' title="bbox 274 4960 1819 5044">
    <p class='ocr_par' dir='ltr' id='par_1_92' title="bbox 274 4960 1819 5044">
     <span class='ocr_line' id='line_1_92' title="bbox 274 4960 1819 5044; baseline 0.008 -27"><span class='ocrx_word' id='word_1_644' title='bbox 274 4960 417 5028; x_wconf 80' lang='lat' dir='ltr'><strong>iustis</strong></span> <span class='ocrx_word' id='word_1_645' title='bbox 435 4969 782 5042; x_wconf 82' lang='lat' dir='ltr'><strong>indignisque</strong></span> <span class='ocrx_word' id='word_1_646' title='bbox 812 4972 991 5029; x_wconf 83' lang='lat' dir='ltr'><strong>modia</strong></span> <span class='ocrx_word' id='word_1_647' title='bbox 1016 4973 1268 5037; x_wconf 86' lang='lat' dir='ltr'><strong>clericos,</strong></span> <span class='ocrx_word' id='word_1_648' title='bbox 1303 4974 1564 5043; x_wconf 90' lang='lat' dir='ltr'><strong>quoniam</strong></span> <span class='ocrx_word' id='word_1_649' title='bbox 1602 4974 1819 5044; x_wconf 79' lang='lat' dir='ltr'><strong>injuriae</strong></span> 
     </span>
    </p>
   </div>
   <div class='ocr_carea' id='block_1_93' title="bbox 279 5052 1821 5136">
    <p class='ocr_par' dir='ltr' id='par_1_93' title="bbox 279 5052 1821 5136">
     <span class='ocr_line' id='line_1_93' title="bbox 279 5052 1821 5136; baseline 0.008 -29"><span class='ocrx_word' id='word_1_650' title='bbox 279 5052 557 5118; x_wconf 80' lang='lat' dir='ltr'><strong>istiusmodi</strong></span> <span class='ocrx_word' id='word_1_651' title='bbox 591 5065 830 5136; x_wconf 77' lang='lat' dir='ltr'><strong>graviter</strong></span> <span class='ocrx_word' id='word_1_652' title='bbox 869 5065 1089 5121; x_wconf 89' lang='lat' dir='ltr'><strong>Patrum</strong></span> <span class='ocrx_word' id='word_1_653' title='bbox 1131 5068 1512 5123; x_wconf 89' lang='lat' dir='ltr'><strong>sanctionibus</strong></span> <span class='ocrx_word' id='word_1_654' title='bbox 1558 5069 1821 5122; x_wconf 83' lang='lat' dir='ltr'><strong>adversa-</strong></span> 
     </span>
    </p>
   </div>
   <div class='ocr_carea' id='block_1_94' title="bbox 282 5158 1820 5231">
    <p class='ocr_par' dir='ltr' id='par_1_94' title="bbox 282 5158 1820 5231">
     <span class='ocr_line' id='line_1_94' title="bbox 282 5158 1820 5231; baseline 0.01 -31"><span class='ocrx_word' id='word_1_655' title='bbox 282 5162 465 5219; x_wconf 88' lang='lat' dir='ltr'><strong>rentur,</strong></span> <span class='ocrx_word' id='word_1_656' title='bbox 502 5166 557 5213; x_wconf 92' lang='lat' dir='ltr'><strong>et</strong></span> <span class='ocrx_word' id='word_1_657' title='bbox 609 5160 678 5213; x_wconf 88' lang='lat' dir='ltr'><strong>ab</strong></span> <span class='ocrx_word' id='word_1_658' title='bbox 728 5158 798 5214; x_wconf 89' lang='lat' dir='ltr'><strong>iis</strong></span> <span class='ocrx_word' id='word_1_659' title='bbox 840 5159 934 5229; x_wconf 89' lang='lat' dir='ltr'><strong>qui</strong></span> <span class='ocrx_word' id='word_1_660' title='bbox 987 5159 1296 5215; x_wconf 89' lang='lat' dir='ltr'><strong>canonibus</strong></span> <span class='ocrx_word' id='word_1_661' title='bbox 1346 5161 1668 5224; x_wconf 88' lang='lat' dir='ltr'><strong>crederent,</strong></span> <span class='ocrx_word' id='word_1_662' title='bbox 1719 5176 1820 5231; x_wconf 91' lang='lat' dir='ltr'><strong>pro</strong></span> 
     </span>
    </p>
   </div>
   <div class='ocr_carea' id='block_1_95' title="bbox 280 5239 1816 5323">
    <p class='ocr_par' dir='ltr' id='par_1_95' title="bbox 280 5239 1816 5323">
     <span class='ocr_line' id='line_1_95' title="bbox 280 5239 1816 5323; baseline 0.002 -16"><span class='ocrx_word' id='word_1_663' title='bbox 280 5239 416 5307; x_wconf 71' lang='lat' dir='ltr'><strong>iustis</strong></span> <span class='ocrx_word' id='word_1_664' title='bbox 459 5262 511 5306; x_wconf 90' lang='lat' dir='ltr'><strong>et</strong></span> <span class='ocrx_word' id='word_1_665' title='bbox 567 5252 827 5321; x_wconf 86' lang='lat' dir='ltr'><strong>legitimis</strong></span> <span class='ocrx_word' id='word_1_666' title='bbox 865 5253 1050 5308; x_wconf 88' lang='lat' dir='ltr'><strong>causis</strong></span> <span class='ocrx_word' id='word_1_667' title='bbox 1101 5253 1468 5323; x_wconf 71' lang='lat' dir='ltr'><strong>depositionis</strong></span> <span class='ocrx_word' id='word_1_668' title='bbox 1506 5254 1816 5310; x_wconf 88' lang='lat' dir='ltr'><strong>antistitum</strong></span> 
     </span>
    </p>
   </div>
   <div class='ocr_carea' id='block_1_96' title="bbox 286 5339 1819 5420">
    <p class='ocr_par' dir='ltr' id='par_1_96' title="bbox 286 5339 1819 5420">
     <span class='ocr_line' id='line_1_96' title="bbox 286 5339 1819 5420; baseline 0.008 -29"><span class='ocrx_word' id='word_1_669' title='bbox 286 5339 363 5406; x_wconf 90' lang='lat' dir='ltr'><strong>qui</strong></span> <span class='ocrx_word' id='word_1_670' title='bbox 399 5342 448 5396; x_wconf 90' lang='lat' dir='ltr'><strong>in</strong></span> <span class='ocrx_word' id='word_1_671' title='bbox 480 5360 545 5400; x_wconf 91' lang='lat' dir='ltr'><strong>eo</strong></span> <span class='ocrx_word' id='word_1_672' title='bbox 578 5347 942 5400; x_wconf 88' lang='lat' dir='ltr'><strong>conniverent</strong></span> <span class='ocrx_word' id='word_1_673' title='bbox 975 5345 1382 5416; x_wconf 90' lang='lat' dir='ltr'><strong>judicarentur.</strong></span> <span class='ocrx_word' id='word_1_674' title='bbox 1427 5346 1522 5400; x_wconf 79' lang='lat' dir='ltr'><strong>liis</strong></span> <span class='ocrx_word' id='word_1_675' title='bbox 1576 5349 1819 5420; x_wconf 81' lang='lat' dir='ltr'><strong>episcopi</strong></span> 
     </span>
    </p>
   </div>
   <div class='ocr_carea' id='block_1_97' title="bbox 283 5430 1822 5509">
    <p class='ocr_par' dir='ltr' id='par_1_97' title="bbox 283 5430 1822 5509">
     <span class='ocr_line' id='line_1_97' title="bbox 283 5430 1822 5509; baseline 0.01 -28"><span class='ocrx_word' id='word_1_676' title='bbox 283 5430 374 5499; x_wconf 82' lang='lat' dir='ltr'><strong>jam</strong></span> <span class='ocrx_word' id='word_1_677' title='bbox 394 5437 557 5492; x_wconf 89' lang='lat' dir='ltr'><strong>‘divisi</strong></span> <span class='ocrx_word' id='word_1_678' title='bbox 594 5438 900 5504; x_wconf 81' lang='lat' dir='ltr'><strong>trifariam,</strong></span> <span class='ocrx_word' id='word_1_679' title='bbox 963 5454 1063 5509; x_wconf 90' lang='lat' dir='ltr'><strong>pro</strong></span> <span class='ocrx_word' id='word_1_680' title='bbox 1114 5455 1174 5495; x_wconf 87' lang='lat' dir='ltr'><strong>se</strong></span> <span class='ocrx_word' id='word_1_681' title='bbox 1226 5440 1433 5509; x_wconf 91' lang='lat' dir='ltr'><strong>quique</strong></span> <span class='ocrx_word' id='word_1_682' title='bbox 1482 5438 1822 5496; x_wconf 80' lang='lat' dir='ltr'><strong>disserendis</strong></span> 
     </span>
    </p>
   </div>
   <div class='ocr_carea' id='block_1_98' title="bbox 289 5519 1823 5598">
    <p class='ocr_par' dir='ltr' id='par_1_98' title="bbox 289 5519 1823 5598">
     <span class='ocr_line' id='line_1_98' title="bbox 289 5519 1823 5598; baseline 0.012 -26"><span class='ocrx_word' id='word_1_683' title='bbox 289 5519 707 5598; x_wconf 72' lang='lat' dir='ltr'><strong>inculcandisqne</strong></span> <span class='ocrx_word' id='word_1_684' title='bbox 736 5537 881 5586; x_wconf 89' lang='lat' dir='ltr'><strong>totos</strong></span> <span class='ocrx_word' id='word_1_685' title='bbox 912 5532 1274 5587; x_wconf 84' lang='lat' dir='ltr'><strong>absumebant</strong></span> <span class='ocrx_word' id='word_1_686' title='bbox 1313 5535 1670 5589; x_wconf 84' lang='lat' dir='ltr'><strong>altercatione</strong></span> <span class='ocrx_word' id='word_1_687' title='bbox 1702 5536 1823 5590; x_wconf 86' lang='lat' dir='ltr'><strong>infi-</strong></span> 
     </span>
    </p>
   </div>
   <div class='ocr_carea' id='block_1_99' title="bbox 291 5613 1819 5697">
    <p class='ocr_par' dir='ltr' id='par_1_99' title="bbox 291 5613 1819 5697">
     <span class='ocr_line' id='line_1_99' title="bbox 291 5613 1819 5697; baseline 0.011 -34"><span class='ocrx_word' id='word_1_688' title='bbox 291 5613 383 5667; x_wconf 82' lang='lat' dir='ltr'><strong>nita</strong></span> <span class='ocrx_word' id='word_1_689' title='bbox 412 5619 538 5687; x_wconf 86' lang='lat' dir='ltr'><strong>dies,</strong></span> <span class='ocrx_word' id='word_1_690' title='bbox 571 5624 794 5693; x_wconf 84' lang='lat' dir='ltr'><strong>quando</strong></span> <span class='ocrx_word' id='word_1_691' title='bbox 822 5623 1208 5679; x_wconf 85' lang='lat' dir='ltr'><strong>animadverso</strong></span> <span class='ocrx_word' id='word_1_692' title='bbox 1239 5624 1536 5694; x_wconf 88' lang='lat' dir='ltr'><strong>imperator</strong></span> <span class='ocrx_word' id='word_1_693' title='bbox 1568 5638 1819 5697; x_wconf 86' lang='lat' dir='ltr'><strong>magnam</strong></span> 
     </span>
    </p>
   </div>
   <div class='ocr_carea' id='block_1_100' title="bbox 290 5700 1824 5786">
    <p class='ocr_par' dir='ltr' id='par_1_100' title="bbox 290 5700 1824 5786">
     <span class='ocr_line' id='line_1_100' title="bbox 290 5700 1824 5786; baseline 0.01 -29"><span class='ocrx_word' id='word_1_694' title='bbox 290 5700 515 5765; x_wconf 80' lang='lat' dir='ltr'><strong>inﬂictam</strong></span> <span class='ocrx_word' id='word_1_695' title='bbox 566 5715 782 5786; x_wconf 75' lang='lat' dir='ltr'><strong>negotio</strong></span> <span class='ocrx_word' id='word_1_696' title='bbox 815 5716 1050 5772; x_wconf 87' lang='lat' dir='ltr'><strong>securim</strong></span> <span class='ocrx_word' id='word_1_697' title='bbox 1090 5717 1346 5772; x_wconf 86' lang='lat' dir='ltr'><strong>refricata</strong></span> <span class='ocrx_word' id='word_1_698' title='bbox 1385 5720 1646 5772; x_wconf 87' lang='lat' dir='ltr'><strong>memoria</strong></span> <span class='ocrx_word' id='word_1_699' title='bbox 1681 5720 1824 5774; x_wconf 84' lang='lat' dir='ltr'><strong>invi-</strong></span> 
     </span>
    </p>
   </div>
   <div class='ocr_carea' id='block_1_101' title="bbox 292 5794 1823 5880">
    <p class='ocr_par' dir='ltr' id='par_1_101' title="bbox 292 5794 1823 5880">
     <span class='ocr_line' id='line_1_101' title="bbox 292 5794 1823 5880; baseline 0.012 -35"><span class='ocrx_word' id='word_1_700' title='bbox 292 5794 699 5871; x_wconf 81' lang='lat' dir='ltr'><strong>diosissimorum</strong></span> <span class='ocrx_word' id='word_1_701' title='bbox 739 5807 1051 5872; x_wconf 91' lang='lat' dir='ltr'><strong>Athanasii,</strong></span> <span class='ocrx_word' id='word_1_702' title='bbox 1086 5807 1216 5862; x_wconf 90' lang='lat' dir='ltr'><strong>dum</strong></span> <span class='ocrx_word' id='word_1_703' title='bbox 1255 5807 1682 5877; x_wconf 76' lang='lat' dir='ltr'><strong>patriarcbatum</strong></span> <span class='ocrx_word' id='word_1_704' title='bbox 1726 5825 1823 5880; x_wconf 75' lang='lat' dir='ltr'><strong>ge—</strong></span> 
     </span>
    </p>
   </div>
   <div class='ocr_carea' id='block_1_102' title="bbox 294 5900 1825 5983">
    <p class='ocr_par' dir='ltr' id='par_1_102' title="bbox 294 5900 1825 5983">
     <span class='ocr_line' id='line_1_102' title="bbox 294 5900 1825 5983; baseline 0.01 -40"><span class='ocrx_word' id='word_1_705' title='bbox 294 5900 445 5963; x_wconf 77' lang='lat' dir='ltr'><strong>reret,</strong></span> <span class='ocrx_word' id='word_1_706' title='bbox 490 5909 753 5983; x_wconf 60' lang='lat' dir='ltr'><strong>actent‘m,</strong></span> <span class='ocrx_word' id='word_1_707' title='bbox 807 5902 946 5959; x_wconf 85' lang='lat' dir='ltr'><strong>hanc</strong></span> <span class='ocrx_word' id='word_1_708' title='bbox 994 5902 1339 5970; x_wconf 86' lang='lat' dir='ltr'><strong>potissimum</strong></span> <span class='ocrx_word' id='word_1_709' title='bbox 1391 5917 1590 5970; x_wconf 61' lang='grc' dir='ltr'>κει-ειη</span> <span class='ocrx_word' id='word_1_710' title='bbox 1645 5918 1825 5961; x_wconf 71' lang='lat' dir='ltr'><strong>causa:</strong></span> 
     </span>
    </p>
   </div>
   <div class='ocr_carea' id='block_1_103' title="bbox 1919 4692 3499 4774">
    <p class='ocr_par' dir='ltr' id='par_1_103' title="bbox 1919 4692 3499 4774">
     <span class='ocr_line' id='line_1_103' title="bbox 1919 4692 3499 4774; baseline -0.01 -17"><span class='ocrx_word' id='word_1_711' title='bbox 1919 4702 2169 4774; x_wconf 87' lang='lat' dir='ltr'><strong>gentium</strong></span> <span class='ocrx_word' id='word_1_712' title='bbox 2204 4700 2377 4755; x_wconf 89' lang='lat' dir='ltr'><strong>multa</strong></span> <span class='ocrx_word' id='word_1_713' title='bbox 2407 4698 2644 4754; x_wconf 85' lang='lat' dir='ltr'><strong>tolerare</strong></span> <span class='ocrx_word' id='word_1_714' title='bbox 2672 4711 2737 4750; x_wconf 87' lang='lat' dir='ltr'><strong>ac</strong></span> <span class='ocrx_word' id='word_1_715' title='bbox 2767 4694 2949 4750; x_wconf 81' lang='lat' dir='ltr'><strong>facere</strong></span> <span class='ocrx_word' id='word_1_716' title='bbox 2971 4692 3209 4747; x_wconf 74' lang='lat' dir='ltr'><strong>obnoxia</strong></span> <span class='ocrx_word' id='word_1_717' title='bbox 3234 4700 3499 4751; x_wconf 60' lang='lat' dir='ltr'><strong>censurae,</strong></span> 
     </span>
    </p>
   </div>
   <div class='ocr_carea' id='block_1_104' title="bbox 1920 4781 3505 4862">
    <p class='ocr_par' dir='ltr' id='par_1_104' title="bbox 1920 4781 3505 4862">
     <span class='ocr_line' id='line_1_104' title="bbox 1920 4781 3505 4862; baseline -0.012 -14"><span class='ocrx_word' id='word_1_718' title='bbox 1920 4809 1950 4848; x_wconf 88' lang='lat' dir='ltr'><strong>a</strong></span> <span class='ocrx_word' id='word_1_719' title='bbox 1986 4792 2189 4862; x_wconf 90' lang='lat' dir='ltr'><strong>quibus</strong></span> <span class='ocrx_word' id='word_1_720' title='bbox 2221 4790 2427 4845; x_wconf 82' lang='lat' dir='ltr'><strong>acriter</strong></span> <span class='ocrx_word' id='word_1_721' title='bbox 2451 4785 2920 4857; x_wconf 89' lang='lat' dir='ltr'><strong>reprehendendis</strong></span> <span class='ocrx_word' id='word_1_722' title='bbox 2959 4781 3191 4838; x_wconf 89' lang='lat' dir='ltr'><strong>minime</strong></span> <span class='ocrx_word' id='word_1_723' title='bbox 3231 4791 3505 4849; x_wconf 86' lang='lat' dir='ltr'><strong>tempera-</strong></span> 
     </span>
    </p>
   </div>
   <div class='ocr_carea' id='block_1_105' title="bbox 1922 4875 3505 4953">
    <p class='ocr_par' dir='ltr' id='par_1_105' title="bbox 1922 4875 3505 4953">
     <span class='ocr_line' id='line_1_105' title="bbox 1922 4875 3505 4953; baseline -0.011 -13"><span class='ocrx_word' id='word_1_724' title='bbox 1922 4898 2105 4940; x_wconf 88' lang='lat' dir='ltr'><strong>turum</strong></span> <span class='ocrx_word' id='word_1_725' title='bbox 2131 4884 2300 4939; x_wconf 86' lang='lat' dir='ltr'><strong>illum</strong></span> <span class='ocrx_word' id='word_1_726' title='bbox 2325 4889 2609 4953; x_wconf 84' lang='lat' dir='ltr'><strong>appareat.</strong></span> <span class='ocrx_word' id='word_1_727' title='bbox 2644 4879 2916 4935; x_wconf 72' lang='lat' dir='ltr'><strong>Caeterum</strong></span> <span class='ocrx_word' id='word_1_728' title='bbox 2946 4876 3028 4933; x_wconf 89' lang='lat' dir='ltr'><strong>sic</strong></span> <span class='ocrx_word' id='word_1_729' title='bbox 3066 4875 3248 4929; x_wconf 91' lang='lat' dir='ltr'><strong>animo</strong></span> <span class='ocrx_word' id='word_1_730' title='bbox 3279 4885 3505 4940; x_wconf 79' lang='lat' dir='ltr'><strong>compa-</strong></span> 
     </span>
    </p>
   </div>
   <div class='ocr_carea' id='block_1_106' title="bbox 1918 4963 3503 5041">
    <p class='ocr_par' dir='ltr' id='par_1_106' title="bbox 1918 4963 3503 5041">
     <span class='ocr_line' id='line_1_106' title="bbox 1918 4963 3503 5041; baseline -0.009 -9"><span class='ocrx_word' id='word_1_731' title='bbox 1918 4988 2100 5032; x_wconf 89' lang='lat' dir='ltr'><strong>ratum</strong></span> <span class='ocrx_word' id='word_1_732' title='bbox 2136 4990 2256 5030; x_wconf 88' lang='lat' dir='ltr'><strong>esse</strong></span> <span class='ocrx_word' id='word_1_733' title='bbox 2285 4989 2367 5039; x_wconf 90' lang='lat' dir='ltr'><strong>se,</strong></span> <span class='ocrx_word' id='word_1_734' title='bbox 2402 4982 2461 5028; x_wconf 91' lang='lat' dir='ltr'><strong>ut</strong></span> <span class='ocrx_word' id='word_1_735' title='bbox 2492 4972 2665 5041; x_wconf 89' lang='lat' dir='ltr'><strong>premi</strong></span> <span class='ocrx_word' id='word_1_736' title='bbox 2696 4971 2764 5026; x_wconf 92' lang='lat' dir='ltr'><strong>ab</strong></span> <span class='ocrx_word' id='word_1_737' title='bbox 2805 4970 2900 5024; x_wconf 90' lang='lat' dir='ltr'><strong>illo</strong></span> <span class='ocrx_word' id='word_1_738' title='bbox 2933 4981 3241 5040; x_wconf 89' lang='lat' dir='ltr'><strong>aspereqne</strong></span> <span class='ocrx_word' id='word_1_739' title='bbox 3277 4963 3503 5019; x_wconf 88' lang='lat' dir='ltr'><strong>tractari</strong></span> 
     </span>
    </p>
   </div>
   <div class='ocr_carea' id='block_1_107' title="bbox 1921 5058 3506 5138">
    <p class='ocr_par' dir='ltr' id='par_1_107' title="bbox 1921 5058 3506 5138">
     <span class='ocr_line' id='line_1_107' title="bbox 1921 5058 3506 5138; baseline -0.01 -12"><span class='ocrx_word' id='word_1_740' title='bbox 1921 5087 2020 5127; x_wconf 89' lang='lat' dir='ltr'><strong>sua</strong></span> <span class='ocrx_word' id='word_1_741' title='bbox 2048 5070 2231 5125; x_wconf 72' lang='lat' dir='ltr'><strong>ulm-ra</strong></span> <span class='ocrx_word' id='word_1_742' title='bbox 2263 5084 2426 5138; x_wconf 90' lang='lat' dir='ltr'><strong>quam</strong></span> <span class='ocrx_word' id='word_1_743' title='bbox 2459 5065 2688 5122; x_wconf 89' lang='lat' dir='ltr'><strong>mulceri</strong></span> <span class='ocrx_word' id='word_1_744' title='bbox 2721 5062 3052 5133; x_wconf 89' lang='lat' dir='ltr'><strong>delinirique</strong></span> <span class='ocrx_word' id='word_1_745' title='bbox 3088 5062 3156 5132; x_wconf 84' lang='lat' dir='ltr'><strong>ab</strong></span> <span class='ocrx_word' id='word_1_746' title='bbox 3183 5060 3305 5114; x_wconf 88' lang='lat' dir='ltr'><strong>aliis</strong></span> <span class='ocrx_word' id='word_1_747' title='bbox 3330 5058 3506 5112; x_wconf 86' lang='lat' dir='ltr'><strong>liben-</strong></span> 
     </span>
    </p>
   </div>
   <div class='ocr_carea' id='block_1_108' title="bbox 1921 5153 3505 5232">
    <p class='ocr_par' dir='ltr' id='par_1_108' title="bbox 1921 5153 3505 5232">
     <span class='ocr_line' id='line_1_108' title="bbox 1921 5153 3505 5232; baseline -0.009 -15"><span class='ocrx_word' id='word_1_748' title='bbox 1921 5164 2031 5219; x_wconf 88' lang='lat' dir='ltr'><strong>tius</strong></span> <span class='ocrx_word' id='word_1_749' title='bbox 2063 5164 2134 5217; x_wconf 89' lang='lat' dir='ltr'><strong>sit</strong></span> <span class='ocrx_word' id='word_1_750' title='bbox 2156 5176 2445 5232; x_wconf 91' lang='lat' dir='ltr'><strong>passurus.</strong></span> <span class='ocrx_word' id='word_1_751' title='bbox 2477 5178 2495 5210; x_wconf 84' lang='grc' dir='ltr'><strong>ι</strong></span> <span class='ocrx_word' id='word_1_752' title='bbox 2524 5157 2657 5212; x_wconf 82' lang='lat' dir='ltr'><strong>Mihi</strong></span> <span class='ocrx_word' id='word_1_753' title='bbox 2685 5171 2841 5221; x_wconf 90' lang='lat' dir='ltr'><strong>sane,</strong></span> <span class='ocrx_word' id='word_1_754' title='bbox 2872 5153 3178 5225; x_wconf 87' lang='lat' dir='ltr'><strong>inquiebat,</strong></span> <span class='ocrx_word' id='word_1_755' title='bbox 3200 5166 3370 5205; x_wconf 92' lang='lat' dir='ltr'><strong>unum</strong></span> <span class='ocrx_word' id='word_1_756' title='bbox 3411 5164 3505 5203; x_wconf 83' lang='lat' dir='ltr'><strong>ne-</strong></span> 
     </span>
    </p>
   </div>
   <div class='ocr_carea' id='block_1_109' title="bbox 1923 5240 3505 5323">
    <p class='ocr_par' dir='ltr' id='par_1_109' title="bbox 1923 5240 3505 5323">
     <span class='ocr_line' id='line_1_109' title="bbox 1923 5240 3505 5323; baseline -0.013 -9"><span class='ocrx_word' id='word_1_757' title='bbox 1923 5258 2228 5314; x_wconf 87' lang='lat' dir='ltr'><strong>cessarium</strong></span> <span class='ocrx_word' id='word_1_758' title='bbox 2257 5254 2563 5323; x_wconf 87' lang='lat' dir='ltr'><strong>spirituque</strong></span> <span class='ocrx_word' id='word_1_759' title='bbox 2595 5268 2658 5307; x_wconf 91' lang='lat' dir='ltr'><strong>ac</strong></span> <span class='ocrx_word' id='word_1_760' title='bbox 2686 5253 2795 5306; x_wconf 89' lang='lat' dir='ltr'><strong>vita</strong></span> <span class='ocrx_word' id='word_1_761' title='bbox 2818 5250 3042 5305; x_wconf 82' lang='lat' dir='ltr'><strong>cbarius</strong></span> <span class='ocrx_word' id='word_1_762' title='bbox 3070 5254 3175 5311; x_wconf 86' lang='lat' dir='ltr'><strong>est,</strong></span> <span class='ocrx_word' id='word_1_763' title='bbox 3206 5243 3323 5299; x_wconf 84' lang='lat' dir='ltr'><strong>fieri</strong></span> <span class='ocrx_word' id='word_1_764' title='bbox 3357 5240 3505 5312; x_wconf 87' lang='lat' dir='ltr'><strong>quod</strong></span> 
     </span>
    </p>
   </div>
   <div class='ocr_carea' id='block_1_110' title="bbox 1926 5332 3504 5411">
    <p class='ocr_par' dir='ltr' id='par_1_110' title="bbox 1926 5332 3504 5411">
     <span class='ocr_line' id='line_1_110' title="bbox 1926 5332 3504 5411; baseline -0.008 -8"><span class='ocrx_word' id='word_1_765' title='bbox 1926 5352 2067 5403; x_wconf 79' lang='lat' dir='ltr'><strong>Deus</strong></span> <span class='ocrx_word' id='word_1_766' title='bbox 2093 5348 2227 5411; x_wconf 89' lang='lat' dir='ltr'><strong>vult,</strong></span> <span class='ocrx_word' id='word_1_767' title='bbox 2253 5349 2369 5402; x_wconf 89' lang='lat' dir='ltr'><strong>sive</strong></span> <span class='ocrx_word' id='word_1_768' title='bbox 2406 5345 2457 5399; x_wconf 89' lang='lat' dir='ltr'><strong>id</strong></span> <span class='ocrx_word' id='word_1_769' title='bbox 2490 5345 2734 5400; x_wconf 90' lang='lat' dir='ltr'><strong>dolorem</strong></span> <span class='ocrx_word' id='word_1_770' title='bbox 2761 5332 2960 5398; x_wconf 85' lang='lat' dir='ltr'><strong>inferat</strong></span> <span class='ocrx_word' id='word_1_771' title='bbox 2987 5342 3101 5396; x_wconf 91' lang='lat' dir='ltr'><strong>sive</strong></span> <span class='ocrx_word' id='word_1_772' title='bbox 3128 5355 3255 5394; x_wconf 93' lang='lat' dir='ltr'><strong>non.</strong></span> <span class='ocrx_word' id='word_1_773' title='bbox 3292 5336 3504 5405; x_wconf 88' lang='lat' dir='ltr'><strong>Quippe</strong></span> 
     </span>
    </p>
   </div>
   <div class='ocr_carea' id='block_1_111' title="bbox 1926 5424 3504 5512">
    <p class='ocr_par' dir='ltr' id='par_1_111' title="bbox 1926 5424 3504 5512">
     <span class='ocr_line' id='line_1_111' title="bbox 1926 5424 3504 5512; baseline -0.01 -14"><span class='ocrx_word' id='word_1_774' title='bbox 1926 5453 2207 5512; x_wconf 89' lang='lat' dir='ltr'><strong>utcunque</strong></span> <span class='ocrx_word' id='word_1_775' title='bbox 2256 5456 2343 5493; x_wconf 91' lang='lat' dir='ltr'><strong>res</strong></span> <span class='ocrx_word' id='word_1_776' title='bbox 2372 5439 2556 5503; x_wconf 86' lang='lat' dir='ltr'><strong>cadat,</strong></span> <span class='ocrx_word' id='word_1_777' title='bbox 2587 5438 2857 5492; x_wconf 86' lang='lat' dir='ltr'><strong>toleratus</strong></span> <span class='ocrx_word' id='word_1_778' title='bbox 2889 5434 2982 5490; x_wconf 89' lang='lat' dir='ltr'><strong>tali</strong></span> <span class='ocrx_word' id='word_1_779' title='bbox 3024 5424 3188 5487; x_wconf 85' lang='lat' dir='ltr'><strong>causa</strong></span> <span class='ocrx_word' id='word_1_780' title='bbox 3220 5429 3504 5485; x_wconf 89' lang='lat' dir='ltr'><strong>cruciatus</strong></span> 
     </span>
    </p>
   </div>
   <div class='ocr_carea' id='block_1_112' title="bbox 1923 5519 3504 5604">
    <p class='ocr_par' dir='ltr' id='par_1_112' title="bbox 1923 5519 3504 5604">
     <span class='ocr_line' id='line_1_112' title="bbox 1923 5519 3504 5604; baseline -0.012 -13"><span class='ocrx_word' id='word_1_781' title='bbox 1923 5551 1991 5591; x_wconf 87' lang='lat' dir='ltr'><strong>eo</strong></span> <span class='ocrx_word' id='word_1_782' title='bbox 2032 5535 2154 5604; x_wconf 89' lang='lat' dir='ltr'><strong>ipso</strong></span> <span class='ocrx_word' id='word_1_783' title='bbox 2194 5531 2477 5602; x_wconf 84' lang='lat' dir='ltr'><strong>voluptate</strong></span> <span class='ocrx_word' id='word_1_784' title='bbox 2514 5528 2817 5599; x_wconf 89' lang='lat' dir='ltr'><strong>jucundior</strong></span> <span class='ocrx_word' id='word_1_785' title='bbox 2865 5527 3012 5582; x_wconf 89' lang='lat' dir='ltr'><strong>omni</strong></span> <span class='ocrx_word' id='word_1_786' title='bbox 3057 5532 3162 5587; x_wconf 90' lang='lat' dir='ltr'><strong>est,</strong></span> <span class='ocrx_word' id='word_1_787' title='bbox 3200 5522 3344 5592; x_wconf 86' lang='lat' dir='ltr'><strong>quod</strong></span> <span class='ocrx_word' id='word_1_788' title='bbox 3392 5519 3504 5575; x_wconf 91' lang='lat' dir='ltr'><strong>Deo</strong></span> 
     </span>
    </p>
   </div>
   <div class='ocr_carea' id='block_1_113' title="bbox 1924 5611 3506 5695">
    <p class='ocr_par' dir='ltr' id='par_1_113' title="bbox 1924 5611 3506 5695">
     <span class='ocr_line' id='line_1_113' title="bbox 1924 5611 3506 5695; baseline -0.007 -19"><span class='ocrx_word' id='word_1_789' title='bbox 1924 5624 2148 5695; x_wconf 80' lang='lat' dir='ltr'><strong>iubente</strong></span> <span class='ocrx_word' id='word_1_790' title='bbox 2169 5621 2454 5676; x_wconf 90' lang='lat' dir='ltr'><strong>acciderit.</strong></span> <span class='ocrx_word' id='word_1_791' title='bbox 2479 5620 2660 5686; x_wconf 89' lang='lat' dir='ltr'><strong>Quare</strong></span> <span class='ocrx_word' id='word_1_792' title='bbox 2691 5620 2836 5675; x_wconf 87' lang='lat' dir='ltr'><strong>sicut</strong></span> <span class='ocrx_word' id='word_1_793' title='bbox 2860 5619 2913 5672; x_wconf 91' lang='lat' dir='ltr'><strong>in</strong></span> <span class='ocrx_word' id='word_1_794' title='bbox 2939 5625 3048 5671; x_wconf 88' lang='lat' dir='ltr'><strong>tam</strong></span> <span class='ocrx_word' id='word_1_795' title='bbox 3077 5615 3256 5683; x_wconf 87' lang='lat' dir='ltr'><strong>spissa</strong></span> <span class='ocrx_word' id='word_1_796' title='bbox 3280 5620 3335 5669; x_wconf 92' lang='lat' dir='ltr'><strong>et</strong></span> <span class='ocrx_word' id='word_1_797' title='bbox 3362 5611 3506 5666; x_wconf 87' lang='lat' dir='ltr'><strong>mul-</strong></span> 
     </span>
    </p>
   </div>
   <div class='ocr_carea' id='block_1_114' title="bbox 1926 5705 3500 5786">
    <p class='ocr_par' dir='ltr' id='par_1_114' title="bbox 1926 5705 3500 5786">
     <span class='ocr_line' id='line_1_114' title="bbox 1926 5705 3500 5786; baseline -0.008 -14"><span class='ocrx_word' id='word_1_798' title='bbox 1926 5716 2095 5782; x_wconf 82' lang='lat' dir='ltr'><strong>tiplici</strong></span> <span class='ocrx_word' id='word_1_799' title='bbox 2126 5716 2527 5786; x_wconf 86' lang='lat' dir='ltr'><strong>gubernatione</strong></span> <span class='ocrx_word' id='word_1_800' title='bbox 2573 5714 2651 5767; x_wconf 89' lang='lat' dir='ltr'><strong>rei</strong></span> <span class='ocrx_word' id='word_1_801' title='bbox 2689 5712 2940 5781; x_wconf 68' lang='lat' dir='ltr'><strong>publicae,</strong></span> <span class='ocrx_word' id='word_1_802' title='bbox 2980 5711 3031 5762; x_wconf 91' lang='lat' dir='ltr'><strong>in</strong></span> <span class='ocrx_word' id='word_1_803' title='bbox 3074 5707 3160 5762; x_wconf 90' lang='lat' dir='ltr'><strong>his</strong></span> <span class='ocrx_word' id='word_1_804' title='bbox 3200 5705 3500 5776; x_wconf 65' lang='lat' dir='ltr'><strong>praesertim</strong></span> 
     </span>
    </p>
   </div>
   <div class='ocr_carea' id='block_1_115' title="bbox 1927 5797 3503 5879">
    <p class='ocr_par' dir='ltr' id='par_1_115' title="bbox 1927 5797 3503 5879">
     <span class='ocr_line' id='line_1_115' title="bbox 1927 5797 3503 5879; baseline -0.008 -18"><span class='ocrx_word' id='word_1_805' title='bbox 1927 5807 2173 5879; x_wconf 79' lang='lat' dir='ltr'><strong>gravium</strong></span> <span class='ocrx_word' id='word_1_806' title='bbox 2212 5814 2519 5875; x_wconf 81' lang='lat' dir='ltr'><strong>temporum</strong></span> <span class='ocrx_word' id='word_1_807' title='bbox 2567 5803 2847 5866; x_wconf 82' lang='lat' dir='ltr'><strong>ﬂuctibus,</strong></span> <span class='ocrx_word' id='word_1_808' title='bbox 2895 5799 3234 5854; x_wconf 80' lang='lat' dir='ltr'><strong>offensurum</strong></span> <span class='ocrx_word' id='word_1_809' title='bbox 3275 5797 3503 5853; x_wconf 83' lang='lat' dir='ltr'><strong>inevita-</strong></span> 
     </span>
    </p>
   </div>
   <div class='ocr_carea' id='block_1_116' title="bbox 1882 5890 3506 5966">
    <p class='ocr_par' dir='ltr' id='par_1_116' title="bbox 1882 5890 3506 5966">
     <span class='ocr_line' id='line_1_116' title="bbox 1882 5890 3506 5966; baseline -0.008 -9"><span class='ocrx_word' id='word_1_810' title='bbox 1882 5936 1895 5949; x_wconf 71' lang='grc' dir='ltr'><em>ο</em></span> <span class='ocrx_word' id='word_1_811' title='bbox 1926 5902 2109 5957; x_wconf 84' lang='lat' dir='ltr'><strong>bilitcr</strong></span> <span class='ocrx_word' id='word_1_812' title='bbox 2140 5915 2227 5956; x_wconf 85' lang='lat' dir='ltr'><strong>me</strong></span> <span class='ocrx_word' id='word_1_813' title='bbox 2268 5899 2472 5966; x_wconf 87' lang='lat' dir='ltr'><strong>aliquid</strong></span> <span class='ocrx_word' id='word_1_814' title='bbox 2521 5897 2797 5952; x_wconf 85' lang='lat' dir='ltr'><strong>interdum</strong></span> <span class='ocrx_word' id='word_1_815' title='bbox 2833 5908 2940 5949; x_wconf 88' lang='lat' dir='ltr'><strong>nou</strong></span> <span class='ocrx_word' id='word_1_816' title='bbox 2974 5891 3316 5949; x_wconf 63' lang='lat' dir='ltr'><strong>ctaudicntlo</strong></span> <span class='ocrx_word' id='word_1_817' title='bbox 3360 5890 3506 5947; x_wconf 86' lang='lat' dir='ltr'><strong>inter</strong></span> 
     </span>
    </p>
   </div>
  </div>
