3860 6598
234 441 337 499 013
958 462 973 491 ι

1157 444 1254 505 DE
1296 446 1745 510 ANDRONICO
1790 450 2260 515 PALEOLOGO
2303 455 2454 520 LIB.
2497 458 2568 518 V.

2746 347 2762 380 I

3410 459 3514 524 414

229 548 530 645 λυπησειεν
570 551 964 645 ᾆρνηετὰμενος,
1024 553 1135 609 εἴτε
1178 558 1271 611 καὶ
1324 559 1507 629 τρίτον
1562 562 1661 630 τὴν
1722 563 1818 616 ἀπ’
1852 572 1894 623 Α
1925 568 2362 639 παρευρεθέντες
2391 568 2469 639 τῷ
2493 568 2813 645 πατριάρχῃ
2844 570 2873 625 ὅ
2902 588 2960 625 τε
3022 570 3298 642 ’Δγκύρας
3333 572 3519 626 30.60-

233 640 441 693 ἐκείνου
489 644 627 713 πρὸς
660 645 687 697 ὃ
736 663 788 699 τι
844 648 1077 717 πράττοι
1113 649 1547 722 ὑποποιούμενος
1580 654 1819 719 εὔνοιαν,

232 732 290 786 τὸ
324 733 515 803 ἱλαρὸν
570 737 828 802 καθιστὰς
889 739 1231 813 (ἀρχιερέων
1275 744 1406 815 γὰρ,
1465 747 1524 800 ού
1558 746 1823 817 βασιλέως

236 820 372 879 εἶναι
400 828 503 897 τὴν
530 830 622 882 ἐπὶ
652 831 865 896 τούτοις
902 834 1225 908 ἀπόφασιν)
1255 839 1513 908 ὁμολογεῖ
1545 841 1821 911 πατριάρ-

231 937 329 992 χην
362 922 622 991 ἡγεῖσθαι
660 925 753 978 τὸν
794 926 1069 1000 Ἰωάννην.
1102 932 1211 984 Καὶ
1244 931 1302 995 ὃς
1330 934 1387 986 ἐν
1410 932 1633 1004 δεσμοῖς
1656 932 1821 997 εὐθὺς

230 1013 468 1082 tmqu
508 1016 603 1068 τὸν
641 1016 851 1085 λέοντα,
888 1038 907 1072 ι
941 1022 1052 1075 Καὶ
1108 1023 1160 1078 εἰ
1220 1027 1573 1096 πατριάρχης
1625 1027 1758 1095 ἐγὼ,
1797 1044 1816 1079 ι

230 1107 412 1174 φησὶν,
456 1126 477 1158 r
517 1109 601 1163 ὅτι
627 1111 724 1164 καὶ
755 1111 909 1167 οὔπω
936 1114 1138 1180 τελέως
1171 1117 1242 1171 τὰ
1291 1118 1393 1187 τῆς
1448 1117 1590 1187 ὲμῆς
1618 1136 1824 1189 παραι-

229 1200 436 1261 τήσεως
462 1198 569 1251 οὐκ
624 1201 1083 1272 ἐδοκιμάσθησαν,
1127 1206 1263 1261 ἀλλὰ
1292 1209 1387 1261 καὶ
1417 1211 1476 1260 ὲν
1502 1210 1567 1277 τῇ
1607 1207 1819 1278 μεγάλῃ

244 1288 546 1364 Ἐκκλησία
602 1297 697 1348 καὶ
757 1299 816 1351 ἐν
853 1299 1077 1364 πολλαῖς
1140 1280 1347 1371 μοναίἷ
1386 1302 1822 1373 μνημονεύομαι,

233 1384 319 1437 ὑπ’
352 1388 669 1457 ἀφορισμὸν
725 1392 819 1445 τὸν
849 1393 955 1446 ἀπὸ
983 1394 1082 1464 τῆς
1121 1395 1282 1463 ἁγίας
1327 1397 1558 1465 Τριάδος
1585 1395 1703 1464 ἄγω
1732 1396 1823 1450 τὸν

234 1477 708 1548 βουληθησόμενον
766 1486 1116 1554 πατριάρχην
1165 1487 1258 1540 τὸν
1311 1485 1472 1556 κύριν
1499 1487 1824 1540 Ἀθανάσιον

234 1574 517 1644 καθιστᾷν.
549 1595 567 1628 ι
596 1576 763 1629 Ταῦτ’
786 1573 929 1641 εἶπε,
952 1581 1047 1633 καὶ
1074 1582 1369 1648 προφανῶς
1395 1581 1824 1648 κατεγίνωσκεν,

234 1662 413 1735 ὥσπερ
437 1666 656 1719 ἐκείνου
709 1669 1032 1741 σκαιότητα,
1073 1670 1242 1734 οὕτως
1277 1671 1494 1741 ἀπάτην
1533 1672 1629 1725 καὶ
1668 1671 1825 1724 εύκο·

235 1757 343 1809 λίαν
370 1756 468 1810 τοῦ
493 1757 752 1824 ἄνακτος,
788 1755 871 1825 οἷς
920 1762 1002 1815 ὅτι
1033 1762 1145 1815 τῶν
1180 1764 1463 1834 προτέρων
1497 1764 1824 1834 ἀμνημονή-

236 1868 323 1914 ea;
348 1852 444 1906 καὶ⁵
474 1856 593 1917 τοῖς
616 1855 893 1924 δευτέροις
925 1856 1145 1921 ἐσαῦθις
1191 1857 1520 1928 ἐπιχειροίη.
1556 1855 1824 1919 Βασιλεὺς

1924 661 2044 726 λας,
2089 665 2117 717 ὁ
2177 665 2403 736 Κρήτης
2449 662 2765 736 Νικηφόρος
2798 666 2894 719 καὶ
2924 667 2951 720 ὁ
2995 665 3246 736 Βιτζίνης
3272 668 3514 732 Λουκᾶς.

1930 752 2122 823 Ὅμως
2178 755 2235 808 δὲ
2282 755 2383 826 τὴν
2415 757 2602 829 φήμην
2639 755 2809 811 θέλων
2863 756 3218 827 ἐπανορθοῦν,
3273 757 3358 831 [Ρ.
3383 757 3515 832 269.]

1933 848 2130 918 μήπως
2162 846 2304 914 δόξοι
2331 848 2428 901 καὶ
2479 850 2852 914 ἀδιαστάλτως
2876 849 3219 923 ἀφορισθεὶς,
3244 852 3516 919 συγκαλέ-

1933 947 2034 1001 σας
2065 940 2159 993 καὶ
2206 938 2363 1002 αὖθις
2401 944 2467 1012 τῇ
2504 943 2764 1014 ὑστεραίᾳ
2808 942 2900 1006 οὓς
2938 943 3230 1013 συγκαλεῖν
3289 944 3514 1011 εἴθιστο,

1928 1031 2233 1102 ἐπεγκαλεῖ
2254 1033 2362 1107 μὲν
2388 1034 2487 1104 τὴν
2527 1035 2765 1106 ἀπάτην,
2802 1037 3115 1105 ἀπογυμνοῖ
3140 1035 3195 1088 δὲ
3220 1037 3281 1088 τὸ
3308 1038 3516 1106 δρᾶμα,

1929 1124 2184 1197 ύποχαλᾷ
2207 1125 2263 1179 δὲ
2294 1126 2388 1178 καὶ
2414 1127 2511 1196 τῆς
2538 1126 2629 1179 ἐπὶ
2655 1126 2734 1197 τῷ
2772 1127 3076 1197 Ἀθανασὶῳ
3102 1127 3432 1197 προθυμίας,
3470 1130 3518 1181 ει

1929 1219 2183 1283 κάκεῖνος
2207 1219 2339 1272 ἀκού
2351 1236 2447 1282 σας
2482 1217 2801 1291 Σαπφείρας
2823 1220 2918 1272 καὶ
2938 1214 3181 1272 Ἀνανίου
3210 1218 3414 1288 τρόπον
3439 1218 3519 1286 τῷ

1943 1311 2168 1382 Ἰωάννῃ
2227 1312 2586 1383 προσέτριδε,
2626 1311 2771 1366 δόντι
2805 1312 2924 1384 Θεῷ
2952 1311 3048 1382 τὴν
3088 1310 3410 1382 ἱερωσύνην,
3442 1312 3518 1373 ὡς

1930 1403 2094 1465 αὐτὸς
2127 1402 2566 1474 παραιτούμενος
2592 1401 2824 1475 ἔγραφε,
2858 1404 2952 1457 καὶ
2995 1402 3157 1457 πάλιν
3197 1401 3511 1473 ἀναλαμϐά-

1927 1513 2095 1552 νοντι.

1930 1632 1995 1689 δ’.
2034 1632 2177 1703 Περὶ
2223 1635 2330 1690 τοῦ
2371 1634 2637 1691 θανάτου
2669 1633 2780 1704 τῆς
2810 1634 3146 1703 δεσποίνης
3192 1633 3519 1703 Θεοδώρας.

2001 1770 2094 1842 Τῷ
2122 1771 2223 1841 μὲν
2266 1771 2359 1826 οὖν
2408 1772 2620 1842 βασιλεῖ
2664 1775 2697 1843 ἡ
2751 1773 2937 1845 μήτηρ
2985 1773 3158 1826 ἐνόσει
3198 1771 3388 1834 δεινῶς
3428 1772 3517 1823 καὶ

1931 1864 2070 1933 πρὸς
2094 1867 2389 1928 ἀναπνοαῖς
2410 1861 2479 1936 ἦν
2507 1868 2626 1927 ταῖς
2650 1866 2905 1936 ἐσχάταις
2927 1878 2942 1894 ·
2977 1865 3070 1917 καὶ
3105 1865 3137 1935 ἡ
3162 1863 3389 1932 δευτέρα
3418 1859 3520 1929 τῆς

235 1946 285 1998 δὲ
307 1945 465 1999 τοῦτο
500 1947 604 2016 μὲν
644 1947 915 2011 αἰδεσθεὶς
936 1949 1035 2021 τὴν
1074 1925 1341 2020 φενάκην,
1383 1925 1494 2002 και
1525 1950 1700 2002 ταῦτα
1726 1948 1827 2020 τὴν
1862 1925 1903 1980 Β
1931 1925 2193 2026 δευτέρας
2225 1955 2334 2009 τῶν
2372 1925 2650 2025 ννηστειὸιν
2680 1925 2976 2025 ἑξδομάθος
3004 1925 3208 2025 νεκρὰν
3232 1925 3332 2022 τὴν
3357 1925 3519 2005 am.

236 2040 289 2105 ἐξ
320 2039 831 2111 ἁπλότητος,τοῢτο
855 2043 912 2096 δὲ
953 2045 1049 2097 καὶ
1086 2045 1186 2107 τὰς
1226 2044 1369 2112 ὑπὲρ
1392 2043 1485 2097 τοῦ
1516 2042 1824 2113 διαφευξεῖ-

239 2133 353 2185 σθαι
383 2131 485 2201 τὴν
516 2132 722 2204 χλεύην
774 2136 1032 2206 προνοίας
1081 2136 1408 2204 οἰκονομῶν,
1465 2136 1677 2188 ἐκεῖνον
1729 2134 1827 2201 μὲν

239 2225 378 2279 οὐδὲν
408 2228 590 2282 εἰπὼν
642 2229 1075 2299 ἀποστρέφεται,
1133 2231 1247 2293 τοῖς
1276 2230 1322 2282 δ’
1367 2227 1682 2301 ἀρχιερεῦσι
1715 2230 1828 2291 τοῖς

239 2321 356 2391 τῇδε
385 2321 462 2385 ὡς
495 2322 883 2392 συμπράττειν
918 2322 1313 2376 ύποπτευθεῖσι
1361 2325 1458 2377 καὶ
1494 2322 1614 2376 λίαν
1643 2324 1830 2392 ἐπεῖχε

241 2411 328 2465 καὶ
356 2410 806 2483 προσωργίζετο.
864 2406 1047 2466 Ἦσαν
1080 2412 1137 2465 δὲ
1194 2413 1258 2466 ἐκ
1312 2413 1829 2484 προκλήσεως⁹τότε

245 2589 307 2643 ad
355 2586 743 2657 accipiendam
795 2588 864 2644 ab
919 2601 985 2644 eo
1030 2587 1503 2654 benedictionem,
1556 2589 1602 2645 si
1644 2585 1836 2659 digna-

245 2691 385 2736 retur
437 2679 757 2750 impertiri;
807 2680 1028 2751 qualem
1088 2681 1294 2737 habere
1348 2682 1614 2737 honorem
1673 2682 1832 2736 alteri

247 2789 400 2843 quam
445 2773 790 2843 patriarchae
843 2781 997 2829 certo
1046 2788 1166 2828 mos
1202 2791 1311 2830 non
1346 2785 1485 2829 erat.
1534 2774 1588 2829 ld
1634 2775 1832 2830 videns

247 2865 475 2924 Joannes
507 2884 523 2920 :
555 2886 575 2920 ι
616 2867 764 2923 Deus
800 2867 897 2922 tibi
927 2867 1239 2932 henedicat,
1267 2885 1373 2923 non
1408 2884 1526 2940 ego,
1562 2888 1582 2920 ι
1614 2869 1728 2935 ait;
1764 2884 1829 2924 ac

249 2961 608 3017 nihilominus
654 2962 851 3031 ecquid
911 2976 972 3017 se
1021 2976 1216 3015 verum
1256 2962 1623 3030 patriarcham
1667 2976 1832 3031 agno-

251 3062 420 3109 sceret
466 3053 751 3124 quaesivit.
806 3053 1195 3123 Deprehensus
1225 3055 1510 3123 Augustus
1542 3054 1827 3124 inopinata

252 3147 706 3219 interrogatione,
751 3157 806 3203 et
857 3149 974 3203 sive
1030 3163 1221 3203 revera
1264 3149 1459 3203 volens
1503 3148 1625 3218 ejus
1666 3148 1833 3202 bene.

1937 2066 2037 2103 σαν
2068 2047 2199 2113 εἶδε,
2228 2052 2466 2118 γυναῖκα
2498 2048 2721 2113 πολλαῖς
2747 2045 3134 2118 κατακώχιμον
3164 2047 3373 2118 χάρισι.
3392 2045 3527 2096 Συν-

1932 2144 2174 2197 τέθαπτο
2197 2142 2256 2196 δέ
2293 2144 2340 2196 οἱ
2382 2143 2478 2197 καὶ
2510 2143 2707 2197 ἐνδεῶν
2751 2140 2953 2210 πλῆθος
2986 2141 3232 2208 ἄπειρον,
3269 2133 3351 2201 οἷς
3400 2135 3523 2191 καθ’

1937 2236 2153 2307 ἡμέραν
2186 2237 2443 2305 ἐπήρκει.
2479 2234 2591 2289 Καί
2616 2234 2666 2288 οἱ
2694 2234 2764 2287 τὰ
2794 2232 2893 2302 τῆς
2919 2232 3072 2295 ὁσίας
3096 2231 3230 2302 πρὸς
3259 2232 3319 2284 τὸ
3354 2247 3526 2300 μεγα·

1936 2326 2209 2398 λειότερον
2240 2327 2618 2396 ἑξασκοὺμενα
2641 2324 2777 2395 πρὸς
2808 2325 2976 2378 ἑαυτὰ
3013 2327 3233 2394 ὲφεϊλκε
3271 2323 3362 2376 τὸν
3389 2323 3524 2376 ἄνα-

1937 2439 2061 2476 κτα.
2103 2421 2215 2475 Καὶ
2266 2421 2336 2475 τὰ
2377 2419 2476 2489 μὲν
2508 2419 2618 2474 τῶν
2652 2416 2989 2488 κινουμένων
3037 2417 3314 2487 ηπράκτει
3344 2416 3483 2480 τέως
3509 2431 3523 2445 ’

1941 2597 2299 2667 simplicitate
2354 2596 2648 2661 induisset,
2706 2610 2803 2650 seu
2865 2593 3043 2649 defixa
3103 2607 3261 2647 mens
3301 2590 3422 2659 ejus
3470 2589 3528 2643 in

1940 2693 2124 2747 modis
2154 2690 2510 2762 providendis
2535 2688 2944 2757 vitandaque
2976 2686 3102 2740 inde
3131 2684 3287 2755 sequi
3316 2690 3527 2751 posset,

1939 2783 2314 2841 traductionis
2359 2793 2413 2837 et
2462 2780 2742 2834 irrisionis
2791 2779 2901 2843 sui,
2957 2776 3217 2847 expedire
3267 2774 3415 2845 quod
3469 2774 3530 2827 in

1938 2879 2064 2933 loco
2100 2876 2310 2932 diceret
2364 2890 2475 2928 non
2528 2875 2726 2944 potuit.
2785 2871 2849 2925 Et
2911 2871 3254 2926 aversionem
3291 2870 3381 2923 ille
3410 2867 3533 2938 qui-

1938 2972 2062 3025 dem
2095 2969 2151 3024 in
2192 2956 2459 3024 Joannem
2502 2966 2757 3035 concepit
2808 2966 3031 3019 tacitam
3071 2982 3085 3018 :
3127 2963 3268 3017 iram
3323 2969 3531 3026 autem,

1931 3076 2165 3131 eamque
2201 3061 2607 3121 vehementem,
2668 3058 2816 3111 haud
2873 3056 3294 3111 dissimulanter
3337 3052 3534 3108 eliudit

1933 3154 1988 3207 in
2026 3162 2161 3209 tunc
2217 3152 2295 3208 illi
2350 3159 2599 3207 astantes
2635 3151 2951 3218 episcmios,
2987 3164 3126 3220 quos
3162 3146 3407 3201 illusioui
3444 3143 3533 3200 sui

254 3241 504 3297 dictionis
560 3242 841 3312 particeps
895 3241 1037 3304 ﬁeri,
1089 3240 1206 3295 sive
1261 3256 1443 3295 caus-.e
1496 3255 1561 3294 ac
1606 3239 1839 3308 tempori
1866 3256 1912 3319 ρ
1946 3254 2280 3315 cooperatos
2308 3240 2688 3311 suSpectabat.
2728 3239 2974 3293 Fuerunt
3013 3239 3066 3293 hi
3110 3245 3293 3292 autem
3328 3234 3533 3305 reperti

255 3334 523 3398 serviens,
571 3333 1048 3400 ollensionemque
1114 3332 1267 3387 senis
1326 3330 1708 3386 verisimiliter
1765 3338 1834 3384 ex

253 3430 541 3500 negatione
589 3435 913 3482 secuturam
963 3426 1040 3480 uti
1077 3440 1249 3495 scopo
1284 3440 1396 3495 quo
1440 3425 1714 3500 aspiraret
1743 3423 1838 3477 ad-

254 3522 552 3576 versariam
590 3519 797 3583 vitans,
856 3519 975 3574 sive
1028 3517 1272 3587 denique
1328 3517 1467 3571 bene
1528 3495 1835 3584 impensam

255 3612 697 3680 qualemcunque
746 3608 1177 3663 assentationem
1225 3614 1515 3675 reputans,
1566 3621 1672 3684 qua
1709 3621 1836 3676 gra-

257 3704 379 3758 tiam
411 3704 519 3759 sibi
545 3702 663 3771 ejus
705 3701 1264 3772 benevolentiamque
1293 3701 1643 3770 adjungeret,
1676 3709 1736 3754 ut
1767 3713 1834 3753 eo

259 3797 447 3854 deinde
485 3798 649 3853 hilari
710 3804 1081 3869 promptoque
1115 3796 1182 3850 ad
1220 3795 1512 3849 favendum
1565 3801 1836 3855 uteretur,

259 3904 374 3945 cum
420 3899 477 3946 et
528 3889 734 3959 alioqui
782 3890 860 3942 .de
908 3886 1282 3942 abdicationis
1330 3884 1625 3953 qdalitate,
1659 3882 1839 3937 valida

260 3985 345 4039 illa
377 4000 555 4041 necne
584 3991 759 4048 esset,
804 3997 917 4039 non
966 3997 1133 4037 suum
1166 3980 1262 4036 sed
1294 3981 1685 4051 episcoporum
1717 3992 1841 4033 esse

259 4078 517 4149 judicium
563 4076 877 4148 cogitaret,
924 4074 1270 4144 respondens
1315 4071 1600 4141 professus
1653 4079 1740 4125 est
1783 4084 1843 4124 se

266 4176 370 4240 pro'
405 4169 657 4240 legitimo
706 4166 1037 4238 patriarcha
1089 4163 1366 4219 Joannem
1433 4161 1659 4216 habere.
1720 4158 1842 4225 Quo

263 4261 494 4318 Joannes
562 4259 799 4323 audito,
864 4257 1085 4312 vincula
1145 4256 1333 4312 statim
1390 4254 1628 4309 induens
1694 4252 1841 4306 leoni

265 4366 415 4424 capto
453 4372 466 4408 :
512 4373 532 4406 ι
569 4353 738 4422 Atqui
764 4350 1037 4420 siquidem
1066 4348 1379 4419 patriarcha
1408 4362 1508 4417 ego
1541 4363 1664 4400 vere
1691 4360 1843 4406 sum,

267 4462 378 4502 mea
414 4445 658 4503 nondum
692 4444 1045 4500 abdicatione
1093 4443 1177 4496 vel
1218 4442 1447 4511 probata
1476 4440 1560 4494 vel
1596 4450 1840 4508 accepta,

268 4551 766 4612 perseveranteque
798 4540 982 4593 adhuc
1032 4537 1086 4593 iu
1120 4526 1318 4604 magna
1364 4534 1610 4588 Ecclesia
1642 4541 1697 4588 et
1734 4548 1848 4586 ino-

270 4637 521 4692 nasteriis
551 4637 1085 4691 commemoratione
1130 4631 1235 4684 mei
1285 4630 1547 4693 nominis,
1598 4628 1838 4682 auctori.
1876 4627 1923 4685 D

272 4738 372 4783 tate
417 4738 628 4785 sant-tae
675 4726 969 4781 Trinitatis
1024 4724 1592 4780 excnnununicatioui
1651 4722 1848 4790 majori

272 4821 690 4893 subjirin377
738 4835 863 4875 eum
923 4820 1017 4890 qui
1069 4821 1214 4874 volet
1264 4819 1555 4873 dominum
1596 4820 1844 4872 Athana-

273 4917 403 4971 simu
439 4917 493 4971 in
534 4914 894 4986 patriarchali
923 4928 1115 4969 rursus
1151 4912 1281 4968 sede
1305 4914 1664 4967 constituere.
1712 4930 1730 4963 ι
1769 4911 1848 4966 Ita

276 5007 377 5071 ille,
412 5010 590 5079 palam
644 5008 916 5061 damnans
974 5022 1101 5060 cum
1142 5004 1441 5060 Athanasii
1490 5005 1683 5058 laevum
1731 5002 1850 5056 ani-

277 5118 434 5166 nutm,
472 5104 571 5173 qui
623 5100 830 5156 oblitus
870 5089 1201 5154 tumultuum
1250 5114 1391 5169 quos
1441 5098 1560 5168 ejus
1614 5095 1852 5166 patriar-

281 5194 463 5250 chatus
496 5192 817 5258 excitasset,
868 5192 1051 5247 denuo
1100 5192 1168 5244 ad
1225 5192 1484 5245 thronum
1552 5190 1845 5259 aspiraret,

279 5297 381 5341 tum
411 5288 761 5359 imperatoris
811 5286 1059 5342 fraudem
1101 5293 1156 5340 et
1188 5284 1534 5349 facilitatem,
1570 5285 1713 5338 hanc
1739 5296 1845 5352 qua

280 5388 380 5433 tam
439 5381 634 5437 leviter
688 5380 900 5435 homini
948 5380 1185 5449 privato,
1218 5378 1423 5432 dudum
1472 5378 1538 5432 ad
1585 5376 1845 5431 Ecclesia:

282 5474 510 5546 regimen
551 5475 743 5543 inepto
793 5473 1178 5543 deprehenso,
1216 5471 1654 5542 patriarehatum
1690 5469 1847 5524 detu-

282 5563 445 5634 lisset,
478 5569 628 5623 illam
664 5582 769 5638 qua
809 5577 937 5638 post
977 5567 1079 5622 ista
1118 5567 1170 5620 in
1206 5566 1330 5620 luce
1363 5565 1663 5620 meridiana
1694 5572 1865 5633 gesta-

285 5660 377 5715 sihi
450 5664 713 5730 obrepere
780 5670 963 5716 astuta
1034 5661 1482 5717 dissimulatione
1554 5667 1847 5713 tentasset.

286 5749 414 5807 lctus
452 5764 631 5810 autem
679 5755 979 5825 improviso
1028 5756 1327 5825 imperator
1350 5794 1364 5818 ,
1404 5753 1574 5807 verbo
1610 5768 1718 5806 non
1752 5751 1848 5805 ad-

287 5843 406 5907 ditu,
439 5850 730 5911 abscessit,
771 5864 865 5904 seu
920 5847 1129 5919 pudore
1160 5848 1509 5918 deceptiouis
1545 5846 1845 5901 obmutue-

291 5936 373 6005 rit,
420 5940 468 5993 in
502 5959 572 6009 qu
618 5944 1006 6009 awprazserzim
1045 5957 1143 5997 Sua
1196 5958 1253 5996 se
1287 5942 1403 6010 ipse
1435 5940 1577 5997 ultro
1621 5939 1845 5997 incauta

1942 3343 2058 3390 tum
2116 3334 2259 3403 apud
2316 3332 2691 3403 patriarcham
2744 3331 3009 3400 episcopi,
3065 3329 3211 3400 quod
3267 3343 3361 3383 cos
3419 3328 3535 3396 ipse

1943 3428 2294 3488 advocasset,
2358 3427 2684 3496 Ancyranus
2748 3424 3009 3493 Babylas,
3063 3423 3348 3477 Cretensis
3377 3418 3537 3472 Nice-

1939 3522 2155 3592 phorus
2184 3527 2237 3573 et
2283 3517 2617 3572 Bitzineusis
2665 3515 2866 3571 Lucas.
2911 3515 3121 3570 Tamen
3156 3515 3313 3568 idettt'
3342 3516 3537 3583 Augu-

1942 3617 2065 3664 stus
2100 3608 2261 3662 famaa
2313 3606 2548 3661 studens
2606 3621 2721 3661 sua:
2773 3607 3082 3671 consulere,
3133 3620 3203 3658 ne
3256 3606 3418 3674 plane
3471 3619 3537 3658 ac

1940 3703 2083 3759 citra
2136 3701 2518 3770 exceptionem
2576 3699 2745 3754 ullam
2795 3699 3377 3754 excommunication
3413 3713 3564 3767 ρετ-ι

1941 3797 2134 3853 culsus
2180 3794 2258 3863 ita
2300 3793 2610 3859 videretur,
2649 3792 2978 3847 convocatis
3037 3806 3233 3847 rursus
3266 3791 3537 3860 postridie

1942 3903 2085 3960 quos
2119 3885 2384 3941 adhibere
2420 3893 2813 3951 consueverat,
2847 3899 2906 3939 se
2928 3882 3227 3953 deceptum
3273 3892 3358 3940 est
3393 3899 3533 3953 que-

1941 3991 2086 4044 stus,
2122 3995 2250 4035 rem
2291 3979 2369 4033 uti
2409 3986 2558 4048 gesta
2598 3985 2684 4031 est
2716 3977 2955 4046 aperuit,
3011 3977 3080 4032 de
3120 3979 3306 4034 studio
3353 3986 3536 4031 autem

1945 4074 2210 4143 deinceps
2243 4071 2338 4126 illo
2386 4070 2602 4125 ardenti
2634 4068 2918 4125 declarato
2942 4084 3082 4140 erga
3120 4070 3535 4125 restitutionem

1945 4167 2234 4224 Athanasii
2276 4164 2519 4228 remisit,
2551 4172 2836 4232 utcunque
2882 4161 3234 4217 Athanasius
3284 4162 3403 4231 ipse
3436 4162 3540 4215 hoc

1946 4262 2092 4317 facto
2126 4261 2319 4315 audito
2346 4300 2361 4324 ,
2400 4258 2734 4313 afﬁrmasset
2792 4257 2944 4326 paria
3005 4273 3128 4311 cum
3173 4255 3444 4326 Sapphira
3485 4262 3540 4309 et

1946 4356 2164 4411 Auania
2197 4369 2460 4424 peccasse
2490 4354 2787 4419 Joannem,
2820 4361 3007 4422 utpote
3031 4352 3124 4421 qui
3156 4351 3339 4405 datum
3368 4350 3538 4405 semel

1952 4451 2066 4506 Deo
2099 4448 2500 4514 sacerdotium,
2527 4448 2692 4517 prout
2720 4456 2885 4501 esset.
2923 4452 3159 4500 testatus
3189 4443 3539 4500 abdicatione

1950 4544 2163 4614 scripto
2192 4543 2363 4606 edita,
2395 4542 2597 4595 iterum
2639 4541 3067 4609 resumpsisset.

2256 4637 2312 4691 4.
2356 4634 2433 4688 De
2461 4645 2629 4688 morte
2656 4633 2890 4688 domina:
2917 4631 3225 4687 Tlteodorw.
3562 4689 3576 4699 ,

2021 4727 2170 4783 inter
2199 4726 2314 4782 haec
2347 4734 2525 4781 mater
2556 4725 2910 4793 imperatoris
2939 4724 3242 4794 aegrotabat
3268 4722 3537 4792 graviter,

1948 4831 2114 4891 atque
2167 4821 2308 4876 adeo
2365 4828 2674 4874 extremum
2741 4818 2855 4888 jam
2931 4818 3192 4889 spiritum
3256 4817 3538 4871 trahebat.

1946 4916 2136 4985 Itaque
2163 4913 2299 4968 feria
2316 4912 2562 4968 secunda
2575 4911 2837 4967 secundm
2856 4911 3199 4982 jejuniorum
3216 4911 3383 4982 378
3407 4911 3544 4964 heb-

1948 5008 2199 5063 domada:
2227 5015 2498 5063 mortuam
2528 5008 2831 5077 Augustam
2857 5007 3018 5069 vidit,
3037 5006 3324 5061 mulierem
3348 5006 3540 5076 utique

1947 5102 2247 5156 multarum
2285 5101 2671 5170 complexione
2727 5099 3031 5170 gratiarum
3076 5109 3351 5161 ornatam,
3411 5113 3538 5153 cum

1947 5208 2054 5264 qua
2081 5193 2246 5247 simul
2276 5194 2500 5261 sepeliri
2537 5208 2664 5263 spes
2701 5208 2764 5247 ac
2794 5194 2934 5246 vitas
2959 5192 3212 5263 proprias
3239 5190 3540 5246 multitudo

1945 5287 2239 5343 innumera
2272 5302 2602 5358 egenorum,
2651 5302 2794 5357 quos
2826 5287 2879 5341 in
2917 5286 3039 5342 dies
3082 5286 3285 5348 alebat,
3316 5300 3542 5356 gemens

1942 5379 2336 5435 attestabatur.
2380 5378 2462 5432 Ad
2509 5379 2677 5432 funus
2724 5394 2892 5450 porro
2919 5379 3042 5448 ejus
3074 5377 3275 5448 insig‘ni
3308 5389 3545 5447 appara-

1979 5482 2073 5528 tus
2133 5472 2549 5543 tuagnilicentia
2603 5472 2994 5527 celebrandum
3044 5480 3214 5526 totam
3266 5471 3548 5539 Augustus

1952 5567 2126 5622 animi
2180 5567 2539 5622 attentionem
2588 5565 2778 5622 vertit.
2817 5563 2974 5621 Unde
3014 5565 3259 5620 distento
3310 5578 3377 5617 eo
3438 5563 3546 5632 piis

1953 5663 2106 5716 curis
2157 5660 2525 5731 parentalium
2576 5660 2743 5715 matri
2810 5662 3073 5730 Augusta:
3125 5673 3235 5727 quo
3289 5671 3390 5726 par
3429 5664 3550 5712 erat

1954 5752 2248 5820 splendore
2282 5752 2755 5815 adornandorum,
2818 5766 2903 5806 res
2955 5765 3131 5819 nuper
3181 5755 3342 5803 mota:
3401 5762 3544 5817 quo-

1952 5847 2078 5901 dam
2126 5847 2348 5900 interim
2381 5843 2601 5915 justitio
2640 5845 2889 5900 remissa:
2921 5842 3276 5912 quieverunt.
3321 5839 3538 5895 Elatum

1949 5956 2111 6002 porro
2191 5935 2434 5995 dominm
2492 5938 2727 5993 cadaver
2761 5946 2847 5995 cst
2891 5935 3326 6001 speciosissimis
3376 5949 3536 5990 exsc-
