3768 6618
340 432 452 496 ΗΞ)

1545 444 1868 508 GEORGII
1916 451 2402 513 l‘.‘CllYMEtl.E

3513 448 3621 513 416

338 555 365 603 ὁ
402 553 456 606 δὲ
484 552 581 621 τὴν
630 556 869 627 ἐκφορὰν
933 559 1367 627 μεγαλοπρεπῶς
1417 561 1813 632 ἐξαρτυόμενος
1844 569 1908 636 τῇ
1947 575 1988 628 Α
2021 571 2113 621 καὶ
2140 574 2203 639 τῇ
2238 572 2328 621 ἐπὶ
2364 569 2457 621 τοῦ
2524 567 2829 622 κανικλεῖου
2897 566 3127 636 θυγατρὶ
3163 562 3255 620 τοῦ
3315 566 3616 635 Χοὺμνου,

335 645 611 716 δεσποίνῃ,
670 649 830 709 αὐτὸς
859 651 950 701 καὶ
1006 647 1483 718 μεγιστᾶνες’κα“ι
1538 656 1740 725 κλῆρος
1767 656 1913 720 ἄπας

338 737 432 789 καὶ
465 725 709 806 μοναὶοὶ,
763 741 855 793 καὶ
905 741 1028 795 ὅσον
1059 741 1125 813 ἦν
1177 745 1237 798 τὸ
1265 748 1363 814 τῆς
1394 747 1690 813 πολιτείας,
1724 750 1911 803 συνελ-

340 827 524 891 Θόντες
556 829 677 891 ,ὑπὸ
722 831 899 901 πολλῷ
953 835 1051 901 μὲν
1081 837 1172 888 καὶ
1219 836 1433 905 δαψιλεῖ
1462 838 1538 908 τῷ
1565 841 1703 908 φωτὶ
1730 841 1821 894 καί
1848 857 1911 909 γε.

338 923 611 986 ποικίλαις
639 926 756 986 ταῖς
791 924 1099 991 μελῳδίαις,
1134 929 1510 998 ἀντηχούντων
1566 932 1673 985 τῶν
1704 935 1911 1002 γοερῶν

339 1012 718 1083 Θρηνητηρίων
755 1019 865 1079 τοῖς
926 1017 1157 1089 ᾅσμασι,
1218 1021 1386 1093 πολλῇ
1433 1022 1488 1075 δὲ
1517 1026 1582 1092 τῇ
1618 1025 1915 1097 δορυφορίᾳ

338 1107 432 1159 καὶ
466 1110 529 1176 τῇ
583 1106 967 1180 λαμπρότητι,
1021 1111 1095 1173 ὡς
1126 1111 1221 1183 τὴν
1254 1115 1407 1166 πόλιν
1455 1114 1673 1170 ἃπασαν
1719 1117 1913 1187 γέμειν

338 1199 471 1267 ὁμοῦ
512 1200 609 1266 μὲν
645 1199 1022 1271 θυμιαμάτων,
1054 1204 1189 1272 ὁμοῦ
1223 1204 1278 1257 δὲ
1304 1206 1548 1259 παιάνων
1580 1225 1638 1260 τε
1668 1209 1764 1262 καὶ
1792 1226 1914 1262 στε-

339 1290 656 1359 ναγμάτων,
689 1292 747 1343 ὲν
770 1292 950 1363 καιρῷ
972 1294 1209 1362 νιφάδων
1238 1298 1409 1358 τεκαὶ
1439 1298 1697 1369 βορϐόρου
1729 1299 1914 1369 ἐξέφε-

342 1398 435 1451 ρον
467 1380 555 1436 τὸν
594 1383 808 1453 νεκρὸν,
840 1384 948 1437 οὐδ’
980 1385 1144 1438 αὑτοῦ
1182 1386 1447 1457 βασιλέως
1470 1388 1556 1462 [Ρ.
1594 1391 1722 1464 265]
1752 1394 1820 1447 τὰ
1857 1393 1914 1457 ις

341 1471 505 1541 τιμὴν
535 1472 898 1540 ἐλλείποντος,
923 1475 1058 1529 ἀλλὰ
1083 1478 1243 1549 σοροῦ
1276 1483 1373 1550 μὲν
1395 1483 1604 1553 ἐκείνης
1642 1484 1915 1555 ἡμμένον,

341 1562 429 1615 διὰ
470 1564 729 1635 βορϐόρου
777 1567 833 1620 δὲ
870 1568 1120 1624 πλείστου
1175 1573 1269 1624 καὶ
1302 1572 1590 1645 ὀλισθηροῦ
1620 1576 1916 1645 βαίνοντος,

345 1656 509 1726 μέχρι
562 1659 656 1711 καὶ
689 1659 789 1728 τὴν
816 1661 990 1733 Λείψη
1032 1664 1433 1729 καταλαϐόντες
1470 1668 1635 1739 μονὴν
1666 1671 1750 1737 ἐφ’
1780 1671 1920 1741 ἡμέ-

349 1764 469 1816 ραις
497 1750 571 1811 ὼς
592 1751 738 1814 εἰκὸς
764 1754 982 1808 ἐτέλουν
1006 1756 1073 1809 τὰ
1096 1756 1194 1827 τῆς
1221 1757 1396 1821 ὁσίαις,
1427 1760 1730 1828 ἀναγκαίαν
1760 1763 1922 1833 ἀσχο-

346 1837 467 1892 λίαν
498 1842 591 1894 ἐπὶ
626 1842 797 1916 ταύτῃ
828 1845 923 1898 xal
958 1847 1223 1918 βασιλέως
1251 1848 1483 1919 ἔχοντος.

347 1956 410 2004 ε’.
451 1951 527 2004 Τὰ
555 1953 686 2021 περὶ
712 1955 827 2038 τῆς
858 1956 1228 2038 ἐξεᾼεύσεως
1254 1960 1362 2028 τῆς
1390 1963 1722 2038 δεσποίννις
1750 1970 1927 2038 Εῑρῆ·

486 2039 601 2088 me
629 2024 725 2078 καί
757 2025 875 2079 τῶν
912 2027 1117 2095 γάμων
1154 2030 1274 2083 τῶν
1296 2024 1533 2088 παίδων
1571 2024 1784 2107 αὐτῆς.

431 2110 576 2164 Ἀλλ’
597 2114 903 2185 ἐπέστησαν
937 2120 990 2171 ai
1025 2122 1337 2190 πασχάλιοι,
1372 2125 1644 2191 καὶδόξαν
1675 2129 1928 2204 δεσποίνῃ

348 2204 442 2257 ἐπὶ
480 2204 873 2279 Θεσσαλονίκης
910 2212 1238 2282 ἀποδημεῖν,
1300 2215 1357 2268 ὲν
1406 2219 1652 2287 φροντίσι
1701 2223 1793 2275 καὶ
1842 2223 1930 2276 διὰ

347 2296 523 2349 ταῦτα
554 2301 674 2361 ταῖς
697 2299 1023 2367 ἀναγκαίαις
1046 2305 1072 2356 ὁ
1102 2305 1321 2373 κρατῶν
1354 2307 1581 2375 γίνεται.
1608 2312 1715 2366 Καὶ
1743 2314 1931 2383 πρῶτα

357 2388 456 2459 μὲν
479 2390 554 2459 τῷ
586 2390 687 2459 υίῷ
734 2391 954 2467 Ἰωάννῃ
989 2394 1081 2448 καὶ
1113 2395 1346 2471 δεσπότῃ
1375 2399 1520 2453 τελεί
1543 2403 1668 2466 τοὺς
1693 2404 1926 2474 γάμους,

351 2574 522 2640 quiis,
568 2573 687 2642 ipso
720 2574 839 2640 ejus
894 2574 1006 2628 filio
1054 2578 1301 2645 Augusto
1356 2594 1479 2633 cum
1541 2584 1930 2653 summatibus,

356 2669 504 2722 clero
540 2669 818 2731 universo,
858 2672 1141 2726 monachis
1190 2687 1251 2725 ac
1302 2680 1416 2727 toto
1457 2674 1658 2730 civium
1702 2693 1934 2748 corpore

351 2774 604 2829 pompam
661 2762 858 2815 ordine
907 2762 1072 2834 longo
1138 2765 1480 2835 magnificam
1538 2768 1928 2838 trahentibus,

353 2849 458 2905 sub
492 2852 659 2906 inulto
691 2854 1037 2921 praalatarum
1072 2857 1273 2927 passim
1306 2858 1485 2913 lacum
1521 2875 1584 2915 ac
1615 2862 1930 2934 lampadem

356 2945 587 3011 lumine,
636 2956 971 3017 personante
1012 2952 1123 3005 late
1159 2952 1299 3007 cmlo
1345 2954 1497 3007 varia
1556 2956 1817 3019 melodia,
1879 2969 1933 3015 et

355 3047 509 3107 grato
548 3047 975 3108 temperamento
1006 3043 1354 3099 titodulornm
1386 3046 1617 3103 diversa:
1647 3030 1937 3120 qualitatis

354 3131 780 3188 excitatioribus
831 3135 1066 3191 canticis
1115 3136 1430 3205 lugubrium
1474 3140 1805 3196 threnorum
1866 3156 1931 3196 ac

2017 661 2209 729 ἀνδρὸς
2263 660 2427 724 σοροῦ
2473 677 2527 712 τε
2582 659 2675 711 καὶ
2700 656 2945 710 εὐνοϊκοῦ
2979 656 3053 727 τῷ
3083 657 3381 728 κρατοῦντι
3420 655 3623 724 διαιρε-
3676 683 3680 686 ~

2020 750 2222 819 ρὸντως
2245 750 2514 814 δόξαντος,
2550 749 2656 819 πρὸ
2691 748 2883 816 καιροῦ
2922 748 3130 817 μνηστῇ
3165 746 3242 816 τῷ
3286 746 3530 817 Ἰωάννῃ
3561 746 3619 813 ὲξ

2021 840 2322 910 ἱερολογίας
2345 839 2499 910 οὔσῃ.
2542 839 2828 910 βασίλισσα
2858 838 3129 907 δεσπότην
3158 839 3240 901 είς
3272 839 3487 892 ταυτὸν
3527 838 3621 889 τ’,ν

2013 931 2131 984 υἱον
2162 932 2282 999 ἄγει
2314 933 2406 985 καὶ
2426 932 2512 986 διὰ
2537 933 2734 1002 γάμων
2758 945 2773 960 ·
2801 930 2974 984 ἐδόκει
2996 930 3103 1001 γὰρ
3138 929 3364 1001 ξυνεκδη
3384 930 3519 999 μεῖν
3548 932 3617 999 τῇ

2014 1022 2270 1095 δεσποίνῃ
2300 1025 2571 1077 κάκεῖνον.
2608 1022 2716 1076 Kal
2765 1021 2854 1074 διὰ
2884 1021 3044 1074 τοῦτο
3077 1020 3230 1075 ἔνθεν
3263 1022 3365 1090 μὲν
3408 1019 3479 1073 ea
3525 1020 3621 1072 ἐπὶ

2017 1113 2304 1188 Αὐγούστῃ
2339 1115 2553 1180 πένθος,
2580 1113 2788 1168 ἐκεῖθεν
2824 1112 2879 1166 δὲ
2911 1113 2999 1166 διὰ
3026 1113 3115 1167 τὶν
3146 1113 3261 1166 υἱον
3289 1113 3388 1166 καὶ
3415 1112 3474 1165 οί
3510 1112 3614 1180 γά-

2022 1224 2111 1276 μοι
2142 1208 2533 1277 ὲσχεδιάζοντο.
2603 1206 2689 1269 Ὦς
2722 1206 2767 1259 δ’
2810 1205 2896 1260 ἐπ’
2930 1204 3126 1271 ἐξόδοις
3167 1207 3200 1276 ἠ
3237 1204 3517 1258 δέσποινα
3549 1200 3618 1274 ἦν

2021 1299 2251 1369 (ἤπειγε
2292 1302 2398 1371 γᾶρ
2451 1300 2621 1369 αὐτὴν
2661 1301 2692 1371 ή
2737 1300 2827 1353 ἐπὶ
2867 1298 3095 1369 ϐυγατρὶ
3139 1298 3370 1367 στοργὴ,
3413 1296 3499 1360 ὡς
3533 1297 3615 1350 ἐλ-

2019 1390 2218 1443 θοῦσαν
2254 1391 2355 1444 ίδοι
2387 1392 2482 1443 καὶ
2532 1389 2944 1461 περιπτύξαιτο)
2968 1433 2983 1455 ,
3041 1389 3129 1459 ἐφ’
3161 1391 3408 1459 ἡμέραις
3464 1391 3559 1441 καὶ
3594 1392 3619 1442 ὁ

2020 1483 2237 1555 κρατῶν
2268 1483 2669 1553 συνεξέρχεται,
2704 1484 2798 1537 καὶ
2827 1481 2969 1537 κατὰ
2996 1482 3195 1553 τρόπον
3238 1481 3587 1552 ὲξετοιμασὰ

2028 1591 2187 1645 μενος
2212 1574 2280 1627 τὰ
2305 1574 2550 1645 ἐξιτήρια
2575 1574 2933 1647 ὑποστρέφει.

2026 1688 2101 1754 ς’.
2136 1693 2179 1744 Σ
2185 1668 2474 1759 eorum,
2491 1691 2621 1759 περὶ
2648 1690 2753 1746 τοῦ
2774 1690 3226 1760 ἐκφωνηθέντος
3246 1689 3390 1759 παρ’
3416 1688 3618 1744 Ἰωάν-

2570 1778 2683 1816 νου
2709 1762 3073 1831 ἀφορισμοῦ.

2101 1851 2209 1905 Kal
2259 1853 2380 1907 τότε
2439 1854 2547 1906 τῶν
2580 1852 2791 1906 πολλῶν
2846 1854 3059 1915 ἀνεθεὶς
3106 1852 3414 1922 φροντίδων
3452 1853 3617 1920 ὁμόσε

1959 1928 1999 1983 Β
2031 1944 2201 2012 χωρεῖ
2260 1947 2381 2006 ταῖς
2414 1947 2514 2013 τῆς
2579 1944 2901 2012 Ἐκκλησίας
2942 1944 3035 1997 καὶ
3083 1943 3238 2006 αὖθις
3293 1943 3614 2013 μερίμναις.

2035 2033 2124 2106 [Ρ.
2159 2034 2287 2107 264]
2325 2037 2434 2088 Kal
2460 2036 2619 2090 πάλιν
2647 2035 2915 2102 συνάξεις,
2954 2037 3048 2089 καὶ
3080 2036 3243 2090 πάλιν
3276 2035 3497 2091 σύνοδοι
3531 2036 3618 2088 καὶ

2035 2128 2446 2198 συνδιασκέψεις
2473 2128 2565 2181 καὶ
2588 2128 2735 2196 λόγοι
2767 2128 2863 2181 καὶ
2888 2127 3234 2198 συζητήσεις,
3256 2127 3617 2198 προηγουμέ-

2032 2239 2136 2285 νως
2168 2223 2294 2291 περὶ
2343 2222 2433 2274 τοῦ
2485 2220 2892 2290 ἐκφωνηθέντος
2929 2219 3062 2290 παρ’
3107 2220 3360 2272 Ἰωάννου
3424 2220 3619 2286 ἀφορι-

2034 2314 2193 2383 σμοῦ,
2227 2316 2271 2366 εί
2305 2315 2515 2369 δίκαιον
2570 2310 2714 2384 εἶχεν
2767 2312 3048 2382 ἀφορίζειν
3094 2313 3323 2374 ἐκεῖνος.
3357 2310 3475 2364 Kal
3503 2311 3614 2371 τοῖς

2036 2409 2135 2475 μὲν
2166 2406 2340 2459 ἐδόκει
2360 2422 2373 2437 ·
2434 2405 2595 2478 μέχρι
2622 2405 2729 2476 γὰρ
2779 2407 2870 2458 καὶ
2898 2404 3016 2457 τότε
3066 2403 3227 2457 αὑτὸν
3257 2403 3351 2456 ἐπὶ
3382 2401 3498 2455 τῶν
3530 2402 3615 2455 tx-

2034 2584 2317 2650 dcspotam
2353 2599 2512 2637 suum
2552 2584 2722 2638 lilium
2769 2582 3004 2639 induxit.
3050 2584 3165 2639 Hoc
3196 2585 3523 2655 preparavit
3548 2603 3609 2640 ex

2032 2685 2161 2731 voto
2193 2677 2384 2731 uxoris
2438 2677 2742 2745 imperator
2790 2676 2847 2730 in
2887 2686 3206 2746 apparatum
3243 2676 3605 2735 TbeSSaloni-

2034 2769 2224 2823 censis
2252 2768 2484 2830 itineris.
2511 2768 2658 2838 quod
2695 2767 2859 2837 lmjus
2887 2768 3145 2822 comitem
3177 2784 3371 2827 secum
3405 2771 3607 2826 ducere

2035 2859 2207 2915 tilium
2263 2859 2533 2915 Joannem
2585 2860 2875 2929 despotam
2932 2860 3253 2931 imperatrix
3323 2863 3602 2931 cupiebat.

2034 2951 2217 3019 Quare
2249 2952 2304 3006 in
2347 2952 2729 3023 discrepantes
2781 2954 3095 3009 intinctiones
3149 2955 3369 3011 funeris
3423 2965 3478 3009 et
3512 2972 3605 3009 nn-

2037 3047 2271 3116 ptiarum
2332 3046 2484 3103 brevi
2550 3047 2904 3102 continuatas
2959 3047 3283 3103 discrimine
3340 3050 3601 3119 temporis

2037 3138 2357 3194 festinantis
2421 3139 2591 3194 animi
2652 3154 2783 3194 cura
2822 3141 3062 3209 partita,
3121 3149 3419 3210 utramque
3448 3157 3602 3210 quam

357 3225 676 3293 planctuum
730 3229 993 3283 mtestitia
1036 3240 1421 3300 responsante.
1457 3233 1704 3289 Tenebat
1761 3236 1928 3290 etiam
1957 3268 2002 3330 Ο
2036 3229 2325 3285 artissimo
2372 3227 2455 3285 fas
2496 3228 2599 3284 fuit
2628 3216 2953 3300 compendio
2996 3230 3351 3287 Andronicus
3391 3234 3603 3303 expedi—

359 3320 552 3375 ocnlos
598 3321 831 3377 illustris
867 3325 1078 3393 species
1136 3325 1413 3379 numerosi
1463 3336 1517 3381 et.
1559 3328 1737 3382 ornati
1766 3329 1935 3383 satel-

365 3411 503 3478 litii;
555 3415 796 3483 urbsque
831 3416 969 3470 adeo
1009 3425 1122 3471 tota
1182 3419 1531 3476 redundabat
1578 3423 1741 3479 simul
1779 3424 1932 3483 fumo

357 3513 413 3558 et
444 3504 612 3560 odore
642 3508 1080 3578 thymiamatum,
1131 3509 1293 3565 simul
1346 3527 1485 3569 sono
1536 3514 1767 3571 confuso
1795 3534 1935 3588 ραδε-

362 3610 494 3647 num
530 3605 584 3648 et
625 3599 1013 3666 suspiriorum,
1049 3599 1244 3656 nivoso
1282 3613 1526 3675 tempore
1576 3621 1641 3661 ac
1675 3608 1780 3665 viis
1828 3611 1936 3665 late

361 3687 493 3742 totis
542 3703 699 3744 cteuo
731 3690 1108 3758 sordentibus,
1140 3701 1389 3765 Augusto
1422 3712 1559 3754 sane
1608 3700 1746 3755 nihil
1799 3716 1934 3756 sua—

362 3794 485 3833 rum
524 3781 759 3847 partium
789 3782 855 3837 ad
886 3799 1101 3839 omnem
1136 3787 1614 3846 honoriﬁcentiam
1645 3802 1751 3848 tam
1778 3794 1937 3851 chari

365 3870 577 3928 funeris
608 3873 915 3931 desiderari
950 3880 1212 3948 patiente,
1252 3884 1347 3939 sed
1391 3885 1631 3942 haerente
1658 3888 1937 3946 indivulse

364 3964 569 4020 feretro
605 3971 849 4037 parentis
890 3980 1141 4040 morture,
1176 3989 1240 4029 ac
1266 3991 1334 4032 ne
1368 3993 1599 4049 usquam
1621 3982 1701 4037 .ab
1729 3998 1794 4037 eo
1822 3983 1940 4039 dis-

358 4056 723 4126 juugeretur,
781 4076 878 4131 per
927 4064 1101 4119 lutum
1162 4066 1459 4137 plurimum
1534 4082 1589 4129 et
1662 4075 1936 4132 lubricum

365 4149 645 4208 laboriose
684 4155 1038 4225 procedente,
1075 4160 1255 4229 quoad
1308 4161 1362 4217 in
1424 4162 1604 4235 Lipsa‘.
1660 4180 1942 4224 monaste-

366 4245 508 4299 rium
550 4247 811 4316 perducta
863 4265 1059 4319 pompa
1106 4268 1205 4323 per
1256 4253 1375 4311 dies
1422 4256 1569 4321 illic,
1617 4274 1716 4329 pro
1769 4278 1942 4326 more,

365 4338 572 4408 aliquot
614 4340 759 4409 justa
809 4351 939 4397 sunt
993 4345 1244 4400 funebria
1298 4346 1570 4404 defunctae
1626 4354 1941 4420 persoluta;

365 4448 528 4499 quam
591 4432 644 4487 in
695 4448 806 4488 rem
850 4437 1226 4491 necessarium
1284 4439 1548 4506 spatium,
1586 4444 1734 4496 omni
1774 4460 1942 4514 nego-

358 4502 443 4578 tio
476 4525 808 4592 posthabito,
837 4525 1137 4597 longanimi
1171 4502 1454 4601 Augustus
1510 4502 1714 4600 pietate
1750 4502 1940 4606 perse-

368 4617 584 4670 veravit
619 4616 961 4687 impendere.

362 4729 416 4784 5.
455 4728 528 4783 De
553 4728 876 4799 profectione
901 4733 1126 4809 αλιι-οε
1150 4734 1380 4809 domina:
1413 4734 1594 4792 [renes
1638 4747 1688 4792 et
1736 4740 1936 4809 nuptiis

954 4804 1190 4873 ﬁliorum
1217 4805 1351 4875 ejus.

443 4892 802 4950 Paschalibus
843 4894 972 4950 inde
1032 4895 1190 4951 festis
1241 4899 1777 4967 supervenientilms,
1816 4915 1939 4955 cum

371 4995 516 5040 esset
552 4987 788 5041 domina:
836 4987 1119 5042 decretum
1151 4988 1605 5044 Thessalonicam
1644 4992 1945 5062 proﬁcisci,

368 5081 433 5134 ad
469 5081 713 5133 curanda
743 5097 864 5149 qua:
915 5081 982 5134 ad
1038 5080 1091 5135 id
1141 5097 1279 5150 opus
1330 5093 1506 5147 erant,
1545 5090 1629 5137 vir
1661 5084 1781 5153 ejus
1826 5084 1944 5140 Au-
1976 5154 1989 5163 ο

270 5177 279 5186 “
365 5184 560 5246 gustus
608 5173 854 5228 animum
902 5175 1190 5244 applicuit.
1234 5176 1376 5230 Ante
1427 5177 1611 5230 omnia
1658 5179 1831 5232 visum
1862 5185 1946 5233 est

366 5265 654 5319 absolvere
689 5263 897 5326 dudum
924 5265 1090 5335 379
1134 5274 1347 5336 pactas,
1400 5268 1495 5320 sed
1543 5269 1784 5322 nondum
1817 5285 1945 5339 per-

370 5365 615 5427 petratas
692 5357 981 5427 complexu
1059 5358 1356 5428 conjugum
1414 5359 1645 5416 Joannis
1704 5363 1948 5432 despota‘:

369 5463 494 5503 cum
547 5449 654 5503 lilia
702 5449 938 5505 Chumni
977 5450 1218 5521 prtefecti
1256 5452 1505 5508 canicleo
1538 5455 1786 5523 nuptias.
1818 5454 1952 5510 Erat

367 5541 651 5596 Chumnus
681 5544 765 5596 vir
804 5542 1043 5611 sapiens,
1078 5551 1134 5598 et
1161 5544 1480 5623 imperptori
1509 5562 1632 5601 cum
1667 5562 1732 5601 ex
1764 5549 1951 5603 animo

370 5631 668 5686 benevolus
698 5645 762 5686 ac
803 5631 944 5686 fidus
975 5640 1088 5687 tum
1126 5634 1303 5688 eidem
1355 5635 1601 5689 vicissim
1638 5635 1798 5690 facile
1828 5654 1948 5689 om-

371 5721 523 5776 nium
571 5723 970 5791 cbarissimus;
1027 5723 1189 5790 cujus
1242 5723 1370 5779 filia:
1425 5724 1711 5792 desponsa:
1746 5726 1950 5781 dudum

369 5814 563 5871 Joanni
596 5820 883 5888 prtesentis
932 5821 1037 5874 rite
1075 5819 1388 5875 sacrrdotis
1434 5819 1767 5884 ministerio,
1808 5836 1951 5874 nunc

373 5907 427 5962 in
467 5907 684 5966 thorum
723 5909 835 5977 ipsa
872 5918 1048 5964 mater
1097 5911 1347 5981 Augusta
1381 5924 1646 5966 sponsum
1694 5910 1945 5967 eumdem

2037 3321 2136 3385 vit,
2189 3335 2374 3376 moras
2427 3321 2618 3391 utique
2669 3337 2777 3375 non
2833 3322 3043 3378 ferente
3074 3324 3334 3395 Augusta:
3378 3324 3432 3379 in
3475 3327 3603 3377 viam

2032 3414 2330 3484 prouincia:
2360 3414 2593 3485 impetu,
2629 3430 2791 3485 quem
2846 3416 3148 3486 adurgebat
3193 3416 3352 3471 chari
3416 3417 3605 3486 capitis

2041 3507 2385 3576 impatientia
2424 3508 2682 3564 visendi:
2717 3508 2881 3561 filiam
2926 3508 3019 3561 illa
3076 3508 3287 3563 scilicet
3316 3506 3607 3563 Thessalo-

2041 3601 2221 3653 nicam
2284 3608 2399 3655 tum
2451 3615 2646 3656 recens
2706 3601 3000 3656 advenisse
3044 3616 3169 3655 cum
3218 3600 3504 3665 audisset,
3545 3600 3606 3654 ad

2041 3690 2161 3760 ejus
2212 3690 2324 3745 illic
2381 3690 2696 3759 amplexum
2749 3698 2999 3744 materno
3041 3689 3238 3745 alTectu
3278 3689 3605 3759 rapiebatur.

2043 3783 2242 3838 Paucis
2271 3798 2405 3854 ergo
2446 3792 2570 3854 post
2609 3781 2804 3838 diebus
2836 3782 3129 3837 abeuntem
3158 3782 3322 3836 simul
3359 3797 3607 3853 egressus

2044 3877 2387 3944 aliquantum
2433 3885 2517 3930 est
2552 3874 2852 3929 comitatus
2899 3874 3196 3939 imperator
3225 3915 3240 3940 ,
3273 3874 3607 3945 provisisque

2046 3969 2255 4038 prolixe
2286 3969 2503 4024 cunctis
2553 3983 2675 4037 qua:
2732 3967 2800 4022 ad
2855 3976 3112 4022 caateram
3157 3966 3279 4036 ejus
3337 3965 3607 4020 deductio-

2046 4076 2166 4115 nem
2212 4076 2313 4129 pro
2366 4059 2638 4129 dignitate
2684 4058 3187 4116 administrandam
3241 4057 3605 4129 pertinebant,

2048 4152 2166 4223 ipse
2201 4168 2457 4210 reversus
2488 4155 2543 4208 in
2595 4154 2782 4209 urbem
2817 4162 2927 4209 est.

2046 4271 2100 4325 6.
2162 4269 2583 4325 Deliberationes
2639 4271 2782 4324 circa
2842 4270 3254 4352 pronuntiatam
3306 4284 3336 4320 α
3416 4264 3606 4320 Joanne

2520 4350 3136 4395 excommumcattanem.
3326 4366 3347 4373 '

2117 4434 2194 4487 Ac
2217 4442 2347 4487 tunc
2374 4447 2404 4486 a
2430 4433 2616 4487 multis
2654 4433 2765 4486 illis
2796 4432 3076 4487 relaxatus
3106 4430 3465 4486 familiarium
3503 4428 3606 4486 olli-

2047 4527 2261 4582 ciorum
2299 4525 2814 4590 sollicitudinibus,
2851 4540 3035 4580 rerum
3075 4523 3333 4580 Ecrlesize
3375 4522 3604 4595 pressius

1978 4637 2029 4692 ι)
2054 4621 2454 4692 urgentiusque
2488 4617 2898 4673 tractandarum
2940 4618 3271 4672 intermissae
3302 4615 3604 4688 aliquandiu

2053 4729 2202 4769 curae
2238 4728 2298 4768 se
2326 4712 2589 4767 reddidit.
2625 4709 2845 4766 Rursus
2879 4710 3046 4782 igitur
3074 4725 3402 4775 conventus,
3432 4723 3604 4763 rursus

2052 4806 2285 4877 synodi,
2320 4814 2518 4860 rursus
2554 4802 2993 4859 consultationes
3029 4811 3081 4857 et
3121 4817 3409 4857 sermones
3431 4810 3482 4856 et
3506 4799 3605 4853 dis-

2052 4897 2380 4966 quisitiones
2428 4910 2596 4965 super
2673 4894 3247 4950 exeommunicatione
3301 4910 3398 4965 per
3457 4893 3604 4949 Joan-

2054 5005 2176 5046 nem
2214 4992 2457 5055 intorta;
2499 4988 2651 5056 circa
2693 5003 2861 5057 quam
2904 4997 3034 5043 ante
3083 4989 3268 5042 omnia
3302 4986 3600 5058 primarium

2056 5083 2186 5138 illud
2220 5083 2619 5137 controversia:
2662 5088 2826 5150 caput
2860 5080 3193 5150 agitabatur,
3218 5096 3285 5135 an
3313 5081 3403 5151 jus
3434 5082 3516 5134 ille
3550 5090 3603 5129 ac

2054 5181 2377 5244 petestatem
2424 5173 2944 5227 excommunicandi
3006 5173 3284 5226 habuerit.
3347 5170 3600 5226 Habuisse

2055 5266 2355 5319 censebant
2392 5265 2586 5333 aliqui,
2630 5263 2825 5333 utique
2859 5277 2985 5317 cum
3034 5272 3285 5333 perstare
3339 5263 3507 5332 ipsum
3556 5260 3600 5311 in

2056 5360 2408 5427 possessione
2441 5357 2847 5425 patriarcbatus
2874 5372 2942 5410 ex
2967 5357 3485 5411 commemoratione
3517 5367 3599 5406 no-

2062 5447 2225 5500 minis
2265 5449 2404 5514 ejus,
2455 5462 2576 5516 qnze
2610 5446 2793 5500 adhuc
2844 5447 2987 5500 inter
3036 5461 3192 5501 sacra
3226 5462 3322 5516 per
3363 5443 3600 5501 ecclesias

2060 5539 2231 5600 fieret,
2266 5546 2557 5605 appareret
2592 5530 2705 5602 {ac
2740 5548 2988 5605 respectu
3021 5537 3241 5605 quidem
3279 5532 3598 5607 imperatoris

2058 5631 2190 5700 quin
2224 5643 2458 5684 censura
2506 5628 2611 5683 ista
2659 5628 2867 5682 valeret
2911 5628 3182 5697 illumque
3231 5642 3358 5681 vere
3408 5626 3594 5696 ligaret,

2057 5723 2232 5777 videri
2265 5722 2494 5776 dubium
2549 5735 2656 5776 non
2689 5734 2833 5785 esse,
2867 5720 3132 5789 quoniam
3194 5719 3485 5787 Augustus,
3509 5726 3593 5766 an-

2060 5825 2281 5885 tequam
2333 5814 2422 5867 illa
2458 5810 2824 5883 proferretur,
2856 5810 3118 5877 Joannem
3173 5809 3295 5879 ejus
3344 5816 3591 5863 auctorem

2062 5924 2158 5979 pro
2196 5907 2440 5978 legitimo
2477 5919 2535 5962 se
2570 5904 2734 5976 380
2766 5903 2966 5959 habere
2996 5904 3306 5973 patriarcha
3340 5898 3591 5973 professus
