3860 6552
177 372 267 437 ίίῗ
1064 377 1161 442 DE
1205 380 1651 442 ANDRONlCO
1691 380 2155 442 PAI..EULOGO
2183 384 2340 445 LIB.
2386 388 2445 448 λ’.

3291 392 3398 459 418

177 484 385 555 κλησιῶν
424 488 878 557 μνημονεύεσθαι,
934 489 1151 561 ἰσχυρὸν
1177 492 1221 546 δ’
1249 488 1389 547 εἶναι
1418 494 1511 548 καὶ
1537 492 1711 556 ἄλλως
1814 493 1911 563 τὴν
1947 494 2112 547 αὐτοῦ
2145 496 2328 567 τιμὴν,
2352 497 2465 562 ἅμα
2496 497 2550 550 δὲ
2575 497 2664 551 καὶ
2690 498 2785 571 τὴν
2822 501 3032 556 ἑαυτῶν
3065 503 3390 575 ἀσφάλειαν.

172 574 223 627 τὸ
247 576 522 644 ἐπιτίμιον,
549 580 897 651 πατριάρχην
923 583 1129 635 ἐκεῖνον
1158 584 1422 653 βασιλέως
1447 570 1716 654 ὁμολογήί

172 681 357 727 cauto;
391 669 496 721 Καὶ
518 670 568 722 οἱ
603 672 701 740 μὲν
729 671 989 736 οὕτως,οί
1017 673 1097 739 δὲ,
1121 674 1171 727 οἳ
1195 675 1259 745 δὴ
1288 677 1382 731 καὶ
1412 678 1542 746 πρῖν
1567 677 1710 730 ἐκεί⁸

169 774 231 826 νῳ
257 759 336 811 διὰ
362 759 449 812 τὸν
476 761 640 832 ὁρκον
672 763 1048 833 προσίσταντο,
1083 767 1320 836 ὁμόλογα
1342 769 1555 832 ἑαυτοῖς
1579 769 1709 839 δρᾷν

167 851 409 914 ἐθέλοντες
432 888 435 891 -
459 855 589 923 μήτ’
628 854 775 924 ἔχειν
803 857 1013 912 ἐκεῖνον
1053 860 1395 931 πατριάρχην
1446 863 1540 915 καὶ
1573 863 1709 931 πρό·

165 943 360 1015 τερονῆ
406 945 481 998 ὅτ’
533 947 802 1015 ἀφώριζε,
863 953 998 1021 μήτε
1048 952 1138 1005 τὸν
1172 954 1478 1024 ἀτρορισμὸν
1505 955 1709 1025 ἰσχύειν

164 1036 543 1105 διισχυρίζοντο.
566 1040 707 1096 ὥστε
732 1044 825 1097 καὶ
847 1045 904 1095 ἐν
933 1046 1033 1115 μιᾷ
1055 1045 1164 1097 τῶν
1188 1048 1459 1113 συνάξεων
1483 1049 1708 1115 βασιλέα

166 1128 426 1197 μανθάνειν
455 1131 781 1200 αἱρούμενον
811 1134 1007 1199 οἵτινες
1035 1136 1194 1204 τῆσδε
1225 1140 1322 1208 τῆς
1363 1140 1586 1208 γνώμης
1614 1140 1709 1193 καὶ

163 1220 279 1281 τίνες
306 1220 533 1291 θατέρας
565 1224 662 1277 καὶ
692 1224 869 1292 πόσοι,
928 1228 1137 1299 ἐρωτᾷν
1168 1229 1417 1295 ἕκαστον,
1451 1231 1546 1284 καὶ
1580 1222 1705 1296 τοὺς

162 1311 244 1378 τῆς
289 1312 450 1381 αὐτῆς
502 1316 599 1368 καὶ
650 1318 778 1388 μιᾶς
823 1303 1051 1390 γνώμης
1103 1324 1180 1384 εἰς
1219 1324 1383 1392 μέρος
1412 1323 1704 1393 ἑκατέρους

161 1403 393 1466 καθίζειν.
425 1407 689 1473 Ἐκείνοις
725 1410 823 1478 μὲν
844 1411 936 1465 οὖν
973 1412 1109 1483 μετὰ
1129 1413 1226 1475 τὰς
1259 1413 1459 1476 πολλὰς
1491 1398 1704 1480 ὲκείνας

163 1496 400 1563 συνάξεις,
440 1502 832 1569 συναγομένοις
861 1506 952 1557 καὶ
986 1505 1107 1558 καθ’
1148 1508 1346 1569 αὐτοὺς
1380 1509 1471 1560 ἐπὶ
1503 1510 1578 1576 τῷ
1607 1526 1705 1561 πε-

162 1586 385 1657 ριωνύμῳ
404 1589 510 1642 τῶν
539 1591 712 1660 ἁγίων
745 1594 1056 1649 ἀποστόλων
1080 1597 1210 1669 ναῷ,
1237 1595 1456 1652 ἐκέλευε
1485 1599 1705 1654 διασκέ-

161 1675 357 1730 πτεσθαι
386 1679 459 1742 ὡς
490 1681 559 1734 ἄν
593 1699 656 1747 γε
686 1684 779 1737 καὶ
815 1687 1156 1751 συνελθόντες
1182 1689 1273 1742 ἐπὶ
1298 1690 1373 1760 τῷ
1400 1689 1703 1763 Ἀθανασίῳ

160 1770 208 1820 τι
234 1770 406 1822 δοκοῦν
454 1774 759 1844 πράξκιεν·
807 1779 1123 1849 δοκιμάζειν
1190 1783 1300 1853 γὰρ
1351 1785 1447 1838 καὶ
1503 1786 1701 1855 μᾶλλον

1821 583 2035 654 βασιλεῖ
2057 586 2146 639 διὰ
2170 587 2342 641 ταῦτα
2370 591 2654 644 κατανεύει
2683 592 2778 645 καὶ
2798 592 2857 646 τὸ
2874 595 3081 664 αἴτημα
3102 598 3390 668 ἐκπληροῖ,

1819 677 2110 747 ἐγγράφως
2146 678 2534 745 ἐξαποστείλας
2567 683 2690 736 τάδε
2714 699 2727 714 °
2788 703 2807 735 ι
2847 685 3095 741 Δέσποτά
3126 705 3227 757 μου
3259 689 3388 758 ἅγιε

1818 766 2061 836 βασιλεῦ,
2097 771 2190 822 καὶ
2230 771 2385 841 ὑμεῖς
2404 773 2523 826 θεία
2561 776 2655 828 καὶ
2684 775 2805 846 ἱερὰ
2837 774 3075 840 σύνοδος.
3110 779 3144 848 ἦ
3174 796 3234 832 τε
3257 781 3390 849 σύγ-

1818 862 2033 933 κλητος,
2077 866 2166 916 καὶ
2201 865 2230 917 ὁ
2285 868 2569 937 παρεστὼς
2631 871 2727 924 καὶ
2774 871 2991 925 ἀκούων
3039 873 3132 927 τοῦ
3186 876 3389 945 Κυρίου

1816 950 1963 1018 λαος,
2017 956 2132 1008 ὅσοι
2172 973 2230 1008 τε
2272 958 2329 1010 ἐν
2363 957 2550 1030 κλήρῳ
2600 961 2989 1031 καταλέγεσθε,
3028 966 3077 1017 οἱ
3110 968 3392 1037 μοναχικῷ

1815 1042 2210 1114 διαπρέποντες
2238 1049 2501 1118 σχήματι,
2533 1052 2667 1104 καὶὸ
2696 1051 2879 1116 λοιπὸς
2906 1053 3062 1123 ὄχλος
3079 1072 3094 1087 ο
3120 1058 3230 1122 ἐγὼ
3256 1058 3388 1129 παρ’

1817 1133 2113 1204 ὁρθοδόξων
2173 1138 2378 1206 γονέων
2412 1142 2695 1211 γεννηθεὶς
2744 1145 2838 1197 καὶ
2872 1145 3124 1219 εὐσεϐείᾳ
3163 1149 3391 1216 τραφεὶς

1814 1225 2031 1296 πρῶτον
2059 1229 2161 1297 μὲν
2182 1230 2279 1299 τῆς
2307 1231 2592 1304 ἱερατικῆς
2634 1234 2874 1306 ἠξιώθην
2900 1239 3089 1308 τιμῆς,
3139 1237 3257 1293 εἶτα
3293 1243 3393 1297 καὶ

1812 1317 1879 1371 τὰ
1910 1321 2159 1391 μοναχῶν
2193 1323 2493 1391 τελεσθεὶς,
2545 1327 2810 1399 κρίμασιν
2863 1326 2943 1395 οἷς
2971 1327 3080 1386 οἶδε
3125 1332 3279 1401 Θεὸς,
3306 1336 3390 1399 είς

1810 1411 1903 1464 τὸν
1935 1411 2122 1483 θρόνον
2152 1412 2409 1489 ἀνήχθην
2442 1417 2534 1472 τὸν
2584 1423 3009 1492 πατριαρχικὺν,
3038 1424 3255 1493 εὐδοκία
3289 1426 3391 1495 μὲν

1811 1500 1946 1555 Θεοῦ
1974 1504 2211 1572 πρῶτον,
2236 1506 2424 1561 ἔπειτα
2442 1510 2497 1562 δὲ
2527 1509 2690 1581 βουλῇ
2714 1512 2809 1564 καὶ
2832 1513 3053 1582 θελήσει
3081 1518 3171 1568 καὶ
3196 1517 3392 1589 γνώμῃ

1811 1592 2111 1664 ἐξετασμοῦ
2160 1597 2377 1652 πάντων
2421 1601 2574 1668 ὑμῶν
2630 1604 2739 1657 τῶν
2772 1606 3116 1676 προεχόντων
3137 1608 3194 1660 ἐν
3230 1608 3392 1672 ἀξιώ-

1813 1702 1969 1754 μασι.
2005 1688 2113 1741 Καὶ
2140 1688 2213 1750 ώς
2235 1690 2498 1762 διέπρεψα
2525 1693 2768 1758 εὐσεϐῶς
2792 1698 2884 1750 καὶ
2908 1684 3105 1767 ὀρθῶς,
3145 1696 3254 1754 οἵδε
3293 1702 3390 1769 μό-

1808 1791 1897 1837 νος
1923 1775 2053 1839 Θεός
2075 1793 2088 1808 ⁸
2114 1781 2422 1850 καυχᾶσθαι
2452 1784 2558 1853 γάρ
2582 1801 2671 1853 μοι
2698 1785 2765 1850 ,οὑ
2794 1787 3089 1857 συμφέρει,
3119 1792 3260 1843 κατὰ
3294 1792 3386 1843 τὶν

161 1861 350 1927 ἐκεῖνον,
389 1864 495 1917 εττε
526 1866 625 1919 καὶ
659 1867 901 1937 βούλοιτο
933 1847 1099 1935 ντέως,
1155 1847 1323 1939 Agat-5;
1356 1875 1411 1929 δὲ
1445 1847 1704 1947 συ’χνάκις
1731 1847 1780 1906 Β
1811 1867 1953 1923 θετον
1974 1847 2331 1927 Ἃπόστολον.
2360 1847 2671 1946 Συννέὃησαν
2687 1847 2781 1932 οὖν
2805 1847 3198 1947 ἐν’·τῷνμεταξὺ
3224 1882 3389 1936 σκάν-

163 1953 400 2021 ὑπήρχετο
446 1955 535 2009 διὰ
576 1961 917 2027 μηνυμάτων
969 1961 1060 2014 τὸν
1112 1962 1386 2036 Ἰωάννην.
1427 1966 1485 2018 '0
1518 1969 1705 2036 μέντοι

163 2060 212 2111 γε
241 2044 479 2117 Ἰωάννης
532 2048 695 2102 τοῦτο
750 2050 851 2120 μὲν
900 2054 997 2107 καὶ
1025 2028 1145 2137 ταζς
1175 2055 1266 2108 τοῦ
1299 2055 1564 2126 βασιλέως
1597 2060 1707 2114 ἱκε-

165 2136 302 2199 τείαις
346 2137 633 2208 θηλυνθεὶς
665 2143 823 2208 τέως,
869 2136 1221 2226 ὑδριοπαθῶν
1245 2147 1301 2201 δὲ
1329 2149 1389 2201 τὸ
1414 2150 1575 2205 πλέον
1611 2152 1706 2206 ἐπὶ

168 2233 250 2290 τοῖς
268 2229 632 2302 ἀρχιερεῦσιν,
669 2232 743 2296 ώς
774 2235 933 2301 αὐτὸς
964 2237 1062 2307 μὲν
1097 2239 1404 2307 συναίροιτο
1432 2243 1584 2312 σφίσι
1611 2245 1706 2313 τῆς

98 2324 105 2331 ’
170 2321 355 2390 γνώμης
384 2324 478 2377 καὶ
508 2326 603 2377 τὸν
639 2327 943 2398 ἀφορισμὺν
977 2330 1155 2399 ίσταίη
1212 2332 1287 2392 ώς
1326 2332 1529 2406 ἔρυμα,
1561 2335 1705 2390 ἐκεί-

168 2430 252 2476 νοις
271 2414 318 2467 δὲ
345 2415 399 2482 ἐξ
438 2415 771 2473 ἐθελοκάκου
819 2419 1042 2492 γνώμης
1070 2423 1379 2495 προδιδοῦσι
1431 2427 1492 2480 τὸ
1527 2426 1705 2499 ἔρυμα

169 2502 355 2573 ἀτιμοῦν
378 2508 470 2561 καὶ
513 2508 678 2563 αὑτὸν
707 2511 872 2576 ἐπίοι,
906 2505 1445 2584 καταπροῖσαμένοις
1473 2518 1587 2587 ἅμα
1606 2519 1706 2589 μὲν

170 2683 338 2742 diserte
365 2686 554 2742 fuerit.
593 2688 670 2743 lta
702 2689 778 2744 hi.
808 2690 875 2745 At
909 2691 986 2746 illi
1020 2693 1114 2763 qui
1160 2692 1424 2751 Joannem
1459 2700 1508 2752 vi
1551 2699 1706 2770 jura-

169 2778 325 2841 tuenti,
362 2779 510 2848 quod
546 2796 675 2834 rere
739 2783 1113 2852 concepisset,
1146 2787 1521 2854 patriarchatu
1554 2791 1700 2845 exci-

172 2869 292 2923 disse
317 2871 736 2936 contenderant,
788 2880 849 2926 ut
899 2871 1004 2927 sibi
1047 2873 1157 2942 jam
1206 2885 1578 2932 consentanea
1630 2878 1708 2933 lo-

172 2973 435 3028 querentur
481 2972 536 3018 et
584 2955 839 3035 agerent,
878 2968 1040 3036 plane
1071 2965 1415 3023 aﬂlrmabant
1449 2985 1572 3024 eum
1607 2985 1705 3026 ne-

171 3068 258 3122 que
283 3057 597 3127 priusquam
639 3060 1266 3115 excommunicationem
1298 3062 1702 3131 pronuntiaret,

1807 1960 1963 2026 δαλα,
1986 1950 2086 2017 δᾰα
2120 1966 2211 2017 καὶ
2239 1964 2395 2035 ὑμεῖς
2419 1968 2620 2034 οἴδατε,
2653 1970 2740 2042 [Ρ.
2769 1970 2899 2042 265]
2953 1975 3046 2026 καὶ
3072 1973 3160 2027 διὰ
3194 1974 3255 2027 τὸ
3308 1978 3384 2046 μὴ

1808 2052 2229 2125 παραϐλαϐἧναι
2258 2056 2438 2128 ψυχήν
2464 2075 2608 2123 τινος
2639 2061 2966 2131 Χριστιανοῦ
3000 2069 3094 2117 καὶ
3123 2065 3213 2118 διὰ
3241 2066 3301 2117 τὸ
3320 2068 3381 2119 ἐν

1807 2144 1998 2217 είρήνῃ
2049 2147 2143 2199 καὶ
2198 2148 2529 2222 καταστάσει
2575 2145 2718 2204 εῖναι
2750 2152 2848 2223 τὴν
2895 2154 3054 2221 ἁγίαν
3103 2154 3200 2208 τοῦ
3246 2156 3384 2209 Θεοῦ

1821 2236 2143 2306 Ἐκκλησίαν
2183 2238 2513 2309 ὑπεχώρησα
2551 2242 2745 2310 καιρὸν
2804 2244 2899 2297 τοῦ
2947 2245 3139 2314 θρόνου
3192 2247 3286 2300 καὶ
3326 2249 3385 2301 ἐν

1805 2325 1883 2397 τῷ
1912 2326 2107 2398 κελλίῳ
2135 2344 2235 2397 μου
2263 2331 2669 2399 περικλεισθεὶς
2699 2334 3008 2405 ἐκαθήμην.
3077 2338 3386 2407 Ἀμφιὸάλ-

1806 2417 1950 2471 λοντι
1976 2418 2032 2472 δὲ
2061 2420 2155 2472 καὶ
2185 2418 2428 2492 δεομένῳ
2448 2422 2584 2476 Θεοῦ
2612 2424 2739 2495 περὶ
2767 2426 2972 2480 τούτων
3005 2429 3275 2497 ἐμφάνειά
3300 2446 3387 2493 τις

1808 2509 1925 2564 θεία
1958 2511 2171 2583 ἐπέστη⁵
2214 2527 2308 2581 μοι
2352 2511 2604 2581 λέγουσα,
2662 2534 2679 2565 ι
2715 2515 2778 2567 Ei
2822 2516 2998 2585 φιλεῖς
3052 2535 3140 2588 με,
3178 2520 3388 2591 Πέτρε,

1808 2686 1963 2742 illum
2005 2703 2035 2743 a
2095 2690 2294 2746 throno
2325 2702 2583 2749 arcerent
2616 2693 3044 2764 insuperabilem
3091 2696 3386 2762 erexisset,

1806 2779 2378 2835 excommunicatione
2413 2782 2778 2853 intorquenda
2812 2786 2867 2838 in
2901 2794 3096 2841 omnes
3131 2787 3224 2855 qui
3251 2803 3383 2841 eum

1808 2885 2131 2939 promovere
2167 2882 2541 2941 conarentur,
2574 2875 2888 2932 inconsulte
2937 2876 3043 2947 ipsi
3089 2889 3254 2948 atque
3297 2878 3387 2933 in-

1806 2967 1965 3029 grate
1992 2959 2085 3015 illo
2118 2963 2198 3029 uti
2232 2963 2498 3019 hactenus
2534 2966 2890 3037 negligerent,
2931 2969 3148 3039 sibique
3182 2971 3263 3024 sic
3292 2971 3388 3040 ju-

1807 3062 1949 3105 stam
1974 3053 2284 3121 praeberent
2306 3056 2533 3111 timendi
2563 3073 2789 3113 causam
2807 3076 2895 3126 ne,
2913 3063 3378 3130 quemadmodum

174 3166 319 3220 neque
371 3154 422 3206 irt
491 3153 613 3223 ipso
658 3153 1055 3223 pronuntiandi
1108 3163 1276 3223 actu,
1343 3157 1697 3224 patriarchali

1809 3139 1965 3211 381
2005 3142 2282 3212 propriam
2311 3144 2555 3215 ipsorum
2583 3150 2955 3217 securitatem,
2983 3152 3083 3218 sic,
3132 3165 3184 3207 et
3213 3155 3385 3209 multo

171 3238 310 3296 fuisse
362 3253 634 3314 potestate
694 3244 1003 3313 praeditum.
1042 3244 1222 3310 Quare
1275 3247 1482 3301 nullam
1542 3256 1705 3319 atque

171 3332 346 3387 irritam
386 3336 550 3391 istam
591 3351 716 3392 esse
748 3351 1043 3395 censuram
1085 3337 1494 3396 asseverabant.
1530 3339 1705 3395 Duce-

173 3421 302 3478 batur
325 3442 418 3495 per
454 3426 569 3480 haec
606 3425 728 3481 sine
762 3426 866 3481 (ine
913 3427 1330 3480 contentionum
1366 3426 1535 3492 funis,
1566 3427 1705 3483 adeo

172 3523 218 3566 ιιι
258 3528 508 3585 pertaesus
555 3526 884 3572 aeternarutn
915 3517 1327 3573 dissensionum
1381 3518 1703 3588 imperator,

168 3607 451 3679 inqnntlam
503 3610 822 3667 istiusmodi
881 3619 1255 3665 convcntuum
1291 3611 1437 3666 scire
1472 3611 1704 3682 cupiens

168 3702 294 3769 tujus
332 3713 482 3758 esset
522 3704 757 3774 quisque
779 3704 1088 3769 sententiae,
1127 3714 1419 3772 postquam
1454 3704 1704 3784 singulos

172 3793 567 3865 interrogasset,
632 3796 727 3866 qui
787 3806 1035 3864 perstare
1091 3795 1274 3849 adhuc
1325 3794 1592 3851 Joannem
1646 3797 1701 3851 in

170 3888 486 3954 patriarehali
515 3889 783 3958 dignitate
828 3898 1140 3955 censerent,
1176 3889 1368 3944 sedere
1415 3904 1520 3943 una
1552 3905 1705 3945 seor-

169 3995 285 4044 sum,
314 3983 401 4047 qui
438 3998 566 4038 vero
612 3992 667 4037 et
710 3981 842 4036 illud
872 3989 925 4036 et
953 3990 1214 4051 praeterea
1255 3982 1701 4039 excommunica-

168 4076 338 4129 tiunem
381 4076 447 4129 ab
474 4077 590 4140 illo
619 4077 783 4146 latam
818 4076 984 4129 ullius
1007 4090 1129 4129 esse
1174 4075 1387 4156 roboris
1417 4086 1701 4145 negarent,

168 4164 301 4219 simul
330 4183 389 4222 ex
442 4170 680 4223 adverso
729 4167 962 4236 jusserit
994 4168 1306 4223 considere.
1358 4168 1452 4222 Sic
1486 4169 1703 4238 agnitus

166 4264 208 4308 et
234 4256 335 4313 loco
366 4247 639 4313 discretos
668 4272 762 4312 eos
786 4257 880 4328 qui
918 4256 1288 4327 opinabantur
1320 4271 1509 4313 carere
1537 4257 1704 4315 Joan-

167 4360 266 4398 ttem
317 4347 607 4416 pontiﬁcali
657 4354 1339 4415 potestate,-congregatos
1386 4361 1634 4401 seorsum
1670 4360 1701 4401 a

166 4441 347 4497 caeteris
380 4442 431 4496 in
474 4439 680 4496 celebri
729 4439 932 4510 templo
984 4438 1085 4493 SS-
1117 4437 1531 4532 APOS‘O‘MW‘}
1562 4438 1699 4494 deu'
1727 4472 1783 4532 D

166 4526 332 4586 berare
355 4534 417 4588 de
445 4531 756 4588 Athanasio
793 4530 985 4600 jussit,
1034 4544 1288 4597 sperans,
1330 4540 1455 4599 post
1495 4529 1702 4586 frustra

168 4629 395 4680 tentatum
444 4633 530 4681 tot
590 4626 701 4680 illis
734 4623 1120 4694 superioribus
1152 4626 1512 4679 conventibus
1552 4624 1697 4679 viam

168 4726 355 4772 omnem
388 4718 723 4784 concordiae,
758 4717 952 4774 saltem
1014 4717 1113 4779 bos
1165 4718 1361 4773 adduci
1415 4732 1577 4788 posse
1629 4718 1698 4773 ad

170 4803 418 4866 latendum
469 4813 574 4868 sibi
614 4813 883 4867 hactenus
918 4819 1120 4881 optatae
1149 4812 1497 4866 restitutioni
1533 4812 1703 4864 Atha-

167 4901 300 4957 nasii.
357 4902 476 4974 Ipse
528 4903 750 4957 interim
820 4902 961 4957 nihil
1002 4904 1322 4973 relinquens
1376 4903 1697 4957 intentatum

166 4994 281 5055 Quod
311 5000 589 5064 proposito
632 4995 889 5058 serviret,
921 5007 979 5049 ttt
1022 4994 1476 5051 molestissimum
1508 4994 1698 5050 obsta-

168 5083 316 5139 culutn
346 5086 935 5143 excommunicationis
986 5101 1014 5139 a
1056 5083 1266 5140 Joanne
1316 5088 1542 5163 prolata
1599 5101 1702 5154 op-

172 5175 368 5239 positum
408 5179 631 5250 negotio
678 5177 1023 5241 amoliretur,
1065 5183 1303 5230 tractare
1336 5191 1458 5230 cum
1490 5174 1706 5235 Joanne.

172 5264 265 5331 ipso
297 5271 359 5325 de.
396 5272 487 5326 illa
536 5268 843 5326 revocanda
874 5270 1064 5323 crebra
1098 5279 1372 5323 certorum
1414 5268 1697 5321 hominum

175 5358 494 5419 tuissitatione
535 5378 650 5418 non
701 5360 1028 5417 desistebat.
1065 5359 1123 5412 ltt
1163 5375 1272 5428 quo
1318 5375 1545 5429 operam
1590 5372 1699 5412 non

175 5454 390 5515 perdidit.
441 5456 735 5511 Emollitus
796 5454 942 5509 enim
992 5451 1232 5506 Joannes
1277 5453 1437 5506 toties
1485 5450 1702 5505 iteratis

175 5544 367 5614 Augusti
410 5549 666 5619 precibus
685 5586 701 5613 ,
747 5557 1118 5617 praetereaque
1138 5541 1380 5598 oﬂensus
1407 5541 1700 5612 episcopis,

177 5637 334 5699 illibus
370 5657 490 5695 cum
546 5642 663 5696 fere
705 5638 1072 5695 communiter
1107 5651 1206 5690 sua
1256 5637 1497 5705 ipsorum
1533 5647 1701 5688 causa

179 5728 418 5787 Athanasii
464 5733 866 5790 restitutionem
899 5729 1280 5786 aversantibus
1301 5767 1316 5791 ,
1352 5742 1449 5796 pro
1480 5742 1540 5783 se
1581 5726 1699 5795 ipse

182 5816 398 5878 benevole
449 5824 754 5880 assentiens
806 5831 862 5878 et
912 5821 1244 5882 consulens,
1291 5834 1540 5891 aggerem
1589 5831 1699 5889 quo

1809 3234 2024 3289 scilicet
2054 3234 2299 3300 facilius,
2335 3253 2496 3292 suum
2527 3239 2701 3309 ipsius
2729 3242 2990 3297 honorem
3026 3244 3383 3314 imprudenti,

1807 3340 1915 3395 qua
1939 3326 2194 3393 ruebant,
2228 3327 2451 3385 levitate
2477 3330 2545 3385 ad
2585 3340 2892 3387 extremum
2934 3336 3251 3404 proderent,
3282 3340 3388 3391 itu-

1808 3417 2050 3488 peratori
2079 3423 2275 3474 annuit
2301 3421 2449 3491 quod
2481 3424 2765 3492 poscebat,
2800 3426 2901 3481 hoc
2941 3426 3006 3480 ad
3041 3427 3219 3497 ipsum
3255 3430 3390 3484 mis-

1808 3527 1872 3569 so
1918 3514 2167 3584 scripto:
2203 3532 2222 3565 ι
2268 3513 2497 3570 Domine
2526 3518 2643 3582 mi,
2697 3528 2884 3573 sancte
2940 3520 3274 3591 imperator,
3328 3531 3385 3577 et

1806 3622 1906 3662 vos
1931 3606 2112 3661 divina
2140 3613 2193 3657 et
2227 3621 2384 3661 sacra
2421 3609 2686 3678 synodus,
2733 3619 2898 3679 tuque
2931 3621 3177 3675 senatus,
3208 3621 3261 3666 et
3289 3615 3380 3680 qui

1806 3700 1986 3755 adstat
2033 3710 2194 3771 atque
2260 3701 2416 3757 audit
2457 3702 2667 3757 Domini
2723 3704 2979 3772 pupulus,
3030 3716 3297 3773 quorquot
3327 3707 3381 3760 itt

1806 3795 1953 3849 clero
1973 3794 2296 3859 cettsemini,
2342 3795 2543 3864 quique
2575 3795 2756 3848 habitu
2790 3796 3029 3863 insignes
3062 3797 3382 3850 monachico

1805 3887 1960 3949 estis,
1998 3897 2053 3941 et
2091 3886 2384 3940 multitudo
2414 3886 2641 3955 reliqua.
2678 3884 2791 3954 Ego
2833 3901 2900 3941 ex
2938 3886 3260 3941 ortltodoxis
3292 3901 3385 3956 ge-

1805 3979 2276 4035 nitoribusnatus
2323 3992 2387 4032 ac
2423 3984 2611 4032 sancte
2653 3978 2936 4042 educatus,
2977 3980 3128 4048 prius
3163 3979 3378 4048 quidem

1805 4071 2127 4130 sacerdotali
2160 4072 2413 4140 dignatus
2443 4070 2647 4125 honore
2683 4086 2823 4135 sum,
2855 4084 3041 4140 postea
3081 4072 3384 4126 monachus

1807 4167 2002 4232 factus,
2030 4164 2255 4232 judiciis
2277 4178 2399 4233 quae
2427 4162 2577 4218 novit
2608 4161 2769 4226 Deus,
2795 4164 2846 4218 itt
2880 4166 3134 4218 thronum
3163 4174 3384 4220 evectus

1804 4257 2223 4331 patriarchaletn
2280 4256 2354 4310 fui
2382 4298 2395 4322 ,
2438 4257 2612 4327 gratia
2658 4258 2892 4327 primum
2936 4272 3000 4312 ac
3043 4258 3383 4328 beneplacito

1806 4351 1924 4418 Dei,
1951 4351 2146 4406 deinde
2192 4351 2459 4416 consilio,
2510 4350 2809 4416 voluntate,
2861 4351 3127 4408 sententia
3177 4353 3381 4422 praevio

1807 4443 2058 4498 examine
2101 4441 2306 4511 perlata
2367 4450 2609 4497 vestrum
2665 4442 2909 4495 omnium
2967 4441 3059 4511 qui
3117 4440 3384 4510 dignitate

1810 4534 2199 4605 prtecminetis.
2250 4534 2306 4587 ln
2340 4548 2401 4587 ea
2437 4533 2701 4603 dignitate
2739 4537 2814 4587 uti
2867 4549 2952 4587 me
2984 4534 3249 4602 gesserim
3296 4535 3385 4603 pie

1810 4641 1874 4681 ac
1921 4635 2092 4687 recte.
2144 4626 2297 4679 novit
2352 4626 2505 4680 solus
2554 4626 2699 4680 Deus
2736 4640 2751 4679 :
2793 4625 3018 4694 gloriari
3051 4626 3194 4679 enim
3246 4626 3383 4681 mihi

1807 4734 1915 4774 non
1945 4718 2186 4788 expedit,
2238 4719 2389 4787 juxta
2438 4719 2619 4773 divum
2653 4717 2992 4785 Apostolunt.
3026 4717 3385 4787 contigerunt

1810 4821 1992 4864 autem
2031 4811 2244 4865 interim
2293 4809 2547 4866 scandala
2602 4814 2755 4880 (quot
2786 4812 3099 4880 qualiaque,
3138 4825 3230 4864 vos
3272 4810 3385 4864 sci—

1809 4902 1925 4972 tis),
1963 4902 2035 4958 ob
2086 4918 2226 4973 quae,
2256 4918 2324 4958 ne
2358 4904 2501 4973 quod
2554 4903 2680 4958 inde
2722 4913 3110 4957 nocumentuut
3149 4903 3383 4957 inferre-

1808 5005 1899 5050 tur
1952 4995 2250 5051 Christiani
2299 4994 2466 5050 ullius
2515 4997 2746 5060 animae,
2787 5003 2838 5050 et
2877 5010 2984 5063 quo
3029 4995 3082 5048 in
3138 5009 3267 5063 pace
3319 5009 3383 5048 ac

1809 5095 1955 5143 statu
1998 5088 2296 5156 tranquillo
2337 5095 2523 5141 sancta
2574 5086 2664 5140 Dei
2729 5086 2975 5141 Ecclesia
3017 5085 3379 5149 stabiliretur,

1807 5182 1945 5237 cessi
1988 5181 2054 5235 ad
2096 5188 2315 5246 tempus
2368 5181 2561 5234 throno
2615 5188 2666 5232 et
2733 5180 2928 5234 cellula
2985 5181 3207 5233 clausus
3263 5192 3380 5230 mea

1806 5271 2014 5341 quievi.
2054 5268 2256 5325 Oborta
2299 5278 2480 5324 autem
2548 5270 2678 5325 mihi
2732 5272 2785 5325 in
2836 5287 3053 5327 secessu
3106 5271 3196 5324 illo
3223 5269 3384 5322 dubi-

1810 5363 2022 5417 talione
2065 5375 2134 5413 an
2182 5361 2332 5414 bona
2366 5361 2466 5415 ista
2500 5372 2644 5417 esset
2693 5378 2757 5417 ac
2811 5361 2920 5417 Deo
2960 5362 3185 5431 probata
3219 5358 3377 5428 quies

1809 5466 1952 5514 mea,
1988 5466 2108 5503 cutn
2147 5452 2274 5520 quid
2318 5452 2423 5506 sibi
2466 5468 2633 5522 super
2675 5469 2740 5508 eo
2780 5453 2939 5508 cordi
2981 5462 3146 5513 εδει-ι,
3184 5460 3243 5504 ut
3275 5450 3377 5503 de-

1811 5550 2117 5597 monstrare
2151 5542 2486 5612 dignaretur,
2522 5544 2687 5599 Deum
2733 5561 2967 5607 orarent,
2996 5543 3201 5612 species
3228 5554 3377 5609 quae-

1807 5635 1932 5688 dam
1964 5634 2149 5687 divina
2200 5637 2578 5705 superadstitit
2629 5638 2760 5691 mihi
2807 5637 3036 5690 dicens:
3076 5652 3095 5683 t
3130 5633 3184 5685 Si
3216 5645 3374 5686 amas

1808 5741 1920 5788 me.
1959 5726 2140 5789 Petre,
2174 5741 2337 5796 pasce
2366 5714 2498 5783 oves
2533 5743 2702 5782 meas.
2743 5748 2761 5780 ι
2791 5727 2996 5781 Rursus
3044 5725 3209 5791 igitur
3243 5737 3374 5789 pro-

1809 5827 1929 5886 pler
1949 5817 2050 5872 hoc
2071 5817 2208 5873 redii
2228 5818 2293 5872 ad
2315 5819 2595 5874 thronum.
2616 5818 2880 5885 Quoniam
2905 5831 3030 5870 vero
3051 5819 3245 5868 iterum
3260 5828 3379 5869 tuo-
