3768 6546
429 354 544 424 419

1621 373 1944 434 GEORGII
1990 373 2476 434 PACiIYMERfE

3576 379 3665 443 4⁵20

434 481 692 546 ποῐμαινε
751 475 819 528 τὰ
869 475 1118 545 πρόϐατά
1170 494 1291 548 μου.
1330 500 1347 532 ι
1391 481 1558 536 Πάλιν
1611 483 1704 536 οὖν
1732 485 1819 538 διὰ
1847 485 2004 538 τοῖιτο
2036 493 2084 548 Α
2114 484 2178 555 ζ’.
2215 484 2354 562 Περὶ
2391 480 2674 562 τῆςιτῶν
2721 483 3042 562 ἀρχιερέως
3091 483 3163 538 ἐν
3200 483 3284 562 ft}?
3333 485 3455 562 τίῆν
3504 490 3664 560 ἁγίων

437 567 669 636 ἀνῆλθον
700 568 778 631 εἰς
795 567 884 622 τὸν
911 567 1120 639 θρόνον.
1166 569 1318 624 Ἐπεὶ
1351 571 1407 625 δὲ
1435 572 1528 626 καὶ
1550 569 1706 638 αὖθις
1735 576 2012 630 ἐκινοῦντο

439 661 702 731 μειζόνως
752 661 823 715 τὰ
856 661 1128 716 σκάνδαλα
1160 666 1254 716 καὶ
1288 667 1320 735 ὴ
1358 667 1684 740 ’Ἐκκλησία
1718 669 1806 724 διά
1853 669 2012 724 τοῦτο

437 753 713 824 ὑϐρίζετο.
749 753 911 806 πάλιν
935 755 1031 822 τῆς
1059 753 1329 824 καθέδρας
1354 758 1578 828 ἐξέστην
1606 763 1704 831 τῆς
1738 778 2012 833 πατριαρ-

435 847 597 914 χικῆς
653 846 742 900 διὰ
776 846 878 914 τὴν
921 847 1146 918 εἰρήνην
1193 849 1386 921 αὑτὴν.
1452 853 1606 904 Ἐπεὶ
1641 853 1696 906 δὲ
1735 855 1830 906 καλ⁵
1856 850 2012 918 αὖθις

435 938 650 1003 ἐγένετο
693 937 818 990 ὅσον
864 937 1183 1005 γινώσκετε,
1227 943 1324 994 καὶ
1353 943 1661 1013 ἀφορισμδς
1694 946 2010 1018 ἐξειρωνήθη

438 1047 529 1099 μοι
578 1030 718 1084 κατά
763 1029 858 1082 τοῦ
891 1030 1318 1097 ἀναϐιϐἀ-σοντος
1349 1036 1442 1088 ἐπὶ
1481 1036 1572 1088 τὸν
1613 1040 2012 1110 πατριαρχικδν

437 1122 624 1191 Θρόνον
649 1123 742 1175 τὸν
768 1120 927 1193 κύριν
969 1123 1288 1178 ’Δθανάσιον
1315 1126 1404 1180 διὰ
1430 1129 1488 1180 τὺ
1514 1129 1694 1182 δοκεῖν
1720 1131 1820 1198 τὴν
1843 1129 2010 1183 αὑτοῦ

435 1213 698 1267 ἀνάϐασιν
731 1214 952 1284 βαρεῖαν
977 1215 1112 1268 πᾶσι
1142 1217 1235 1269 καὶ
1269 1218 1505 1289 ἐπαχθῆ,
1539 1221 1698 1289 ὑμεῖς
1729 1221 1781 1273 δὲ
1809 1221 2011 1292 ἀρτίως

435 1303 496 1353 οὑ
521 1301 742 1371 δέχεσθε
763 1303 952 1357 τοῦτον
997 1305 1194 1376 δηλαδὴ
1233 1311 1325 1358 τὸν
1371 1310 1679 1379 ἀφορισμδν
1708 1309 1783 1371 ὡς
1817 1309 1894 1380 μὴ
1921 1313 2014 1363 ὲκ-

437 1395 757 1463 φωνηθέντα
813 1399 1135 1463 κανονικώς,
1175 1398 1250 1461 ὡς
1300 1399 1512 1468 λέγετε,
1557 1400 1662 1454 ἰδοὺ
1725 1402 1820 1454 καὶ
1848 1401 2011 1466 αὑτὸς

435 1490 558 1542 ὅσον
582 1491 641 1540 τὸ
661 1489 754 1540 τοῦ
785 1489 1098 1558 ἀφορισμοῦ
1122 1489 1363 1556 ἀπολύω,
1398 1493 1493 1544 καὶ
1517 1493 1828 1548 παντάπασι
1855 1493 2010 1546 λελυ-

439 1579 602 1646 μένον
626 1578 733 1647 ἔχω
765 1578 946 1641 αὑτὸν,
979 1580 1038 1631 οὑ
1072 1579 1254 1649 μέντοι
1297 1581 1394 1651 τὴν
1428 1583 1690 1636 ἀνάϐασιν
1721 1584 1884 1636 αὑτοῦ
1925 1585 2012 1638 εὑ-

435 1667 596 1722 δοκῶ.
626 1668 749 1732 Πῶς
783 1669 991 1739 γὰρᾶν
1025 1670 1189 1724 αὑτὸν
1235 1673 1330 1724 καὶ
1357 1670 1581 1742 δέξομαι
1621 1673 1696 1735 ὡς
1725 1675 2006 1745 ἀρχιερέα,

437 1758 724 1828 ἄνθρωπον
745 1761 1194 1833 κατηγορηθέντα
1213 1765 1307 1816 καὶ
1329 1763 1651 1833 ὑϐρισθέντα
1677 1767 1770 1818 καὶ
1790 1768 2009 1836 χείρονα

2291 553 2658 609 ἀποστόλων
2687 554 2810 618 rae}
2838 553 3152 618 σιινιὶξεως
3189 554 3288 608 διὰ
3319 559 3523 613 ταῦτα.

2192 667 2280 740 [Ρ.
2313 669 2444 740 266]
2488 667 2702 738 Ἡμέρα
2733 668 2830 737 μὲν
2860 663 2953 723 οὖν
2996 669 3324 742 Παρασκευὴ
3355 668 3443 742 ἦν,
3473 675 3668 748 πρώτην

2119 763 2174 816 δὲ
2205 764 2320 832 μετ’
2339 761 2528 815 εἰκάδα
2551 763 2578 812 ὁ
2603 763 2722 814 κατ’
2766 762 3083 832 Ἀθηναίους
3115 764 3552 836 Μαιμακτηριὼν
3575 773 3664 839 μὴν

2118 850 2242 925 ἦγε,
2279 853 2375 906 καὶ
2403 855 2430 906 ό
2457 853 2709 924 βασιλεὺς
2745 854 2804 906 τὸ
2831 856 3070 924 γράμμα
3110 856 3346 926 ἐδέχετο.
3394 859 3460 911 Ὃ
3499 860 3558 931 δὴ
3585 864 3662 916 καὶ

2121 949 2202 1010 είς
2237 945 2512 1016 προῦπτον
2558 946 2656 1016 μὲν
2687 947 2778 999 καὶ
2813 947 3106 1017 πασίδηλον
3137 950 3237 1002 οὐκ
3263 948 3496 1004 ἐδείκνυ.
3539 953 3666 1019 Τέως

2121 1037 2380 1103 συλλέξας
2416 1039 2691 1108 ἀρχιερεῖς
2718 1041 2810 1092 καὶ
2841 1039 3134 1108 κληρικοὺς
3169 1041 3266 1110 τὴν
3312 1042 3465 1096 λύσιν
3504 1046 3666 1118 ἐδήλου

2119 1129 2214 1182 τοῦ
2243 1130 2569 1201 ἀφορισμοῢ,
2603 1133 3000 1200 παρεμφαίνων
3032 1135 3125 1186 καί
3163 1151 3304 1187 τισιν
3343 1137 3404 1202 ἐξ
3435 1139 3600 1190 αὐτῶν
3621 1144 3670 1194 τὸ

2117 1224 2377 1294 γράμμα.
2411 1225 2519 1276 Καὶ
2548 1223 2624 1293 τῷ
2650 1224 2922 1288 ἐντεῦθεν,
2957 1227 3077 1279 ἐπεὶ
3107 1227 3206 1280 οὑκ
3233 1225 3300 1298 ἦν
3334 1229 3461 1284 ἀλλο
3488 1235 3666 1300 ἐφὲξον,

2117 1315 2194 1378 ὡς
2219 1316 2414 1377 ἐδόκει,
2450 1316 2550 1387 τὴν
2594 1317 2814 1388 πρᾶξιν,
2872 1318 3084 1373 πολλῶν
3144 1321 3551 1391 ὑπονοουμένων
3591 1329 3666 1380 καὶ

2118 1408 2292 1462 ἄλλων
2320 1409 2462 1462 κατά
2488 1411 2546 1462 τὸ
2577 1411 2820 1480 λεληθὸς,
2850 1413 2998 1482 ὅμως
3035 1413 3108 1477 ὡς
3140 1414 3302 1484 δῆθεν
3331 1421 3666 1486 περιαιρεσξεί-

2119 1517 2218 1572 σης
2243 1505 2351 1566 τοῖς
2387 1504 2703 1574 ἀρχιερεῦσι
2730 1505 2826 1574 τῆς
2855 1505 3066 1558 ἐκεῖθεν
3089 1511 3437 1576 προφάσεως,
3482 1511 3654 1564 Σώεά

2116 1609 2210 1646 του
2243 1595 2336 1647 τοῦ
2391 1597 2638 1656 ἐπιόντος
2678 1598 2774 1650 καὶ⁸
2827 1599 3114 1668 Κυριακῆς
3167 1602 3260 1653 ἐπὶ
3313 1601 3488 1673 τούτῳ
3529 1605 3663 1673 ἐντί»

2117 1684 2246 1756 Θείῳ
2275 1686 2336 1756 δὴ
2360 1687 2523 1742 πάλιν
2557 1689 2666 1742 τῶν
2695 1690 2868 1758 ἀγίων
2894 1691 3212 1747 ἀποστόλων
3239 1694 3338 1748 καὶ
3366 1699 3663 1766 περιωνύμῳ

2115 1778 2228 1849 ναῷ
2254 1781 2584 1850 προσέταττε
2619 1785 2950 1852 συνάγεσθαι
2988 1786 3222 1852 πάντας,
3259 1789 3356 1840 καὶ
3393 1791 3554 1860 μηδὲν
3584 1792 3662 1843 κύ-

435 1853 468 1920 '7‘,-
496 1851 605 1920 ἐγὼ
637 1852 835 1922 μικροῦ
868 1853 978 1906 δεῖν
1012 1857 1106 1907 καὶ
1140 1855 1218 1918 εις
1270 1857 1441 1926 αὐτὴν
1473 1856 1574 1926 τὴν
1609 1857 1895 1910 εὐσέϐειαν
1921 1859 2012 1912 αὖ’
2043 1856 2084 1910 Β
2113 1873 2226 1940 κλφ
2278 1874 2776 1947 περιϐαλλομένους
2823 1878 3080 1949 ὁμονοίας
3129 1881 3358 1950 τρίϐους
3401 1886 3563 1938 ποιεῖν
3591 1887 3664 1938 καὶ

435 1939 556 2005 τοῦ,
588 1940 763 2004 ἄλλως
791 1957 849 1994 τε
897 1942 994 1996 καὶ
1023 1944 1508 2014 παραιτησάμενον
1536 1945 2012 2016 έκκλησιαστικῶς

437 2033 534 2086 καὶ
569 2035 901 2100 κανονικῶςς
939 2035 1126 2088 Ταῦτα
1157 2035 1300 2104 λέγω
1337 2037 1471 2090 πᾶσι
1511 2037 1606 2090 καὶ
1646 2039 2014 2110 διαμαρτύρο-

440 2141 558 2192 μαι.
599 2125 661 2177 Ei
697 2141 747 2178 τι
776 2125 832 2178 δὲ
867 2123 1049 2195 συμϐῇ
1084 2125 1224 2194 μετά
1255 2126 1447 2192 ταῦτα,
1480 2126 1637 2196 ὑμεῖς
1666 2127 1899 2197 ὄψεσθε·
1949 2127 2012 2181 τὸ

436 2216 544 2285 γάρ
580 2215 846 2285 ἡμέτερον
881 2213 1028 2268 ἆπαν
1060 2213 1361 2285 δεδήλωκα.
1399 2215 1457 2270 ’0
1483 2217 1538 2270 δὲ
1566 2216 1698 2283 Θεὸς
1732 2219 1831 2290 τῆς
1863 2220 2011 2290 519i;-

436 2321 558 2374 νης,
587 2307 614 2358 ὁ
651 2306 713 2358 τὸ
748 2305 881 2358 ἴδιον
913 2299 1056 2374 αἷμα
1107 2305 1232 2369 δοὺς
1285 2307 1426 2376 ὑπὲρ
1464 2306 1567 2376 τῆς
1624 2307 1786 2376 ἁγίας
1838 2310 2008 2364 αὑτοῦ

445 2399 801 2470 Ἐκκλησίας,
839 2399 998 2462 αὑτὺς
1030 2401 1236 2469 ταύτης
1273 2401 1490 2468 ποιήσοι
1513 2403 1575 2454 τὸ
1599 2401 1882 2472 συμφέρον
1915 2403 2010 2456 καὶ

433 2491 703 2560 είρηναῖον
726 2493 824 2545 καὶ
844 2492 1258 2547 ἀστασίαστον.»
1290 2491 1355 2545 Ἢ
1378 2492 1720 2564 ὑπογραφὴ,‹
1755 2494 1814 2548 '0
1833 2495 2008 2560 ἀϐϐᾶς

445 2583 721 2652 Ἰωάννης.
764 2599 786 2635 ι

431 2762 701 2841 vehantur
728 2761 990 2832 majorem
1019 2763 1074 2819 in
1093 2767 1317 2823 modum
1347 2769 1604 2826 scandala
1635 2777 1689 2825 et
1708 2771 1872 2843 382
1907 2773 2008 2828 Ec-

431 2857 594 2910 clesia
613 2864 837 2928 propter
865 2857 968 2914 hoc
992 2857 1336 2916 adiciebatur
1355 2865 1731 2929 contumeliis,
1758 2869 2006 2922 secundo

428 2963 460 3002 e
487 2949 751 3003 cathedra
794 2951 1159 3020 patriarchica
1198 2953 1500 3021 descendi,
1542 2957 1794 3012 eumdem
1842 2974 2004 3026 quem

430 3041 582 3108 prius
608 3040 832 3096 intuens
860 3057 1087 3112 scopum
1121 3047 1272 3114 pacis
1319 3061 1444 3102 meo
1488 3063 1710 3104 secessu
1751 3059 2000 3105 statuen-

429 3133 533 3188 dte.
569 3131 866 3205 Postquam
917 3147 1097 3192 autem
1137 3138 1338 3194 deinde
1377 3141 1656 3212 contigere
1687 3158 1810 3212 qua:
1849 3144 2002 3199 vobis

429 3231 560 3279 sunt
592 3227 832 3294 cognita,
882 3222 938 3282 οἱ
991 3231 1492 3286 excommunicatio
1525 3233 1879 3301 pronuntiata
1919 3246 2003 3288 est

429 3331 458 3370 a
495 3331 579 3372 me
625 3317 679 3370 in
733 3333 860 3372 eum
895 3321 988 3388 qui
1037 3320 1332 3376 restituere
1356 3330 1657 3377 attentaret
1683 3325 1882 3378 throno
1910 3339 2010 3394 pa-

427 3410 712 3466 triarchali
739 3413 1022 3468 dominum
1056 3414 1444 3483 Athanasium,
1468 3417 1615 3488 quod
1645 3418 1778 3472 mihi
1825 3419 2004 3473 futura

427 3503 709 3558 videretur
733 3505 904 3575 hujus
945 3507 1258 3563 istiusmodi
1292 3509 1792 3578 promotio-odiosa
1831 3511 2008 3566 omni-

428 3597 532 3652 bus
561 3605 616 3652 et
650 3599 905 3664 molesta,
939 3616 1036 3657 vos
1057 3616 1188 3657 vero
1219 3616 1386 3672 super
1417 3604 1524 3658 ista
1558 3619 1754 3659 recens
1783 3618 2008 3658 excom-

429 3691 802 3746 municatione
854 3695 1094 3748 consulti
1147 3708 1257 3749 non
1310 3693 1603 3750 admittitis
1653 3695 1826 3758 illam,
1865 3705 2006 3750 tam-

429 3797 616 3851 quam,
653 3792 712 3837 ut
753 3783 954 3850 dicitis,
992 3800 1101 3840 non
1134 3787 1207 3842 sit
1235 3785 1503 3844 canonice
1535 3790 1766 3858 perlata,
1801 3805 1869 3846 en
1902 3807 2004 3861 ego

429 3880 574 3933 ultro
624 3879 764 3947 ipse,
805 3878 1186 3948 qualecunque
1231 3889 1317 3935 est
1375 3891 1470 3935 aut
1526 3895 1650 3937 esse
1687 3892 1865 3952 potest
1911 3899 2007 3939 ex-

427 3971 952 4026 cmnmunicatiouis
987 3971 1148 4028 istius
1178 3973 1458 4028 vinculum
1493 3975 1670 4042 solvo,
1705 3991 2004 4032 rcvocans-
2065 3979 2072 3986 ’

427 4081 534 4134 quc
585 4065 734 4118 illam
790 4079 891 4135 pro
938 4065 1184 4120 relaxata
1238 4065 1500 4138 deinceps
1529 4070 1916 4139 neminemque
1946 4069 2001 4124 in

426 4160 710 4226 posterum
753 4157 956 4226 ligante
1001 4158 1204 4212 habeo.
1245 4158 1432 4229 Neque
1476 4169 1658 4215 tamen
1699 4164 1753 4215 in
1792 4161 2002 4216 domini

423 4249 714 4304 Athanasii
763 4265 1075 4320 regressum
1139 4250 1206 4304 ad
1255 4251 1517 4307 thronum
1571 4255 1635 4310 de
1681 4262 1882 4308 caetero
1917 4269 2007 4308 as-

425 4341 656 4394 sentior.
689 4337 980 4406 Quomodo
1025 4339 1178 4394 enim
1215 4341 1396 4410 ipsum
1457 4344 1510 4395 in
1564 4340 1877 4410 pontiﬁcem
1906 4339 2003 4392 ad-

427 4437 669 4501 mittam,
703 4436 979 4491 hmniuem
1012 4447 1332 4492 accusatum
1358 4445 1414 4493 et
1444 4436 1808 4495 deformatum
1845 4438 2001 4506 igno-

2111 1965 2317 2020 τούτων
2349 1967 2634 2036 ἅπτεσθαι,
2668 1969 2744 2034 ὡς
2776 1973 2837 2024 οὑ
2861 1973 3055 2042 τριϐὰς
3088 1975 3183 2028 τοῦ
3215 1977 3418 2048 καιροῦ
3447 1979 3657 2046 χωροῦν-

2110 2071 2222 2120 τος.
2254 2059 2450 2128 Γέγονε
2485 2058 2644 2114 τοῦτο
2670 2063 2814 2116 κατὰ
2838 2063 2935 2134 τὴν
2967 2066 3288 2134 πρόσταξιν,
3318 2067 3412 2122 καὶ
3435 2069 3506 2137 τῷ
3533 2069 3657 2139 τόπῳ

2114 2149 2466 2221 συναγόμενοι
2489 2153 2714 2222 ἀπεῖχον
2746 2155 2926 2226 πολλῷ
2957 2157 3055 2219 τάς
3081 2157 3308 2228 γνώμας
3332 2159 3426 2212 καὶ
3447 2161 3660 2229 ὁμονοεῖν

2111 2240 2211 2294 οὑκ
2247 2239 2516 2298 ἐδύναντο.
2573 2244 2730 2299 Ἐπεί⁹
2760 2242 2855 2300 οὖν
2902 2249 3140 2318 πέμπων
3201 2252 3228 2304 δ
3281 2249 3584 2321 βασιλεὺςὸ
3619 2271 3658 2307 τι

2109 2329 2321 2398 λέγοιεν
2352 2332 2708 2398 ἐπυνθάνετο,
2742 2337 2964 2408 είκοστῇ
2994 2339 3156 2411 τρίτῃ
3191 2342 3364 2411 μηνὸς
3387 2343 3477 2394 τοῦ
3500 2342 3657 2407 αὑτοῦ,

2110 2423 2240 2490 περὶ
2266 2423 2324 2476 τὸ
2352 2425 2453 2494 τῆς
2501 2427 2848 2498 μεσημϐρίας
2891 2432 3242 2499 μεσαίτατον,
3289 2433 3490 2498 ἐπιϐὰς
3520 2435 3658 2488 inme

2108 2514 2198 2567 τὸν
2221 2513 2364 2568 οεῖον
2389 2521 2803 2591 καταλαμϐάνει
2831 2523 2940 2576 τῶν
2969 2525 3284 2579 ἀποστόλων
3317 2529 3465 2581 ναόν.
3493 2529 3587 2580 Καὶ
3608 2531 3659 2581 τὰ

2111 2605 2280 2660 πολλά
2317 2613 2666 2680 συγγεγονὼς
2697 2603 2903 2683 σφίσιν,
2937 2616 3061 2671 ἐπεὶ
3092 2618 3193 2672 οὑκ
3221 2614 3290 2682 ἦν
3326 2619 3386 2673 τὸ
3430 2621 3656 2692 παράπιν

2107 2782 2365 2850 dicimus,
2402 2788 2576 2857 prima
2622 2805 2750 2847 vero
2793 2799 2918 2864 post
2955 2795 3276 2853 vicesimam
3337 2798 3454 2856 dies
3485 2803 3657 2861 mensis

2108 2875 2363 2946 Augusti.
2440 2880 2532 2946 qui
2599 2881 3036 2941 Atheniensibus
3110 2888 3511 2947 Mmoacterion
3571 2907 3654 2958 est,

2107 2967 2328 3035 quando
2361 2969 2665 3040 imperator
2696 2973 2801 3029 hoc
2839 2978 3106 3046 scriptmu
3134 2985 3372 3052 accepit.
3410 2983 3464 3038 lii
3493 2987 3651 3041 statim

2108 3057 2282 3127 palam
2320 3076 2429 3114 non
2463 3067 2760 3120 ostentavit
2799 3068 2960 3140 333
2994 3072 3082 3125 ille
3117 3075 3344 3142 quidem
3376 3087 3468 3132 aut
3499 3090 3652 3133 notum

2109 3149 2285 3206 facere
2318 3151 2801 3214 indiscriminatim
2827 3167 3086 3220 omnibus
3123 3167 3319 3224 voluit.
3349 3170 3652 3228 Convocatis

2117 3251 2298 3300 tamen
2322 3247 2596 3319 episc0pis
2617 3260 2666 3304 ct
2689 3253 2906 3308 clericis
2923 3258 3252 3328 signiﬁcavit
3276 3266 3650 3320 revocatimxem

2115 3341 2740 3410 excommunieationis;
2807 3357 2860 3402 et
2921 3352 3188 3422 scriptum
3262 3354 3510 3422 Joannis,
3563 3371 3652 3426 qua

2115 3437 2270 3495 parte
2326 3429 2596 3488 duntaxat
2650 3435 2800 3492 illius
2861 3443 3256 3496 relaxationem
3322 3447 3650 3517 exprimebat,

2114 3521 2444 3588 quibusdam
2477 3541 2542 3579 ex
2581 3527 2666 3582 his
2699 3529 2960 3586 ostendit.
3002 3533 3396 3604 Exceptionem
3427 3541 3650 3594 nimirum

2115 3613 2322 3683 scripto
2345 3619 2652 3685 appositam
2699 3631 2891 3676 contra
2926 3629 3334 3694 promotionem
3375 3633 3650 3696 Athanasii,

2113 3719 2184 3760 ne
2229 3707 2445 3762 obesset
2497 3713 2738 3780 negotio,
2795 3715 3252 3772 manifestandam
3295 3739 3406 3776 non
3454 3725 3651 3794 putavit,

2114 3814 2338 3870 pronam
2381 3802 2505 3857 hinc
2538 3803 2807 3860 ﬂitxtn-am
2850 3825 3013 3878 quam
3047 3815 3274 3883 urgebat
3303 3831 3415 3870 rem
3445 3819 3648 3871 arbitra-

2114 3901 2225 3958 tus,
2255 3892 2301 3948 si
2325 3902 2536 3950 tantum
2570 3897 2949 3957 declarare-tur
2975 3906 3180 3959 ammio
3207 3912 3469 3976 prmeipui
3501 3910 3652 3964 hacte-

2115 3997 2221 4039 nus
2267 3986 2313 4040 ei
2355 3989 2576 4045 obstare
2617 3993 2717 4046 visi
2759 3998 2939 4064 palam
2979 3999 3382 4069 impedimenti,
3427 4003 3646 4058 nimirum

2113 4080 2702 4138 “communicationis
2745 4100 2774 4138 a
2807 4085 3018 4143 Joanne
3048 4090 3190 4156 latae,
3217 4095 3468 4162 quamvis
3491 4105 3537 4148 et
3563 4095 3648 4146 alia

2111 4181 2221 4222 non
2246 4169 2455 4224 minora
2487 4174 2587 4227 hoc
2615 4176 2898 4232 obstacula
2931 4182 3020 4234 isti
3051 4189 3162 4236 tam
3197 4185 3397 4240 merito
3424 4197 3649 4242 exaucto-

2112 4261 2216 4313 rati
2245 4261 2372 4314 olitn
2412 4263 2652 4320 hominis
2686 4273 3149 4328 redauctorationi
3175 4280 3382 4346 opponi
3407 4282 3554 4333 tacite
3577 4277 3647 4332 alii

2111 4361 2496 4421 suspectantes
2559 4367 2937 4416 autnmaruut.
3010 4364 3295 4434 Angustus
3366 4371 3538 4440 igitur.
3598 4387 3646 4424 ea

2109 4457 2272 4512 quam
2317 4443 2427 4498 dixi
2477 4461 2574 4516 spe
2619 4463 2956 4518 processura
3007 4460 3248 4512 Secundo
3295 4477 3480 4524 cursu,
3530 4465 3646 4516 velut

427 4531 600 4584 minia
633 4529 878 4584 nondum
912 4531 1186 4593 abstersa.
1237 4533 1476 4601 denique
1523 4532 1727 4601 pejoris
1759 4529 1826 4584 ad
1874 4532 1997 4594 hoc,
2036 4560 2076 4612 ο
2108 4536 2259 4590 omni
2311 4553 2523 4592 remora
2577 4543 2814 4606 sublata,
2863 4546 2918 4600 in
2969 4551 3363 4620 episcoporum
3414 4555 3646 4610 delibera-

427 4635 588 4689 quam
637 4635 740 4691 ego
787 4623 888 4675 situ
939 4621 1079 4692 ipse,
1120 4623 1480 4685 conditionis,
1511 4625 1646 4677 adeo
1689 4622 1910 4692 quidem
1943 4628 2002 4676 ut

429 4727 617 4780 parum
663 4713 807 4767 absit
851 4715 984 4782 quin
1022 4716 1088 4769 de
1123 4715 1388 4784 religione
1418 4713 1536 4782 ejus
1593 4728 1802 4782 sequam
1841 4713 2002 4767 dubi-

427 4805 574 4858 tandi
605 4819 826 4858 causam
864 4802 1120 4874 pra-heat,
1157 4807 1458 4875 praesertim
1501 4817 1625 4856 cum
1681 4818 1848 4873 super
1887 4807 2001 4860 haec

425 4898 610 4950 omnia
639 4898 1006 4966 patriarehatu
1063 4900 1178 4966 ipse
1221 4897 1426 4950 dudum
1475 4897 1620 4949 ultro
1646 4897 1877 4977 cesserit
1905 4913 1998 4952 ec-

425 4992 737 5044 clesiastico
801 5005 864 5044 at:
908 4991 1210 5044 canonice?
1267 4989 1392 5043 Hmc
1441 4989 1700 5043 omnibus
1759 4988 1883 5043 dico
1942 4998 1997 5042 ct

425 5089 730 5135 contestor.
783 5081 838 5134 Si
891 5081 1023 5151 quid
1061 5093 1191 5134 vero
1237 5083 1468 5149 posthac
1522 5095 1686 5134 secus
1716 5095 1878 5150 quam
1912 5078 1996 5135 las

425 5175 592 5227 riserit
627 5174 863 5241 accidat,
897 5190 991 5230 vos
1037 5173 1308 5228 videritis.
1363 5173 1541 5227 Meum
1577 5175 1725 5228 enim
1770 5189 1993 5228 sensum

426 5270 583 5334 plane
631 5265 928 5320 declaravi.
970 5266 1111 5321 Deus
1145 5275 1326 5320 autem
1374 5265 1550 5334 pacis,
1583 5267 1674 5336 qui
1708 5268 1990 5336 preprium

425 5375 522 5427 pro
559 5369 748 5413 sancta
781 5357 1026 5414 Ecclesia
1067 5359 1198 5412 dare
1235 5361 1550 5428 sanguinem
1582 5375 1690 5414 non
1720 5361 1990 5430 pepercit,

425 5451 540 5519 ipse
597 5451 743 5518 quod
801 5450 928 5504 huic
977 5450 1201 5516 expedit
1253 5451 1318 5504 ad
1377 5466 1560 5522 pacem
1608 5462 1662 5507 et
1701 5453 1988 5507 turbarum

423 5541 756 5596 amotioumn
777 5539 956 5594 faciat.
985 5560 1005 5592 ι
1032 5541 1377 5612 Subscriptio
1403 5560 1418 5598 :
1445 5562 1463 5594 ι
1485 5541 1666 5599 Abbas
1681 5543 1940 5600 Joannes.
1964 5563 1983 5597 ι

424 5653 472 5706 7.
511 5653 586 5706 De
611 5651 970 5720 epiccoporum
1007 5655 1059 5705 in
1081 5665 1378 5708 sanctorum
1411 5662 1769 5724 apostolorum
1795 5657 1987 5726 templo

913 5734 1158 5777 conuentu
1195 5741 1350 5794 super
1385 5727 1486 5779 his.

496 5810 650 5864 iii-ria
681 5821 796 5865 erat
836 5811 1187 5868 hcb.!otnznl;r-
1221 5826 1394 5881 si-xla,
1427 5835 1589 5888 quam
1619 5822 1980 5882 Parasccvctn

2108 4629 2256 4684 tione
2311 4633 2667 4700 repositionis
2716 4639 3000 4694 Athanasii
3035 4643 3089 4695 in
3127 4645 3341 4710 sedem,
3383 4651 3643 4700 convenire

2103 4721 2282 4774 denuo
2304 4723 2426 4778 illos
2457 4737 2652 4780 omnes
2687 4727 2754 4780 ad
2786 4727 2890 4784 hoc
2919 4733 3110 4800 jussit,
3143 4732 3386 4790 Sabbato
3414 4748 3467 4792 et
3491 4739 3639 4792 Domi.

2102 4812 2225 4866 nica
2295 4817 2588 4884 insecutis;
2643 4820 2786 4889 apttd
2837 4838 3051 4877 sacram
3110 4827 3278 4882 a'detn
3347 4829 3638 4886 Sanctorum

2101 4904 2511 4974 Apostolorum,
2539 4914 2890 4978 praemonitos
2919 4924 2975 4968 ut
3003 4917 3138 4972 nihil
3168 4919 3276 4989 iam
3307 4923 3450 4976 circa
3480 4924 3637 4977 Ol'lli'lll

2100 5009 2352 5050 errarent
2390 4999 2602 5055 frivolis
2633 5005 2939 5075 allegandis
2967 5013 3346 5079 prmtextibus,
3376 5016 3466 5070 sed
3495 5025 3638 5070 rectas

2101 5088 2346 5142 facerent
2371 5092 2486 5148 vias
2514 5099 2842 5162 concordiae,
2885 5101 3051 5169 idque
3077 5113 3134 5158 ut
3166 5107 3368 5160 suuuui
3411 5107 3636 5162 momenti

2099 5182 2376 5247 negotium
2411 5185 2559 5240 serio
2581 5189 2799 5244 tandem
2843 5209 3194 5263 capesserent
3233 5215 3246 5251 :
3278 5215 3345 5254 eo
3362 5203 3548 5270 quippe
3568 5214 3636 5252 res

2099 5273 2455 5342 processisse,
2484 5287 2540 5330 ut
2565 5294 2730 5334 morae
2753 5285 2991 5352 amplius
3011 5289 3169 5344 nulla:
3191 5289 3425 5347 ferenda:
3449 5292 3636 5346 videan-

2097 5371 2208 5420 tur.
2243 5365 2514 5424 Fccerunt
2553 5355 2816 5442 imperata
2858 5379 2932 5432 illi
2971 5379 3236 5439 hactenus
3275 5395 3332 5439 ut
3384 5387 3548 5440 locum
3589 5382 3633 5435 in

2097 5473 2264 5512 unum
2300 5463 2532 5518 coirent.
2569 5467 2634 5520 At
2659 5477 2868 5524 tantum
2905 5473 3018 5528 illic
3049 5475 3323 5532 distabant
3355 5480 3632 5532 animorum

2095 5553 2374 5620 sensibus,
2431 5566 2698 5618 quantum
2763 5561 2996 5620 invicem
3052 5579 3403 5624 accesserant.
3461 5571 3627 5624 vicinia

2093 5656 2384 5714 corporum
2414 5664 2426 5700 :
2459 5657 2846 5708 consensionis
2880 5673 3008 5713 vero
3055 5663 3202 5716 nulla
3229 5665 3340 5730 jaut
3394 5677 3512 5733 spes
3553 5665 3630 5714 aut

2092 5746 2235 5790 ratio
2258 5741 2620 5800 conciliandis
2655 5749 2797 5802 inter
2829 5751 2978 5808 ipsos
3006 5757 3322 5825 apparebat.
3355 5755 3501 5820 Quod
3524 5769 3626 5808 eum

2091 5831 2385 5900 imperator
2427 5852 2520 5904 per
2565 5857 2627 5893 co
2672 5845 2738 5895 mi
2777 5863 2866 5900 sus
2911 5851 3000 5916 qui
3054 5867 3367 5904 ευει‹’·‹ιεειιιιι
3405 5849 3625 5919 capiam-
