3768 6552
334 5284 351 5313 ι

436 365 550 429 £93

1624 360 1948 425 GEORGII
1974 362 2469 425 PACIIYMERE

3573 378 3660 445 425.

438 482 533 532 καὶ
562 475 867 540 παιδευθεὶς
902 477 967 529 τὰ
1000 474 1205 539 εἰκότα,
1245 474 1299 526 ἐν
1330 470 1593 535 διακόνοις
1636 472 1720 545 [Ρ.
1755 473 1884 545 9.68}
1914 476 2015 543 τῆς
2046 482 2085 536 Α
2120 475 2337 540 ἐξόδων,
2385 478 2501 538 ταῖς
2535 474 2579 527 δ’
2610 472 2766 536 αὖθις
2813 474 2979 547 ἐχρῆν
3027 477 3309 548 πορισμῶν
3341 480 3575 539 ἄλλοθεν.
3607 490 3658 542 Οί

377 568 389 575 ’
447 569 772 637 Ἐκκλησὲας
794 568 1013 637 ταχθεὶς
1049 567 1180 634 μετὰ
1205 569 1312 618 τῶν
1337 564 1539 618 λοιπῶν
1561 566 1863 635 ἐλλογίμων
1885 568 2004 628 ταῖς

434 661 647 733 χρείαις
673 660 969 729 διηκονεῖτο
994 656 1093 725 τῆς
1136 657 1467 725 Ἐκκλησίας
1499 655 1616 727 μεθ’
1638 658 1721 710 ὅτι
1742 656 2004 728 πλείστης

436 752 537 821 τῆς
567 751 1027 821 ἐπιτηδειότητος.
1054 743 1224 811 Οὗτος
1256 750 1324 803 τὰ
1352 749 1451 818 μὲν
1491 749 1626 804 ἄλλα
1661 750 1881 821 μέτριος
1911 746 2004 821 ἧν,

435 845 528 897 καὶ
580 840 876 913 παρθενίαν
911 841 1092 911 ἤσκει,
1148 842 1245 895 καὶ
1299 841 1589 907 εὐλαϐείας
1640 846 2004 913 μετεποιεῖτο,

434 938 528 990 καὶ
562 936 780 1003 γλῶσσα
808 934 1023 994 πολλοῖς
1050 930 1119 1006 ἦν
1155 935 1248 987 ἐπὶ
1280 934 1656 1006 δικαστηρίοις
1681 936 2003 1000 συνοδικοίς.

435 1031 527 1083 καὶ
559 1027 769 1098 βασιλεῖ
797 1026 1073 1098 γνώριμος
1113 1027 1210 1081 καὶ
1258 1028 1447 1099 κλήρῳ
1493 1028 1876 1097 περίϐλεπτος,
1913 1030 2008 1083 καὶ

433 1124 544 1184 τοῖς
568 1120 735 1173 εἰδόσι
763 1119 944 1190 ψῆφον
971 1120 1154 1191 φέρων
1185 1121 1313 1191 περὶ⁸
1340 1119 1534 1174 ἑαυτοῦ
1578 1121 1643 1173 ἐκ
1694 1120 1905 1174 πολλῶν
1929 1119 2005 1183 ὡς

435 1212 782 1281 προκόψειεν·
817 1212 934 1275 ἐνὸς
981 1211 1026 1265 δ’
1061 1212 1259 1283 ἡττᾶτο
1302 1211 1652 1280 φιλοτιμίας,
1685 1211 1753 1265 δι’
1782 1211 1851 1282 ἣν
1908 1212 2003 1266 καὶ

435 1305 563 1374 παρ’
601 1304 756 1371 ἰσχὺν
790 1304 1097 1375 ἐπιτρέχων
1119 1306 1229 1367 τοῖς
1261 1304 1335 1374 μὴ
1366 1304 1488 1356 καθ’
1520 1305 1683 1357 αὐτὸν
1709 1304 1787 1357 ἐτι
1818 1306 2002 1373 πράγ-

439 1412 569 1463 μασι
606 1395 878 1462 συλλέγων
907 1396 1173 1463 ἐξήντλει.
1210 1396 1315 1447 Καὶ
1340 1391 1406 1465 ἦν
1427 1398 1626 1464 ἐκείνῳ
1654 1397 1712 1449 τὸ
1746 1398 1845 1465 μὲν
1881 1398 2005 1451 συλς

435 1485 612 1552 λέγειν
648 1486 767 1538 λίαν
797 1487 1104 1556 ἐπίμωμον,
1143 1487 1204 1538 τὸ
1249 1486 1294 1538 δ’
1339 1487 1611 1551 ἐξαντλεῖν
1654 1490 1834 1541 ἱκανὸν
1866 1490 2004 1542 ἁπο-

436 1579 704 1648 κρὺπτειν
738 1578 831 1632 καὶ
883 1578 943 1630 τὸ
985 1578 1083 1642 ﬁt;
1112 1578 1371 1648 συλλογῆς
1406 1579 1684 1649 αἴσχιστον
1712 1583 1773 1634 οὐ
1806 1582 2006 1650 μᾶλλον

437 1669 855 1739 κα.τανοουμένῳ
901 1669 987 1722 διὰ
1038 1671 1129 1722 τὸν
1178 1672 1378 1741 τρόπον
1423 1671 1517 1724 τοῦ
1576 1674 1848 1743 πορισμοῦ
1884 1676 2005 1727 ὅσον

434 1760 812 1830 ἐπαινουμένῳ
845 1761 934 1815 διὰ
962 1763 1021 1814 τὸ
1050 1763 1147 1833 τῆς
1189 1763 1563 1833 προαιρέσεως
1619 1766 2000 1832 εὐμετάδοτον.

2108 565 2156 617 δ’
2187 568 2286 618 οὐκ
2320 562 2485 636 ἦσαν’
2525 569 2571 620 εί
2599 567 2643 619 δ’
2667 561 2828 639 ἦσαν,
2862 566 2981 620 ἀλλ’
3008 567 3109 621 οὐκ
3138 568 3446 640 ηὺτάρκουν
3476 573 3531 625 ἐν
3557 580 3657 642 ταῖς

2105 656 2337 727 χρείαις.
2374 658 2587 710 Γίνεται
2642 656 2774 725 γοῦν
2803 656 3053 727 ἀγύρτης
3080 658 3361 730 φιλότιμος
3394 663 3490 715 καὶ
3522 680 3659 737 πορι.

2107 747 2238 817 στὴς
2259 747 2629 817 ἀνελεύθερος.
2661 749 2769 802 Καὶ
2788 747 2867 819 τῷ
2892 748 3029 818 πρὸς
3056 748 3285 815 πολλοὺς
3302 752 3516 817 οἰκείως
3540 757 3659 827 ἔχειν

2104 840 2198 892 καὶ
2248 840 2478 906 φιλικῶς
2528 826 2603 906 ἐξ
2639 834 2715 894 ῶν
2767 840 3041 912 ἔπραττε,
3096 840 3281 910 σφίσιν
3319 845 3658 917 ἐπιφυόμενος

2105 932 2363 1003 ἐκιχρᾶτο
2389 932 2465 995 ὡς
2493 932 2670 986 αὐτίκ’
2692 933 2952 1002 ἁφέξουσι
2975 933 3044 986 τὰ
3069 934 3345 1003 διδόμενα.
3380 936 3492 989 Καὶ
3519 941 3545 991 ὁ
3578 943 3658 1011 μὲν

2106 1022 2165 1073 ἐν
2189 1021 2478 1093 ἐλπισμοῐς
2509 1021 2577 1094 ἦν
2610 1024 2860 1092 ματαίοις
2910 1024 2974 1080 ἐκ
3001 1044 3167 1081 τινων
3207 1030 3487 1100 οίημάτων
3512 1038 3658 1106 χειρί.

2106 1130 2250 1170 στων
2288 1116 2365 1178 ὡς
2404 1115 2726 1188 εὐπορήσων
2776 1117 2913 1189 πρὸς
2960 1119 3062 1188 τὴν
3107 1120 3381 1188 ἀπότισιν,
3416 1126 3521 1189 τοῖς
3542 1128 3584 1183 δ’
3610 1130 3657 1183 ἐν

2105 1209 2289 1262 ἀνέσει
2319 1210 2370 1261 ai
2402 1209 2491 1262 ἐπ’
2525 1209 2678 1280 αὐτῷ
2709 1211 2989 1280 φροντίδες
3039 1211 3311 1284 ᾐώρηντο.
3349 1215 3525 1286 Ὅπερ
3548 1220 3655 1284 γοῦν

2111 1296 2237 1350 ίδεῖν
2257 1297 2406 1350 ἔστιν
2430 1300 2521 1351 ἐπὶ
2549 1300 2829 1369 ποταμῶν,
2858 1304 2979 1353 κατ’
3002 1303 3182 1371 ὀλίγον
3204 1307 3304 1373 μὲν
3334 1307 3444 1359 τῶν
3464 1311 3672 1387 ῥυάκων,

2107 1391 2502 1458 ἐπεισρεόντων
2538 1394 2769 1461 ἀδήλως,
2814 1395 2895 1454 εἰς
2944 1393 3000 1444 ἓν
3041 1395 3096 1447 δὲ
3147 1400 3530 1467 συναγομένων
3578 1407 3654 1457 καὶ

2108 1481 2198 1531 τὸν
2239 1480 2561 1551 πληθυσμὸν
2588 1486 2943 1552 παρεχόντων
2986 1486 3358 1556 τῷ,ρεύματι,
3409 1490 3498 1543 καὶ
3526 1493 3653 1558 τέλος

2108 1573 2504 1642 ἐπισχεῦέντων
2528 1577 2590 1627 ἐκ
2610 1576 2927 1646 λειψυδρίπις
2961 1577 3125 1648 ξηρὸς
3159 1581 3185 1631 ό
3208 1580 3346 1644 τέως
3376 1588 3653 1653 μετεωρρύ.

2112 1682 2269 1733 μενος
2295 1668 2716 1736 καταφαίνεται,
2744 1668 2918 1731 οὕτως
2948 1671 3145 1741 ἐκείνῳ
3170 1672 3281 1725 τῶν
3318 1675 3524 1729 πολλῶν
3546 1695 3650 1731 συν.

2107 1757 2370 1811 ελθόντων
2426 1760 2535 1810 τῶν
2597 1762 2971 1829 μιτωμάτων,
3023 1763 3051 1815 δ
3098 1765 3162 1834 δὴ
3214 1766 3455 1835 λέγεται,
3509 1771 3651 1824 κακὸν

436 1852 605 1904 Τοῦτο
654 1853 786 1906 πολὺ
840 1853 1132 1925 προϐαῖνον
1171 1854 1331 1924 ἐξῆρε
1376 1855 1475 1924 τὴν
1516 1853 1742 1929 γνώμην
1788 1860 1867 1921 εις
1903 1859 1997 1927 ἀλ.
2030 1848 2071 1901 Β
2104 1848 2386 1916 ὑφαίνεται
2435 1852 2604 1921 φᾶρος
2655 1853 2926 1920 ἐντάριον.
2966 1857 3073 1907 Καὶ
3112 1857 3218 1910 τῶν
3269 1859 3496 1913 δανείων
3536 1864 3649 1926 τέως

434 1941 649 1996 λόκοτον
678 1946 931 2013 ἔπαρσιν,
964 1948 1056 1998 καὶ
1080 1947 1280 2009 οἰκίαις
1304 1946 1497 2018 ἢθελεν
1524 1947 2004 2017 ἐλλαμπρύνεσθαι

437 2036 529 2086 καὶ
578 2034 690 2104 ναῷ
737 2036 856 2089 κατ’
888 2038 1023 2090 ἰδίαν
1053 2037 1290 2108 χρῆσθαι
1335 2041 1431 2092 καὶ
1463 2038 1811 2109 λειτουργοὺς
1860 2041 2007 2110 ἔχειν

435 2127 529 2178 καὶ
566 2128 973 2197 φιλοτιμότερον
1013 2130 1352 2201 ἐνεορτάζειν
1392 2134 1512 2194 ταῖς
1539 2134 1867 2202 περιφανέσι
1900 2136 2006 2188 τῶν

435 2218 816 2290 πανηγύρεων.
853 2219 1074 2283 Τούτοις
1106 2220 1151 2273 δ’
1181 2220 1288 2275 ἔδει
1322 2223 1551 2288 πάντως
1588 2225 1683 2279 καὶ
1726 2226 2005 2296 ἁναλόγων

438 2396 729 2451 srdulitate
781 2411 845 2451 ac
888 2397 1214 2455 dexteritate
1263 2416 1425 2469 quam
1478 2402 1738 2457 maxima.
1795 2400 1896 2458 llic
1947 2405 2001 2458 in

435 2490 650 2544 caeteris
692 2504 908 2559 quoque
946 2491 1069 2545 vitae
1122 2492 1371 2559 partibus
1402 2493 1746 2559 moderatus,
1781 2507 2007 2566 praetcr-

434 2598 596 2651 quam
626 2582 909 2637 abstinens
937 2584 1195 2654 coniugio
1219 2586 1587 2657 virginitatem
1612 2588 2000 2657 profitebatur,

433 2675 599 2729 etiam
642 2690 751 2727 non
793 2689 959 2743 parva
1007 2676 1207 2731 edebat
1242 2678 1539 2749 specimina
1590 2682 1774 2735 inultae
1822 2682 1877 2735 in
1914 2697 2002 2735 res

433 2779 620 2820 sacras
651 2766 1023 2822 venerationis
1071 2774 1125 2840 et
1182 2767 1235 2821 in
1271 2769 1591 2840 religionem
1633 2772 1770 2837 zeli;
1808 2780 1861 2825 et
1893 2788 2000 2842 qua

436 2857 653 2911 valebat
682 2845 900 2913 dicen'di
932 2858 1003 2921 vi,
1039 2852 1332 2914 multorum
1370 2875 1569 2917 causas
1591 2863 1912 2919 defendebat
1946 2864 1999 2919 in

433 2945 1012 3017 judiciis'sgnodicis,
1073 2949 1391 3019 imperatori
1447 2967 1666 3023 quoque
1725 2963 1906 3015 notus.
1947 2956 1999 3008 in

434 3034 583 3087 clero
614 3036 991 3102 conspicuus;
1016 3037 1247 3106 denique
1278 3052 1307 3091 a
1349 3043 1561 3094 cunctis
1600 3043 1689 3110 qui
1745 3058 1867 3097 eum
1902 3059 2000 3099 no-

435 3135 579 3185 rant,
606 3125 720 3194 ipsa
742 3126 924 3192 specie
946 3142 1008 3180 ac
1032 3131 1429 3195 approbatione
1451 3134 1534 3186 sui
1562 3131 1721 3188 facile
1748 3145 1995 3190 votorum

435 3215 626 3269 saltem
662 3218 952 3271 tacitorum
979 3220 1298 3291 suli'ragium
1333 3224 1656 3280 eblandiens
1686 3230 2000 3297 provectio-

437 3307 520 3361 nis
548 3308 613 3361 ad
647 3312 960 3378 superiores
1006 3312 1233 3380 gradus,
1280 3316 1482 3383 quibus
1530 3317 1749 3374 abunde
1799 3321 2001 3389 dignus

435 3409 741 3466 putaretur.
795 3398 897 3453 Tot
944 3403 1191 3457 eminens
1238 3404 1538 3461 virtutibus
1592 3408 1688 3462 uni
1744 3424 2002 3464 succum-

435 3488 597 3545 bebat
635 3492 765 3545 vitio
793 3494 1130 3560 ambitiOnis.
1164 3512 1269 3565 qua
1320 3498 1458 3551 ultra
1512 3516 1674 3567 quam
1723 3518 1806 3556 res
1843 3502 2003 3557 fami-

436 3583 587 3636 liaris
630 3582 785 3638 ferret
815 3602 1118 3642 excurrens
1170 3588 1223 3641 in
1272 3590 1620 3659 splendorem
1651 3592 1817 3664 386
1852 3594 1996 3649 haud

434 3692 547 3731 sua:
604 3679 779 3730 aliine
829 3676 1064 3734 fortuna:
1119 3681 1466 3751 adaplatum,
1524 3670 2003 3758 laeva-colligebat

433 3787 552 3841 quae
586 3772 774 3825 dextra
806 3773 1139 3841 effunderet;
1165 3777 1217 3830 in
1243 3793 1353 3848 quo
1386 3792 1509 3832 cum
1544 3794 1834 3849 usurparet
1861 3785 1998 3837 clam

433 3863 757 3917 corradendi
794 3865 1071 3920 licentiam
1109 3866 1267 3922 valde
1317 3870 1731 3940 vituperabilem
1758 3914 1773 3937 ,
1818 3886 2000 3928 tamen

433 3951 571 4005 adeo
629 3953 970 4022 plausibilem
1030 3956 1420 4027 frequentabat
1481 3964 1859 4031 erogationem
1921 3967 2000 4021 sic

433 4045 573 4098 male
599 4055 899 4114 partorum,
931 4056 990 4101 ut
1024 4048 1287 4103 invidiam
1331 4066 1510 4106 avarae
1546 4057 1867 4123 rapacitatis
1908 4074 2004 4128 po-

433 4136 646 4202 pularis
693 4136 853 4192 favor
902 4138 1115 4194 liberali
1171 4140 1461 4211 largitione
1524 4147 1686 4216 vulgo
1738 4152 2002 4218 quaesitus

432 4225 822 4290 absconderet,
891 4229 1112 4285 nemine
1166 4231 1247 4284 vel
1285 4232 1676 4301 accipientium
1733 4239 2000 4296 beneﬁcia

431 4316 512 4367 vel
546 4315 798 4383 accipere
828 4317 969 4373 alios
1007 4321 1361 4390 gaudentium
1401 4334 1611 4379 tantum
1648 4329 2003 4386 animadver-

434 4415 581 4459 tente
615 4406 759 4461 unde
786 4422 962 4475 quove
994 4420 1153 4478 pacto
1177 4426 1609 4483 congererentur
1642 4435 1761 4488 qua:
1790 4423 2000 4476 daban-

2107 1941 2500 2009 ἐπεισρεόντων
2536 1945 2759 2015 προνοίᾳ
2817 1949 3046 2019 μεγίστῃ
3100 1955 3195 2002 καὶ
3239 1952 3334 2004 τοῦ
3376 1954 3646 2021 λανθάνειν,

2106 2031 2246 2101 πρὸς
2274 2035 2464 2103 καιρὸν
2497 2038 2777 2106 ἐντρυφῶν
2824 2041 3245 2111 ἐμετεωρίζετοο
3285 2046 3649 2103 ἐκλελοιπότων

2104 2121 2150 2174 δ’
2182 2122 2407 2176 ἐκείνων
2443 2123 2714 2180 ἔκπυστον
2735 2130 2833 2201 ἥδη
2881 2132 3084 2191 τὸκατ’
3116 2136 3328 2189 ἐκεῖνον
3368 2142 3575 2207 γεγονὸς
3601 2144 3650 2195 τὸ

2103 2214 2309 2284 δρᾶμα,
2344 2217 2442 2288 οὐχ
2470 2219 2618 2285 ὅπως
2660 2222 2862 2294 ἐτέρων
2906 2226 3161 2296 ηὐπόρει,
3204 2228 3343 2283 ἀλλὰ
3371 2232 3545 2286 καὶτὰ
3564 2234 3647 2306 ἀρε

2106 2384 2385 2456 videlieci.
2439 2402 2550 2458 Nec
2611 2413 2790 2459 tamen
2855 2422 3018 2462 sensu
3086 2407 3377 2466 domestici
3433 2414 3646 2472 ιιιιῐνοιιις

2105 2494 2437 2549 descendere
2492 2496 2560 2549 de
2613 2508 2781 2566 partae
2837 2502 3004 2555 semel
3073 2506 3500 2560 existimationis
3548 2509 3646 2561 loco

2106 2588 2404 2646 sustinens.
2461 2589 2738 2644 obstinate
2793 2608 2913 2645 cum
2972 2596 3206 2650 maxime
3261 2603 3641 2666 perseverabat,

2108 2686 2342 2747 utrpque
2373 2680 2427 2733 in
2463 2682 2730 2736 exercitio
2779 2683 3088 2742 furacitatis
3130 2691 3359 2743 occulte
3383 2706 3444 2743 ac
3479 2694 3643 2746 libera-

2110 2769 2278 2824 litatis
2311 2771 2560 2839 speciose
2588 2784 2877 2828 ostentatm
2906 2779 3069 2831 simul
3103 2792 3327 2850 agyrtes
3351 2785 3644 2839 ambitiosus

2103 2870 2159 2914 et
2195 2863 2464 2930 quasitor
2499 2865 2805 2921 illiberalis.
2854 2868 2960 2923 Sed
3016 2880 3067 2925 et
3107 2888 3269 2941 quam
3329 2875 3377 2929 ei
3432 2892 3642 2945 magnam

2104 2956 2256 3021 apud
2330 2939 2654 3024 pecuniosos
2726 2961 2995 3027 plurimos
3066 2965 3169 3018 iste
3236 2966 3396 3019 fmus
3467 2968 3641 3020 insoliti

2103 3047 2412 3116 splendoris
2458 3053 2687 3119 gratiam
2721 3065 2988 3122 parasset.
3046 3074 3108 3109 ea
3154 3059 3229 3110 uti
3274 3076 3383 3112 non
3422 3062 3642 3127 parcebat

2042 3190 2070 3211 η
2104 3140 2397 3206 poscendis
2449 3141 2575 3196 inde
2621 3145 2858 3199 nummis
2904 3158 3115 3212 mutuo,
3185 3166 3327 3219 quos
3380 3152 3517 3204 brevi
3554 3155 3641 3206 sci-

2105 3232 2231 3284 licet
2272 3246 2332 3286 se
2368 3232 2707 3289 redditurum
2759 3241 3130 3306 promittebat.
3169 3242 3223 3295 In
3260 3260 3373 3313 quo
3412 3261 3509 3298 non
3546 3253 3641 3300 erat

2105 3321 2304 3376 mirutn
2364 3325 2502 3377 adeo
2550 3326 2707 3379 fidem
2761 3330 3007 3405 invenire
3048 3334 3200 3387 illum
3262 3339 3406 3405 apud
3469 3352 3642 3405 ιιιωορο

2103 3426 2339 3484 cupalos
2391 3433 2586 3487 magna
2648 3402 2933 3488 opinione.
2973 3427 3253 3494 copiarum
3323 3430 3458 3497 eius,
3508 3446 3639 3498 quam

2105 3522 2272 3577 posse
2304 3513 2632 3579 persuadere
2669 3515 2845 3585 ipsum
2879 3518 2984 3572 sibi
3020 3521 3271 3577 alicunde
3312 3540 3432 3578 mox
3476 3536 3641 3592 prtrslt)

2066 3624 2073 3633 ε
2103 3598 2391 3656 adfuturos
2422 3618 2618 3659 aureos
2655 3618 2891 3675 montes,
2924 3611 3068 3664 unde
3101 3620 3181 3666 tot
3214 3617 3438 3668 nomina
3471 3617 3639 3670 dissol-

2103 3704 2275 3749 veret.
2316 3695 2450 3750 Dum
2491 3700 2692 3765 spebus
2720 3702 2807 3754 ille
2831 3704 2981 3756 ltisce
3008 3706 3347 3769 vanissimis,
3375 3710 3636 3761 creditores

2104 3797 2290 3841 autem
2321 3804 2427 3841 non
2449 3790 2630 3845 minus
2662 3793 2808 3846 inani
2836 3794 3032 3849 fiducia
3064 3812 3412 3866 responSnrte
3438 3800 3499 3853 ad
3523 3802 3636 3855 dien

2103 3878 2392 3935 solutionis
2412 3884 2560 3937 varie
2579 3883 2762 3938 laetati
2783 3889 3066 3942 securitati
3089 3891 3298 3960 supinae
3315 3893 3637 3954 indormiuut,

2103 3985 2234 4024 ecce
2282 3973 2496 4029 interim
2553 3977 2798 4044 quatidie
2842 3979 3087 4037 deﬂuunt
3130 3983 3271 4039 baud
3331 3987 3638 4041 cessantibus

2100 4063 2335 4133 jactnris
2369 4068 2657 4123 solitarum
2694 4086 3060 4141 expensarum
3111 4076 3230 4131 ista:
3258 4078 3390 4145 ipsa:
3426 4078 3638 4148 precario

2103 4169 2405 4228 cor-rogata:
2439 4175 2603 4230 opes;
2640 4172 2807 4233 atque
2845 4175 2902 4219 ut
2939 4168 3130 4236 rapido
3166 4184 3199 4224 ε
3234 4173 3508 4229 montibus
3533 4188 3638 4225 con-

2102 4251 2251 4307 lluxu
2274 4256 2599 4309 torrentium
2627 4266 2945 4327 stagnantes
2968 4262 3241 4317 interdum
3269 4268 3470 4335 campi,
3494 4267 3637 4319 imbre

2104 4360 2223 4398 mox
2277 4345 2513 4400 inhibito
2545 4362 2609 4403 ac
2646 4352 2791 4404 cmlo
2824 4361 3083 4407 serenato
3131 4356 3295 4426 387
3349 4358 3635 4427 dilapsoque

2102 4435 2204 4488 viis
2235 4437 2400 4490 variis
2429 4439 2658 4493 humore
2693 4442 2990 4511 superﬂuo,
3024 4449 3260 4511 priorem
3306 4450 3450 4501 brevi
3484 4449 3634 4516 squal-

436 4508 543 4561 tur,
583 4509 849 4567 quantum
900 4502 1044 4569 quod
1082 4516 1328 4574 prompte
1352 4508 1692 4580 benigneque
1721 4513 1989 4569 donareu-
2024 4548 2074 4606 ι)
2104 4530 2268 4581 lorum
2293 4528 2560 4594 referunt,
2587 4533 2695 4585 cito
2725 4535 3088 4602 pulverulenli
3115 4552 3176 4590 cx
3206 4554 3316 4591 non
3344 4539 3507 4592 tnulto
3535 4548 3637 4590 ante

348 4664 357 4665 ί
433 4597 521 4640 ιιιι·
549 4592 790 4658 impense
818 4593 1091 4649 laudabat.
1113 4594 1225 4651 Hoc
1249 4598 1335 4651 ille
1360 4600 1481 4654 vitae
1505 4613 1713 4668 tenore,
1734 4621 1993 4661 successu

434 4681 593 4751 longo
636 4686 959 4740 mirabiliter
1021 4689 1072 4742 in
1132 4689 1333 4745 famatn
1372 4695 1686 4765 proﬁciens,
1727 4713 1789 4753 ea
1847 4701 1997 4754 intu-

432 4776 571 4827 muit
611 4780 949 4846 arrosantia,
981 4798 1099 4851 qua:
1147 4785 1259 4853 jam
1307 4801 1428 4840 sese
1483 4803 1591 4843 non
1626 4798 1865 4859 caperrt,
1903 4793 1994 4846 sed

433 4869 602 4923 oblita
657 4886 769 4924 suae
801 4873 965 4927 sortis
1006 4883 1058 4928 et
1082 4877 1227 4931 aedes
1265 4878 1357 4931 ubi
1401 4878 1768 4933 diversaretur
1801 4883 1999 4938 habere

436 4963 685 5030 proprias
737 4965 789 5017 in
838 4966 1032 5034 primis
1082 4968 1377 5036 spendidas
1443 4972 1626 5036 vellet,
1687 4982 1741 5026 et
1794 4977 1999 5045 templo

433 5055 683 5122 privatim
742 5057 815 5109 uti
876 5058 978 5112 sibi
1028 5061 1119 5113 uni
1174 5061 1413 5127 addicto,
1465 5074 1519 5116 et
1556 5066 1843 5120 ministros
1891 5069 2000 5122 illic

431 5146 635 5199 habere
653 5148 718 5200 ad
757 5159 947 5205 nutum
977 5154 1375 5221 obsequentes;
1410 5170 1472 5209 ac
1500 5171 1623 5211 cum
1657 5159 1743 5213 hic
1779 5170 1998 5230 sumptu

429 5248 805 5309 apparatuque
830 5245 1125 5299 ambitioso
1152 5245 1288 5299 festa
1310 5247 1638 5311 celebraret.
1669 5252 1998 5309 illustriores

431 5345 743 5383 anuuarum
793 5333 1196 5388 sulemnitatum
1250 5352 1548 5409 panegyrcs
1593 5345 1880 5400 aarrrulans.
1914 5345 1998 5399 Ad

433 5423 547 5476 bare
583 5425 795 5493 magnis
834 5429 1061 5479 omnino
1100 5442 1216 5482 erat
1258 5445 1398 5499 Opus
1440 5438 1826 5503 proventibus;
1860 5455 1999 5508 quos

431 5531 551 5567 cum
591 5516 694 5584 ipsi
739 5516 1035 5573 familiares
1077 5525 1346 5591 angustia:
1391 5541 1673 5599 negarent,
1723 5546 1786 5586 ac
1823 5547 1999 5601 neque

432 5609 866 5664 uundinatiunes
890 5612 994 5666 illae
1027 5626 1251 5670 secreta:
1286 5619 1668 5691 “laudata-que
1704 5626 1841 5679 clam
1888 5627 1999 5680 suf-

433 5700 651 5753 l'urandi
711 5710 858 5755 artes
911 5713 1121 5759 tantum
1176 5722 1402 5775 possent
1459 5716 1683 5769 reficere
1732 5730 1993 5787 quantum

431 5791 700 5846 immanes
726 5793 813 5846 isti
848 5806 1093 5866 Sumptus
1117 5801 1493 5869 :tbsuntebaut,
1532 5808 1768 5863 lucrelsat
1797 5814 1995 5867 nebulo

2101 4622 2453 4685 undantibus,
2490 4625 2559 4677 ita
2618 4625 2720 4679 iste
2748 4628 2958 4681 ardelio
3003 4630 3095 4682 ubi
3133 4647 3191 4683 se
3231 4633 3453 4698 paulum
3505 4632 3633 4700 quasi

2100 4714 2216 4768 suis
2246 4716 2420 4783 copiis
2455 4717 2757 4771 innatando
2793 4717 3122 4785 iactaverat,
3160 4722 3405 4777 arefacta
3445 4734 3635 4793 repente

2101 4808 2317 4874 gurgite
2350 4808 2533 4861 siccus
2575 4808 2626 4861 iu
2670 4809 2867 4863 sabulo
2908 4810 3169 4875 haerebat,
3202 4828 3267 4865 ex
3308 4816 3491 4869 multis
3527 4815 3632 4875 illis,

2100 4914 2221 4967 quae
2275 4901 2525 4969 perplexe
2578 4901 3133 4956 imtniscensdudnm
3167 4907 3630 4974 implicueratﬁlis.
3680 4884 3693 4936 ἶ

2100 4989 2478 5059 deprehensus
2533 4992 2598 5044 ad
2653 5001 2961 5047 extremum
3016 4995 3154 5048 nihil
3214 4998 3319 5051 sibi
3358 5000 3495 5052 aliud
3528 4997 3631 5059 nisi,

2100 5082 2280 5150 quod'
2317 5083 2496 5149 aiunt,
2560 5084 2838 5139 funebrem
2897 5089 3183 5141 sindonem
3244 5101 3338 5143 aut
3402 5078 3634 5145 tuortuale

2103 5173 2289 5228 feretri
2321 5176 2638 5245 operculum
2692 5178 2957 5233 texuisse.
3000 5178 3130 5235 Post
3184 5181 3307 5238 ldus
3339 5184 3456 5237 sine
3505 5184 3630 5237 solu-

2103 5265 2258 5319 tione
2289 5267 2493 5334 lapsas,
2517 5266 2717 5321 diffusa
2741 5271 3113 5341 nequidquam
3145 5275 3255 5339 die,
3295 5276 3435 5329 vellit
3472 5286 3628 5327 aurem

2102 5372 2245 5410 unus
2294 5367 2349 5411 et
2397 5359 2539 5413 alter
2573 5361 2934 5415 creditorum.
2988 5364 3338 5434 Deprehensa
3399 5365 3631 5422 debitoris

2102 5450 2286 5517 inopia
2313 5454 2492 5505 caeteri
2522 5449 2786 5507 admoniti
2827 5457 3036 5523 trepide
3057 5470 3373 5523 accurrunt,
3414 5459 3630 5535 certatim

2101 5549 2382 5609 prensant.
2414 5536 2593 5594 Tanto
2612 5540 2726 5611 jatn
2754 5544 2961 5600 clarius
3000 5548 3343 5620 intelligitur,
3371 5567 3470 5605 non
3499 5547 3630 5603 modo

2102 5630 2246 5685 unde
2277 5632 2472 5699 solvat,
2497 5636 2590 5688 sed
2616 5650 2717 5690 nec
2755 5639 2901 5692 unde
2929 5639 3097 5704 vivat,
3137 5644 3448 5699 divitiarum
3472 5636 3629 5698 osten-

2102 5729 2259 5780 latori
2297 5739 2605 5795 Sttppv'tcrt‘.
2640 5730 2943 5784 Admiratio
2969 5734 3204 5801 primum
3242 5753 3430 5806 magna
3470 5747 3628 5802 exspe-

2101 5820 2432 5874 ctationibus
2490 5820 2556 5875 de
2613 5822 2706 5876 illo
2758 5823 3096 5880 inanissiutis
3129 5827 3333 5883 dudum
3367 5829 3622 5884 ltiantiuuh
