3860 6632
616 437 752 527 427'

598 674 862 743 παρεῖχον
918 674 1295 748 ἀγγελλόμενα
1341 678 1409 731 τὰ
1443 678 1614 732 δεινά.
1649 679 1766 733 Kal.
1811 680 1872 732 τὸ
1915 680 2015 751 μὲν
2067 679 2177 750 γὰρ

595 763 955 819 ἀνθίστασθαι
1011 767 1104 820 καὶ
1157 760 1552 842 ἀντιπαράγειν
1607 771 1841 835 ἐκείνοις
1903 771 2176 842 στρατεύ-

595 875 740 929 ματα
794 859 999 930 ἄπορον
1047 856 1137 932 ἦν.
1196 861 1264 915 Ai.
1297 865 1396 934 μὲν
1424 864 1532 936 γὰρ
1569 863 1880 935 Ῥωμαϊκαὶ
1909 864 2177 934 δυνάμεις

591 954 690 1025 οὐχ
722 955 869 1019 ὅπως
924 948 1270 1026 ἐξησοένουν,
1327 957 1464 1010 ἀλλά
1515 958 1609 1011 καὶ
1646 959 1905 1028 προνοίας
1960 958 2177 1012 ἀπολω-

593 1049 833 1114 λεκότες,
871 1049 1136 1118 ἀνατολὴν
1196 1049 1493 1118 φεύγοντες
1546 1053 1640 1103 ἐπὶ
1687 1051 1895 1114 δύσεως
1929 1051 2172 1122 ὥρμων,

591 1141 1046 1211 περιποιούμενοι
1081 1143 1298 1207 ἑαυτοῖς
1358 1144 1518 1213 μόνον
1567 1143 1627 1196 τὸ
1681 1145 1816 1215 ζῇν·
1859 1145 2084 1215 ἑτέρους
2129 1144 2176 1197 δ’

590 1232 924 1303 ἐγκαθιστᾷν
963 1234 1056 1288 ἐπὶ
1093 1237 1278 1303 ῥητοῖς
1303 1235 1533 1306 γέρασιν
1558 1236 1842 1306 ἀμήχανον
1871 1230 1961 1305 ἦν.
2002 1236 2175 1306 Θερα-

592 1323 781 1376 πεύειν
801 1325 844 1378 δ’
871 1321 1031 1388 αὖθις
1061 1325 1378 1395 ὁμολογίαις
1403 1327 1464 1378 τὸ
1497 1327 1766 1398 Περσικὸν
1794 1326 1920 1380 οὔτε
1953 1328 2014 1382 τὺ
2037 1329 2170 1398 πρέ-

592 1435 690 1470 πον
729 1417 924 1479 ἐδίδου,
976 1419 1072 1472 καὶ
1099 1420 1278 1483 ἄλλως
1317 1420 1524 1491 ἄπορον
1557 1417 1627 1491 ἦν
1664 1420 1839 1474 τόσων
1869 1421 2042 1474 ὄντων
2077 1420 2172 1475 καὶ

590 1511 868 1581 διαφόρων
919 1511 1016 1576 τὰς
1065 1511 1308 1580 γνώμας,
1347 1513 1441 1564 καί
1472 1511 1524 1580 γ’
1559 1511 1652 1565 ἐπὶ
1682 1511 1936 1566 τοσοῦτον
1969 1511 2174 1581 ἡγεμό-

590 1621 697 1658 νων
727 1604 1088 1673 ἐγνωσμένων
1124 1606 1236 1666 τοίς
1277 1605 1459 1668 ἄλλοις
1501 1607 1587 1675 ἐφ’
1632 1605 1759 1660 ὅσον
1791 1605 2076 1659 σκυλεύειν
2107 1622 2166 1658 τε

585 1696 680 1751 καὶ
707 1697 1012 1765 κερδαίνειν
1036 1697 1149 1760 τοῖς
1177 1698 1640 1768 ὑποτεταγμένοις
1667 1698 1818 1768 ἐξῆν,
1856 1699 1924 1769 ἢν
1957 1699 2013 1750 δέ
2063 1716 2164 1752 που

583 1789 680 1844 καὶ
707 1789 1004 1859 καθυφοῖτο
1034 1789 1062 1842 ὁ
1081 1787 1232 1856 ἄγων
1271 1789 1304 1860 ἦ
1329 1791 1524 1861 δώροις
1548 1790 1578 1861 ἦ
1613 1793 1818 1860 χάρισι,
1851 1790 2166 1860 ζητούντων

583 1883 774 1950 ἕτερον
805 1883 897 1936 τὸν
949 1881 1147 1946 αὐτοὺς
1196 1883 1392 1948 ἄξοντα
1446 1883 1538 1937 ἐπὶ
1580 1883 1906 1956 σκυλευμοῖς
1959 1903 2018 1937 τε
2070 1887 2166 1938 καὶ

1804 472 2126 530 ῧΕεΗὶῧῐῐ

2263 472 2647 536 CllYMEil.-E
3735 488 3803 553 iii

611 580 817 632 ϐαίνειν
849 581 1182 650 εἰργόμενοι.
1211 581 1432 636 Βασιλεῖ
1471 583 1528 635 δὲ
1555 583 1675 636 οὐδὲ
1718 583 1940 652 διωρίαν
1987 584 2182 655 βουλῆς
2220 592 2259 644 Α
2289 587 2544 657 κλησίαις
2575 592 2668 646 καὶ
2689 594 2802 657 τοῖς
2827 593 3042 664 βασιλεί
3073 597 3544 668 παρασπίζουσιν,
3572 603 3802 670 ivgera-57:;

2286 679 2392 731 τῶν
2428 680 2739 750 δεσποτῶν,
2773 686 2988 740 τάττειν
3017 690 3098 752 είς
3135 693 3558 759 στρατιωτικδν,
3592 696 3712 767 iriiri
3741 701 3802 752 xtl

2288 772 2692 842 μονοκελλικδν,
2729 773 3074 844 ξύμπαντας,
3104 781 3180 844 ὡς
3217 781 3472 837 ἐντεῦθεν
3497 785 3678 850 αὐτοὺς
3703 789 3803 840 ἐκεί-

2283 883 2397 930 νοις
2417 866 2558 937 ὐπέρ
2576 868 2685 920 τῶν
2719 868 2869 923 ἰδίων
2893 872 3306 942 προσμένοντας
3334 876 3626 945 μάχεσθαι.
3645 880 3804 934 Ἐστὲὶο

2280 957 2405 1011 λετο
2429 959 2723 1029 τοιγαροῦν
2759 963 2849 1016 καὶ
2882 965 3031 1034 παρᾶ
3064 966 3412 1036 πατριάρχου
3445 968 3634 1029 θαλλὸς
3669 971 3804 1034 ἐλαίας

2278 1050 2595 1122 ἀναυδήτως
2623 1052 2702 1123 τῷ
2729 1053 2946 1120 ἄνακτι,
2981 1054 3106 1109 ὅθεν
3134 1058 3230 1110 καί
3254 1076 3307 1112 τι
3346 1058 3576 1132 θαρῥεῖν
3605 1057 3705 1130 εἶχε
3728 1066 3802 1116 τῶν

2277 1143 2503 1212 ἀγαθῶν
2533 1147 2595 1199 ἐκ
2621 1146 2720 1215 τῆς
2742 1149 2872 1218 περὶ
2895 1149 3062 1202 αὐτόν
3085 1149 3134 1202 oi
3164 1153 3434 1221 μεγίστης
3463 1151 3800 1224 πληροφορίας.

2279 1233 2359 1288 Τὰ
2391 1233 2433 1288 δ’
2465 1230 2603 1305 ἦσαν
2639 1238 2696 1290 ἐν
2739 1238 2928 1307 μόναις
2959 1240 3204 1310 βουλαῖς·
3243 1240 3402 1295 οὔπω
3428 1243 3539 1313 γὰρ
3570 1247 3804 1312 ἐφίσταντο

2273 1320 2355 1390 οἷς
2383 1321 2452 1396 ἦν
2493 1330 2928 1399 ἐπιτεταγμένον
2965 1332 3142 1386 ταῦτα
3177 1333 3467 1403 πράττειν,
3507 1337 3598 1389 καὶ
3627 1337 3680 1388 τι
3707 1339 3802 1408 Περ·

2273 1416 2426 1474 σικδν
2482 1422 2814 1493 πολλαχόθεν
2868 1425 3292 1490 ὲπεισϐα).ὀντες
3353 1428 3483 1491 τοὺς
3543 1429 3640 1498 μὲν
3685 1431 3804 1499 ἔργον

2273 1513 2562 1567 καθιστᾶσι
2595 1515 2899 1586 μαχαίρας,
2942 1519 3056 1571 ὅσοι
3094 1517 3152 1571 δέ
3186 1535 3250 1587 γε
3298 1520 3394 1573 καὶ
3427 1521 3648 1592 ἴσχυσαν
3676 1525 3802 1589 ἐκτυ-

2271 1608 2408 1683 γεῖν,
2427 1601 2507 1675 τῷ
2525 1608 2622 1677 τῆς
2648 1609 2889 1674 Κυζίκου
2912 1612 3281 1682 ἐπιτειχισμῷ
3306 1613 3434 1683 ἄρτι
3452 1615 3573 1667 τότε
3599 1620 3803 1669 συστάντι

2271 1681 2425 1768 παρὰ
2445 1697 2535 1752 τοῦ
2560 1699 2618 1754 ἐν
2637 1701 2775 1772 αὐτῇ
2799 1701 3065 1773 προέδρου
3086 1681 3363 1773 Νίφωνος,
3396 1704 3586 1774 ἀνδρὸς
3615 1707 3804 1776 δραστη-
3854 1705 3855 1776 1

2271 1789 2390 1862 ρίου
2425 1792 2522 1844 καί¹
2579 1791 2837 1860 γνώσεως
2883 1793 3153 1862 ἐπηϐόλου
3201 1794 3297 1848 καὶ
3343 1795 3405 1848 οὐ
3445 1796 3641 1865 μᾶλλον
3673 1815 3803 1850 srva-J-

2274 1885 2526 1953 ματικοῑς
2554 1884 2586 1955 ἢ
2617 1887 2908 1954 κοσμικοῖς
2939 1885 3207 1956 τρίϐωνος
3235 1885 3323 1960 [Ρ.
3357 1888 3492 1959 271]
3531 1891 3798 1960 πράγμασι,

3853 126 3855 154 1

3854 1457 3855 1482 1

3854 1705 3855 1728 1

3854 1779 3855 1804 1

583 1975 820 2046 κέρδεσι.
861 1974 971 2028 Καὶ
995 1975 1082 2028 διὰ
1121 1973 1296 2028 ταῦτα
1329 1975 1386 2028 ἓν
1423 1976 1533 2030 τῶν
1563 1977 1885 2046 ἀναγκαίων
1914 1977 2062 2040 ἔδοξε
2087 1978 2166 2046 τῷ
2196 1948 2244 2007 Β
2275 1976 2534 2048 φέροντες
2581 1979 2808 2043 ἑαυτοὺς
2837 1980 2934 2033 καὶ
2963 1983 3232 2048 γυναῖκας
3277 1984 3377 2037 καὶ
3410 1984 3579 2038 τέκνα
3608 1984 3696 2036 καὶ
3719 1984 3804 2048 ζῶι

581 2069 761 2139 καιρῷ
783 2067 877 2121 καὶ
903 2069 1018 2130 τοῖς
1061 2069 1332 2136 ἐφεστῶσι
1362 2068 1679 2139 πράγμασι,
1719 2069 1780 2122 τὸ
1812 2071 2163 2138 περιλειφθὲν

578 2160 742 2225 τέως,
777 2161 900 2213 ὅσον
926 2161 982 2212 ἐν
1019 2159 1300 2230 προνοίαις
1335 2160 1588 2214 ἐτάττετο
1622 2165 1816 2230 μοναῖς
1847 2179 1906 2215 τε
1939 2163 2035 2216 καὶ
2075 2166 2164 2216 ἐκ·

585 2445 705 2484 rum
745 2437 937 2500 pectus
986 2429 1130 2500 capit
1187 2428 1459 2498 planeque
1517 2444 1582 2482 ex
1642 2426 1788 2483 Orco
1839 2427 2016 2482 amata
2078 2427 2162 2484 in-

580 2524 766 2580 stincti
802 2521 1032 2577 audacia
1065 2533 1117 2576 et
1150 2519 1378 2586 ferocia,
1410 2520 1519 2574 ritu
1553 2527 1717 2575 vento
1747 2520 1965 2589 impulsi
1993 2522 2158 2576 vehe-

579 2619 780 2672 mentis
848 2615 1108 2677 incendii.
1166 2623 1366 2670 cuncta
1426 2613 1800 2683 corripiebant
1864 2629 2160 2670 consume-

579 2711 822 2779 bantque
886 2706 1069 2773 obvia,
1134 2707 1274 2760 mari
1335 2705 1455 2761 solo
1531 2720 1600 2762 ne
1657 2705 1802 2760 ultra
1865 2707 2156 2761 tenderent

578 2803 799 2858 retenti.
871 2800 1075 2854 ilorum
1113 2814 1246 2854 ausa
1305 2808 1359 2852 et
1415 2809 1535 2853 acta
1573 2812 1672 2852 nec
1725 2806 2001 2853 momento
2033 2813 2154 2854 ces-

577 2897 832 2952 santibus
871 2894 1262 2964 imperatorem
1319 2892 1610 2946 obrucntia
1641 2889 1855 2945 nuntiis
1889 2905 1958 2944 ne
1989 2891 2155 2945 breve

573 2989 794 3060 quidem
845 2987 1087 3058 spatium
1121 2984 1170 3040 ei
1207 2984 1276 3038 ad
1304 2982 1732 3039 consultandum
1769 2982 2154 3052 relinquebant

573 3083 832 3138 liberum.
899 3081 1079 3149 Atque
1153 3077 1284 3131 huic
1345 3077 1568 3146 quidem
1631 3075 1868 3130 exeundi
1933 3075 2151 3131 obviam

573 3171 825 3227 barbaris
883 3167 1309 3240 opponendique
1362 3167 1430 3222 iis
1465 3167 1648 3238 justos
1695 3165 1969 3220 exercitus
2004 3165 2151 3219 nulla

570 3259 1058 3334 prorsus-facultas
1095 3261 1306 3315 aderat.
1344 3258 1482 3312 Nam
1523 3257 1789 3312 Romana:
1816 3256 1991 3326 copim
2038 3273 2148 3312 non

570 3355 868 3410 debilitatae
929 3360 1142 3407 tantum
1203 3359 1384 3415 erant,
1447 3350 1542 3406 sed
1599 3349 1790 3404 tractre
1841 3364 1906 3403 ac
1965 3346 2152 3401 delete

571 3447 845 3511 funditus,
879 3443 1101 3500 amissis
1160 3450 1215 3499 et
1243 3441 1504 3498 domibus
1543 3449 1599 3495 et
1625 3439 1934 3508 stipendiis.
1963 3439 2151 3508 Itaque

569 3558 636 3596 ex
697 3539 923 3596 Oriente
983 3535 1278 3607 fugientes,
1341 3533 1546 3603 passim
1603 3531 1892 3588 ordinibus
1953 3531 2152 3586 solutis

569 3647 670 3703 pro
747 3645 808 3684 se
866 3628 1100 3700 quisque
1145 3627 1200 3681 in
1239 3625 1590 3682 Occidentem
1651 3624 2046 3704 properabant,
2095 3622 2149 3677 in

572 3729 724 3779 lucro
769 3731 1036 3796 ponentes
1063 3720 1210 3792 quod
1238 3720 1416 3775 solum
1437 3719 1705 3783 viverent,
1739 3725 1796 3775 et
1823 3733 1923 3789 pro
1946 3719 2149 3774 misero

570 3817 770 3888 spiritu
806 3813 1076 3870 trahendo
1113 3811 1248 3867 nihil
1281 3809 1484 3881 pacisci
1514 3809 1826 3865 recusaturi
1871 3807 2150 3863 sertitutis

569 3929 631 3966 ac
687 3908 996 3965 dedecoris.
1039 3905 1224 3962 Novos
1287 3904 1493 3981 habere
1527 3902 1768 3958 delectus
1796 3903 2149 3973 praemiisque

568 4002 860 4076 promissis
896 4001 1036 4056 alios
1085 3999 1311 4054 allicere
1337 3997 1440 4054 sub
1473 3996 1626 4067 signa
1667 3996 1869 4051 milites
1923 4011 2148 4065 prorsus

462 4125 472 4130 -
565 4112 735 4167 supra
760 4096 905 4150 vires
931 4102 1068 4158 erat,
1111 4108 1236 4148 cum
1272 4106 1372 4147 nec
1411 4098 1538 4160 apta
1566 4089 1776 4144 militiae
1823 4089 1888 4142 ad
1923 4103 2144 4142 manum

563 4190 826 4257 juventus
863 4185 1076 4240 adforet
1107 4191 1163 4238 et
1215 4183 1398 4237 aerarii
1458 4181 1639 4250 palam
1671 4181 1926 4236 exhausti
1953 4180 2145 4236 conci-

565 4281 736 4336 disset
785 4277 940 4333 iidcs.
1005 4274 1272 4330 Restabat
1325 4281 1383 4327 ut
1422 4272 1504 4326 vel
1564 4271 1742 4341 turpis
1771 4281 1826 4326 et
1881 4272 2147 4329 damnosa

563 4389 667 4444 pax
705 4368 982 4425 adulando
1016 4366 1148 4422 indu
1165 4365 1354 4421 cendis
1379 4363 1445 4418 ad
1473 4378 1761 4419 assensum
1792 4363 1844 4417 in
1877 4364 2148 4418 conditio—

565 4480 664 4520 nes
701 4463 860 4518 nobis
897 4461 1223 4530 probrosas,
1258 4455 1396 4526 ipsis
1425 4455 1659 4526 amplas,
1695 4454 1876 4510 Persis
1899 4469 2142 4524 querno-

561 4558 852 4624 doeunque
906 4560 1235 4607 tentaretur.
1261 4548 1342 4604 Ad
1376 4548 1428 4604 id
1452 4549 1744 4603 consilium
1773 4557 2139 4618 prmterquam

2275 2070 2368 2119 καὶ
2410 2066 2648 2138 ὓπαρξιν
2677 2069 3126 2136 ἐγκατέκλεισαν.

2269 2416 2578 2483 necessitas
2607 2426 2659 2482 in
2687 2435 2931 2484 extrema
2986 2431 3233 2485 omnium
3263 2431 3584 2503 reipublica:
3619 2435 3804 2491 caiami-
3854 2427 3855 2430 “

2270 2529 2380 2575 tate
2431 2527 2714 2589 utcunque
2765 2521 3054 2577 tolerabile
3110 2533 3474 2589 monstraret,
3504 2542 3624 2584 sese
3654 2529 3802 2584 consi-

2270 2613 2406 2666 lium
2438 2611 2708 2667 oll'e‘rebat
2763 2612 2872 2667 tale
2921 2613 3221 2683 quoddam,
3283 2626 3340 2671 ut
3372 2619 3662 2688 pensiones
3713 2637 3804 2690 qna!

2265 2705 2450 2760 adhuc
2509 2719 2545 2761 e
2616 2703 2747 2759 tisco
2799 2705 3147 2762 solverentur
3201 2721 3396 2764 omnes
3433 2714 3656 2769 omnino
3708 2715 3804 2783 qui-

2264 2797 2475 2862 busvis,
2533 2797 2884 2854 monasteriis
2932 2800 3096 2853 etiam
3153 2807 3209 2856 et
3259 2804 3534 2872 ecclesiis,
3583 2815 3804 2861 auctora~

2265 2895 2558 2956 mentaque
2586 2887 2725 2942 adeo
2765 2889 2878 2958 ipsa
2921 2890 3387 2958 praetorianorum
3449 2895 3802 2961 imperatorem

2263 2979 2714 3043 custodientium,
2752 2979 2916 3035 unico
2969 2995 3038 3036 ex
3095 2982 3369 3038 omnibus
3421 2998 3648 3056 accepto
3682 2988 3804 3054 quoi

2262 3071 2684 3125 monocellicum
2733 3071 3031 3140 appellant,
3061 3071 3303 3128 dominis
3337 3090 3484 3130 nunc
3519 3085 3574 3130 et
3612 3091 3806 3146 posses-
3854 3123 3855 3142 γ

2257 3163 2478 3219 scribus
2528 3177 2718 3218 eorum
2767 3165 2834 3217 ad
2871 3173 3089 3234 tempus
3114 3165 3454 3234 cedentibus,
3495 3177 3810 3225 verterentur
3854 3215 3855 3228 χ

2260 3255 2315 3310 in
2341 3255 2614 3326 slipendia
2640 3255 3139 3324 conquirendorum
3181 3259 3545 3332 undecunque
3576 3263 3808 3325 militum,
3854 3257 3855 3318 1

2175 3318 2224 3382 C
2252 3363 2393 3417 quos
2417 3318 2514 3418 qui
2547 3348 2628 3403 sic
2681 3318 3158 3418 alerent-propriis
3223 3350 3277 3404 in
3312 3366 3414 3407 eos
3455 3318 3810 3422 .pensionibas

2257 3440 2560 3504 translatis,
2621 3429 2831 3494 eorum.
2896 3440 3003 3496 sibi
3077 3442 3509 3500 substitutorum
3580 3446 3808 3500 manilius

2255 3532 2679 3604 pugnare,.licet
2729 3533 2874 3588 domi
2909 3543 3215 3598 manentes,
3258 3543 3314 3590 et
3350 3543 3462 3592 tam
3513 3540 3808 3595 necessario

2253 3632 2500 3694 tempore
2527 3625 2670 3679 tueri
2701 3639 2812 3678 rem
2839 3632 2894 3678 et
2915 3625 3272 3700 publicam_et
3293 3630 3566 3699 privatam
3597 3635 3806 3703 quisque

2251 3731 2410 3772 suam
2441 3716 2781 3781 viderentur,
2814 3717 3014 3772 solatio
3047 3719 3280 3789 jactura:
3311 3730 3364 3776 et
3416 3725 3484 3778 ad
3509 3725 3700 3778 damni
3731 3740 3810 3794 pav
3854 3795 3855 3800 η

2250 3809 2494 3862 tientiam
2552 3809 2830 3864 incentivo
2881 3825 2991 3864 non
3049 3812 3292 3868 modico.
3351 3814 3616 3872 Annuere
3643 3817 3728 3872 his
3765 3826 3812 3870 et

2251 3899 2484 3968 probare
2537 3901 2683 3972 quod
2742 3901 2808 3956 ad
2861 3917 2922 3958 se
2979 3903 3259 3970 attineret,
3293 3917 3562 3977 quantum
3615 3910 3812 3964 cratde

2251 3993 2604 4054 monasteriis
2677 4004 2734 4050 et
2801 3996 3057 4052 ecclesiis
3115 3999 3432 4064 decretum,
3509 4003 3811 4073 signiﬁcare

2248 4084 2398 4140 visus
2450 4086 2762 4154 patriarcha
2791 4096 2898 4151 est,
2959 4089 3132 4144 misso
3191 4091 3260 4145 ad
3321 4095 3630 4164 Augustum
3695 4098 3812 4150 olea:

2249 4191 2424 4242 ramo,
2453 4179 2607 4232 nullo
2634 4179 2800 4234 verbo
2826 4179 3036 4236 addito.
3069 4183 3128 4238 id
3155 4183 3322 4251 quod,
3356 4201 3456 4254 pro
3483 4184 3693 4258 ingenii
3717 4203 3811 4258 qua

2245 4279 2660 4341 prmoecupatus
2714 4271 3066 4329 Andronicus
3124 4285 3242 4330 erat
3280 4277 3570 4332 Athanasii
3629 4280 3811 4334 existi.

2245 4363 2490 4419 matione
2521 4378 2584 4419 ac
2617 4364 2942 4432 reverentia,
2996 4369 3242 4438 mysterii
3274 4369 3399 4424 loco
3465 4372 3532 4424 ah
3566 4388 3633 4427 eo
3665 4372 3814 4425 habi-

2246 4463 2361 4508 tum
2407 4457 2545 4510 etin
2597 4471 2720 4512 eam
2773 4458 2989 4514 scilicet
3049 4460 3565 4530 interpretationem
3603 4474 3816 4534 raptum

2241 4555 2348 4615 est,
2391 4559 2449 4603 ut
2484 4549 2635 4604 brevi
2678 4557 2996 4607 secuturam
3047 4568 3112 4609 ex
3169 4553 3334 4624 hujus
3369 4553 3568 4611 ell‘ectu
3605 4557 3816 4612 consilii

560 4649 778 4719 imperii
841 4647 1020 4702 honor
1089 4651 1144 4699 et
1214 4641 1446 4696 Romani
1504 4639 1746 4696 nominis
1800 4640 2561 4732 existimatiooprosperam
2622 4655 2834 4711 pacem,
2867 4657 2979 4698 non
3038 4645 3253 4702 modico
3295 4645 3348 4702 in
3406 4648 3532 4704 sinu
3597 4650 3816 4721 gaudia,

565 4747 831 4796 hactenus
893 4748 1004 4794 tam
1063 4743 1294 4806 augusta
1351 4733 1664 4802 respuebat,
1701 4733 2133 4803 ctiamquanto-

561 4849 779 4905 cunque
834 4839 1036 4886 conatu
1071 4835 1478 4898 eapesseretur.
1513 4839 1770 4879 successu
1805 4826 1963 4894 plane
1989 4825 2135 4879 cari-

559 4941 740 4984 turum
773 4926 955 4998 palam
1009 4931 1150 4986 erat,
1187 4920 1446 4990 quoniam
1479 4927 1535 4972 et
1581 4928 1661 4974 tot
1699 4927 1878 4972 essent
1914 4927 2134 4988 tamque

559 5017 1005 5090 discrepantibus
1052 5013 1345 5071 sententiis
1397 5010 1566 5066 duces
1617 5011 1710 5066 isti
1743 5011 2130 5073 barbarorum,

558 5124 619 5170 ut
668 5121 724 5168 et
783 5110 1072 5164 universos
1125 5103 1331 5174 pariter
1387 5117 1492 5158 una
1551 5104 1922 5158 conventione
1970 5119 2133 5173 posse

553 5181 952 5274 comprehendi
1005 5211 1171 5266 supra
1230 5209 1380 5264 spem
1439 5204 1610 5260 esset,
1663 5203 1717 5252 et
1763 5197 1808 5250 si
1866 5197 2130 5266 quosdam

560 5299 776 5349 tantum
811 5286 1196 5351 demerereris,
1237 5284 1371 5340 nihil
1400 5300 1630 5355 ageres:
1674 5287 1874 5343 milites
1929 5289 2132 5358 quippe

557 5383 805 5454 ipsorqu
863 5395 1056 5434 oiuues
1107 5377 1310 5447 praedis
1362 5374 1639 5434 inhiantes
1689 5376 2030 5446 avidissime,
2062 5380 2132 5434 ab

555 5459 622 5535 eo
655 5473 968 5541 quicunque
1024 5483 1211 5538 pacem
1267 5469 1505 5535 fecisset,
1548 5469 1616 5522 ad
1652 5467 1791 5524 alios
1847 5483 1876 5520 a
1916 5470 2130 5540 ,quibus

555 5564 720 5639 390
775 5574 989 5632 raptum
1055 5563 1551 5631 latrocinatumque
1606 5560 1958 5629 ducerentur,
2006 5579 2132 5618 sese

557 5660 904 5728 aggregaturi
961 5658 1148 5712 statim
1205 5657 1407 5722 forent,
1464 5655 1742 5710 eteadem
1799 5655 1964 5721 nobis
1991 5656 2130 5712 duce

555 5760 764 5805 mutato
803 5752 1003 5805 damna
1060 5748 1284 5802 illaturi.
1327 5747 1450 5802 llaec
1476 5761 1675 5801 cuneta
1731 5747 2131 5811 consideranti-

553 5844 654 5900 bus
682 5860 847 5899 unum
878 5845 1164 5904 duntaxat,
1195 5856 1360 5908 grave
1381 5839 1516 5894 illud
1542 5837 1758 5907 quidem
1783 5837 2124 5906 etiniquum,

555 5938 650 5993 sed
703 5938 846 6008 quod
901 5938 1016 5994 sola
1078 5935 1273 5990 victrix
1339 5935 1517 6003 legum
1584 5929 1862 5999 etjurium
1931 5944 2124 5986 secura

2239 4731 2557 4787 confideret.
2615 4731 2815 4789 Verum
2850 4736 2966 4792 haec
3017 4737 3164 4794 haud
3195 4740 3336 4794 ultra
3372 4741 3816 4811 designationem

2237 4823 2623 4892 procedebant,
2656 4828 2976 4885 absentibus
3006 4830 3186 4888 adhuc
3234 4832 3343 4888 illis
3372 4833 3578 4904 quibus
3640 4835 3817 4890 fuerat

2236 4918 2398 4974 istius
2433 4918 2636 4974 decreti
2688 4925 2972 4978 exsecutio
3019 4907 3302 4982 mandtita.
3349 4927 3576 4982 Interim
3636 4940 3818 4982 autem

2236 5009 2417 5065 Persae
2467 5010 2832 5084 undecunque
2887 5015 3184 5083 irruentes,
3241 5033 3386 5088 quos
3439 5022 3670 5090 quidem
3729 5036 3820 5074 no-

2236 5108 2474 5156 strorum
2506 5105 2728 5174 assequi
2759 5116 3008 5176 potuere,
3042 5121 3397 5180 peremerunt
3439 5113 3669 5184 gladio;
3708 5115 3822 5175 alii,

2235 5189 2437 5263 quibus
2490 5197 2636 5252 vires
2691 5199 2759 5253 ad
2819 5200 3003 5270 fugam
3045 5219 3150 5258 non
3183 5203 3436 5269 defuere,
3489 5215 3823 5278 receperunt

2233 5302 2358 5343 sese
2411 5289 2554 5343 intra
2583 5292 2918 5350 munitiones
2953 5296 3161 5367 Cyzici,
3188 5313 3326 5368 quas
3378 5315 3575 5356 recens
3609 5303 3826 5356 validas

2233 5392 2482 5437 erexerat
2506 5385 2624 5454 ejus
2654 5385 2806 5441 urbis
2834 5402 3037 5456 praeses
3067 5389 3310 5462 Niphon,
3345 5395 3430 5446 vir
3467 5405 3746 5449 strenuus
3776 5405 3824 5448 et

2235 5472 2289 5525 in
2329 5475 2530 5540 paucis
2552 5476 2746 5541 solere,
2775 5493 2874 5532 nec
2903 5481 2956 5534 in
2994 5481 3383 5551 spirituaiihus
3417 5487 3596 5553 magis
3655 5501 3825 5555 quam

2233 5563 2592 5618 sa-cuiarihns
2619 5569 2856 5638 negotiis
2888 5585 2994 5625 usu
3035 5584 3235 5642 magno
3263 5567 3476 5630 "tritus.
3511 5575 3671 5630 intra
3713 5579 3828 5631 haec

2231 5671 2361 5725 ergo
2393 5657 2989 5717 munimenta'ﬂomani
3021 5681 3144 5720 eum
3179 5682 3238 5720 se
3273 5667 3428 5737 ipsos
3454 5682 3522 5723 ac
3550 5669 3830 5740 coniuges

2231 5747 2568 5818 liberosque,
2607 5756 3008 5810 tum-animalia
3046 5767 3098 5811 et
3135 5759 3398 5828 reliquias
3463 5762 3540 5816 rei
3578 5763 3834 5816 familia-

2232 5842 2329 5904 ris,
2360 5855 2719 5913 quascunque
2750 5848 3073 5936 subtrahere
3091 5849 3270 5907 furori
3295 5851 3601 5910 barbarico
3623 5858 3833 5912 value.-

2230 5943 2372 5999 rant,
2403 5936 2817 5995 cont-luserunt.
