3860 6604
142 544 224 610 433

140 665 304 732 Merops
355 660 619 716 ἀνέκαθεν
675 661 987 732 Θευδερίχῳ
1037 662 1289 718 Σικελίαν
1338 663 1665 734 κατέχοντι,
1692 667 1747 724 Α

139 756 254 811 κατά
301 771 414 807 τινα
478 754 705 829 γονικὴν
771 754 1114 809 ἀποστασίαν
1170 755 1274 824 τῆς
1332 754 1666 825 Ἐκκλησίας

140 848 492 903 ἀποστατοῦντι
523 847 618 901 καὶ
642 846 731 901 διά
759 847 921 902 τοῦτο
954 849 1034 908 εἰς
1060 847 1333 916 πολέμους
1360 846 1457 901 καὶ
1487 846 1669 916 μάχας

140 943 250 1021 πρὸς
300 942 382 995 τὸν
433 942 715 1012 Κάρουλον
766 943 1137 1004 καταστάντι,
1171 943 1421 1012 πρόσεισι
1475 942 1669 1012 ῥόγαις

122 1036 328 1096 ’τακταῖς
356 1033 640 1103 βοηθήσων
672 1035 772 1088 σὺν
814 1036 1006 1104 οἰκείῳ
1038 1033 1176 1105 λαῷ.
1215 1035 1325 1088 Καὶ
1353 1034 1447 1086 ὲπὶ
1490 1035 1707 1103 χρόνιον

141 1124 253 1178 κατά
277 1141 334 1193 γε
369 1125 690 1195 συμμαχίαν
721 1127 897 1180 συνὼν
932 1125 1242 1198 Θευδερίχῳ
1275 1124 1416 1197 μετὰ
1445 1126 1556 1179 τῶν
1588 1127 1671 1177 οι-

142 1218 273 1271 κεῖων
301 1218 678 1290 προσεϐοήθει.
723 1220 876 1273 Ἐπεὶ
904 1221 950 1274 δ’
978 1223 1006 1275 ὁ
1040 1221 1278 1290 πόλεμος
1304 1217 1517 1273 παῦλαν
1542 1217 1668 1289 ἔσχε

145 1311 216 1363 καὶ
254 1311 490 1371 σπονδαῖς
520 1312 841 1382 ὲπιγαμίοις
875 1315 923 1366 ol
950 1302 1087 1386 τέως
1132 1314 1497 1385 πολεμοῦντες
1524 1313 1674 1384 εἰρή-

143 1419 265 1453 νενον
285 1402 394 1472 (τὴν
418 1401 524 1472 γὰρ
556 1405 928 1475 Δίκατερίναν
958 1407 986 1459 ὁ
1012 1402 1106 1458 τοῦ
1137 1406 1307 1477 ρηγὸς
1333 1405 1562 1474 ἀδελφὸς
1591 1406 1673 1469 είς

144 1494 284 1561 τάμον
314 1495 596 1562 λαμδάνει,
624 1497 685 1549 ὃν
721 1498 815 1550 καὶ
859 1499 940 1560 είς
972 1498 1192 1567 βασιλέα
1229 1498 1430 1569 στέψας
1458 1501 1487 1552 ὁ
1519 1500 1672 1552 πάπ-

147 1604 247 1648 πις,
274 1587 358 1638 καὶ
387 1587 507 1656 δίχα
536 1589 726 1659 τέρας.
764 1589 862 1643 εἴτ’
889 1585 983 1644 οὖν
1011 1591 1135 1659 γῆς,
1167 1591 1510 1662 ἐπικηρύξας
1538 1592 1677 1661 κρά-

148 1692 266 1743 rapa,
294 1678 412 1747 περὶ
442 1680 543 1747 τῆς
574 1680 786 1744 πόλεως
828 1683 1021 1753 ἐκείνῳ
1072 1685 1171 1748 τὰς
1203 1685 1421 1748 ἐλπίδας
1464 1685 1675 1755 ἀνήρτα

148 1768 213 1819 διὰ
231 1769 312 1836 τὴν
343 1771 559 1843 νύμφην
600 1770 767 1829 οὖσαν
794 1776 891 1830 τοῦ
928 1777 1252 1831 Βαλδουΐνου
1278 1780 1556 1847 ὲγγόνην),
1584 1781 1677 1834 ἐπὶ

150 1861 320 1925 τούτοις
341 1865 429 1916 καὶ
461 1866 565 1934 τῆς
611 1867 942 1938 Ἐκκλησίας
993 1853 1334 1940 ἱλεουμένης
1368 1872 1594 1941 πέμψας
1648 1874 1677 1927 ὁ

152 1953 337 2015 aiam;
368 1956 521 2024 ζητεῖ
551 1959 649 2012 τὸν
681 1961 1119 2034 Ῥοντζέριον,’0
1140 1966 1325 2033 μέντοι
1355 1966 1516 2019 Θευδέ
1528 1983 1677 2035 ριχος

152 2044 197 2094 οὔ
224 2045 406 2113 πρέπον
443 2054 611 2117 γνοὺς
643 2052 752 2105 οὐδ’
794 2054 966 2116 ἄλλως
995 2055 1206 2109 δίκαιον
1238 2056 1549 2125 προδιδόναι
1588 2058 1681 2109 τὸν
1712 2039 1757 2097 Β

157 2136 227 2187 ἐπὶ
246 2142 436 2208 καιροῖς
459 2138 789 2211 ἀναγκαίοις
823 2147 1061 2214 φανέντα
1110 2149 1383 2219 χρήσιμον
1419 2149 1687 2219 (ἐφῆπται

160 2228 239 2294 γὰρ
268 2231 477 2285 αὐτόθεν
506 2235 558 2287 oi
590 2236 685 2288 καὶ
710 2238 776 2290 τὰ
807 2238 955 2292 δεινά
979 2240 1052 2303 ὡς
1072 2241 1133 2293 τὸ
1160 2242 1346 2311 σχῆμα
1367 2244 1689 2312 καταπατή-
1773 2262 1776 2265 '

1016 543 1114 604 DE
1144 543 1599 608 ANDRONICO
1640 538 2106 605 PALEOLOGO
2128 537 2282 599 LIB.
2323 536 2389 597 V.

3242 520 3349 582 ιιι

1772 660 1920 713 ναῖον
1971 659 2065 711 καὶ
2105 656 2279 718 πλέως
2315 648 2568 722 Ἀρεῖκοῦ
2620 645 2970 717 φρονήματος
2998 680 3015 705 ,
3063 637 3246 707 πολλῷ
3296 637 3352 690 δὲ

1774 732 1985 820 μᾶλλον
1998 750 2091 803 καὶ
2117 747 2195 819 τῷ
2216 748 2314 817 τῆς
2336 743 2564 814 γνώμης
2595 738 2875 807 σπουδαίῳ
2899 736 2993 791 καὶ
3017 733 3354 805 βαθυσκόπῳ

1768 844 1897 899 λαὸν
1925 840 2292 911 δουλαγωγῶν
2341 835 2648 892 ἀτάσθαλον
2700 834 2796 888 καὶ
2825 831 3001 899 τούτῳ
3045 824 3354 896 κατορθοῦν

1771 935 1838 988 τὰ
1880 935 2117 1004 μέγιστα
2145 928 2537 1001 φημιζόμενος.
2576 925 2635 978 '0
2667 925 2851 995 μέντοι
2878 938 2941 990 γε
2977 916 3234 991 βασιλεὺς
3267 913 3358 968 διὰ

1772 1027 1871 1099 τὴν
1899 1027 2146 1098 ἀνάγκην
2179 1023 2490 1093 ἀρξάμενος
2519 1019 2620 1090 ἤδη
2654 1016 2999 1085 ξενοτροφεῖν
3019 1011 3092 1073 ὡς
3116 1009 3355 1081 ἕρμαιον

1775 1119 2013 1191 ἁρπάζει
2032 1118 2093 1171 τὸ
2123 1114 2413 1186 σύμϐαμα,
2437 1111 2531 1165 καὶ
2556 1109 2791 1179 πέμπων
2821 1106 3034 1167 πίστεις
3065 1104 3128 1157 ὲκ
3152 1116 3355 1191 χρυσο

1775 1190 2014 1268 δούλλων
2050 1207 2214 1264 αὐτὸν
2237 1207 2524 1276 ἀνεδέχετο
2545 1204 2638 1257 καὶ
2661 1202 2791 1254 λαὸν
2820 1197 3203 1268 προσεδέχετο,
3227 1190 3357 1246 ὥστ’

1774 1308 1983 1360 ἐκεῖνον
2016 1303 2114 1373 μὲν
2148 1300 2226 1370 τῷ
2258 1298 2353 1351 τοῦ
2392 1296 2634 1367 μεγάλου
2664 1292 2859 1354 δουκδς
2887 1291 3056 1359 τιμᾷν
3085 1287 3361 1357 ἀξιώματι

1776 1397 1869 1452 καί
1899 1413 1963 1466 γε
2019 1395 2115 1448 καὶ
2166 1391 2419 1461 γαμόρδν
2473 1387 2562 1442 ἐπ’
2613 1383 2870 1453 sagmier
2925 1380 3115 1449 Μαρία⁵
3158 1382 3223 1450 τῇ
3265 1376 3359 1430 τοῦ

1789 1488 1951 1542 Ἀσὰν
1988 1485 2223 1554 θυγατρὶ
2252 1481 2539 1551 καθιστᾷν,
2578 1477 2705 1541 τοὺς
2735 1477 2792 1529 δέ
2818 1492 2882 1543 γε
2914 1474 3041 1545 περὶ.
3076 1472 3240 1525 αὐτὸν
3275 1466 3365 1537 ῥό-

1776 1598 1899 1649 γαις
1924 1580 2045 1642 ταῖς
2078 1575 2487 1649 προσηκούσαις
2521 1569 2806 1637 ἑξικανοῦν
2843 1565 3253 1638 ὑπηρετοῦντας
3295 1561 3365 1614 τὰ

1779 1674 1918 1729 κατά
1953 1672 2208 1740 πόλεμον.
2242 1670 2326 1741 [Ρ.
2354 1666 2481 1740 275]
2510 1668 2582 1720 Τὸ
2616 1664 2725 1735 γὰρ
2755 1664 3093 1733 Ῥωμαϊκὴν,
3120 1662 3195 1723 ὡς
3216 1660 3370 1728 εἴρη-

1779 1784 1890 1830 ται,
1929 1763 2295 1835 ἐξησθενηκὸς
2324 1762 2418 1814 καὶ
2456 1758 2598 1813 κατὰ
2630 1757 2784 1811 δύσιν
2812 1757 3118 1826 διασπαρὲν
3148 1751 3371 1820 παρεώ-

1782 1877 1935 1931 ρατο,
1987 1848 2186 1927 ζητοῦν
2220 1852 2540 1908 τούντεῦθεν
2593 1851 2727 1905 ὅπου
2760 1848 3070 1904 δουλεύσειε
3114 1848 3205 1899 καὶ
3239 1862 3369 1915 τρὶ-

1782 1955 2040 2024 φήσαιτο.

1791 2075 1879 2136 ιγ’.
1914 2068 2049 2135 Περὶ
2081 2064 2324 2135 Μιχαὴλ
2359 2064 2465 2136 τοῦ
2489 2065 2819 2136 δεσπότου,
2863 2060 3023 2124 ὅπως
3069 2060 3377 2112 ὑποπτευ-

2348 2135 2469 2202 θεὶς
2500 2133 2826 2202 ἐπεσχέθη.

1861 2234 2001 2303 Παρ⁹
2036 2232 2103 2303 ἥν
2137 2230 2315 2286 αἰτίαν
2362 2230 2460 2283 καὶ
2491 2226 2713 2299 Μιχαὴλ
2768 2227 2796 2279 ὁ
2849 2224 3117 2292 δεσπότης
3172 2222 3376 2282 αἰτίαις

166 2322 318 2417 eam),
350 2323 537 2395 ἱκανὴν
574 2328 678 2396 μὲν
707 2329 854 2399 αὑτῷ
896 2331 1325 2405 φιλοφροσύνην,
1371 2334 1452 2404 τῷ
1482 2334 1691 2406 πάππᾳ
1793 2324 2121 2395 ὑποδληθεὶς
2154 2322 2594 2417 κεκινδένευκεν.
2626 2320 2780 2374 Ἐπεὶ
2809 2320 2919 2390 γὰρ
2949 2319 2975 2370 ὁ
2998 2316 3096 2387 μὲν
3121 2313 3375 2383 βασιλεὺς

164 2409 204 2461 δὲ
228 2414 342 2482 api,-
365 2416 429 2469 τὰ
460 2416 782 2489 ζητούμενα
805 2420 1019 2488 ῦπειξιν
1051 2424 1406 2494 ἡγησάμενος
1432 2427 1693 2481 ἀπολύειν
1793 2420 1992 2488 ἤπειγε
2024 2419 2220 2473 τοῦτον
2256 2407 2356 2481 εἰς’
2392 2417 2630 2483 Νίκαιαν
2681 2414 2900 2485 σύναμα
2956 2411 3034 2481 τῷ
3088 2409 3179 2462 ὑπ’
3215 2407 3379 2460 αὐτὸν)

164 2504 235 2556 καὶ
264 2505 326 2575 μὴ
354 2512 612 2579 κατέχειν
650 2513 787 2581 μήτε
814 2514 922 2583 μὴν
941 2515 1229 2585 περιέπειν
1258 2516 1351 2570 τὸν
1382 2518 1692 2588 ἄνθρωπον,
1795 2509 1912 2579 λαῷ
1947 2509 2424 2579 στρατηγήσοντα,
2476 2506 2685 2566 ἐκεῖνος
2738 2503 2797 2556 δὲ
2849 2501 3115 2563 πολλάκις
3159 2497 3379 2567 γράψας

163 2596 358 2651 ἐκποδὼν
394 2603 707 2673 ἐπήγγελλε
738 2605 982 2673 γίνεσθαι
1013 2608 1106 2661 καὶ
1132 2608 1318 2678 ζητεῖν
1351 2611 1484 2662 ὅπου
1518 2609 1697 2679 σωθή-
1802 2604 2157 2673 μετεκαλεῖτο
2182 2601 2272 2653 τὸν
2305 2599 2458 2661 ἴδιον,
2490 2598 2740 2651 κάκεῖνοι
2769 2593 3255 2666 κατερῤαθύμουν,
3292 2591 3380 2645 διᾰι

168 2704 304 2745 σεται.
334 2692 425 2749 Διά
444 2696 625 2749 ταῦτα
647 2701 758 2761 τοῖς
782 2700 922 2762 ὅλοις
941 2699 1238 2771 ἀπορηθεὶς
1261 2703 1472 2765 ἐκεῖνος
1489 2703 1696 2771 πέμπει
1799 2694 1973 2749 ταῦτα
2010 2693 2157 2757 ἔδοξε
2185 2692 2424 2764 Χρῆσθαι
2465 2692 2578 2752 τοῖς
2621 2689 2886 2760 βασιλέως
2936 2688 3011 2752 ὡς
3053 2685 3379 2754 ὑπηρέταις.

168 2782 272 2847 πρδς
313 2784 532 2854 βασιλέα
582 2791 676 2842 καὶ
706 2790 940 2844 ἱκετεύει
965 2791 1242 2862 δέχεσθαν
1277 2792 1425 2863 ἔχειν
1453 2793 1562 2865 γὰρ
1602 2794 1699 2847 καὶ
1800 2790 1901 2860 ἤδη
1956 2789 2254 2858 ἀπολέμοις
2294 2788 2359 2840 ἐκ
2406 2787 2506 2855 τῆς
2549 2786 2796 2852 ἀνάγκης
2836 2782 3251 2852 γεγενημένοις,
3287 2779 3382 2831 καὶ

165 2870 264 2926 λαξν
293 2876 462 2930 ἱκανὸν
492 2884 813 2952 συμμαχεῖν
837 2882 971 2936 ὅπου
1009 2883 1251 2954 βούλοιτο
1288 2884 1562 2955 βασιλεύς.
1588 2880 1701 2939 Ἦν
1802 2880 2027 2952 πέμψας
2081 2882 2305 2951 συνῆγε,
2358 2880 2498 2950 πλὴν
2529 2877 2653 2931 οῦτε
2705 2876 2973 2947 βασιλέως
3019 2874 3245 2936 εἰδότος,
3286 2873 3381 2925 καὶ

166 2964 252 3036 γάρ
279 2971 385 3033 ταῖς
414 2970 722 3044 ἀληθείαις,
745 2972 820 3039 ὡς
861 2974 1030 3043 ἔδοξε,
1076 2977 1169 3031 καὶ
1202 2977 1357 3047 λῆμα
1395 2977 1538 3049 ἔχων
1572 2994 1701 3046 γεν-
1802 2974 1996 3045 ὅρκους
2026 2960 2274 3026 ἀπαιτῶν
2314 2970 2555 3034 ἐκείνους
2584 2970 2660 3033 ὠς
2691 2967 2820 3037 περὶ
2849 2966 3044 3020 ἑκατὸν
3068 2965 3250 3029 ὄντας.
3285 2964 3383 3018 καὶ

166 3140 505 3205 Theudericus
535 3164 639 3205 nec
688 3150 980 3207 honestum
1014 3168 1115 3207 nec
1145 3153 1357 3223 justum
1409 3163 1561 3212 ratus
1601 3156 1703 3211 bo-

166 3238 333 3293 minem
363 3243 622 3312 prodere,
684 3248 777 3313 qui
813 3249 1133 3304 uecessnrio
1190 3266 1292 3305 suo
1330 3258 1580 3320 tempore
1642 3266 1703 3306 se

168 3330 247 3398 ipsi
282 3335 457 3390 utilem
499 3338 812 3406 probasset,
850 3341 980 3395 huic
1012 3340 1236 3412 quidem
1271 3343 1421 3414 satis
1468 3358 1528 3399 se
1561 3344 1702 3398 rela-

169 3431 314 3479 turum
340 3429 574 3497 gratiam
613 3432 852 3500 putavit,
894 3449 935 3487 sn
966 3399 1203 3489 liberum
1244 3403 1565 3500 dimitteret,
1596 3451 1706 3506 quo
1732 3399 1774 3461 C

170 3519 376 3584 tempore
413 3535 471 3574 se
506 3523 680 3590 quaeri
714 3524 781 3577 ad
810 3526 1141 3594 supplicium
1176 3527 1297 3595 ipse
1333 3543 1443 3583 non
1488 3529 1711 3597 ignora-

170 3614 250 3668 ret,
278 3624 414 3679 papa:
447 3628 674 3684 quoque
727 3616 1163 3685 satisfacturum,
1194 3618 1357 3690 395
1384 3619 1477 3675 ubi
1524 3630 1711 3675 osten-

170 3696 428 3757 dissetnec
474 3703 653 3758 foveri
682 3719 712 3758 a
767 3721 826 3760 se
857 3706 1009 3761 illum
1055 3723 1156 3763 nec
1196 3712 1337 3778 apud
1388 3725 1446 3766 se
1474 3712 1708 3766 versari.

174 3788 283 3859 Ergo
307 3791 600 3852 Rontzerio
625 3798 986 3867 denuntiavit,
1025 3816 1055 3854 a
1109 3816 1169 3857 se
1214 3803 1391 3858 abiret
1447 3804 1712 3862 salutem-

173 3898 253 3947 que
276 3886 393 3941 alibi
420 3898 721 3958 qumreret.
754 3890 814 3945 In
852 3890 936 3947 bis
972 3893 1063 3947 ille
1090 3895 1358 3964 angustiis
1388 3894 1546 3965 inops
1572 3910 1712 3951 cou-

175 3976 258 4027 stlii
296 3980 532 4035 melioris
569 3983 718 4038 misit
775 3983 842 4038 ad
905 3986 1290 4054 imperatorem
1341 3988 1433 4055 qui
1475 4004 1535 4041 se
1587 4002 1712 4058 cum

174 4071 383 4126 exercitu
428 4088 540 4127 non
604 4075 821 4131 modico
857 4087 1103 4146 paratum
1151 4079 1218 4133 ad
1275 4079 1399 4150 ejus
1448 4076 1719 4151 auspiciis

177 4173 267 4212 rem
310 4166 629 4233 gerendam,
678 4168 1001 4238 ubicunque
1048 4171 1392 4242 praeciperet,
1428 4173 1712 4241 ollerrent,

177 4252 418 4324 etiamque
468 4270 698 4314 orarent
728 4276 796 4315 ne
844 4263 1149 4333 supplicem
1186 4275 1585 4333 aspernaretur
1612 4282 1715 4322 nec

180 4342 416 4413 ingratum
469 4367 573 4419 nec
632 4354 903 4420 inutilem,
959 4356 1005 4410 si
1048 4354 1384 4420 admitteret,
1443 4358 1714 4414 futurum.

178 4436 283 4495 Erat
312 4460 512 4509 revera,
558 4447 773 4517 qualem
823 4456 877 4502 et
908 4464 967 4503 se
1017 4448 1230 4504 ferebat
1277 4451 1395 4519 ipse
1426 4463 1481 4505 et
1506 4453 1716 4520 passim

180 4532 297 4592 larua
334 4541 667 4607 celebrabat,
698 4541 1030 4598 Rontzerius
1061 4546 1317 4613 generosi
1343 4554 1401 4599 et
1426 4561 1553 4599 vere
1583 4544 1722 4598 Mar-

180 4628 224 4679 tii
261 4630 442 4698 plenus
473 4634 671 4697 animi,
710 4636 965 4706 mirasque
1003 4636 1171 4709 (quod
1207 4638 1262 4692 in
1296 4638 1392 4693 illo
1419 4638 1718 4709 eminebat)

183 4721 433 4782 industria:
466 4729 519 4782 in
546 4729 651 4784 sibi
698 4730 802 4784 lido
843 4746 906 4785 ac
931 4731 1196 4787 benevolo
1244 4728 1484 4788 tenendo
1523 4732 1717 4786 incun-

183 4814 422 4874 diiissimo
454 4824 539 4876 eui
569 4836 804 4892 praeerat
829 4840 1031 4893 genere
1071 4825 1374 4892 latronum,
1411 4825 1609 4894 quibus
1648 4824 1717 4879 ad

183 4906 353 4980 ﬂagitia
388 4920 689 4971 connivens
707 4926 761 4971 et
794 4926 914 4972 arte
942 4919 1328 4988 popularitatis
1359 4919 1513 4973 varia
1557 4919 1722 4973 obse-

184 5016 351 5067 quens.
381 5008 527 5061 salva
565 5022 784 5078 semper
833 5010 1171 5066 auctoritate
1199 5011 1440 5082 imperii,
1476 5012 1722 5067 strenuis

186 5090 493 5170 fortibusque
520 5114 826 5172 ereptorum
860 5107 1222 5173 quantumvis
1247 5107 1536 5160 audacium
1565 5119 1724 5159 exse-

191 5195 449 5251 cutortbus
484 5196 812 5267 plerumque
853 5198 1133 5262 utebatur,
1179 5199 1560 5255 celebritatem
1599 5198 1726 5254 inde

191 5282 384 5351 adeptus
411 5290 730 5345 maximam.
756 5289 875 5344 Tali
905 5300 1215 5346 conventus
1242 5292 1524 5363 legatione
1546 5292 1725 5360 impe-

195 5382 334 5437 rator.
365 5382 449 5449 qui
491 5380 607 5451 jam
662 5380 730 5436 ad
776 5382 1166 5439 conducendos
1216 5384 1470 5439 mercede
1524 5385 1726 5438 milites

194 5480 372 5524 summa
400 5475 732 5530 necessitate
751 5476 1003 5545 adigente
1034 5476 1309 5547 appellere
1338 5477 1583 5530 animum
1615 5491 1728 5532 caa-

199 5557 359 5626 Pisset,
386 5569 685 5635 pretioszim
720 5569 823 5622 sibi
852 5569 1009 5638 quasi
1047 5569 1313 5626 divinitus
1349 5568 1534 5625 oll‘erri
1564 5583 1729 5623 occa-

197 5651 373 5709 sionem
393 5659 719 5723 arbitratus,
753 5659 947 5729 cupide
971 5659 1115 5729 quod
1143 5676 1200 5715 se
1228 5661 1278 5714 iu
1309 5675 1531 5715 manum
1561 5659 1730 5715 dabat

198 5742 427 5815 arripuit;
461 5750 774 5820 missisque,
804 5765 914 5821 quo
958 5749 1117 5805 ﬁdem
1155 5752 1554 5820 promissorum
1576 5750 1728 5805 face-

200 5843 283 5896 ret,
303 5851 453 5896 anrea
483 5843 712 5897 munitis
741 5843 886 5898 bulla
918 5843 1335 5913 diplomatibus,
1369 5845 1418 5900 ei
1454 5844 1731 5915 signiﬁca-

201 5935 261 5978 ηι
285 5944 390 5988 sese
427 5937 605 6007 ipsum
642 5937 1055 5993 conditionibus
1091 5939 1391 6008 pcramplis
1445 5948 1501 5995 et
1537 5939 1730 6007 subje-

203 6023 404 6096 clasipsi
436 6031 623 6102 copias
677 6034 1113 6088 auctoramentis
1152 6033 1363 6089 idoneis
1422 6032 1533 6103 jam
1585 6048 1731 6088 nunc

1806 3156 1859 3210 iu
1891 3154 2151 3210 Romana:
2201 3152 2410 3206 militiae
2454 3150 2752 3206 auxiliares
2806 3150 3078 3218 accipere.
3122 3147 3384 3206 Venit-ent

1809 3248 1972 3303 modo
2004 3260 2169 3316 quam
2224 3245 2483 3315 primum,
2522 3251 2577 3299 et
2612 3243 2728 3313 ipse
2760 3243 2986 3311 quidem
3044 3241 3245 3295 ductor
3280 3241 3382 3293 sibi

1808 3341 2012 3395 eximie
2064 3336 2395 3394 destinatam
2438 3336 2621 3406 magni
2660 3337 2820 3392 ducis
2881 3335 3206 3404 dignitatem
3260 3349 3385 3388 cum

1812 3432 2079 3486 afﬁnitate
2127 3432 2439 3502 Splendida,
2480 3430 2691 3499 nuptiis
2728 3430 2908 3500 neptis
2945 3431 3177 3501 propria:
3206 3429 3391 3484 Mariae

1812 3526 2011 3580 Asanis
2045 3524 2189 3589 ﬁliae,
2249 3524 2437 3589 iniret,
2478 3525 2685 3580 milites
2735 3539 2867 3579 vero
2923 3526 3097 3593 ipsius
3132 3524 3200 3577 ad
3235 3539 3388 3592 spem

1813 3627 2021 3673 certam
2053 3633 2405 3688 magnorum,
2432 3617 2634 3687 quibus
2668 3619 2818 3673 nulla
2858 3632 3005 3673 mora
3040 3618 3394 3672 numerandis

1815 3712 2201 3777 intercederet,
2227 3712 2631 3781 stipendiorum
2665 3721 3046 3775 accurrerent,
3071 3721 3392 3780 ceteraque

1816 3804 1999 3857 omnis
2029 3803 2251 3874 generis
2279 3817 2461 3872 operte
2492 3801 2634 3858 bello
2668 3801 2888 3857 fortiter
2923 3812 3133 3856 navatm
3158 3802 3303 3855 haud
3333 3814 3396 3857 se

1816 3896 2232 3952 desideraturos
2288 3897 2513 3966 praemia
2555 3894 2787 3951 scirent.
2846 3893 2971 3950 Haec
3017 3903 3126 3948 tam
3163 3894 3394 3963 pellacia

1818 3994 1928 4042 tam
1971 3986 2189 4056 prolixe
2233 3985 2601 4057 pollicebatur
2634 3986 2960 4055 imperator,
2990 3985 3276 4052 quoniam,
3317 3985 3393 4037 uti

1820 4078 2088 4144 diximus,
2130 4077 2337 4133 nullam
2378 4077 2591 4132 lidueiae
2628 4085 2839 4147 partem
2867 4076 2920 4130 in
2948 4076 3200 4131 Romano
3230 4077 3401 4131 collo-

1820 4160 1951 4227 care
1986 4180 2204 4241 poterat
2234 4172 2504 4237 exercitu,
2532 4171 2680 4241 quod
2716 4172 2808 4242 qui
2843 4186 2909 4226 ex
2950 4186 3016 4227 eo
3054 4171 3252 4239 reliqui
3298 4186 3399 4224 nu-

1823 4267 1971 4337 peris
1999 4267 2251 4322 cladibus
2283 4266 2704 4336 superfuerant,
2735 4267 2874 4322 mari
2903 4267 3139 4335 trajecto
3164 4282 3194 4320 e
3224 4266 3402 4319 conti-

1823 4362 1976 4414 nenti
2027 4361 2173 4415 Asia:
2206 4361 2259 4415 in
2310 4360 2610 4415 Oeeiduam
2663 4359 2911 4414 omnium
2969 4361 3159 4430 inopes
3211 4357 3401 4424 delati,

1823 4456 2027 4527 passim
2055 4453 2273 4523 profugi
2308 4455 2447 4509 adeo
2487 4455 2768 4508 viluerant
2792 4452 3025 4521 dejectis
3058 4452 3253 4517 ignave
3287 4451 3403 4503 ani-

1825 4552 1952 4613 mis,
1998 4557 2079 4614 ut,
2139 4548 2182 4603 si
2217 4549 2421 4602 victum
2460 4549 2726 4603 miserum
2757 4547 2842 4602 vel
2908 4546 3092 4599 infima
3134 4544 3401 4598 servitute

1825 4643 2257 4711 paciscerentur,
2307 4638 2473 4711 396
2524 4640 2789 4709 praeclare
2837 4652 3023 4693 secum
3073 4637 3159 4705 agi
3211 4635 3403 4689 credi-.-

1752 4759 1795 4812 D
1826 4742 1969 4787 rent.

1829 4850 1914 4903 1'5.
1948 4848 2024 4902 De
2086 4847 2342 4903 Mirr/tacte
2367 4849 2604 4916 despota,
2640 4856 2697 4901 ut
2737 4855 3009 4916 suspectus
3058 4845 3300 4899 redditus
3334 4845 3405 4898 sit

2396 4918 2821 4987 cmnpi'eltensus.

1900 5011 2017 5077 Qua
2058 5027 2123 5066 ex
2156 5027 2326 5067 causa
2360 5022 2413 5066 et
2450 5011 2681 5065 Michael
2718 5016 2952 5080 despota
2987 5010 3404 5076 indefectionis

1830 5107 2105 5159 meditata:
2155 5105 2528 5174 suspicionem
2586 5104 2815 5159 veniens
2872 5112 2957 5159 est
3032 5104 3403 5175 periclitatus.

1827 5196 1961 5253 Cum
2014 5201 2162 5252 enim
2198 5198 2351 5251 illum
2387 5200 2687 5267 imperator
2721 5198 2935 5252 crebris
2968 5198 3181 5254 nuntiis
3226 5197 3407 5253 ursis-

1830 5302 1915 5346 sel
1948 5301 2005 5346 ut
2036 5292 2244 5347 delectu
2279 5294 2333 5346 in
2358 5291 2475 5346 suis
2506 5291 2669 5347 terris
2698 5292 2885 5349 habito
2919 5290 3023 5347 sibi
3054 5302 3255 5361 praesto
3279 5306 3404 5347 cum

1830 5386 2007 5456 copiis
2043 5385 2283 5449 adesset,
2337 5386 2448 5440 dux
2507 5401 2537 5439 a
2586 5401 2645 5441 se
2686 5383 2929 5440 Nicaeam
2995 5385 3317 5450 mittendus,
3354 5394 3408 5440 et

1833 5478 1951 5547 ipse
2020 5478 2209 5532 multis
2256 5477 2456 5533 litteris
2519 5493 2945 5548 quoquoversus
3008 5477 3226 5547 scriptis
3275 5491 3407 5531 suos

1832 5570 2203 5639 nequidquam
2231 5579 2484 5626 vocasset
2515 5571 2583 5624 ad
2617 5570 2776 5641 signa
2816 5569 3062 5625 subditos
3097 5569 3323 5640 (quippe
3349 5568 3403 5622 bi

1833 5662 2142 5732 periculum
2196 5662 2320 5715 talis
2364 5662 2575 5717 militize
2645 5670 2967 5731 reputantes
3011 5660 3169 5714 fracti
3207 5660 3409 5713 animis

1835 5755 2031 5824 ignave
2066 5755 2476 5808 cunctabantur
2502 5754 2781 5823 obsequi),
2807 5754 2929 5816 bos,
2963 5752 3029 5806 de
3065 5750 3265 5820 quibus
3292 5747 3407 5802 dixi

1835 5862 2032 5916 nuper,
2071 5848 2418 5915 imperatoris
2454 5847 2659 5902 milites
2694 5861 2838 5900 nunc
2865 5845 2917 5898 in
2948 5859 3043 5897 sua
3080 5843 3289 5896 ditione
3322 5843 3407 5895 lu-

1834 5941 2032 6010 gitivos
2077 5942 2368 6010 explorare
2414 5955 2729 6008 aggressus,
2771 5949 3056 6007 postquam
3100 5938 3149 5988 in
3183 5950 3301 5987 eam
3340 5938 3408 5989 de

1838 6049 1942 6104 qua
1985 6033 2290 6104 signiﬁcavi
2327 6032 2688 6088 humilitatem
2750 6040 3132 6086 consternatus
3184 6030 3407 6097 reperit,
