3860 6590
439 350 548 422 439

1630 366 1951 426 ΩΕυΡιΟΗ
2002 370 2485 435 ΡΛΟΗΥΜΕΗΕ

3616 379 3707 443 440

434 475 785 547 πανταχόθεν
824 477 890 532 τὰ
918 477 1069 533 δεινὰ
1118 478 1406 549 περιέστη,
1439 478 1535 553 καὶ
1582 479 1881 548 διεφώνουν
1915 483 2011 536 πά⁸
2049 484 2095 543 Α
2126 486 2381 557 ἡμμένην
2431 488 2693 556 λαμπάδα
2743 506 2838 544 και
2876 490 3332 571 περιερχομέκιην
3378 491 3443 543 τὸ
3479 491 3705 562 πόλισμα

431 586 677 642 σχοντες.

433 685 516 743 ιε’.
550 688 689 758 Περὶ
729 691 837 746 τοῦ
880 688 1031 744 κατὰ
1080 689 1197 756 τὴν
1244 693 1611 759 Μαγνησίαν
1659 693 2017 762 τεραστικοῦ

1070 765 1393 830 θαύματος.

523 853 675 922 Ἐμοὶ
698 853 754 906 δὲ
785 854 975 907 λοιπον
1001 854 1095 909 καί
1118 873 1173 907 τι
1211 855 1321 922 τῶν
1346 856 1681 922 θαυμαστῶν
1712 857 1835 910 καθ’
1863 859 2015 928 ἡμᾶς

431 947 686 1004 τελεσθὲν
714 948 972 1012 ἐξειπεῖν,
1007 948 1243 1020 φοόερδν
1274 966 1374 1019 μεν
1398 951 1596 1015 εἰπεῖν,
1634 950 1698 1022 [Ρ
1724 950 1856 1023 278]
1882 951 2014 1005 ἄπι-

435 1057 559 1093 στον
588 1040 635 1093 δ’
661 1041 916 1105 ἀκοῦσαι,
947 1035 992 1110 ᾧ
1021 1042 1086 1114 δὴ
1112 1044 1208 1098 καὶ
1235 1043 1397 1106 αὐτὸς
1422 1042 1760 1114 διηπίστησα
1790 1044 1878 1108 ἂν,
1909 1043 2012 1100 κᾶν

434 1134 504 1186 δι’
534 1133 665 1188 αὐτὸ
698 1136 791 1188 καὶ
824 1136 1150 1205 παρέλιπον,
1187 1135 1234 1189 εί
1288 1136 1363 1207 μή
1394 1153 1457 1205 γε
1507 1136 1695 1190 πολλοὶ
1724 1138 1827 1200 μὲν
1856 1137 1907 1190 oi
1935 1139 2014 1191 εί-

434 1230 631 1291 πόντες
658 1230 752 1281 καὶ
777 1227 1108 1293 ἀξιόπιστοι,
1136 1228 1335 1297 δεῖγμα
1361 1227 1418 1281 δὲ
1453 1229 1712 1298 προνοίας
1734 1229 1849 1298 ἔχει
1874 1229 2010 1283 Θεοῦ

436 1323 528 1375 καὶ
558 1322 657 1389 τῆς
682 1323 810 1391 περὶ
853 1322 915 1375 τὸ
959 1319 1302 1390 ἀνθρώπινον
1335 1320 1414 1375 ἔτι
1449 1300 1609 1388 γένος
1657 1322 2009 1390 κηδεμονίας,

433 1414 535 1468 κᾶν
593 1414 770 1476 ἄλλως
819 1412 1030 1483 βαθέως
1063 1414 1158 1467 καὶ
1187 1414 1330 1483 ὑπὲρ
1380 1415 1524 1483 ἡμᾶς
1556 1415 1889 1483 ὲνεργῶνται
1940 1414 2011 1467 τὰ

432 1509 555 1560 θεῖα
596 1508 964 1581 βουλήματα,
1024 1508 1119 1561 καὶ
1158 1508 1275 1577 ἅμα
1326 1506 1422 1561 καὶ
1467 1504 1737 1575 βασιλέως
1770 1504 2007 1576 χρηστοῦ

434 1600 683 1667 δόξαντος
727 1599 907 1665 δόξαν,
956 1598 1096 1652 Θεοῦ
1151 1598 1434 1668 κρίνοντος
1469 1598 1688 1659 πάντως
1727 1597 1867 1666 μετὰ
1898 1595 2008 1650 τῶν

434 1692 960 1763 ὲπιτετηδευμένων,
1000 1692 1097 1746 καὶ
1126 1691 1212 1759 ἐφ’
1247 1685 1329 1754 οἷς
1373 1693 1467 1744 καὶ
1509 1691 1694 1760 μόνοις
1718 1688 2008 1760 ἐπιτηδεύ-

433 1808 578 1855 ουσι,
604 1789 667 1843 τὸ
711 1788 821 1873 τῶν
853 1787 1159 1858 ἀνθρώπων
1192 1784 1418 1854 σφάλμα
1457 1784 1490 1853 ἢ
1525 1784 1621 1838 καὶ
1650 1782 2005 1854 κατόρθωμα.
2038 1824 2082 1881 Β

436 1884 576 1953 Ἤδη
625 1870 724 1952 μὲν
752 1880 846 1935 οὖν
878 1880 1189 1948 φθάσαντες
1233 1878 1586 1947 ἐδηλώσαμεν
1626 1877 1743 1939 πῶς
1778 1876 2008 1945 Μαγνηο

434 1983 557 2043 σίας
609 1978 708 2047 τῆς
760 1978 901 2031 κατὰ
935 1976 1148 2045 Ἕρμον
1194 1973 1451 2043 βασιλεὺς
1489 1972 1739 2044 ἀπαίρει.
1792 1972 2010 2042 Ταύτης

435 2074 536 2141 μὲν
565 2072 912 2142 προέστησαν
930 2069 1112 2137 ἕτεροι
1138 2067 1406 2137 βασιλέως
1427 2066 1743 2137 ἀπηρκότος
1771 2065 2007 2127 ἐκεῖθεν,

434 2162 499 2237 ἦν
528 2165 586 2219 δὲ
613 2164 707 2217 καὶ
739 2163 765 2216 ὁ
796 2162 890 2215 ἐπὶ
913 2154 1195 2228 τραπέζης
1224 2156 1706 2226 Φιλανθρωπηνὺς,
1741 2155 1882 2225 ἀνὴρ
1915 2142 2009 2209 εὖ·

435 2255 623 2326 γενεέᾳ
644 2255 743 2309 καὶ
775 2256 922 2326 γήρᾳ
956 2251 1169 2307 συνέσει
1200 2268 1258 2305 τε
1287 2251 1382 2325 καὶ
1411 2249 1732 2321 ἐμπειρίαις
1763 2265 2006 2318 στρατη-

433 2349 620 2415 γικαῖς
649 2349 707 2411 ἐς
750 2347 897 2402 ἅπαν
929 2344 1329 2415 κοσμούμενος.
1378 2344 1467 2408 Ὠς
1494 2342 1624 2409 γοῦν
1662 2342 1725 2395 τὸ
1762 2342 2008 2410 πόλισμα

433 2439 850 2512 καστροφύλακι
904 2439 1288 2508 ἐπετέτραπτο
1334 2436 1429 2489 καὶ
1480 2436 1583 2508 ἤδη
1627 2438 1685 2489 ὲν
1739 2435 2010 2504 φυλακαῖς

434 2539 640 2600 ἐκεῖνος
667 2533 1020 2603 διαγρυπνῶν
1058 2527 1129 2606 ἦν
1170 2531 1267 2602 ὀψὲ
1316 2531 1427 2584 τῶν
1465 2530 1699 2594 νυκτῶν,
1748 2528 2011 2593 πολλάκις

434 2715 540 2770 bus
565 2715 744 2769 ethoc
768 2714 1039 2788 malorum
1085 2711 1251 2784 400
1295 2709 1544 2765 auctario
1583 2716 1694 2761 tam
1730 2721 1876 2763 saavo
1903 2721 2006 2761 ex-

436 2818 610 2863 trema
640 2808 752 2877 jam
786 2805 1241 2862 consternatione
1286 2800 1773 2858 extabescentibus
1811 2798 2001 2854 denlo-

432 2900 731 2956 ratissimis
767 2897 1056 2953 Romanis.

621 3045 711 3100 15.
745 3044 819 3099 De
841 3045 977 3105 miro
1008 3043 1154 3131 apud
1184 3041 1512 3113 Magnesiam
1549 3037 1810 3108 prodigio.

2122 578 2397 648 καθεώρα.
2433 581 2607 635 Τοῦτο
2638 581 2719 644 δὶς
2747 582 2843 636 καὶ
2876 584 2998 653 τρὶς
3033 584 3267 653 γεγονὸς
3298 583 3524 647 ἑννοίας
3550 585 3706 654 ἐπῆγε

2117 671 2207 725 τὸν
2232 673 2689 745 καστροφύλακα.
2728 676 2793 729 Ὃ
2845 673 2908 745 δὴ
2946 675 3039 728 καὶ
3084 677 3197 737 τοῖς
3246 673 3556 747 προέχουσι
3583 677 3707 730 κατὰ

2116 764 2178 817 τὸ
2216 766 2365 830 εἰκὸς
2421 766 2833 835 κοινωσάμενος
2882 767 3169 831 κάκείνους
3221 769 3311 830 είς
3364 768 3472 839 τὴν
3532 767 3706 837 ὁμοίαν

2120 860 2316 928 ινῆγεν
2346 859 2630 930 ἔκπληξιν.
2665 861 2813 924 Τέως
2848 860 3043 931 μαθεῖν
3073 861 3390 931 ἠϐούλοντο
3423 859 3481 913 τί
3522 860 3587 915 ἂν
3625 862 3705 914 καὶ

2110 952 2197 1021 εῐη
2226 953 2403 1008 τοῦτο.
2453 954 2563 1008 Καὶ
2594 955 2903 1022 πέμπονται
2939 953 3039 1023 μὲν
3087 954 3179 1008 καὶ
3225 955 3394 1009 ἄλλοι
3446 971 3706 1008 κατασνο-

2119 1047 2409 1116 πήσοντες,
2442 1047 2600 1101 οὐδὲν
2637 1048 2700 1111 δὲ,
2726 1048 2887 1103 πλέον
2915 1046 3011 1101 τοῦ
3047 1048 3450 1119 πραττομένου
3491 1047 3704 1110 ἐκείνοις

2115 1139 2565 1197 ἁπεκαλύπτετο.
2598 1142 2703 1194 Σὺν
2729 1142 2945 1204 πολλοῖς
2973 1142 3030 1194 δὲ
3049 1144 3161 1204 τοῖς
3189 1140 3390 1203 ἄλλοις
3414 1140 3702 1210 ἀπέρχεται

2114 1230 2211 1284 καὶ
2243 1232 2271 1283 ό
2305 1230 2395 1285 τοῦ
2442 1215 2897 1304 καστροφύλακος
2939 1233 3194 1302 ἀδελφὸς,
3231 1232 3300 1287 ὃν
3335 1233 3439 1286 καὶ
3475 1234 3704 1286 ἐκκεκω-

2114 1322 2386 1391 φευμένον
2432 1325 2495 1376 ὲκ
2533 1327 2757 1394 γενετῆς
2809 1327 2856 1378 οἱ
2914 1327 3122 1389 πάντες
3154 1326 3393 1397 ᾔδεσαν.
3457 1327 3568 1378 Καὶ
3599 1328 3703 1388 τοῖς

2117 1413 2215 1480 μὲν
2243 1413 2336 1467 τοῦ
2375 1416 2643 1484 συνήθους
2675 1417 2840 1469 πλέον
2861 1419 2964 1471 οὐκ
2987 1414 3057 1488 ἦν
3088 1417 3428 1488 μανθάνειν,
3466 1418 3542 1487 τῷ
3571 1418 3625 1470 δὲ
3650 1418 3703 1470 τὸ

2113 1504 2430 1574 θαυμαστόν
2457 1509 2634 1560 έκεῖνο
2663 1510 2763 1561 καὶ
2795 1510 3110 1580 ἀπόρρητον
3145 1511 3338 1580 θέαμα
3373 1510 3700 1563 ἐκκαλύπτεο

2110 1615 2222 1652 ται.
2268 1600 2376 1652 Καὶ
2427 1601 2460 1672 ή
2504 1601 2685 1664 πίστις
2734 1603 3040 1674 προσετέθη
3092 1603 3170 1673 τῷ
3204 1604 3339 1659 κατ’
3371 1603 3540 1656 αὑτὸν
3578 1602 3699 1655 θαύ-

2115 1707 2245 1758 ματι
2267 1707 2279 1720 ·
2309 1692 2337 1743 ό
2371 1692 2474 1762 γὰρ
2513 1692 2689 1746 λαλῶν
2724 1694 2780 1758 ἐξ
2815 1695 2998 1748 ἐννεοῦ
3028 1695 3121 1749 καὶ
3154 1695 3355 1763 κωφοῦ
3388 1696 3579 1749 πιστόν
3606 1696 3689 1765 [Ρ.

2111 1778 2242 1853 279]
2300 1798 2357 1834 τε
2407 1782 2501 1835 καὶ
2544 1784 2944 1857 ἀναντίρρητον
2994 1786 3022 1838 ὃ
3056 1801 3108 1838 τι
3148 1784 3217 1839 ἂν
3261 1787 3421 1839 εἴποι
3458 1784 3693 1838 καθίστα.

2109 1874 2306 1928 Βλέπει
2335 1870 2428 1928 οὖν
2459 1876 2667 1939 ἐκεῖνος
2692 1879 3017 1948 προσμένων
3038 1881 3099 1932 οὐ
3130 1879 3407 1947 λαμπάδα
3428 1878 3691 1949 ἡμμένηνν

2108 1963 2225 2018 ἀλλ’
2252 1966 2424 2037 ἄνδρα
2457 1966 2763 2038 βασιλικῶς
2792 1970 3159 2040 ἐσταλμένον,
3216 1972 3325 2035 τὰς
3377 1974 3482 2039 μὲν
3534 1971 3693 2023 αὐτῶν

2111 2058 2361 2124 φυλακὰς
2393 2054 2507 2114 οἷον
2536 2061 2944 2127 ἐξουθενοῦντα,
2980 2064 3144 2118 αὐτὸν
3172 2064 3229 2116 δὲ
3272 2064 3379 2135 τὴν
3407 2064 3508 2134 τῆς
3532 2063 3688 2132 φυλα-

2110 2150 2212 2219 κῆς
2250 2152 2554 2222 ἐπιτροπὴν
2588 2152 2735 2222 ἔχειν
2765 2153 3016 2223 λέγοντα.
3055 2157 3164 2210 Καὶ
3204 2157 3330 2223 ἅμα
3365 2158 3590 2209 εἰπόντα
3621 2154 3689 2215 ὡς

2112 2243 2252 2315 πρὸς
2281 2244 2550 2298 ἀκούοντα
2583 2245 2763 2314 λέγειν
2785 2264 2801 2280 ·
2832 2248 2928 2302 καὶ
2960 2250 3069 2318 γὰρ
3114 2251 3141 2304 ὀ
3181 2249 3381 2320 κωφὸς
3410 2251 3574 2320 ἤκουε
3599 2266 3688 2299 πα·

2113 2335 2369 2404 ραυτίκα.
2405 2336 2784 2406 Προστὰσσειν
2816 2338 2874 2393 δὲ
2905 2339 3007 2411 τὴν
3044 2342 3232 2409 φωνὴν
3285 2341 3508 2410 μεγάλῃ
3553 2339 3685 2409 φωνῇ

2110 2429 2225 2490 τοῖς
2256 2426 2488 2494 φύλαξιν
2523 2430 2886 2499 ἐπαγγέλλειν
2918 2432 3302 2505 ἐγρηγορότας
3327 2432 3407 2497 ὡς
3431 2431 3510 2485 ἔνι
3539 2430 3682 2501 μάλιο

2114 2535 2215 2571 στα
2245 2519 2344 2589 τῆς
2371 2520 2648 2593 σωτηρίας
2674 2524 3080 2594 ἐπιμελεῖσθαι.
3114 2525 3226 2579 Καὶ
3263 2524 3459 2595 θαῦμα
3488 2539 3683 2593 παραυ·

2113 2711 2173 2757 ut
2202 2700 2429 2757 fortuita
2472 2704 2556 2759 vel
2608 2704 3001 2765 aberrantibus
3055 2707 3330 2765 illudente
3378 2707 3555 2764 oculis
3592 2721 3680 2762 ue-

2111 2794 2316 2864 glecta.
2369 2808 2661 2866 postquam
2702 2798 2893 2856 eadem
2935 2800 3048 2871 jam
3103 2816 3165 2857 se
3190 2802 3364 2856 tertio
3405 2800 3682 2869 conspicuo

2111 2895 2369 2955 ostentat,
2402 2888 2563 2962 401
2599 2891 2745 2948 haud
2774 2902 2925 2959 ratus
2958 2892 3431 2949 contemnendam
3463 2892 3680 2945 advoca-

2113 2980 2185 3038 tis
2219 2978 2543 3038 ductoribus
2572 2984 2827 3040 ordinum
2856 2986 3137 3056 primariis
3168 2986 3461 3057 iudigitat,
3490 2997 3677 3052 eosque

2115 3074 2171 3128 in
2202 3088 2390 3145 parem
2430 3090 2624 3131 secum
2658 3076 3088 3135 admirationem
3131 3081 3434 3135 manifeste
3460 3091 3674 3135 cernen-

506 3181 613 3237 Sed
640 3181 771 3237 mihi
801 3180 894 3237 diu
924 3188 1159 3251 perlmso
1193 3178 1577 3234 narrationum
1613 3174 2006 3238 infaustarum,
2041 3181 2085 3239 ο
2118 3178 2198 3226 tes
2249 3170 2486 3226 inducit.
2536 3170 2720 3227 Placet
2770 3174 2992 3230 cunctis
3049 3173 3183 3229 dare
3230 3189 3463 3245 operam
3507 3179 3562 3227 ut
3593 3172 3678 3226 hoc

433 3270 666 3328 offertur
713 3285 843 3327 ecce
893 3277 1201 3341 opportune
1249 3266 1702 3323 commemoratio
1750 3266 2011 3335 auspica-

433 3365 548 3421 tior
585 3363 713 3418 miri
748 3362 891 3432 apud
940 3376 1041 3417 nos
1072 3361 1175 3417 visi
1213 3359 1471 3431 prodigii.
1510 3357 1902 3425 Quod‘dicam.
1936 3359 2011 3412 ita

435 3455 683 3514 terribile
722 3456 875 3511 dictu
919 3465 1026 3520 est,
1061 3455 1140 3509 ita
1177 3452 1502 3510 incredibile
1547 3450 1762 3515 auditu,
1799 3462 1858 3507 ut
1909 3465 2012 3507 nec

436 3549 546 3620 ipsi
579 3548 673 3604 diu
726 3547 859 3602 mihi
899 3546 1065 3601 fidem
1102 3545 1318 3612 fecerit,
1353 3553 1412 3601 et
1455 3544 1770 3601 omissurus
1804 3555 1860 3597 ut
1895 3560 2010 3599 rem

437 3637 855 3696 inverisimilem
888 3637 1105 3701 fuerim,
1140 3636 1248 3692 nisi
1309 3643 1573 3692 constans
1612 3635 1909 3691 afﬁrmatio
1956 3645 2013 3691 et

435 3734 805 3805 plurimorum
839 3739 895 3788 et
944 3731 1275 3787 idoneorum
1339 3731 1563 3787 testium
1619 3730 1837 3786 tandem
1883 3729 2012 3785 reli-

377 3874 385 3882 ,
437 3822 655 3892 gionem
700 3821 1002 3876 incussiset
1042 3818 1351 3875 inofﬁciosa
1400 3820 1684 3890 premendi
1735 3818 2014 3875 oblivione

437 3908 604 3974 facti,
639 3908 694 3963 in
723 3923 835 3979 quo
869 3915 925 3963 et
966 3914 1352 3978 argumentum
1379 3915 1571 3963 exstat.
1591 3907 1803 3963 clarum
1838 3906 2013 3962 divini

438 3998 699 4056 Numinis
736 4000 788 4054 in
824 4015 913 4056 res
942 3999 1213 4056 humanas
1240 3999 1628 4070 providentiae,
1667 3999 1723 4056 in
1754 4014 1855 4056 nos
1887 4014 2015 4069 pro-

439 4091 720 4157 tectionis,
779 4099 1060 4161 utcunque
1092 4092 1549 4151 inscrutabilibus
1580 4090 1649 4146 de
1685 4092 1871 4149 causis
1890 4091 2013 4161 ejus

439 4186 495 4240 in
529 4200 631 4241 nos
664 4184 887 4241 eosdem
936 4182 1150 4256 ﬂagella
1181 4184 1509 4253 desaeviant,
1549 4184 1788 4255 denique
1823 4183 1877 4240 in
1904 4200 2014 4256 quo

437 4276 686 4331 cernitur
722 4275 926 4333 illustri
953 4276 1228 4331 vindicata
1255 4276 1592 4333 documento
1622 4276 1768 4331 fama
1803 4284 1857 4333 et
1881 4292 2014 4333 san-

438 4370 606 4427 ctitas
636 4369 905 4426 dominati
947 4369 1110 4427 nobis
1149 4370 1279 4424 olim
1312 4384 1437 4425 cum
1491 4370 1806 4425 clementiae
1846 4370 2014 4426 laude

435 4462 702 4532 principis
722 4502 738 4526 ,
768 4462 917 4518 circa
949 4478 1111 4532 quem
1158 4463 1329 4518 libere
1369 4460 1689 4517 hominibus
1716 4462 1866 4518 varia
1895 4462 2015 4531 opi-

2113 3263 2245 3335 quid
2280 3264 2352 3319 sit
2402 3263 2715 3321 addiscant.
2751 3265 3045 3323 Mittuntur
3073 3268 3143 3323 ab
3175 3267 3264 3324 his
3303 3268 3401 3338 qui
3449 3266 3676 3321 cominus

2114 3354 2440 3412 accedentes
2465 3355 2534 3411 ad
2568 3356 2623 3412 id
2660 3356 2840 3413 lumen
2880 3360 3107 3430 propius
3135 3360 3431 3430 explorent
3461 3372 3524 3414 ac
3546 3370 3679 3411 com-

2114 3457 2268 3518 perta
2302 3447 2568 3503 referant.
2602 3448 2698 3504 Isti
2726 3450 2860 3505 nihil
2903 3451 3027 3520 plus
3056 3453 3408 3509 admovendo
3444 3466 3504 3508 se
3530 3462 3677 3520 prope

2114 3556 2279 3611 quam
2322 3542 2515 3611 procul
2563 3540 2832 3599 intuendo
2880 3543 3232 3614 detegebant,
3280 3546 3459 3601 solam
3506 3552 3556 3598 et
3590 3538 3675 3610 ipsi

2116 3632 2421 3702 lampadem
2451 3634 2721 3702 videntes,
2759 3636 2939 3706 quoad
2992 3652 3120 3692 cum
3176 3639 3370 3694 multis
3402 3652 3468 3692 eo
3496 3634 3676 3690 missus

2115 3725 2357 3781 accurrit
2399 3724 2569 3781 frater
2618 3728 2868 3786 custodis
2920 3732 3096 3797 arcis,
3154 3745 3320 3798 quem
3372 3738 3574 3783 mutum
3629 3729 3674 3776 et

2116 3818 2347 3874 surdum
2381 3834 2448 3875 ex
2476 3830 2665 3876 ventre
2694 3821 2884 3878 matris
2918 3837 3113 3878 omnes
3136 3831 3360 3878 norant.
3391 3821 3565 3892 Atque
3585 3817 3668 3872 bu-

2115 3910 2208 3980 jus
2239 3911 2537 3968 comitibus
2566 3913 2702 3967 nihil
2744 3928 2912 3982 supra
2960 3915 3112 3985 prius
3144 3917 3352 3973 missos
3387 3908 3671 3982 conspicari

2117 4000 2352 4071 contigit
2380 4016 2396 4056 :
2433 4002 2525 4057 uni
2560 4014 2713 4057 muto
2744 4002 2845 4069 illi,
2879 4004 3270 4074 mysteriorum
3336 4001 3495 4074 quasi
3524 3997 3668 4052 valvis

2116 4094 2631 4161 reseratis,'uovum
2652 4104 2736 4150 est
2762 4095 3132 4165 spectaculum
3166 4095 3442 4159 oblatum,
3475 4103 3527 4148 et
3556 4088 3669 4142 θάνε

2116 4184 2241 4241 viso
2269 4199 2368 4255 per
2399 4184 2729 4240 miraculum
2772 4185 2827 4240 in
2851 4193 3050 4257 epapta
3083 4187 3442 4244 manifestum
3487 4179 3666 4238 consli-

2120 4275 2186 4332 tit
2223 4294 2238 4332 :
2282 4277 2410 4347 quis
2460 4280 2609 4334 enim
2645 4288 2802 4333 muto
2838 4278 3085 4350 loquenti
3114 4282 3342 4337 credere
3377 4277 3518 4351 quod
3552 4272 3654 4328 alﬁr

2118 4368 2303 4425 mabat
2348 4367 2896 4437 cunctareturilllic
2953 4369 3124 4439 igitur
3151 4385 3182 4427 e
3216 4370 3402 4426 vicino
3454 4374 3665 4421 attentus

2118 4475 2448 4531 permanens
2495 4461 2645 4518 clare
2689 4461 2835 4518 videt
2879 4477 2988 4517 non
3029 4463 3342 4535 lampadem
3384 4461 3664 4517 ardentem.

437 4554 585 4609 natis
621 4565 676 4610 et
702 4554 934 4621 locutis,
967 4556 1183 4612 videtur
1208 4556 1372 4619 Deus,
1403 4557 1494 4612 cui
1527 4563 1658 4612 sunt
1688 4555 1783 4611 uni
1812 4558 2016 4626 optime
2049 4553 2215 4611 D‘sed
2267 4556 2444 4610 virum
2493 4554 2843 4625 imperatoris
2888 4566 3148 4611 ornatum
3197 4555 3504 4628 insignibus
3526 4589 3542 4615 ,
3587 4543 3665 4614 qui

438 4658 764 4707 cunctorum
797 4648 941 4705 bona
968 4650 1178 4720 pariter
1208 4657 1263 4704 et
1286 4665 1455 4720 prava
1496 4665 1666 4721 opera
1703 4660 2012 4721 perspecta,

437 4756 564 4796 cum
615 4739 790 4796 fuisse
836 4740 942 4796 sibi
999 4740 1293 4811 probatum
1334 4740 1539 4796 illustri
1572 4728 1819 4797 voluisse
1864 4742 2018 4797 testi-

439 4833 625 4889 monio
684 4840 1018 4890 monstrare.
1079 4832 1202 4888 Jam
1261 4839 1423 4886 antea
1473 4831 1822 4887 narravimus
1881 4838 1938 4884 ut
1986 4847 2018 4888 ο

437 4927 712 4999 Magnesia
731 4926 799 4982 ad
827 4924 1088 4981 Hermum
1114 4925 1223 4981 sita
1255 4923 1485 4979 Michael
1511 4923 2019 4993 imperatorjuuior

437 5020 750 5076 recesserit.
794 5019 927 5075 Post
955 5018 1078 5089 ejus
1117 5018 1424 5074 discessum
1470 5017 1633 5073 istius
1666 5019 1889 5073 munitae
1927 5017 2008 5073 ci-

435 5114 628 5169 vitatis
658 5113 929 5168 custodiae
973 5110 1311 5182 pra-fuerunt
1339 5108 1453 5174 alii,
1483 5124 1623 5180 quos
1656 5109 1799 5164 inter
1833 5110 1937 5165 fuit
1962 5118 2017 5166 et

438 5223 642 5263 mensa:
684 5204 1013 5276 praepositus
1044 5203 1565 5273 Philanthropenus,
1591 5202 1672 5256 vir
1702 5195 2011 5270 nobilitate,

438 5307 745 5362 senectute,
775 5296 1070 5367 prudentia
1116 5306 1172 5349 et
1204 5295 1523 5349 bellicorum
1571 5303 1863 5351 eventuum
1916 5312 2017 5350 ex-

336 5378 344 5386 “
437 5392 759 5463 perimentis
784 5404 998 5447 summe
1020 5387 1460 5445 commendatus.
1494 5388 1629 5444 Cum
1676 5387 1805 5442 huic
1850 5387 2016 5458 igitur

437 5482 661 5538 custodi
704 5496 769 5535 ac
821 5479 1177 5551 praesidiarim
1232 5478 1355 5533 duci
1403 5477 1615 5532 militiae
1662 5477 1875 5533 credita
1924 5477 2016 5531 illa

439 5575 638 5631 civitas
664 5582 832 5639 esset,
859 5588 1034 5642 eaque
1062 5573 1152 5628 ille
1178 5587 1311 5628 cura
1338 5570 1660 5642 fungeretur
1684 5572 2015 5641 intempesta

441 5666 725 5722 excubans
763 5672 926 5719 nocte
956 5678 1020 5718 ac
1054 5663 1270 5735 vigilias
1314 5662 1548 5717 militum
1585 5661 1903 5732 explorans,
1939 5662 2017 5716 vi-

436 5761 531 5814 det
570 5773 698 5814 ecce
750 5756 873 5826 plus
931 5756 1053 5811 vice
1091 5756 1326 5827 simplici
1372 5770 1663 5811 accensam
1712 5755 2013 5825 lampadem

440 5854 879 5915 circumeuntem
918 5868 1103 5917 muros
1156 5851 1327 5907 urbis.
1377 5849 1456 5913 Bc
1485 5850 1654 5910 semel
1709 5850 2015 5921 iterumque

2124 4664 2236 4720 prae
2261 4664 2321 4703 se
2353 4647 2537 4703 ferens
2567 4647 2810 4720 diffidere
2832 4665 2891 4705 se
2913 4649 3208 4704 custodum
3242 4649 3408 4705 castri
3440 4637 3665 4701 excubiis

2126 4719 2187 4794 ut
2229 4736 2684 4792 insulIicieutibus
2718 4719 2773 4792 et
2805 4736 3064 4807 languide
3108 4736 3382 4800 remissis,
3414 4745 3529 4789 sese
3568 4727 3663 4777 aie-

2126 4832 2219 4886 bat
2266 4831 2447 4900 ipsum
2502 4831 2656 4884 urbis
2697 4830 2804 4885 sibi
2863 4828 3081 4885 tuendae
3132 4844 3325 4885 curam
3387 4831 3663 4881 assumere.

2124 4923 2258 4990 Qua:
2290 4924 2524 4994 loquens
2550 4922 2880 4979 audiebatur
2914 4938 2944 4977 a
2974 4924 3129 4993 prius
3152 4922 3324 4979 surdo
3355 4940 3369 4986 ;
3407 4916 3663 4979 eidemque

2126 5016 2394 5071 hactenus
2438 5016 2599 5070 etiam
2635 5024 2785 5071 muto
2821 5015 3129 5091 imperabat
3178 5025 3236 5070 ut
3264 5016 3594 5085 loqueretur,
3618 5006 3664 5052 ei

2124 5110 2343 5179 quidem
2376 5124 2508 5165 voce
2534 5117 2815 5174 contenta,
2841 5110 3149 5166 admonens
3184 5104 3542 5179 praesidiarios
3577 5109 3661 5148 ei-

2124 5201 2404 5257 cubitores
2455 5201 2622 5256 etiam
2661 5209 2828 5272 atque
2886 5201 3053 5257 etiam
3108 5199 3326 5273 vigilias
3371 5192 3660 5254 intendere.

2123 5295 2435 5366 acriterque
2464 5294 2786 5366 prospicere
2819 5294 2983 5351 saluti
3018 5292 3386 5365 periclitantis
3425 5278 3653 5343 οἰνὲιθιίεο

2126 5389 2190 5443 Et
2217 5403 2344 5444 ecce
2388 5387 2711 5443 miraculum
2744 5387 3010 5443 miraculo
3063 5388 3312 5444 additum
3346 5404 3361 5440 :
3390 5383 3477 5453 qui
3526 5371 3650 5430 enim

2125 5480 2287 5535 modo
2337 5480 2574 5551 primum
2603 5479 2861 5535 audierat
2917 5479 3022 5535 sibi
3070 5480 3484 5551 praecipientem.
3531 5473 3655 5523 nunc

2123 5571 2309 5638 etiam,
2353 5573 2483 5627 dum
2525 5574 2699 5643 jussis
2737 5572 3131 5642 ‘obtemperat,
3185 5585 3401 5641 semper
3453 5557 3654 5617 antehac

2125 5672 2311 5722 mutus
2355 5666 2547 5737 incipit
2586 5665 2761 5737 loqui,
2801 5665 3062 5736 clareque
3104 5658 3451 5736 praesidiariis
3481 5666 3599 5737 cum
3626 5657 3652 5693 ει

2124 5771 2184 5811 se
2222 5758 2340 5813 visa
2375 5736 2487 5813 tum
2546 5736 2686 5828 ipsis
2736 5757 2997 5812 mandata
3030 5756 3373 5828 pronuntiat,
3417 5746 3558 5803 ﬁdem
3583 5736 3652 5835 ff“.

2124 5850 2227 5906 cile
2282 5850 2513 5921 prodigii
2572 5852 2797 5933 pignore
2855 5851 3053 5909 idoneo
3102 5853 3419 5922 impetraris.
3471 5831 3650 5894 Nemini
