3860 6546
174 397 257 461 iii
1062 399 1162 461 DE
1205 402 1652 462 ANDRDNJCO
1681 402 2144 471 PALzEOLOGO
2185 412 2330 471 LIB.
2369 412 2434 472 V.

3272 408 3377 474 M2

170 512 281 563 τίκα
328 507 675 575 ἐπηκολούθει
716 508 788 579 τῷ
828 508 1111 578 θαύματι·
1159 512 1186 564 θ
1233 512 1341 583 γὰρ
1383 513 1598 566 ἀκούων
1633 511 1717 579 ἐφ’
1750 516 1790 570 Α
1820 517 2028 587 χάρων,
2093 519 2169 582 ὡς
2223 518 2377 571 αὐτοὶ
2414 520 2572 587 φαῖεν
2620 518 2721 583 ἂν,
2774 519 2963 584 Κάνιν,
3024 519 3121 571 καὶ
3154 523 3403 589 γαμικάς

172 606 197 658 ὃ
233 620 283 655 τι
318 600 499 671 πράξοι
547 601 648 670 ἠδη
701 602 797 654 καὶ
844 602 1039 671 φωνῶν
1073 604 1328 673 ἠκούετο,
1380 606 1471 659 καὶ
1514 603 1718 669 ἔδειξεν

173 696 359 757 ἐκεῖνος
400 692 577 746 λαλῶν
630 710 691 746 τε
750 693 946 762 λόγους
988 696 1239 759 πιστούς.
1295 695 1602 768 Προσπαίει
1661 695 1719 748 δὲ

174 789 340 847 πᾶσιν,
362 787 493 856 ὅπερ
533 786 628 839 καὶ
667 785 868 856 ἀληθὲς
909 782 1000 858 ἦν,
1021 789 1054 856 ὴ
1085 787 1179 841 τοῦ
1202 787 1468 858 βασιλέως
1506 787 1717 842 ἐκείνου

172 879 253 933 τοῦ
282 877 566 949 ἐλεήμονας
614 878 889 943 Ἰωάννου,
911 865 1113 943 ⁸καθὼς
1146 880 1213 933 ἂν
1260 879 1290 932 ὁ
1343 880 1515 944 Λυδὸς
1551 881 1718 946 εἴποι,

173 972 456 1041 δπιστασία,
482 971 541 1022 ἑν
618 970 769 1039 παρὰ
788 970 923 1024 Θεοῦ
944 970 1314 1040 φυλάττεσθαι
1346 970 1717 1028 ὲπιστεύοντο.

175 1070 255 1128 ις’.
286 1064 414 1131 Περὶ
446 1062 557 1121 τοῦ
588 1064 739 1118 κατὰ
766 1065 873 1130 τὰς
902 1064 1167 1131 Σάρδεις.
1181 1063 1300 1117 τῶν
1325 1064 1627 1134 ἡμετέρων
1649 1065 1721 1118 ἐκ

489 1134 801 1200 περινοίας
829 1134 1383 1204 ἁνδραγαθήματος.

232 1238 328 1295 Ἦν
357 1243 453 1311 μὲν
479 1242 574 1296 οὖν
605 1244 675 1296 τὰ
704 1243 830 1297 καθ’
848 1245 991 1314 ἡμᾶς
1017 1245 1112 1299 καὶ
1138 1244 1258 1299 λίαν
1287 1244 1458 1310 δεινὰ,
1485 1245 1595 1298 τῶν
1620 1244 1722 1314 μὲν

175 1336 304 1398 ἐκτὸς
345 1335 550 1396 πόλεως
587 1336 743 1389 οὐδὲν
789 1338 1141 1392 ὑποστάντων
1194 1346 1294 1407 τὴν
1332 1338 1444 1392 τῶν
1493 1340 1722 1406 Περσῶν

174 1428 512 1485 ἀνυπόστατον
548 1428 754 1499 ῥύμην,
791 1430 886 1482 καὶ
918 1430 1010 1484 διὰ
1041 1429 1200 1485 τοῦτο
1225 1432 1333 1484 τῶν
1365 1431 1464 1500 μὲν
1495 1448 1722 1500 φονευο-

177 1519 345 1587 μένων,
372 1519 480 1572 τῶν
510 1520 556 1572 δ’
597 1522 1083 1591 ἀπανισταμὲνων,
1125 1523 1234 1577 τῶν
1284 1524 1381 1593 μὲν
1428 1525 1508 1587 είς
1541 1526 1724 1588 πόλεις

177 1612 254 1663 καὶ
281 1598 528 1682 φρούρια,
560 1615 670 1667 τῶν
700 1616 750 1668 δ’
782 1619 861 1678 εἰς
891 1616 1109 1686 νήσους,
1139 1617 1314 1671 ἄλλων
1336 1617 1392 1669 δὲ
1429 1618 1521 1670 καὶ
1547 1619 1623 1679 είς
1655 1617 1722 1670 τὰ

177 1705 276 1757 κατ’
319 1707 682 1777 ἁντιπεραίαν
734 1710 973 1778 ἀσφαλῆ,
1032 1711 1164 1763 ὅπου
1197 1710 1264 1763 ἂν
1320 1711 1413 1763 καὶ
1471 1710 1722 1772 σωθεῖεν,

1824 608 2110 678 ἐπιμιξίας
2148 610 2443 680 προτείνει,
2487 610 2582 666 καὶ
2617 610 2926 681 ἐπαμύνειν
2958 611 3245 680 προσαξιοί
3289 616 3403 676 τοῖς

1822 699 1931 752 τῶν
1977 699 2261 767 Ῥωμαίων
2297 700 2360 773 [Ρ
2394 702 2521 775 9.80]
2544 704 2794 773 ἐσχάτως
2828 702 3013 773 ἔχουσι
3049 705 3404 774 πράγμασιν.

1833 792 1892 844 '0
1933 792 1990 845 δὲ
2039 792 2136 845 καὶ
2174 794 2274 864 τὴν
2324 794 2551 861 ἀξίωσιν
2596 794 2836 866 δέχεται,
2872 795 2968 848 καὶ
2999 794 3057 848 τὸ
3090 795 3249 863 κῆδος
3287 798 3405 863 (ἐπὶ

1821 887 1933 954 γὰρ
1960 889 2167 957 φυσικῇ
2200 886 2455 957 θυγατρὶ,
2492 883 2559 961 ἧς
2594 889 2757 950 αὐτὸς
2789 887 3045 956 βασιλεὺς
3077 887 3258 955 πατὴρ
3289 888 3434 967 ἐνοο.

1827 980 2036 1051 μίζετο,
2071 980 2394 1055 συνεφὼνει)
2431 984 2891 1054 προσαπεδέχετο,
2936 983 3032 1037 καὶ
3078 983 3402 1053 ὑποσχέσεις

1823 1072 2086 1142 ἀσφαλῶς
2143 1073 2319 1128 ἱδίδου
2398 1075 2823 1146 μετελεύσεσθαι
2877 1078 3004 1138 τοὺς
3071 1076 3402 1144 ἀλάστορας.

1824 1167 2000 1220 Τοῦτο
2034 1169 2332 1238 φημισθὲν,
2381 1170 2458 1232 ὡς
2493 1170 2659 1234 εἰκὸς,
2699 1173 2815 1234 τοῖς
2855 1171 2954 1241 μὲν
2992 1170 3203 1234 λοιποῖς
3227 1169 3405 1231 ἄλλως

1825 1258 2158 1330 ᾠκονομεῖτο
2185 1263 2217 1330 ἡ
2244 1263 2374 1333 περὶ
2396 1264 2498 1325 τὰς
2528 1264 2792 1327 συστολὰς
2819 1262 3044 1333 σπουδὴ,
3068 1264 3171 1316 κᾶν
3202 1264 3405 1331 ἡφρον-

1823 1353 2041 1406 τίστουν
2075 1354 2137 1408 τὸ
2168 1355 2306 1419 τέως
2329 1373 2343 1389 ·
2385 1358 2465 1409 ἑνὶ
2492 1357 2547 1411 δὲ
2572 1356 2779 1410 τούτων
2811 1357 2888 1427 τῷ
2935 1356 3136 1410 Ἀλάῐδι
3167 1356 3236 1407 τὰ
3262 1352 3408 1407 κατὰ

1825 1444 1922 1516 τὴν
1951 1447 2152 1501 Λυδίαν
2187 1449 2613 1519 καταδραμόντι,
2652 1450 2792 1505 ὥστε
2846 1449 2939 1503 καὶ
2991 1449 3142 1503 λείαν
3179 1446 3405 1512 Μυσῶν,

1827 1539 1886 1590 οὐ
1931 1539 2120 1592 Λυδῶν
2179 1543 2417 1609 φανῆναι
2449 1544 2625 1606 τάκεῖ,
2680 1541 3091 1596 κατασεισθέντι
3144 1544 3209 1611 τῇ
3250 1541 3409 1611 φήμῃ

1827 1629 1954 1689 τοὺς
2004 1628 2303 1700 λογισμοὺς
2349 1630 2494 1695 ἔδοξε
2550 1634 2804 1701 προνοεῖν
2855 1631 3036 1699 ἑαυτῷ
3082 1649 3140 1683 τε
3171 1630 3408 1692 καὶτοῖς

1833 1720 1983 1782 ἰδίοις
2013 1721 2122 1774 τῶν
2147 1723 2209 1775 ἐκ
2237 1723 2489 1791 φυλακῆς
2522 1725 2939 1794 συμφερόντων.
2974 1723 3192 1793 ’Λμέλει
3214 1740 3295 1776 τοι
3314 1722 3411 1774 καὶ

178 1797 450 1865 βλεπόντων
516 1801 614 1852 καὶ
671 1800 990 1870 ὁρμώντων.
1028 1801 1137 1854 τῶν
1191 1802 1233 1854 δ’
1279 1802 1428 1864 ἐντὸς
1479 1801 1572 1855 καὶ
1603 1801 1725 1854 λίαν
1758 1848 1802 1906 Β
1832 1811 1943 1871 τοῖς
1971 1810 2111 1864 κατὰ
2144 1813 2204 1864 τὸ
2231 1812 2339 1864 τῶν
2358 1812 2610 1884 Σάρδεων
2644 1814 2905 1884 φρούριον
2936 1815 3133 1883 ὀχυρὸν
3162 1812 3334 1874 ἄλλως
3351 1810 3409 1864 ὃν

178 1889 340 1953 ἐνδεῶς
361 1891 597 1958 ἑχόντων
626 1892 738 1945 τῶν
768 1894 1088 1958 ἀναγκαίων
1110 1894 1196 1946 διὰ
1217 1894 1445 1963 τὴνῖτῶν
1472 1893 1726 1963 ἐξωτερι-

178 1985 268 2037 κῶν
295 1983 649 2049 ὲξαπώλειαν.
699 1986 971 2047 Βασιλεὺς
1030 1986 1129 2055 μὲν
1173 1982 1268 2040 οὖν
1317 1986 1405 2040 διὰ
1450 1986 1623 2038 ταῦτα
1654 1985 1729 2048 ὡς

178 2071 267 2130 οἷον
294 2076 339 2128 τ’
368 2071 435 2147 ἦν
484 2077 1028 2147 ἁντιπαλαμώμενος
1074 2077 1215 2150 πρὸς
1260 2078 1353 2142 τὰς
1382 2078 1492 2130 τῶν
1537 2077 1730 2131 δεινῶν

183 2171 458 2241 ἐπιρροίας,
526 2171 772 2225 Ἀλανῶν
851 2170 952 2241 μὲν
1010 2172 1237 2224 ἐκείνων
1285 2170 1529 2225 καὶτῶν
1586 2171 1731 2226 ἰδίων

184 2258 506 2329 ἀπεγνωκὼς,
539 2265 635 2317 ἐπὶ
671 2263 897 2333 σαθροῖς
947 2263 1004 2317 δὲ
1039 2264 1284 2319 σαλεύων
1316 2266 1428 2327 τοῖς
1475 2263 1728 2329 ξενικοῖς,

184 2355 352 2425 πέμπει
380 2357 477 2411 καὶ
506 2356 644 2428 πρὸς
687 2355 952 2428 Καζάνην
984 2357 1075 2411 τὸν
1106 2356 1217 2412 τῶν
1256 2358 1594 2412 ἀνατολικῶν
1634 2359 1733 2410 Το-

182 2546 315 2601 porro
348 2533 431 2587 bis
456 2532 823 2602 praesentium
853 2530 1086 2588 dubium
1125 2531 1254 2596 fuit,
1284 2532 1335 2586 id
1370 2531 1517 2603 quod
1551 2518 1732 2603 reipsa

182 2639 335 2678 verum
376 2635 521 2697 erat,
568 2625 705 2694 quin
754 2641 851 2696 per
886 2627 992 2680 ista
1038 2625 1419 2680 deelararctur
1462 2614 1747 2680 Joannem

183 2717 306 2771 illum
339 2718 464 2780 olim
508 2719 898 2788 imperatorem
926 2758 942 2781 ,
992 2728 1365 2789 cognomento
1416 2717 1723 2781 Batatzam,

183 2813 416 2883 optimum
453 2814 766 2884 principem
798 2822 856 2868 et
878 2814 1382 2883 eleemosynarium
1418 2828 1450 2868 a
1484 2814 1735 2884 largitio-

183 2907 317 2964 nibus
347 2908 399 2963 in
438 2907 611 2980 402
657 2923 931 2980 pauperes
962 2907 1176 2964 crebris
1201 2917 1258 2963 et
1283 2908 1494 2980 magnis
1540 2908 1736 2961 merito

182 3000 535 3063 nominatum,
581 3016 698 3057 sua:
765 3001 1034 3071 peculiari
1092 3014 1240 3055 eum
1304 3014 1368 3055 ac
1404 3000 1733 3070 protectioni

184 3096 358 3166 (quam
388 3094 722 3149 ἐπιστασίαν
762 3092 949 3164 Lydus
996 3093 1252 3162 diceret)
1305 3092 1658 3147 commissam
1702 3106 1732 3144 a

1830 1900 1905 1964 ὡς
1939 1902 2175 1966 παλαιᾶς
2195 1904 2494 1972 ἀκρόπολιν
2521 1906 2745 1969 πόλεως,
2771 1907 2893 1961 καθ’
2928 1906 2987 1961 ἓν
3015 1906 3215 1960 ἄϐατον
3244 1904 3410 1974 μέρος
3464 1897 3467 1900 ἠ

1832 1994 1926 2046 καὶ
1980 1996 2040 2046 τὸ
2087 1994 2274 2049 λοιπὸν
2331 1999 2711 2069 ἀπόκρημνον,
2761 2000 2847 2052 διὰ
2888 2000 2988 2068 τὴν
3026 1997 3410 2068 παρ’ἐκείιων

1832 2087 2303 2160 ἐγκεκλεισμένην
2339 2091 2584 2145 ἐπίθεσιν
2616 2092 2853 2161 πέμπων
2883 2092 2972 2144 ἐπὶ
3002 2092 3191 2160 ῥηταῖς
3212 2087 3411 2157 ὁμολο-

1830 2177 1981 2244 γίαις
2018 2170 2408 2249 συνέπραττεν,
2438 2181 2524 2250 ἐφ’
2566 2175 2610 2250 ᾧ
2645 2182 2737 2235 τοῦ
2770 2181 3038 2253 φρουρίου
3083 2182 3412 2249 διαμεμερι-

1834 2270 2033 2338 σμένου
2075 2273 2274 2343 μακρῷ
2307 2290 2413 2327 τινι
2446 2273 2617 2344 τείχει
2666 2274 2760 2328 καὶ
2810 2275 3045 2343 ἀσφαλεῖ
3089 2274 3260 2343 ἥμισυ
3312 2271 3412 2341 μὲν

1832 2362 2097 2429 ἐκείνους,
2130 2366 2302 2437 ἥμισυ
2344 2368 2387 2421 δ’
2409 2350 2616 2430 ἆύτοὺς
2651 2366 2815 2440 ἔχειν,
2867 2365 3162 2421 κάντεῦθεν
3188 2366 3411 2434 δεσμοῖς

1834 2546 2167 2617 auctoritate
2227 2549 2280 2601 iu
2332 2549 2502 2603 duces
2560 2548 2825 2603 barbaros
2880 2547 3180 2601 Romanam
3246 2548 3413 2602 ditio-

1835 2654 1957 2691 nem
1985 2639 2377 2694 crudelissime
2403 2649 2709 2702 vastantes,
2744 2640 2823 2693 eis
2857 2650 2913 2692 ut
2949 2639 3017 2693 'ab
3043 2638 3263 2708 injuriis
3314 2640 3414 2693 de-

1835 2733 2037 2787 sistant
2060 2731 2314 2801 imperet,
2347 2747 2410 2786 ac
2436 2732 2489 2787 ni
2521 2731 2748 2795 faciant,
2776 2733 3014 2786 ulturum
3045 2745 3104 2786 se
3129 2730 3373 2785 minetur
3395 2772 3411 2795 ,

1835 2823 2026 2891 sicque
2056 2836 2390 2877 succurrere
2444 2822 2702 2887 dignetur
2733 2830 2981 2876 extreme
3026 2821 3414 2877 laborantibus

1833 2928 1897 2966 ac
1921 2929 2058 2982 pene
2084 2912 2195 2981 jam
2233 2912 2461 2981 perditis
2494 2912 2768 2968 Romanis
2811 2913 2996 2967 rebus.
3051 2913 3204 2967 Talia
3239 2913 3414 2968 Caza—

1836 3021 1933 3061 nes
1958 3005 2188 3061 audiens
2221 3006 2363 3060 haud
2395 3017 2726 3076 aspernatus
2754 3005 3071 3060 afﬁnitatem
3106 3013 3225 3072 est;
3260 3007 3415 3062 obla-

1837 3103 2029 3164 taeque
2081 3096 2277 3164 puellae
2309 3135 2326 3160 ,
2381 3110 2503 3164 qua:
2549 3096 2731 3165 proles
2791 3095 3062 3151 naturalis
3107 3095 3412 3150 Andronici

184 3182 276 3239 Deo
321 3184 638 3242 custodisse
665 3198 731 3239 ac
789 3183 985 3241 sedulo
1032 3182 1359 3239 defensasse
1403 3181 1734 3253 Magnesiam
1765 3191 1806 3250 ο
1840 3186 2066 3253 Augusti
2117 3186 2435 3257 putabatur,
2471 3186 2769 3243 admittens
2826 3188 3071 3258 nuptias,
3120 3189 3300 3257 ample
3347 3203 3413 3242 ac

185 3276 451 3335 civitatem.
506 3288 513 3293 ‘

188 3367 259 3425 l6.
282 3368 347 3425 De
370 3387 423 3427 re
447 3370 584 3426 bene
609 3386 704 3442 per
727 3368 1004 3423 solertiam
1033 3387 1066 3424 a
1083 3368 1281 3424 nostris
1310 3367 1450 3438 apud
1479 3366 1735 3423 Sardates

859 3451 1028 3511 gesta.
1424 3449 1428 3453 ’

245 3556 393 3613 Erant
442 3571 613 3628 porro
655 3572 754 3626 per
795 3557 911 3610 haec
947 3566 1193 3626 tempora
1230 3570 1318 3611 res
1365 3565 1565 3609 nostrae
1599 3552 1740 3607 Con-

188 3646 511 3716 stantinopoli
551 3646 870 3718 degentium
913 3647 965 3699 in
997 3645 1231 3700 summis
1272 3646 1569 3715 angustiis.
1604 3644 1735 3699 Nam

188 3742 262 3805 qui
318 3750 470 3798 extra
518 3742 714 3797 urbem
768 3740 824 3795 in
864 3740 1012 3796 Asia:
1042 3739 1346 3796 continenti
1394 3739 1735 3795 domicilium

189 3832 449 3899 habebant,
498 3835 666 3905 plane
697 3833 915 3889 conscii
968 3847 1034 3887 ac
1066 3834 1260 3888 multis
1294 3831 1738 3900 miserrimisque

189 3928 552 3994 experimentis
582 3927 1035 3999 quotidianarum
1076 3926 1337 3994 caedium,
1371 3924 1578 3996 quibus
1612 3941 1738 3996 pas-

190 4019 274 4074 sim
297 4023 459 4076 sterni
485 4020 837 4078 contribules
864 4036 1000 4076 suos
1033 4035 1064 4073 a
1095 4019 1283 4076 Persis
1318 4019 1601 4083 videbant,
1625 4034 1740 4074 ma-

190 4108 362 4167 nifesto
391 4112 642 4181 persuasi
675 4112 884 4167 nullam
931 4112 1037 4168 sibi
1064 4113 1172 4167 vim
1199 4128 1326 4169 esse
1352 4113 1420 4168 ad
1453 4113 1734 4167 obsisten-

189 4199 294 4255 dum
319 4202 383 4257 iis
410 4202 690 4269 barbaris,
746 4204 942 4273 partim
981 4205 1036 4257 in
1072 4203 1239 4259 urbes
1277 4212 1371 4258 aut
1418 4218 1575 4258 arces
1605 4218 1739 4259 con-

188 4289 469 4365 fugiebant,
521 4296 725 4367 partim
778 4297 1014 4352 salutem
1054 4297 1107 4350 in
1155 4297 1353 4352 insulis
1393 4296 1734 4366 quaerebant,

191 4386 354 4454 partim
400 4403 563 4457 quam
618 4396 876 4458 poterant
929 4389 1262 4458 longissime
1322 4404 1440 4445 sea
1491 4390 1737 4459 periculo

191 4492 499 4538 removentes
562 4480 620 4537 in
671 4482 879 4538 abditis
936 4481 1183 4538 adversa:
1215 4483 1551 4539 continentis
1597 4485 1734 4540 locis

192 4586 415 4629 securum
460 4574 722 4647 effugium
781 4576 995 4641 trepide
1046 4575 1367 4645 captabant.
1403 4576 1584 4646 Ipsius
1631 4592 1733 4630 au—

193 4671 281 4718 tem
331 4682 530 4738 magna:
569 4669 725 4725 urbis
757 4668 954 4724 incolae
1010 4682 1206 4738 magna
1244 4668 1394 4723 intus
1431 4684 1619 4723 rerum
1663 4670 1731 4724 ad

196 4756 368 4812 victum
387 4762 830 4818 necessariarum
859 4761 1091 4832 penuria
1114 4761 1445 4832 urgebamur
1463 4761 1535 4824 ob
1553 4768 1735 4818 vasta-

195 4854 261 4903 tas
295 4852 486 4908 circum
544 4854 943 4925 desolataeque
994 4854 1288 4925 regiones,
1322 4854 1469 4910 unde
1523 4855 1589 4909 ad
1630 4869 1734 4911 nos

196 4937 374 4995 solebat
401 4957 617 4998 annona
642 4942 906 4998 conferri.
940 4945 1019 4998 Ad
1039 4944 1156 4999 haec
1185 4943 1529 4999 emendanda
1560 4961 1736 5014 quan-

199 5035 292 5083 tum
323 5042 528 5102 poterat
572 5050 706 5091 cura
753 5034 1105 5105 consilioque
1136 5036 1467 5092 incumbens
1497 5037 1734 5107 impera-

202 5128 288 5185 tor,
333 5138 448 5179 cum
495 5127 703 5182 nullam
732 5125 844 5197 jam
906 5141 1061 5197 spem
1106 5126 1334 5183 haberet
1380 5128 1436 5182 in
1473 5127 1736 5185 Romanis

201 5214 365 5283 copiis,
415 5229 601 5274 extera
646 5234 777 5275 vero
823 5220 1085 5275 auxiliari
1116 5220 1305 5276 militia
1348 5232 1604 5291 proterva
1637 5239 1738 5279 ste-

201 5318 348 5377 vaque
378 5311 675 5385 eademque
736 5313 886 5368 haud
930 5315 1066 5370 satis
1111 5314 1214 5369 tida
1272 5324 1554 5382 uteretur,
1589 5319 1738 5373 unde

203 5411 286 5454 nec
308 5405 640 5473 acquiescere
668 5409 856 5462 animo
890 5417 1098 5477 posset,
1137 5409 1305 5462 vertit
1343 5409 1733 5479 cogitationem

205 5491 256 5543 ad
290 5497 479 5552 certius
512 5500 778 5554 auxilium
821 5516 850 5554 a
879 5501 1101 5556 Cazane
1129 5501 1505 5557 Tocliarorum
1538 5502 1738 5559 Orien-

206 5585 362 5643 talium
397 5607 648 5662 supremo
696 5596 945 5665 principe
973 5595 1168 5664 (Canin
1205 5596 1309 5666 ipsi
1348 5594 1568 5667 vocant)
1630 5596 1740 5652 Ro-

207 5688 341 5734 mano
368 5681 583 5754 imperio
616 5687 1046 5743 conciliandum.
1101 5688 1267 5744 Mittit
1301 5704 1433 5759 ergo
1471 5691 1538 5745 ad
1590 5691 1738 5747 hunc

209 5768 280 5833 qui
319 5770 523 5833 foederis
560 5794 750 5835 secum
802 5781 1173 5836 conditionem
1219 5783 1454 5853 nuptiali
1492 5784 1737 5839 necessi-

208 5861 367 5920 tudine
414 5866 652 5929 ﬁrmandi
684 5871 936 5943 oﬂ‘eraut,
996 5884 1264 5946 orentque
1299 5888 1355 5931 ut
1386 5893 1493 5949 qua
1521 5878 1735 5935 valebat

1839 3277 2160 3336 solemniter
2205 3278 2462 3349 promisit
2503 3294 2628 3334 sese
2675 3280 3075 3349 coerciturum,
3125 3290 3181 3335 et
3218 3279 3273 3334 ni
3316 3296 3415 3349 pa—
3482 3271 3490 3277 ’

1846 3382 2054 3435 rerent,
2109 3370 2280 3427 armis
2330 3387 2722 3441 repressurum
2781 3374 3000 3443 iniquos
3052 3384 3415 3445 grassatores.

1837 3463 2002 3536 403
2043 3465 2158 3518 Hac
2190 3463 2333 3533 apud
2379 3463 2647 3518 barbaros
2681 3479 2776 3531 per
2809 3462 3135 3519 Romaniam
3192 3466 3419 3536 impune

1841 3556 2289 3611 latrocinantium
2339 3557 2507 3613 duces
2555 3556 2662 3610 late
2708 3556 2962 3619 Cazanis.
3017 3546 3178 3627 cujus
3228 3566 3421 3627 poten-

1841 3649 1971 3701 tiam
2025 3656 2261 3715 norant,
2305 3650 2731 3705 comminatione
2782 3651 3003 3721 vulgata
3047 3651 3177 3704 moti
3225 3666 3418 3706 omnes

1841 3749 1992 3806 sunt,
2030 3741 2075 3797 si
2108 3743 2291 3796 minus
2319 3743 2384 3796 ad
2430 3743 2849 3808 continendam,
2900 3743 3091 3799 saltem
3124 3743 3189 3797 ad
3229 3744 3419 3797 mode-

1841 3834 2063 3888 randam
2126 3833 2490 3904 timidiusque
2537 3835 2797 3905 deinceps
2848 3832 3208 3890 exercendam
3265 3833 3423 3887 smvi-

1843 3926 1998 3979 tiam.
2032 3923 2168 3979 Nam
2201 3940 2230 3979 a
2263 3926 2546 3996 plerisque
2574 3928 2820 3996 ipsorum
2853 3941 3045 3995 parum
3075 3927 3210 3980 istas
3240 3925 3419 3980 minas

1840 4017 2191 4081 curantibus,
2228 4016 2581 4073 simulatione
2617 4028 2774 4072 tenus
2805 4018 2922 4073 sola
2959 4032 3059 4072 nec
3102 4032 3165 4071 ea
3220 4018 3377 4087 loxtga
3402 4056 3418 4080 ,

1840 4107 2082 4162 delatum
2141 4107 2323 4163 edicto
2372 4107 2542 4164 Canis
2584 4119 2665 4163 est
2713 4106 2903 4163 absisti
2956 4121 2985 4160 a
3038 4105 3416 4160 Romanorum

1844 4200 2197 4255 inl'estatione
2247 4199 2515 4268 jubentis.
2576 4199 2749 4256 Unius
2806 4200 2950 4255 inter
3011 4199 3148 4255 istos
3210 4199 3420 4254 Alaidis

1843 4292 2008 4361 paulo
2052 4291 2190 4345 forte
2221 4291 2405 4347 minus
2436 4301 2815 4346 contumacem
2852 4291 3136 4345 audaciam
3173 4290 3286 4344 lucc
3319 4289 3415 4344 de-
3472 4349 3481 4352 ,

1844 4382 2121 4438 nuntiatio
2172 4384 2477 4439 concussit.
2542 4384 2594 4439 Is
2635 4393 2767 4438 tunc
2819 4382 3048 4454 Lydiam
3099 4382 3417 4447 incursaus,

1843 4476 2003 4544 quasi
2042 4485 2279 4530 verteret
2321 4488 2477 4531 vetus
2528 4476 2904 4546 proverbium,
2943 4473 3220 4545 Mysorum
3256 4489 3285 4528 e
3312 4473 3417 4544 Ly-

1839 4568 1925 4622 dis
1959 4568 2289 4636 congercbat
2324 4570 2561 4637 praidas.
2600 4567 2759 4635 Quod
2796 4568 2928 4621 dum
2965 4567 3111 4637 agit,
3150 4566 3275 4621 novi
3314 4567 3422 4620 Ca-

1836 4662 1991 4715 zauis
2054 4676 2178 4716 cum
2245 4662 2578 4729 imperatore
2625 4659 2853 4715 foederis
2902 4658 3049 4714 fatua
3117 4659 3420 4727 improviso

1836 4754 2003 4823 ictus,
2044 4755 2097 4809 in
2135 4755 2427 4824 quamdam
2465 4771 2580 4810 sua:
2608 4769 2670 4809 ac
2700 4768 2927 4809 suorum
2959 4752 3244 4809 securitati
3287 4767 3421 4807 con-

1839 4848 2055 4904 sulendi
2122 4848 2551 4905 sollicitudinem
2608 4847 2930 4918 ingressus,
2995 4847 3140 4902 hunc
3198 4845 3415 4917 praedae,

1837 4956 2000 5012 quam
2044 4941 2323 5011 ingentem
2366 4950 2655 5010 paraverat
2714 4948 2769 4994 et
2795 4941 2881 4994 cui
2936 4938 3286 5010 potissimum
3350 4938 3416 4990 ti.-

1839 5036 2046 5099 mebal,
2105 5035 2159 5087 in
2195 5042 2314 5089 tuto
2367 5033 2701 5088 collocanda:
2740 5033 3010 5087 rationem
3052 5031 3414 5099 exe-Ogitavit.

1840 5127 1936 5183 Est
1975 5128 2094 5195 ejus
2134 5127 2455 5195 metropolis
2496 5124 2793 5194 provinciae
2834 5126 3064 5197 antiqua
3116 5124 3246 5179 urbs
3289 5124 3419 5177 Sar-

1838 5220 1957 5286 des,
1998 5220 2051 5273 in
2096 5236 2199 5289 qua
2234 5220 2354 5293 ‘situ
2382 5219 2618 5274 validam
2648 5226 2701 5274 et
2730 5218 2861 5274 olim
2905 5218 3174 5273 munitam
3232 5231 3416 5270 arcem

1842 5322 1973 5368 tunc
2005 5312 2186 5374 adhuc
2214 5322 2532 5366 nostrorum
2570 5312 2794 5381 quidam
2825 5310 3178 5373 obtinebant,
3206 5309 3274 5363 ab
3309 5324 3415 5361 una

1840 5418 1994 5477 parte
2058 5407 2398 5461 inaccessam
2440 5407 2677 5477 .objectu
2736 5404 3241 5477 impenetrabilinm
3300 5418 3420 5455 mo-

1842 5499 1996 5564 lium,
2020 5515 2084 5553 ex
2111 5500 2288 5555 altero
2311 5500 2485 5555 latere
2511 5500 2848 5555 immanibus
2875 5496 3193 5568 praecipitiis
3222 5492 3415 5549 defen—

1843 5608 2003 5657 sam;
2055 5593 2214 5663 cujus
2274 5592 2397 5649 ideo
2437 5594 2600 5649 etiam
2638 5608 2668 5647 a
2709 5592 2903 5661 paucis
2940 5599 2993 5646 et
3024 5589 3245 5666 prodire
3301 5602 3416 5641 non

1844 5687 2174 5742 audentibus
2229 5686 2456 5743 insessae
2490 5686 2711 5742 barbari
2763 5685 2892 5741 licet
2934 5697 3168 5738 numero
3204 5681 3417 5752 pollen-

1843 5792 1931 5837 tes
1955 5783 2415 5853 expugnationem
2442 5782 2848 5852 desperassent.
2886 5777 3062 5848 Hujus
3093 5776 3243 5832 Alais
3273 5791 3415 5847 prm-

1845 5876 2104 5934 sidiarios
2148 5875 2422 5947 colloquio
2476 5874 2728 5940 tentavit,
2785 5887 2982 5942 rogans
3042 5880 3100 5925 ut
3148 5870 3411 5941 quoniam
