3860 6552
419 423 524 486 43

1612 420 1936 478 GEORGII
1983 420 2468 481 PACHYMERJ'I
3571 417 3664 480 itii

420 535 670 601 ὁμονοίας
707 529 1035 595 συνδείσθαι,
1083 531 1178 583 καὶ
1225 527 1418 598 ἀνέδην
1467 529 1712 594 ἐξιόντας
1750 531 1994 595 ἐκείνους
2021 541 2072 602 Α
2099 529 2302 600 (lapso;
2329 523 2476 598 εἶχον
2507 529 2706 582 ὲκεῖιοι
2729 529 2824 582 καὶ
2845 529 2955 584 τῶν
2981 529 3160 599 φόϐων
3190 531 3416 591 ἑαυτοὺς
3443 529 3666 600 irrelig-

425 627 524 696 μεν
563 627 674 684 τοῖς
709 622 861 686 ἰδίοις
908 621 1092 692 ἔργοις
1129 619 1496 692 προσανέχειν
1547 618 1606 684 ἐξ
1653 612 1728 674 ὧν
1780 621 1998 690 τραφή-

427 733 627 772 σονται,
665 715 864 776 αὐτοῦς
909 713 964 765 δὲ
1003 713 1068 766 τὰ
1107 713 1283 764 οἰκεῖα
1319 711 1539 774 πάντως
1585 712 1783 776 ποιεῖν,
1818 711 1998 764 αὐτῶν

427 810 546 877 μὲν,
589 807 663 869 ὡς
713 806 880 867 είκδς,
917 805 1243 873 ἀπέχοντας,
1288 803 1468 866 ἄλλοις
1511 803 1556 856 δ’
1586 803 1998 873 ἐπιτιθεμένους

426 901 485 963 ἐξ
513 892 587 950 ὧν
617 897 938 968 κερδανοῦσι
967 897 1058 950 τὸν
1090 899 1288 948 οἰκεῖον
1326 896 1528 966 τρὸπον
1560 896 1655 947 καὶ
1687 895 1996 964 λῃστρικὶν.

435 992 664 1044 Ἐκεῖνοι
695 990 792 1060 μὲν
817 989 910 1042 οὖν
939 989 1146 1042 τοιαῦτ’
1177 989 1384 1058 ἠξίουν,
1419 992 1510 1042 καὶ
1541 989 1785 1058 λιπαρεῖ),
1822 987 2003 1041 ἀντεί-

429 1100 583 1154 χοντο
627 1083 722 1136 τοῦ
765 1082 1066 1152 φρουρίου·
1117 1084 1228 1146 τοῖς
1275 1081 1331 1134 δὲ
1385 1082 1448 1134 τὸ
1501 1081 1600 1150 μὲν
1648 1079 2001 1133 ἀνθίστασθαι

433 1175 664 1244 μάταιον
690 1173 996 1242 ἐνομίζετο,
1021 1174 1080 1224 τὸ
1107 1173 1152 1226 δ’
1180 1172 1478 1234 εύπειθεῖν,
1512 1172 1560 1224 εί
1593 1171 1682 1223 καὶ
1717 1169 1791 1240 μὴ
1823 1170 2005 1237 σφίσιν

429 1270 615 1330 ούτοίς
644 1267 884 1336 ἀσφαλὲς
915 1267 1004 1319 διὰ
1024 1269 1125 1336 τὴν
1155 1265 1266 1319 τῶν
1299 1265 1510 1334 ἐχθρῶν
1533 1265 1830 1332 γειτνίασιν
1859 1264 2005 1334 (οὐδὲ

431 1362 540 1430 γὰρ
572 1355 640 1430 ἦν
669 1361 902 1430 ἀρνειοῖς
955 1361 1049 1412 καὶ
1089 1359 1276 1422 λύκοις
1307 1357 1462 1410 κοινὰ
1496 1356 1768 1426 ταμέσθαι
1811 1357 1880 1409 tit
1909 1358 2001 1425 ὄρ-

431 1453 572 1522 κια),
629 1453 778 1520 ὅμως
833 1452 920 1504 διὰ
970 1453 1070 1522 τὴν
1121 1451 1438 1520 ἐφεστῶσαν
1488 1451 1736 1519 ἀνάγκην
1768 1450 1864 1502 καὶ
1909 1449 2006 1503 τοῦ

433 1543 829 1614 ύδρεύεσθαίτε
857 1547 950 1598 καὶ
971 1545 1361 1615 κατασπείρειν
1383 1545 1544 1597 ’ἑνεκα
1563 1543 1786 1598 ἀνεκτὸν
1807 1545 2005 1609 ἐδόκει,

433 1637 527 1688 καὶ
554 1635 1006 1703 συγκατέϐαινον.
1041 1635 1152 1690 Καὶ
1185 1636 1250 1706 δὴ
1279 1635 1509 1697 πολλούς
1543 1651 1692 1697 τινας
1725 1634 1830 1686 τῶν
1873 1634 2009 1704 Περ-

437 1731 547 1783 σῶν
577 1731 929 1800 ὑποδέχονται
964 1733 1199 1804 (σωροὺς
1246 1731 1304 1784 δὲ
1357 1732 1656 1802 χρημάτων
1699 1729 1899 1793 αὐτῶν,
1933 1729 2012 1792 ὡς

436 1825 608 1889 εἰκὸς,
644 1825 742 1878 σὺν
777 1825 961 1888 αὐτοῖς
995 1821 1103 1878 εἶδέ
1151 1842 1236 1888 τις
1289 1824 1400 1893 ἂν),
1443 1825 1593 1892 παρὰ
1643 1821 1895 1876 τοσοῦτον
1944 1820 2006 1874 ού

2101 621 2288 683 δανον,
2320 622 2366 672 οἱ
2391 619 2530 683 τέως
2563 620 2737 673 ίκέται
2759 620 2970 673 ἑαυτῶν
2995 621 3234 688 γίνονται
3276 620 3368 673 καὶ
3404 620 3514 673 τῶν
3547 638 3667 689 προ-

2101 711 2275 780 τέρων
2317 713 2830 784 ἀναμιμνήσκονται
2872 715 2966 767 καὶ
3014 713 3316 785 ἐπιχειρεῖν
3355 716 3471 776 τοῖς
3505 731 3668 779 γειτο-

2102 805 2253 859 νοῦσι
2287 805 2656 874 βουλεύονται.
2696 801 2804 859 Ἦν
2829 806 2884 859 δὲ
2923 807 3030 877 ἄρα
3063 809 3124 862 τὸ
3166 807 3411 876 σόφισμα
3443 805 3674 860 καθἀύο

2101 895 2246 948 τῶν·
2308 898 2368 960 ἐξ
2425 898 2539 948 ἴσου
2580 898 2688 967 γὰρ
2723 899 2815 949 καὶ
2867 897 3131 968 Ῥωμαῖοι
3197 896 3672 950 ἀντεπιϐουλεύειν

2107 987 2340 1051 ἐκείνοις
2389 989 2605 1057 ἔχοντες
2650 989 2786 1058 προς
2834 991 2993 1042 τοῦτο
3045 989 3140 1042 καὶ
3177 989 3519 1054 διυπνίζοντο
3551 987 3670 1058 παρ’

2104 1081 2354 1146 ἐκείνων,
2387 1079 2451 1153 [Ρ
2481 1080 2611 1154 28!]
2643 1081 2702 1135 τὸ
2730 1081 2932 1152 φθῆναι
2959 1081 3163 1152 πρᾶξαι
3197 1082 3350 1153 παρᾶ
3383 1082 3446 1135 τὸ
3489 1083 3671 1134 παθεῖν

2104 1175 2543 1247 κερδαλεώτερον
2591 1175 2954 1246 ἡγησάμενοι.
3009 1175 3116 1230 Καὶ
3182 1175 3245 1245 δὴ
3314 1175 3670 1244 προλαϐόντες

2106 1268 2204 1339 τὴν
2258 1268 2553 1340 ἐπιϐουλὴν
2608 1269 2892 1340 πέμπουσι
2947 1271 3084 1341 πρὸς
3135 1268 3226 1322 τὸν
3276 1270 3536 1340 τηνικάδε
3571 1269 3672 1320 τῶν

2119 1361 2448 1430 Ῥωμαϊκῶν
2479 1362 2772 1432 ταγμάτων
2793 1363 3031 1432 ἄρχοντα
3057 1362 3421 1433 πριμικὴριον
3443 1362 3500 1426 ἐξ
3522 1359 3672 1424 rigati:-

2113 1468 2283 1520 ματος
2311 1452 2412 1520 τῆς
2459 1452 2802 1524 αύ).ῆς.,Καὶ
2850 1453 3046 1518 νυκτὸς
3078 1455 3286 1514 ἐκεῖνος
3332 1451 3460 1506 λαδν
3504 1453 3672 1506 ἱκανὸν

2109 1543 2614 1614 ἐξετοιμασάμενος
2673 1545 3005 1616 προσϐάλλει
3041 1547 3120 1616 τῷ
3155 1547 3427 1617 φρουρίῳ,
3462 1547 3555 1599 καὶ
3590 1548 3675 1614 ἐμ.

2112 1637 2283 1707 φανὴς
2311 1634 2380 1708 ἦν
2408 1641 2520 1702 τοῖς
2563 1639 2664 1707 μὲν
2693 1640 3171 1709 προσδοκώμενος,
3209 1642 3318 1703 τοῖς
3344 1641 3392 1693 δ’
3419 1639 3674 1708 ἀπροσδὸο

2111 1745 2295 1796 κητος.
2335 1719 2497 1784 ’Ὅθεν
2545 1731 2640 1784 καὶ
2674 1732 2724 1784 οἱ
2760 1730 2861 1802 μὲν
2912 1732 3164 1801 ἀσμένως
3201 1730 3446 1802 δέχονται
3477 1729 3672 1794 τοῦτον,

2112 1825 2226 1886 τοῖς
2277 1822 2321 1876 δ’
2357 1823 2646 1892 ἐφίσταται
2697 1826 3068 1895 κοιμωμένοις
3115 1824 3291 1888 δεινὸς
3324 1825 3558 1896 ὄνειρος,
3591 1825 3673 1878 καὶ

437 1917 813 1981 συνοικοῦντες
862 1921 974 1980 τοῖς
1019 1917 1319 1988 εἰσαχθεῖσι
1369 1918 1499 1988 παρ’
1530 1918 1653 1970 ὅσον
1699 1915 1762 1968 τὸ
1800 1912 2004 1986 μεταξὺ
2040 1925 2082 1978 Β
2111 1916 2362 1968 ἐντεῦθεν
2393 1916 2720 1970 διατεθείκει
2764 1920 2902 1987 σφᾶς
2935 1918 3007 1972 τὰ
3035 1919 3390 1988 παγχάλεπα.

435 2013 612 2078 τεῖχος
649 2012 788 2078 σφᾶς
824 2011 918 2063 ἀπ’
954 2010 1197 2081 ἀλλήλων
1235 2010 1461 2080 διεῖργε.
1491 2010 1644 2064 Κατά
1671 2026 1794 2062 τινα
1821 2008 1876 2061 δὲ
1903 2024 2006 2060 πυ-

435 2101 556 2154 λίδα
604 2103 700 2155 καὶ
751 2105 1110 2174 συμμετεῖχον
1149 2103 1402 2173 ἀλλήλοις
1454 2102 1608 2167 ἔνιοι,
1650 2101 1726 2165 ὡς
1765 2101 2002 2169 ἐλέγετο.

436 2195 622 2248 Ταῦτα
672 2196 801 2262 γοῦν
844 2195 984 2268 ἦσαν
1033 2199 1129 2250 ἐπὶ
1185 2198 1401 2268 χρόνον,
1437 2198 1533 2250 καὶ
1577 2194 1868 2264 ἀνακωχὴν
1897 2192 2006 2245 τῶν

436 2290 626 2340 κακῶν
660 2289 804 2342 κατά
835 2289 895 2342 τὸ
924 2289 1182 2359 φρούριον
1205 2287 1371 2360 εἶχον.
1413 2289 1566 2366 ξΕπεὶ
1598 2288 1654 2340 δὲ
1688 2289 1755 2341 τὰ
1784 2286 1880 2356 μὲν
1905 2284 2006 2354 τῆς

439 2384 629 2453 φήμης
665 2382 774 2436 τῶν
809 2383 1068 2453 Τοχάρων
1099 2385 1221 2437 κατ’
1261 2383 1442 2451 ὀλίγον
1486 2383 1746 2451 ἠσθένουν
1781 2377 1876 2432 καὶ
1905 2379 2006 2448 ἤδη

437 2561 713 2630 perampla
739 2572 788 2614 et
822 2559 1077 2614 bifariam
1121 2561 1294 2614 divisa
1339 2560 1575 2614 munitio
1621 2567 1764 2623 erat,
1796 2567 2005 2626 partem

439 2667 624 2717 unam,
687 2652 833 2721 quod
879 2661 994 2706 tuto
1043 2664 1270 2722 possent
1318 2653 1523 2717 facere,
1583 2652 1687 2706 sibi
1742 2649 2009 2705 concede-

441 2755 580 2799 rent.
622 2745 754 2800 Nam
810 2753 1174 2815 pt'.eterqttant
1229 2746 1279 2799 id
1313 2747 1436 2800 sine
1478 2761 1580 2800 suo
1636 2745 1748 2798 ullo
1804 2745 2007 2798 damno

440 2837 686 2892 facturos
737 2839 841 2892 lide
873 2839 978 2892 illis
1013 2853 1206 2892 cavere
1277 2838 1625 2894 sanctissima
1681 2815 2004 2906 spondebat,

439 2933 603 2985 etiam
632 2941 820 2984 contra
851 2932 1178 3000 periurium,
1213 2932 1258 2987 si
1283 2933 1428 3002 quod
1453 2939 1858 3001 suspectarent,
1890 2945 2009 2984 cer-

439 3034 553 3078 tum
605 3025 874 3079 haberent
942 3026 1258 3094 prtesiditnn
1320 3027 1460 3080 muri
1513 3025 1840 3089 ﬁrmissimi,
1897 3039 2007 3093 quo

438 3119 578 3182 dum,
616 3118 683 3172 de.
713 3117 910 3188 quibus
941 3127 1024 3173 est
1061 3119 1285 3181 dictum,
1326 3119 1472 3173 arcis
1510 3119 1681 3172 unius
1719 3127 1910 3188 partes
1940 3117 2007 3169 ab

441 3213 672 3266 invicem
701 3212 1165 3268 discluderentur.
1207 3214 1280 3266 Ea
1320 3215 1490 3267 nostri
1527 3212 1821 3267 audientes
1859 3209 2006 3266 haud

2111 2025 2196 2091 ιζέ.
2231 2028 2366 2096 Περὶ
2395 2025 2502 2096 τῆς
2534 2029 2640 2083 τοῦ
2661 2028 2969 2094 ,βασιλέως
2996 2028 3236 2098 Μιχαὴλ
3257 2032 3344 2096 εἱς
3368 2028 3486 2097 τὴν
3509 2030 3672 2082 πόλιν

2663 2100 3143 2166 ἑπα›·ε.1εὐσεως.
3218 2116 3226 2149 ἱ

2194 2189 2253 2242 '0
2294 2191 2478 2260 μέντοι
2514 2208 2573 2260 γε
2607 2192 2862 2262 βασιλεὺς
2909 2195 3132 2265 Μιχαὴλ
3181 2197 3382 2265 ῥαΐσας
3412 2195 3508 2263 τῆς
3530 2193 3672 2252 νότου

2108 2281 2190 2334 ἔτι
2225 2283 2322 2351 μὲν
2363 2283 2513 2353 παρᾶ
2540 2288 2661 2348 ταῖς
2695 2287 2906 2353 Πηγαῖς
2944 2283 3029 2353 ἦν,
3059 2287 3152 2339 καὶ
3179 2285 3258 2355 τῷ
3293 2287 3518 2356 μεγάλῳ
3538 2285 3673 2338 δουκὶ

2111 2377 2467 2445 προσελθόντι
2523 2381 2584 2432 ἐκ
2644 2380 2739 2432 τοῦ
2788 2379 2929 2434 κατὰ
2975 2380 3074 2450 τὴν
3123 2380 3366 2447 Κύζικον
3402 2381 3512 2434 τῶν
3548 2375 3674 2450 ἀμφ’

2109 2573 2224 2612 rem
2271 2556 2511 2611 venitur.
2566 2557 2951 2612 Adutittnntur
3001 2559 3052 2613 in
3108 2567 3319 2629 partem
3394 2557 3672 2613 Sardeusis

2109 2651 2255 2703 arcis
2293 2649 2473 2706 Persa:
2500 2667 2605 2704 non
2645 2653 2825 2720 pauci.
2861 2649 2972 2707 llos
3001 2667 3029 2706 a
3063 2650 3328 2706 Romanis
3363 2652 3671 2723 segregabat

2111 2761 2301 2800 murus
2352 2743 2566 2814 longus,
2619 2753 2826 2805 tamen.
2879 2754 2932 2799 ut
2961 2745 3148 2810 audio,
3203 2749 3424 2814 postico
3472 2743 3666 2812 uspiam

2110 2836 2353 2905 pervius.
2381 2833 2544 2888 Stetit
2581 2835 2693 2888 hate
2718 2835 3035 2902 aliquandiu
3065 2835 3320 2899 societas,
3353 2849 3519 2904 quam
3553 2848 3670 2887 cou-

2109 2927 2477 3000 glutinaverat
2515 2927 2641 2981 hinc
2665 2928 2887 2996 quidem
2927 2935 3142 2998 egestas
3177 2943 3404 2997 ttrgens,
3436 2925 3559 2980 inde
3590 2939 3672 2978 au-

2111 3033 2218 3077 tem
2255 3031 2434 3078 metus
2468 3023 2748 3094 ingruens,
2785 3031 2997 3087 neuter,
3031 3023 3078 3079 si
3103 3038 3164 3093 se
3201 3023 3540 3087 remiserint,
3562 3021 3669 3076 diu-

2111 3113 2256 3166 turni
2319 3111 2582 3182 magister
2625 3111 2808 3167 oﬂicii.
2843 3111 2982 3182 Ergo
3033 3128 3156 3170 cum
3203 3113 3360 3182 lapsu
3419 3112 3666 3183 temporis

2116 3201 2347 3257 formido
2393 3218 2556 3274 quam
2593 3205 2754 3258 minus
2803 3204 3035 3260 Cazanis
3065 3205 3238 3260 Alaidl
3270 3211 3326 3259 et
3365 3206 3489 3277 ejus
3515 3203 3670 3259 comi-

443 3307 520 3360 illi
571 3307 792 3378 quidem
845 3310 1079 3362 multum
1121 3307 1364 3362 ﬁdebant
1415 3307 1700 3377 promissis
1747 3271 2084 3362 barbaro-C
2119 3296 2264 3349 tibus
2296 3295 2643 3350 incusserant
2673 3295 3059 3365 elanguescere
3086 3299 3370 3368 coepisset.
3402 3299 3666 3354 redierunt

442 3411 562 3450 rum
603 3414 616 3450 :
654 3406 910 3450 caeterum
967 3398 1238 3453 diuturna:
1301 3399 1588 3464 clausurm,
1630 3399 1793 3465 cuius
1853 3399 2013 3452 aliter

445 3488 836 3542 relaxationmn
877 3504 984 3542 non
1025 3499 1337 3559 sperarent,
1371 3489 1552 3545 aliecti
1589 3492 1770 3554 ttedio,
1822 3500 1877 3545 et
1923 3505 2014 3543 re-

444 3596 564 3633 rum
631 3581 813 3648 inpia
863 3597 926 3635 ev
951 3583 1064 3653 agri
1097 3582 1405 3637 circutnstti
1469 3583 1633 3652 longa
1668 3582 2013 3638 desolatione

445 3677 760 3730 necessario
787 3690 972 3730 secuta
1011 3678 1251 3746 graviter
1280 3677 1474 3745 pressi,
1503 3677 1860 3743 rejicicndam
1903 3693 2013 3730 non

448 3778 706 3838 putarunt
741 3769 1140 3838 qualiscunque
1200 3769 1588 3825 conventionis
1655 3769 2011 3823 mentionem.

449 3862 722 3916 llomanis
781 3878 910 3930 ergo
962 3879 1324 3933 congressum
1365 3880 1473 3916 non
1517 3861 1891 3918 abnuentibus
1947 3862 2014 3918 ad

406 3952 412 3969 ⁸
450 3954 794 4010 tractandum
838 3955 1085 4023 pressius
1122 3955 1501 4010 descenditur.
1537 3953 1859 4024 PropOnunt
1885 3954 2015 4023 quid

449 4049 646 4103 vellent
689 4048 927 4104 barbari.
967 4051 1125 4106 Areis
1164 4050 1456 4104 dimidium
1495 4049 1721 4104 concedi
1785 4048 1886 4103 sibi
1918 4063 2014 4117 po-

447 4141 669 4205 stulant,
704 4141 790 4194 ubi
835 4157 921 4196 res
952 4142 1005 4194 in
1033 4151 1150 4195 toto
1185 4158 1317 4197 suas
1353 4141 1639 4206 haberent,
1672 4140 1838 4213 405
1872 4139 2016 4194 unde

451 4233 504 4287 iu
543 4233 727 4286 hostes
756 4245 1130 4303 erumperent,
1170 4248 1278 4303 quo
1309 4249 1367 4287 se
1402 4232 1744 4302 reciperent.
1783 4231 2015 4287 Romani

453 4325 716 4400 reliquam
763 4325 1008 4378 claustro
1043 4325 1343 4394 quamlibet
1396 4324 1582 4380 valido
1617 4324 1721 4378 sibi
1774 4309 2020 4380 certissi-

457 4432 600 4470 mam
635 4425 943 4478 servarent.
981 4418 1274 4486 securique
1299 4415 1424 4470 inde
1458 4415 1744 4484 prodirent
1773 4415 1838 4468 ad
1873 4413 2020 4482 agri-

450 4511 716 4563 culturam
751 4518 802 4562 et
839 4509 1192 4572 conuuercia,
1237 4523 1305 4562 eo
1362 4507 1594 4561 innoxie
1654 4506 2018 4560 reconderem

2120 3387 2194 3441 illi
2228 3387 2435 3442 Scilicet
2463 3389 2527 3440 ad
2553 3387 2854 3457 ingenium,
2889 3397 2942 3441 et
2976 3389 3176 3458 prioris
3203 3391 3452 3446 instituti
3480 3403 3668 3444 memo-

2121 3495 2206 3535 res
2254 3496 2439 3535 secum
2481 3480 2582 3551 ipsi
2629 3490 2939 3536 statuerunt
2994 3482 3070 3536 uti
3125 3484 3524 3539 commoditate
3558 3482 3671 3536 vici-

2117 3573 2220 3628 nia:
2251 3572 2316 3626 ad
2349 3573 2666 3643 spoliandas
2709 3589 2881 3630 novos
2914 3575 3181 3646 hospites,
3219 3578 3446 3646 supina,
3488 3583 3543 3631 ut
3585 3590 3672 3644 pu-

2118 3665 2328 3728 tabant,
2369 3664 2568 3719 tlducia
2615 3665 2868 3721 incautos
2894 3707 2909 3732 ,
2962 3668 3016 3721 itt
3049 3682 3162 3738 quo
3208 3683 3304 3722 sua
3342 3669 3470 3723 illos
3502 3666 3668 3738 Opinio

2119 3757 2361 3819 fallebat,
2397 3759 2540 3812 unde
2569 3757 2623 3812 in
2665 3768 2826 3826 caput
2857 3769 3142 3815 auetoruut
3174 3759 3326 3818 fraus
3360 3762 3563 3830 perfida
3591 3773 3669 3812 res

2121 3851 2274 3904 cidit.
2339 3850 2540 3921 Vigiles
2567 3853 2710 3904 enim
2746 3853 2798 3906 in
2855 3853 2939 3906 sui
2989 3852 3301 3908 custodiam
3357 3848 3668 3924 praesidiarii

2121 3941 2462 4007 Sardenscs,
2518 3943 2610 3998 ubi
2672 3945 2879 4000 versari
2947 3944 3216 4001 barbaros
3299 3946 3353 4000 in
3434 3951 3670 4016 apparatu

2120 4035 2503 4090 struendarum
2544 4035 2679 4106 ipsis
2712 4037 3034 4090 insidiarum
3073 4046 3126 4092 et
3157 4037 3396 4092 violandi
3455 4035 3672 4092 crudeli-

2121 4139 2204 4182 ter
2235 4127 2459 4198 hospitii
2491 4143 2739 4191 sensere,
2773 4144 3164 4200 prmoccupare
3212 4131 3435 4185 fortiter
3483 4126 3670 4200 agendo

2120 4234 2282 4288 quam
2330 4221 2521 4289 ignave
2581 4229 2856 4276 cessando
2925 4220 3184 4289 iniuriam
3244 4225 3456 4292 perpeti
3507 4222 3672 4277 utilius

2121 4313 2392 4376 arbilmli.
2426 4315 2566 4369 clam
2617 4325 2811 4384 regant
2846 4331 2954 4370 non
3002 4314 3165 4386 longe
3227 4327 3359 4371 tunc
3395 4318 3669 4371 distantem

2124 4404 2492 4458 llomanorum
2522 4407 2732 4474 aliquot
2759 4407 2952 4459 ducem
3004 4406 3338 4470 cohortium,
3383 4409 3473 4462 cui
3513 4421 3572 4460 ex
3599 4401 3671 4455 di-

2125 4498 2326 4567 gnitate
2346 4498 2582 4567 palatina
2609 4497 2769 4570 405
2801 4498 3147 4569 primicerius
3170 4497 3305 4551 aulae
3334 4499 3528 4553 titulus
3551 4501 3671 4556 erat,
3708 4537 3718 4554 ,

451 4617 510 4654 se
560 4616 621 4655 ac
672 4617 792 4662 sua,
831 4600 1146 4667 tranquillis
1221 4599 1428 4653 circum
1479 4597 1696 4653 cunctis
1746 4597 2011 4653 beneﬁcio

2129 4586 2322 4641 adesse
2355 4585 2489 4657 ipsis
2521 4601 2586 4640 ne
2637 4598 2980 4656 gravaretur,
3016 4595 3342 4655 praevertere
3375 4587 3664 4658 proximum

452 4691 738 4761 praesentis
775 4692 994 4745 hederis
1025 4699 1076 4745 et
1102 4690 1378 4745 constanti
1437 4689 1818 4745 benevolentia
1849 4703 2021 4742 novo-

453 4801 573 4837 rum
621 4784 893 4836 sociorum
946 4783 1054 4836 late
1096 4797 1192 4853 per
1255 4781 1531 4850 regionem
1592 4781 2019 4835 dominantium.

451 4879 562 4932 litsi
601 4893 706 4930 non
757 4878 958 4930 latebat
988 4877 1054 4930 de
1100 4875 1184 4929 his
1213 4875 1550 4928 arbitrantes
1583 4884 1804 4929 uestros
1838 4873 2022 4928 homi-

450 4989 548 5025 nos
589 4987 748 5041 quam
787 4970 952 5023 iulida
987 4968 1185 5021 vicinia
1225 4967 1476 5037 luporum
1519 4981 1641 5019 cum
1675 4965 1824 5034 agnis
1854 4974 2020 5031 esset,

449 5078 722 5133 q'atuque.
779 5071 1048 5132 suspectae
1111 5061 1340 5115 indutiae
1397 5060 1772 5129 pollicentium
1827 5059 2021 5114 cenvi-

451 5167 600 5208 (tum
657 5153 968 5207 indemnem
1026 5151 1130 5207 sibi
1177 5167 1342 5222 prepe
1399 5151 1744 5218 degentibus,
1799 5151 2022 5204 interitu

450 5247 578 5298 dum
634 5245 686 5298 in
735 5245 871 5298 alios
918 5243 1165 5313 ejusdem
1213 5258 1399 5298 secum
1457 5242 1636 5310 gentis
1692 5258 1754 5296 ac
1803 5241 2025 5312 generis

452 5337 778 5390 mettrretuli
815 5335 1220 5400 latrocinando,
1259 5344 1318 5388 ut
1375 5335 1647 5396 solebant,
1689 5335 1796 5390 sibi
1851 5335 2024 5389 licen-

456 5433 583 5482 tiam
630 5429 966 5496 exciperent,
1018 5436 1198 5480 tatnen
1246 5430 1393 5496 quia,
1441 5437 1495 5479 ut
1533 5425 1792 5490 iudicavi,
1851 5441 2024 5492 aqua-

455 5524 607 5576 tiuze
633 5529 682 5574 ct
735 5521 1074 5590 agricultura
1124 5518 1330 5573 dudum
1381 5519 1590 5572 exclusi
1633 5519 1757 5572 vita:
1809 5517 2022 5571 utilium

457 5619 638 5686 inopia
663 5617 773 5684 jam
798 5628 1039 5670 extrema
1071 5616 1414 5679 laborabant,
1440 5615 1670 5670 stultum
1708 5629 1833 5668 esse
1864 5614 2027 5683 judi-

458 5717 656 5762 caiunt
703 5726 808 5762 non
845 5718 1142 5779 praeoptare
1175 5711 1345 5762 exitio
1394 5708 1648 5779 prmsenti
1693 5704 2031 5776 quantumli-

460 5801 547 5853 bet
597 5802 864 5871 ancipites
911 5816 972 5856 ac
1019 5801 1186 5856 duras
1236 5803 1584 5857 conditiones
1631 5800 1811 5866 turpis
1857 5799 2024 5853 etiam

466 5896 708 5953 lwdcl‘is.
764 5895 1030 5951 Asscntiri
1065 5911 1124 5950 se
1160 5898 1442 5949 dixerunt.
1498 5894 1613 5945 Mox
1648 5910 1742 5961 τις·
1773 5909 1926 5954 sane,
1969 5893 2025 5946 in

2129 4677 2388 4733 iusultutn
2424 4678 2750 4744 perfidorum
2780 4679 3056 4749 hospitum
3091 4691 3316 4734 necesse
3343 4677 3669 4734 habentibus.

2124 4767 2219 4824 Ille
2259 4769 2456 4824 idoneo
2505 4771 2737 4823 militum
2778 4785 3009 4825 numero
3043 4785 3232 4827 secum
3263 4777 3481 4824 armato
3524 4771 3668 4822 noctu

2127 4862 2239 4916 arci
2293 4861 2555 4917 Sardensi
2611 4877 2670 4918 se
2699 4861 2972 4918 admovet.
3037 4862 3234 4918 Statim
3285 4862 3534 4931 apparuit
3578 4853 3669 4911 utri

2125 4963 2476 5022 exspectatus
2502 4955 2666 5022 parti,
2704 4955 2808 5008 utri
2839 4954 3126 5010 adveniret
3155 4954 3490 5026 improvisus
3519 4969 3534 5006 :
3561 4961 3665 5002 nam

2126 5061 2155 5100 a
2189 5047 2451 5100 Romanis
2486 5049 2828 5117 gratulanter
2873 5053 3156 5116 acceptus,
3188 5047 3482 5100 confestim
3515 5044 3562 5095 in
3591 5053 3670 5090 so-

2126 5141 2268 5210 pitos
2346 5139 2566 5195 irruens
2650 5141 2914 5194 barbaros
2989 5141 3170 5193 dirum
3235 5139 3342 5192 illis
3425 5134 3669 5194 somnium

2125 5233 2362 5302 portavit
2391 5274 2407 5294 .
2452 5234 2830 5289 internecione
2890 5232 3142 5302 periuros
3195 5230 3443 5286 latrones
3482 5226 3670 5284 delens-

2203 5329 2292 5384 17.
2335 5327 2411 5382 De
2442 5326 2772 5396 imperatoris
2803 5323 3078 5378 Michaelis
3117 5325 3174 5379 in
3213 5326 3395 5378 urbem
3431 5320 3607 5377 reditu.

2199 5419 2268 5474 At
2303 5417 2536 5474 Michael
2569 5419 2868 5486 imperator
2904 5431 2933 5471 e
2969 5421 3163 5470 morbo
3207 5421 3486 5469 recreatus
3511 5405 3668 5461 adhuc

2128 5513 2286 5584 Pegis
2339 5511 2690 5575 morabatur;
2729 5523 2839 5578 quo
2889 5523 3011 5562 cum
3047 5507 3202 5562 illum
3251 5512 3600 5560 veneraturus
3626 5499 3671 5548 et

2131 5605 2392 5676 obsequia
2422 5603 2653 5674 principi
2691 5618 2716 5655 a
2751 5602 2970 5658 subdito
3001 5600 3184 5656 debita
3211 5598 3547 5654 exhibiturus
3573 5588 3666 5642 du!

2132 5715 2364 5768 magnus
2385 5714 2413 5752 e
2444 5697 2648 5767 Cyzico
2681 5695 2944 5755 venisset,
2977 5689 3160 5749 sciens
3194 5694 3471 5760 Augustus
3503 5681 3669 5755 junior

2145 5806 2364 5849 summo
2399 5806 2500 5845 suo
2546 5769 3039 5854 doloffquantum
3070 5784 3160 5840 ille
3202 5791 3255 5838 et
3289 5783 3408 5852 ejus
3431 5776 3537 5833 Itali
3568 5780 3670 5825 tur-

2141 5890 2329 5942 barum
2369 5883 2530 5938 modo
2576 5879 2760 5950 (lyrici
2799 5878 3117 5940 movissent,
3151 5875 3436 5931 admittere
3463 5864 3669 5925 invisum
