3860 6578
401 433 506 499 447

1586 444 1911 505 GEORGII
1954 445 2443 506 PACllYMERE

3588 442 3681 510 iiS

409 545 703 615 Ῥωμαίων
728 545 1001 630 Δάγάλλειν
1028 552 1529 623 κατεπηγγέλλετο,
1556 558 1620 626 τῇ
1654 557 1710 609 δὲ
1746 557 1983 628 πενθερᾷ
2014 563 2052 618 Α
2084 558 2285 630 ἀπῄτει
2351 558 2550 627 πιστῆς
2612 553 2944 627 προσεδρίας
2998 557 3091 611 καὶ
3148 556 3556 621 ξυναυλεσεως,
3608 562 3676 625 ὡς

397 635 591 690 τούτου
622 640 687 708 τῇ
727 627 834 691 ’τοῦ
882 638 1151 708 Σμίλτζου
1202 644 1450 714 συζύγῳ,
1503 646 1804 719 αὐτανεψίᾳ
1848 650 1984 723 οὔσῃ

398 726 527 815 (τοῦ
562 730 669 800 γὰρ
727 730 1233 805 σεϐαστοκράτορος
1273 740 1690 795 Κωνσταντίνου
1736 742 1985 815 θυγάτηρ

396 814 490 892 ἦν)
523 823 589 875 τά
625 823 859 891 μέγιστα
891 829 1276 901 προσθαρῤῶν,
1309 832 1384 896 ὡς
1412 832 1504 886 τὸν
1528 835 1777 904 γαμϐρὸν
1809 814 1987 907 παρα-

401 911 581 965 πείσοι
607 916 702 967 καὶ
735 918 1134 988 ἐκμειλίξαιτο,
1170 923 1397 993 πέμψας
1429 924 1520 978 τὸν
1556 928 1727 997 αὐτῆς
1758 928 1986 997 ἀδελφὸν

400 1004 492 1057 τὸν
516 1006 882 1077 Παλαιολόγον
915 1013 1137 1086 Μιχαὴλ
1162 1018 1273 1079 τοῖς
1301 1019 1479 1071 ἐκεῖσε
1504 1019 1692 1085 τόποις
1714 1019 1987 1094 ᾠκονόμει

396 1098 468 1151 τὰ
504 1101 810 1173 πρόσφορα.
849 1099 959 1157 Ἦν
1000 1106 1057 1161 δὲ
1092 1108 1349 1178 βασιλεὺς
1390 1112 1608 1183 Μιχαὴλ
1643 1115 1735 1168 ἐπὶ
1774 1114 1987 1180 τούτοις

401 1193 766 1264 προσδόκιμος
794 1196 1053 1261 ἐξελθεῖν,
1082 1200 1205 1254 ἐπεὶ
1236 1203 1333 1255 καὶ
1365 1204 1663 1273 ἐξηρτύετο
1695 1207 1818 1261 κατ’
1849 1208 1986 1263 ἰδίαν

400 1285 470 1337 τὰ
500 1284 641 1339 οῐκοι
666 1290 763 1341 καὶ
793 1287 1090 1366 βασιλικῷς
1112 1293 1449 1366 ᾠκονομεῖτο
1472 1313 1485 1328 ³
1524 1300 1853 1354 ἀποϐαλόντι
1877 1302 1987 1371 γὰρ

401 1375 470 1430 τὰ
499 1378 930 1451 ἀποτεταγμένα
964 1387 1015 1437 οἱ
1038 1387 1149 1439 τῶν
1177 1391 1446 1457 προνοιῶν
1479 1394 1599 1445 κατ’
1625 1394 1891 1467 ἀνατολὴν
1923 1398 1986 1450 ἐκ

396 1468 496 1538 τῆς
526 1470 635 1523 τῶν
680 1474 1003 1544 ’Δγαρηνῶν
1033 1481 1339 1539 ἐπιθέσεως
1370 1487 1812 1556 προσεκιλροῦντο
1836 1489 1986 1560 ποιρᾶ

401 1565 609 1635 πατρὸς
628 1565 697 1618 τὰ
726 1567 870 1621 κατὰ
890 1569 1042 1622 δύσιν
1064 1574 1318 1642 κτήματα
1340 1575 1432 1627 τοῦ
1455 1577 1716 1631 δεσπότου
1741 1581 1983 1652 Μιχαὴλ,

399 1655 548 1721 ὅσοις
577 1658 687 1729 ἄρα
734 1662 830 1714 καὶ
865 1662 893 1714 ό
928 1663 1192 1735 πενθερὸς
1228 1669 1442 1721 ἐκείνου
1480 1670 1739 1739 βασιλεὺς
1767 1675 1987 1747 Μιχαὴλ

401 1749 463 1840 εκ
490 1749 701 1814 δύσεως
734 1753 961 1822 ἀγαγὼν
993 1756 1097 1810 ὑπὸ
1129 1763 1384 1828 (ξρικταῖς
1429 1762 1745 1832 ὁμολογίαις
1790 1770 1884 1822 καὶ
1917 1771 1983 1840 τῇ

404 1838 639 1937 (λυγατρὶ
696 1847 1014 1911 συνοικίσας
1072 1851 1508 1923 μεγαλοπρεπῶς
1556 1858 1862 1937 ἐπολυώρει
1893 1838 1985 1914 καλ,

404 1928 479 1991 ὡς
510 1931 761 2005 γαμϐρὸν
791 1937 1019 2006 ἦγαλλε.

404 2044 491 2100 t0'.
525 2046 663 2114 Περὶ
701 2046 815 2118 τῆς
852 2052 1183 2135 καταδίκης
1232 2057 1339 2135 τοῦ
1388 2059 1695 2115 δεσπότου
1742 2065 1985 2135 Μιχαὴλ

975 2124 1081 2177 τοῦ
1126 2126 1175 2179 Ἀ
1188 2128 1425 2196 γγέλου.

475 2207 550 2260 Τὸ
578 2209 621 2261 δ’
652 2209 824 2265 αἴτιον
853 2216 951 2285 τῆς
982 2216 1196 2271 ἐκείνου
1224 2220 1608 2294 ταλαιπωρίας
1639 2226 1733 2278 καὶ
1767 2228 1987 2299 ἐπισχε-

405 2316 546 2364 σεως
575 2303 674 2373 ἤδη
704 2306 805 2373 μὲν
841 2309 934 2361 καὶ
967 2312 1436 2378 προανατέτακτο,
1475 2316 1617 2387 πλὴν
1660 2321 1856 2388 ῥητέον
1893 2317 2019 2375 καῖ

406 2392 786 2466 ὲντελέστερον
827 2400 908 2453 δτι
957 2404 1301 2474 στρατιώτας
1353 2407 1654 2477 βασιλικῶν
1686 2412 1984 2481 ἀλλαγίων,

402 2483 548 2555 οῖ’δὴ
584 2486 678 2540 καὶ
710 2487 1030 2564 ἀντολὶῆθεν
1075 2495 1497 2564 ἀποικισθέντες
1535 2500 1595 2566 ἐξ
1629 2501 1867 2571 ὑπογύου
1900 2504 1986 2559 διὰ

405 2578 501 2654 τὴν
550 2587 899 2660 καταδρομὴν
934 2592 1043 2647 τῶν
1102 2597 1330 2665 Περσῶν
1369 2598 1566 2662 αύταῖς
1617 2602 1836 2667 γυναιξὶ
1890 2603 1985 2655 καὶ

404 2678 618 2742 τέκνοις
665 2680 829 2750 ἤλυον
884 2686 1026 2740 κατά
1060 2687 1236 2751 δύσιν,
1271 2690 1360 2743 διά
1406 2708 1551 2755 τινος
1599 2693 1718 2755 ἐνὸς
1762 2694 1987 2748 ἐκείνων

403 2769 500 2821 τοῦ
537 2772 816 2846 Κοτὲρτζη
866 2780 1031 2848 μέχρι
1078 2782 1175 2834 καὶ
1210 2783 1269 2844 ἐς
1316 2782 1513 2837 ἑκατόν
1564 2787 1987 2854 προσεκαλεῖτο,

404 2862 501 2915 καὶ
555 2867 882 2936 προσιόντας
928 2871 1221 2943 δεχόμενος
1273 2876 1418 2930 κατὰ
1460 2877 1618 2932 πόλιν
1663 2878 1738 2934 ὢν
1790 2881 1989 2952 ὅρκους

410 3042 664 3099 idoneam
706 3049 836 3103 talis
893 3062 1244 3122 sequestram
1283 3040 1675 3124 negotiationis
1716 3055 1833 3112 fore
1864 3074 1989 3114 cre-

408 3134 569 3191 didit.
602 3139 656 3193 ln
688 3155 797 3211 quo
826 3157 893 3197 ne
922 3145 1012 3199 illa
1036 3146 1141 3202 sibi
1174 3157 1426 3216 parceret
1456 3159 1551 3204 aut
1573 3149 1737 3205 ullam
1767 3151 1990 3208 omitte-

2090 649 2230 715 σφᾶς
2263 647 2405 701 εἶναι
2428 646 2658 718 ὲχδροὺς
2690 647 2900 719 ἐχθρῶν
2933 646 3042 700 τῶν
3088 647 3305 703 ἐκείνου
3352 651 3455 704 καὶ
3497 651 3680 718 φίλους

2088 741 2281 808 φίλων.
2311 742 2407 793 καὶ
2446 740 2721 795 ἀντεδίδου
2770 740 2839 794 τὰ
2879 742 3045 811 ὃμοια
3094 742 3234 812 πρδς
3276 743 3561 809 ἐκείνους,
3591 745 3683 813 τὴν

2086 833 2394 903 ὁμαιχμίαν
2425 832 2827 903 προκαθιστάς,
2856 825 3008 886 πόλλ’
3037 833 3176 888 ἄττα
3223 836 3414 898 διδους
3463 835 3555 887 καὶ
3593 854 3678 906 με·

2087 926 2229 995 γάλα
2266 926 2991 997 καθυπισχνούμενος.’1(αὶ
3018 926 3178 981 ταῦτ’
3210 929 3531 998 ἐπράττετο
3560 929 3685 997 παρ’

2090 1018 2350 1089 αἴσθησιν
2395 1022 2603 1084 πᾶσαν,
2642 1019 2718 1090 μὴ
2759 1021 2842 1075 ὅτι
2893 1035 2957 1088 γε
2996 1018 3286 1091 βασιλέως,
3330 1021 3477 1075 ἀλλά
3510 1022 3683 1076 αὐτῶν

2085 1110 2151 1182 δὴ
2170 1111 2280 1164 τῶν
2307 1112 2557 1183 συνήθων
2585 1112 2679 1165 καὶ
2708 1111 3079 1183 ᾠκειωμένων
3106 1113 3277 1184 αὐτῷ.
3311 1114 3492 1168 Ἀλλὰ
3522 1134 3684 1189 προσ-

2088 1203 2358 1271 αγγελθὲν
2392 1205 2546 1274 παρά
2596 1204 2705 1258 τῶν
2756 1205 2900 1274 ἀμφὶ
2954 1205 3045 1259 τὸν
3100 1207 3450 1280 Κοτέρτζην,
3507 1209 3683 1278 δεινὴν

2090 1294 2344 1365 βασιλεὺς
2373 1296 2591 1350 ὑπενόει
2612 1297 2846 1368 μελέτην
2871 1296 2936 1369 [Ρ
2960 1298 3088 1370 284]
3112 1300 3205 1352 καὶ
3228 1300 3500 1364 ἀπιστίας
3523 1302 3684 1357 ὠδῖνα

2089 1386 2403 1456 ὑπώπτευε,
2436 1390 2533 1443 καὶ
2562 1389 2763 1460 μᾶλλον
2786 1391 2980 1459 ὃτιτῆς
3010 1392 3252 1462 ἀδελφῆς
3273 1393 3685 1464 τελευτησάσης

2087 1483 2152 1549 τῇ
2192 1480 2287 1533 τοῦ
2328 1480 2577 1553 Τερτερῆ
2621 1472 3071 1555 συνοικῶνζῆτις
3107 1487 3201 1537 καὶ
3250 1486 3547 1557 ἀλλότριον
3575 1484 3681 1558 εἶχε

2088 1574 2230 1642 πρὸς
2286 1574 2375 1626 τὸν
2408 1573 2715 1645 κρατοῦντα
2765 1575 2824 1628 τὸ
2862 1574 3042 1640 γένος.
3097 1578 3199 1631 Διά
3244 1595 3326 1631 τοι
3374 1579 3560 1631 ταῦτα
3591 1580 3682 1631 καὶ

2091 1663 2260 1735 μηνὸς
2300 1663 2784 1734 Ἑκατομϐαιῶνος
2814 1670 2914 1739 μιᾷ
2942 1671 3245 1740 προσκαλεῖ
3275 1672 3374 1739 μὲι
3412 1674 3681 1742 πατριὲρ-

2088 1775 2212 1830 χην,
2246 1758 2642 1827 προσκαλεῖται
2687 1759 2732 1812 δ’
2758 1762 3042 1832 ἀρχιερεῖς
3087 1765 3182 1816 καὶ
3215 1764 3446 1833 κλῆριν,
3489 1767 3659 1833 παρόν

2088 1869 2197 1905 των
2244 1851 2504 1931 καὶᾲτῶν
2559 1853 2659 1922 τῆς
2711 1853 3049 1923 συγκλήτου,
3098 1857 3471 1911 συνελθόντων
3507 1875 3562 1910 τε
3597 1858 3683 1912 καὶ

2093 1945 2341 2015 pernixth
2377 1944 2473 1997 καὶ
2506 1945 2615 1998 τῶν
2641 1945 2743 2017 τῆς
2780 1947 3088 2012 πολιτείας,
3130 1950 3224 2001 καὶ
3253 1950 3331 2013 είς
3369 1952 3558 2020 κρίσιν
3590 1949 3679 2018 3a-

2090 2037 2272 2101 σιλεὺς
2299 2036 2538 2109 καθιστᾷ
2573 2038 2664 2092 τὸν
2694 2038 2963 2111 δεσπότην
2986 2057 2998 2071 ·
3035 2041 3169 2109 πρὶς
3203 2041 3261 2095 ὃν
3294 2044 3387 2095 καὶ
3434 2045 3519 2105 εἰς
3552 2045 3680 2095 ἀπο-

2087 2132 2275 2200 λογίαν
2301 2133 2579 2196 καταστάς
2614 2135 2845 2200 ἐκεῖνος,
2892 2134 3063 2187 πολλὰ
3083 2135 3262 2207 λέγων
3288 2140 3381 2188 καὶ
3407 2136 3557 2189 κατὰ
3585 2140 3676 2205 τῆς

2087 2226 2429 2293 κατηγορίας
2461 2225 2893 2294 ἀποδιδράσκειν
2918 2223 3286 2295 πειρώμενος,
3317 2227 3472 2289 τέλος
3515 2242 3679 2279 κατα-

2088 2314 2374 2377 δικασθεὶς
2400 2314 2477 2385 τῷ
2505 2316 2731 2387 μεγάλῳ
2773 2315 3026 2387 παλατίῳ
3069 2315 3385 2385 ἑγκλείεται
3428 2335 3677 2388 τρισκαι-

2087 2406 2289 2478 δεκάτῃ
2318 2408 2553 2477 Κρονίου
2590 2407 2751 2471 αὐτὸς
2783 2410 2878 2461 καὶ
2903 2409 3043 2479 γυνὴ
3084 2408 3179 2460 καὶ
3216 2409 3284 2461 τὰ
3326 2409 3520 2471 τέκνα,
3548 2407 3582 2462 ἀ
3613 2408 3671 2476 δὴ

2089 2501 2196 2553 ἀπὸ
2229 2504 2331 2571 τῆς
2376 2502 2470 2553 τοῦ
2506 2502 2753 2573 Τερτερῆ
2796 2502 3191 2572 ἀπεγέννησεν.
3253 2502 3481 2569 ’Δγέλας
3509 2503 3555 2555 δ’
3588 2502 3673 2553 ἴπ-

2091 2608 2210 2645 πων
2247 2595 2345 2647 καὶ
2373 2596 2555 2648 πᾶσαν
2601 2593 2839 2665 ’ύπαρξιν
2883 2593 2983 2666 τὴν
3017 2594 3229 2649 ἐκείνου
3272 2596 3370 2649 καὶ
3414 2597 3667 2666 κτήματα

2089 2688 2168 2757 τῷ
2221 2687 2326 2759 υῑῷ
2369 2688 2466 2743 καὶ
2511 2687 2723 2759 βασιλεῖ
2754 2688 2992 2744 δίδωσιν.
3029 2688 3105 2742 Oti
3142 2687 3248 2758 μὴν
3293 2689 3338 2742 δ’
3386 2687 3523 2741 ἀλλά
3581 2686 3668 2739 καὶ

2092 2777 2264 2848 αὐτὴν
2328 2778 2428 2850 τὴν
2489 2778 2706 2833 ἐκείνου
2756 2779 2938 2833 οίκίαν
3003 2778 3083 2850 τῷ
3145 2778 3381 2850 δεσπότῃ
3450 2779 3669 2847 Ἰωάννῃ

2092 2870 2421 2943 προσνέμει.
2454 2870 2726 2943 ’Υστερον
2771 2871 2817 2943 δ’
2869 2870 3080 2926 ἐκεῖθεν
3118 2871 3423 2941 ἀποδρᾶναι
3473 2888 3667 2942 πειρα-

2094 3049 2377 3120 supplices
2410 3049 2696 3120 excipiens
2727 3049 3034 3106 adduxerat
3073 3050 3142 3106 ad
3181 3050 3283 3106 sibi
3314 3049 3450 3106 clam
3484 3051 3664 3121 iuran-

2094 3143 2217 3197 dam
2246 3143 2558 3199 clientelam
2586 3145 3072 3214 adluesionemque
3096 3154 3439 3216 perpetuam,
3466 3145 3663 3199 diserte

407 3236 492 3283 rrt
522 3240 696 3286 artem
730 3234 1037 3292 deliuiendi
1071 3253 1335 3311 generum
1365 3250 1422 3295 et
1450 3243 1517 3296 ab
1540 3257 1606 3298 eo
1631 3242 1984 3299 eblandiendi
2014 3265 2059 3322 ο
2095 3232 2205 3288 Deo
2262 3242 2401 3289 teste
2438 3233 2755 3305 pollicendo
2796 3250 2855 3291 se
2908 3233 3025 3289 fore
3059 3234 3178 3290 sine
3212 3235 3533 3291 discrimine
3569 3235 3660 3290 ho-
3728 3300 3731 3301 ,

405 3324 783 3389 quevolehat
834 3328 1156 3399 imperator,
1212 3335 1598 3406 instigatorem
1644 3337 1693 3393 ei
1731 3338 1988 3395 submisit

407 3416 656 3473 mulieris
704 3419 865 3476 istius
922 3420 1151 3478 fratrem
1220 3424 1538 3483 Michaelem
1592 3427 1985 3503 Palaeologum.

409 3505 504 3561 llis
536 3508 590 3560 iu
630 3518 981 3569 anteCessum
1011 3516 1079 3570 ad
1129 3523 1357 3573 tutelam
1396 3521 1540 3576 illius
1575 3523 1768 3581 limitis
1796 3528 1985 3595 provi-

405 3598 957 3668 sis,.cxspectabatur
987 3604 1611 3682 iturus‘quamprimum
1643 3617 1773 3673 illuc
1803 3619 1989 3687 junior

410 3687 698 3757 Augustus
745 3692 998 3760 Michael,
1047 3699 1536 3774 instruebaturque
1582 3722 1646 3761 ac
1698 3710 1989 3779 splendide

406 3780 631 3837 interim
670 3784 1048 3842 adornahatur
1080 3791 1181 3845 ista
1221 3794 1491 3863 profectio
1525 3798 1668 3867 ejus.
1704 3801 1785 3856 Ad
1838 3790 1985 3874 quod

408 3887 546 3942 opus
573 3873 674 3928 fuit
705 3890 848 3930 nova
879 3877 979 3943 illi,
1018 3880 1162 3939 unde
1208 3885 1422 3956 imperii
1458 3888 1782 3961 dignitatem
1819 3873 1989 3951 susti-

410 3974 585 4031 neret,
621 3967 895 4039 assignari
943 3987 970 4024 a
1016 3981 1169 4042 patre
1215 3979 1529 4048 vectigalia,
1577 3982 1833 4050 quoniam
1866 4000 1991 4052 quae

409 4056 615 4112 dudum
646 4059 753 4130 ipsi
780 4062 834 4115 in
877 4065 1198 4133 regionibus
1223 4067 1528 4128 Orientalis
1578 4082 1788 4131 tractus
1835 4078 1990 4132 attri-

413 4148 541 4204 huta
577 4150 820 4220 fuerant,
854 4156 1273 4214 incursionibus
1297 4163 1677 4231 Agarenorum
1713 4167 1993 4236 perierant

413 4243 664 4300 funditus
719 4249 1000 4303 universa.
1043 4249 1226 4317 Quare
1274 4256 1563 4309 constituit
1600 4272 1748 4312 nunc
1793 4260 1867 4314 illi
1906 4250 2001 4316 se-i

414 4337 535 4392 ninr
563 4341 839 4412 Augustus
867 4344 1252 4412 possessiones
1285 4346 1337 4401 in
1362 4346 1609 4405 Occiduo
1636 4360 1817 4408 tractu
1853 4355 1991 4411 sitas

416 4430 704 4489 Michaelis
735 4435 1002 4504 despotae,
1032 4438 1233 4507 quibus
1266 4440 1418 4493 illum
1452 4443 1585 4497 olim
1621 4445 1798 4513 ipsius
1835 4464 1993 4505 socer

413 4522 643 4581 Michael
689 4529 974 4597 Augustus
1018 4531 1323 4587 Andronici
1359 4541 1531 4603 pater,
1575 4552 1641 4591 ex
1686 4537 1990 4597 Occidente

2093 3335 2206 3383 stes
2246 3328 2511 3393 hostium,
2546 3330 2756 3385 amicos
2790 3329 3098 3384 amicorum
3134 3328 3281 3398 ejus.
3308 3327 3657 3396 Vicissimque

2094 3434 2249 3475 suam
2282 3420 2389 3475 illis
2420 3420 2580 3475 fidem
2612 3420 2820 3490 pariter
2842 3419 3202 3491 obligaverat,
3230 3421 3525 3476 constituta
3560 3420 3657 3474 im-

2095 3510 2347 3565 mutabili
2400 3511 2686 3565 societate.
2725 3509 2898 3580 ldque
2948 3510 3129 3566 ftedus
3178 3511 3366 3565 multis
3415 3511 3656 3579 protinus

2094 3602 2280 3669 donis,
2315 3601 2623 3672 majoribus
2657 3601 2711 3655 in
2737 3612 3020 3671 posterum
3062 3599 3355 3670 promissis
3383 3603 3653 3653 sanxerat.

2098 3696 2298 3765 Egerat
2344 3695 2459 3749 hare
2492 3708 2694 3749 arcano
2723 3694 2975 3762 despota,
3013 3692 3183 3746 vitata
3221 3691 3513 3762 diligenter
3555 3704 3655 3743 non

2096 3789 2261 3842 modo
2308 3789 2539 3859 Augusti
2589 3786 2957 3852 conscientia,
2993 3784 3089 3840 sed
3144 3793 3196 3838 et
3227 3799 3449 3839 suorum
3489 3784 3660 3853 ipsius

2097 3884 2434 3941 familiarum
2476 3897 2541 3937 ac
2594 3881 3054 3937 domesticorum.
3108 3877 3310 3934 Verum
3353 3895 3413 3934 ea
3450 3879 3528 3931 vel
3565 3878 3663 3930 llo-

2096 3982 2299 4030 tertzes
2342 3974 2425 4027 vel
2476 3989 2541 4027 ex
2579 3973 2700 4043 ejus
2746 3970 3016 4050 comitatu
3054 3970 3331 4042 quispiam
3375 3987 3493 4025 rum
3527 3970 3657 4022 clam

2096 4068 2418 4123 Andronico
2446 4066 2775 4133 indicasset,
2807 4080 3030 4135 gravem
3063 4064 3113 4118 ei
3157 4063 3520 4134 suspicionem
3551 4075 3661 4113 mo-

2100 4165 2174 4218 vit
2202 4158 2470 4217 adversus
2501 4159 2784 4230 despotam
2816 4158 2966 4213 velut
2989 4158 3156 4214 rebus
3183 4156 3341 4212 novis
3367 4155 3652 4210 inhiantem

2099 4262 2499 4327 parentemque
2522 4269 2549 4307 a
2585 4267 2646 4308 se
2679 4252 2935 4308 deﬁcere.
2974 4251 3323 4320 Conjectum
3354 4246 3655 4305 verisimili-

2099 4349 2346 4403 tudinem
2394 4346 2630 4403 addebat
2684 4361 2963 4415 magnam,
3017 4344 3166 4414 quod
3230 4344 3374 4399 idem
3439 4339 3655 4396 Michael

2099 4440 2272 4511 priori
2313 4455 2511 4503 uxore,
2536 4438 2840 4494 Andronici
2880 4437 3106 4507 Augusti
3140 4451 3426 4507 germana,
3454 4442 3653 4488 mortua

2100 4535 2266 4590 filiam
2313 4533 2558 4588 Terteris
2606 4532 2861 4597 duxerat,
2909 4530 3195 4585 mulierem
3244 4528 3440 4584 infensi
3483 4524 3654 4581 domui

411 4627 700 4673 evocatum
736 4624 1202 4682 conventionibus
1251 4627 1615 4697 jurejurando
1662 4632 1896 4689 ﬁrmatis
1935 4645 1990 4692 οι
2022 4633 2067 4689 1)
2095 4628 2362 4697 Augustae
2396 4627 2635 4697 generis.
2666 4624 2749 4681 Ob
2777 4625 2893 4679 haec
2937 4625 3173 4694 quadam
3206 4623 3294 4677 die
3336 4622 3537 4676 mensis
3568 4617 3646 4673 Ja-

413 4714 648 4782 pmprize
699 4714 821 4770 filiae
864 4717 1089 4786 nuptiis
1122 4718 1477 4787 honoratum,
1526 4725 1706 4793 ample
1749 4741 1812 4781 ac
1846 4729 1992 4796 regie

413 4803 736 4862 muneratus
765 4808 840 4863 uti
871 4826 1134 4880 generum
1180 4811 1388 4868 fuerat.

462 4946 549 5001 19.
586 4946 655 5000 De
686 4947 1119 5003 condemnatione
1151 4950 1376 5017 despotic
1412 4948 1687 5006 Michaelis
1719 4955 1927 5026 Angeli.

488 5086 576 5139 Eze
627 5102 728 5139 cur
770 5085 851 5140 illi
902 5102 1048 5140 nunc
1106 5095 1308 5156 ereptae
1350 5071 1576 5153 fuerint,
1635 5105 1872 5160 quamve
1924 5094 1993 5149 ob

411 5196 637 5236 causam
682 5180 728 5235 is
777 5179 1217 5248 comprehensus
1271 5179 1523 5236 miserias
1565 5184 1807 5239 carceris
1864 5202 1994 5256 per-

417 5272 608 5334 ferret,
653 5272 768 5341 jam
807 5271 963 5341 prius
1002 5270 1393 5335 indicavimus,
1436 5271 1533 5327 sed
1565 5282 1617 5326 et
1653 5276 1816 5329 modo
1851 5275 1991 5331 idem

416 5366 583 5435 paulo
650 5365 867 5434 plenius
922 5361 1304 5420 retexendum.
1369 5362 1566 5419 Milites
1627 5367 1992 5436 imperialium

414 5452 933 5515 contuberniorum,
977 5453 1136 5523 ejerti
1182 5468 1378 5523 nuper,
1418 5462 1477 5507 ut
1534 5455 1797 5523 diximus,
1830 5456 1997 5529 408

414 5547 684 5602 Orientali
723 5547 1045 5602 continente
1088 5547 1382 5617 coactique
1422 5547 1835 5605 incursionibus
1868 5550 1997 5606 Per-

416 5654 603 5694 Sill’lilll
643 5638 772 5694 inde
806 5637 993 5710 fugere
1022 5656 1148 5695 eum
1197 5641 1464 5696 uxoribds
1509 5649 1564 5695 et
1599 5640 1808 5706 liberis,
1846 5658 2000 5699 erra-

415 5732 549 5788 bant
582 5748 677 5801 per
708 5729 979 5788 Occiduas
1029 5734 1302 5805 regiones.
1341 5734 1418 5788 Ex
1454 5733 1539 5788 his
1572 5731 1826 5794 Michael.
1863 5751 1996 5791 usus

417 5825 485 5878 εει
542 5824 597 5878 id
648 5839 813 5894 Opera
865 5827 1026 5881 unius
1063 5818 1279 5893 eorum,
1330 5827 1600 5882 Cotertzae
1655 5829 1897 5889 nomine,
1930 5830 1997 5883 all

417 5927 638 5972 centum
667 5920 731 5975 ad
768 5936 827 5978 se
860 5934 1101 5989 vocatos,
1131 5939 1256 5977 cum
1291 5923 1342 5976 in
1382 5922 1519 5977 urbe
1562 5927 1733 5983 esset,
1768 5919 1999 5991 benigne

2099 4720 2278 4775 nuarii
2331 4726 2493 4773 vocat
2535 4718 2838 4788 imperator
2868 4716 3269 4786 patriarcham,
3305 4714 3524 4769 adhibet
3570 4724 3655 4762 eo-

2096 4811 2219 4867 dem
2247 4811 2531 4868 antistites
2556 4816 2610 4865 et
2635 4809 2868 4875 clerum,
2901 4807 3255 4863 senatoribus
3282 4820 3500 4874 quoque.
3533 4817 3652 4871 prse-

2098 4904 2370 4960 sentibus.
2425 4904 2813 4959 Convenerant
2863 4907 2919 4954 et
2980 4899 3264 4964 tuonachi,
3329 4914 3430 4953 nec
3477 4912 3578 4950 non
3635 4907 3665 4945 es

2096 4998 2300 5055 civium
2344 4996 2542 5051 ordine
2585 4992 2866 5065 permulti.
2906 4991 3064 5063 Apud
3104 4993 3247 5046 hunc
3293 4999 3491 5046 emtum
3547 5000 3659 5039 rens

2096 5092 2309 5148 sistitur
2341 5089 2573 5144 Michael
2620 5089 2960 5157 imperatore
2996 5086 3213 5155 judice;
3245 5084 3544 5155 jussusqnc
3588 5095 3661 5135 re-

2097 5182 2367 5252 spondere
2392 5181 2560 5237 multa
2590 5180 2728 5235 dixit
2757 5179 2810 5233 in
2834 5178 3213 5234 defensionem
3248 5179 3355 5241 sui,
3378 5192 3480 5230 nec
3507 5174 3661 5226 vitare

2101 5283 2280 5327 tamen
2307 5274 2480 5343 potuit
2516 5272 2651 5341 quin
2693 5270 2912 5324 tandem
2943 5268 3239 5324 damnatus
3267 5276 3527 5339 perpetuo
3556 5275 3662 5315 car-

2097 5368 2208 5421 ceri
2241 5365 2618 5419 addiceretur.
2658 5362 2753 5419 Die
2798 5362 2986 5433 itaque
3021 5362 3185 5417 tertia
3215 5364 3430 5418 decima
3469 5358 3659 5414 mensis

2100 5457 2279 5511 Martii
2313 5455 2547 5510 Michael
2597 5453 2850 5523 despota,
2890 5468 3015 5508 cum
3065 5469 3239 5508 uxore
3283 5450 3529 5508 Terteris
3562 5446 3658 5501 ﬁlia

2099 5558 2154 5604 ct
2198 5548 2478 5619 susceptis
2530 5562 2594 5603 ex
2648 5546 2754 5601 hac
2804 5546 3017 5612 liberis,
3067 5546 3124 5600 in
3172 5545 3481 5600 custodiam
3534 5534 3659 5608 apud

2102 5659 2357 5713 magnum
2390 5641 2655 5712 palatium
2691 5639 2858 5695 datus
2890 5647 2996 5694 est.
3030 5638 3164 5708 Ejus
3195 5637 3362 5710 409
3390 5650 3518 5691 vero
3556 5646 3660 5687 ma-

2067 5726 2190 5805 gni
2243 5750 2507 5804 equorum
2557 5747 2748 5804 greges
2813 5746 3056 5801 opesque
3113 5744 3178 5786 ac
3246 5746 3335 5785 res
3394 5723 3661 5783 familiaris

2103 5827 2287 5883 omnis
2323 5826 2544 5897 generis
2583 5825 2900 5896 praediaque
2944 5840 3007 5879 ac
3059 5824 3201 5879 bona
3252 5823 3353 5877 soli
3396 5830 3586 5876 cuncta
3616 5815 3663 5903 in.

2107 5924 2291 5977 fiscum
2328 5921 2549 5976 redacta
2584 5919 2881 5989 imperator
2917 5918 3123 5989 juniori
3156 5920 3408 5988 Augusm
3436 5930 3533 5970 suo
3566 5908 3661 5963 [ilio
