3860 6548
218 355 315 418 449

1146 340 1241 419 DE
1278 359 1726 421 ANDRONICO
1760 364 2223 426 PALEOLoeo
2254 369 2402 428 LIB.
2439 372 2506 431 ν.

3268 324 3281 336 ’
3339 373 3445 436 450

217 462 336 528 θεὶς,
370 464 633 532 γνωσθὲν,
686 467 805 529 ταῖς
860 468 1000 521 κατὰ
1036 471 1132 533 τὰς
1166 469 1477 542 Βλαχέρνας
1521 473 1765 542 εἱρκταῖς
1794 480 1841 537 Α
1870 477 2011 548 θήρα
2037 495 2119 541 τις
2150 480 2516 550 ἀνασοϐηοείη
2551 482 2644 534 καὶ
2671 480 2966 546 ἀντιλαόἅς
2996 483 3138 537 δοῖεν
3176 487 3289 549 τοῖς
3321 505 3440 555 σχι-

214 558 407 626 ἑγκλεὶε
416 576 517 612 ται.

214 668 273 722 κ’.
296 670 424 738 Περὶ
456 668 562 738 τῆς
594 675 845 746 εἰρήιζης
879 673 996 728 τῶν
1042 675 1542 743 ἀποσχισθέντων
1567 678 1765 746 ἀρχιε-

374 752 377 755 ’
552 744 710 809 ρέων
737 745 832 799 διὰ
859 747 968 798 τὸν
1012 746 1380 801 Ἀθανὰσιον.

278 833 573 886 Κάντεῦθεν
612 837 780 905 μηνὸς
823 837 917 890 τοῦ
954 838 1120 891 αὐτοῦ
1155 839 1387 907 Κρονίου
1430 839 1525 894 καὶ
1566 843 1614 894 οἱ
1651 858 1766 911 σχι-

210 921 404 991 ζόμενοι
484 924 593 978 τῶν
660 928 969 999 ἀρχιερέων
1035 929 1416 999 ἁπηυδηκότες
1492 927 1605 985 οἷον
1666 932 1762 985 καὶ

212 1015 478 1074 πείσαντες
570 1015 843 1085 ἑαυτοὺς,
934 1019 1091 1089 μόλις
1180 1020 1763 1087 καταμαλακισθέντες

219 1107 305 1169 τὰς
379 1107 596 1177 γνώμας
692 1110 961 1179 βασιλέως
1040 1112 1113 1175 ὡς
1190 1111 1414 1165 δυνατὸν
1506 1113 1764 1167 κατεπεί-

208 1217 398 1264 γοντος,
453 1202 509 1254 ὲν
572 1206 638 1273 τῇ
698 1204 809 1257 τῶν
870 1206 1049 1258 Βαΐων
1116 1192 1277 1276 ἐορτῇ
1342 1209 1408 1277 τῇ
1475 1209 1613 1276 μετά
1664 1208 1759 1262 τοῦ

217 1290 502 1343 Ἀθακασίου
534 1294 758 1364 ,εἰρήνῃ
813 1294 1231 1363 ἀφωσιώσαντο.
1299 1299 1356 1349 Ὀ
1400 1297 1457 1350 δέ
1494 1297 1545 1364 γ’
1611 1298 1760 1351 ’Λλεο

208 1378 465 1446 ξανδρείας
507 1381 832 1446 Ἀθανσὶσιος
864 1386 1129 1449 πολλάκις
1163 1388 1256 1440 καὶ
1282 1388 1444 1451 αὐτὸς
1478 1389 1629 1457 παρὰ
1666 1389 1759 1460 βα-

209 1468 376 1532 σιλέως
419 1472 896 1541 παρακινούμενος
939 1475 1107 1543 ἁπρῖξ
1160 1478 1259 1546 τῆς
1311 1478 1540 1548 γνώμης
1584 1480 1759 1548 εἴχετο

207 1563 286 1613 κιὶ
324 1563 416 1614 οὐκ
445 1563 680 1616 ἐνεδίδου
724 1565 862 1628 ὅλως
907 1566 1025 1618 οὐδὲ
1058 1567 1316 1620 κατένευε
1348 1570 1446 1633 τὴν
1474 1571 1754 1640 ὁμόνοιαν.

210 1654 324 1723 Παρ’
348 1655 412 1726 ἦν
437 1657 638 1718 αἰτίαν,
682 1656 893 1710 καὶτοῦ
931 1657 1082 1725 δόξαι
1110 1660 1297 1712 τοῦτον
1322 1662 1458 1736 μηδὲ
1488 1661 1756 1731 βασιλέως

208 1742 348 1795 αὐτοῦ
390 1747 756 1814 μνημονεύειν
785 1748 872 1802 διὰ
907 1747 1100 1814 ταῦτα,
1134 1750 1327 1820 ἤθελον
1353 1753 1450 1822 μὲν
1477 1754 1571 1805 καὶ
1602 1755 1756 1809 αὐτοὶ

203 1834 280 1886 τοῦ
301 1838 632 1909 πατριάρχου
673 1840 1085 1911 Ἀλεξανδρείας
1122 1842 1415 1897 ἐκκόπτειν
1441 1844 1547 1897 τῶν
1570 1845 1758 1926 διπτύ-
1791 1832 1830 1884 Β

206 1945 298 1995 χων
326 1932 688 1999 μνημόσυνον,
746 1933 920 1986 δεινὸν
956 1934 1255 2005 ἡγούμενοι
1301 1937 1367 2009 ἢν
1405 1939 1612 2002 ἐκεῖνος
1653 1940 1750 2009 μὲν

208 2019 499 2092 οὐδ’ῐκταρ,
562 2025 622 2077 τὸ
673 2024 771 2078 τοῦ
832 2026 1016 2095 λόγου,
1073 2030 1214 2097 σφᾶς
1265 2046 1328 2097 γε
1377 2031 1752 2101 προσδέχοιτο,

206 2111 377 2165 ἐκείνοι
404 2114 457 2166 δὲ
509 2117 603 2169 καὶ
649 2116 827 2182 οὕτως
880 2119 1085 2184 ἀξιοῖεν
1137 2124 1346 2174 ἐκεῖνον
1395 2123 1486 2174 καὶ
1546 2141 1754 2193 μνημο-

202 2203 397 2261 νεύοιεν.
428 2205 578 2272 Τέως
610 2209 666 2262 δὲ
706 2212 803 2263 καὶ
845 2212 997 2265 πόλλ’
1027 2213 1165 2266 ἄττα
1205 2214 1328 2266 κατ’
1358 2215 1625 2285 ἐπήρειαν
1662 2219 1749 2269 al-

209 2295 454 2367 τιὼμενοι,
483 2303 922 2372 καραδοκοῦντες
948 2306 1042 2358 καὶ
1079 2304 1222 2359 οὕτω
1265 2306 1365 2376 τὴν
1393 2307 1489 2377 τῆς
1528 2308 1754 2380 γνώμης

209 2390 491 2457 μετάθεσιν,
521 2392 587 2464 [Ρ
613 2395 740 2467 285]
777 2396 839 2449 τὸ
877 2397 979 2467 μὲν
1005 2398 1394 2470 ἀποθαρρἧαι
1430 2400 1633 2454 αὐτίκα
1652 2401 1752 2470 τὴν

208 2480 283 2532 τοῦ
312 2483 572 2554 ὀνόματος
623 2489 870 2560 ἐκκοπὴν
928 2490 1003 2554 ὡς
1062 2490 1241 2554 ἄλλως
1299 2493 1500 2546 ἅτοπδν
1551 2491 1632 2557 δν,
1676 2493 1753 2565 μὴ

209 2576 441 2648 φανείσης
467 2579 753 2650 ἀξιολόγου
781 2585 957 2646 αἰτίας
981 2587 1076 2636 atat
1099 2574 1355 2653 ἄντικρυς
1384 2586 1476 2638 ἐπὶ
1498 2586 1750 2657 δόγματι,

208 2671 513 2744 πατριάρχου
556 2675 965 2731 ἀποϐάλλεσθαι
1015 2677 1223 2748 ὄνομα,
1279 2677 1356 2750 μὴ
1405 2681 1507 2735 καὶ
1549 2682 1752 2751 μᾶλλον

203 2850 415 2919 donavit,
448 2860 695 2929 exceptis
728 2869 908 2915 tamen
947 2860 1194 2932 ejusdem
1242 2846 1453 2917 tedihus
1482 2862 1749 2926 urbanis,

201 2959 312 3014 quas
334 2950 576 3004 attribuit
598 2951 797 3007 Joanni
824 2952 1083 3022 despotte.
1112 2954 1206 3008 Sic
1234 2955 1578 3025 mancipatus
1595 2966 1754 3010 aeter-

204 3052 262 3091 no
281 3045 475 3098 carceri
502 3044 734 3100 Michael
763 3046 943 3117 l'ugam
969 3048 1098 3103 inde
1127 3057 1326 3117 postea
1362 3050 1609 3102 tentavit.
1646 3049 1749 3103 Sed

203 3131 553 3204 deprehensus
583 3139 638 3193 in
672 3141 948 3209 ergastula
979 3140 1412 3197 Blachernarum
1447 3151 1532 3198 est
1567 3151 1750 3198 trans-

205 3224 343 3293 latus,
379 3231 629 3287 securius
657 3231 774 3286 illic
808 3232 1122 3288 habendus.

202 3356 276 3413 20.
302 3358 370 3413 De
393 3378 518 3432 pace
548 3363 901 3418 abscissorum
936 3364 1237 3418 antistitum
1268 3365 1330 3420 ob
1368 3367 1746 3424 Athanasium.

255 3494 373 3552 Inde
406 3498 507 3552 hoc
558 3498 680 3568 ipso
711 3515 900 3555 mense
938 3500 1135 3554 Martio
1176 3502 1409 3558 abscissi
1448 3504 1748 3572 antistites,

202 3590 386 3655 ρεηκεί
426 3594 796 3659 secessionis,
864 3596 1196 3665 tandemque
1262 3598 1579 3666 persuaderi
1641 3598 1746 3652 silli

203 3684 324 3747 passi
378 3688 444 3739 ab
479 3688 722 3742 instante
772 3689 1040 3743 continuo
1092 3689 1423 3760 imperatore
1478 3701 1537 3744 ut
1585 3694 1744 3745 linem

201 3772 462 3843 aliquando
513 3779 778 3835 turbandi
842 3780 1106 3844 facerent,
1143 3781 1195 3835 in
1245 3785 1388 3839 l'esto
1436 3783 1745 3839 Palmarum

204 3870 564 3929 convenientes
632 3885 824 3941 pacem
907 3886 1030 3926 cum
1088 3873 1394 3929 Athanasio
1468 3873 1744 3932 fecerunt.

202 3960 570 4020 Alexandrinos
626 3973 809 4021 tamen
841 3964 1199 4032 Athanasius,
1235 3975 1514 4038 utcunque
1554 3968 1748 4023 crebro

202 4051 255 4107 ad
281 4056 410 4111 idem
455 4057 766 4114 faciendum
798 4058 1096 4128 insrigatus
1124 4061 1193 4113 ab
1222 4061 1495 4132 Augusto,
1533 4061 1746 4116 irrevo.

201 4148 420 4204 cabiliter
450 4153 504 4206 in
537 4152 813 4207 sententia
842 4153 1106 4219 perstitit,
1138 4153 1305 4208 nullis
1330 4153 1746 4210 conditionibus

203 4236 245 4291 in
280 4242 581 4297 concordia:
627 4242 919 4296 consilium
961 4242 1163 4296 attrahi
1218 4258 1281 4297 ac
1333 4245 1415 4298 vel
1458 4245 1743 4314 paululum

203 4329 373 4386 inﬂecti
400 4348 522 4389 sese
551 4347 783 4401 passus.
808 4332 983 4398 Quam
1012 4336 1082 4388 ob
1127 4347 1349 4387 causam
1380 4336 1623 4405 episcopi
1656 4349 1748 4389 co-

202 4420 414 4489 gitarunt
459 4423 526 4479 de
554 4425 783 4479 nomine
838 4424 1011 4492 ipsius
1047 4424 1325 4480 eradendo
1363 4439 1428 4480 ex
1479 4426 1745 4481 ecclesia-

1872 570 2121 636 ζομένοις
2151 572 2229 633 εἰς
2261 572 2641 639 κατάγνωσιν·
2678 575 2990 645 σοφώτερον
3031 576 3086 628 δὲ
3124 581 3294 631 ποιεῖν
3329 579 3445 631 ἐδό-

1871 675 2000 711 κουν
2031 661 2123 712 καὶ
2170 661 2338 714 εἰσέτι
2372 662 2687 729 διευθετεῖν,
2730 664 2806 729 ὡς
2852 666 3055 721 αὐτίκα
3089 668 3440 736 ἐκκόψοντες,

1869 751 2035 803 είκαὶ
2067 753 2145 805 ἔτι
2195 755 2415 824 ἀντέχοι
2461 758 2554 809 καὶ
2601 761 2701 828 τὴν
2755 760 2847 811 ἐπὶ
2894 760 2972 830 τῷ
3011 759 3315 832 Ἀθανασίῳ
3361 763 3437 832 μὴ

1867 843 2075 913 δέχοιτο
2118 848 2338 919 πρᾶξιν,
2389 850 2453 902 ἸΙ
2501 851 2543 903 δ’
2580 853 2860 923 οἰκονομία
2890 853 3032 907 οὕτω
3069 871 3183 917 πως
3210 850 3300 925 ἦν,
3333 873 3440 907 πα-

1865 937 2133 1007 τριάρχην
2170 938 2271 1007 μὲν
2309 940 2470 993 αὑτὸν
2505 941 2579 1011 μὴ
2601 942 2938 1011 λειτουργεῖν
2964 943 3120 1007 ὅλως,
3151 943 3225 1007 ώς
3259 945 3325 997 ἂν
3361 946 3436 1013 μὴ

1869 1032 2433 1101 συλλειτουργούντων
2463 1034 2607 1086 κατὰ
2647 1035 2707 1087 τὸ
2742 1034 2888 1099 εἰκὸς
2925 1035 3186 1090 διακόνων
3219 1038 3246 1089 ὁ
3289 1038 3439 1090 Ἀλεο

1867 1122 2149 1194 ξανδρεὶας
2171 1127 2261 1177 ἐπὶ
2283 1125 2389 1179 τῶν
2413 1125 2689 1196 διπτύχων
2716 1128 3245 1197 συμμνημονεύοιτυ,
3274 1131 3439 1199 ἰερ;ῖς

1864 1213 1919 1266 δὲ
1973 1215 2169 1280 μόνους
2227 1217 2359 1287 ἄτερ
2405 1218 2668 1272 διακόνων
2725 1219 3049 1288 ἱερουργεῖν.
3115 1221 3224 1273 Καὶ
3278 1219 3437 1273 τοῦτο

1863 1310 2162 1378 ἐπράττετο
2197 1310 2297 1380 μὲν
2325 1310 2417 1363 καὶ
2446 1313 2503 1363 ὲν
2538 1312 3206 1383 ἁνακτόρων,,ὲπράττετο
3233 1314 3289 1367 δὲ
3339 1315 3434 1367 καὶ

1864 1405 1955 1456 ἐπὶ
1984 1404 2060 1475 τῷ
2092 1407 2333 1477 μεγίστῳ
2366 1408 2500 1476 ναῷ,
2528 1407 2643 1475 {ml
2672 1407 2860 1471 ἄλλαις
2902 1408 3001 1478 μὲν
3028 1408 3291 1479 ἡμέραις,
3328 1408 3434 1478 μά-

1861 1496 2018 1551 λιστα
2042 1499 2098 1552 δὲ
2130 1499 2452 1568 δημοτελέσι
2482 1503 2574 1554 καὶ
2605 1502 2971 1572 ἑορτασίμοις,
3004 1501 3077 1564 ὡς
3108 1506 3210 1554 κάν
3238 1505 3300 1571 τῇ
3335 1502 3432 1571 τῆς

1861 1590 2171 1661 ὀρθοδοξίας
2210 1594 2579 1663 κοινοπληθεῖ,
2614 1595 2700 1647 ὅτε
2737 1593 3000 1663 βασιλέως
3028 1594 3433 1664 ἐνδημήσαντος

1862 1682 1954 1733 καὶ
1989 1682 2226 1752 πλήθους
2261 1684 2449 1737 ἱκανοῦ
2483 1685 2839 1754 συναχθέντος
2880 1685 2908 1736 ὁ
2955 1684 3054 1753 μὲν
3087 1683 3434 1754 πατριάρχης

1861 1774 2160 1852 ὴπράκτει,⁴
2211 1778 2390 1847 ἱερεὺς
2439 1778 2495 1830 δὲ
2533 1779 2695 1846 μόνος
2739 1777 3202 1847 ἀπερικτυπήτως
3255 1777 3432 1843 πάντη

1861 1869 1951 1919 καὶ
1981 1868 2355 1938 ἀνηκούστως,
2402 1870 2570 1941 μηδὲν
2607 1871 2907 1923 ἐπαϊόντων
2933 1870 3020 1921 διὰ
3052 1868 3147 1921 τὸν
3178 1867 3429 1938 θόρυϐον,

1856 1958 1924 2010 τὰ
1958 1957 2054 2028 τῆς
2092 1961 2405 2031 ἱερουργίας
2435 1963 2786 2032 ἐξέπραττεν.
2831 1961 3107 2023 Ὡσαύτως
3139 1962 3196 2014 δὲ
3232 1961 3325 2014 καὶ
3374 1962 3432 2013 ἐν

1856 2054 1975 2114 ταῖς
2006 2053 2333 2122 πασχαλίοις
2361 2056 2600 2123 ἐγένετο.
2642 2055 2913 2125 ’Ὕστερον
2955 2054 2999 2107 δ’
3034 2052 3255 2116 ἐσαῦθις
3289 2056 3431 2106 κατὰ

1855 2142 1955 2213 τὴν
1988 2146 2212 2213 μνήμην
2245 2146 2339 2199 τοῦ
2387 2148 2442 2199 ὲν
2490 2147 2727 2218 μάρτυσι
2778 2145 3115 2218 περιφανοῦς
3152 2146 3431 2214 Γεωργίου

1854 2233 2187 2287 ἐκκόπτουσι
2218 2239 2310 2289 καὶ
2344 2238 2712 2307 μνημόσυνον,
2763 2238 2902 2291 κατὰ
2937 2237 3025 2289 τὸν
3054 2231 3111 2287 ὲν
3141 2238 3251 2296 τοῖς
3286 2251 3430 2302 μαγο

1855 2327 2039 2392 γάνοις
2060 2326 2194 2378 νεὼν
2223 2328 2512 2398 λειτουργή
2524 2346 2738 2395 σαντες,
2758 2329 2812 2393 ὃς
2839 2330 3045 2382 ἀνεῖται
3068 2329 3145 2398 τῷ
3170 2327 3430 2399 μάρτυρι.

1856 2438 1960 2493 καί.
1992 2439 2132 2505 Περὶ
2160 2438 2276 2491 τῶν
2292 2442 2754 2494 καταλαϐόντων
2780 2440 2894 2509 τὴν
2915 2440 3169 2509 περαίαν
3193 2439 3431 2505 δεινῶν,

2066 2509 2165 2562 καί
2195 2511 2281 2563 ἐτι
2316 2509 2432 2563 τῶν
2463 2510 2834 2578 όπηδήποτε,
2866 2511 3210 2578 ﬁdi-ralia.

1926 2600 2134 2668 Ηῦξανε
2159 2605 2203 2656 δ’
2227 2605 2498 2675 ὁσημέραι
2530 2607 2621 2656 καὶ
2655 2598 2811 2665 αὖθις
2838 2603 2896 2655 τὸ
2925 2602 3032 2654 ἀπὸ
3066 2601 3175 2654 τῶν
3203 2600 3427 2669 Περσῶν

1855 2695 2046 2760 δεινὸν,
2090 2696 2221 2749 ὥστ’
2256 2694 2682 2749 ἀποκεκλεῖσθαι
2723 2694 2999 2764 πανταχοῦ
3054 2693 3148 2756 τὰς
3181 2696 3277 2765 τῆς
3317 2707 3428 2747 σω-

1857 2855 2005 2908 natio
2066 2852 2210 2907 feras
2273 2867 2621 2921 praepropere
2682 2850 2847 2922 510
2910 2849 3154 2917 abigeret
3194 2858 3247 2904 et
3298 2848 3425 2903 novi

1854 2946 2139 3018 quidpiam
2172 2945 2504 2999 incommodi
2540 2959 2604 2998 ex
2642 2942 2783 2997 facto
2828 2941 3054 3010 ancipiti
3082 2949 3424 3004 nasceretur,

1857 3040 2000 3095 unde
2037 3054 2224 3099 ansam
2269 3037 2443 3091 avulsi
2486 3036 2666 3090 adhuc
2704 3035 2797 3089 alii
2836 3050 3059 3091 suarum
3094 3034 3431 3089 roboranda-

1855 3149 1973 3188 rum
2029 3131 2266 3201 partium
2319 3139 2622 3193 sumerent,
2657 3129 2965 3183 consultius
3021 3137 3150 3181 tunc
3202 3126 3422 3196 quidem

1852 3225 2027 3279 visum
2068 3230 2503 3292 temperamento
2535 3221 2773 3290 quodam
2813 3220 2891 3274 uti
2930 3219 3268 3288 huiusmodi,
3316 3233 3425 3287 quo

1849 3328 1903 3373 et
1955 3318 2258 3387 periculum
2291 3315 2411 3386 ejus
2439 3315 2753 3385 ignominiae
2804 3314 2883 3369 sic
2934 3313 3309 3367 Alexandrino
3341 3313 3429 3367 in-

1850 3421 2190 3474 tentaretur,
2224 3422 2282 3464 ttt
2314 3426 2373 3463 re
2402 3419 2583 3462 tamen
2623 3418 2835 3477 Integra
2889 3422 2995 3460 non
3043 3407 3427 3462 excluderetur

1850 3503 1992 3558 idem
2045 3502 2191 3556 aditu
2254 3500 2674 3571 resipiscentiaa,
2732 3514 2835 3554 nec
2886 3510 3064 3555 tamen
3124 3499 3242 3554 alea
3297 3499 3423 3553 novi

1848 3596 2356 3664 damnijaceretur.
2396 3597 2767 3648 Decreverttnt
2823 3592 3090 3663 deinceps
3142 3593 3422 3647 solemnes

1848 3703 1878 3742 a
1916 3687 2225 3758 patriarcha
2252 3687 2605 3743 celebrandas
2636 3686 3025 3756 ipsoliturgias
3053 3687 3328 3749 omittere,
3367 3684 3423 3739 in

1847 3784 2046 3854 quibus
2080 3763 2331 3837 videlicet
2361 3781 2574 3836 recitari
2604 3796 2631 3833 a
2656 3779 2905 3835 diaconis
2942 3779 3160 3832 nomina
3194 3780 3429 3848 patriar-

1848 3881 2075 3937 charum
2130 3876 2589 3939 orthodoxorum,
2638 3882 2837 3929 cuncto
2891 3874 3149 3927 audiente
3200 3872 3422 3943 populo,

1850 3989 2085 4029 necesse
2118 3971 2279 4034 foret,
2307 3972 2421 4024 vice
2453 3980 2631 4023 autem
2662 3984 2851 4023 earum
2893 3982 3054 4023 sacro
3080 3967 3305 4035 defungi
3332 3983 3425 4035 per

1848 4066 2121 4137 privatum
2161 4062 2415 4117 faciendo
2462 4061 2831 4124 sacerdotem,
2887 4060 3008 4114 sine
3062 4059 3422 4113 diaconorum

1849 4157 2181 4217 ministerio.
2218 4156 2331 4210 lloc
2350 4155 2431 4208 ita
2474 4154 2713 4208 factitari
2744 4153 2942 4207 exinde
2979 4154 3145 4220 tmpit
3202 4152 3255 4205 in
3307 4136 3423 4205 a-tle

1849 4265 2005 4307 sacra
2051 4249 2259 4319 palatii,
2295 4250 2397 4301 hoc
2441 4247 2583 4301 idem
2636 4245 2690 4298 in
2731 4245 2930 4313 templo
2992 4242 3250 4297 tuaximo.
3314 4257 3419 4295 non

1848 4343 2109 4416 profestis
2142 4342 2317 4397 solum
2349 4341 2567 4404 diebus,
2623 4337 2720 4391 sed
2772 4347 2823 4392 et
2885 4337 2941 4389 in
2976 4334 3420 4389 solemnitatibus

1848 4441 2014 4495 etiam
2048 4437 2234 4510 pepuli
2262 4448 2533 4491 concursu
2570 4430 2905 4486 celebribus.
2944 4430 3128 4507 Itaque
3164 4426 3250 4479 die
3304 4426 3423 4495 ipsa
3500 4465 3510 4477 .

202 4515 329 4571 slicis
359 4516 629 4589 diptycllis
657 4517 1074 4587 omittendaque
1117 4516 1260 4571 inter
1307 4532 1466 4573 sacra
1500 4532 1741 4573 comme-
1773 4525 1818 4579 ι)
1847 4528 2209 4590 ortnottoxiae,
2235 4541 2355 4580 cum
2385 4533 2437 4578 et
2462 4523 2528 4577 de
2559 4537 2707 4575 more
2735 4518 3038 4589 imperator
3062 4517 3116 4570 in
3152 4516 3414 4585 templum

204 4612 472 4668 moratione
498 4612 643 4682 ejus,
696 4625 817 4666 cum
852 4610 1158 4682 praesertim
1192 4619 1246 4665 et
1284 4611 1402 4680 ipse
1452 4620 1741 4682 putaretur

203 4699 245 4754 in
280 4704 387 4759 suis
440 4704 681 4775 liturgiis
717 4702 953 4773 Augusti
1016 4703 1346 4757 mentionem
1406 4703 1742 4772 praetermit-

204 4800 309 4860 tere,
332 4800 470 4864 quod
502 4796 835 4867 patriarcha:
864 4793 969 4850 sibi
1005 4810 1113 4849 non
1150 4796 1383 4864 probato
1410 4796 1739 4852 adhaereret.

198 4880 291 4939 Nec
343 4888 483 4943 enim
531 4886 817 4942 ferendum
882 4885 1296 4941 arbitrabantur
1346 4886 1739 4941 inconcussam

206 4975 287 5043 ipsi
327 4980 525 5036 servari
572 4981 712 5035 tanti
753 4978 1160 5049 possessionem
1211 4978 1464 5045 honoris,
1519 4979 1738 5040 interim

205 5069 307 5125 dum
333 5074 418 5129 ille
454 5088 521 5130 ne
558 5073 851 5128 minimum
892 5073 1111 5140 quidem
1154 5072 1316 5127 vellet
1368 5071 1648 5127 remittere
1675 5072 1742 5127 de

209 5161 344 5232 iusto,
372 5167 608 5238 quoiam
654 5165 1033 5236 conspirantia
1069 5173 1392 5220 cunctorum
1433 5164 1739 5220 antistitum

206 5255 375 5323 judicia
428 5248 571 5318 unus
633 5258 988 5329 pertinaciter
1047 5258 1382 5314 dissentiens
1423 5258 1742 5317 damnabat.

212 5347 310 5406 llec
334 5355 471 5410 inter
499 5369 559 5409 se
591 5352 762 5408 locuti
804 5367 908 5406 non
956 5361 1137 5406 tamen
1171 5348 1435 5421 expedire
1484 5348 1539 5403 in
1586 5363 1746 5404 exse-

212 5442 447 5499 cntionem
497 5446 761 5515 impetum
817 5443 937 5498 ausi
969 5449 1122 5507 sunt,
1168 5454 1265 5496 seu
1294 5455 1390 5510 spe
1425 5438 1773 5495 attrahendi.

212 5538 394 5590 tandem
428 5538 546 5606 ejus
580 5537 636 5591 in
666 5544 874 5606 partes,
914 5549 1010 5589 seu
1039 5533 1201 5588 veriti
1232 5547 1303 5588 ne
1350 5546 1459 5586 non
1487 5530 1624 5586 satis
1655 5543 1745 5584 ca-

212 5629 375 5683 nonira
406 5631 572 5686 videri
598 5638 787 5701 posset
827 5627 965 5682 tanti
996 5626 1325 5697 patriarcha:
1351 5625 1441 5680 tali
1477 5625 1542 5680 de
1573 5639 1742 5679 causa

211 5722 401 5777 esacris
432 5722 632 5777 tabulis
664 5720 867 5784 erasin,
924 5719 1081 5790 cujus
1112 5718 1295 5772 nullus
1349 5717 1498 5772 circa
1539 5714 1738 5786 dogma

211 5823 335 5865 error
370 5822 709 5887 argueretur.
746 5811 892 5882 Ergo
926 5828 991 5867 ne
1023 5810 1179 5880 quasi
1217 5809 1615 5864 tumultuosior
1647 5822 1742 5861 ve-

1852 4620 2165 4677 advenisset
2210 4625 2263 4673 et
2309 4617 2514 4671 densus
2558 4613 2780 4669 adesset
2817 4611 3070 4682 populus,
3108 4610 3422 4678 patriarcha

1852 4716 1977 4771 non
2018 4712 2346 4784 comparuit,
2405 4708 2665 4765 sacerdos
2730 4716 2912 4760 autem
2985 4704 3214 4772 simplex
3286 4703 3420 4757 citra

1850 4821 2103 4878 pompam
2153 4813 2206 4858 et
2244 4810 2489 4864 cantum,
2527 4800 2766 4859 nemine,
2804 4795 3104 4867 prtesertim
3158 4796 3211 4849 in
3240 4796 3425 4850 turba:

1854 4910 2064 4965 magnae
2091 4894 2343 4964 strepitu,
2380 4889 2706 4946 exaudiente
2740 4886 2871 4958 quid
2903 4888 3218 4941 mussitaret
3250 4897 3424 4958 my~ta

1852 4989 2161 5053 celebrans,
2204 5000 2362 5043 sacro
2422 4993 2702 5050 utcunque
2749 4981 3042 5037 defunctus
3087 4979 3268 5033 nllicio
3310 4995 3346 5058 .e
3383 4989 3423 5031 t.

1856 5078 2123 5136 Similiter
2161 5085 2215 5133 et
2250 5077 2305 5130 in
2350 5075 2505 5131 festis
2554 5080 2737 5129 actum
2771 5071 3154 5128 Paschalibus.
3190 5069 3424 5124 Eadem-

1853 5188 1960 5245 que
1991 5181 2112 5227 arte
2149 5171 2205 5225 in
2239 5168 2470 5223 solemni
2508 5181 2727 5237 quoque
2783 5167 2946 5235 paqu
2997 5173 3119 5234 post
3151 5163 3424 5218 celebrata

1855 5264 2032 5321 sancti
2064 5264 2321 5333 martyris
2344 5258 2563 5329 Georgii
2607 5258 2872 5312 memoria
2910 5254 3216 5310 necessitas
3245 5250 3424 5305 nomi-

1856 5358 2021 5414 nandi
2071 5355 2251 5426 palam
2303 5369 2334 5408 e
2395 5351 2673 5423 diptychis
2724 5348 3082 5404 Alexandrini
3136 5344 3425 5399 lutrrifacta

1855 5461 1962 5512 est.
1995 5449 2207 5520 liturgia
2228 5448 2282 5501 in
2319 5447 2522 5516 templo
2553 5444 2971 5514 Manganorum,
3004 5440 3093 5494 ubi
3117 5445 3309 5494 sancto
3339 5435 3430 5493 isti

1856 5545 2031 5598 honos
2061 5556 2278 5596 annuus
2309 5540 2566 5602 habetur,
2597 5535 2872 5590 submisse
2902 5543 3139 5603 peracta.

1854 5639 1943 5693 21.
1989 5636 2187 5690 Rursus
2242 5634 2305 5687 dc
2342 5632 2498 5686 matis
2534 5631 2834 5685 ulteriorem
2880 5627 3226 5681 continentem
3270 5623 3429 5675 imm.

1927 5708 2200 5772 dantibus,
2233 5718 2278 5759 et
2304 5704 2484 5758 allatis
2512 5702 2851 5768 undecunque
2872 5697 3107 5752 tristibus
3135 5694 3358 5747 nuntiis.

1926 5801 2225 5857 Crescebat
2255 5800 2398 5854 inter
2430 5796 2544 5851 haec
2577 5796 2864 5865 magisque
2912 5788 3184 5859 ac-magis
3230 5785 3284 5844 in
3311 5786 3431 5845 dies
