3768 6544
398 427 507 493 455

1564 421 1889 483 GEORGII
1925 420 2417 481 PACHYMEILE
3531 426 3613 490 456

396 539 511 593 Καὶ
541 536 661 590 τότε
694 537 740 589 οί
776 538 871 607 μὲν
918 536 1257 598 ὑποστάντες
1296 534 1651 602 ἐσφάττοντο,
1685 533 1883 601 γύναια
1918 532 1973 585 δὲ
2004 539 2048 594 Α
2076 532 2417 596 ἑκατοστύας
2466 533 2716 586 ἔπιπτον.
2766 533 2888 596 Τοῖς
2922 533 2975 587 δὲ
3016 534 3105 585 καὶ
3138 535 3442 604 πρόστιμον
3483 537 3614 608 ἐτέθη

398 634 495 685 καὶ
525 631 789 700 παιδάρια
826 630 1026 697 πλῆθος
1064 628 1257 699 μυρίον
1289 628 1423 698 πρὸς
1452 627 1513 681 τὸ
1537 627 1802 698 φρούριον
1836 631 1971 695 φεύ-

398 739 566 793 γοντα
596 718 859 791 ἃ’ίρα,ἦν
905 722 1099 790 ἑτοίμη
1144 723 1257 785 τοῖς
1308 717 1806 791 προκαταλαϐοῦσι.
1867 719 1972 771 Καὶ

398 816 552 878 τέλος
574 818 621 867 ot
656 815 792 877 τέως
816 817 930 876 τοῖς
955 813 1135 876 ἄλλοις
1159 812 1608 884 προσεπαμὺνειν
1640 812 1974 867 ἀποστελλὸ·

2079 625 2233 695 παρὰ
2266 625 2532 696 βασιλέως
2555 617 2759 696 ζημίας
2789 627 2868 690 εἰς
2901 626 3149 697 χιλιάδας
3175 628 3260 680 ἐπ’
3290 627 3438 697 αἰτίᾳ
3461 629 3541 681 τοῦ
3559 635 3616 703 μὴ

2076 719 2171 772 τὸν
2207 719 2387 789 μέγαν
2419 716 2676 783 δέξασθαι
2705 719 2892 785 δοῦκα,
2926 718 3069 772 οὕτω
3117 720 3208 772 τοῦ
3254 718 3511 790 βασιλέως
3536 724 3618 776 Μι-

2079 811 2217 881 χαὴλ
2252 812 2393 882 μετὰ
2422 815 2520 884 τὴν
2549 814 2759 867 ἐκεῖθεν
2790 815 3050 868 ἐπάνοδον
3075 813 3517 881 ἐπαγγείλαντος,
3542 819 3619 871 καὶ

402 923 554 978 μενοι
585 906 816 977 δρασμῷ
860 905 1209 977 μηχανῶνται
1242 906 1342 977 τὴν
1371 906 1665 975 σωτηρίαν.
1710 906 1804 957 καὶ
1835 905 1976 957 αὑτὰ
2076 904 2186 957 δέει
2211 904 2303 958 τοῦ
2335 906 2410 977 μὴ
2467 905 2659 959 παθεῖν
2706 907 2996 968 κάκείνους
3049 906 3116 958 τὰ
3167 908 3282 966 τοῖς
3326 906 3619 975 Κυζικηνοῖς

402 1001 916 1069 προσαποὸαὶόντες
970 1003 1035 1051 τὸ
1101 1000 1360 1071 βασιλικὰ
1418 1002 1722 1071 χρήματα’
1782 999 1976 1051 ἔπειτα

401 1093 511 1162 πῦρ
546 1094 962 1162 ἑνώσαντες-,οἱ
1012 1093 1195 1163 ἐχθροὶ
1246 1093 1315 1146 τὰ
1357 1094 1476 1145 ἐκεῖ
1508 1092 1678 1160 κάλλη
1712 1093 1791 1153 είς
1822 1090 1977 1153 τέλος

397 1184 708 1255 ὴμὰθυναν.
741 1184 876 1237 Τότε
924 1187 1019 1238 καὶ
1080 1185 1290 1252 Ἀτμὶιν
1324 1185 1684 1253 ὑποστρέφων
1737 1184 1831 1234 σὺν
1868 1187 1977 1245 τοῖς

400 1277 540 1346 ἀμφ’
575 1275 759 1341 αὑτὸν,
806 1277 931 1328 ἐπεὶ
970 1275 1214 1345 συνῆσαν
1260 1279 1411 1343 σφίσι
1461 1278 1605 1327 κατὰ
1656 1280 1977 1344 συμμαχίαν

402 1372 496 1423 καὶ
548 1370 957 1439 Βηλοκωμῖται,
1010 1367 1336 1439 προσλαϐὼν
1391 1368 1637 1431 ἐκείνους
1697 1371 1823 1437 κενῇ
1870 1372 1979 1421 τὼν

402 1462 643 1514 ἐποίκων
690 1460 1001 1534 Βηλοκώμῃ
1049 1460 1381 1532 προσϐάλλει
1422 1461 1518 1513 καὶ
1576 1460 1719 1513 κατὰ
1758 1462 1977 1531 arpi-.0;

401 1554 569 1623 αἱρεῖ,
607 1552 702 1605 καὶ
741 1552 871 1613 τοὺς
909 1553 1007 1614 μὲν
1038 1552 1261 1613 κτείνει,
1293 1551 1456 1611 αὐτὸς
1493 1550 1550 1603 δὲ
1590 1553 1783 1620 μυρίον
1814 1551 1979 1603 πλοῦ-

401 1659 493 1696 τον
528 1642 703 1712 εὑρὼν
733 1643 1095 1710 ὲξολὸίζεται,
1135 1644 1227 1696 καὶ
1251 1643 1319 1695 τὰ
1353 1642 1517 1696 πιστά
1545 1644 1591 1694 oi
1627 1643 1725 1709 τῆς
1750 1643 1815 1714 [Ρ
1848 1641 1978 1712 288]

400 1732 705 1801 ἀσφαλείας
735 1734 799 1786 ὲκ
849 1733 959 1787 τῶν
988 1731 1369 1801 ὀχυρωμάτων
1411 1734 1711 1802 περιποιεῖ.
1758 1732 1979 1787 Τούτων

401 1824 660 1878 ἀπώνατο
709 1825 819 1877 τῶν
875 1823 1065 1877 δεινῶν
1111 1823 1206 1876 καὶ
1252 1823 1497 1894 Προῦσα,
1547 1824 1685 1894 μόνη
1737 1825 1980 1895 περιλειο-

403 1917 600 1987 φθεῖσα
632 1917 741 1969 τῶν
790 1916 991 1981 ἔξωθεν
1038 1915 1336 1969 καλλονῶν.
1374 1916 1595 1968 Τούτων
1647 1918 1740 1969 καὶ
1799 1899 1998 1985 Πηγαί

402 2008 827 2079 παραθαλασσία
876 2008 1032 2072 πόλις
1069 2007 1176 2060 τῶν
1218 2007 1496 2078 δυσχερῶν
1525 2008 1812 2078 ἐπειράθη.
1861 2006 1982 2059 Τῶν

401 2099 512 2170 γὰρ
541 2098 647 2164 ἔξω
677 2099 898 2153 πάντων
929 2098 1404 2167 συγκλεισθέντων
1438 2098 1610 2164 ἐντὸς,
1645 2098 1760 2153 ὅσοι
1799 2098 1892 2152 καὶ
1922 2098 1984 2152 τὸ

404 2190 560 2259 ξίφος
589 2190 813 2259 ἔφυγον,
857 2191 1093 2244 ἐντίκτει
1142 2194 1296 2244 νόσον
1342 2190 1585 2261 λοιμώδη
1618 2189 1680 2244 τὸ
1716 2189 1980 2244 συνεπτὺ-

403 2284 531 2353 χθαι
559 2282 702 2354 λιμῷ
733 2285 825 2336 καὶ
857 2282 1280 2345 κακοπαθείαις.
1319 2284 1441 2336 Ἔτι
1465 2283 1521 2336 δὲ
1542 2284 1636 2336 καὶ
1658 2284 1743 2361 τῇ
1763 2283 1902 2352 νόσῳ
1928 2284 1984 2345 ἐς

402 2474 675 2538 quotquot
714 2463 863 2518 hosti
929 2462 1138 2516 vultum
1201 2475 1312 2515 non
1370 2459 1563 2529 ignave
1611 2459 1981 2525 obverteruut,

404 2560 459 2615 in
496 2558 728 2628 vestigio
758 2563 882 2611 sunt
918 2553 1071 2616 cmsi,
1101 2551 1298 2622 vulgus
1354 2559 1536 2605 autem
1588 2551 1987 2608 innumerabile

405 2649 692 2704 mulierum
724 2661 786 2700 ac
817 2659 1113 2716 puerorum
1145 2642 1318 2697 eﬂuso
1346 2657 1513 2697 cursu
1546 2647 1613 2698 ad
1662 2659 1841 2699 arcem
1898 2644 1985 2697 fu-

401 2744 556 2814 giens
584 2748 769 2809 parata
798 2739 979 2809 praada
1040 2735 1456 2793 subsidentibus
1514 2736 1625 2791 illic
1684 2737 1988 2793 latronibus

403 2831 665 2888 occurrit.
693 2829 910 2902 Reliqui
939 2839 1250 2883 nostrorum
1278 2827 1536 2893 militum,
1555 2841 1620 2883 ne
1647 2827 1843 2884 castris
1862 2830 1987 2900 qui-

406 2926 529 2980 dem
558 2924 803 2987 retentis.
840 2938 1004 2978 cursu
1062 2937 1199 2992 vago
1263 2921 1495 2977 salutem
1551 2922 1843 2991 quaesiere,
1894 2925 1986 2994 qui

405 3017 679 3074 servaturi
739 3015 877 3071 alios
931 3015 1141 3071 scilicet
1198 3022 1480 3080 venerant,
1515 3013 1745 3084 pecunia
1805 3016 1971 3071 etiam

405 3122 568 3180 quam
584 3108 652 3162 ab
669 3109 999 3181 imperatore
1017 3104 1317 3162 attulerant
1359 3103 1717 3161 amissa.lnde
1734 3104 1857 3175 igne
1868 3105 1991 3175 pul-

405 3199 559 3255 chris
593 3216 716 3271 ejus
750 3208 958 3254 tractus
992 3196 1239 3252 aedificiis
1280 3196 1481 3265 injecto
1514 3196 1571 3251 in
1604 3197 1841 3252 cinerem
1867 3196 1993 3252 bar-

407 3290 527 3346 bari
557 3297 836 3344 verterunt
869 3287 1077 3342 omnia.
1115 3285 1190 3339 Ex
1219 3286 1321 3341 hoc
1346 3286 1473 3341 belli
1532 3301 1789 3342 successu
1819 3288 1991 3342 victor

409 3390 693 3436 revertens
730 3381 925 3433 Atman
970 3395 1094 3433 cum
1149 3379 1289 3444 suis,
1365 3380 1582 3449 cognito
1631 3379 1992 3436 Belocomitas

409 3471 469 3529 in
498 3471 695 3527 castris
745 3468 914 3523 fuisse
953 3468 1212 3522 Romanis
1265 3483 1389 3538 qua:
1446 3468 1610 3523 modo
1657 3468 1991 3531 deleverant,

408 3563 755 3619 Belocomam
781 3558 1126 3630 aggrediendi
1158 3558 1268 3628 jam
1305 3560 1480 3627 ipsam
1520 3559 1722 3630 quippe
1767 3573 1993 3613 vacuam

408 3655 574 3730 $15
615 3653 970 3725 praesidiariis
1004 3661 1216 3721 tempus
1255 3659 1621 3722 Opportunum
1648 3653 1821 3706 duxit.
1854 3650 1995 3721 Ergo

408 3750 559 3803 illam
617 3747 872 3802 insiliens
909 3746 956 3799 vi
1005 3744 1171 3814 capit,
1210 3756 1264 3800 et
1311 3745 1382 3799 ibi
1428 3753 1676 3814 repertos
1712 3744 1991 3800 interficit.

410 3840 533 3910 Ipse
561 3848 741 3894 autem
784 3838 1070 3893 immensis
1100 3837 1298 3909 Opibus
1346 3852 1411 3892 ea
1458 3837 1661 3892 clausis
1690 3836 1995 3892 munitione

408 3932 618 4000 potitus
671 3929 940 4000 prmdives
983 3928 1110 3984 inde
1164 3937 1248 3983 est
1299 3928 1518 3985 habitus
1550 3928 1744 3984 :‘arcis
1796 3930 1997 4000 quippe

409 4022 558 4076 illius
591 4021 967 4087 munimentis,
1011 4021 1122 4075 situ
1175 4029 1229 4076 et
1262 4028 1380 4075 arte
1413 4020 1610 4076 validis
1639 4021 1705 4075 ad
1755 4023 1997 4092 quzesitre

411 4118 656 4181 prcunia:
689 4114 994 4168 custodiam
1044 4128 1210 4178 usus,
1253 4129 1482 4184 magnos
1527 4114 1630 4169 sibi
1684 4113 1992 4180 thesauros,

410 4210 567 4263 unde
589 4208 712 4264 belli
741 4224 804 4262 ac
835 4208 1475 4278 principatus-expediret
1502 4218 1777 4278 sumptus,
1803 4223 1996 4262 secure

407 4302 546 4356 eund
574 4311 658 4356 tus
685 4297 753 4355 ad
796 4316 1019 4355 manum
1053 4295 1300 4355 ’habuit.
1346 4299 1552 4354 [larum
1619 4315 1813 4370 magna
1870 4315 1996 4370 pars

409 4394 785 4449 calamitatum
841 4392 896 4447 in
953 4393 1181 4446 Prusam
1221 4392 1552 4447 redundavit
1603 4393 1681 4447 sic
1733 4392 1994 4445 nudatam

407 4486 760 4557 possessione
811 4486 927 4551 agri
964 4484 1049 4538 sui
1096 4494 1150 4539 et
1203 4483 1344 4538 intra
1382 4500 1667 4538 murorum
1727 4484 1993 4537 ambitum

2079 997 2381 1064 ξυμὸάντα.
2418 1000 2551 1053 Οὐδὲ
2589 1001 2698 1068 γὰρ
2726 998 2933 1052 ἀνεκτὰ
2965 1000 3077 1052 οὐδ’
3114 999 3238 1051 ὅσον
3269 998 3363 1051 καὶ
3395 999 3619 1067 ὑποσχεῖν

2079 1088 2281 1142 δυνατὰ
2308 1091 2464 1142 τάκεῖ
2502 1090 2845 1160 τολμηθέντα
2883 1089 3236 1156 ἠγγέλλοντο.
3272 1087 3383 1140 Bio:
3416 1089 3514 1159 γὰρ
3541 1092 3618 1159 ἡρ-

2083 1179 2339 1244 πάζοντο,
2376 1181 2469 1233 καὶ
2501 1184 2762 1249 γυναῖκες
2786 1179 3095 1249 ὑϐρίζοντο,
3119 1184 3212 1233 καὶ
3235 1179 3395 1246 κόρια
3420 1179 3622 1247 διεφθεί-

2085 1289 2257 1342 ροντο.
2293 1273 2397 1325 Καὶ
2433 1274 2460 1324 ὁ
2493 1274 2591 1341 μὲν
2625 1272 2763 1341 ἔχων
2796 1272 2956 1334 εὐθὺς
2985 1272 3335 1332 ὲσκυλεὺετο.
3372 1272 3621 1340 ἀγαπητὸν

2080 1363 2221 1434 ἔχων
2248 1366 2296 1417 εί
2339 1365 2515 1427 διδοὺς
2551 1365 2810 1428 σώζοιτο’
2839 1367 2866 1419 ὁ
2894 1365 2948 1417 δὲ
2984 1365 3060 1435 μὴ
3113 1364 3253 1435 ἔχων
3281 1366 3350 1435 τῇ
3386 1363 3476 1417 τοῦ
3502 1366 3622 1435 ἔχειν

2081 1456 2287 1527 ὑποψίᾳ
2316 1457 2724 1523 κατεδικὰζετο,
2771 1460 2865 1511 καὶ
2916 1459 3148 1527 αίὼραις
3180 1458 3386 1519 δειναῖς
3415 1459 3504 1510 καὶ
3543 1460 3620 1527 βα-

2084 1549 2267 1613 σάνοις
2307 1549 2557 1619 ὴτάζετο,
2593 1550 2850 1620 ἔγκλημα
2901 1551 3083 1622 φέρων
3125 1551 3190 1603 τὸ
3234 1549 3313 1619 μὴ
3360 1551 3621 1618 χρημάτων

2083 1642 2257 1695 θέλειν
2293 1643 2392 1710 τὴν
2428 1642 2710 1711 σωτηρίαν
2762 1643 3104 1712 πορίζεσθαι.
3145 1643 3305 1696 Πᾶσα
3356 1642 3399 1695 δ’
3430 1642 3620 1696 ἐκείνων

2082 1736 2371 1803 περιουσία
2396 1737 2457 1788 οὑ
2492 1736 2692 1805 μᾶλλον
2712 1736 2807 1789 τοῦ
2839 1737 3183 1805 κεκτημένου
3220 1735 3253 1804 ἦ
3288 1735 3382 1787 τοῦ
3417 1735 3621 1787 καταλα-

2085 1822 2269 1885 ϐόντος
2300 1808 2409 1876 τῶν
2454 1824 2852 1896 Ἀμογαδάρων
2881 1826 3131 1894 ἐφαίνετο
3152 1844 3165 1857 ·
3194 1826 3342 1879 οὕτω
3378 1825 3481 1895 γὰρ
3510 1827 3622 1881 ἰδιω-

2085 1920 2306 1987 νυμεῖτο
2341 1920 2401 1970 τὸ
2448 1918 2622 1985 ἔθνος,
2666 1920 2743 1990 τῷ
2775 1921 2834 1986 ἐξ
2874 1920 3138 1991 Ἀὄὰρων,
3195 1918 3378 1991 οἶμαι,
3425 1923 3624 1987 κατάγε-

2086 2008 2233 2064 σθαι.
2265 2010 2340 2063 Οὑ
2375 2011 2536 2081 μόνον
2561 2011 2605 2065 δ’
2630 2011 2956 2080 αὐτόχθονες
2984 2012 3139 2065 ταῦτ’
3162 2012 3421 2081 ἔπασχον.
3447 2012 3546 2064 ἀλλ’
3565 2014 3622 2077 ὡς

2085 2102 2261 2154 εἰπεῖν
2291 2102 2525 2174 ἀνατολὴ
2561 2105 2712 2156 πᾶσα
2760 2103 3069 2173 Ῥωμαίων,
3101 2105 3184 2158 ὃτι
3234 2105 3335 2158 καὶ
3386 2104 3458 2167 ὼς
3487 2122 3625 2174 προσ-

2085 2193 2270 2262 φυγίῳ
2336 2195 2676 2265 χρησάμενοι
2721 2195 2800 2265 τῷ
2849 2196 3265 2266 ἐπιτειχίσματι
3320 2196 3509 2258 πάντες
3533 2197 3627 2249 ἐκεῖ

2086 2285 2450 2357 κατέδραμον,
2509 2287 2603 2340 καὶ
2660 2290 2818 2358 καινή
2876 2305 2957 2350 τις
3004 2288 3204 2351 ἅλωσις
3254 2283 3324 2359 ἦν
3376 2287 3515 2358 παρὰ
3538 2288 3625 2340 τῶν

2087 2460 2409 2515 nominatim
2443 2468 2690 2517 vetuerat
2738 2462 2967 2518 Michael
2999 2465 3289 2535 Augustus
3319 2464 3499 2534 junior
3528 2478 3628 2536 post

2089 2568 2246 2609 suum
2278 2553 2403 2608 inde
2437 2554 2697 2621 reditum,
2726 2563 2874 2610 metu
2895 2571 2962 2612 ne
2990 2565 3044 2612 et
3076 2557 3154 2611 illi
3192 2565 3504 2627 paterentur
3532 2575 3629 2630 qua

2088 2641 2382 2715 Cyzicenis
2416 2643 2767 2711 accidissent,
2823 2645 2982 2716 plane
3024 2648 3395 2704 intolerabilia
3432 2658 3483 2704 et
3508 2653 3631 2708 omni

2091 2735 2379 2791 atrocitate
2404 2736 2611 2791 diriora
2646 2774 2658 2788 .
2682 2734 2815 2791 Nam
2842 2746 2896 2792 et
2937 2754 3023 2795 res
3063 2738 3355 2795 familiaris
3380 2742 3630 2813 victusque

2092 2826 2432 2881 domesticus
2493 2826 2712 2880 miseris
2756 2828 2970 2883 civibus
3015 2829 3395 2894 auferebatur,
3443 2841 3492 2886 et
3540 2848 3627 2888 non

2096 2919 2254 2972 modo
2288 2918 2546 2972 nmlieres
2590 2927 2685 2972 aut
2734 2929 2915 2988 nuptae
2960 2928 3054 2974 aut
3080 2922 3311 2991 puberis
3339 2921 3526 2987 aetatis,
3554 2924 3629 2978 sed

2093 3010 2278 3065 cruda:
2318 3025 2536 3081 quoque
2581 3010 2920 3081 virguncula:
2955 3012 3038 3066 vix
3089 3028 3331 3084 egressae
3378 3014 3629 3069 infantiam

2094 3101 2322 3159 libidine
2406 3101 2632 3157 immani
2701 3104 3222 3175 corrumpebantur.
3288 3106 3371 3162 Ac
3415 3106 3631 3161 conscius

2017 3230 2061 3290 ο
2096 3192 2319 3290 quidem
2355 3207 2413 3248 se
2436 3192 2639 3290 habere
2662 3192 2814 3290 quod
2836 3191 3014 3261 daret,
3052 3196 3199 3250 ultro
3249 3193 3486 3267 largiens
3505 3195 3631 3265 ﬂagi-

2096 3284 2343 3347 tantibus
2382 3284 2747 3355 spoliabatur,
2800 3284 2957 3341 lucro
3005 3285 3289 3358 imputans
3332 3288 3471 3357 quod
3500 3288 3634 3343 rebus

2093 3378 2296 3447 ereptis
2326 3377 2514 3431 vivere
2554 3377 2833 3433 sineretur
2864 3397 2878 3430 :
2918 3377 3014 3449 qui
3043 3394 3172 3434 vero
3204 3380 3351 3435 nihil
3380 3395 3440 3436 se
3467 3382 3635 3437 habere

2094 3467 2449 3538 quantumvis
2494 3480 2627 3523 vere
2672 3466 2991 3534 afﬁrmaret,
3045 3478 3342 3542 suspectus
3401 3473 3634 3528 mendacii

2095 3559 2273 3630 poenis
2318 3558 2716 3628 subjiciebatur
2756 3560 3166 3628 acerbissimis,
3224 3564 3410 3634 quoad
3450 3569 3634 3620 condita

2098 3650 2357 3706 videlicet
2386 3657 2683 3720 promeret,
2725 3666 3060 3723 suspensus,
3095 3662 3333 3721 tractus,
3364 3657 3637 3711 cruciabili-

2097 3752 2181 3798 ter
2215 3752 2421 3805 tortus.
2478 3744 2547 3798 ab
2591 3746 3060 3815 exprobrantibus
3112 3747 3315 3804 merito
3362 3749 3473 3805 haec
3509 3749 3636 3804 illum

2094 3836 2261 3908 416
2305 3838 2558 3909 pati,qui
2594 3839 2824 3894 salutem
2878 3840 3045 3896 nollet
3091 3844 3324 3912 pecunia
3380 3841 3637 3898 redimere.

2099 3929 2218 3994 Quo
2248 3930 2303 3983 in
2339 3934 2451 3985 toto
2500 3930 2714 3985 nefario
2744 3946 2942 4003 genere
2963 3942 3209 4005 quaestus
3240 3945 3352 3988 tam
3385 3934 3639 4007 impudens

2098 4023 2322 4079 licentia
2356 4032 2477 4079 erat
2536 4025 2769 4080 istorum
2810 4026 3284 4096 Amogabarorum
3319 4029 3421 4098 (sic
3450 4030 3641 4101 preprie

2097 4115 2400 4169 vocabatur
2451 4131 2512 4169 ea
2568 4129 2723 4184 gens,
2780 4115 2908 4169 inde
2957 4118 3125 4172 credo
3176 4118 3325 4187 quod
3361 4135 3426 4174 ex
3474 4119 3641 4173 Abaris

2098 4206 2365 4276 originem
2400 4206 2688 4279 traheret),
2714 4214 2773 4261 ut
2806 4208 3039 4278 quadam
3071 4210 3216 4264 velut
3246 4212 3362 4279 jam
3396 4227 3492 4267 usu
3513 4224 3641 4281 parta

2100 4298 2409 4368 raptoribus
2443 4300 2773 4353 auctoritate
2811 4301 3112 4370 praedandi,
3146 4303 3415 4374 quidquid
3439 4306 3642 4374 quisque

2097 4405 2260 4460 quam
2298 4390 2505 4458 optimo
2548 4404 2605 4444 se
2637 4399 2855 4460 putaret
2896 4392 3021 4460 jure
3069 4393 3375 4463 possidere.
3413 4395 3464 4448 id
3504 4393 3643 4450 simul

2098 4491 2466 4551 apparuerat,
2521 4481 2627 4537 sibi
2685 4483 2844 4553 quasi
2896 4486 3133 4555 legitime
3185 4489 3476 4556 qu:rsitmn
3528 4488 3643 4541 latro

412 4582 715 4649 redactam,
752 4578 904 4633 nullo
935 4578 1197 4647 deinceps
1220 4579 1552 4633 commercio
1580 4593 1702 4633 cum
1730 4577 1995 4634 suburba-
2033 4606 2074 4660 υ
2102 4574 2315 4628 advena
2376 4573 2851 4630 confidentissime
2896 4588 3177 4647 arrogaret
3210 4578 3471 4650 justeque.
3511 4594 3646 4633 usur-

412 4672 500 4727 nis
530 4671 677 4725 villis
730 4680 786 4725 et
817 4670 1057 4739 pradiis,
1107 4686 1228 4740 qua:
1267 4676 1375 4723 non
1438 4686 1628 4741 parum
1660 4686 1877 4726 aii-(nua
1943 4681 1995 4725 et

411 4771 611 4818 ornata
675 4763 730 4816 in
794 4763 1071 4817 territorio
1144 4764 1408 4819 habuerat
1474 4762 1732 4833 plurima.
1801 4763 1997 4818 Clades

411 4855 527 4909 haec
589 4861 779 4910 eadem
842 4853 1015 4924 Pegas
1083 4854 1298 4919 afﬂixit,
1378 4856 1571 4908 urbem
1642 4854 1994 4908 maritimam.

407 4946 548 5002 Cum
586 4944 734 4999 enim
760 4954 885 5014 post
919 4945 1306 5010 barbarorum,
1347 4959 1512 5014 quam
1540 4944 1677 5009 dixi,
1706 4945 1996 4999 victoriam

409 5036 594 5093 cuncti
640 5051 901 5107 pagorum
933 5035 1148 5102 incolae,
1173 5035 1270 5106 qui
1299 5034 1538 5105 efiugere
1562 5041 1855 5105 potuerant
1881 5036 1999 5106 gla-

280 5121 296 5135 ’
372 5122 377 5123 7
412 5130 564 5185 dium
602 5128 876 5188 hostilem.
916 5129 1021 5183 sub
1053 5128 1315 5183 mmnium
1353 5133 1410 5181 et
1454 5126 1995 5198 propugnaculorum

408 5221 530 5292 ejus
575 5218 763 5290 Oppidi
810 5217 1008 5287 cupide
1077 5221 1301 5271 tutelam
1343 5218 1735 5283 accurrissent,
1768 5218 2001 5288 contigit

414 5314 525 5369 illic
573 5312 874 5382 constipari
914 5310 1128 5365 turbam
1166 5308 1443 5381 ingentem
1475 5310 1652 5379 irrupis
1682 5309 1986 5364 multitudi-

415 5408 520 5472 nis,
546 5422 610 5461 ex
645 5406 807 5477 cujus
850 5402 1037 5457 illuvie
1086 5415 1152 5455 ac
1184 5401 1315 5455 fame
1356 5400 1633 5469 corruptis
1667 5400 1996 5471 corporibus

414 5499 525 5552 cito
552 5500 671 5552 lues
700 5496 932 5557 exarsit,
959 5508 1065 5562 qua
1101 5502 1229 5547 totae
1279 5492 1440 5547 simul
1470 5492 1754 5546 hominum
1800 5501 1997 5546 centu-

414 5586 509 5644 riae
548 5587 842 5643 eadebant.
878 5584 1121 5651 Quorth
1158 5583 1214 5638 in
1255 5585 1535 5638 cumulum
1586 5586 1852 5638 malorum
1904 5600 1997 5638 su-

414 5679 665 5751 pervenit
714 5677 919 5731 indicta
964 5673 1303 5747 l’egensibus
1342 5676 1410 5730 ab
1454 5676 1784 5746 imperatore
1826 5678 1994 5729 multa

416 5775 718 5830 multorum
755 5770 987 5825 millium
1018 5758 1311 5824 nummum
1332 5769 1402 5824 ob
1438 5768 1742 5823 admissum
1780 5768 1846 5823 ab
1888 5770 1997 5823 illis

413 5854 773 5920 intra'urbem
832 5878 1091 5933 magnum
1145 5863 1377 5931 ducem;
1429 5862 1574 5933 quod
1641 5876 1709 5916 ne
1755 5860 1994 5917 facerent

2100 4682 2262 4736 posse
2295 4666 2466 4720 videri
2505 4666 2693 4723 vellet.
2732 4665 2841 4722 Nec
2899 4669 3169 4740 indigenis
3226 4676 3342 4727 haec
3374 4673 3538 4726 solum
3566 4678 3643 4724 ant

2100 4757 2247 4814 natis
2282 4756 2461 4829 Cyzici
2511 4758 2733 4828 fiebant,
2776 4758 2870 4815 sed
2923 4760 3043 4816 sine
3105 4762 3430 4817 discrimine
3469 4769 3645 4833 pariter

2098 4851 2313 4905 cunctis
2342 4850 2438 4921 qui
2481 4866 2511 4909 e
2562 4852 2772 4907 circum
2819 4854 3093 4910 universis
3136 4856 3365 4911 ditionis
3419 4855 3646 4910 Romana:

2098 4944 2415 5015 regionibus
2460 4941 2604 5001 intra
2640 4962 2783 5013 cum,
2816 4958 2879 5003 ut
2931 4956 3012 5003 est
3036 4950 3283 5014 dictum,
3315 4950 3641 5004 munitionem

2101 5037 2332 5108 perfugii
2369 5039 2546 5107 gratia
2582 5053 2706 5094 sese
2752 5026 3099 5108 receperant.
3141 5041 3415 5097 Prmtereo
3452 5040 3645 5094 mutila-

2110 5128 2292 5185 tioncs
2344 5143 2641 5200 corporum
2666 5146 2730 5185 ac
2780 5133 2956 5188 caedes
3011 5133 3473 5203 infandorumque
3510 5145 3646 5188 omne

2098 5235 2272 5293 genus
2299 5222 2589 5276 colluviem
2623 5225 2921 5290 scelerum,
2962 5240 3057 5295 per
3090 5241 3240 5295 quae,
3273 5229 3368 5296 qui
3398 5224 3644 5281 defensuri

2100 5314 2310 5370 scilicet
2351 5327 2643 5382 venerant,
2701 5317 3043 5374 miserrimos
3086 5318 3423 5376 immanitate
3471 5318 3647 5374 furoris

2098 5418 2344 5463 extrema
2384 5408 2628 5478 undique
2644 5425 2938 5480 oppressos
2961 5414 3312 5469 obterebant.
3352 5415 3523 5470 Causa
3550 5423 3648 5467 erat

2097 5499 2461 5570 Amogabaris
2488 5502 2603 5555 haec
2639 5500 2954 5572 frequenter
2993 5514 3048 5558 et
3087 5507 3265 5576 palam
3300 5507 3489 5576 agendi
3525 5504 3648 5574 quod

2100 5592 2323 5661 impune
2375 5592 2667 5655 faciebant,
2701 5612 2897 5665 magno
2926 5598 3083 5661 duce,
3109 5614 3269 5668 quem
3308 5616 3475 5657 unum
3506 5612 3647 5654 vene-

2100 5683 2393 5750 rabantur,
2430 5686 2568 5755 ipsis
2611 5688 2851 5742 obnoxio
2879 5689 3074 5758 partim
3109 5691 3250 5761 grati
3290 5692 3457 5746 animi
3507 5706 3650 5746 sensu

2101 5779 2298 5846 partim
2339 5778 2633 5834 f'OI'tnidine
2665 5799 2679 5835 :
2718 5799 2839 5834 nam
2890 5791 2945 5837 et
2993 5783 3060 5838 ab
3095 5786 3217 5840 aliis
3253 5796 3448 5856 sponte
3480 5800 3533 5840 se
3564 5785 3651 5854 ipsi

2103 5870 2545 5938 sulvjicicntibus,
2583 5892 2685 5945 qua
2729 5879 3028 5943 (induebat,
3055 5887 3375 5947 puteslatcm
3400 5878 3650 5948 accepisse
