3860 6544
184 387 282 450 457

1046 381 1142 439 DE
1180 379 1622 440 ANDRONICO
1661 380 2124 442 PALxEOLOGO
2177 382 2324 442 LIB.
2351 384 2422 444 V.

3289 380 3390 444 458

181 501 371 553 οἰκείων
397 499 498 558 τοῖς
533 495 627 549 ἀπ’
661 493 872 566 ἐχθρῶν
923 494 1234 562 φεύγουσιν.
1283 493 1389 546 Ἕὼ
1439 493 1706 563 σωμάτων
1737 503 1779 556 Α
1813 495 2321 566 ἐμπειροπολέμους
2354 496 2556 560 πεζοὺς
2592 496 2684 549 καὶ
2708 494 2972 560 ἀνόπλους
2994 494 3269 549 καθίστων
3298 498 3392 548 καὶ

182 589 642 662 ἀκρωτηριασμοὺς
697 591 787 642 καὶ
826 587 1020 655 φόνους
1067 587 1160 639 καὶ
1197 587 1522 657 μιασμάτων
1551 603 1715 656 φορυ-

178 686 262 738 τὸν
289 682 460 742 ἄλλως,
495 675 576 742 οἷς
615 681 665 732 οἱ
710 679 942 749 ἀμύνειν
989 681 1309 742 ἐπιστάντες
1340 681 1463 742 τοὺς
1501 681 1718 744 ἀθλίους

181 771 638 846 πυργηρουμένους
667 772 733 825 ἐκ
763 771 946 841 πάσης
977 771 1302 842 περιέϐαλον
1331 754 1617 840 ἀπηνείας.
1659 771 1718 824 Ὀ

178 870 276 938 γὰρ
320 867 449 932 σςᾶς
507 864 680 930 ἄγων,
729 864 789 916 τὸ
846 865 944 933 μὲν
1013 864 1487 935 προσθεραπεύειν
1547 865 1718 918 θέλων

179 963 387 1022 ἐκείνους
411 957 482 1018 ὡς
505 957 606 1026 τὴν
651 959 827 1027 ἀρχὴν
861 957 1056 1028 ἐκείνῳ
1083 958 1540 1022 πεπιστευκότας,
1571 958 1631 1010 τὸ
1660 958 1715 1012 δὲ

178 1054 340 1116 δεδιὼς
363 1051 447 1104 τὸν
485 1051 617 1120 παρ’
643 1051 822 1103 αὐτῶν
851 1051 1114 1116 κίνδυνον,
1143 1052 1191 1104 εί
1222 1051 1388 1104 αὑτοῦ
1422 1052 1618 1113 ἱκανῶς
1649 1052 1717 1104 τὰ

180 1150 302 1203 κατὰ
325 1145 501 1218 χρείαν
535 1145 790 1214 εὑρόντος
831 1146 1140 1215 ὑστέρησαν
1178 1145 1377 1196 ἐκεῖνοι
1408 1144 1518 1195 τῶν
1555 1144 1718 1211 ἠλπι-

182 1237 516 1310 σμένων,οὑδ’
557 1236 809 1290 ὁπωσοῦν
846 1235 1196 1290 ἀναστέλλειν
1243 1230 1407 1305 εἶχεν,
1463 1234 1579 1288 ἀλλ’
1631 1237 1719 1288 ὲν-

180 1333 328 1387 εδίδου
357 1329 502 1398 σφίσι
535 1329 602 1381 τὰ
627 1329 770 1381 κατὰ
809 1326 932 1379 νοῦν
972 1327 1255 1396 πράττειν,
1285 1327 1378 1379 καὶ
1414 1325 1568 1378 ταῦθ’
1598 1327 1718 1378 ίκαο

181 1425 423 1493 γοωμένοις
467 1421 565 1476 καὶ⁵
617 1424 726 1484 τοῖς
779 1423 844 1474 ἐκ
893 1419 1155 1489 βασιλέως
1197 1418 1546 1489 σιτηρεσίοις,
1613 1418 1718 1472 κᾶν

180 1517 312 1570 οὐδὲν
342 1516 412 1567 ἐτι
443 1512 762 1583 κατώρθουν
792 1513 899 1565 οὐδ’
931 1511 1066 1573 ὅλως
1095 1510 1384 1580 ἔπραττον.
1433 1509 1558 1562 Αλλ’
1584 1511 1718 1563 ἀνα-

183 1611 384 1682 ληπτέον
419 1609 509 1660 τὸν
559 1607 720 1674 λόγον
767 1605 904 1676 πρὸς
932 1605 993 1657 τὸ
1022 1603 1373 1657 εὐσύνοπτον.
1405 1602 1717 1672 Στρατηγὺς

183 1700 238 1773 ἦν
258 1703 367 1772 τῇδε
410 1700 732 1770 Μαρούλης,
763 1701 855 1751 καὶ
887 1698 1060 1768 μέγας
1102 1697 1285 1767 ἄρχων
1320 1694 1378 1760 ἐξ
1407 1693 1716 1762 ἀξιώματος

182 1795 439 1858 έκλεῖζετο.
489 1786 658 1855 Οὗτος
703 1791 770 1844 τὰ
809 1793 907 1861 μὲν
944 1789 1171 1842 πλεῖστα
1217 1787 1408 1857 ἐκείνῳ
1457 1787 1711 1856 προσεῖχε

178 1890 252 1941 καὶ
273 1886 590 1950 ὲθερᾶπευεν
619 1883 980 1952 ὑποκείμενος
1006 1881 1169 1951 (οὕτω
1197 1881 1306 1950 γὰρ
1335 1879 1430 1934 καὶ
1462 1879 1523 1931 τὸ
1559 1877 1712 1949 βασι-

177 1974 301 2026 λικδν
332 1973 574 2026 ἐϐούλετο
624 1971 1003 2041 πρόσταγμα),
1054 1971 1193 2032 τέως
1233 1971 1279 2022 δ’
1309 1964 1404 2022 οὖν
1451 1970 1542 2022 καὶ
1581 1971 1709 2032 τοὺς

177 2065 369 2127 οἰκείους
390 2063 723 2133 κακῶςπαρ⁹
749 2061 972 2116 ἐκείνων
995 2063 1302 2132 πάσχοντας
1323 2059 1709 2129 κατῳκτίζετο,

182 2158 344 2227 μᾶλλον
372 2156 467 2226 μὲν
494 2155 592 2209 οὖν
623 2155 716 2209 καὶ
749 2156 972 2208 συνίστα
999 2155 1092 2208 καὶ
1114 2154 1500 2223 περιέθαλπεν.
1522 2149 1710 2209 Ἦπτο

180 2252 261 2318 γὰρ
290 2249 546 2302 κάκείνων
581 2249 640 2301 τὸ
673 2249 848 2300 κοινὸν
873 2250 1050 2300 ἐκεῖνο
1077 2248 1268 2311 δεινὸν,
1315 2250 1410 2302 κιὶ
1432 2249 1510 2312 είς
1543 2266 1710 2319 στρα-

179 2342 340 2405 talin;
367 2341 430 2413 [Ρ
457 2339 582 2412 289]
611 2339 976 2408 τεταγμένους
1011 2339 1090 2392 ἔτι
1139 2339 1230 2391 καὶ
1263 2342 1386 2401 ταῖς
1423 2339 1706 2409 ἀληθείαις

177 2533 221 2571 se
257 2518 594 2583 meminerat;
630 2526 684 2572 et
731 2517 775 2572 si
805 2516 1024 2572 taedium
1060 2517 1180 2570 illos
1224 2517 1307 2570 sui
1341 2518 1597 2587 cepisset.
1640 2534 1709 2572 ne

175 2609 416 2664 auferrent
455 2610 600 2678 quod
623 2610 912 2672 dederant,
936 2609 1064 2678 quin
1095 2617 1149 2662 et
1174 2607 1242 2663 de
1276 2623 1335 2662 se
1368 2609 1552 2676 pejora
1592 2620 1709 2664 sta-

178 2711 373 2767 tuerent,
405 2702 702 2755 metuebat.
742 2702 893 2754 lllam
929 2713 1108 2754 autem
1145 2699 1359 2754 videbat
1389 2709 1443 2756 et
1475 2703 1710 2757 maxime

175 2793 355 2848 obviam
383 2805 433 2848 et
463 2793 1006 2848 vehementissimam
1036 2805 1133 2846 eos
1159 2798 1348 2844 contra
1372 2806 1431 2847 se
1457 2790 1706 2846 irritandi

177 2887 426 2950 rationem,
456 2889 500 2940 si
539 2886 734 2956 plenus
778 2885 896 2953 ipse
925 2894 980 2940 et
1003 2884 1292 2939 abundans
1322 2886 1600 2954 congestis
1641 2885 1709 2940 ab

178 2978 468 3048 imperatore
495 2977 778 3032 donativis
805 2978 1148 3032 intercedere
1179 2991 1246 3033 ac
1275 2977 1518 3031 cavillari
1545 2977 1712 3032 aude-

178 3081 256 3135 ret,
279 3071 562 3139 quominus
602 3069 688 3123 sui
723 3068 928 3123 milites
961 3081 1060 3123 sua
1092 3067 1198 3123 sibi
1228 3068 1379 3122 lucra
1406 3067 1531 3139 jure
1563 3069 1708 3138 inju-

175 3161 297 3213 riavc
355 3160 691 3214 conﬁcerent
759 3166 813 3212 et
878 3173 1222 3229 quaecunque
1283 3158 1711 3228 concupiverant

179 3255 446 3308 auferrent.
479 3252 652 3321 Cujus
683 3251 805 3307 ideo
825 3250 1218 3320 itnprnbissimi
1243 3261 1486 3321 quastus
1516 3249 1717 3320 plenis-

177 3345 340 3398 simam
386 3346 519 3415 ipsis
555 3343 873 3399 facultatem
920 3343 1260 3413 indulgebat,
1313 3343 1616 3398 eonnivens
1649 3343 1716 3397 ad

176 3438 344 3499 omnia,
371 3447 421 3492 et
439 3437 706 3507 quidquid
730 3444 1114 3502 attentassent,
1141 3451 1209 3490 ne
1241 3436 1465 3491 minimo
1494 3437 1713 3505 quidem

176 3538 282 3581 nutu
329 3531 426 3584 sibi
480 3530 665 3584 minus
705 3529 922 3598 probari
964 3529 1245 3584 declarare
1300 3528 1622 3592 sustinens;
1650 3542 1717 3583 ne

177 3621 278 3674 dum
307 3634 360 3676 ut
388 3637 644 3678 coercere
673 3623 1068 3690 increpareque
1105 3621 1332 3674 auderet
1356 3620 1524 3675 libere
1551 3620 1716 3674 obse-

177 3713 358 3780 quendo
409 3715 592 3782 pravis
625 3713 1024 3783 cupiditatibus
1083 3713 1136 3764 in
1199 3711 1446 3766 facinora
1511 3710 1714 3782 passim

176 3815 486 3876 erumpentes
523 3805 900 3869 odiosissima,
955 3817 1048 3858 aut
1084 3819 1309 3876 quoquo
1339 3807 1501 3860 modo
1546 3806 1716 3862 inter-

177 3907 325 3978 cipere
353 3917 601 3979 speratus
630 3907 768 3978 ipsis
792 3905 1145 3977 quantumvis
1178 3905 1410 3975 injustas
1445 3911 1718 3960 etcruen-

178 4009 244 4053 tas
273 4002 490 4070 praedas.
529 4001 852 4068 Quanquam
896 4006 1016 4052 erat
1073 4011 1206 4052 sane
1265 4011 1363 4050 cur
1394 3995 1429 4050 ii
1466 3996 1712 4051 contenti

181 4105 276 4145 esse
295 4091 463 4161 juberi
498 4103 647 4145 recte
677 4097 928 4160 possent,
953 4087 1236 4143 alimentis
1263 4088 1411 4158 large
1454 4088 1712 4158 abimpe-

179 4193 325 4237 ratore
367 4183 732 4255 suppeditatis
795 4191 908 4235 tam
943 4183 1104 4251 IOngo
1129 4180 1241 4248 jam
1289 4191 1571 4250 tempore,
1606 4194 1715 4250 quo

176 4281 266 4326 toto
291 4276 411 4329 nihil
441 4277 624 4330 adhuc
657 4274 922 4344 egissent,
942 4273 1076 4326 nihil
1115 4273 1416 4326 etiamnum
1450 4279 1711 4342 agerent,

177 4381 263 4434 quo
289 4368 366 4421 illa
394 4370 767 4438 promeruisse
796 4352 1138 4420 viderentur.
1167 4363 1274 4416 Sed
1321 4362 1482 4434 41⁸1
1518 4371 1576 4416 ιιι
1600 4371 1714 4417 tota

179 4464 236 4511 rei
263 4461 718 4539 Imjusindignitas
745 4459 988 4528 pressius
1020 4456 1123 4512 sub
1155 4471 1323 4510 unum
1353 4458 1508 4525 quasi
1537 4455 1708 4510 lecto-

1820 583 1929 637 τῶν
1957 587 2078 639 κατ’
2107 581 2255 640 οἷκον
2298 587 2555 658 ἐστέρουν
2602 587 2674 650 ὡς
2718 588 2772 640 εῖ
2813 603 2968 650 τινας
3013 586 3250 658 ἀγρότας
3300 588 3394 640 καὶ

1823 678 2188 747 μετανάσταις,
2223 678 2650 750 ἐνθρυπτόμενοι
2693 680 2899 748 σφίσιν.
2943 681 3007 733 Ol
3053 681 3112 733 δὲ
3163 681 3238 750 τῷ
3296 682 3395 734 τοῦ

1820 771 2150 840 κρατοῦντος
2179 774 2286 826 δέει
2322 773 2414 826 κού⁵
2447 773 2525 845 τῷ
2551 774 2608 840 ἐξ
2651 773 2927 844 ἐμφυλίων
2957 774 3210 843 πολέμων
3235 791 3392 844 νομισ-

1821 864 2033 934 ςομένῳ
2069 865 2298 935 κινδύνῳ
2333 866 2803 935 ὑποστελλόμενοι,
2834 865 2911 930 ὡς
2942 872 3017 936 μή
3053 885 3104 919 τι
3135 884 3396 939 νεωτερι-

1821 957 1974 1028 σθείη
2026 958 2133 1010 τῶν
2193 959 2564 1028 ἀνηκέστων,
2595 961 2732 1023 τέως
2780 961 2843 1013 ὲκ
2881 959 3002 1029 βίας
3044 959 3250 1031 ὥρμων
3301 961 3397 1014 καὶ

1820 1049 2079 1113 πολλάκις
2107 1051 2410 1116 ἐσφάδαζον
2442 1051 2834 1122 ἀμυνούμενοι.
2861 1053 3026 1116 Τέλος
3049 1055 3158 1106 τῶν
3185 1054 3395 1124 ἐχθρῶν

1817 1142 1984 1210 ἐγγὺς
2016 1143 2394 1211 ἀγγελθέντων
2439 1145 2578 1199 κατὰ
2609 1147 2702 1198 τον
2750 1145 2843 1198 τοῦ
2892 1147 3220 1216 Γουλιέλμου
3250 1147 3396 1216 πύρ-

1819 1250 1935 1301 γον.
1969 1235 2018 1285 οἱ
2052 1235 2153 1302 μὲν
2183 1237 2490 1290 ἀπαντόθεν
2537 1237 2755 1307 σύναμα
2794 1241 2872 1310 τῷ
2908 1240 3058 1307 σφῶν
3099 1239 3397 1310 στρατηγῷ

1817 1323 1894 1392 τῷ
1933 1325 2198 1399 Μαρούλῃ
2225 1331 2420 1397 χωρεῖν
2450 1329 2551 1382 οὑκ
2579 1329 2868 1382 ἀπώκνουν
2897 1330 3060 1400 ὁμόσε
3091 1333 3202 1394 τοῖς
3236 1331 3397 1383 πολε-

1823 1417 1984 1484 μίοις,
2032 1418 2081 1468 οἱ
2143 1417 2188 1468 δ’
2243 1418 2510 1489 ἐλπισμδν
2553 1421 2652 1490 μὲν
2705 1424 2964 1491 παρεῖχον
3015 1423 3248 1492 φανῆναι
3301 1417 3397 1476 καὶ

1819 1511 2150 1577 συμμαχεῖν,
2200 1511 2336 1564 ἀλλὰ
2381 1512 2490 1565 τῶν
2542 1514 2792 1585 συνήθων
2834 1513 3100 1584 οὕμενουν
3140 1517 3240 1568 οὐκ
3275 1515 3398 1586 ἐλή-

1817 1601 2003 1655 θοντο⁶
2039 1601 2279 1672 βραδέως
2307 1605 2415 1674 γὰρ
2447 1603 2769 1670 ἐζώννυντο,
2809 1605 2901 1658 καὶ
2935 1606 3088 1675 μόλις
3119 1605 3393 1673 ἐκόσμουν

1818 1693 1944 1755 τοὺς
1996 1691 2216 1758 ἵππους,
2276 1697 2370 1750 καὶ
2418 1698 2721 1768 προμηθεῖς
2774 1693 2917 1767 ἦσαν
2964 1697 3057 1750 τοῦ
3107 1698 3392 1751 ἀκινδύνου

1823 1784 2026 1850 σφίσιν,
2056 1783 2131 1847 ὡς
2162 1784 2470 1854 φαίνεσθαι.
2506 1788 2615 1841 Καὶ
2645 1787 2705 1840 τὸ
2733 1787 2927 1857 βράδος
2959 1787 3131 1840 ἐδίδου
3172 1787 3395 1856 μεσούν-

1816 1892 1922 1928 των
1949 1876 2132 1930 αὐτῶν
2173 1876 2273 1946 τὴν
2305 1879 2422 1931 ὁδὸν
2452 1881 2752 1949 κατορθοῦν
2783 1881 2910 1943 τοὺς
2959 1881 3256 1951 προτέρους
3299 1882 3394 1934 καὶ

1821 1969 2020 2039 μόνους
2069 1973 2170 2040 τὴν
2204 1971 2407 2042 μάχην.
2451 1972 2541 2036 Ὦς
2594 1973 2640 2026 δ’
2669 1977 2718 2027 οἱ
2773 1973 2872 2043 μὲν
2922 1975 3204 2043 ὑστέρουν,
3252 1975 3302 2027 oi
3335 1975 3392 2028 δὲ

1817 2061 2242 2130 κατωρθωκότες
2273 2063 2637 2134 ὑπέστρεφον,
2681 2065 2915 2118 ἐνταῦθά
2943 2082 3026 2127 τις
3051 2060 3160 2120 εἶδε
3189 2067 3252 2119 τὸ
3283 2067 3392 2120 τῶν

1818 2153 2126 2222 συμμάχων
2147 2154 2442 2225 κακόηθες,
2477 2159 2567 2209 καὶ
2585 2157 2666 2210 ὅτι
2690 2158 2788 2227 οὐχ
2810 2157 2887 2220 ὡς
2919 2157 3115 2222 φίλοις,
3143 2158 3218 2221 ὡς
3245 2160 3393 2222 εἰκὸς

1814 2239 1904 2310 ἧν,
1933 2244 2047 2296 ἀλλ’
2081 2245 2158 2308 ὼς
2207 2245 2424 2316 ἐχθροῖς
2472 2251 2586 2310 τοῖς
2621 2250 2912 2318 ἡμετέροις
2959 2249 3388 2320 προσεφέροντο.

1816 2337 2039 2392 Συνίασι
2071 2341 2181 2409 γὰρ
2235 2340 2294 2405 ἐξ
2343 2340 2693 2410 ὑποστροφῆς
2729 2343 2960 2403 ἐκείνοις
2993 2343 3041 2394 οι
3095 2343 3394 2412 κατωρθω-

1818 2529 1944 2568 vera
1996 2515 2412 2583 experientibns
2450 2517 2528 2570 rei
2583 2515 2839 2582 bellicae;
2887 2532 3029 2587 quos
3070 2526 3252 2572 tamen
3285 2535 3391 2574 non

1816 2614 2138 2661 vererentur
2175 2607 2479 2662 insolentes
2541 2609 2766 2664 advenze.
2808 2619 2865 2663 et
2900 2611 3133 2678 quaestui
3175 2619 3231 2666 et
3257 2612 3395 2666 ludi-

1817 2697 1938 2752 brio
1995 2707 2104 2752 tam
2157 2701 2470 2768 petulanter
2525 2699 2749 2765 habere,
2785 2709 2844 2754 ut
2872 2716 2970 2756 eos
3007 2701 3252 2772 ipsorum
3297 2706 3393 2774 qui

1817 2791 2098 2860 equestria
2151 2793 2425 2861 stipendia
2493 2794 2799 2858 merebant,
2829 2794 2988 2863 equis
3024 2797 3293 2863 ademptis
3340 2799 3394 2850 in

1818 2884 2071 2938 ordinem
2105 2885 2350 2954 peditum
2394 2886 2726 2955 redigerent,
2764 2887 2936 2942 armis
2987 2894 3248 2956 pmterea
3274 2927 3292 2954 ,
3345 2890 3395 2942 si

1817 2979 2182 3041 collibuisset,
2222 2979 2543 3048 spoliarent,
2579 2993 2679 3033 nec
2706 2994 2736 3032 a
2768 2994 2827 3034 re
2857 2979 3103 3047 ipsorum
3139 2981 3393 3034 familiari

1818 3070 2266 3140 supellectilique
2297 3072 2600 3126 domestica
2653 3072 2998 3127 abstinerent
3026 3087 3251 3140 rapaces
3285 3091 3398 3125 ma-

1744 3204 1787 3265 ϐ
1822 3177 1962 3225 nus,
1996 3162 2234 3231 denique
2270 3165 2420 3217 omni
2485 3164 2708 3218 ludibrii
2756 3180 2957 3236 genere
3010 3165 3182 3219 nihilo
3242 3164 3394 3234 ipsos

1821 3253 2023 3308 minori
2049 3255 2384 3310 contumelia
2413 3267 2672 3310 vexarent
2707 3271 2870 3324 quam
2900 3257 2946 3312 si
2981 3257 3115 3311 viles
3139 3258 3391 3312 rusticuii

1820 3353 1916 3398 aut
1965 3344 2179 3415 profugi
2217 3347 2438 3402 exsules
2465 3356 2673 3400 essent.
2708 3344 2818 3402 Hos
2837 3346 2890 3401 in
2921 3355 3032 3401 tam
3057 3347 3263 3403 dillicili
3295 3363 3394 3418 pa-

1823 3438 2010 3492 tientia
2051 3437 2210 3492 ducis
2245 3437 2331 3492 sui
2358 3436 2581 3491 Marulis
2610 3438 2836 3492 assidua
2873 3439 3080 3493 monita
3112 3439 3392 3497 tenebant.

1819 3529 2028 3584 nullum
2079 3531 2243 3586 linem
2300 3529 2558 3585 facientis
2615 3529 2923 3585 inculcata-li
2977 3546 3139 3600 quam
3205 3530 3394 3601 iniquo

1819 3622 2002 3674 animo
2025 3621 2318 3677 auditurus
2341 3623 2647 3692 imperator
2673 3622 2817 3678 foret
2842 3623 3016 3676 rixam
3066 3638 3394 3694 quacunque

1819 3727 1990 3766 causa
2027 3713 2170 3767 inter
2224 3713 2502 3767 Romanos
2547 3720 2600 3768 et
2627 3713 2926 3768 auxiliares
2957 3714 3144 3783 copias
3173 3726 3392 3770 contra-

1817 3814 1960 3857 ctam
2000 3820 2014 3855 :
2042 3803 2262 3872 quidvis
2293 3805 2462 3872 igitur
2486 3803 2939 3873 concoquendum
2967 3805 3147 3873 potius
3177 3804 3393 3873 injuria:

1816 3899 2100 3960 putarent,
2123 3905 2287 3960 quam
2318 3892 2385 3945 ad
2417 3892 2619 3946 bellum
2646 3891 2804 3946 civile
2837 3891 3255 3959 descenderent,
3296 3895 3388 3952 tali

1818 3982 2120 4050 praesertim
2181 3990 2428 4051 tempore
2482 3982 2721 4052 capitale
2767 3997 2831 4036 ac
2898 3999 3121 4051 prorsus
3167 3985 3391 4039 exitiale

1819 4073 2132 4142 reipublicae
2156 4075 2428 4128 futurum.
2455 4073 2567 4128 Nec
2617 4082 2802 4128 tamen
2831 4073 2916 4126 his
2937 4089 3151 4144 semper
3179 4084 3392 4144 poterat

1817 4165 2066 4233 pravorti
2093 4163 2226 4234 quin
2261 4163 2366 4219 sub
2398 4163 2513 4218 acri
2541 4179 2705 4218 sensu
2738 4163 3084 4218 contumeliae
3108 4165 3392 4231 pra-sentis

1815 4256 2092 4311 militares
2126 4256 2402 4312 interdum
2437 4256 2608 4310 animi
2642 4256 2747 4310 vim
2784 4263 2838 4309 et
2879 4269 3034 4310 arma
3067 4255 3390 4325 expedirent

1815 4351 1870 4404 in
1915 4350 2212 4405 vindictam
2239 4358 2334 4404 aut
2367 4351 2421 4404 in
2447 4351 2624 4404 minas
2641 4359 3011 4419 erumperent,
3047 4348 3302 4402 incendio
3322 4364 3388 4402 ex

1817 4443 1904 4499 his
1933 4443 2212 4510 scintillis,
2237 4442 2340 4496 nisi
2374 4443 2559 4497 statim
2607 4456 2740 4494 cura
2782 4441 2939 4496 ducis
2965 4442 3390 4510 apprimeretur,

178 4552 236 4605 [is
289 4534 555 4624 aspectu-nl
617 4551 902 4620 comgamr
930 4592 944 4615 ,
1005 4563 1280 4603 resumam
1330 4547 1700 4601 narrationem
1739 4551 1782 4606 ι)
1815 4537 1873 4590 ll]
1903 4551 2157 4604 magnam
2179 4535 2479 4604 perniciem
2529 4533 2946 4588 inﬂammando.
2967 4531 3222 4588 OCClll‘t‘il.
3252 4533 3392 4586 llilL‘l'

180 4646 308 4712 paulo
330 4649 598 4717 superius.
630 4644 761 4699 Erat
795 4644 868 4699 ibi
901 4643 1152 4696 tribunus
1179 4642 1402 4710 quidam
1435 4641 1707 4703 militaris.

181 4735 374 4795 llarules
409 4739 653 4803 nomine,
681 4737 946 4792 vocabulo
980 4735 1084 4805 ipsi
1117 4749 1392 4789 concessae
1426 4731 1710 4803 dignitatis

181 4841 371 4895 magnus
395 4829 597 4883 arebon
636 4826 741 4881 dici
774 4824 1277 4880 solitrrleictotus
1299 4824 1488 4878 eratin
1521 4821 1710 4876 obser-

183 4922 326 4974 vando
352 4921 737 4990 obsequiisque
767 4916 1098 4973 demerendo
1129 4916 1331 4970 inlimis
1361 4914 1656 4968 Rontzcrio
1691 4926 1718 4968 :'

183 5010 373 5065 sict-nim
388 5017 561 5083 ipsum
580 5008 1326 5078 lacereAugustusjusserat.
1347 5006 1549 5060 Tamen
1567 5005 1707 5059 idem

181 5112 282 5155 suos
297 5104 500 5158 intimos
518 5102 817 5156 familiares
837 5100 1178 5170 propriaeque
1196 5098 1442 5153 cohortis
1463 5098 1661 5150 milites
1679 5114 1706 5149 a

183 5187 513 5251 Rontzerianis
547 5195 770 5264 injuriis
822 5194 1049 5248 aﬂectos
1081 5193 1472 5254 miserabatur,
1503 5206 1704 5245 conso-

183 5277 295 5348 lms,
329 5288 445 5356 quin
481 5288 647 5342 etiam
678 5296 732 5340 et
773 5285 1066 5348 deliniens‘,
1113 5295 1172 5339 ut
1205 5285 1343 5337 mala
1381 5283 1434 5337 in
1473 5290 1707 5336 cunctos

184 5370 323 5440 (ἒξ-χὶρί
352 5378 603 5449 degentes
645 5375 982 5444 grassantia,
1010 5387 1076 5426 ne
1104 5373 1238 5441 ipsis
1267 5369 1485 5440 quidem
1515 5383 1709 5437 excep-

186 5465 264 5529 ίίδς
294 5482 550 5544 tthunque
591 5472 880 5544 privilegio
916 5471 1110 5525 Saltem
1168 5469 1382 5524 militia
1435 5469 1708 5522 immunes

185 5557 316 5616 abiis
345 5581 454 5620 esse
487 5565 845 5627 debuissent,
903 5563 1107 5616 ferrent
1157 5559 1478 5630 patientius,
1529 5571 1707 5625 neque

187 5648 234 5701 ad
260 5668 311 5706 ea
335 5656 408 5709 vel
437 5654 748 5726 repellenda
779 5654 860 5707 vel
887 5652 1206 5708 ulciscenda
1229 5658 1516 5704 uterentur
1540 5653 1708 5700 armis

187 5755 278 5808 ιιιιειε
320 5747 516 5814 publice
575 5749 710 5818 ipsis
755 5746 953 5800 tradita
1013 5743 1334 5814 gestabant,
1387 5749 1547 5811 prout
1592 5748 1707 5793 erat

190 5851 372 5902 ,ronum
407 5841 544 5896 laetu
598 5843 753 5904 viris,
782 5839 970 5910 quales
1007 5839 1060 5892 lii
1093 5845 1268 5903 erant,
1303 5835 1536 5891 fortibus
1573 5840 1623 5888 et
1653 5847 1708 5884 re

383 5939 644 6000 Ριτουι..
682 5937 800 5998 Gn.
863 5937 1131 5998 CXLIV.

1815 4625 1932 4678 haec
1957 4625 2184 4679 occasio
2217 4623 2487 4677 lacinoris
2516 4622 2791 4686 militaris,
2823 4623 3195 4676 certoindicio
3228 4623 3393 4676 allato

1812 4723 2200 4784 provectorum
2249 4730 2422 4784 usque
2480 4715 2532 4769 in
2595 4715 2849 4768 viciniam
2903 4714 3163 4770 hostium.
3217 4714 3277 4767 lli
3324 4719 3390 4770 ad

1814 4809 2008 4862 turrim
2053 4807 2312 4863 Gulielmi
2361 4808 2563 4862 dictant
2590 4845 2611 4873 ,
2653 4808 3076 4863 locunistativis
3131 4806 3394 4863 Romanis

1810 4901 2152 4969 proximum,
2187 4901 2494 4954 accessisse
2539 4901 2878 4954 ferebantur.
2937 4899 3103 4970 418
3143 4899 3393 4954 Pronun-

1812 4993 1980 5046 tiatur
2008 5008 2138 5062 ergo
2165 4993 2294 5046 totis
2314 4993 2514 5046 castris
2546 4993 2598 5044 in
2618 5006 2714 5045 eos
2739 4991 2988 5060 irruptio.
3012 4992 3248 5046 Marules
3267 5009 3390 5047 cum

1811 5086 1930 5142 suis
1961 5086 2102 5140 inter
2131 5086 2337 5156 primos
2363 5087 2684 5154 procinctus
2729 5085 2928 5151 astitit;
2960 5084 3275 5154 frustraque
3297 5085 3388 5139 diu

1810 5186 2130 5246 exspectato
2157 5188 2215 5232 ut
2243 5176 2627 5240 Rontzeriani,
2662 5177 2754 5245 qui
2805 5183 2871 5231 ad
2905 5178 3030 5234 talia
3081 5191 3276 5245 segnes
3304 5192 3392 5230 ec-

1811 5271 2133 5334 currebant,
2150 5267 2705 5338 expedirentur,dum
2731 5269 2807 5322 illi
2837 5269 2972 5323 tardi
2994 5282 3058 5321 ac
3077 5268 3208 5322 lenti
3232 5267 3390 5322 solita

1811 5365 1865 5418 in
1900 5363 2158 5416 omnibus
2190 5361 2457 5431 pravitate
2485 5376 2668 5415 moras
2698 5362 2952 5418 consulto
2983 5368 3231 5423 nectunt,
3251 5375 3393 5431 aegre

1813 5453 2106 5508 molientes
2153 5465 2305 5504 arma
2335 5459 2390 5505 et
2411 5466 2582 5519 equos
2615 5453 2987 5514 adornantes,
3020 5466 3128 5516 quo
3183 5450 3393 5506 scilicet

1813 5542 2116 5615 periculum
2145 5541 2398 5596 incursus
2428 5541 2588 5610 primi
2613 5543 2836 5612 quosvis
2864 5543 3042 5609 potius
3065 5540 3203 5593 alios
3228 5555 3390 5610 quam

1815 5641 1965 5708 ipsos
2019 5634 2318 5702 attingeret
2346 5673 2360 5696 ,
2425 5632 2718 5688 Maruliani
2753 5638 3044 5689 occasione
3079 5635 3394 5686 necessario

1813 5737 2045 5786 vocante
2090 5735 2314 5782 strenue
2350 5726 2540 5781 hostes
2597 5728 2885 5793 invadunt,
2931 5727 3178 5794 fusisque
3235 5725 3300 5779 iis
3330 5741 3396 5779 ac

1813 5821 2017 5893 fugatis
2061 5820 2296 5873 victores
2365 5820 2610 5873 redeunt.
2668 5820 3030 5876 Revertentes
3080 5819 3164 5874 via
3216 5821 3395 5874 media

3001 5916 3071 5975 15
