3768 6574
389 493 498 559 467

1629 504 1956 566 GEORGII
2000 509 2302 572 PACHYM
2315 509 2481 570 ΕΜΞ

3543 491 3638 558 458

389 613 497 681 Χρὴ
533 613 836 681 πιστεύειν,
869 613 966 668 καί
996 631 1108 668 τισι
1155 614 1222 669 δι’
1253 615 1490 688 ἀγχόνης
1519 618 1686 689 μόρον
1715 619 1860 673 κατά
1886 620 1975 674 τδν
2004 627 2046 683 Α
2081 624 2170 696 ριξ
2195 625 2433 697 φρούρια
2474 623 2534 689 ἐξ
2566 618 2856 692 ὁμολογίας
2877 615 2965 671 διὰ
2994 615 3094 684 τὴν
3140 611 3385 678 ἀνάγκην
3423 608 3642 676 Πέρσαις

389 704 594 773 τρόπον
622 706 730 759 τῶν
753 705 974 760 Ἰταλῶν
1011 706 1214 776 ἐπῆξεν
1244 711 1272 762 ὁ
1303 709 1707 780 ἀφηγούμενος,
1748 711 1806 765 οὗ
1837 712 1969 782 παρ’
1998 728 2008 736 ‘

393 797 521 850 ἄλλο
565 816 620 852 τι
671 799 702 867 ἢ
750 800 809 853 τὸ
853 799 1028 854 θέλειν
1060 801 1304 864 ἐκείνους
1359 806 1668 873 περιποιεῖν
1707 804 1970 873 σφέτερα.

402 890 461 943 '0
485 889 539 943 δὲ
567 888 667 943 εἶτ’
691 891 1030 962 ἀμυνόμενος
1061 893 1288 948 αὐτόθεν
1318 895 1429 948 εἴτε
1463 895 1570 966 μὴν
1587 897 1682 949 καὶ
1710 897 1837 959 τοὺς
1860 896 1974 949 λοι-

391 983 528 1046 ποὺς
551 983 945 1052 δεδιττόμενος,
982 986 1077 1040 καὶ
1112 987 1216 1040 ὑπὸ
1243 986 1372 1049 τοὺς
1407 987 1637 1054 δώδεκα,
1674 989 1746 1052 ὡς
1782 989 1974 1055 sim.

391 1091 472 1140 το,
501 1073 895 1145 ἁπηγχόνισεν,
928 1078 1064 1132 ὅπου
1100 1095 1163 1147 γε
1197 1081 1294 1134 καί⁸
1343 1078 1508 1133 αὑτὸν
1534 1080 1626 1133 τὸν
1656 1081 1808 1148 σφῶν
1851 1079 1976 1150 ἐξη-

391 1165 489 1232 γού
499 1185 680 1236 μενον,
705 1167 872 1239 ἄνδρα
898 1171 1120 1240 ἀρεῖκδν
1153 1172 1217 1224 ὲκ
1238 1171 1566 1240 Βουλγάρων
1593 1171 1692 1225 καὶ
1716 1173 1894 1242 μέγαν
1917 1172 1976 1240 ἐξ

393 1260 724 1330 ἀξιωμάτων
751 1262 1038 1328 τζαούσιον
1074 1264 1165 1317 τὸν
1192 1264 1628 1335 Χρανίσθλασον,
1681 1266 1740 1320 ὃν
1769 1268 1832 1320 ὲκ
1878 1267 1974 1320 τοῦ

396 1356 538 1408 κατὰ
562 1355 655 1409 τὸν
679 1356 936 1426 Λαχανᾶν
957 1357 1195 1427 πολέμου
1219 1359 1312 1411 ἐπὶ
1337 1359 1559 1430 Μιχαὴλ
1586 1358 1681 1412 τοῦ
1712 1358 1976 1428 βασιλέως

395 1447 592 1500 ἁλόντα
651 1449 743 1502 καὶ
785 1449 1005 1519 δεσμοῖς
1043 1451 1128 1518 ἐφ’
1162 1449 1384 1519 εἱρκτῆς
1419 1450 1815 1521 συνισχημὲνον
1850 1451 1980 1503 πολ-

392 1538 506 1600 λοῖς
532 1537 763 1610 ὕστερον
788 1541 1002 1610 χρόνοις
1042 1539 1298 1611 βασιλεὺς
1326 1544 1424 1611 τῆς
1457 1541 1684 1611 εἱρκτῆς
1730 1539 1979 1596 ἐκϐαλὼν

394 1632 488 1684 καὶ
517 1632 759 1702 τιμήσας
785 1631 864 1702 τῷ
890 1632 1160 1704 ἀξιώματι
1183 1637 1296 1696 τοῖς
1323 1635 1439 1688 ἐκεῖ
1477 1633 1702 1705 μέρεσιν
1733 1633 1826 1687 ἐπὶ
1854 1633 1982 1704 χρό-

396 1740 508 1787 νοις
543 1725 791 1795 ἁρχηγδν
830 1722 966 1796 εἶχε,
1013 1726 1110 1780 κα)⁸
1150 1727 1314 1781 αὐτὸν
1367 1727 1499 1795 γοῦν
1530 1727 1744 1790 τοῦτον,
1774 1726 1850 1790 ὼς
1895 1724 1983 1778 λέ-

397 1832 578 1883 γεται,
609 1816 666 1883 ἐξ
697 1815 914 1886 ἑτοίμου
942 1819 1007 1888 τῇ
1061 1819 1307 1890 μαχαίρᾳ
1329 1819 1549 1890 τρώσας
1589 1821 1700 1881 τοῖς
1728 1818 1980 1888 ἀπαγχο-

399 1909 608 1963 νίσουσι
641 1910 952 1982 παρεδίδου.
979 1911 1096 1964 Κᾶν
1127 1913 1220 1964 καὶ
1246 1909 1390 1965 τοῦτ’
1424 1909 1690 1980 ἐγεγόνει,
1735 1910 1785 1962 εί
1820 1910 1893 1978 μή
1917 1926 1980 1976 γε

401 2002 590 2056 πολλοὶ
626 2004 720 2056 καὶ
746 2003 884 2072 πρὸς
915 2004 1156 2056 ἱκετείαν
1188 2004 1456 2076 ἀξιόχρεῳ
1483 2004 1624 2074 ὑπὲρ
1647 2001 1740 2056 τοῦ
1773 2002 1977 2067 -ἀνδρδς

395 2096 499 2148 οὐκ
536 2095 692 2164 ὀλίγα
724 2096 1098 2166 προτείνοντες
1119 2095 1304 2150 δίκαια
1333 2096 1695 2166 ὲξηρήσαντο.
1729 2093 1978 2148 Κάντεῦ-

399 2189 492 2242 Θεν
531 2189 748 2259 Χλιαρὰ
780 2187 1004 2242 διελθὼν
1028 2189 1123 2242 καὶ
1143 2189 1312 2243 τᾶλλα
1337 2189 1437 2258 τὴν
1464 2190 1560 2242 ἐπὶ
1591 2186 1982 2255 Φιλαδελφείας

400 2279 662 2334 ἔσπευδεν
698 2281 964 2350 ἐσχάτως,
997 2281 1073 2340 ὡς
1115 2281 1338 2351 ἐρρέθη,
1387 2281 1824 2334 κινδυνεύουσαν.
1871 2281 1984 2334 Κά-

400 2373 560 2443 πιιδὴ
593 2372 848 2442 ἡλίσκετο
880 2372 982 2443 μὲν
1005 2371 1268 2444 Τρίπολις
1298 2373 1402 2445 πρὸ
1445 2374 1662 2445 καιροῦ,
1691 2373 1760 2426 τὰ
1794 2373 1850 2426 δὲ
1883 2372 1981 2424 πέ-

402 2555 598 2620 laqueo
631 2551 698 2607 de
729 2565 882 2607 more
911 2550 1170 2607 Italorum
1203 2566 1394 2608 necem
1425 2551 1756 2624 quibusdam
1789 2562 1978 2606 eorum

403 2645 606 2700 ductor
661 2647 869 2708 intulit,
915 2661 1023 2701 non
1066 2647 1174 2700 alia
1205 2645 1275 2700 de
1301 2659 1472 2702 causa
1503 2660 1671 2716 quam
1719 2643 1863 2714 quod
1895 2656 1982 2698 res

403 2753 534 2794 suas
589 2739 645 2793 in
685 2739 866 2810 praeda
901 2737 1125 2795 Persica
1184 2737 1401 2810 agnitae
1450 2751 1731 2794 resumere
1795 2736 1873 2790 illi
1919 2749 1984 2790 ac

404 2831 511 2886 sibi
555 2831 840 2886 vindicare
885 2831 1212 2886 voluissent.
1285 2827 1397 2884 Sed
1459 2827 1726 2900 quidquid
1782 2827 1855 2882 sit
1913 2826 1982 2880 de

402 2939 569 2979 causa
604 2922 758 2990 facti,
809 2923 878 2978 de
914 2921 1061 2978 facto
1092 2924 1314 2994 quidem
1365 2922 1504 2978 satis
1550 2929 1768 2977 constat
1815 2919 1984 2990 426

403 3014 725 3069 testimonio
771 3014 1095 3079 multorum,
1152 3015 1407 3071 homines
1451 3013 1710 3069 videlicet
1761 3011 1982 3067 circiter

407 3106 699 3164 duodecim
731 3106 896 3177 jussu
927 3107 1089 3165 ducis
1120 3108 1326 3178 magni,
1359 3107 1477 3164 sive
1505 3105 1823 3162 ulciscentis
1855 3118 1984 3174 pec-

408 3209 593 3258 catum
632 3201 960 3273 quodpiam,
994 3201 1110 3256 sive
1135 3201 1496 3272 praecaventis
1535 3198 1592 3253 in
1639 3197 1885 3252 futurum
1927 3202 1984 3249 et

408 3306 620 3352 terrore
654 3295 1074 3363 praemunientis
1110 3309 1240 3350 suos
1283 3309 1350 3348 ne
1393 3299 1708 3363 peccarent.
1738 3299 1986 3360 strangu-

407 3390 554 3445 latos
616 3395 751 3443 tunc
805 3386 1110 3457 suspendio
1166 3387 1358 3449 fuisse,
1421 3385 1645 3458 quando
1698 3392 1752 3438 et
1802 3381 1984 3450 ipsum

404 3484 603 3540 ducem
660 3483 828 3539 iSIillS
890 3481 1159 3546 cohortis,
1198 3494 1263 3534 ex
1326 3494 1432 3550 qua
1467 3479 1554 3532 isti
1596 3487 1776 3542 erant,
1802 3475 1984 3529 virum

407 3577 675 3648 inclytum
723 3577 931 3630 virtute
993 3573 1245 3640 militari,
1323 3582 1449 3628 ortu
1515 3563 1852 3640 Bulgarutn,‘
1897 3567 1985 3623 cui

407 3669 588 3729 ferat
657 3669 900 3740 dignitas
962 3667 1165 3722 collata
1218 3667 1398 3736 magni
1459 3665 1697 3728 tzansii,
1753 3661 1989 3717 Chrani-

405 3761 684 3816 sthlabum
741 3761 984 3825 nomine,
1017 3773 1181 3830 quem
1246 3757 1390 3812 bello
1442 3763 1638 3812 contra
1675 3753 1986 3808 Lachanam

405 3852 638 3908 Michael
679 3853 961 3924 Augustus
1000 3851 1190 3906 senior
1249 3849 1379 3904 olim
1415 3859 1636 3920 captum
1693 3847 1898 3916 diuque
1931 3845 1987 3899 in

408 3960 634 4002 carcere
697 3943 1064 4000 constrictum
1123 3942 1362 3998 vinculis
1425 3943 1756 4005 detentum,
1823 3939 1989 4009 longo

407 4046 533 4108 post
607 4045 854 4108 tempore
912 4035 1270 4090 Andronicus
1343 4034 1646 4102 imperator
1719 4032 1985 4088 emissum

408 4132 660 4188 custodia
696 4141 750 4186 et
797 4145 860 4186 ea
893 4144 1058 4201 quam
1109 4126 1223 4183 dixi
1265 4135 1519 4181 ornatum
1549 4123 1842 4195 dignitate,
1875 4122 1986 4178 illis

408 4225 502 4282 diu
559 4227 615 4280 in
675 4218 922 4294 partibus
979 4221 1190 4277 militia:
1245 4220 1440 4274 ducem
1481 4219 1694 4284 habuit,
1732 4218 1987 4277 ethunc.

409 4320 660 4391 inquam,
731 4326 789 4372 ut
845 4315 1075 4380 dcitur,
1137 4315 1246 4370 dux
1308 4327 1542 4382 magnus
1612 4310 1710 4366 ira:
1783 4310 1988 4380 impetu

407 4418 587 4484 primo
644 4426 674 4467 a
715 4427 773 4468 se
799 4412 1148 4468 vulneratum
1199 4409 1381 4480 gladio
1410 4407 1769 4465 carnificibus
1797 4407 1990 4475 laqueo

411 4503 796 4560 suﬂ‘ocandum
853 4502 1104 4565 tradidit,
1152 4501 1479 4571 finissetque
1549 4499 1595 4554 is
1643 4497 1789 4552 haud
1825 4494 1992 4551 dubie

410 4599 578 4653 vitam
631 4595 958 4666 suspendio,
991 4593 1094 4649 nisi
1128 4592 1286 4646 tnulti
1317 4593 1569 4646 certatim
1634 4597 1991 4645 accurrentes

2073 719 2380 781 ὑπέκειντο,
2403 714 2542 789 ἦσαν
2574 714 2618 768 δ’
2651 705 2797 767 οὗτοι
2823 711 2872 762 οἱ
2907 708 3032 777 περὶ
3065 705 3156 759 τὸν
3189 699 3484 771 Ἀλισύραν
3512 700 3644 767 Καρ.

2078 814 2238 881 μανοὶ
2283 810 2350 864 τὰ
2399 811 2672 881 κράτιστα
2701 806 2810 858 τῶν
2862 799 3114 870 Περσῶν,
3169 794 3483 863 πέμψαντες
3524 793 3570 842 οἱ
3597 791 3645 843 ὲν

2073 907 2187 968 τοῖς
2220 902 2502 974 φρουρίοις
2539 899 2682 954 κατὰ
2714 897 2814 966 τὴν
2844 893 2977 964 περὶ
3025 890 3117 943 τὸν
3170 887 3396 941 Αῧλακα
3455 883 3649 974 διατρί-

2077 995 2225 1048 ϐοντι
2252 973 2644 1060 ἀναγγέλλουσι
2679 988 2777 1058 μὲν
2811 983 2910 1053 τὴν
2962 982 3103 1052 βίαν,
3157 973 3587 1048 προσ-λιπαροῦσι
3609 973 3646 1028 δ’

2077 1084 2380 1156 ἐπαμύνειν
2410 1079 3029 1152 ἀντιπροσχωρήσουσιν
3068 1071 3129 1137 ἐξ
3181 1070 3425 1140 ἑτοίμου.
3460 1068 3527 1136 ἦν
3559 1084 3648 1119 που

2079 1181 2298 1250 φανείη,
2337 1176 2638 1250 ¹Ῥωμαίοις
2688 1188 2752 1241 γε
2798 1165 2918 1224 οὖσι
2952 1169 3045 1222 καὶ
3085 1167 3151 1236 τῇ
3188 1161 3283 1216 τοῦ
3326 1159 3521 1230 καιροῦ
3572 1160 3650 1231 βίᾳ

2079 1275 2306 1340 εἴξασιν.
2354 1272 2412 1324 Ὀ
2450 1270 2508 1324 δὲ
2552 1264 2766 1338 δέχεταί
2799 1281 2858 1318 τε
2893 1262 2992 1332 τὴν
3044 1257 3284 1313 ἱκετείαν
3318 1257 3412 1308 καὶ
3437 1253 3650 1322 ἀμύνειν

2078 1362 2608 1433 κατεπαγγέλλεται.
2637 1360 2711 1413 Οὐ
2741 1357 2848 1429 μὴν
2882 1355 2928 1409 δ’
2945 1353 3083 1408 ἀλλὰ
3116 1351 3214 1406 καὶ
3248 1347 3502 1402 ἐντεῦθεν
3535 1345 3651 1416 θάρ-

2085 1464 2175 1532 ρος
2197 1457 2380 1513 λαϐὼν
2407 1458 2509 1510 οὐκ
2537 1454 2811 1517 ὀλίγιστον
2849 1450 2990 1521 πρδς
3019 1445 3341 1517 συμπλοκὰς
3363 1443 3507 1496 κατὰ
3533 1443 3653 1511 Περ-

2083 1552 2192 1607 σῶν
2224 1549 2575 1622 ἡτοιμάζετο.
2600 1547 2688 1620 [Ρ.
2716 1543 2850 1616 296]
2887 1543 3034 1613 Πλὴν
3059 1541 3106 1594 δ’
3132 1539 3247 1594 ἀλλ’
3288 1536 3406 1592 οὐδὲ
3433 1536 3654 1604 Πέρσαις

2081 1645 2396 1717 ἀνήκουστα
2421 1636 2674 1695 τάκείνου
2705 1638 2974 1705 κατέστη,
3001 1633 3142 1688 ἀλλὰ
3165 1631 3258 1686 καὶ
3278 1629 3438 1684 αὐτοὶ
3473 1628 3653 1695 μαθόν-

2081 1755 2174 1801 τες
2229 1732 2757 1807 προσητοιμάζοντο.
2819 1727 2930 1783 Καί
2977 1743 3084 1780 που
3147 1724 3278 1794 περὶ
3322 1721 3414 1774 τὸν
3447 1718 3654 1773 Αὖλακα

2085 1829 2435 1888 συνελθόντες
2469 1827 2571 1881 οὐκ
2619 1823 2748 1890 ἄξια
2782 1822 2882 1891 μὲν
2912 1819 3008 1874 τοῦ
3049 1818 3293 1888 πλήθους
3323 1813 3451 1868 οὖδέ
3483 1828 3545 1881 γε
3569 1812 3654 1880 τῆς

2085 1921 2449 1995 παρασκευῆς
2477 1919 2757 1988 ἑκατέρων
2779 1913 3046 1983 ἀλλήλους
3075 1911 3334 1980 ἔδρασαν,
3383 1905 3600 1970 λέγεται
3618 1903 3655 1957 δ’

2086 2019 2236 2087 ὅμως
2263 2014 2568 2086 τρωθέντος
2595 2011 2796 2066 αὐτίκα
2820 2010 2914 2062 τοῦ
2941 2005 3234 2076 Ἀλισύρου
3263 2002 3358 2056 καὶ
3389 2002 3473 2062 είς
3495 1997 3655 2068 φυγὴν

2088 2109 2175 2164 διὰ
2219 2108 2390 2163 ταῦτα
2431 2106 2728 2177 βλέψαντος
2782 2101 3001 2171 Πέρσας
3061 2097 3163 2167 μὲν
3218 2095 3340 2165 μετ’
3369 2092 3658 2160 εὐκοσμίας

2089 2198 2349 2254 καὶκατὰ
2382 2191 2585 2268 τρόπον
2618 2193 2946 2263 ἀναχωρεῖν,
2967 2192 3080 2252 τοῖς
3110 2188 3166 2242 δὲ
3201 2186 3345 2240 κατὰ
3377 2185 3474 2238 τὴν
3502 2182 3660 2253 μέγαν

2088 2294 2257 2350 δοῦκα
2285 2291 2599 2363 συναχθεῖσι
2633 2286 2778 2342 κατᾶ
2809 2284 3059 2354 φρήτρας
3089 2280 3250 2352 τριχῆ
3283 2279 3386 2332 οὐκ
3422 2272 3496 2348 ἦν
3543 2273 3662 2329 ἀτά-

2090 2404 2236 2450 κτως
2267 2386 2402 2458 μίγα
2451 2384 2586 2437 πᾶσι
2612 2381 2849 2434 διώκειν.
2887 2377 3150 2430 Ἕκαστοι
3176 2373 3224 2426 δ’
3250 2370 3488 2442 ὁρῶντες
3517 2367 3662 2437 ἀλλή-

2094 2571 2248 2628 duci.
2279 2568 2484 2624 Verum
2545 2563 2638 2621 Iali
2689 2571 3012 2620 eoactarum
3065 2556 3357 2628 subiacere
3414 2550 3659 2608 servituti

2092 2663 2308 2719 arcium
2346 2659 2567 2722 incolae,
2606 2655 2798 2711 audito
2826 2654 3128 2708 adventare
3169 2661 3430 2717 magnum
3457 2644 3661 2707 ducem,

2091 2770 2216 2813 eum
2269 2754 2382 2825 jam
2431 2752 2644 2806 circum
2678 2746 2942 2802 Aulacem
2972 2742 3173 2799 castris
3204 2739 3404 2811 positis
3451 2751 3660 2792 moran-

2097 2858 2204 2904 tem
2246 2844 2518 2916 legatione
2551 2841 2719 2895 tnissa
2756 2837 3131 2893 communiter
3167 2841 3442 2902 rogarunt
3487 2840 3545 2884 ut
3570 2828 3661 2883 sibi

2095 2943 2164 2995 ab
2216 2935 2594 2994 rebellandum
2632 2930 2840 3002 paratis
2873 2929 3091 2983 admoto
3150 2925 3378 2996 propius
3431 2919 3663 2975 exercitu

2095 3034 2354 3089 adesset:
2389 3042 2512 3084 sese
2544 3027 2715 3086 enim,
2769 3021 2936 3079 simul
2967 3029 3087 3075 tuto
3119 3019 3171 3075 id
3209 3025 3440 3088 possent
3471 3017 3664 3076 facere,

2094 3135 2277 3198 pacta,
2311 3122 2515 3192 quibus
2542 3133 2600 3175 se
2621 3130 2837 3172 summa
2865 3116 2914 3168 vi
2943 3111 3122 3166 adacti
3158 3119 3213 3165 et
3244 3109 3503 3164 cedentes
3535 3116 3657 3161 tem-

2095 3197 2217 3288 pori
2270 3219 2464 3269 contra
2511 3207 2850 3263 voluntatem
2909 3202 3325 3256 obstrinxerant
3392 3197 3664 3259 barbaris,

2096 3309 2463 3366 rescissuros.
2509 3311 2562 3358 et
2615 3300 2760 3356 sicut
2790 3297 2954 3369 427
2992 3293 3225 3350 Romani
3271 3299 3454 3357 erant,
3486 3290 3667 3344 missis

2092 3401 2161 3455 ab
2191 3401 2531 3469 imperatore
2579 3393 2777 3462 copiis,
2815 3390 3002 3445 statim
3037 3398 3200 3457 atque
3241 3386 3335 3441 illa
3381 3383 3436 3437 itt
3475 3383 3666 3438 vicinia

2091 3491 2564 3562 comparuissent,
2601 3500 2729 3542 sese
2778 3484 2960 3555 palam
3015 3480 3401 3549 adiuncturos.
3462 3475 3669 3531 Annuit

2091 3584 2184 3640 ille
2212 3582 2468 3654 precibus
2510 3578 2843 3649 supplicum,
2884 3584 2939 3630 et
2984 3574 3276 3628 ducturum
3313 3585 3376 3628 se
3423 3582 3540 3637 quo
3564 3568 3669 3622 velo

2090 3677 2208 3732 ient
2262 3676 2453 3745 copias
2509 3671 2788 3742 promisit,
2847 3685 2912 3726 eo
2958 3669 3225 3723 libentius
3276 3665 3534 3735 quodex
3575 3666 3669 3718 hoc

2093 3769 2213 3840 ipso
2262 3777 2370 3822 tam
2408 3774 2715 3836 opportune
2766 3762 2974 3817 auxilio
3014 3761 3199 3816 oblato
3230 3774 3337 3812 non
3375 3773 3573 3828 parum
3617 3771 3670 3810 sc

2091 3857 2411 3915 confirmari
2464 3855 2742 3910 sentiebat
2797 3853 2864 3907 ad
2903 3852 3044 3908 bene
3073 3849 3410 3920 sperandum
3444 3848 3519 3901 de
3557 3861 3671 3900 suc-

2091 3966 2251 4007 cessu
2302 3947 2676 4018 expeditionis
2714 3946 2900 4016 hujus.
2937 3943 3080 4012 Ergo
3112 3950 3266 3998 tanto
3311 3957 3373 3997 se
3399 3941 3532 3996 inde
3564 3940 3670 3992 ala-

2092 4044 2246 4099 crius
2290 4041 2358 4096 ad
2407 4040 2723 4095 conﬂictum
2776 4054 2898 4093 cum
2939 4035 3124 4093 Persis
3161 4035 3532 4106 comparavit.
3573 4032 3668 4099 Qui

2093 4135 2340 4192 vicissim
2401 4148 2500 4204 per
2553 4133 2940 4201 exploratores
2986 4131 3212 4200 cognito
3272 4129 3454 4198 magni
3524 4129 3671 4183 ducis

2094 4235 2290 4284 contra
2324 4229 2476 4297 ipsos
2509 4223 3055 4280 moventis'adventu
3095 4223 3312 4278 obviam
3349 4223 3426 4277 illi
3460 4222 3673 4291 prodire

2095 4325 2445 4388 occuparunt
2476 4354 2492 4380 ,
2554 4323 2814 4384 promoto
2868 4315 3112 4370 exercitu
3158 4329 3329 4384 prope
3379 4314 3670 4374 Aulaeem.

2097 4409 2186 4464 ubi
2238 4423 2362 4463 eum
2417 4406 2614 4461 stativa
2667 4406 2853 4460 fixisse
2890 4404 3262 4460 ostendimus.
3303 4405 3672 4459 Commissum

2099 4501 2214 4556 illic
2245 4502 2392 4555 inter
2417 4499 2562 4556 acies
2597 4498 2862 4554 adversas
2893 4507 2978 4554 est
3010 4497 3287 4568 praelium,
3327 4497 3555 4567 segnius
3595 4510 3673 4549 re-

2102 4593 2446 4662 missiusqne
2497 4607 2662 4662 quam
2711 4607 2742 4645 α
2785 4599 2896 4644 tam
2949 4591 3260 4646 numerosis
3312 4590 3488 4660 c0piis
3523 4597 3676 4642 tanto

411 4701 468 4746 et
507 4689 768 4759 precibus
815 4688 1021 4742 infimis
1065 4697 1115 4742 et
1177 4684 1490 4740 rationibus
1540 4683 1776 4745 idoneis,
1829 4681 1983 4735 meri-
2021 4689 2074 4750 Ι)
2105 4685 2367 4756 utrinque
2404 4694 2671 4755 apparatu
2710 4683 2911 4739 infeste
2942 4683 3178 4739 invicem
3209 4683 3674 4738 concurrentibus

413 4788 599 4856 tisque
641 4783 818 4853 ipsius
867 4797 932 4836 ac
983 4779 1327 4836 defensionis
1361 4776 1708 4847 argumentis
1750 4776 1992 4844 allegau—

411 4879 500 4934 dis
554 4875 828 4947 plurimis,
885 4888 1028 4942 aegre
1085 4871 1306 4926 tandem
1355 4867 1716 4924 Rontzerium
1761 4864 1993 4920 avertis-

412 4977 536 5026 sent
568 4985 596 5024 a
630 4966 913 5038 proposito
963 4964 1090 5019 talis
1132 4963 1233 5018 viri
1275 4962 1386 5016 leto
1442 4960 1665 5014 informi
1701 4957 1989 5012 enecandi.

415 5061 583 5118 Porro
617 5061 744 5115 hinc
777 5058 886 5112 dux
933 5056 1076 5111 idem
1113 5070 1344 5126 magnus
1382 5054 1603 5108 Chliara
1633 5061 1689 5107 et
1722 5051 1836 5105 loca
1870 5048 1990 5118 ejus

411 5157 512 5212 vite
563 5162 759 5210 cmtera
810 5151 1206 5222 perlransicns,
1264 5148 1469 5202 ducere
1509 5145 1767 5200 chtinato
1805 5144 1991 5212 copias

413 5248 616 5302 inStitit
671 5255 823 5302 recta
878 5241 1560 5311 Philadelphiamversus,
1607 5247 1876 5298 extreme,
1930 5243 1990 5289 ut

412 5345 620 5398 dictum
653 5351 760 5402 ρει,
812 5338 1234 5408 periclitantem.
1295 5334 1564 5401 Quoniam
1599 5342 1784 5387 autem
1811 5329 1991 5386 conti-

412 5443 564 5505 gerat
605 5433 888 5500 aliquanto
948 5438 1077 5483 ante
1122 5427 1240 5497 capi
1298 5426 1584 5497 Tripolim,
1641 5441 1797 5480 arces
1868 5437 1990 5492 quae

411 5527 560 5580 circa
613 5525 759 5577 illam
819 5522 1009 5575 urbem
1071 5527 1232 5576 erant
1291 5519 1609 5574 necessario
1675 5531 1808 5586 pace
1859 5527 1986 5567 cum

412 5619 602 5674 Persis
657 5615 988 5686 quihusdam
1051 5613 1464 5670 conditionibus
1523 5613 1665 5668 facta
1720 5608 1984 5686 subjecta:

415 5711 551 5782 ipsis
595 5709 1000 5779 quadamtenus
1053 5716 1236 5771 erant,
1284 5708 1421 5760 citra
1462 5715 1644 5757 tamen
1696 5675 1989 5756 admissio-

415 5818 539 5858 ncm
574 5800 812 5871 pr-esidii
849 5797 1055 5854 Persici
1094 5813 1192 5855 seu
1240 5796 1424 5869 potius
1475 5794 1783 5850 Carmanici
1814 5811 1826 5845 :
1859 5807 1983 5846 nam

417 5893 468 5947 hi
523 5908 648 5946 cum
709 5891 912 5962 quibus
971 5889 1085 5947 ista
1135 5891 1454 5959 pepigerant
1497 5885 1754 5940 Cartuani
1805 5893 1984 5948 erant,

418 5988 674 6060 praecipui
719 5999 770 6042 ct
799 5984 1082 6042 fortissimi
1117 5984 1437 6050 Persarum,
1479 5979 1705 6050 Alisyrtc
1732 5986 1988 6050 patentes

2095 4778 2407 4849 exspectari
2478 4777 2770 4832 debuerat.
2856 4774 3069 4830 Dicitur
3141 4785 3326 4831 tamen
3390 4776 3676 4829 vulnerato

2096 4872 2315 4942 Alisyra
2349 4870 2542 4940 primis
2569 4871 2755 4925 statim
2788 4869 3247 4939 iaculationibus,
3282 4884 3349 4923 ac
3389 4880 3673 4938 propterea

2101 4963 2286 5029 fugam
2342 4963 2616 5032 respicere
2683 4971 2901 5028 coacto,
2958 4971 3109 5016 retro
3159 4961 3403 5016 cessisse
3455 4960 3673 5029 quidem

2096 5052 2320 5115 Persas.
2365 5051 2459 5107 sed
2506 5051 2726 5106 militari
2785 5051 2956 5120 gradu
2995 5058 3050 5105 et
3095 5051 3234 5105 citra
3287 5049 3672 5104 confusionem

2096 5155 2193 5199 aut
2226 5143 2561 5200 solutionem
2596 5143 2877 5196 ordinum.
2913 5142 3024 5197 llos
3058 5157 3129 5197 ne
3155 5142 3343 5198 aerius
3378 5149 3436 5196 et
3459 5141 3676 5211 longius

2096 5235 2270 5304 copiae
2299 5233 2481 5304 magni
2518 5231 2678 5286 ducis
2709 5233 3154 5302 insequerentur,
3188 5247 3253 5287 ea
3279 5247 3448 5286 causa
3487 5233 3668 5288 obsti-

2100 5327 2238 5382 tisse
2298 5326 2608 5389 dicebatur,
2655 5324 2805 5394 quod
2851 5327 2934 5378 htc
2975 5324 3249 5377 trifariam
3289 5325 3346 5377 in
3386 5339 3586 5394 genera
3621 5334 3672 5376 et

2094 5435 2331 5490 corpora
2386 5417 2614 5472 [Olitirm
2665 5417 2859 5472 divisae
2909 5416 3086 5485 (suam
3137 5415 3283 5470 enim
3327 5416 3432 5469 sibi
3467 5415 3672 5484 quique

2095 5515 2330 5570 seorsim
2383 5512 2532 5578 Itali,
2567 5512 2726 5566 Alani
2767 5520 2821 5565 et
2876 5509 3107 5564 Romani
3161 5509 3317 5579 quasi
3360 5519 3669 5578 separatam

2097 5606 2271 5660 aciem
2307 5605 2605 5672 habebant)
2633 5604 2947 5658 immiscere
2975 5617 3033 5658 se
3064 5602 3320 5664 invicem,
3349 5608 3508 5670 prout
3533 5616 3673 5670 opus

2097 5707 2217 5752 erat
2267 5697 2332 5751 ad
2397 5707 2622 5750 strenue
2675 5695 2994 5751 instandum
3033 5693 3381 5758 cedentibus,
3420 5694 3671 5754 noluere,

2097 5792 2192 5848 sed
2221 5807 2280 5847 se
2311 5801 2500 5844 mutuo
2537 5787 3284 5858 intuebuntur,cppz-rientcs
3327 5787 3483 5856 siqui
3518 5787 3670 5854 prio-

2100 5903 2185 5941 res
2219 5883 2514 5947 insilirent,
2563 5882 2718 5951 quasi
2771 5897 2901 5940 mox
2937 5891 2997 5934 et
3047 5880 3147 5948 ipsi
3191 5880 3456 5934 secuturi.
3489 5879 3672 5932 (Iacte-

2100 5995 2218 6033 rum
2280 5992 2349 6033 ne
2407 5975 2498 6046 qui
2561 5973 2726 6045 primi»
2772 5973 3088 6044 expedirent
3121 5972 3188 6028 ad
3223 5972 3328 6027 hoc
3379 5972 3670 6041 impetum,
