3860 6548
155 465 249 529 469

1071 471 1172 531 DE
1213 468 1661 532 ANDRONICO
1702 464 2342 528 PALAZOLOGO'LIB.
2419 467 2482 528 Υ.

3312 459 3422 520 4'0

152 581 259 642 λους
287 579 333 632 εί
377 580 810 651 προπηδήσειαν,
868 583 1018 653 ὅμως
1077 586 1153 656 τῷ
1184 587 1290 639 ὑπὸ
1329 587 1440 640 τῶν
1475 587 1720 657 συνήθων
1751 586 1795 644 Δ
1827 585 2146 654 ἀποστάτης
2177 582 2334 648 δόξας
2379 581 2566 650 ἐγγὺς.
2623 575 2703 644 εἷς
2741 579 2847 634 τ’ῧν
2900 576 3201 649 βασῖῖινῶν
3245 578 3415 631 him“

155 672 364 740 ἐνεδρῶν
399 674 688 742 Περσικῶν
740 677 890 746 φόϐῳ
941 678 1102 747 (μηδὲ
1159 680 1268 750 γὰρ
1302 675 1442 735 εἶναι
1499 681 1714 752 Πέρσας

157 767 294 831 δντας
318 766 644 822 ἐκλαθέσθαι
676 771 774 836 τῆς
805 773 1078 842 μηχανῆς)
1120 775 1442 844 ὲπεχόμινοι
1488 777 1719 848 ὑφειμέ-

155 875 246 920 νως
270 858 559 910 ἐνέπιπτον
586 861 681 912 καὶ
714 859 1004 929 βίλλοντες
1037 863 1421 934 κατῃκίζοντο,
1458 864 1597 919 ὥστε
1623 868 1718 921 καὶ

155 950 344 1017 Πέρσας
375 948 476 1001 οὐκ
515 951 732 1018 ὀλίγους
782 954 993 1008 πεσεῖν.
1038 955 1189 1018 Τέως
1219 957 1264 1010 δ’
1297 956 1546 1011 ἐντεῦθεν
1588 958 1720 1013 ἀνα-

155 1040 504 1110 χωρησάντων
537 1043 766 1113 Περσῶν
796 1045 1184 1116 Φιλαδελφεῦσι
1211 1047 1320 1102 τῶν
1368 1051 1556 1106 κακῶν
1609 1053 1717 1123 ἄμ-

156 1148 356 1195 πνευσις
379 1132 618 1201 γίνεται,
655 1139 750 1189 καὶ
767 1137 913 1208 λιμῷ
955 1141 1356 1205 κινδυνεύοντες
1396 1144 1716 1216 σιταρκοῦν-

152 1228 358 1288 ται,καὶ
381 1227 522 1296 πρὸς
566 1229 634 1282 τὰ
663 1229 833 1296 δεινὰ,
869 1232 935 1302 ἦν
973 1250 1074 1286 που
1111 1237 1204 1289 καὶ
1243 1239 1714 1311 ἐπεισφρήσωσιν,

153 1316 403 1383 εὐέλπιδες
429 1320 709 1376 ῐστανται.
739 1323 926 1389 Ἔδοξε
951 1325 1008 1378 δὲ
1037 1326 1184 1396 μέγα
1215 1329 1276 1382 τὸ
1307 1328 1469 1401 ἔργον
1506 1331 1603 1386 καὶ
1631 1332 1718 1385 εύ-

153 1410 396 1480 φημίσθη,
430 1414 508 1482 μὴ
532 1414 680 1479 ἄξιον
708 1415 768 1470 ὃν
791 1419 1029 1472 τοσοῖσδε
1055 1422 1150 1473 καὶ
1179 1419 1322 1475 οὕτω
1358 1423 1718 1494 παρασκευῆς

153 1501 361 1571 ἔχουσιν.
399 1503 577 1569 Αὐτὸς
603 1506 659 1559 δὲ
685 1508 779 1560 σὺν
804 1511 914 1572 τοῖς
951 1512 1094 1582 ἀμφ’
1126 1513 1289 1566 αὐτὸν
1319 1515 1573 1568 ὲντεῦοεν
1597 1533 1719 1586 τρε-

155 1595 303 1664 μούσῃ
335 1597 539 1669 καρδία
572 1600 687 1669 (καὶ
731 1601 963 1666 θάνατος
989 1605 1098 1676 γὰρ
1148 1607 1212 1658 ὲκ
1243 1606 1340 1678 τῆς
1376 1607 1590 1678 πληγῆς
1639 1608 1717 1677 τῷ

161 1688 395 1759 Ἀλισύρᾳ
445 1692 825 1766 ὲπεφὴμιστο)
872 1697 1034 1751 τάκεῖ
1081 1699 1326 1764 διελθὼν,
1374 1702 1465 1753 καὶ
1498 1700 1573 1764 ὼς
1609 1700 1718 1755 ἔδει

153 1782 709 1854 κατασφαλισάμενος,
744 1789 965 1860 ἔρχεται
1002 1791 1138 1862 πρὸς
1170 1795 1232 1848 τὸ
1268 1795 1582 1866 ’Ᾱμούριον.

154 1894 235 1950 κδ’.
261 1896 394 1965 Περὶ
435 1900 548 1980 {of}
597 1901 1026 1986 ᾍτταθειὼςου
1060 1904 1171 1986 ,καί
1213 1907 1330 1986 τῷν·
1364 1911 1717 1978 Μαγνησιω-
1751 1932 1789 1986 Β

403 1971 532 2023 τῶν
559 1973 659 2025 καὶ
694 1973 800 2028 τοῦ
831 1976 1026 2028 Aeriam
1051 1975 1430 2047 Νοστόγγου.

215 2056 290 2128 [Ρ.
323 2059 451 2131 297]
497 2061 561 2115 Ὀ
593 2063 649 2115 δέ
677 2081 739 2128 γε
775 2066 948 2134 μέγας
976 2067 1101 2133 δοὺξ
1134 2069 1220 2121 ἐπ’
1248 2069 1428 2138 ὀλίγον
1462 2073 1526 2142 τῇ
1547 2070 1714 2124 Φιλα-

157 2150 343 2224 δ;λφείᾳ
369 2155 746 2226 ἐνδιατρίψας,
787 2161 881 2211 καὶ
909 2161 1071 2213 ἱκανὰ
1096 2163 1353 2234 χρήματα
1384 2163 1713 2233 συλλεξάμε-

162 2260 246 2309 νος,
282 2245 468 2300 νόστου
507 2250 811 2322 ἐμέμνητο.
857 2254 966 2308 Καὶ
999 2253 1061 2325 δὴ
1095 2257 1316 2309 rixaris
1344 2257 1518 2310 πάντα
1547 2257 1714 2326 φρού-

163 2351 231 2399 ρια
256 2338 810 2410 κατασφαλισάμενος
836 2346 946 2405 τοῖς
977 2345 1119 2398 κατὰ
1147 2347 1238 2398 τὸν
1257 2347 1468 2418 Ἕρμον
1487 2349 1711 2418 Μαγνη-

162 2426 350 2494 σιώταις
380 2433 781 2504 παραγίνεται.
818 2435 929 2490 Ιίὶαλ⁸
955 2436 1078 2491 τότε
1110 2438 1137 2491 ὁ
1169 2439 1270 2509 μὲν
1323 2442 1587 2512 πρότερον
1617 2445 1712 2497 καὶ

159 2606 397 2665 deterruit
437 2621 630 2669 metus
675 2613 1020 2684 insidiarum,
1045 2633 1110 2674 ex
1151 2628 1279 2674 nota
1310 2623 1712 2680 consuetudine

161 2696 448 2767 Persarum,
477 2705 773 2762 subsidere
805 2707 942 2765 locis
968 2711 1102 2766 tutis
1126 2723 1179 2768 et
1211 2713 1435 2769 incaute
1467 2716 1711 2772 subeun-

160 2799 228 2846 tes
256 2795 510 2864 excipere
537 2797 826 2854 solitorum
850 2817 864 2866 ;
895 2818 1037 2872 quos
1063 2805 1225 2860 istius
1254 2805 1394 2877 ipsis
1423 2807 1712 2866 familiaris

164 2884 277 2940 artis
315 2885 744 2960 haudquaquam
781 2893 876 2946 tali
922 2901 1172 2965 tempore
1197 2913 1358 2952 usum
1402 2901 1710 2957 omissuros

162 2989 436 3045 appareret.
510 2982 702 3053 Itaque
767 2996 927 3041 caute
966 2987 1262 3046 admodum
1311 3000 1360 3046 ct
1389 2993 1548 3066 longe
1570 2995 1708 3050 dun-

164 3075 286 3124 taxat
315 3071 363 3125 in
395 3083 552 3143 terga
581 3076 892 3132 cedentium
926 3079 1229 3148 jacnlando
1267 3083 1499 3140 insecuti
1529 3090 1703 3144 nostri

163 3158 326 3218 Persas
373 3166 650 3238 fugientes
711 3181 879 3226 sunt:
921 3190 1154 3242 quorum
1209 3176 1289 3232 sic
1347 3187 1533 3236 tamen
1597 3199 1703 3238 non

166 3267 339 3322 paucos
383 3259 804 3320 interfecerunt.
848 3266 956 3320 Per
993 3267 1136 3323 hunc
1169 3271 1396 3326 modum
1427 3275 1702 3333 submotis
1739 3286 1780 3344 C

165 3343 269 3399 inde
311 3347 492 3405 Persis
533 3350 1046 3426 Philadelphienses
1105 3363 1381 3432 respirare
1445 3380 1475 3419 a
1526 3369 1708 3435 malis,

168 3440 339 3504 quibus
384 3445 804 3514 premebantur,
833 3453 1080 3524 contigit.
1121 3454 1258 3510 Nam
1293 3457 1361 3511 iis
1397 3457 1539 3516 fame
1566 3462 1714 3531 peri-

167 3529 458 3588 clitantibus
515 3551 733 3593 annona
776 3551 861 3596 est
906 3542 1227 3614 importata,
1264 3529 1596 3621 animusque
1635 3555 1718 3610 sic

167 3619 354 3676 additus
377 3626 471 3688 ad,
509 3625 553 3679 si
585 3643 709 3694 qua:
737 3629 924 3687 denuo
957 3633 1329 3704 incurrerent,
1368 3619 1714 3698 incommoda

170 3709 530 3780 longanimiter
557 3717 724 3790 428
755 3723 1037 3780 toleranda
1087 3744 1184 3797 spe
1223 3729 1482 3787 similiter
1510 3733 1717 3790 adven~

169 3805 279 3870 turi,
313 3808 354 3863 si
409 3822 855 3880 exspectaretur,
896 3820 1152 3875 subsidii.
1193 3822 1446 3892 Magnum
1480 3827 1534 3881 id
1577 3843 1717 3898 opus

170 3898 304 3970 vulgo
329 3903 535 3970 visum,
580 3915 634 3960 et
679 3909 884 3964 solutio
915 3913 1426 3986 Philadelphiensis
1460 3921 1715 3976 obsidio-

169 3993 258 4058 nis,
287 3995 490 4067 ingenti
550 4001 658 4055 late
714 4003 988 4060 celebrata
1055 4008 1252 4078 plausu
1305 4019 1408 4076 est,
1457 4011 1584 4068 licet
1627 4029 1718 4070 res

171 4081 288 4140 haud
317 4105 450 4145 sane
482 4092 568 4145 sui
612 4096 989 4163 magnitudine
1017 4100 1361 4170 respondens
1406 4121 1636 4161 numero
1662 4117 1718 4162 ct

171 4186 428 4247 apparatui
465 4195 742 4244 tantarum
777 4201 1040 4263 tantoque
1067 4195 1466 4253 instructarum
1495 4211 1714 4270 sumptu

171 4274 450 4340 copiarum.
501 4278 673 4334 Porro
722 4282 970 4356 Alisyras
1010 4301 1134 4343 cum
1183 4291 1299 4345 suis
1329 4291 1482 4362 gravi
1530 4307 1717 4348 corre-

173 4371 275 4429 plus
322 4382 493 4434 metu,
555 4373 702 4442 quod
763 4391 888 4430 eum
951 4393 981 4433 e
1023 4380 1247 4436 vulnere
1283 4395 1512 4453 accepto
1565 4384 1716 4440 brevi

175 4458 474 4514 moriturum
519 4465 817 4520 multorum
853 4469 1112 4538 opinione
1156 4487 1222 4526 ac
1283 4489 1542 4530 sermone
1594 4491 1716 4546 per-

173 4549 450 4616 rrcbuerat,
492 4558 690 4624 raptim
725 4562 1056 4618 constitutis
1101 4579 1222 4634 quae
1271 4581 1410 4637 Opus
1441 4577 1602 4624 erant
1647 4572 1716 4627 ad

175 4637 267 4694 loca
319 4655 514 4702 caetera
572 4664 694 4718 qua:
749 4651 803 4706 in
867 4653 976 4711 illis
1038 4656 1288 4725 partibus
1345 4643 1794 4732 occupaverat”

175 4736 364 4802 tuenda,
393 4740 627 4796 Amurio
663 4758 721 4799 se
769 4746 1064 4804 admovere
1096 4750 1398 4818 festinavit,
1426 4753 1479 4807 in
1509 4753 1710 4810 vicinia

174 4834 447 4883 castrorum
495 4833 654 4888 ducis
703 4836 862 4890 amici
903 4840 1345 4896 emendationem
1387 4842 1710 4900 oﬂ‘ensionis

175 4910 296 4980 belli,
349 4931 400 4974 et
469 4922 522 4976 in
582 4928 838 4994 przesenti
896 4938 1155 4998 receptus
1207 4931 1392 4987 infesti
1445 4935 1716 5002 periculo,

177 5015 520 5082 quaugobitcr
582 5032 646 5073 ex
705 5019 866 5074 obvio
927 5032 1159 5091 poterat,
1214 5025 1568 5082 securitatem
1624 5045 1718 5085 ca-

179 5108 326 5163 ptans.

177 5191 248 5247 Si.
278 5197 338 5252 De
364 5200 634 5255 Attaleota
663 5215 709 5256 et
737 5204 1324 5282 deHMagncsiensibus,
1377 5213 1541 5282 deque
1587 5215 1718 5271 duce

783 5274 835 5328 Ν
840 5274 1076 5349 ostOugo.

235 5380 439 5452 Magnus
482 5404 615 5444 vero
669 5390 778 5445 dux
836 5393 1062 5462 paulum
1127 5408 1375 5455 moratus
1441 5399 1718 5456 Philadel-

183 5469 310 5537 Pltize,
348 5493 449 5533 nec
493 5481 688 5548 paucis
736 5490 920 5539 tamen
981 5486 1085 5541 sibi
1138 5491 1381 5546 corrasis
1418 5491 1510 5544 illa
1560 5493 1712 5548 brevi

185 5576 304 5655 litora
354 5573 630 5638 pecuniis,
674 5577 922 5645 cogitare
975 5579 1042 5633 de
1099 5581 1278 5635 reditu
1323 5585 1711 5655 tempestivum

185 5649 324 5710 duxit.
384 5661 573 5733 itaque
638 5668 857 5722 arcibus
911 5669 1058 5726 illius
1115 5683 1319 5727 tractus
1372 5683 1425 5728 et
1484 5690 1716 5731 numero

188 5751 613 5811 Prasidiariornm
649 5767 704 5812 et
721 5762 880 5830 copia
907 5776 1313 5820 commeatuum
1346 5776 1396 5821 et
1433 5777 1718 5822 restaura-

189 5831 303 5893 iiotlt‘.
343 5854 431 5899 aut
483 5846 794 5917 adjectione
845 5853 1314 5908 munimentorum
1373 5857 1595 5912 abunde
1647 5859 1714 5914 ad

188 5933 493 5993 securitatem
561 5939 872 6009 instructis,
938 5944 1270 6018 Magnesiam
1332 5949 1396 6004 ad
1451 5947 1712 6006 Hermum

1819 676 2030 748 κόμων,
2076 675 2476 746 Ἀτταλειὼτης
2505 673 2837 743 τούπίκλην,
2891 673 2989 727 ἆτε
3038 672 3167 744 παρ’
3203 671 3412 742 εἴδησιν

1821 768 2088 840 βασιλέως
2138 770 2236 824 καὶ
2262 769 2580 841 προσταγὴν
2615 768 2908 841 κατασχὼν
2957 766 3284 836 Μαγνησίαν
3316 768 3412 819 καὶ

1825 861 1991 926 ίδίαις
2011 861 2124 914 τισὶ
2152 861 2408 932 θελήσεσι
2441 862 2662 931 σύναμα
2684 863 2798 926 τοῖς
2829 860 3120 931 αὐτόχθοσι
3161 859 3408 921 διοικῶν,

1823 951 1949 1022 μηδ’
1975 952 2142 1006 αὖτοῦ
2168 953 2263 1006 τοῦ
2287 955 2366 1017 είς
2396 953 2644 1023 κεφαλὴν
2674 953 2827 1017 ὄντος
2850 952 2943 1007 τοῦ
2968 952 3284 1021 Νοστόγγου
3313 952 3408 1003 καὶ

1820 1043 1998 1098 Δούκα
2020 1044 2348 1115 φροντίζων,
2389 1046 2524 1116 μηδὲ
2553 1048 2652 1115 τῆς
2695 1047 2834 1116 πρδς
2861 1046 2964 1116 τὴν
3009 1045 3166 1098 πόλιν
3197 1045 3410 1096 είσὸδου

1823 1134 2193 1207 παραχωρῶν,
2231 1135 2260 1187 ὁ
2289 1134 2418 1203 γοῦν
2439 1135 2681 1198 τοιοῦτος
2711 1135 2948 1201 ἐξελθὼν
2980 1136 3075 1187 καὶ
3099 1133 3282 1202 λόγοις
3311 1134 3408 1186 καὶ

1821 1225 2175 1280 ύποπτὼσεσι
2216 1225 2534 1298 παραυτίκα
2590 1227 2681 1280 τὸν
2726 1229 2900 1295 μέγαν
2940 1227 3110 1280 δοῦκα
3163 1223 3414 1296 ἐκμειλισ-

1822 1320 2054 1391 ξάμενος
2077 1321 2171 1375 καὶ
2203 1320 2428 1390 γαμικῷ
2465 1322 2618 1390 κήδει
2647 1321 3070 1392 δεξιωσάμενος,
3106 1321 3223 1390 ἅμα
3249 1339 3307 1375 τε
3339 1320 3427 1374 δι’”

1819 1415 2033 1467 ἐκείνου
2065 1415 2254 1478 πιστὸς
2283 1414 2426 1481 εδοξε
2453 1413 2687 1485 βασιλεῖ,
2724 1416 2820 1467 καὶ
2854 1414 2970 1484 ἅμα
2989 1417 3124 1478 ὅλως
3153 1411 3219 1485 ἦν
3258 1415 3408 1467 ἐκεί-

1819 1524 1896 1577 νῳ
1920 1507 2362 1578 ὐποταττόμενος
2390 1509 2481 1561 καὶ
2508 1508 2748 1560 ὑπείκων
2771 1509 2830 1570 ἐς
2867 1507 2894 1560 ὃ
2923 1508 3019 1560 καὶ
3051 1508 3404 1578 προστάξειε.

1820 1601 1911 1672 Τῷ
1941 1600 2074 1670 γοῦν
2105 1601 2412 1672 Νοστόγγῳ
2441 1601 2646 1674 Δούκᾳ,
2699 1600 2758 1654 ὃν
2797 1600 2893 1654 καὶ
2923 1602 2981 1664 ἐς
3039 1601 3214 1670 μέγαν
3261 1601 3409 1653 ὲται·

1822 1693 2091 1764 ρειάρχην
2121 1693 2344 1765 κρατῶν
2374 1692 2566 1747 ἔταττε
2620 1696 2852 1762 γράφων
2904 1694 3273 1765 πριμικήριον
3306 1693 3410 1760 τῆς

1819 1785 1987 1855 αὐλῆς
2022 1785 2174 1850 ὄντα,
2233 1785 2335 1838 οὐκ
2388 1780 2532 1857 ἦσαν
2564 1785 2791 1856 θυμήρη
2825 1787 2922 1839 καὶ
2959 1784 3168 1856 ἀρεστὰ
3198 1785 3266 1837 τὰ
3298 1783 3414 1837 ἀπὸ
3501 1779 3504 1782 ’

1821 1877 1914 1933 τοῦ
1949 1877 2188 1950 μεγάλου
2222 1877 2415 1940 δουκδς
2448 1878 2903 1949 προσταττόμενα
2926 1879 2996 1942 οξ,
3031 1879 3144 1932 εἴτε
3181 1877 3288 1948 μὴν
3311 1877 3412 1930 καὶ

1826 1971 2198 2041 πραττόμενα.
2233 1968 2356 2022 Εῖτε
2385 1966 2479 2024 οὖν
2505 1969 2862 2040 ὐόριοπαοῶν
2892 1973 3102 2034 ἐκεῖνος
3127 1970 3184 2037 ἐξ
3205 1963 3279 2024 ὧν
3307 1969 3410 2022 αὖ-

1789 2065 1792 2067 “
1821 2060 1899 2128 τῷ
1925 2061 2024 2113 οὐκ
2071 2059 2237 2126 ἀξίως
2261 2057 2356 2112 τοῦ
2390 2059 2512 2114 κατ’
2543 2061 2706 2113 αὑτὸν
2735 2060 3029 2130 μεγαλείου
3069 2063 3096 2114 ὁ
3122 2061 3232 2112 τῶν
3266 2059 3421 2112 ὅλων

1821 2150 2188 2220 ἐξηγούμενος
2220 2151 2614 2222 προσεφέρετο,
2639 2151 2749 2203 εἴτε
2787 2150 2894 2221 μὴν
2925 2150 3020 2203 καὶ
3053 2149 3420 2211 ὑποπτεύσας.

1822 2241 1882 2306 ἐξ
1908 2240 2122 2294 ἐκείνου
2155 2239 2285 2294 δείν’
2321 2241 2460 2296 ἄττα
2495 2244 2574 2306 εἴς
2610 2259 2762 2305 τινας
2810 2243 3143 2314 ἀπαιτήσεις
3181 2241 3406 2313 χρημά-

1824 2351 1931 2385 των
1960 2331 2020 2399 ὲξ
2052 2327 2126 2388 ὧν
2157 2332 2422 2400 συλλέξας
2453 2335 2546 2386 καὶ
2582 2333 3047 2405 προσηγγέλλετο,
3081 2335 3192 2389 εἴτε
3223 2333 3317 2387 καὶ
3337 2333 3427 2386 διν

1823 2425 2115 2496 ἀμφότερα
2161 2422 2335 2479 ταῦτα
2395 2425 2493 2496 τὴν
2522 2428 2601 2488 εἰς
2633 2425 2856 2480 τούπιὸν
2897 2427 3116 2492 ἀδοξίαν
3164 2427 3222 2480 ἑν
3246 2426 3419 2496 δεινῴ

1825 2613 2096 2682 pervenit.
2140 2613 2269 2670 Erat
2306 2613 2381 2670 ibi
2429 2623 2560 2669 tunc
2603 2630 2801 2686 magna
2829 2613 3146 2670 rebellionis
3176 2612 3416 2667 infamiae

1825 2707 2089 2762 laborans
2145 2723 2212 2764 ac
2269 2717 2484 2762 tantum
2551 2724 2659 2763 non
2733 2707 3032 2779 perduellis
3087 2707 3414 2763 declaratus

1826 2813 1970 2853 unus
2030 2797 2360 2868 equisonum
2419 2797 2759 2866 imperatorii
2817 2795 3061 2863 stabuli,
3129 2796 3412 2852 Attaleota

1823 2899 2222 2962 cognomento;
2281 2890 2374 2960 qui
2409 2905 2509 2944 nec
2541 2891 2770 2944 conscio
2815 2905 2917 2945 nec
2964 2889 3192 2960 jubente
3225 2890 3414 2959 impe~

1821 2991 2006 3038 ratore
2055 2990 2376 3053 occupatam
2413 2981 2750 3054 Magnesiam
2782 2985 2997 3054 privato
3039 2982 3261 3054 quidem
3297 2997 3402 3038 suo

1819 3076 2057 3146 quodam
2103 3077 2491 3131 moderabatur
2545 3077 2798 3142 arbitrio,
2857 3078 2954 3131 sed
2987 3078 3072 3131 cui
3107 3076 3172 3130 ad
3233 3077 3402 3130 rolmr

1820 3164 2144 3233 adjungcret
2184 3179 2516 3219 consensum
2562 3173 2681 3219 arte
2714 3164 3069 3218 conciliatum
3117 3164 3406 3234 indigena-

1819 3275 1939 3312 rum
1993 3258 2308 3328 civiumque
2347 3259 2503 3314 urbis
2566 3259 2706 3329 ejus,
2741 3274 2907 3329 quam
2963 3259 3046 3314 sic
3099 3258 3238 3314 adeo
3293 3259 3412 3313 sibi

1821 3351 2118 3405 obnoxiam
2155 3351 2412 3416 habebat,
2443 3361 2500 3405 ut
2537 3367 2633 3407 nec
2674 3351 2939 3424 Nostongi
2968 3353 3122 3408 ducas
3156 3354 3232 3408 illi
3268 3368 3398 3424 pro-

1822 3442 2018 3498 vincire
2067 3445 2306 3514 praefecti
2358 3446 2626 3500 rationem
2677 3445 2907 3501 omnino
2945 3447 3110 3501 ullam
3143 3446 3408 3508 duceret,

1821 3552 1920 3592 nec
1955 3538 2056 3608 ipsi
2111 3538 2454 3608 permitteret
2511 3539 2823 3608 ingressum
2879 3539 2934 3593 in
2961 3539 3265 3594 civitatem.
3298 3539 3402 3595 llic

1823 3623 1946 3686 talis
1979 3631 2196 3686 obviam
2239 3645 2436 3702 magno
2481 3631 2608 3686 duci
2671 3631 2991 3686 adventanti
3031 3632 3292 3702 prodiens
3323 3634 3402 3687 ita

1820 3737 1944 3776 eum
1977 3723 2152 3778 infimi
2195 3721 2545 3792 professione
2585 3723 2838 3796 obsequii
2867 3725 3161 3794 verbisque
3189 3727 3402 3798 supplic

1821 3816 1979 3870 cibus
2017 3815 2309 3870 delinitmn
2353 3815 2457 3870 sibi
2489 3815 2742 3886 adjunxit
2775 3817 3194 3874 necessitudine
3231 3820 3398 3874 etiam

1820 3907 2109 3964 afﬁnitatis
2147 3923 2245 3979 per
2284 3909 2602 3978 conjugium
2632 3911 2777 3966 inter
2835 3911 3124 3967 amborum
3159 3929 3398 3968 consan-

1819 4000 2050 4071 guineos
2099 4015 2225 4056 cum
2282 4015 2348 4056 eo
2381 4009 2692 4064 contracta,
2739 4015 2798 4056 ut
2838 4011 3060 4073 repente
3117 4005 3394 4062 Attaleota

1821 4093 2236 4150 commendatus
2297 4094 2617 4164 imperatori
2676 4110 2706 4150 a
2774 4111 2972 4166 magno
3021 4097 3162 4151 duce
3212 4099 3404 4154 omnis

1821 4173 2071 4240 criminis
2124 4186 2440 4256 suspicione
2501 4187 2853 4255 liberaretur,
2896 4189 3225 4260 volenthue
3281 4191 3395 4260 jam

1823 4275 2073 4346 Augusto
2120 4277 2178 4332 in
2230 4290 2496 4350 usurpata
2551 4290 2826 4350 potestate
2885 4284 3231 4352 persisteret,
3298 4289 3404 4342 sed

1819 4369 1986 4441 429
2017 4386 2181 4440 quam
2229 4381 2513 4443 acceptam
2551 4375 2730 4444 palam
2786 4375 2954 4430 ferret
3006 4377 3132 4431 duci
3176 4393 3402 4448 magno,

1823 4463 2189 4534 precarioque
2223 4473 2280 4518 et
2327 4475 2517 4536 parata
2554 4467 2621 4520 ad
2670 4482 2865 4522 omnes
2917 4467 3038 4538 ejus
3070 4478 3236 4524 nutus
3267 4472 3401 4526 obe-

1822 4557 2030 4612 dientia
2072 4557 2126 4610 in
2173 4573 2237 4612 ea
2283 4574 2341 4615 se
2387 4561 2594 4614 versari
2647 4560 3129 4616 administratione
3176 4563 3402 4632 proﬁte-

1826 4653 1998 4700 retur.
2030 4642 2186 4700 Haud
2214 4657 2369 4716 grata
2397 4647 2511 4704 haec
2539 4661 2694 4704 erant
2716 4648 3000 4723 Nostongo
3025 4652 3208 4718 Ducze,
3233 4671 3396 4725 quem

1821 4738 1966 4800 istis,
2017 4746 2078 4793 ut
2125 4738 2259 4805 dixi,
2315 4755 2346 4794 a
2394 4756 2455 4796 se
2506 4743 2758 4811 partibus
2810 4760 3024 4800 summa
3079 4747 3401 4818 pra'fccluui

1817 4842 2088 4902 potestate
2130 4834 2452 4904 imperator,
2495 4838 2678 4892 missis
2706 4839 2871 4894 etiam
2920 4856 3091 4911 nuper
3123 4841 3397 4913 diploma-

1816 4927 1964 4982 tibus
2017 4944 2082 4983 ex
2126 4929 2442 4997 primicerio
2489 4931 2629 4985 aulae
2680 4947 2934 5002 magnum
2975 4933 3393 4992 baetcriarcham

1814 5032 2139 5089 creaverat;
2165 5023 2267 5090 qui
2308 5023 2477 5078 etiam
2510 5025 2868 5095 contemptim
2918 5041 2956 5080 ιι
2987 5043 3186 5101 magno
3231 5030 3397 5097 duce,

1815 5113 1967 5168 velut
1999 5113 2100 5184 ipsi
2151 5113 2308 5186 plane
2344 5115 2624 5181 subditus,
2663 5118 2866 5174 solitus
2899 5121 3124 5177 tractari
3169 5139 3396 5179 exerce-

1818 5208 1980 5277 rique
2033 5209 2347 5279 imperiosis
2385 5209 2580 5278 jussis,
2619 5211 2768 5266 velut
2815 5229 2958 5268 unus
2987 5230 3019 5269 e
3049 5215 3212 5283 vulgo
3241 5217 3397 5284 quis-
3459 5217 3468 5234 ‘

1817 5304 1986 5372 piam,
2022 5319 2144 5357 enirn
2178 5304 2288 5372 sibi
2315 5311 2497 5358 tamen
2526 5320 2839 5374 supremam
2869 5307 2979 5362 illic
3008 5309 3399 5364 auctoritatem

1819 5397 1888 5450 ab
1955 5397 2294 5466 imperatore
2356 5398 2710 5452 commissam
2776 5384 3142 5466 meminisset,
3199 5403 3400 5456 tacitus

1817 5489 2168 5560 ﬁngebatur,
2225 5490 2452 5561 indigna
2498 5506 2625 5547 sese
2655 5493 2765 5562 pati
2801 5508 3170 5563 conquerens,
3216 5509 3399 5564 neque

1817 5595 1920 5650 pro
1966 5595 2080 5636 sua:
2131 5581 2417 5652 dignitatis
2470 5591 2529 5639 et
2580 5585 2845 5640 natalium
2900 5587 3099 5641 merito
3150 5589 3395 5644 tractari.

1816 5673 2126 5728 Accedebat
2175 5675 2220 5732 is
2261 5686 2458 5742 metus,
2512 5677 2680 5747 cujus
2709 5689 3039 5750 argumenta
3078 5697 3143 5736 ex
3185 5682 3404 5738 idoneis

1817 5777 1871 5821 et
1904 5768 2271 5836 praesentibus
2316 5767 2633 5841 Nostongus
2667 5771 2907 5827 ducebat
2937 5772 3133 5844 signis,
3173 5790 3242 5829 ne
3273 5791 3300 5829 a
3339 5793 3400 5833 se

1817 5875 2061 5930 quoque,
2101 5862 2244 5916 sicut
2274 5877 2309 5916 τι
2336 5863 2551 5917 eazteris
2599 5874 2982 5930 consueverat,
3022 5865 3272 5934 ingentes
3305 5885 3397 5940 pe-

1819 5955 1995 6010 cunia:
2039 5955 2478 6011 contributioncs
2531 5954 2792 6027 cxigcrct.
2849 5957 2989 6028 Ergo
3039 5967 3092 6014 et
3133 5959 3416 6018 damnum
