3768 6550
406 408 502 470 471

1598 412 1921 472 GEORGII
1962 414 2153 474 PACH
2166 415 2443 479 YMERA!

3565 409 3658 476 £72

407 510 728 591 ποιούμενος
755 564 770 588 ,
813 521 953 591 ἔγνω
986 521 1087 592 μὲν
1140 522 1238 593 τὴν
1269 521 1345 588 ὡς
1373 522 1598 594 βασιλέα
1638 523 1981 594 τεχνιτεῦσαι
2015 532 2053 591 Α
2090 529 2327 598 μεγάλου
2371 527 2588 597 δουκδς,
2619 530 2693 596 ὡς
2718 529 2881 601 δῆθεν
2927 530 3062 601 πρὸς
3095 533 3188 584 τὸν
3226 525 3545 583 κανικλείσυ
3569 527 3660 596 δηδ

406 613 731 683 ἀπόδρασιν,
773 615 908 684 ταχὺ
939 614 995 666 δὲ
1045 615 1287 684 παρέσχε
1330 617 1424 667 καὶ
1457 615 1492 685 ἡ
1538 613 1676 685 τύχη
1714 615 1812 684 τὴν
1841 614 1982 684 πρό-

408 722 593 773 φασιν.
633 705 696 759 Ἥ
729 706 756 759 δ
805 702 895 776 ἦν,
929 706 1208 776 πέμπεται
1267 708 1367 776 μὲν
1416 707 1567 778 παρά
1600 707 1694 760 τοῦ
1740 707 1981 777 μεγάλου

405 796 599 860 ὃουκὺς
628 797 765 868 ἀνὴρ
796 799 996 859 οἰκεῖος
1024 800 1092 869 τῇ
1145 797 1384 871 πενθερᾷ
1409 799 1457 852 οἱ
1499 800 1528 852 6
1574 798 1985 870 Κανναῦούριος

409 889 550 959 πρὸς
585 888 1168 943 Κωνσταντινούπολιν
1206 891 1297 945 διά
1349 891 1399 944 τ’
1438 890 1598 956 ἄλλα,
1637 890 1734 946 καὶ
1770 890 1984 956 ἀξιούν-

288 994 295 997 ‘
407 998 497 1043 tr;
531 979 909 1049 ἀποσταλῆναι
937 981 1036 1051 τὴν
1060 983 1338 1053 γαμετήν*
1365 983 1490 1036 ἐπεὶ
1512 982 1559 1035 δ’
1581 982 1689 1037 ἔδει
1716 982 1815 1054 τῆς
1844 981 1985 1036 κατὰ

409 1071 509 1142 τὴν
531 1070 649 1124 666v
683 1072 988 1141 ἀσφαλείας
1014 1074 1089 1143 τῷ
1115 1075 1271 1145 ἀνδρὶ
1294 1072 1805 1145 προμηθεύσασθαι,
1840 1073 1983 1144 πέμ-

414 1178 504 1213 πει
539 1162 677 1233 πρὸς
705 1161 799 1214 τὸν
844 1163 1156 1232 Νοστὸγγον
1208 1162 1542 1232 παρεγγυῶν
1580 1162 1845 1216 ίκανῶσαι
1875 1162 1987 1216 δια-

415 1252 650 1315 σώσταις
680 1254 745 1307 ἐκ
781 1255 873 1306 τοῦ
930 1255 1323 1327 στρατιωτικοῦ
1356 1257 1448 1310 τὸν
1497 1253 1986 1325 ἀποστελλόμενον.

411 1343 583 1408 Αὐτὸς
610 1345 666 1398 δὲ
687 1347 785 1409 τὰς
818 1349 1233 1417 παρεγγυήσεις
1258 1348 1548 1420 δεξάμενος
1577 1348 1654 1418 τῷ
1685 1349 1863 1402 δοκεῖν
1892 1347 1988 1401 καὶ

414 1436 556 1506 ὑπὲρ
588 1439 652 1490 ὲκ
682 1438 945 1507 περισσοῦ
982 1443 1052 1495 τὰ
1096 1441 1475 1511 ἐπεσταλμένα
1507 1440 1687 1494 θέλειν
1718 1439 1986 1513 πληροῦν,

413 1528 488 1588 ὡς
513 1527 675 1591 αὐτὸς
708 1529 847 1601 ὑπὲρ
881 1530 1041 1584 ἄλλον
1072 1533 1152 1594 εἰς
1183 1533 1342 1602 χάριν
1378 1531 1494 1602 ἅμα
1541 1533 1653 1595 τοῖς
1692 1531 1844 1595 ἰδίοις
1874 1532 1990 1586 δια-

417 1620 758 1689 σωτάμενος,
816 1615 1156 1693 ἐτεχνίτευεν
1210 1623 1292 1695 [Ρ.
1336 1623 1466 1697 298]
1524 1623 1837 1695 ἀποφυγήν.
1901 1624 1990 1681 Ἑν

413 1713 589 1786 τούτῳ
626 1713 682 1768 δὲ
714 1716 809 1770 καί
831 1733 916 1780 τις
933 1717 1042 1770 τῶν
1065 1719 1123 1781 ἐς
1154 1720 1519 1788 γραμματέας
1544 1717 1737 1785 ὲκείνῳ
1771 1716 1991 1770 τελούν-

416 1824 544 1871 των,
581 1808 706 1860 ὲπεὶ
757 1809 851 1862 καὶ
900 1808 1048 1879 αὐτῷ
1081 1810 1254 1863 ἐδόκει
1307 1809 1401 1863 τοῦ
1449 1810 1797 1879 κεκτημένου
1830 1808 1990 1862 ἀλλο-

418 1897 721 1970 τριοῦσθαι,
753 1898 907 1953 ἔνθεν
946 1900 1046 1969 μὲν
1074 1893 1250 1964 οὗτος,
1279 1900 1433 1954 ἔνθεν
1457 1899 1504 1954 δ’
1531 1901 1741 1962 ἐκεῖνος
1769 1899 1870 1970 τὴν
1892 1897 1988 1951 πό-

418 1992 502 2044 λιν
525 1992 1027 2061 καταλαμϐάνουσι.
1076 1993 1219 2046 Ἀλλ’
1252 1995 1280 2047 6
1323 1994 1422 2065 μὲν
1470 1993 1596 2047 ἐπεὶ
1645 1992 1798 2049 οὐδὲν
1846 1990 1994 2063 ἑώρα

420 2085 677 2139 ἀκίνδυνα
704 2084 884 2154 ἑαυτῷ
932 2084 1020 2139 διὰ
1065 2085 1164 2156 τῆν
1193 2086 1294 2155 τῆς
1320 2088 1511 2157 ὲνοχῆς
1556 2084 1867 2155 παράλυσιν
1898 2084 1993 2138 καὶ

424 2177 524 2247 τὴν
552 2178 607 2240 ἐς
644 2177 867 2247 βασιλέα
898 2177 1242 2247 προσφυγὴν,
1271 2177 1588 2249 πατριάρχῃ
1627 2176 1991 2248 -ιτροιςιρεύγει⁸

2084 616 2303 683 λοῦντος
2333 620 2435 690 τὴν
2462 621 2726 677 ἀπόλυσιν
2756 622 2833 685 ὡς
2868 621 3138 687 ἑκούσιος,
3175 620 3367 672 ἐλπίσι
3392 620 3658 697 ’χρησταῖς

2085 712 2335 783 ᾐωρεῖτο.
2371 714 2544 782 Λόγος
2578 714 2624 767 δ’
2647 710 2715 785 ἦν
2754 714 3102 785 ἀμφοτέρους
3130 710 3491 773 συνελθόντας
3528 709 3657 780 πρὸς

2085 802 2435 874 πατριάρχην
2460 803 2848 871 ἀπολογεῖσθαι
2881 805 2971 860 διὰ
2994 806 3188 861 τούτου
3212 802 3290 875 τῷ
3320 802 3537 873 βασιλεῖ
3564 803 3657 871 τὴν

2085 893 2149 947 ἑκ
2183 894 2273 948 τοῦ
2303 896 2544 966 μεγάλου
2585 896 2775 961 δουκδς
2809 897 3184 969 ἀναχώρησιν,
3230 896 3299 950 τὰ
3348 895 3522 949 πολλά
3556 893 3658 949 τῶν

2086 984 2283 1056 ἐκείνῳ
2320 988 2711 1060 πραττομένων
2750 987 3100 1057 ἀταμιεύτοις
3126 985 3468 1058 παρῤησίαις
3498 982 3662 1038 καθα-

2087 1080 2408 1150 πτομένους.
2450 1080 2515 1133 'A
2542 1081 2637 1133 acati.
2669 1079 3026 1149 ἀγγελθέντα,
3050 1079 3149 1150 οὐχ
3180 1079 3330 1142 ὅπως
3346 1078 3396 1130 oi
3412 1076 3663 1143 λέγοντες

2087 1170 2324 1235 ἔπειθον,
2353 1169 2489 1225 ἀλλά
2514 1170 2610 1226 καὶ
2637 1171 3015 1241 δυσμεναίνειν
3041 1172 3256 1233 ἑαυτοῖς
3286 1170 3379 1222 τδν
3401 1165 3662 1237 κρατοῦν-

2085 1279 2156 1319 τα
2190 1265 2408 1317 ἐποίουν
2429 1279 2444 1296 ο
2476 1263 2728 1334 βασιλεὺς
2761 1263 2871 1335 γὰρ
2900 1262 3124 1327 κακίας,
3170 1262 3272 1316 οὐκ
3302 1259 3567 1330 ἀληθείας
3596 1258 3660 1313 τὰ

2087 1354 2358 1425 λεγόμενα
2386 1356 2611 1426 κρίνων,
2646 1356 2741 1409 καὶ
2778 1354 3186 1425 ὑπεκκαύματα
3227 1352 3426 1422 φθόνου
3464 1351 3659 1422 μᾶλλον

2088 1445 2121 1514 ἢ
2155 1446 2478 1515 προνοήσεις
2508 1444 2568 1510 ἐξ
2594 1444 2808 1506 advola;
2841 1444 2985 1514 ὑπὲρ
3008 1442 3197 1509 αὐτοῦ,
3237 1442 3472 1504 ἐκείνοις
3505 1439 3659 1509 ὲχόλα
3766 1452 3768 1455 ·

2091 1538 2183 1591 καὶ
2236 1536 2584 1608 ὲξωργίζετο.
2641 1536 2750 1590 Τοῦ
2798 1535 2844 1589 δ’
2873 1535 2968 1588 ἐπὶ
3000 1534 3214 1597 τούτοις
3252 1533 3351 1588 καὶ
3386 1532 3658 1603 μετελθεῖν

2089 1628 2183 1682 τοῦ
2235 1630 2336 1700 μὲν
2362 1631 2422 1682 τὸ
2450 1630 2551 1683 οὐκ
2584 1630 2664 1694 είς
2696 1628 2851 1696 ὀλίγα
2900 1628 3172 1698 χρήσιμον
3201 1627 3533 1697 παρῃτεῖτο,
3567 1622 3654 1677 τοῦ

2089 1720 2233 1775 δὲτὸ
2284 1721 2617 1791 ἁξιοπρεπὲς
2654 1721 2735 1784 είς
2765 1719 2864 1789 τὴν
2914 1719 3022 1772 ἀπὸ
3054 1717 3322 1789 βασιλέως
3355 1716 3658 1785 παρόρασιν

2090 1813 2404 1871 διεκώλυεν.
2438 1807 2548 1866 Ἦν
2572 1812 2617 1866 δ’
2638 1812 2816 1885 ᾇλλως
2854 1810 3103 1881 ἐμποδὼν
3132 1808 3269 1880 πρὸς
3305 1807 3475 1862 τοῦτο
3504 1807 3596 1858 καὶ
3628 1808 3658 1873 ἡ

2093 1911 2232 1977 πρδς
2251 1905 2343 1959 τὸν
2371 1904 2718 1975 πατριάρχην
2743 1901 3036 1972 καταφυγὴ
3063 1900 3159 1954 τοῦ
3188 1898 3530 1967 Νοστόγγου,
3549 1896 3660 1949 ὅθεν

2091 1997 2230 2069 ᾤετο
2259 1996 2404 2068 ἔχειν
2432 1995 2532 2067 τὴν
2558 1996 2612 2059 ἐς
2639 1994 2784 2048 ἅπαν
2814 1993 3045 2048 ἀσυλίαν
3071 1995 3136 2062 τῇ
3165 1991 3266 2061 τῆς
3295 1989 3660 2061 Περιόλέπτου

2094 2089 2232 2152 τέως
2281 2086 2735 2155 ιγκεκλεισμένον
2799 2088 2955 2156 μονῇ.
3009 2083 3172 2137 Ὅθεν
3215 2081 3313 2136 καὶ
3369 2079 3525 2149 παρὰ
3573 2079 3662 2147 τῆς

2095 2180 2331 2250 ἀδελφῆς
2359 2181 2387 2232 6
2407 2177 2625 2249 κρατῶν
2656 2177 2917 2239 πολλάκις
2954 2173 3395 2245 παρωξυμμένος
3430 2171 3661 2239 (ἀνάπυ-

424 2273 452 2310 ’-
476 2268 533 2321 δὲ
564 2269 932 2341 γραμματεὺς
962 2270 1189 2331 ἐπιστὰς
1223 2269 1329 2339 πρὸ
1356 2267 1570 2334 τούτου.
1609 2269 1702 2323 καὶ
1729 2268 1797 2323 τὰ
1828 2265 1998 2321 πιστά
2101 2291 2199 2328 στα
2229 2273 2340 2345 γὰρ
2381 2271 2612 2343 κάκείνῃ
2638 2271 2707 2324 τὰ
2762 2269 3024 2340 λεχθέντα
3054 2269 3193 2322 κατά
3217 2265 3278 2319 τὸ
3306 2265 3455 2327 εἰκὸς
3492 2262 3664 2330 ἐγεγό-

424 2361 741 2430 προσδοκῶν
768 2360 913 2431 ἔχειν
962 2361 1024 2415 ἐκ
1058 2379 1201 2426 τινος
1246 2363 1576 2435 γράμματος
1622 2361 1719 2415 τοῦ
1759 2359 1868 2414 ἀπὸ
1901 2359 1995 2414 τοῦ
2098 2384 2198 2429 νει,
2230 2366 2326 2420 καὶ
2363 2363 2689 2435 septenas“
2716 2360 2788 2416 τὰ
2819 2360 3075 2431 μέγιστα,
3107 2359 3157 2412 εί
3205 2358 3279 2428 μή
3311 2372 3376 2423 γε
3414 2355 3467 2407 οῖ
3494 2369 3664 2406 κατει-

423 2540 641 2592 instans
674 2547 1022 2606 praevertere,
1058 2545 1111 2591 et
1155 2537 1505 2607 ignominiam
1539 2536 1624 2592 vel
1664 2537 1847 2592 delere
1882 2536 1907 2606 j

2174 2550 2182 2606 i
2237 2547 2635 2610 destinaverat.
2667 2546 2733 2601 ad
2766 2546 2973 2616 ipsum,
3002 2554 3053 2599 et
3085 2541 3366 2599 audientia
3400 2536 3662 2611 poscenda

425 2630 663 2684 inuStam
724 2629 806 2683 vel
863 2644 934 2683 ne
994 2628 1104 2684 sibi
1159 2628 1551 2699 itnpingerctttr
1604 2629 1658 2683 in
1712 2636 1913 2701 postert

2279 2640 2501 2696 otestati
2528 2655 2587 2695 se
2611 2640 2951 2711 permittere.
2982 2636 3165 2703 Quare
3196 2636 3263 2691 ad
3305 2632 3663 2707 patriarcham
3766 2666 3767 2671 η

425 2735 735 2791 praecavere
772 2721 1026 2779 studens.
1058 2734 1226 2774 unam
1257 2721 1519 2790 optimam
1549 2729 1804 2776 votorum
1843 2734 1995 2779 asse-

2102 2751 2161 2791 se
2211 2733 2447 2798 confert,
2507 2733 2646 2805 asyli
2687 2731 2813 2803 jure
2865 2746 3100 2786 securus
3155 2729 3271 2783 illic
3324 2727 3567 2790 futurus,
3617 2733 3664 2781 et
3766 2756 3768 2803 ε

425 2815 773 2886 ηιιιτιιιιοτυιιι
816 2816 1032 2885 putavit
1087 2816 1383 2877 rationem,
1435 2815 1820 2883 imperatorem
1850 2817 1913 2867 ad

2279 2825 2529 2880 tiduneo
2579 2821 3058 2879 reconciliationis
3111 2829 3400 2895 sequestro
3448 2817 3513 2872 ad
3563 2819 3664 2872 Διι-
3766 2878 3767 2885 η

430 2910 866 2979 quamprimum,
920 2907 963 2962 si
1015 2922 1176 2976 quem
1231 2908 1391 2961 modo
1440 2905 1785 2976 plausibilem
1842 2907 2001 2960 dese—

430 3003 611 3057 rendae
658 3002 952 3072 provinciae
993 3000 1238 3056 nancisci
1287 3010 1614 3072 przetextum
1648 3009 1853 3070 posset.
1898 2999 2002 3055 Fa-

2102 2928 2325 2991 gustum
2379 2931 2604 2973 usurus.
2658 2914 2878 2980 Scriba,
2924 2915 3019 2985 qui
3067 2913 3217 2985 prior
3253 2912 3305 2967 in
3342 2902 3557 2975 urbem,
3581 2925 3663 2964 ex-
3766 2938 3768 2981 τ

2104 3011 2345 3081 ρρᾱίιὶυε
2396 3010 2487 3065 via
2547 3023 2796 3074 emensa,
2855 3014 3206 3079 pervenerat,
3270 3006 3514 3059 iactatus
3577 3016 3663 3072 spc
3766 3042 3768 3077 ί

426 3097 505 3150 vit
555 3094 607 3149 iu
667 3097 771 3149 hoc
817 3093 866 3148 ei
922 3092 1164 3160 fortuna,
1208 3093 1558 3148 occasionem
1592 3093 1740 3147 brevi
1765 3089 2003 3148 offerens
2107 3103 2278 3166 inani,
2311 3100 2621 3170 cujusdam,
2653 3116 2818 3169 quam
2864 3099 3149 3163 attulerat,
3189 3106 3429 3167 accepta;
3476 3112 3504 3151 ε
3555 3110 3661 3150 ma-
3766 3152 3768 3167 ἰ

427 3189 548 3257 ejus
580 3188 680 3242 viae
712 3186 1079 3257 probabilem,
1126 3187 1267 3241 hanc
1315 3185 1545 3241 scilicet.
1579 3183 1791 3241 Mittere
1827 3200 1923 3255 per
1951 3185 2002 3238 id
2032 3206 2073 3264 ε
2108 3209 2217 3265 Sno
2242 3193 2379 3250 doce
2410 3193 2473 3248 ad
2504 3191 2731 3249 caniclei
2759 3190 3074 3262 praefectum
3117 3189 3385 3258 epistolae,
3413 3201 3516 3258 qua
3548 3201 3661 3242 eum
3766 3202 3768 3267 ς

430 3290 650 3348 tempus
700 3278 873 3334 voluit
904 3278 1012 3333 dux
1048 3294 1279 3350 magnus
1317 3278 1382 3333 ad
1419 3293 1636 3332 socrum
1671 3292 1850 3342 suam,
1885 3294 2004 3348 ger-

433 3385 653 3423 manam
709 3370 1060 3440 imperatoris
1101 3369 1579 3438 ConstantinOpoli
1629 3376 1758 3423 tunc
1806 3371 2008 3438 degen-

430 3474 563 3529 tem,
611 3463 923 3517 ministrum
964 3462 1040 3517 illi
1097 3472 1364 3518 matrona:
1413 3462 1467 3516 in
1517 3460 1706 3529 primis
1758 3458 1921 3513 tidum
1952 3469 2006 3514 et

430 3557 625 3611 intime
658 3555 1010 3621 familiarem,
1048 3556 1485 3618 Cannaburium,
1522 3564 1634 3609 tum
1671 3564 1732 3609 ut
1761 3553 1868 3608 alia
1899 3552 2003 3608 sibi

432 3649 740 3704 desiderata
790 3648 1036 3717 quaedam
1091 3663 1184 3715 per
1230 3662 1349 3702 eam
1403 3648 1456 3699 in
1495 3646 1619 3699 aula
1684 3642 2000 3707 conficeret,

2106 3282 2373 3339 declarari
2408 3282 2735 3339 credidisset
2765 3296 2824 3336 se
2853 3282 3123 3352 legitimas
3157 3279 3450 3333 habentem
3479 3291 3663 3333 causas

2108 3375 2415 3432 abnuendaa
2445 3374 2723 3431 ulterioris
2759 3388 2926 3429 morm
2971 3374 3025 3428 in
3076 3372 3347 3442 obsequio
3392 3368 3664 3439 Nostongi,
3766 3400 3768 3415 ι

2110 3484 2138 3524 a
2174 3483 2285 3539 quo
2318 3466 2565 3537 indignis
2602 3467 2784 3523 modis
2829 3473 3187 3530 tractaretur,
3230 3464 3561 3519 auctoritate
3586 3477 3665 3517 su-
3766 3446 3768 3525 ξ

2111 3559 2314 3632 periori
2359 3560 2516 3616 ducis
2544 3559 2724 3631 magni
2753 3573 2782 3613 a
2806 3557 3071 3614 famulatu
3098 3559 3279 3630 magni
3309 3554 3667 3613 hetazriarcba

2112 3655 2218 3709 rite
2268 3652 2441 3709 fuisse
2492 3651 2827 3717 absolutum,
2855 3658 3145 3721 postquam
3193 3664 3255 3704 ea
3307 3647 3515 3702 reddita
3566 3644 3666 3713 epi—
3766 3638 3768 3675 ⁵

440 3750 552 3793 tum
591 3748 653 3793 ut
707 3754 930 3793 uxorem
975 3740 1118 3807 apud
1169 3744 1396 3792 matrem
1431 3737 1799 3792 diversantem
1850 3734 1916 3789 ad
1950 3751 2010 3791 se
2113 3744 2254 3801 stola
2281 3742 2594 3817 promoveri
2626 3756 2689 3799 ea
2721 3741 2807 3796 via
2850 3741 3125 3811 negotium
3150 3752 3262 3794 non
3294 3737 3466 3793 sensit
3493 3750 3665 3796 suum,

437 3841 767 3887 accerseret.
804 3829 942 3897 Quia
977 3845 1111 3885 vero
1160 3846 1257 3902 per
1305 3830 1534 3886 infestas
1577 3827 1871 3884 hostilibus
1922 3830 1925 3880 ἓ

2279 3834 2372 3892 illa
2426 3834 2794 3907 perfunctoria
2843 3832 3249 3889 commendatio
3302 3830 3519 3891 fuisset.
3567 3829 3667 3883 sive
3766 3822 3767 3865 ἓ

432 3924 689 3980 cursibus
713 3925 959 3993 regiones
980 3923 1126 3977 haud
1153 3932 1329 3978 tutum
1364 3922 1688 3978 iucomitato
1716 3921 1910 3976 viatori
1934 3920 2012 3974 vi-

431 4017 593 4072 debat
617 4018 718 4072 iter
738 4019 878 4089 fore,
906 4016 1189 4087 Nostongo
1213 4016 1493 4071 mandavit
1519 4026 1578 4070 ut
1602 4030 1726 4071 eum
1756 4022 1876 4069 tuto
1917 4014 2013 4069 de-

2114 3928 2372 4002 quamvis
2400 3934 2679 3993 accurata,
2703 3940 2898 3996 parum
2925 3925 3068 3996 apud
3095 3921 3411 3993 praefectorii
3440 3919 3667 3974 caniclco
3766 3930 3768 3953 ι

2115 4024 2350 4089 valeret,
2383 4022 2502 4076 vela
2530 4019 2836 4076 secundum
2884 4033 3077 4074 auram
3115 4027 3329 4072 vertere
3360 4015 3567 4078 statu't,
3594 4027 3667 4066 re-
3766 4006 3768 4053 ἶ

434 4119 752 4179 ιιυιτιιοτωυ
805 4126 836 4166 θ
865 4125 967 4167 sua
1007 4112 1232 4166 οοὶιοΐῑθ
1273 4111 1328 4164 in
1356 4108 1543 4163 urbem
1592 4119 1787 4163 secure
1816 4105 2012 4163 ἀθάυεί
2113 4114 2523 4183 conciliataque
2568 4128 2694 4167 cum
2726 4111 3013 4180 Nostongo
3041 4109 3213 4179 gratia
3249 4106 3515 4162 societate
3556 4114 3666 4157 cum

432 4204 690 4273 praesidio
727 4214 964 4258 curaret.
987 4201 1144 4268 Quod
1174 4203 1263 4257 ille
1293 4202 1612 4257 mandatttm
1653 4200 1889 4256 obnoxie
1928 4213 2016 4255 ac-

435 4296 676 4365 cipiens,
700 4296 858 4366 quasi
891 4294 1228 4350 ostentando
1254 4293 1646 4349 abundantiori
1681 4292 1862 4348 studio
1893 4306 2017 4364 gra-
2114 4299 2389 4370 confugit,
2424 4312 2609 4369 parem
2642 4312 2754 4369 pra:
2784 4311 2843 4353 se
2881 4298 3062 4350 ferens
3129 4294 3478 4349 aversiouem
3510 4302 3536 4344 a
3570 4302 3669 4341 ma-

2115 4225 2185 4267 eo
2258 4208 2501 4264 ineunda
2565 4204 2811 4269 consilii,
2876 4203 2942 4257 ad
3016 4199 3390 4272 patriarcham
3449 4206 3502 4254 et
3562 4194 3668 4265 ipse
3766 4194 3768 4271 ξ

436 4389 683 4443 tillcandi
731 4388 860 4443 duci
902 4402 1124 4458 magno,
1162 4386 1325 4441 simul
1358 4386 1479 4456 plus
1513 4400 1677 4455 quam
1728 4383 2018 4455 petebatur
2118 4406 2226 4461 gno
2262 4390 2427 4446 duce.
2467 4389 2544 4444 ibi
2608 4399 2841 4457 uterque,
2889 4384 3150 4440 concordi
3208 4391 3410 4440 conatu
3462 4379 3668 4436 studue-
3766 4380 3768 4435 ἓ

439 4479 610 4545 dedit,
672 4479 838 4535 simul
898 4491 1082 4550 aptam
1142 4480 1384 4549 captavit
1446 4479 1907 4549 opportunitatem
1961 4476 2013 4531 id
2046 4546 2076 4551 Α
2122 4493 2253 4539 rum
2286 4482 2560 4538 infamare
2614 4480 2757 4551 apud
2790 4480 3096 4549 Angustum
3140 4477 3321 4547 magni
3356 4473 3509 4531 ducis
3541 4481 3666 4533 acta,
3766 4482 3768 4547 ξ

437 4571 584 4642 (11³οά
635 4586 735 4627 sua
786 4546 952 4628 0303‘;
1008 4546 1234 4642 OP'allai
1279 4570 1445 4644 430
1484 4546 1715 4641 egendi-
1764 4567 2011 4625 θαῖεῖιιιη
2043 4546 2093 4607 D
2117 4575 2356 4648 querelis
2412 4584 2605 4631 contra
2644 4546 2766 4644 ejus
2826 4546 3076 4635 avaram,
3112 4546 3468 4640 arrogantem
3507 4575 3562 4620 et
3594 4574 3670 4634 ty-
3766 4562 3768 4641 ί

439 4665 646 4734 quippe
690 4663 1006 4720 deductoris
1038 4664 1140 4719 sibi
1192 4678 1318 4717 Cum
1353 4660 1605 4732 praetoria
1645 4677 1741 4717 sua
1792 4660 2020 4715 coltol‘le
2121 4668 2403 4722 ranoieam
2458 4665 2912 4739 gubernationem
2954 4664 3108 4717 libris
3154 4663 3298 4732 apud
3325 4656 3669 4731 patriarcbam
3766 4654 3768 4713 Ξ

439 4770 749 4825 assumens,
774 4756 1184 4812 Cannabnrinm
1230 4755 1770 4824 ConstantinOpolim
1815 4752 2013 4823 perdu-

444 4852 542 4905 xit.
580 4849 703 4916 Quo
761 4850 882 4920 ipso
947 4859 1194 4918 tempore
1238 4848 1460 4916 quidam
1509 4847 1564 4900 in
1613 4845 1859 4915 ejusdem
1911 4844 2020 4900 No-

446 4946 624 5015 stongi
680 4943 1004 5012 provinciali
1068 4941 1333 4997 comitatu
1392 4938 1588 4993 scribae
1653 4938 2022 4993 ministerium

439 5036 731 5100 exerceris,
764 5051 887 5091 cum
939 5034 1275 5090 decrevisset
1302 5032 1489 5086 nescio
1536 5046 1642 5101 qua
1682 5044 1744 5084 re
1777 5029 2023 5086 offensus

441 5131 510 5184 ab
564 5129 719 5184 exosi
751 5127 857 5183 sibi
910 5126 1123 5181 domini
1184 5125 1412 5180 servitio
1474 5123 1755 5190 recedere,
1809 5132 1863 5178 et
1903 5123 2021 5193 ipse

442 5221 552 5275 iter
609 5220 804 5274 urbem
858 5234 1054 5273 versus
1105 5217 1249 5271 clam
1303 5215 1554 5287 arripuit.
1613 5216 1804 5284 Itaque
1858 5217 2019 5271 ambo

442 5313 561 5382 pari
603 5312 860 5376 consilio,
889 5311 1016 5366 licet
1057 5310 1290 5364 invicem
1331 5308 1532 5379 ignari.
1575 5307 1795 5363 furtivis
1839 5310 2020 5379 profe—

442 5402 722 5469 ctionibus
784 5398 1322 5469 Constantinopolim
1379 5413 1694 5468 pervenere.
1752 5396 1858 5452 Ubi
1909 5395 2017 5450 Νοο

441 5503 675 5564 stongus
710 5494 965 5563 inspecto
1006 5506 1192 5546 rerum
1245 5498 1416 5556 statu,
1455 5505 1578 5544 cum
1622 5490 1852 5544 minime
1886 5502 2014 5557 spe-

443 5596 596 5644 raret
629 5587 870 5657 probare
899 5598 960 5639 se
1013 5583 1333 5654 imperatori
1365 5597 1551 5652 posse,
1600 5580 1913 5636 manifestis
1961 5578 2015 5634 in

445 5681 693 5736 favorem
769 5678 953 5748 magni
1026 5676 1181 5732 ducis
1255 5686 1634 5747 praeoccupato
1702 5672 2016 5738 aﬂ‘ectibus,

443 5791 588 5844 quas
639 5790 799 5830 veras
847 5774 1112 5828 habuerat
1161 5785 1361 5827 causas
1404 5784 1434 5824 e
1466 5768 1750 5839 provincia
1806 5766 2016 5836 injussu

446 5868 784 5937 discedendi,
841 5868 985 5924 haud
1045 5875 1224 5923 tntum
1278 5865 1385 5923 sibi
1435 5865 1647 5936 putavit
1695 5861 2015 5933 confugere,

2119 4756 2487 4827 deponendis,
2539 4769 2678 4824 quas
2736 4754 2826 4810 ille
2876 4754 3130 4809 videlicet
3180 4755 3246 4807 ad
3305 4753 3668 4821 imperatorem
3766 4738 3768 4743 ’

2120 4846 2382 4913 deferret,
2414 4857 2468 4903 et
2494 4861 2594 4918 pro
2638 4861 2700 4901 ea
2730 4860 2837 4916 qua
2864 4844 3102 4916 pollebat
3126 4843 3270 4914 apud
3314 4845 3492 4913 ipsum
3518 4840 3668 4913 gratia
3766 4908 3768 4911 ι

2125 4940 2369 4995 creditas
2412 4939 2517 4995 sibi
2549 4939 2917 5009 probatasque
2960 4936 3523 5008 persuaderetjustas
3544 4945 3667 4987 esse.

2127 5030 2233 5086 Sed
2263 5044 2525 5086 successu
2559 5044 2622 5085 ea
2651 5043 2743 5085 res
2788 5029 3005 5083 caruit:
3036 5025 3241 5081 auditis
3283 5024 3428 5079 enim
3461 5023 3668 5092 inpera-
3766 5016 3768 5021 '

2123 5132 2211 5177 tor
2255 5136 2284 5174 a
2311 5120 2631 5191 patriarcha
2677 5135 2800 5189 qua:
2828 5117 3143 5190 Nostongus
3181 5125 3236 5172 et
3267 5117 3389 5187 ejus
3412 5113 3584 5171 scriba
3619 5109 3668 5164 in
3766 5128 3768 5133 ·

2122 5226 2320 5283 magno
2344 5211 2482 5267 duce
2506 5211 2812 5281 culparent,
2838 5209 2978 5264 adeo
3017 5223 3128 5264 non
3153 5217 3241 5264 est
3289 5218 3578 5277 persuasus
3621 5208 3672 5254 ut

2121 5304 2266 5359 iram
2301 5304 2486 5375 potius
2520 5318 2627 5358 non
2661 5301 2993 5357 mediocrem
3034 5301 3086 5356 in
3124 5306 3477 5355 accusatores
3511 5306 3670 5351 osten-

2123 5398 2305 5461 deret,
2360 5395 2463 5450 hos
2506 5394 2767 5461 judicans
2821 5393 2957 5448 falso
2986 5400 3043 5449 et
3086 5405 3254 5463 prava
3309 5390 3577 5444 voluntate
3600 5388 3673 5440 in-
3766 5462 3768 5465 ι

2121 5487 2601 5560 ειῑιιοιιηιιιοωι
2620 5485 2837 5555 maligni
2864 5486 3073 5549 livoris,
3090 5499 3197 5540 non
3219 5492 3427 5546 autem.
3448 5491 3505 5537 ut
3526 5477 3669 5536 videri

2120 5581 2395 5646 volebant,
2435 5582 2554 5637 zelo
2581 5580 2782 5649 publici
2816 5579 2943 5635 boni
2977 5587 3032 5634 et
3070 5577 3254 5635 studio
3287 5576 3548 5632 benevolo
3570 5587 3669 5627 ser-

2121 5674 2300 5730 viendi
2331 5672 2645 5741 imperatori
2673 5672 2739 5726 ad
2767 5672 2927 5729 istam
2964 5668 3357 5726 calumniosam
3390 5678 3445 5723 et
3477 5661 3670 5720 menda-

2123 5781 2242 5821 eem
2280 5765 2612 5821 delationem
2663 5762 3031 5835 processisse.
3071 5758 3214 5830 Ergo
3270 5759 3327 5813 in
3389 5773 3485 5812 eos
3514 5753 3667 5827 palam

2124 5859 2460 5930 indignatus,
2495 5854 2732 5914 scribam
2759 5854 2976 5943 qttidem
3007 5861 3063 5909 ut
3100 5849 3256 5907 nihili
3306 5839 3669 5905 homunculum
