3860 6544
162 433 250 496 473

163 545 324 606 πάντες
351 542 500 606 ἀξίας
541 540 638 604 τὰς
666 541 821 604 δίκας
845 544 1082 607 τίσαιεν,
1117 544 1254 613 μηδὲ
1285 544 1572 614 προσέξειν
1599 545 1696 599 ἆλ-
1723 549 1773 612 Α

166 640 240 688 λον
264 634 327 704 τῷ
364 632 673 703 στρατηγῷ,
729 633 805 704 μὴ
837 632 944 686 τῶν
999 635 1254 702 φυγάδων
1303 635 1531 690 ἂκείνων
1559 637 1692 690 ὁποι

167 727 369 793 σχόντων
397 724 494 784 τὰς
538 722 717 789 δίκας)
749 721 884 774 ἀλλὰ
912 721 974 774 τὺ
1002 721 1102 790 μὲν
1135 725 1272 792 μονῇ
1307 723 1695 790 ἐγκεκλεῖσθαι

167 815 243 872 καὶ
267 815 360 867 ἀπὸ
385 813 676 882 προσώπου
707 808 851 864 εἶναι
877 812 956 882 τῷ
987 812 1203 882 βασιλεῖ
1229 815 1464 884 ἀρκετὸν
1506 817 1586 876 είς
1616 832 1699 869 τι-

165 907 348 978 μωρίαν
374 905 604 974 ἔκρινεν,
651 905 830 957 ἐκεῖνο
872 905 1006 972 παρ’
1035 907 1231 960 ἑαυτοῦ
1263 909 1698 962 καταδικασθέν-

165 1017 236 1060 τος
259 999 382 1067 ὅπερ
419 998 483 1050 ἂν
517 996 770 1066 βασιλεὺς
826 997 1019 1050 παθεῖν
1051 1000 1259 1052 ἐκεῖνον
1290 998 1364 1061 ὡς
1397 1000 1700 1070 πρόστιμον

168 1089 391 1152 ἐδικαίου,
415 1089 513 1158 τῆς
544 1089 715 1158 μονῆς
747 1091 868 1142 ἀντὶ
897 1089 1148 1160 φυλακῆς
1178 1091 1344 1161 οὔσης
1391 1093 1614 1159 αὐτίκα,

169 1183 219 1251 δὴ
245 1185 326 1234 καί
371 1185 513 1252 παρὰ
566 1184 908 1253 πατριάρχου
960 1183 1288 1246 ἀποσταλεὶς
1320 1183 1696 1252 ἐγκέκλειστο.

170 1275 239 1343 Tt;
259 1275 306 1328 δέ
327 1291 385 1342 γε
415 1277 809 1344 γραμματιστῇ
831 1274 1250 1342 ἀπεπροσπάθει
1279 1273 1354 1338 ὡς
1387 1274 1464 1344 μὴ
1499 1275 1616 1344 ίδίῳ
1638 1275 1699 1326 τὸ

170 1369 353 1420 σύνολον
381 1370 489 1422 ὄντι
524 1369 618 1421 καὶ
647 1369 723 1432 ὡς
749 1367 812 1422 ἐκ
836 1385 982 1430 τινος
1009 1368 1268 1438 λατρείας
1302 1369 1534 1431 ἐκείνοις
1565 1369 1698 1420 ἁνα-

169 1457 384 1526 ληφθέντι
403 1473 417 1486 °
447 1458 558 1510 δεῖν
586 1458 695 1526 γὰρ
721 1459 834 1519 τοῖς
859 1455 960 1524 τῆς
980 1456 1091 1508 τῶν
1106 1456 1385 1526 ἀρχόντων
1403 1456 1496 1508 ἐπὶ
1521 1454 1626 1520 πλη
1635 1473 1700 1525 μ-

173 1551 274 1619 μελῂ
285 1567 410 1619 μασι
431 1549 706 1620 τιμωρίας
745 1550 845 1619 οὐχ
877 1545 1041 1620 ἦττον
1070 1550 1322 1607 κολάσεις
1347 1548 1378 1618 ἢ
1405 1547 1702 1617 καθάρσεις

171 1643 300 1704 οὗτος
331 1642 475 1701 ἰδίοις
512 1645 831 1711 προσήκειν,
865 1641 914 1695 εί
951 1641 1195 1710 μέλλοιεν
1229 1641 1279 1693 οί
1313 1641 1414 1710 μὲν
1448 1639 1704 1704 κολάζον-

170 1752 238 1796 τες
267 1734 553 1802 κερδαίνειν
574 1773 589 1796 ,
635 1734 687 1785 oi
713 1733 770 1786 δὲ
813 1733 964 1786 δεινὰ
1014 1734 1319 1803 πάσχοντες
1349 1731 1700 1801 ὠφελεῖσθαι,

173 1824 281 1878 κατὰ
308 1826 398 1895 τὴν
419 1826 498 1888 είς
535 1825 757 1878 τούπιὸν
783 1825 975 1895 χρείαν
1004 1823 1064 1877 τὸ
1089 1826 1361 1895 χρήσιμον
1397 1822 1705 1894 παρεξόμε-

1043 430 1144 490 DE
1176 429 1616 494 ANDRONICO
1656 429 2128 494 ΡΑιιΕΟιΟοΟ
2164 428 2318 490 LIB.
2373 426 2441 489 V.

3275 415 3379 480 474

1801 543 2066 615 ὲλπισμδν
2103 539 2449 610 συμπαθείας
2478 535 2576 602 τῆς
2618 534 2787 605 μονῆς
2817 532 3106 596 ἀπελύετο.
3139 532 3250 601 ἡδὲ
3274 533 3376 602 τῆς

1795 637 2090 706 ὀλιγωρίας
2112 631 2241 698 δόξα
2274 631 2367 684 καὶ
2399 630 2482 683 ἔτι
2504 628 2808 693 ἀναζέουσα
2839 623 2928 697 ἦν.
2964 625 3058 678 καὶ
3086 624 3214 678 δείν’
3244 625 3382 679 ἄττα

1795 727 1920 790 τοὺς
1959 725 2039 796 τῷ
2071 723 2295 794 μεγάλῳ
2333 720 2488 773 δουκὶ
2551 717 2990 787 προσκειμένους
3038 715 3380 784 ὑπέσμυχον,

1797 821 1846 873 εί
1873 817 2288 886 καταφρονοὴο,
2320 815 2416 867 καὶ
2460 811 2696 881 μάλιστα
2741 809 2893 879 παρὰ
2934 808 3040 859 τῶν
3071 807 3379 860 δοκούντων

1799 913 1893 966 καὶ
1919 913 1976 965 ἐν
2023 909 2204 974 ἀξίαις
2231 909 2366 978 (τοῖς
2396 906 2506 976 γὰρ
2547 904 2928 976 καιριωτέρως
2970 904 3214 971 μέρεσιν,
3247 901 3374 953 ὅταν

1798 1005 1934 1074 ἣνδῷ
1957 1003 2094 1074 πρὸς
2124 1003 2186 1056 τὸ
2214 1003 2414 1071 χεῖρον,
2445 1001 2657 1070 ἀνάγκη
2686 995 3142 1063 συνδιεστρὰφοαι
3172 994 3267 1046 καὶ
3306 994 3376 1048 τὰ

1799 1097 1985 1158 λοιπὰ,
2037 1095 2115 1165 ἣν·
2144 1097 2217 1167 μή
2258 1112 2344 1158 τις
2398 1094 2648 1164 ἐπίσχῃ),
2707 1092 2831 1144 τότε
2863 1089 3122 1160 βασιλεὺς
3156 1087 3380 1156 πέμψας

1801 1191 1926 1260 ἄγει
1978 1189 2074 1242 καὶ
2121 1188 2491 1258 ἀμφοτέρους,
2547 1188 2644 1239 καὶ
2697 1184 2760 1255 δὴ
2792 1183 2976 1253 ἡμέρᾳ
3020 1180 3382 1252 κιιριωνύμῳ,

1800 1279 2309 1350 Μαιμακτηριῶνος
2337 1276 2937 1347 τεσσαρεσκαιδεκάτῃ,
2967 1275 3093 1337 τοὺς
3121 1274 3249 1342 περὶ
3286 1273 3386 1324 αὐ-

1801 1372 1893 1425 τὸν
1944 1370 2479 1441 παραστησάμενος,
2539 1367 2828 1435 παρόντων
2867 1367 3160 1427 κάκείνων,
3216 1361 3386 1415 πολὺν

1807 1462 1906 1531 μὲν
1936 1461 2094 1528 λόγον
2118 1459 2410 1530 παρέτεινε
2440 1455 2798 1527 δημηγορῶν,
2831 1454 2908 1523 τῷ
2941 1453 3042 1522 μὲν
3073 1453 3251 1506 δοκεῖν
3279 1469 3386 1505 καφ

1804 1555 2148 1622 ϐαπτόμενος
2181 1551 2275 1604 τοῦ
2303 1549 2638 1619 Νοστόγγου,
2660 1552 2723 1600 τὸ
2749 1548 2802 1600 δὲ
2838 1547 3092 1599 πλεῖστον
3125 1545 3218 1599 καὶ⁸
3247 1545 3389 1613 ὑπὲρ

1803 1648 1897 1702 τοῦ
1959 1645 2201 1715 μεγάλου
2250 1643 2441 1706 δουκδς
2477 1642 2611 1712 πρὸς
2639 1642 2768 1704 τοὺς
2821 1641 3156 1709 μεγιστᾶνας
3189 1637 3392 1691 ἀπολο-

1805 1739 2097 1808 γούμενος,
2149 1735 2224 1800 ὡς
2259 1735 2426 1805 μηδὲν
2461 1733 2698 1798 ἀναξίως
2733 1735 2843 1786 κάκ
2887 1731 2980 1784 τοῦ
3024 1730 3390 1800 παρείκοντος

1809 1834 1937 1904 μήτ’
1985 1831 2148 1885 αὐτὸν
2177 1829 2582 1901 προϐιϐασμοῖς
2612 1828 2844 1895 τιμῆσαι
2887 1825 2978 1878 τὸν
3027 1825 3126 1878 καὶ
3159 1823 3264 1894 πρὸ
3295 1820 3391 1875 τοῦ

171 1933 246 1969 νων
272 1914 346 1987 ίΡο
387 1914 517 1987 9991
559 1916 718 1969 Ἐπεὶ
746 1915 802 1968 δὲ
835 1916 862 1968 δ
913 1915 1012 1986 μὲν
1045 1916 1356 1984 Νοστόγγος
1398 1915 1542 1978 κα.τά
1585 1931 1708 1968 τινα
1741 1925 1785 1983 Β
1818 1927 1996 1996 μέγαν
2031 1923 2318 1988 δοκοῦντα,
2382 1921 2506 1992 μήτ’
2535 1921 2742 1973 ἐκεῖνον
2782 1920 2912 1988 παρ’
2943 1916 3109 1972 αὐτοῦ
3157 1912 3396 1986 τιμηθῆ-

171 2111 212 2157 et
251 2116 424 2171 parum
467 2099 656 2154 utilem
711 2114 741 2151 c
787 2098 1095 2152 ministerio
1126 2097 1330 2152 amovit
1366 2115 1378 2148 :
1424 2095 1708 2168 Nostongo

173 2210 224 2250 ne
245 2210 396 2263 poena
426 2193 478 2248 ei
515 2191 847 2247 luculentior
883 2190 1242 2262 infligeretur,
1265 2205 1362 2245 sua
1397 2198 1550 2246 tanto
1581 2205 1706 2245 am-

175 2285 280 2355 plior
305 2284 539 2352 dignitas
596 2281 825 2352 profuit,
861 2283 1162 2352 praesertim
1203 2296 1327 2335 cum
1382 2297 1448 2336 ne
1480 2297 1578 2351 pro
1611 2297 1707 2351 po-

173 2385 330 2432 testate
377 2383 728 2430 coerceretur
786 2373 1226 2445 subjicereturve
1268 2372 1506 2440 judicio,
1569 2373 1705 2443 asyli

167 2470 237 2539 jus
260 2468 506 2528 obstaret,
533 2482 644 2536 quo
672 2466 764 2522 ille
808 2463 1136 2534 Peribleptae
1161 2465 1500 2519 monasterio
1531 2465 1706 2519 inclu-

170 2578 244 2616 sus
270 2562 409 2629 (illnc
440 2562 589 2615 enim
615 2575 743 2615 eum
775 2558 1090 2629 patriarcha
1121 2557 1373 2630 miserat)
1407 2557 1707 2612 inviolabili

170 2654 406 2709 utebatur.
435 2655 629 2722 itaque
679 2666 1000 2722 quanquam
1029 2666 1190 2705 soror
1223 2650 1592 2720 imperatoris,
1620 2665 1710 2705 so-

167 2761 272 2800 crus
303 2746 451 2802 ducis
497 2745 703 2815 magni,
744 2743 976 2814 cognitis
1032 2758 1156 2813 quae
1195 2751 1385 2797 contra
1441 2743 1588 2796 bunc
1640 2743 1710 2799 ab

166 2839 240 2893 bis
256 2841 620 2903 movebantur,
649 2850 913 2909 tanquam
953 2852 1055 2907 pro
1079 2851 1282 2908 genero
1311 2835 1568 2898 sollicita,
1599 2850 1708 2890 non

165 2942 373 2988 cessaret
403 2933 779 2988 Andronicum
816 2931 1036 2987 irritare
1076 2931 1340 2986 adversus
1371 2929 1512 2985 duos
1539 2929 1712 2985 falso-

166 3038 283 3088 rum,
323 3031 378 3077 ut
422 3023 628 3089 aiebat,
672 3023 990 3078 inventores
1032 3021 1347 3086 criminum,
1381 3033 1712 3090 magnopere

162 3127 465 3186 exaggerans
510 3131 624 3170 rem
655 3130 782 3171 esse
810 3115 1092 3186 indignam
1135 3114 1481 3184 exemplique
1515 3113 1570 3167 in
1607 3127 1711 3182 pu-

162 3206 333 3262 blicum
363 3207 536 3274 noxii,
568 3209 791 3278 impune
827 3206 972 3263 ferre
1001 3205 1373 3261 calumniosos
1401 3204 1710 3278 sycophan-

163 3306 232 3351 tas
257 3297 771 3368 impudentissimam
801 3299 1108 3365 audaciam,
1141 3316 1209 3355 ex
1233 3315 1338 3370 qua
1363 3299 1537 3354 inulta
1571 3314 1700 3370 pcr-

161 3398 391 3445 manente
414 3400 745 3446 secuturum
773 3400 920 3448 esset
954 3401 1013 3446 ut
1042 3392 1135 3447 alii
1177 3406 1398 3462 quoque
1433 3390 1502 3446 ad
1533 3392 1704 3446 licen-

161 3483 274 3534 tiam
303 3483 511 3538 invitati
531 3483 769 3540 similem
798 3484 1137 3554 negligerent
1175 3484 1406 3540 obedire
1434 3485 1558 3540 duci
1589 3499 1706 3538 ma-

159 3589 267 3642 gno,
290 3581 441 3644 cujus
466 3593 631 3647 quam
658 3586 812 3633 esset
866 3576 1029 3632 fortis
1076 3584 1131 3632 et
1168 3577 1298 3632 felix
1337 3577 1480 3632 bello
1517 3577 1705 3648 reique

160 3674 268 3722 tunc
309 3670 536 3739 publica:
582 3669 892 3725 necessaria
936 3684 1122 3739 opera,
1157 3669 1541 3739 Philadelphia:
1569 3669 1706 3723 libe-

159 3763 278 3816 ratio
309 3770 675 3828 monstraret;
719 3763 821 3818 etsi
871 3762 1006 3826 haec,
1036 3764 1280 3831 inquam,
1330 3763 1708 3817 indesinenter

163 3864 359 3924 urgeret
380 3863 491 3909 tam
515 3863 710 3924 potens
749 3865 804 3910 et
831 3869 959 3910 cara
988 3855 1300 3925 imperatori
1327 3863 1598 3920 matrona,
1628 3863 1710 3910 ta-

161 3960 262 4000 men
283 3947 355 4001 illi
391 3963 499 4002 non
531 3956 618 4004 est
648 3947 826 4003 visum
855 3947 1004 4002 aliud
1029 3956 1146 4002 tum
1175 3947 1398 4018 quidem
1427 3945 1710 4019 Nostougo

159 4035 456 4107 supplicium
481 4036 730 4107 inﬂigere
752 4054 767 4103 ;
793 4035 1050 4092 sufficere
1085 4039 1294 4108 quippe
1332 4038 1560 4092 interim
1596 4038 1711 4092 aie-

159 4126 236 4182 bat
258 4143 552 4194 carcerem,
587 4146 750 4200 quem
787 4131 833 4186 is
884 4131 988 4186 sibi
1023 4132 1170 4187 ultro
1216 4131 1601 4193 conscivisset,
1629 4131 1714 4185 in-

160 4221 366 4278 cludens
430 4237 558 4278 sese
625 4222 967 4278 monasterio
1024 4221 1386 4295 Peribleptae;
1439 4239 1602 4294 quam
1653 4239 1716 4279 se

161 4313 225 4368 illi
267 4318 566 4372 custodiam
615 4317 890 4387 imputare
919 4316 1139 4372 dicebat
1170 4317 1225 4371 in
1284 4326 1494 4387 partem
1540 4331 1716 4386 paena:

162 4412 392 4472 tanquam
433 4408 695 4462 indictam
739 4407 986 4479 legitime
1028 4409 1313 4462 damnato.
1360 4407 1707 4463 lnslautibus

161 4505 340 4560 autem,
377 4513 538 4569 posse
580 4499 774 4555 saltem
799 4499 980 4569 puniri
1013 4497 1354 4570 Nostongum
1389 4500 1446 4553 in
1482 4513 1716 4568 persona

1735 3265 1779 3326 Ο

1809 2114 1894 2161 ret
1933 2101 2187 2158 frustrari
2231 2108 2360 2156 voto
2406 2112 2508 2154 suo
2558 2096 2840 2168 judicem;
2892 2095 2985 2166 qui
3035 2109 3160 2150 cum
3204 2108 3397 2162 poznas

1810 2191 2122 2250 istiusmodi
2167 2190 2352 2246 minus
2395 2189 2617 2244 ultrices
2662 2201 2789 2242 esse
2839 2200 3003 2254 quam
3047 2184 3396 2253 purgatrices

1808 2289 1962 2351 velit,
1983 2286 2269 2356 magisque
2300 2291 2452 2354 optet
2471 2281 2753 2338 emendari
2784 2295 2881 2350 per
2904 2295 3000 2334 eas
3025 2280 3079 2332 in
3110 2287 3395 2348 posterum

1810 2381 1904 2450 qui
1961 2378 2215 2449 deliquit,
2247 2391 2410 2447 quam
2466 2376 2584 2446 ipse
2616 2373 2721 2428 frui
2779 2372 3072 2426 dulcedine
3115 2371 3396 2434 vindictae,

1811 2472 1962 2528 istud
1995 2470 2144 2541 quod
2184 2484 2214 2524 e
2256 2467 2572 2538 reipublicae
2603 2465 2843 2520 utilitate
2887 2471 3124 2534 spectat,
3173 2463 3400 2517 minime

1810 2572 2200 2635 assequeretur
2242 2559 2521 2618 saeviendo
2563 2559 2618 2613 in
2665 2572 2958 2626 personam
3001 2553 3400 2610 indifferentem

1812 2658 1890 2714 illi
1925 2671 2087 2727 quem
2114 2653 2380 2725 primario
2411 2652 2527 2707 vult
2559 2650 2818 2720 plectere.
2847 2651 2940 2704 Sic
2980 2659 3110 2702 tunc
3144 2647 3404 2702 eludebat

1813 2753 2112 2821 imperator
2148 2747 2428 2803 studiosos
2455 2744 2641 2815 magni
2672 2743 2830 2798 ducis
2862 2757 3078 2811 poenam
3130 2738 3398 2807 Nostongi

1816 2843 2176 2912 postulantes.
2255 2838 2458 2892 Verum
2531 2851 2655 2890 cum
2731 2834 3028 2890 accidisset
3115 2833 3403 2902 aliquanto

1813 2945 1940 3006 post
2017 2935 2132 2986 haec
2199 2929 2422 3000 prodire
2477 2942 2508 2982 e
2588 2941 2688 2981 suo
2773 2925 2928 2994 asylo
3006 2917 3402 2993 'Nostongum,

1813 3042 1911 3096 spe
1940 3024 2173 3095 quadam
2209 3031 2474 3091 concepta
2505 3016 2771 3088 parcituri
2806 3016 2966 3071 facile
2995 3015 3103 3072 sibi
3139 3015 3400 3084 Augusti,

1813 3119 1858 3173 si
1900 3117 2254 3173 committere
2301 3127 2361 3169 se
2406 3126 2560 3165 reum
2593 3110 2769 3180 ipsius
2799 3109 3106 3163 clementiae
3147 3106 3402 3172 vidisset,

1814 3212 1942 3265 dum
1975 3209 2027 3265 id
2065 3209 2242 3278 ipsum
2274 3204 2433 3267 aulae,
2467 3211 2526 3257 ut
2549 3202 2629 3266 (it,
2661 3200 3016 3256 sermonibus
3045 3199 3364 3254 celebratur
3389 3243 3404 3264 ,

1811 3304 2253 3360 animadversum
2335 3307 2422 3354 est
2519 3297 2694 3369 magis
2771 3296 3096 3350 incumbere
3188 3294 3406 3364 judicia

1807 3405 2126 3468 magnatum
2197 3394 2591 3465 plerarumque
2644 3390 2697 3444 iu
2769 3387 3250 3458 reprehensionem
3314 3399 3409 3439 ar-

1808 3490 2074 3560 rogantiae
2127 3487 2308 3558 magni
2353 3485 2541 3547 ducis,
2592 3482 2687 3554 qui
2739 3482 3083 3552 Nostongum
3148 3493 3407 3548 magnum

1810 3581 2246 3642 betaariarcbam,
2282 3578 2551 3648 dignitate
2607 3589 2669 3630 ac
2706 3575 2984 3630 natalibus
3043 3572 3409 3642 conspicuum

1809 3678 2110 3737 hominem,
2170 3673 2324 3728 velut
2351 3673 2420 3726 de
2469 3669 2627 3738 plebe
2647 3667 2989 3738 quempiam,
3045 3662 3405 3730 contemptim

1808 3775 1863 3822 et
1946 3761 2243 3832 imperiose
2320 3765 2636 3816 tractasset.
2712 3755 2846 3823 Quae
2900 3757 3140 3824 gliscens
3203 3753 3410 3806 invidia

1811 3869 1938 3909 cum
1993 3853 2157 3908 ducis
2224 3850 2407 3920 magni
2485 3846 2800 3902 fautoribus
2863 3845 3145 3914 injecisset
3195 3858 3416 3910 curam,

1811 3946 1960 4014 quod
2003 3961 2127 4002 eum
2174 3946 2284 4016 jam
2315 3942 2592 3999 contemni
2622 3957 2686 3996 ac
2710 3941 2926 3995 traduci
2979 3940 3181 4010 passim
3221 3955 3250 3992 a
3282 3954 3414 4010 pro-

1815 4040 2039 4095 ceribus
2073 4047 2128 4094 et
2179 4037 2501 4093 constitutis
2560 4036 2612 4090 in
2671 4033 2938 4105 dignitate
3009 4033 3141 4088 viris
3205 4034 3415 4102 prima-

1815 4133 1918 4189 riis
1954 4130 2240 4193 videbant,
2273 4128 2652 4199 intelligebaut
2681 4135 2863 4181 autem
2923 4140 3124 4181 sensus
3172 4133 3228 4178 et
3265 4125 3416 4193 judi-

1816 4228 1901 4282 cia
1958 4235 2292 4282 summatum
2362 4222 2521 4278 facile
2556 4224 2608 4277 in
2633 4222 2830 4291 vulgus
2876 4235 3100 4290 quoque
3161 4232 3405 4287 serpere,

1820 4319 2237 4391 periculumque
2263 4317 2398 4385 fore,
2424 4317 2479 4372 ni
2508 4325 2722 4371 mature
2742 4322 3150 4375 occurreretur,
3183 4327 3248 4366 ne
3265 4325 3418 4365 com-

1822 4411 2087 4466 munibus
2117 4425 2242 4464 mox
2269 4417 2324 4464 et
2362 4410 2702 4464 unanimiter
2730 4401 3420 4476 conspirantibus-primo-

1825 4521 1944 4560 rum
1981 4505 2141 4575 juxta
2174 4505 2629 4573 infirmorumque
2661 4518 2805 4558 unus
2835 4499 3241 4568 odiisobjectus
3271 4493 3418 4550 haud

163 4591 330 4646 scribae
384 4592 496 4659 sui,
547 4593 640 4662 qui
707 4606 815 4646 non
868 4592 1246 4647 diversaretur
1280 4593 1336 4646 in
1385 4591 1722 4646 monasterio
1761 4607 1803 4663 ο
1829 4613 1933 4668 par
1964 4598 2277 4652 resistendo
2308 4604 2474 4662 esset,
2515 4596 2672 4651 novis
2706 4596 3093 4665 imperatorem
3130 4591 3412 4648 instautiis

165 4681 296 4748 (huic
331 4685 479 4740 enim
509 4685 662 4755 juste
712 4685 1070 4756 infligendum
1117 4685 1350 4740 merenti
1387 4685 1717 4756 supplicium

164 4776 207 4828 in
232 4779 576 4847 ignominiam
598 4787 654 4834 et
675 4777 920 4834 dolorem
958 4778 1390 4833 redundaturum
1420 4779 1594 4848 ipsius
1621 4775 1719 4832 do-

1820 4690 1888 4744 ad
1940 4688 2377 4746 succurrendum
2411 4689 2500 4744 isti
2539 4688 2850 4746 discrimini
2903 4686 3284 4758 perpulerunt.
3320 4685 3420 4742 His

1821 4781 1915 4838 ille
1964 4797 2238 4850 annuens,
2291 4782 2380 4836 die
2413 4791 2609 4854 quarta
2645 4783 2857 4837 decima
2909 4781 3080 4847 Junii,
3139 4797 3264 4852 quae
3315 4781 3422 4837 fuit

168 4867 466 4939 minimuius
495 4869 746 4938 exemplo
763 4878 816 4923 et
837 4867 1123 4923 commodo
1143 4868 1725 4939 peccasset),respon-
1827 4873 1926 4930 illo
1958 4889 2106 4930 arino
2154 4873 2460 4938 Dominica,
2512 4875 2708 4930 adduci
2741 4889 2927 4930 coram
2969 4889 3092 4931 sese
3139 4875 3196 4930 in
3239 4875 3423 4929 medio

167 4960 302 5017 debat
341 4966 645 5035 imperator
676 4964 1022 5034 Nostongum
1057 4962 1191 5018 nihil
1236 4963 1304 5018 ad
1357 4977 1418 5017 se
1449 4962 1729 5032 pertinere
1830 4983 2121 5038 procerum
2155 4969 2297 5024 aulae
2335 4967 2658 5024 considente
2688 4966 3031 5038 Nostongum
3073 4979 3127 5024 et
3179 4968 3422 5025 scribam

169 5068 456 5122 putaturum
505 5058 639 5129 quid
697 5059 894 5114 scribae
925 5059 1016 5114 isti
1054 5058 1226 5125 ﬁeret,
1255 5072 1416 5128 quem
1457 5056 1526 5110 ad
1568 5070 1725 5112 suam
1829 5061 2020 5132 jussit.
2071 5062 2251 5131 Atque
2288 5061 2379 5116 bic
2431 5062 2649 5130 longam
2699 5061 2857 5128 satis_
2885 5062 3172 5132 ingressus
3208 5063 3424 5119 Oratio-

172 5163 276 5206 τετε
311 5154 652 5222 pertinuisse
682 5152 948 5208 fatuiliam
985 5161 1208 5223 negaret
1243 5167 1258 5204 :
1293 5151 1347 5206 in
1379 5165 1498 5206 eam
1526 5150 1732 5220 quippe
1841 5170 1964 5210 nem
2009 5154 2196 5224 specie
2223 5153 2517 5208 invebendi
2546 5153 2599 5207 in
2631 5151 3000 5226 Nostongum,
3038 5155 3334 5210 maximam
3365 5172 3424 5211 re

173 5239 430 5314 irrepsisse
457 5245 600 5299 haud
633 5259 662 5299 a
707 5261 766 5301 se
791 5244 1049 5313 ascitum,
1083 5245 1180 5301 sed
1206 5242 1396 5298 furtim
1421 5241 1730 5298 adhibitum
1829 5263 1956 5303 vera
2005 5246 2282 5302 sermonis
2333 5255 2546 5316 partem
2604 5248 2956 5317 consumpsit
3019 5247 3072 5301 in
3133 5246 3421 5319 purgando

171 5344 194 5384 ³
238 5338 341 5392 suis
382 5336 748 5394 latniliaribus
801 5339 1142 5394 mercenaria
1180 5337 1464 5392 functione
1517 5332 1727 5390 venalis
1825 5341 1968 5411 apud
1992 5349 2290 5410 praesentes
2317 5351 2602 5409 magnates
2622 5341 2762 5394 duce
2791 5340 3252 5412 magnoactisque
3272 5341 3422 5398 illius

172 5439 340 5494 operte.
389 5430 660 5502 Oportere
729 5439 939 5495 autem,
992 5432 1038 5486 si
1074 5431 1296 5501 quando
1360 5434 1718 5502 magistratus
1829 5444 1884 5490 et
1914 5432 2034 5488 suis
2070 5446 2203 5500 erga
2236 5430 2392 5484 illum
2425 5431 2712 5486 beneficiis
2745 5434 3139 5502 vituperationi
3174 5436 3428 5491 eximen-

173 5524 332 5578 nonin
386 5527 632 5594 propria,
670 5524 764 5579 sed
820 5526 877 5580 in
920 5523 1098 5579 aliena
1147 5525 1450 5594 castigandi
1485 5539 1718 5592 persona
1833 5526 1940 5580 dis.
1979 5524 2253 5579 Conatum
2307 5525 2511 5594 quippe
2546 5539 2729 5579 acrem
2781 5525 3020 5580 intendit
3079 5533 3146 5581 ad
3192 5543 3426 5597 persua-

177 5606 310 5683 432
334 5616 536 5679 sint,in
559 5629 626 5669 eo
666 5616 844 5684 capite
863 5629 1077 5684 paruam
1120 5615 1379 5669 constitui
1428 5615 1724 5685 quodiuti-

178 5713 298 5757 mum
316 5707 445 5776 ipsis
466 5719 522 5763 et
539 5723 727 5763 carum
749 5709 956 5764 sciatur
980 5724 1124 5774 esse,
1155 5708 1422 5778 cujusque
1460 5709 1719 5762 damnum

179 5803 227 5848 ac
249 5797 386 5855 labor
416 5801 485 5857 ad
509 5817 732 5859 sensum
765 5802 984 5858 illorum
1015 5802 1215 5858 aﬂectu
1247 5811 1302 5858 ct
1333 5803 1721 5872 compassione

179 5897 503 5964 Propagatum
539 5896 605 5952 iri
637 5911 746 5952 nou
783 5895 854 5955 sit
887 5895 1137 5954 dubium.
1178 5896 1400 5963 Alioqui
1429 5898 1718 5961 continge-

1833 5615 2077 5672 dendum
2111 5629 2285 5684 neque
2319 5630 2378 5670 se
2432 5615 2786 5670 cumulandis
2842 5616 2897 5668 in
2933 5614 3283 5671 Rontzet‘ium
3327 5617 3428 5672 lto-

1833 5708 2064 5763 noribus
2105 5707 2437 5762 liberalitate
2481 5706 2808 5769 excessisse,
2855 5721 3032 5775 neque
3070 5706 3224 5760 illum
3260 5722 3424 5764 accc-

1832 5802 1982 5871 pisse
2039 5815 2068 5854 a
2112 5815 2172 5856 se
2226 5799 2528 5870 quidquam
2581 5814 2692 5868 quo
2743 5814 2852 5853 non
2909 5799 3138 5855 deberet
3179 5800 3420 5872 iudicari

1839 5893 2223 5961 dignissimus,
2257 5892 2458 5959 quippe
2495 5890 2588 5957 qui
2623 5891 2729 5956 iant
2765 5901 3063 5953 antcuuam
3103 5895 3209 5952 huc
3243 5897 3419 5953 adve-
