3768 6542
404 442 514 501 475

1598 431 1922 492 GEORGII
1961 431 2267 494 PACHYM
2280 433 2443 493 ΕΠιΈ

3569 418 3661 482 ἱῗῦ

389 569 498 613 ναι,
534 546 582 603 εί
621 549 712 602 ἐπὶ
742 546 851 603 τῶν
908 546 1042 600 ὅλων
1071 547 1314 617 γένοιτο·
1351 563 1489 601 ειναι
1540 545 1650 618 γὰρ
1681 546 1774 599 καὶ
1804 546 1968 600 ἀλλα-
2004 547 2050 603 Α
2082 545 2332 615 Περσῶν.
2379 541 2541 598 Ἀλλᾶ
2588 543 2779 613 χρόνος
2801 539 2902 612 τὴν
2938 539 3259 612 πολιορκίαν
3281 539 3540 609 ἐμέτρει,
3571 535 3662 586 καὶ

391 644 492 716 χοῦ
525 646 627 714 οὐχ
667 645 866 714 ἣκιστα
899 642 1105 709 ἔνδοξον
1138 644 1232 697 καὶ
1285 642 1440 696 οὐδὲν
1484 642 1512 694 ὅ
1565 659 1618 694 τι
1660 640 1845 694 λαὸείν
1895 639 1968 709 μὴ
2069 637 2180 689 τῶν
2223 631 2886 686 πολλῶνούποκλιοέντων
2917 631 2998 693 είς
3055 629 3280 700 μακρὰν
3331 629 3587 695 ἀντεῖχον
3618 625 3661 673 οξ

395 736 610 806 εχοντα.
647 735 809 796 Τέλος
873 735 934 788 τὸ
983 735 1078 787 τοῦ
1127 735 1486 801 λεοντοκόμου
1515 733 1682 796 ποιεῖ,
1716 731 1815 786 καὶ
1848 733 1972 784 κυνὶ

392 828 486 883 τὸν
520 827 598 890 ὡς
617 827 779 897 δῆθεν
808 826 1004 880 λέοντα
1033 825 1434 880 ἐκδεδίττεσθαι
1456 838 1471 852 °
1506 825 1833 895 προστάττει
1862 823 1972 891 γὰρ

396 919 615 987 αὐτίκα,
646 919 854 973 καὶτὸν
884 920 984 988 μὲν
1009 920 1353 989 γραμματέα
1383 918 1633 986 ἐξατιμοῐ
1660 918 1833 988 κουρᾷ
1857 933 1974 985 τρι-

395 1012 508 1082 χῶν
534 1012 628 1065 καὶ
661 1010 900 1078 γενείου,
934 1011 1026 1062 τὸν
1061 1010 1118 1063 δέ
1141 1010 1457 1077 Νοστόγγον
1489 1008 1558 1061 τὰ
1587 1006 1760 1060 πολλὰ
1801 1007 1974 1060 καθα-

395 1103 640 1173 ψάμενος
666 1103 725 1155 sv
765 1102 1132 1172 δημηγορίαις
1158 1102 1312 1165 τέλος
1332 1101 1657 1168 ἀξιωμάτων
1688 1099 1835 1168 ψιλοῖ
1882 1099 1977 1152 καὶ

397 1191 662 1260 ἐγκλείει.
697 1191 862 1246 Ἀλλὰ
886 1191 1058 1245 ταῦτα
1097 1192 1195 1260 μέν
1225 1193 1528 1261 ἐπράττετο
1559 1191 1707 1260 τῇδε.

398 1295 500 1354 κε’.
523 1299 664 1368 Περὶ
687 1298 808 1354 τῶν
826 1303 978 1354 κατὰ
1001 1299 1118 1366 τὴν
1137 1301 1418 1368 Τρίπολιν
1439 1301 1555 1367 τὴν
1577 1301 1724 1354 κατὰ
1755 1302 1977 1356 Malar-

2073 727 2420 797 Τριπολῖται.
2441 725 2590 793 Πλὴν
2621 724 2717 776 καὶ
2750 723 2873 776 κατ’
2892 722 3076 790 ὀλίγον
3107 725 3171 791 τῇ
3203 721 3312 774 τῶν
3337 717 3660 783 ἀναγκαίων

2074 818 2253 888 ἐνδείᾳ
2301 815 2798 885 στενοχωρούμενοι
2832 814 2927 868 καὶ
2959 817 3058 882 τῆς
3087 813 3288 876 ἔξωθεν
3329 808 3663 878 ἐπικουρῖας

2073 911 2133 974 ἐς
2161 909 2230 964 τὰ
2271 908 2507 978 μάλιστα
2537 906 2796 979 ἔχρῃζον.
2845 905 2989 958 Ἀλλ’
3018 906 3140 957 ἐπεὶ
3188 904 3430 971 ἐγγύθεν
3454 901 3562 954 οὐκ
3602 896 3665 968 ἦν

2076 1000 2290 1071 ἀρωγὴ,
2335 999 2579 1068 ἔγνωσαν
2608 1015 2719 1052 τισι
2762 997 3136 1067 συνωμοσίαις
3189 999 3312 1060 ταῖς
3371 994 3510 1065 πρὸς
3543 993 3667 1054 τοὺς

2078 1093 2298 1164 Πέρσας
2325 1081 2527 1156 τὰτῆς
2557 1089 2808 1160 ἀνάγκης
2842 1087 3162 1141 διευθετείν.
3208 1087 3432 1156 Ἀμέλει
3462 1103 3552 1137 τοι
3577 1087 3668 1136 καὶ

2079 1184 2216 1252 πρὸς
2251 1183 2443 1253 καιρὸν
2473 1182 2798 1236 ἐσπένδοντο
2844 1181 3106 1249 Πέρσαις,
3149 1180 3242 1232 καὶ
3274 1183 3426 1232 σῖτον
3457 1177 3667 1229 ἐκεῖθεν

2083 1277 2414 1347 ἐλάμϐανον.
2452 1276 2560 1330 Καὶ
2586 1277 2614 1328 ὁ
2650 1274 2978 1343 συνεθισμὸς
3019 1273 3120 1343 τῆς
3155 1271 3434 1342 ἐμπορίας
3464 1271 3542 1339 μὴ
3576 1271 3669 1338 μο-

2081 1386 2173 1423 νον
2205 1369 2453 1430 ἐκείνους
2513 1365 2910 1437 ἐξερχομένους
2967 1365 3225 1418 ὠνεῖσθαι
3259 1364 3331 1416 τὰ.
3390 1363 3671 1429 ἀναγκαῖα

2085 1463 2282 1526 ἐποίει,
2335 1461 2472 1514 ἀλλὰ
2501 1464 2594 1512 καὶ
2637 1460 2853 1530 Πέρσας
2887 1458 3313 1530 εἰσερχομένους
3335 1456 3544 1525 ἀνέδην
3577 1456 3670 1524 τὴν

2086 1552 2241 1605 πόλιν
2297 1548 2380 1623 [Ρ.
2423 1548 2553 1620 501]
2611 1550 2955 1618 ἁπεμπολεῖν
3013 1546 3428 1616 παρεσκεύαζε.
3498 1545 3670 1596 Τοῦτο

2087 1643 2350 1706 πολλάκις
2385 1640 2631 1713 πραχθὲν
2653 1641 2863 1694 ἔννοιαν
2890 1641 3101 1709 εἰσάγει
3121 1642 3366 1711 Πέρσαις
3391 1638 3668 1699 ἁλώσεως,

916 1371 1066 1438 ὅρον
1088 1371 1471 1436 συμϐάντων.

475 1457 564 1532 [Ρ.
591 1460 722 1532 300]
752 1461 829 1515 Οὐ
863 1465 1046 1532 χεῖρον
1074 1462 1118 1516 δ’
1151 1463 1282 1526 τσως
1328 1463 1425 1517 καὶ
1454 1463 1521 1516 τὰ
1554 1462 1698 1516 κατὰ
1733 1461 1831 1532 τὴν
1851 1460 1983 1530 Τρί-

403 1553 562 1606 πολιν
593 1552 845 1618 διελθεῖν,
893 1553 1044 1616 ὃπως
1075 1555 1136 1607 ἐν
1164 1556 1279 1618 τοῖς
1312 1555 1506 1625 μέρεσι
1553 1556 1665 1613 τοῖς
1692 1554 1814 1606 κατ’
1853 1554 1982 1605 ἀνα-

403 1643 570 1712 τολὴν
607 1643 870 1715 φρούριον
897 1639 1058 1711 οὖσα,
1086 1644 1276 1700 ἔπειτα
1309 1647 1372 1699 ἐκ
1402 1648 1502 1714 τῆς
1533 1643 1748 1708 εἰκαίας
1771 1643 1986 1712 καὶτῆς

402 1731 677 1803 τυχούσης
699 1735 1030 1805 προφάσεως
1067 1735 1274 1804 ταύτην
1303 1735 1538 1804 ἀρχαίαν
1564 1730 1732 1788 οὖσαν
1768 1735 1862 1786 καὶ
1891 1735 1983 1788 Φιο
2086 1737 2180 1790 καὶ
2216 1735 2509 1806 προδόταις
2557 1733 3080 1808 κοινολογησάμενοι
3117 1733 3185 1787 τὰ
3219 1732 3416 1785 εἰκότα
3453 1732 3509 1783 ἐν
3545 1747 3672 1798 προσ

407 1825 730 1896 λαδελφείας
774 1827 1228 1897 προϐεϐλημένην
1278 1829 1305 1880 ὁ
1339 1827 1550 1890 Δοὺκας
1585 1828 1678 1880 καὶ
1729 1827 1984 1896 βασιλεὺς
2089 1828 2343 1900 θεσμίαις
2381 1829 2602 1891 πισταῖς
2624 1826 2691 1880 τὰ
2725 1826 2867 1879 κατὰ
2891 1826 2990 1897 τῆς
3022 1824 3232 1888 πόλεως
3258 1823 3666 1893 ἐξειργάζοντο.

409 1917 504 1970 καὶ
527 1918 714 1981 ὅπλοις
741 1921 836 1970 καὶ
872 1920 1184 1989 σιταρκίαις
1215 1919 1486 1981 ἐπετείοις
1535 1916 1772 1990 ὠχύρου,
1809 1919 1984 1972 καὶτὸ
2018 1911 2058 1962 Β
2088 1919 2200 1974 Καὶ
2252 1919 2317 1988 δὴ
2373 1920 2623 1989 σάγμασι
2679 1919 2958 1981 πλείστοις
3016 1916 3086 1970 τὰ
3118 1916 3226 1970 τῶν
3255 1914 3506 1986 φορτίων
3559 1915 3669 1965 ἐπι·

408 2008 505 2076 τῆς
529 2007 918 2077 Φιλαδελφείας
961 2008 1229 2078 μόρσιμον
1253 2007 1334 2079 (τὺ
1359 2006 1402 2060 δ’
1426 2003 1494 2077 ἧν
1525 2007 1589 2060 ἐκ
1634 2003 1862 2077 πρώτης
1884 2023 1986 2059 κα·
2091 2010 2516 2079 σκευασάμενοι,
2541 2009 2604 2062 τὸ
2643 2008 2743 2079 μὲν
2775 2007 3092 2078 στράτευμα
3136 2006 3373 2075 ἔγγιστὰ
3407 2021 3510 2057 που
3565 2006 3674 2056 Evs-

408 2100 742 2171 τακλυσμῶν
780 2103 878 2154 καὶ
908 2099 1192 2153 είσέπειτα
1221 2100 1390 2172 μηδὲν
1421 2099 1651 2165 ἁλῶναι,
1685 2099 1761 2161 ὡς
1785 2097 1989 2167 ἐφημί-
2091 2100 2420 2171 κρυφίαζον,
2460 2102 2578 2170 ἅμα
2612 2100 2670 2152 δὲ
2718 2099 2903 2152 πολλοὶ
2933 2098 3033 2170 τὴν
3069 2098 3223 2152 πόλιν
3258 2095 3552 2168 εἰσῄεσαν.
3591 2095 3673 2147 Σῖ-

410 2189 555 2259 Caro)
593 2193 786 2245 πιστὸν
819 2191 1072 2245 ἐντεῦθεν
1128 2192 1385 2247 καθίστα.
1425 2191 1526 2244 Διά
1570 2209 1653 2244 τοι
1686 2191 1864 2245 ταῦτα
1894 2190 1991 2242 καὶ
2093 2211 2188 2257 τος
2216 2193 2260 2246 δ’
2292 2195 2326 2265 ἡ
2378 2193 2622 2264 ἐμπορία
2653 2187 2744 2264 ἣν,
2783 2193 2880 2246 καὶ
2933 2191 3166 2255 ἕκαστος
3223 2190 3335 2242 τῶν
3377 2187 3672 2242 κανθώνων

411 2283 704 2356 ἐκυδροῦτο
731 2283 793 2337 τὸ
830 2283 1101 2354 πόλισμα,
1122 2283 1348 2337 καὶτῶν
1373 2281 1776 2354 ἐπιτιθεμᾶνων
1803 2281 1991 2352 ὴλόγει
2093 2286 2302 2355 ζυγάδα
2323 2285 2506 2356 φέρων
2524 2285 2633 2339 τῶν
2655 2283 3036 2355 φορτωμάτων
3059 2281 3126 2337 τὰ
3148 2283 3292 2337 κατὰ
3325 2281 3420 2335 τὸν
3444 2279 3672 2352 πόλεμον

413 2459 581 2522 uiret,
635 2475 866 2532 magnus
926 2460 1087 2533 533
1137 2459 1355 2525 fuisset,
1407 2462 1638 2518 classem
1687 2472 1743 2518 et
1800 2461 1992 2532 copias
2097 2459 2318 2532 inclytae
2353 2475 2451 2529 per
2494 2459 2600 2516 hoc
2651 2456 2826 2522 factae,
2888 2471 2993 2514 nec
3042 2457 3128 2512 sui
3183 2455 3436 2528 praesidii
3483 2454 3670 2509 ﬁducia

413 2552 654 2608 ductans
700 2554 978 2623 proprias,
1021 2560 1271 2624 quoque?
1302 2555 1391 2609 hic
1453 2554 1649 2610 fuisset
1697 2555 1996 2624 insignitus
2097 2555 2313 2609 curanti
2357 2555 2642 2609 Persarum
2677 2553 3049 2618 incursiones,
3104 2566 3243 2622 quas
3277 2549 3443 2606 facile
3472 2565 3538 2605 ac
3591 2548 3670 2602 lu-

417 2643 582 2698 titulo
636 2642 798 2700 ducis
829 2646 1038 2714 magni,
1073 2646 1191 2713 ejus
1222 2661 1336 2699 rem
1382 2646 1556 2717 ipsam
1587 2648 1738 2716 prius
1771 2646 1994 2700 habuis-

416 2742 523 2798 set,
574 2736 704 2790 alibi
746 2736 918 2790 nihilo
967 2736 1148 2791 minus
1194 2738 1380 2793 clarus
1433 2746 1601 2809 atque
1652 2740 1994 2807 conspicuus

419 2844 587 2900 quam
623 2829 822 2886 deinde
855 2829 999 2900 apud
1030 2845 1151 2894 nos,
1179 2833 1272 2900 qui
1310 2846 1507 2884 nomen
1552 2831 1820 2886 duntaxat
1845 2831 2002 2886 addi-

419 2923 670 2978 derimus
705 2937 972 2990 possessa:
1007 2921 1212 2976 dudum
1247 2929 1304 2977 et
1349 2924 1606 2979 exercitae
1644 2924 1712 2979 ab
1747 2924 1842 2979 ilio
1896 2939 1998 2994 po-

417 3018 671 3082 testatis,
725 3013 947 3086 quando
1013 3015 1163 3070 illum
1209 3015 1474 3070 exercitui
1544 3017 1793 3071 Romano
1853 3032 1998 3088 pra:-

418 3107 656 3176 positum
687 3107 946 3161 universo
964 3120 1218 3176 magnum
1263 3105 1461 3161 ducem
1489 3106 1901 3176 appellavimus.
1941 3107 1998 3162 In

418 3213 539 3252 eam
573 3198 900 3253 sententiam
935 3207 1224 3267 postquam
1253 3206 1509 3252 accurate
1538 3198 2003 3269 vehementerque

422 3292 720 3360 peroravit,
755 3305 1066 3345 conversus
1091 3290 1155 3344 ad
1185 3298 1484 3360 praesentes
1508 3305 1654 3355 reos,
1682 3299 1736 3345 et
1763 3305 1792 3343 a
1817 3291 2003 3347 scriba
2029 3265 2072 3322 θ

419 3398 678 3442 exorsus.
733 3382 788 3435 in
845 3395 911 3436 eo
969 3379 1156 3437 facere
1202 3380 1376 3434 voluit
1410 3379 1556 3450 quod
1611 3381 1794 3434 solere
1849 3381 2006 3435 aiunt

422 3475 598 3530 leonis
653 3474 1000 3544 magistrum,
1061 3476 1192 3530 dum
1257 3487 1398 3529 cane
1447 3487 1632 3526 coram
1669 3472 1765 3526 illo
1812 3474 2006 3528 verbe-

423 3566 599 3622 rando
634 3576 839 3622 terrere
883 3568 1035 3621 ferox
1072 3566 1276 3620 animal
1308 3564 1531 3636 satagit.
1575 3565 1667 3620 Sic
1711 3566 1854 3620 enim
1891 3566 2007 3620 Au-

424 3667 619 3728 gustus
679 3667 888 3712 metum
947 3659 1243 3714 admovere
1293 3655 1588 3727 Nostongo
1644 3659 1826 3713 scriba
1884 3659 2008 3728 ejus

424 3751 717 3821 plcetendo
747 3760 972 3820 propter
1004 3750 1222 3820 culpam
1253 3751 1478 3820 utrique
1519 3765 1870 3806 communem
1910 3766 2008 3806 vo-

427 3846 568 3906 lens,
609 3844 738 3898 huic
794 3844 906 3897 illic
940 3843 994 3897 in
1043 3853 1344 3912 conspectu
1391 3853 1721 3898 cunctorum
1768 3844 2010 3914 ignomi-

427 3933 584 3988 niose
624 3932 742 3988 radi
788 3931 856 3986 ad
897 3940 1078 3987 cutem
1111 3932 1252 4002 pilos
1281 3933 1483 4003 capitis
1516 3943 1572 3990 et
1615 3934 1785 3988 menti
1818 3934 2006 4003 jussit.

429 4023 663 4093 “orque
693 4025 1034 4094 Nostongum
1063 4025 1261 4079 acerba
1299 4028 1451 4094 prius
1500 4042 1600 4082 nec
1634 4028 1784 4082 brevi
1821 4026 2010 4095 objur-

428 4115 649 4186 gatione
702 4116 1036 4181 increpitum
1087 4116 1330 4185 denique
1359 4116 1726 4187 dignitatibus
1769 4119 2010 4188 privavit

426 4216 485 4262 et
502 4209 770 4263 custodia:
794 4208 1028 4264 addixit.
1055 4209 1236 4279 Atque
1260 4211 1376 4265 haec
1399 4211 1617 4281 quidem
1644 4222 1766 4266 acta
1792 4213 1848 4266 in
1866 4210 2012 4266 hunc

428 4296 654 4351 modum
686 4304 838 4351 sunt.
1202 4321 1207 4326 ·

460 4429 553 4486 25.
591 4430 668 4485 De
696 4431 764 4486 iis
795 4448 912 4502 quae
945 4431 1148 4502 Tripoli
1181 4433 1250 4487 ad
1285 4432 1618 4489 dimandrum
1648 4433 1973 4490 acciderunt.

503 4566 697 4636 Operae
725 4569 963 4637 pretium
991 4583 1210 4638 quoque
1241 4567 1425 4634 fuerit,
1474 4585 1596 4638 quae
1631 4567 1834 4639 Tripoli
1882 4585 2011 4631 con-

429 4659 620 4726 tigere,
675 4659 915 4714 breviter
969 4661 1216 4728 exsequi.
1266 4661 1389 4715 Haec
1428 4662 1560 4716 urbs
1629 4664 1682 4717 in
1739 4660 2004 4717 Orientali

429 4747 536 4801 sita
573 4756 749 4803 tractu
775 4751 985 4805 arcium
1044 4754 1252 4820 potius,
1303 4753 1505 4822 quibus
1555 4753 2003 4809 circumdabatur

431 4844 500 4898 ad
540 4845 690 4898 illum
717 4848 984 4915 oppositis
1008 4849 1260 4911 limitem,
1287 4864 1449 4919 quam
1481 4851 1720 4919 propriis
1751 4859 1863 4904 tuta
1889 4864 2009 4902 uiuo

429 4938 696 4991 nimentis
742 4937 1068 5003 habebatur,
1099 4940 1279 5008 quoad
1307 4957 1426 4994 eam
1476 4941 1654 4995 Ducas
1701 4941 2002 5010 Augustus,

431 5042 498 5082 ex
537 5027 637 5081 levi
664 5036 717 5082 et
753 5029 974 5082 fortuiti
1002 5039 1166 5099 capto
1198 5046 1365 5086 causa
1394 5031 1649 5094 consilio,
1683 5031 1874 5085 urbem
1903 5047 2007 5085 an-

435 5120 644 5189 tiquam
671 5131 726 5173 et
772 5119 1163 5192 Philadelphia:
1195 5130 1514 5192 praetentam
1565 5124 1758 5186 armis,
1803 5139 2012 5193 propu-

435 5216 682 5283 gnaculis
723 5222 778 5270 et
809 5216 983 5272 victus
1027 5217 1192 5270 annui
1248 5216 1660 5286 provisiouibus
1712 5219 2010 5284 instruxit;

435 5305 596 5371 cujus
625 5321 778 5359 novae
811 5304 1383 5376 objectu_munitionis
1420 5307 1643 5370 tutiore,
1689 5319 1750 5363 ut
1776 5324 2013 5379 appare-

441 5396 560 5459 bat,
586 5399 799 5454 reddita
835 5408 886 5454 et
925 5409 1080 5453 extra
1111 5412 1274 5452 omne
1297 5399 1600 5468 periculum
1649 5401 1884 5455 Persica:
1930 5401 2015 5454 in-

437 5487 682 5542 vasionis
706 5489 886 5556 posita
917 5487 1318 5556 Philadelphia,
1349 5488 1612 5558 fidesjam
1645 5489 2015 5545 adhibebatur

437 5580 668 5648 pronior
697 5579 864 5633 veteri
898 5579 963 5634 de
1000 5579 1092 5633 illa
1125 5580 1356 5633 oraculo
1381 5579 1615 5648 jactato,
1655 5600 1765 5651 quo
1798 5583 1850 5635 in
1888 5583 2016 5638 fatis

2043 4617 2084 4669 ο

2103 2648 2346 2704 dihunde
2374 2663 2433 2703 se
2466 2648 2815 2717 repulsuram
2849 2645 3170 2702 confideret.
3205 2644 3402 2701 Postea
3439 2645 3550 2699 late
3580 2659 3669 2714 po-

2102 2741 2366 2796 tientibus
2389 2755 2586 2812 cmpo
2632 2739 2838 2803 Persis,
2889 2748 3097 2794 cunctae
3139 2738 3358 2793 illorum
3404 2745 3670 2791 tractuum

2101 2833 2612 2889 munitiones'una
2670 2832 2834 2887 simul
2906 2830 3198 2886 obsidione
3263 2830 3666 2900 premebantur,

2102 2927 2310 2981 coactis
2333 2924 2694 2996 praesidiariis
2722 2922 2888 2995 434
2930 2923 3074 2976 intra
3119 2936 3225 2977 eas
3268 2937 3330 2976 se
3389 2928 3580 2972 tenere
3623 2928 3669 2972 et

2111 3018 2226 3090 agri
2252 3033 2355 3073 usu
2374 3017 2636 3072 exclusis.
2675 3015 2729 3070 Id
2763 3014 3171 3069 incommodum
3221 3012 3539 3067 diutissime
3560 3026 3668 3064 0m-

2103 3109 2252 3159 ninm
2279 3105 2517 3175 Tripolis
2547 3104 2772 3175 pertulit
2796 3119 2811 3169 ;
2854 3114 2908 3158 et
2932 3103 3206 3174 plerisque
3231 3102 3667 3157 circumsitarum

2103 3197 2313 3252 arcium
2341 3197 2480 3251 fame
2513 3197 2579 3250 ad
2605 3195 2937 3250 deditionem
2966 3195 3196 3260 adactis,
3227 3195 3327 3249 soli
3357 3195 3524 3264 longo
3549 3203 3669 3246 tem-

2107 3305 2238 3361 pore
2271 3291 2522 3344 restitere
2556 3287 2862 3360 Tripolim,
2893 3287 3076 3358 quoad
3109 3295 3163 3341 et
3189 3287 3293 3357 ipsi
3333 3285 3667 3353 consumptis

2105 3379 2310 3434 sensim
2339 3377 2639 3441 alimentis,
2678 3384 2922 3430 extrema
2953 3376 3006 3430 in
3043 3385 3165 3430 arto
3216 3374 3382 3445 positi
3434 3374 3666 3443 penuria,

2108 3469 2539 3538 circumspicere
2567 3467 2771 3521 auxilia
2797 3479 3052 3537 cmpere;
3085 3482 3321 3536 quorum
3348 3482 3475 3520 cum
3510 3482 3539 3519 e
3564 3479 3670 3536 pro-

2109 3563 2313 3632 pinquo
2335 3561 2486 3616 nulla
2521 3575 2581 3617 se
2607 3576 2732 3630 spes
2765 3561 3102 3624 ostenderet,
3134 3559 3200 3614 ad
3242 3559 3514 3629 quasdam
3558 3571 3666 3611 cum

2108 3655 2290 3710 Persis
2317 3653 2732 3717 conventiones,
2757 3654 2903 3708 malo
2941 3653 3099 3706 aliter
3135 3650 3530 3706 immedicabili
3555 3648 3670 3703 sub-

2111 3747 2324 3816 igente,
2353 3745 2778 3802 descenderunt.
2811 3745 2961 3800 Pacti
3009 3747 3152 3799 enim
3201 3744 3257 3797 in
3305 3753 3527 3812 tempus
3588 3739 3670 3794 ali-

2111 3847 2248 3911 quot
2282 3837 2529 3894 indutias
2590 3846 2893 3909 mntuoque
2943 3836 3311 3892 contrahendi
3359 3835 3668 3895 libertatem,

2113 3934 2448 3989 frumentum
2479 3932 2550 3986 ab
2595 3932 2736 4002 ipsis
2769 3930 3026 3984 traditum
3081 3929 3284 3994 Persis,
3339 3929 3522 3998 pretio
3564 3941 3670 3979 cum

2113 4027 2218 4082 tide
2247 4034 2559 4087 numerato,
2593 4023 2958 4092 accipiebant.
3011 4021 3441 4091 Frcquentatnm
3495 4019 3548 4074 id
3600 4027 3668 4073 est

2113 4129 2200 4176 Sat
2260 4120 2426 4189 longo
2490 4127 2738 4186 tempore
2790 4117 3219 4180 connnercinm,
3291 4113 3668 4184 prodeuntibus

2115 4210 2348 4280 primum
2404 4206 2786 4276 Tripolitanis,
2834 4213 2888 4259 et
2947 4219 3221 4258 annonam
3274 4202 3555 4271 persoluta
3598 4215 3664 4269 pe-

2111 4301 2274 4356 cunia
2299 4300 2436 4355 foris
2475 4306 2750 4368 sumptam
2799 4297 2942 4351 intra
2983 4295 3176 4350 urbem
3241 4293 3669 4363 importantibns.

2112 4392 2453 4448 Procedente
2505 4399 2682 4445 tamen
2716 4404 2842 4452 usu,
2878 4397 2934 4444 et
2963 4403 3027 4442 ex
3083 4401 3171 4451 eo,
3227 4394 3288 4438 ut
3353 4386 3432 4450 fit,
3496 4385 3668 4438 fiducia

2113 4491 2420 4544 crescente,
2469 4481 2787 4552 permittere
2839 4480 3150 4551 ingressum
3202 4479 3449 4534 civitatis
3507 4477 3670 4531 Persis

2116 4577 2238 4631 vitae
2297 4574 2546 4631 subsidia
2579 4572 2942 4628 inferentibus
2988 4588 3098 4626 non
3151 4572 3516 4635 dubitarunt;
3568 4584 3670 4639 qua:

2114 4683 2201 4722 res
2237 4669 2290 4721 in
2333 4667 2556 4722 exitium
2595 4666 2842 4735 ipsorum
2875 4665 3058 4719 vertit.
3107 4664 3291 4721 Persae
3333 4664 3558 4734 quippe,
3591 4676 3669 4731 per

2111 4763 2274 4818 talem
2294 4776 2516 4817 causam
2546 4760 2691 4814 intra
2721 4763 2910 4814 urbem
2928 4759 3192 4830 Tripolim
3218 4760 3416 4816 crebro
3444 4755 3668 4816 admissi,

2109 4857 2231 4924 ejus
2265 4853 2551 4925 capiendae
2618 4852 3008 4921 cogitationem
3071 4852 3336 4917 inierunt,
3393 4849 3668 4921 proditori-

2114 4950 2328 5016 busque
2389 4946 2706 5002 subornatis
2747 4945 2799 4998 in
2858 4945 3056 5014 supina
3118 4944 3421 4999 securitate
3492 4943 3666 4998 civium

2115 5040 2363 5095 iraudem
2417 5039 2472 5092 in
2541 5037 2686 5092 hunc
2749 5035 2971 5090 modum
3019 5036 3446 5091 concinnarunt.
3501 5035 3668 5103 Magno

2116 5129 2460 5186 sarcinarum
2503 5141 2734 5182 numero
2772 5134 2987 5195 parato,
3020 5141 3158 5195 quas
3195 5124 3458 5180 frumenti
3484 5123 3668 5178 venalis

2115 5239 2238 5279 esse
2267 5223 2536 5282 dicerent,
2575 5235 2671 5275 eas
2699 5219 2870 5274 asinis
2896 5227 2990 5273 aut
3021 5219 3184 5273 mulis
3210 5216 3515 5273 clitellariis
3539 5215 3668 5268 binas

2116 5316 2246 5370 hinc
2276 5314 2403 5369 inde
2432 5314 2666 5383 singulis
2702 5312 2988 5382 impositas
3037 5312 3246 5366 ducunt
3288 5311 3344 5365 in
3383 5311 3587 5371 urbem,
3628 5304 3668 5358 id

2118 5403 2299 5473 ipsum
2330 5411 2386 5454 ut
2424 5402 2537 5471 jam
2573 5411 2898 5455 consuetum
2958 5411 3395 5470 exspectantem.
3443 5398 3546 5452 Sed
3582 5410 3666 5448 non

2118 5497 2276 5566 prius
2331 5494 2602 5565 ejusmodi
2649 5494 2980 5549 deductores
3026 5494 3404 5564 iumentorum
3468 5493 3521 5544 in
3567 5501 3666 5544 eam

2119 5587 2261 5640 viam
2291 5601 2349 5640 se
2374 5585 2664 5649 dederunt,
2693 5600 2852 5654 quam
2880 5585 3046 5638 sociis
3068 5582 3367 5637 admonitis
3395 5579 3520 5649 quid
3545 5579 3667 5630 intus

439 5686 564 5725 esse
591 5669 866 5723 ferebatur
896 5685 1014 5724 eam
1044 5686 1070 5721 a
1099 5671 1277 5742 primo
1304 5671 1513 5726 diluvio
1549 5673 1603 5727 in
1629 5689 1790 5728 omne
1817 5673 2018 5729 deinde
2121 5678 2225 5748 ipsi
2256 5693 2419 5746 agerc
2455 5685 2735 5745 pararent,
2767 5676 2894 5744 quid
2937 5677 3071 5729 foris
3098 5690 3198 5730 eos
3253 5674 3348 5730 tali
3413 5670 3585 5726 audito
3610 5663 3668 5719 si-

442 5778 787 5832 ronsequens
862 5772 1074 5832 tempus
1139 5780 1421 5833 nunquam
1489 5765 1607 5820 fore
1671 5766 2015 5835 capiendam.

2123 5785 2230 5844 gno
2264 5769 2445 5822 facere
2495 5778 2795 5838 oporteret,
2841 5769 3159 5824 universum
3205 5766 3506 5821 exercitum
3558 5758 3667 5812 locis

438 5853 684 5908 Indidem
719 5870 885 5924 porro
911 5856 1114 5917 civitati
1150 5855 1356 5928 Tripoli
1379 5858 1601 5914 claritas
1633 5861 1882 5930 accessit,
1918 5861 2022 5916 late
2129 5861 2247 5915 urbi
2289 5859 2530 5930 p:oximc
2565 5857 2798 5914 admotis
2833 5859 2972 5913 clam
3023 5859 3075 5912 in
3112 5858 3330 5914 insidiis
3359 5855 3664 5911 delitescat-
