  <div class='ocr_page' id='page_1' title='image "/cluster/home/n/w/nwhite01/storage/ocr_20150623/144/hvd.32044019208339/248.png"; bbox 0 0 3860 6548; ppageno 0'>
   <div class='ocr_carea' id='block_1_1' title="bbox 87 377 2302 448">
    <p class='ocr_par' dir='ltr' id='par_1_1' title="bbox 87 377 2302 448">
     <span class='ocr_line' id='line_1_1' title="bbox 87 377 2302 448; baseline -0.002 -1"><span class='ocrx_word' id='word_1_1' title='bbox 87 384 156 448; x_wconf 70' lang='grc'><strong>431</strong></span> <span class='ocrx_word' id='word_1_2' title='bbox 935 382 1031 442; x_wconf 87' lang='lat' dir='ltr'><strong>DE</strong></span> <span class='ocrx_word' id='word_1_3' title='bbox 1065 377 1511 442; x_wconf 76' lang='lat' dir='ltr'><strong>ANDRONICO</strong></span> <span class='ocrx_word' id='word_1_4' title='bbox 1552 379 2017 440; x_wconf 67' lang='lat' dir='ltr'><strong>PALEOLOGO</strong></span> <span class='ocrx_word' id='word_1_5' title='bbox 2053 381 2199 444; x_wconf 85' lang='lat' dir='ltr'><strong>LIB.</strong></span> <span class='ocrx_word' id='word_1_6' title='bbox 2237 381 2302 442; x_wconf 86' lang='lat' dir='ltr'><strong>V.</strong></span> 
     </span>
    </p>
   </div>
   <div class='ocr_carea' id='block_1_2' title="bbox 3215 382 3324 448">
    <p class='ocr_par' dir='ltr' id='par_1_2' title="bbox 3215 382 3324 448">
     <span class='ocr_line' id='line_1_2' title="bbox 3215 382 3324 448; baseline 0.037 -4"><span class='ocrx_word' id='word_1_7' title='bbox 3215 382 3324 448; x_wconf 70' lang='lat'><strong>482</strong></span> 
     </span>
    </p>
   </div>
   <div class='ocr_carea' id='block_1_3' title="bbox 83 490 3326 569">
    <p class='ocr_par' dir='ltr' id='par_1_3' title="bbox 83 490 3326 569">
     <span class='ocr_line' id='line_1_3' title="bbox 83 490 3326 569; baseline -0.004 -17"><span class='ocrx_word' id='word_1_8' title='bbox 83 497 365 569; x_wconf 68' lang='grc' dir='ltr'><strong>περιστῆναι</strong></span> <span class='ocrx_word' id='word_1_9' title='bbox 387 496 453 550; x_wconf 81' lang='grc' dir='ltr'><strong>τὰ</strong></span> <span class='ocrx_word' id='word_1_10' title='bbox 479 496 711 566; x_wconf 72' lang='grc' dir='ltr'><strong>χαλεπὰ,</strong></span> <span class='ocrx_word' id='word_1_11' title='bbox 732 495 792 549; x_wconf 81' lang='grc' dir='ltr'><strong>τὸ</strong></span> <span class='ocrx_word' id='word_1_12' title='bbox 819 495 1084 566; x_wconf 75' lang='grc' dir='ltr'><strong>δρᾶσαίτι</strong></span> <span class='ocrx_word' id='word_1_13' title='bbox 1101 497 1348 562; x_wconf 83' lang='grc' dir='ltr'><strong>γενναῖον</strong></span> <span class='ocrx_word' id='word_1_14' title='bbox 1365 495 1466 546; x_wconf 73' lang='grc' dir='ltr'><strong>οὐκ</strong></span> <span class='ocrx_word' id='word_1_15' title='bbox 1485 492 1634 563; x_wconf 71' lang='grc' dir='ltr'><strong>ἔχονο</strong></span> <span class='ocrx_word' id='word_1_16' title='bbox 1664 503 1708 552; x_wconf 77' lang='grc' dir='ltr'>Α</span> <span class='ocrx_word' id='word_1_17' title='bbox 1737 491 1908 562; x_wconf 79' lang='grc' dir='ltr'><strong>αὐτῆς</strong></span> <span class='ocrx_word' id='word_1_18' title='bbox 1969 493 2118 562; x_wconf 79' lang='grc' dir='ltr'><strong>ὧρας</strong></span> <span class='ocrx_word' id='word_1_19' title='bbox 2173 493 2506 564; x_wconf 71' lang='grc' dir='ltr'><strong>προστάσσει</strong></span> <span class='ocrx_word' id='word_1_20' title='bbox 2554 491 2640 544; x_wconf 75' lang='grc' dir='ltr'><strong>ἐπ’</strong></span> <span class='ocrx_word' id='word_1_21' title='bbox 2683 490 2806 560; x_wconf 70' lang='grc' dir='ltr'><strong>ὄψει</strong></span> <span class='ocrx_word' id='word_1_22' title='bbox 2827 491 3057 564; x_wconf 80' lang='grc' dir='ltr'><strong>Θατέρου</strong></span> <span class='ocrx_word' id='word_1_23' title='bbox 3091 511 3326 566; x_wconf 85' lang='grc' dir='ltr'><strong>καρατο.</strong></span> 
     </span>
    </p>
   </div>
   <div class='ocr_carea' id='block_1_4' title="bbox 84 583 1630 660">
    <p class='ocr_par' dir='ltr' id='par_1_4' title="bbox 84 583 1630 660">
     <span class='ocr_line' id='line_1_4' title="bbox 84 583 1630 660; baseline -0.007 -14"><span class='ocrx_word' id='word_1_24' title='bbox 84 611 171 656; x_wconf 73' lang='grc' dir='ltr'><strong>τες,</strong></span> <span class='ocrx_word' id='word_1_25' title='bbox 185 594 227 644; x_wconf 82' lang='grc' dir='ltr'><strong>εί</strong></span> <span class='ocrx_word' id='word_1_26' title='bbox 244 589 626 659; x_wconf 80' lang='grc' dir='ltr'><strong>προσμένοιεν,</strong></span> <span class='ocrx_word' id='word_1_27' title='bbox 649 590 782 660; x_wconf 73' lang='grc' dir='ltr'><strong>πρὸς</strong></span> <span class='ocrx_word' id='word_1_28' title='bbox 797 590 973 659; x_wconf 77' lang='grc' dir='ltr'><strong>φυγὴν</strong></span> <span class='ocrx_word' id='word_1_29' title='bbox 990 588 1194 658; x_wconf 82' lang='grc' dir='ltr'><strong>ὥρμων</strong></span> <span class='ocrx_word' id='word_1_30' title='bbox 1211 587 1304 640; x_wconf 70' lang='grc' dir='ltr'><strong>καὶ</strong></span> <span class='ocrx_word' id='word_1_31' title='bbox 1327 583 1630 657; x_wconf 83' lang='grc' dir='ltr'><strong>προαπανί-</strong></span> 
     </span>
    </p>
   </div>
   <div class='ocr_carea' id='block_1_5' title="bbox 83 677 1629 750">
    <p class='ocr_par' dir='ltr' id='par_1_5' title="bbox 83 677 1629 750">
     <span class='ocr_line' id='line_1_5' title="bbox 83 677 1629 750; baseline -0.006 -10"><span class='ocrx_word' id='word_1_32' title='bbox 83 701 262 748; x_wconf 84' lang='grc' dir='ltr'><strong>σταντο,</strong></span> <span class='ocrx_word' id='word_1_33' title='bbox 278 682 520 749; x_wconf 76' lang='grc' dir='ltr'><strong>ἀγκάλας</strong></span> <span class='ocrx_word' id='word_1_34' title='bbox 552 683 736 750; x_wconf 86' lang='grc' dir='ltr'><strong>σφίσιν</strong></span> <span class='ocrx_word' id='word_1_35' title='bbox 751 681 825 744; x_wconf 82' lang='grc' dir='ltr'><strong>ὡς</strong></span> <span class='ocrx_word' id='word_1_36' title='bbox 845 681 937 734; x_wconf 77' lang='grc' dir='ltr'><strong>καὶ</strong></span> <span class='ocrx_word' id='word_1_37' title='bbox 963 680 1178 742; x_wconf 78' lang='grc' dir='ltr'><strong>πολλοῖς</strong></span> <span class='ocrx_word' id='word_1_38' title='bbox 1207 679 1416 750; x_wconf 81' lang='grc' dir='ltr'><strong>ἑτέροις</strong></span> <span class='ocrx_word' id='word_1_39' title='bbox 1437 677 1496 743; x_wconf 72' lang='grc' dir='ltr'>ἐξ</span> <span class='ocrx_word' id='word_1_40' title='bbox 1534 679 1629 746; x_wconf 78' lang='grc' dir='ltr'><strong>ἐγο</strong></span> 
     </span>
    </p>
   </div>
   <div class='ocr_carea' id='block_1_6' title="bbox 81 767 1626 844">
    <p class='ocr_par' dir='ltr' id='par_1_6' title="bbox 81 767 1626 844">
     <span class='ocr_line' id='line_1_6' title="bbox 81 767 1626 844; baseline -0.004 -16"><span class='ocrx_word' id='word_1_41' title='bbox 81 779 229 844; x_wconf 79' lang='grc' dir='ltr'><strong>γίονος</strong></span> <span class='ocrx_word' id='word_1_42' title='bbox 245 773 633 841; x_wconf 79' lang='grc' dir='ltr'><strong>προτεινούσης</strong></span> <span class='ocrx_word' id='word_1_43' title='bbox 647 773 745 842; x_wconf 85' lang='grc' dir='ltr'><strong>τῆς</strong></span> <span class='ocrx_word' id='word_1_44' title='bbox 767 772 1102 842; x_wconf 83' lang='grc' dir='ltr'><strong>Μιτυλήνης,</strong></span> <span class='ocrx_word' id='word_1_45' title='bbox 1117 771 1211 825; x_wconf 78' lang='grc' dir='ltr'><strong>καὶ</strong></span> <span class='ocrx_word' id='word_1_46' title='bbox 1236 770 1296 823; x_wconf 80' lang='grc' dir='ltr'><strong>τδ</strong></span> <span class='ocrx_word' id='word_1_47' title='bbox 1322 771 1444 823; x_wconf 79' lang='grc' dir='ltr'><strong>καθ’</strong></span> <span class='ocrx_word' id='word_1_48' title='bbox 1463 767 1626 823; x_wconf 59' lang='grc' dir='ltr'><strong>αὐτὴν</strong></span> 
     </span>
    </p>
   </div>
   <div class='ocr_carea' id='block_1_7' title="bbox 86 862 1632 933">
    <p class='ocr_par' dir='ltr' id='par_1_7' title="bbox 86 862 1632 933">
     <span class='ocr_line' id='line_1_7' title="bbox 86 862 1632 933; baseline -0.005 -11"><span class='ocrx_word' id='word_1_49' title='bbox 86 867 266 922; x_wconf 77' lang='grc' dir='ltr'><strong>σκοπῶν</strong></span> <span class='ocrx_word' id='word_1_50' title='bbox 294 866 522 927; x_wconf 77' lang='grc' dir='ltr'><strong>ἕκαστος</strong></span> <span class='ocrx_word' id='word_1_51' title='bbox 556 864 742 933; x_wconf 75' lang='grc' dir='ltr'><strong>ὴλόγει</strong></span> <span class='ocrx_word' id='word_1_52' title='bbox 789 865 882 917; x_wconf 82' lang='grc' dir='ltr'><strong>τοῦ</strong></span> <span class='ocrx_word' id='word_1_53' title='bbox 915 865 1140 933; x_wconf 78' lang='grc' dir='ltr'><strong>ἄγοντος</strong></span> <span class='ocrx_word' id='word_1_54' title='bbox 1182 865 1276 917; x_wconf 84' lang='grc' dir='ltr'><strong>καί</strong></span> <span class='ocrx_word' id='word_1_55' title='bbox 1329 862 1430 930; x_wconf 82' lang='grc' dir='ltr'><strong>τῆς</strong></span> <span class='ocrx_word' id='word_1_56' title='bbox 1479 863 1632 915; x_wconf 77' lang='grc' dir='ltr'><strong>ἐκουο</strong></span> 
     </span>
    </p>
   </div>
   <div class='ocr_carea' id='block_1_8' title="bbox 85 954 1628 1028">
    <p class='ocr_par' dir='ltr' id='par_1_8' title="bbox 85 954 1628 1028">
     <span class='ocr_line' id='line_1_8' title="bbox 85 954 1628 1028; baseline -0.002 -15"><span class='ocrx_word' id='word_1_57' title='bbox 85 963 175 1013; x_wconf 75' lang='grc' dir='ltr'><strong>σίου</strong></span> <span class='ocrx_word' id='word_1_58' title='bbox 226 960 395 1012; x_wconf 78' lang='grc' dir='ltr'><strong>ἀνεῖτο</strong></span> <span class='ocrx_word' id='word_1_59' title='bbox 441 958 726 1028; x_wconf 79' lang='grc' dir='ltr'><strong>ὑποταγῆς</strong></span> <span class='ocrx_word' id='word_1_60' title='bbox 753 973 769 990; x_wconf 76' lang='grc' dir='ltr'><strong>ο</strong></span> <span class='ocrx_word' id='word_1_61' title='bbox 805 959 892 1026; x_wconf 74' lang='grc' dir='ltr'><strong>ἐφ’</strong></span> <span class='ocrx_word' id='word_1_62' title='bbox 943 954 1025 1022; x_wconf 69' lang='grc' dir='ltr'><strong>οἷς</strong></span> <span class='ocrx_word' id='word_1_63' title='bbox 1067 959 1233 1028; x_wconf 82' lang='grc' dir='ltr'><strong>μηδὲν</strong></span> <span class='ocrx_word' id='word_1_64' title='bbox 1289 957 1428 1027; x_wconf 77' lang='grc' dir='ltr'><strong>ἔχων</strong></span> <span class='ocrx_word' id='word_1_65' title='bbox 1474 957 1628 1010; x_wconf 78' lang='grc' dir='ltr'><strong>ἀντι·</strong></span> 
     </span>
    </p>
   </div>
   <div class='ocr_carea' id='block_1_9' title="bbox 85 1050 1632 1123">
    <p class='ocr_par' dir='ltr' id='par_1_9' title="bbox 85 1050 1632 1123">
     <span class='ocr_line' id='line_1_9' title="bbox 85 1050 1632 1123; baseline -0.004 -16"><span class='ocrx_word' id='word_1_66' title='bbox 85 1055 324 1121; x_wconf 72' lang='grc' dir='ltr'><strong>πράττειν,</strong></span> <span class='ocrx_word' id='word_1_67' title='bbox 353 1050 448 1104; x_wconf 81' lang='grc' dir='ltr'><strong>τοῦ</strong></span> <span class='ocrx_word' id='word_1_68' title='bbox 500 1051 743 1123; x_wconf 79' lang='grc' dir='ltr'><strong>πλήθους</strong></span> <span class='ocrx_word' id='word_1_69' title='bbox 806 1051 882 1115; x_wconf 84' lang='grc' dir='ltr'><strong>ὡς</strong></span> <span class='ocrx_word' id='word_1_70' title='bbox 948 1051 1096 1114; x_wconf 74' lang='grc' dir='ltr'><strong>εἰκὸς</strong></span> <span class='ocrx_word' id='word_1_71' title='bbox 1147 1050 1632 1115; x_wconf 81' lang='grc' dir='ltr'><strong>δυναστεύσαντος,</strong></span> 
     </span>
    </p>
   </div>
   <div class='ocr_carea' id='block_1_10' title="bbox 89 1141 1630 1211">
    <p class='ocr_par' dir='ltr' id='par_1_10' title="bbox 89 1141 1630 1211">
     <span class='ocr_line' id='line_1_10' title="bbox 89 1141 1630 1211; baseline -0.001 -13"><span class='ocrx_word' id='word_1_72' title='bbox 89 1144 394 1211; x_wconf 65' lang='grc' dir='ltr'><strong>συναπαίρειν</strong></span> <span class='ocrx_word' id='word_1_73' title='bbox 417 1142 568 1211; x_wconf 80' lang='grc' dir='ltr'><strong>ἔγνω</strong></span> <span class='ocrx_word' id='word_1_74' title='bbox 598 1143 867 1207; x_wconf 78' lang='grc' dir='ltr'><strong>κάκεῖνος,</strong></span> <span class='ocrx_word' id='word_1_75' title='bbox 903 1143 999 1195; x_wconf 74' lang='grc' dir='ltr'><strong>καὶ</strong></span> <span class='ocrx_word' id='word_1_76' title='bbox 1055 1141 1214 1193; x_wconf 78' lang='grc' dir='ltr'><strong>κενὸν</strong></span> <span class='ocrx_word' id='word_1_77' title='bbox 1261 1141 1514 1195; x_wconf 71' lang='grc' dir='ltr'><strong>ἐντεῦθεν</strong></span> <span class='ocrx_word' id='word_1_78' title='bbox 1567 1141 1630 1196; x_wconf 84' lang='grc' dir='ltr'><strong>τὸ</strong></span> 
     </span>
    </p>
   </div>
   <div class='ocr_carea' id='block_1_11' title="bbox 87 1235 1634 1307">
    <p class='ocr_par' dir='ltr' id='par_1_11' title="bbox 87 1235 1634 1307">
     <span class='ocr_line' id='line_1_11' title="bbox 87 1235 1634 1307; baseline -0.001 -17"><span class='ocrx_word' id='word_1_79' title='bbox 87 1238 300 1307; x_wconf 78' lang='grc' dir='ltr'><strong>φρούριον</strong></span> <span class='ocrx_word' id='word_1_80' title='bbox 325 1236 744 1290; x_wconf 71' lang='grc' dir='ltr'><strong>καταλέλειπτο.</strong></span> <span class='ocrx_word' id='word_1_81' title='bbox 785 1235 948 1288; x_wconf 75' lang='grc' dir='ltr'><strong>Ἀλλὰ</strong></span> <span class='ocrx_word' id='word_1_82' title='bbox 980 1235 1098 1305; x_wconf 84' lang='grc' dir='ltr'><strong>μεθ’</strong></span> <span class='ocrx_word' id='word_1_83' title='bbox 1127 1236 1342 1307; x_wconf 79' lang='grc' dir='ltr'><strong>ἡμέρας</strong></span> <span class='ocrx_word' id='word_1_84' title='bbox 1395 1238 1422 1288; x_wconf 81' lang='grc'>6</span> <span class='ocrx_word' id='word_1_85' title='bbox 1457 1237 1634 1306; x_wconf 75' lang='grc' dir='ltr'><strong>μέγας</strong></span> 
     </span>
    </p>
   </div>
   <div class='ocr_carea' id='block_1_12' title="bbox 86 1324 1634 1399">
    <p class='ocr_par' dir='ltr' id='par_1_12' title="bbox 86 1324 1634 1399">
     <span class='ocr_line' id='line_1_12' title="bbox 86 1324 1634 1399; baseline -0.003 -18"><span class='ocrx_word' id='word_1_86' title='bbox 86 1330 184 1393; x_wconf 73' lang='grc' dir='ltr'><strong>δοϋξ</strong></span> <span class='ocrx_word' id='word_1_87' title='bbox 200 1325 471 1399; x_wconf 74' lang='grc' dir='ltr'><strong>προσίσχει</strong></span> <span class='ocrx_word' id='word_1_88' title='bbox 501 1328 572 1396; x_wconf 77' lang='grc' dir='ltr'><strong>τῇ</strong></span> <span class='ocrx_word' id='word_1_89' title='bbox 599 1326 772 1395; x_wconf 81' lang='grc' dir='ltr'><strong>νήσῳ,</strong></span> <span class='ocrx_word' id='word_1_90' title='bbox 805 1325 899 1378; x_wconf 75' lang='grc' dir='ltr'><strong>καὶ</strong></span> <span class='ocrx_word' id='word_1_91' title='bbox 922 1325 1030 1378; x_wconf 82' lang='grc' dir='ltr'><strong>ἔδει</strong></span> <span class='ocrx_word' id='word_1_92' title='bbox 1061 1325 1279 1386; x_wconf 76' lang='grc' dir='ltr'><strong>πάντως</strong></span> <span class='ocrx_word' id='word_1_93' title='bbox 1315 1324 1496 1388; x_wconf 78' lang='grc' dir='ltr'><strong>αἰτίας</strong></span> <span class='ocrx_word' id='word_1_94' title='bbox 1526 1325 1634 1378; x_wconf 85' lang='grc' dir='ltr'><strong>τῶν</strong></span> 
     </span>
    </p>
   </div>
   <div class='ocr_carea' id='block_1_13' title="bbox 89 1417 1632 1491">
    <p class='ocr_par' dir='ltr' id='par_1_13' title="bbox 89 1417 1632 1491">
     <span class='ocr_line' id='line_1_13' title="bbox 89 1417 1632 1491; baseline -0.001 -18"><span class='ocrx_word' id='word_1_95' title='bbox 89 1420 330 1491; x_wconf 73' lang='grc' dir='ltr'><strong>πορισμῶν</strong></span> <span class='ocrx_word' id='word_1_96' title='bbox 354 1419 456 1479; x_wconf 77' lang='grc' dir='ltr'><strong>τὰς</strong></span> <span class='ocrx_word' id='word_1_97' title='bbox 492 1418 596 1486; x_wconf 82' lang='grc' dir='ltr'><strong>μὲν</strong></span> <span class='ocrx_word' id='word_1_98' title='bbox 630 1418 1008 1487; x_wconf 82' lang='grc' dir='ltr'><strong>εὑρίσκεσθαι,</strong></span> <span class='ocrx_word' id='word_1_99' title='bbox 1038 1418 1132 1479; x_wconf 71' lang='grc' dir='ltr'><strong>τὰς</strong></span> <span class='ocrx_word' id='word_1_100' title='bbox 1159 1417 1218 1470; x_wconf 78' lang='grc' dir='ltr'><strong>δὲ</strong></span> <span class='ocrx_word' id='word_1_101' title='bbox 1271 1417 1632 1472; x_wconf 75' lang='grc' dir='ltr'><strong>πλάττεσθαι.</strong></span> 
     </span>
    </p>
   </div>
   <div class='ocr_carea' id='block_1_14' title="bbox 90 1500 1635 1576">
    <p class='ocr_par' dir='ltr' id='par_1_14' title="bbox 90 1500 1635 1576">
     <span class='ocr_line' id='line_1_14' title="bbox 90 1500 1635 1576; baseline -0.006 -11"><span class='ocrx_word' id='word_1_102' title='bbox 90 1514 170 1565; x_wconf 66' lang='grc' dir='ltr'><strong>Σὺν</strong></span> <span class='ocrx_word' id='word_1_103' title='bbox 195 1509 356 1571; x_wconf 73' lang='grc' dir='ltr'><strong>ἄλλοις</strong></span> <span class='ocrx_word' id='word_1_104' title='bbox 388 1507 613 1569; x_wconf 81' lang='grc' dir='ltr'><strong>πολλοῖς</strong></span> <span class='ocrx_word' id='word_1_105' title='bbox 642 1508 736 1560; x_wconf 71' lang='grc' dir='ltr'><strong>καὶ</strong></span> <span class='ocrx_word' id='word_1_106' title='bbox 761 1500 918 1569; x_wconf 77' lang='grc' dir='ltr'><strong>οὗτος</strong></span> <span class='ocrx_word' id='word_1_107' title='bbox 943 1505 1020 1574; x_wconf 83' lang='grc' dir='ltr'><strong>τῷ</strong></span> <span class='ocrx_word' id='word_1_108' title='bbox 1042 1505 1221 1576; x_wconf 83' lang='grc' dir='ltr'><strong>τροχῷ</strong></span> <span class='ocrx_word' id='word_1_109' title='bbox 1261 1505 1635 1575; x_wconf 74' lang='grc' dir='ltr'><strong>συλλαμῦἀνε-</strong></span> 
     </span>
    </p>
   </div>
   <div class='ocr_carea' id='block_1_15' title="bbox 91 1595 1636 1669">
    <p class='ocr_par' dir='ltr' id='par_1_15' title="bbox 91 1595 1636 1669">
     <span class='ocr_line' id='line_1_15' title="bbox 91 1595 1636 1669; baseline -0.006 -13"><span class='ocrx_word' id='word_1_110' title='bbox 91 1621 175 1656; x_wconf 80' lang='grc' dir='ltr'><strong>ται.</strong></span> <span class='ocrx_word' id='word_1_111' title='bbox 233 1603 288 1652; x_wconf 83' lang='lat' dir='ltr'><strong>Ol</strong></span> <span class='ocrx_word' id='word_1_112' title='bbox 312 1599 365 1652; x_wconf 65' lang='lat' dir='ltr'><strong>6s</strong></span> <span class='ocrx_word' id='word_1_113' title='bbox 387 1597 547 1652; x_wconf 76' lang='grc' dir='ltr'><strong>ἄλλοι</strong></span> <span class='ocrx_word' id='word_1_114' title='bbox 571 1597 776 1659; x_wconf 79' lang='grc' dir='ltr'><strong>πάντες</strong></span> <span class='ocrx_word' id='word_1_115' title='bbox 817 1595 946 1666; x_wconf 89' lang='grc' dir='ltr'><strong>μίαν</strong></span> <span class='ocrx_word' id='word_1_116' title='bbox 989 1597 1090 1666; x_wconf 80' lang='grc' dir='ltr'><strong>τὴν</strong></span> <span class='ocrx_word' id='word_1_117' title='bbox 1120 1596 1214 1649; x_wconf 87' lang='grc' dir='ltr'><strong>τοῦ</strong></span> <span class='ocrx_word' id='word_1_118' title='bbox 1249 1595 1420 1650; x_wconf 74' lang='grc' dir='ltr'><strong>κακοῦ</strong></span> <span class='ocrx_word' id='word_1_119' title='bbox 1460 1595 1636 1669; x_wconf 61' lang='grc' dir='ltr'><strong>λιξσιν,</strong></span> 
     </span>
    </p>
   </div>
   <div class='ocr_carea' id='block_1_16' title="bbox 93 1687 1638 1764">
    <p class='ocr_par' dir='ltr' id='par_1_16' title="bbox 93 1687 1638 1764">
     <span class='ocr_line' id='line_1_16' title="bbox 93 1687 1638 1764; baseline -0.005 -16"><span class='ocrx_word' id='word_1_120' title='bbox 93 1696 127 1748; x_wconf 78' lang='grc' dir='ltr'><strong>εί</strong></span> <span class='ocrx_word' id='word_1_121' title='bbox 148 1691 453 1764; x_wconf 78' lang='grc' dir='ltr'><strong>προτείνοιεν</strong></span> <span class='ocrx_word' id='word_1_122' title='bbox 485 1690 660 1761; x_wconf 76' lang='grc' dir='ltr'><strong>ἁδρὸν</strong></span> <span class='ocrx_word' id='word_1_123' title='bbox 691 1691 750 1741; x_wconf 79' lang='grc' dir='ltr'><strong>τὸ</strong></span> <span class='ocrx_word' id='word_1_124' title='bbox 779 1689 1021 1758; x_wconf 75' lang='grc' dir='ltr'><strong>χρυσίον.</strong></span> <span class='ocrx_word' id='word_1_125' title='bbox 1054 1688 1163 1742; x_wconf 78' lang='grc' dir='ltr'><strong>Καί</strong></span> <span class='ocrx_word' id='word_1_126' title='bbox 1192 1705 1275 1750; x_wconf 88' lang='grc' dir='ltr'><strong>τις</strong></span> <span class='ocrx_word' id='word_1_127' title='bbox 1303 1688 1357 1740; x_wconf 78' lang='grc' dir='ltr'>δὲ</span> <span class='ocrx_word' id='word_1_128' title='bbox 1385 1687 1544 1751; x_wconf 80' lang='grc' dir='ltr'><strong>ἄλλος</strong></span> <span class='ocrx_word' id='word_1_129' title='bbox 1580 1688 1638 1751; x_wconf 84' lang='grc' dir='ltr'><strong>ὃς</strong></span> 
     </span>
    </p>
   </div>
   <div class='ocr_carea' id='block_1_17' title="bbox 95 1781 1640 1855">
    <p class='ocr_par' dir='ltr' id='par_1_17' title="bbox 95 1781 1640 1855">
     <span class='ocr_line' id='line_1_17' title="bbox 95 1781 1640 1855; baseline -0.005 -15"><span class='ocrx_word' id='word_1_130' title='bbox 95 1784 475 1855; x_wconf 75' lang='grc' dir='ltr'><strong>προενηργηκὼς</strong></span> <span class='ocrx_word' id='word_1_131' title='bbox 506 1782 747 1852; x_wconf 82' lang='grc' dir='ltr'><strong>δημόσια</strong></span> <span class='ocrx_word' id='word_1_132' title='bbox 771 1781 840 1834; x_wconf 75' lang='grc' dir='ltr'><strong>τὰ</strong></span> <span class='ocrx_word' id='word_1_133' title='bbox 865 1783 924 1846; x_wconf 77' lang='grc' dir='ltr'><strong>ἐξ</strong></span> <span class='ocrx_word' id='word_1_134' title='bbox 968 1781 1195 1832; x_wconf 77' lang='grc' dir='ltr'><strong>ἐκείνων</strong></span> <span class='ocrx_word' id='word_1_135' title='bbox 1231 1783 1394 1851; x_wconf 80' lang='grc' dir='ltr'><strong>κέρδη</strong></span> <span class='ocrx_word' id='word_1_136' title='bbox 1448 1783 1505 1833; x_wconf 83' lang='grc' dir='ltr'><strong>ὲν</strong></span> <span class='ocrx_word' id='word_1_137' title='bbox 1553 1799 1640 1850; x_wconf 80' lang='grc' dir='ltr'><strong>χι-</strong></span> 
     </span>
    </p>
   </div>
   <div class='ocr_carea' id='block_1_18' title="bbox 1735 586 3325 658">
    <p class='ocr_par' dir='ltr' id='par_1_18' title="bbox 1735 586 3325 658">
     <span class='ocr_line' id='line_1_18' title="bbox 1735 586 3325 658; baseline 0.001 -20"><span class='ocrx_word' id='word_1_138' title='bbox 1735 587 1950 655; x_wconf 81' lang='grc' dir='ltr'><strong>μεῐσθαι</strong></span> <span class='ocrx_word' id='word_1_139' title='bbox 2008 587 2234 656; x_wconf 84' lang='grc' dir='ltr'><strong>οάτερον</strong></span> <span class='ocrx_word' id='word_1_140' title='bbox 2278 587 2370 642; x_wconf 77' lang='grc' dir='ltr'><strong>τὸν</strong></span> <span class='ocrx_word' id='word_1_141' title='bbox 2409 586 2748 658; x_wconf 83' lang='grc' dir='ltr'><strong>Μαχράμην,</strong></span> <span class='ocrx_word' id='word_1_142' title='bbox 2785 587 2880 642; x_wconf 77' lang='grc' dir='ltr'><strong>καὶ</strong></span> <span class='ocrx_word' id='word_1_143' title='bbox 2926 589 2955 640; x_wconf 88' lang='grc' dir='ltr'><strong>ὁ</strong></span> <span class='ocrx_word' id='word_1_144' title='bbox 2996 588 3325 657; x_wconf 79' lang='grc' dir='ltr'><strong>μακελλικδς</strong></span> 
     </span>
    </p>
   </div>
   <div class='ocr_carea' id='block_1_19' title="bbox 1731 678 3320 750">
    <p class='ocr_par' dir='ltr' id='par_1_19' title="bbox 1731 678 3320 750">
     <span class='ocr_line' id='line_1_19' title="bbox 1731 678 3320 750; baseline 0.001 -19"><span class='ocrx_word' id='word_1_145' title='bbox 1731 678 1919 750; x_wconf 70' lang='grc' dir='ltr'><strong>φιτρδς</strong></span> <span class='ocrx_word' id='word_1_146' title='bbox 1944 679 2222 749; x_wconf 76' lang='grc' dir='ltr'><strong>παρευοὺς</strong></span> <span class='ocrx_word' id='word_1_147' title='bbox 2261 681 2354 734; x_wconf 69' lang='grc' dir='ltr'><strong>καὶ</strong></span> <span class='ocrx_word' id='word_1_148' title='bbox 2377 681 2438 732; x_wconf 75' lang='grc' dir='ltr'><strong>τὸ</strong></span> <span class='ocrx_word' id='word_1_149' title='bbox 2464 680 2616 750; x_wconf 80' lang='grc' dir='ltr'><strong>ξίφος</strong></span> <span class='ocrx_word' id='word_1_150' title='bbox 2641 681 2861 750; x_wconf 73' lang='grc' dir='ltr'><strong>ἕτοιμον</strong></span> <span class='ocrx_word' id='word_1_151' title='bbox 2890 681 2969 743; x_wconf 75' lang='grc' dir='ltr'><strong>εἰς</strong></span> <span class='ocrx_word' id='word_1_152' title='bbox 3002 679 3282 750; x_wconf 84' lang='grc' dir='ltr'><strong>ἀναίρεσιν</strong></span> <span class='ocrx_word' id='word_1_153' title='bbox 3305 695 3320 713; x_wconf 81' lang='grc'><em>’</em></span> 
     </span>
    </p>
   </div>
   <div class='ocr_carea' id='block_1_20' title="bbox 1731 770 3322 846">
    <p class='ocr_par' dir='ltr' id='par_1_20' title="bbox 1731 770 3322 846">
     <span class='ocr_line' id='line_1_20' title="bbox 1731 770 3322 846; baseline 0.003 -21"><span class='ocrx_word' id='word_1_154' title='bbox 1731 772 1829 837; x_wconf 82' lang='grc' dir='ltr'><strong>τὰς</strong></span> <span class='ocrx_word' id='word_1_155' title='bbox 1853 773 1962 843; x_wconf 84' lang='grc' dir='ltr'><strong>γὰρ</strong></span> <span class='ocrx_word' id='word_1_156' title='bbox 1992 773 2089 842; x_wconf 81' lang='grc' dir='ltr'><strong>τῆς</strong></span> <span class='ocrx_word' id='word_1_157' title='bbox 2128 775 2370 843; x_wconf 81' lang='grc' dir='ltr'><strong>κεφαλῆς</strong></span> <span class='ocrx_word' id='word_1_158' title='bbox 2399 776 2592 846; x_wconf 79' lang='grc' dir='ltr'><strong>τρίχας</strong></span> <span class='ocrx_word' id='word_1_159' title='bbox 2647 777 2806 846; x_wconf 79' lang='grc' dir='ltr'><strong>ἱμᾶσι</strong></span> <span class='ocrx_word' id='word_1_160' title='bbox 2860 775 3055 840; x_wconf 76' lang='grc' dir='ltr'><strong>δεθεὶς,</strong></span> <span class='ocrx_word' id='word_1_161' title='bbox 3121 770 3241 828; x_wconf 76' lang='grc' dir='ltr'><strong>εἷτα</strong></span> <span class='ocrx_word' id='word_1_162' title='bbox 3274 773 3322 828; x_wconf 83' lang='grc' dir='ltr'>δ’</span> 
     </span>
    </p>
   </div>
   <div class='ocr_carea' id='block_1_21' title="bbox 1732 866 3322 937">
    <p class='ocr_par' dir='ltr' id='par_1_21' title="bbox 1732 866 3322 937">
     <span class='ocr_line' id='line_1_21' title="bbox 1732 866 3322 937; baseline 0.002 -19"><span class='ocrx_word' id='word_1_163' title='bbox 1732 866 1984 930; x_wconf 68' lang='grc' dir='ltr'><strong>ἐκταθεὶς</strong></span> <span class='ocrx_word' id='word_1_164' title='bbox 2038 868 2132 919; x_wconf 73' lang='grc' dir='ltr'><strong>ἐπὶ</strong></span> <span class='ocrx_word' id='word_1_165' title='bbox 2179 867 2272 920; x_wconf 82' lang='grc' dir='ltr'><strong>τοῦ</strong></span> <span class='ocrx_word' id='word_1_166' title='bbox 2315 868 2507 937; x_wconf 82' lang='grc' dir='ltr'><strong>φιτροῦ</strong></span> <span class='ocrx_word' id='word_1_167' title='bbox 2573 869 2668 922; x_wconf 70' lang='grc' dir='ltr'><strong>καὶ</strong></span> <span class='ocrx_word' id='word_1_168' title='bbox 2713 868 3000 936; x_wconf 81' lang='grc' dir='ltr'><strong>καρτερῶς</strong></span> <span class='ocrx_word' id='word_1_169' title='bbox 3050 868 3322 930; x_wconf 73' lang='grc' dir='ltr'><strong>πιεσθεὶς.</strong></span> 
     </span>
    </p>
   </div>
   <div class='ocr_carea' id='block_1_22' title="bbox 1733 956 3323 1029">
    <p class='ocr_par' dir='ltr' id='par_1_22' title="bbox 1733 956 3323 1029">
     <span class='ocr_line' id='line_1_22' title="bbox 1733 956 3323 1029; baseline -0.001 -18"><span class='ocrx_word' id='word_1_170' title='bbox 1733 956 1875 1011; x_wconf 85' lang='grc' dir='ltr'><strong>ὥστε</strong></span> <span class='ocrx_word' id='word_1_171' title='bbox 1909 956 2148 1021; x_wconf 77' lang='grc' dir='ltr'><strong>καὶτοὺς</strong></span> <span class='ocrx_word' id='word_1_172' title='bbox 2174 957 2503 1021; x_wconf 84' lang='grc' dir='ltr'><strong>σπονδύλους</strong></span> <span class='ocrx_word' id='word_1_173' title='bbox 2559 958 2655 1011; x_wconf 77' lang='grc' dir='ltr'><strong>τοῦ</strong></span> <span class='ocrx_word' id='word_1_174' title='bbox 2700 959 2975 1029; x_wconf 80' lang='grc' dir='ltr'><strong>τραχήλου</strong></span> <span class='ocrx_word' id='word_1_175' title='bbox 3026 957 3323 1027; x_wconf 69' lang='grc' dir='ltr'><strong>ἐκλυθῆναι</strong></span> 
     </span>
    </p>
   </div>
   <div class='ocr_carea' id='block_1_23' title="bbox 1733 1049 3326 1121">
    <p class='ocr_par' dir='ltr' id='par_1_23' title="bbox 1733 1049 3326 1121">
     <span class='ocr_line' id='line_1_23' title="bbox 1733 1049 3326 1121; baseline 0 -19"><span class='ocrx_word' id='word_1_176' title='bbox 1733 1050 1832 1120; x_wconf 81' lang='grc' dir='ltr'><strong>τῆς</strong></span> <span class='ocrx_word' id='word_1_177' title='bbox 1860 1050 2096 1119; x_wconf 81' lang='grc' dir='ltr'><strong>φυσικῆς</strong></span> <span class='ocrx_word' id='word_1_178' title='bbox 2127 1051 2397 1121; x_wconf 72' lang='grc' dir='ltr'><strong>ἁρμογῆς,</strong></span> <span class='ocrx_word' id='word_1_179' title='bbox 2433 1049 2607 1115; x_wconf 80' lang='grc' dir='ltr'><strong>οὕτως</strong></span> <span class='ocrx_word' id='word_1_180' title='bbox 2633 1051 2833 1115; x_wconf 82' lang='grc' dir='ltr'><strong>ἀθλίως</strong></span> <span class='ocrx_word' id='word_1_181' title='bbox 2865 1051 2958 1104; x_wconf 73' lang='grc' dir='ltr'><strong>καὶ</strong></span> <span class='ocrx_word' id='word_1_182' title='bbox 3005 1050 3102 1120; x_wconf 80' lang='grc' dir='ltr'><strong>τὴν</strong></span> <span class='ocrx_word' id='word_1_183' title='bbox 3148 1049 3326 1120; x_wconf 81' lang='grc' dir='ltr'><strong>τομὴν</strong></span> 
     </span>
    </p>
   </div>
   <div class='ocr_carea' id='block_1_24' title="bbox 1734 1137 3326 1214">
    <p class='ocr_par' dir='ltr' id='par_1_24' title="bbox 1734 1137 3326 1214">
     <span class='ocr_line' id='line_1_24' title="bbox 1734 1137 3326 1214; baseline -0.001 -18"><span class='ocrx_word' id='word_1_184' title='bbox 1734 1143 1973 1212; x_wconf 80' lang='grc' dir='ltr'><strong>δέχεται.</strong></span> <span class='ocrx_word' id='word_1_185' title='bbox 2009 1144 2122 1196; x_wconf 76' lang='grc' dir='ltr'><strong>Καὶ</strong></span> <span class='ocrx_word' id='word_1_186' title='bbox 2153 1142 2212 1195; x_wconf 82' lang='grc' dir='ltr'><strong>τὸ</strong></span> <span class='ocrx_word' id='word_1_187' title='bbox 2241 1143 2456 1212; x_wconf 73' lang='grc' dir='ltr'><strong>συμϐὰν</strong></span> <span class='ocrx_word' id='word_1_188' title='bbox 2487 1143 2700 1214; x_wconf 85' lang='grc' dir='ltr'><strong>Θατέρῳ</strong></span> <span class='ocrx_word' id='word_1_189' title='bbox 2753 1143 3074 1213; x_wconf 78' lang='grc' dir='ltr'><strong>Θεασαμένῳ</strong></span> <span class='ocrx_word' id='word_1_190' title='bbox 3134 1137 3326 1211; x_wconf 83' lang='grc' dir='ltr'><strong>Γοργώ</strong></span> 
     </span>
    </p>
   </div>
   <div class='ocr_carea' id='block_1_25' title="bbox 1741 1231 3326 1306">
    <p class='ocr_par' dir='ltr' id='par_1_25' title="bbox 1741 1231 3326 1306">
     <span class='ocr_line' id='line_1_25' title="bbox 1741 1231 3326 1306; baseline -0.002 -17"><span class='ocrx_word' id='word_1_191' title='bbox 1741 1252 1826 1298; x_wconf 83' lang='grc' dir='ltr'><strong>τις</strong></span> <span class='ocrx_word' id='word_1_192' title='bbox 1852 1231 1923 1306; x_wconf 80' lang='grc' dir='ltr'><strong>ἦν</strong></span> <span class='ocrx_word' id='word_1_193' title='bbox 1966 1234 2300 1289; x_wconf 83' lang='grc' dir='ltr'><strong>ἀπολιθοῦσα</strong></span> <span class='ocrx_word' id='word_1_194' title='bbox 2341 1237 2432 1290; x_wconf 81' lang='grc' dir='ltr'><strong>τὸν</strong></span> <span class='ocrx_word' id='word_1_195' title='bbox 2459 1236 2716 1303; x_wconf 79' lang='grc' dir='ltr'><strong>δείλαιον,</strong></span> <span class='ocrx_word' id='word_1_196' title='bbox 2757 1235 2854 1290; x_wconf 79' lang='grc' dir='ltr'><strong>καὶ</strong></span> <span class='ocrx_word' id='word_1_197' title='bbox 2897 1235 3092 1304; x_wconf 76' lang='grc' dir='ltr'><strong>πικρὸν</strong></span> <span class='ocrx_word' id='word_1_198' title='bbox 3121 1235 3326 1298; x_wconf 82' lang='grc' dir='ltr'><strong>κλαίει,</strong></span> 
     </span>
    </p>
   </div>
   <div class='ocr_carea' id='block_1_26' title="bbox 1738 1326 3324 1399">
    <p class='ocr_par' dir='ltr' id='par_1_26' title="bbox 1738 1326 3324 1399">
     <span class='ocr_line' id='line_1_26' title="bbox 1738 1326 3324 1399; baseline -0.001 -17"><span class='ocrx_word' id='word_1_199' title='bbox 1738 1328 1833 1382; x_wconf 74' lang='grc' dir='ltr'><strong>καὶ</strong></span> <span class='ocrx_word' id='word_1_200' title='bbox 1871 1330 2157 1382; x_wconf 83' lang='grc' dir='ltr'><strong>ποτνιᾶται</strong></span> <span class='ocrx_word' id='word_1_201' title='bbox 2187 1329 2322 1399; x_wconf 68' lang='grc' dir='ltr'><strong>πρδς</strong></span> <span class='ocrx_word' id='word_1_202' title='bbox 2350 1329 2692 1390; x_wconf 82' lang='grc' dir='ltr'><strong>Γεννουῖτας,</strong></span> <span class='ocrx_word' id='word_1_203' title='bbox 2723 1330 2816 1380; x_wconf 76' lang='grc' dir='ltr'><strong>καὶ</strong></span> <span class='ocrx_word' id='word_1_204' title='bbox 2847 1327 2946 1398; x_wconf 80' lang='grc' dir='ltr'><strong>τὴν</strong></span> <span class='ocrx_word' id='word_1_205' title='bbox 2978 1326 3124 1396; x_wconf 73' lang='grc' dir='ltr'><strong>ζωὴν</strong></span> <span class='ocrx_word' id='word_1_206' title='bbox 3154 1328 3324 1396; x_wconf 76' lang='grc' dir='ltr'><strong>χιλιοο</strong></span> 
     </span>
    </p>
   </div>
   <div class='ocr_carea' id='block_1_27' title="bbox 1741 1413 3324 1491">
    <p class='ocr_par' dir='ltr' id='par_1_27' title="bbox 1741 1413 3324 1491">
     <span class='ocr_line' id='line_1_27' title="bbox 1741 1413 3324 1491; baseline -0.003 -19"><span class='ocrx_word' id='word_1_207' title='bbox 1741 1419 1864 1472; x_wconf 83' lang='grc' dir='ltr'><strong>στύῖ</strong></span> <span class='ocrx_word' id='word_1_208' title='bbox 1889 1419 2163 1491; x_wconf 84' lang='grc' dir='ltr'><strong>χρυσίνων</strong></span> <span class='ocrx_word' id='word_1_209' title='bbox 2207 1421 2339 1487; x_wconf 79' lang='grc' dir='ltr'><strong>παρ’</strong></span> <span class='ocrx_word' id='word_1_210' title='bbox 2376 1417 2600 1472; x_wconf 76' lang='grc' dir='ltr'><strong>ἐκείνων</strong></span> <span class='ocrx_word' id='word_1_211' title='bbox 2631 1415 3022 1488; x_wconf 79' lang='grc' dir='ltr'><strong>περιποιεῖται.</strong></span> <span class='ocrx_word' id='word_1_212' title='bbox 3074 1417 3159 1488; x_wconf 80' lang='grc' dir='ltr'><strong>[Ρ.</strong></span> <span class='ocrx_word' id='word_1_213' title='bbox 3197 1413 3324 1483; x_wconf 65' lang='grc'><strong>5041</strong></span> 
     </span>
    </p>
   </div>
   <div class='ocr_carea' id='block_1_28' title="bbox 1752 1509 3328 1581">
    <p class='ocr_par' dir='ltr' id='par_1_28' title="bbox 1752 1509 3328 1581">
     <span class='ocr_line' id='line_1_28' title="bbox 1752 1509 3328 1581; baseline -0.003 -18"><span class='ocrx_word' id='word_1_214' title='bbox 1752 1510 1915 1563; x_wconf 74' lang='grc' dir='ltr'><strong>Ἀλλὰ</strong></span> <span class='ocrx_word' id='word_1_215' title='bbox 1956 1509 2207 1580; x_wconf 82' lang='grc' dir='ltr'><strong>μικρὸνῆ</strong></span> <span class='ocrx_word' id='word_1_216' title='bbox 2243 1511 2414 1563; x_wconf 75' lang='grc' dir='ltr'><strong>ταῦτα</strong></span> <span class='ocrx_word' id='word_1_217' title='bbox 2459 1509 2714 1579; x_wconf 83' lang='grc' dir='ltr'><strong>γενέσθαι</strong></span> <span class='ocrx_word' id='word_1_218' title='bbox 2753 1510 3042 1581; x_wconf 80' lang='grc' dir='ltr'><strong>πρότερον,</strong></span> <span class='ocrx_word' id='word_1_219' title='bbox 3099 1511 3328 1576; x_wconf 80' lang='grc' dir='ltr'><strong>Μαγνη-</strong></span> 
     </span>
    </p>
   </div>
   <div class='ocr_carea' id='block_1_29' title="bbox 1741 1598 3328 1671">
    <p class='ocr_par' dir='ltr' id='par_1_29' title="bbox 1741 1598 3328 1671">
     <span class='ocr_line' id='line_1_29' title="bbox 1741 1598 3328 1671; baseline -0.004 -15"><span class='ocrx_word' id='word_1_220' title='bbox 1741 1602 1966 1665; x_wconf 86' lang='grc' dir='ltr'><strong>σιώταις</strong></span> <span class='ocrx_word' id='word_1_221' title='bbox 2020 1603 2228 1665; x_wconf 77' lang='grc' dir='ltr'><strong>ἐκεῖνος</strong></span> <span class='ocrx_word' id='word_1_222' title='bbox 2266 1601 2432 1671; x_wconf 83' lang='grc' dir='ltr'><strong>τιμὴν</strong></span> <span class='ocrx_word' id='word_1_223' title='bbox 2487 1601 2766 1671; x_wconf 82' lang='grc' dir='ltr'><strong>ταμιεύων</strong></span> <span class='ocrx_word' id='word_1_224' title='bbox 2825 1602 3201 1662; x_wconf 84' lang='grc' dir='ltr'><strong>Κυκλώπειον,</strong></span> <span class='ocrx_word' id='word_1_225' title='bbox 3253 1598 3328 1662; x_wconf 82' lang='grc' dir='ltr'><strong>ὼς</strong></span> 
     </span>
    </p>
   </div>
   <div class='ocr_carea' id='block_1_30' title="bbox 1743 1688 3330 1763">
    <p class='ocr_par' dir='ltr' id='par_1_30' title="bbox 1743 1688 3330 1763">
     <span class='ocr_line' id='line_1_30' title="bbox 1743 1688 3330 1763; baseline -0.004 -15"><span class='ocrx_word' id='word_1_226' title='bbox 1743 1694 1838 1748; x_wconf 65' lang='grc' dir='ltr'><strong>καὶ</strong></span> <span class='ocrx_word' id='word_1_227' title='bbox 1877 1693 2072 1757; x_wconf 76' lang='grc' dir='ltr'><strong>αὐτοὺς</strong></span> <span class='ocrx_word' id='word_1_228' title='bbox 2113 1693 2183 1746; x_wconf 69' lang='grc' dir='ltr'><strong>τὰ</strong></span> <span class='ocrx_word' id='word_1_229' title='bbox 2233 1694 2394 1763; x_wconf 76' lang='grc' dir='ltr'><strong>ὃμοια</strong></span> <span class='ocrx_word' id='word_1_230' title='bbox 2451 1692 2684 1763; x_wconf 81' lang='grc' dir='ltr'><strong>δράσων,</strong></span> <span class='ocrx_word' id='word_1_231' title='bbox 2719 1693 2820 1746; x_wconf 80' lang='grc' dir='ltr'><strong>κᾶν</strong></span> <span class='ocrx_word' id='word_1_232' title='bbox 2856 1691 3202 1759; x_wconf 79' lang='grc' dir='ltr'><strong>ὑπερημέρει</strong></span> <span class='ocrx_word' id='word_1_233' title='bbox 3230 1688 3330 1760; x_wconf 73' lang='grc' dir='ltr'><strong>τὴν</strong></span> 
     </span>
    </p>
   </div>
   <div class='ocr_carea' id='block_1_31' title="bbox 1744 1781 3330 1849">
    <p class='ocr_par' dir='ltr' id='par_1_31' title="bbox 1744 1781 3330 1849">
     <span class='ocr_line' id='line_1_31' title="bbox 1744 1781 3330 1849; baseline -0.003 -12"><span class='ocrx_word' id='word_1_234' title='bbox 1744 1784 1971 1846; x_wconf 73' lang='grc' dir='ltr'><strong>ἔκτισιν,</strong></span> <span class='ocrx_word' id='word_1_235' title='bbox 1996 1784 2090 1836; x_wconf 82' lang='grc' dir='ltr'><strong>τοῦ</strong></span> <span class='ocrx_word' id='word_1_236' title='bbox 2124 1783 2398 1849; x_wconf 64' lang='grc' dir='ltr'><strong>πιστεύειν</strong></span> <span class='ocrx_word' id='word_1_237' title='bbox 2433 1783 2664 1846; x_wconf 75' lang='grc' dir='ltr'><strong>ὲκείνοις</strong></span> <span class='ocrx_word' id='word_1_238' title='bbox 2689 1783 2851 1835; x_wconf 82' lang='grc' dir='ltr'><strong>πλέον</strong></span> <span class='ocrx_word' id='word_1_239' title='bbox 2884 1783 2992 1836; x_wconf 81' lang='grc' dir='ltr'><strong>τῶν</strong></span> <span class='ocrx_word' id='word_1_240' title='bbox 3028 1782 3204 1836; x_wconf 78' lang='grc' dir='ltr'><strong>ἄλλων</strong></span> <span class='ocrx_word' id='word_1_241' title='bbox 3234 1781 3330 1835; x_wconf 77' lang='grc' dir='ltr'><strong>καὶ</strong></span> 
     </span>
    </p>
   </div>
   <div class='ocr_carea' id='block_1_32' title="bbox 96 1873 3330 1949">
    <p class='ocr_par' dir='ltr' id='par_1_32' title="bbox 96 1873 3330 1949">
     <span class='ocr_line' id='line_1_32' title="bbox 96 1873 3330 1949; baseline -0.002 -17"><span class='ocrx_word' id='word_1_242' title='bbox 96 1878 310 1932; x_wconf 60' lang='lat' dir='ltr'><strong>hastu!</strong></span> <span class='ocrx_word' id='word_1_243' title='bbox 338 1877 583 1945; x_wconf 70' lang='grc' dir='ltr'><strong>μάλιστα</strong></span> <span class='ocrx_word' id='word_1_244' title='bbox 605 1875 1016 1942; x_wconf 67' lang='grc' dir='ltr'><strong>εἰσεπράττετο.</strong></span> <span class='ocrx_word' id='word_1_245' title='bbox 1042 1873 1130 1942; x_wconf 75' lang='grc' dir='ltr'>Τῷ</span> <span class='ocrx_word' id='word_1_246' title='bbox 1160 1874 1216 1926; x_wconf 67' lang='grc' dir='ltr'><strong>δὲ</strong></span> <span class='ocrx_word' id='word_1_247' title='bbox 1263 1876 1636 1944; x_wconf 79' lang='grc' dir='ltr'><strong>προσετιμᾶτο</strong></span> <span class='ocrx_word' id='word_1_248' title='bbox 1672 1877 1710 1927; x_wconf 82' lang='grc' dir='ltr'><strong><em>Β</em></strong></span> <span class='ocrx_word' id='word_1_249' title='bbox 1743 1878 1894 1949; x_wconf 77' lang='grc' dir='ltr'><strong>παρὰ</strong></span> <span class='ocrx_word' id='word_1_250' title='bbox 1922 1877 2079 1930; x_wconf 80' lang='grc' dir='ltr'><strong>τοῦτο</strong></span> <span class='ocrx_word' id='word_1_251' title='bbox 2121 1875 2624 1944; x_wconf 83' lang='grc' dir='ltr'><strong>ἀποτεταμιεῦσθαι</strong></span> <span class='ocrx_word' id='word_1_252' title='bbox 2672 1877 2767 1929; x_wconf 79' lang='grc' dir='ltr'><strong>καὶ</strong></span> <span class='ocrx_word' id='word_1_253' title='bbox 2805 1875 3006 1938; x_wconf 78' lang='grc' dir='ltr'><strong>ἵππους</strong></span> <span class='ocrx_word' id='word_1_254' title='bbox 3052 1875 3179 1944; x_wconf 84' lang='grc' dir='ltr'><strong>τῇδε</strong></span> <span class='ocrx_word' id='word_1_255' title='bbox 3236 1875 3330 1926; x_wconf 78' lang='grc' dir='ltr'><strong>καὶ</strong></span> 
     </span>
    </p>
   </div>
   <div class='ocr_carea' id='block_1_33' title="bbox 97 1965 1638 2037">
    <p class='ocr_par' dir='ltr' id='par_1_33' title="bbox 97 1965 1638 2037">
     <span class='ocr_line' id='line_1_33' title="bbox 97 1965 1638 2037; baseline -0.003 -14"><span class='ocrx_word' id='word_1_256' title='bbox 97 1972 280 2023; x_wconf 66' lang='grc' dir='ltr'><strong>θανάτου</strong></span> <span class='ocrx_word' id='word_1_257' title='bbox 326 1969 415 2022; x_wconf 70' lang='grc' dir='ltr'><strong>διὰ</strong></span> <span class='ocrx_word' id='word_1_258' title='bbox 480 1967 586 2037; x_wconf 82' lang='grc' dir='ltr'><strong>τὴν</strong></span> <span class='ocrx_word' id='word_1_259' title='bbox 632 1966 724 2018; x_wconf 80' lang='grc' dir='ltr'><strong>τοῦ</strong></span> <span class='ocrx_word' id='word_1_260' title='bbox 786 1966 1048 2037; x_wconf 82' lang='grc' dir='ltr'><strong>φρουρίου</strong></span> <span class='ocrx_word' id='word_1_261' title='bbox 1101 1965 1445 2034; x_wconf 56' lang='grc' dir='ltr'><strong>κατάλειψιν.</strong></span> <span class='ocrx_word' id='word_1_262' title='bbox 1479 1966 1539 2017; x_wconf 83' lang='lat' dir='ltr'><strong>El</strong></span> <span class='ocrx_word' id='word_1_263' title='bbox 1593 1965 1638 2018; x_wconf 80' lang='grc' dir='ltr'>δ’</span> 
     </span>
    </p>
   </div>
   <div class='ocr_carea' id='block_1_34' title="bbox 97 2057 1642 2131">
    <p class='ocr_par' dir='ltr' id='par_1_34' title="bbox 97 2057 1642 2131">
     <span class='ocr_line' id='line_1_34' title="bbox 97 2057 1642 2131; baseline -0.004 -17"><span class='ocrx_word' id='word_1_264' title='bbox 97 2061 297 2114; x_wconf 79' lang='grc' dir='ltr'><strong>ὠνεῖσθαι</strong></span> <span class='ocrx_word' id='word_1_265' title='bbox 323 2061 574 2131; x_wconf 74' lang='grc' dir='ltr'><strong>βούλοιτο</strong></span> <span class='ocrx_word' id='word_1_266' title='bbox 603 2060 705 2131; x_wconf 79' lang='grc' dir='ltr'><strong>τὴν</strong></span> <span class='ocrx_word' id='word_1_267' title='bbox 733 2058 902 2127; x_wconf 81' lang='grc' dir='ltr'><strong>ζωὴν,</strong></span> <span class='ocrx_word' id='word_1_268' title='bbox 939 2059 1019 2120; x_wconf 85' lang='grc' dir='ltr'><strong>εἰς</strong></span> <span class='ocrx_word' id='word_1_269' title='bbox 1047 2059 1272 2128; x_wconf 79' lang='grc' dir='ltr'><strong>χρυσίου</strong></span> <span class='ocrx_word' id='word_1_270' title='bbox 1326 2057 1642 2126; x_wconf 82' lang='grc' dir='ltr'><strong>χιλιοστύας</strong></span> 
     </span>
    </p>
   </div>
   <div class='ocr_carea' id='block_1_35' title="bbox 100 2150 1640 2223">
    <p class='ocr_par' dir='ltr' id='par_1_35' title="bbox 100 2150 1640 2223">
     <span class='ocr_line' id='line_1_35' title="bbox 100 2150 1640 2223; baseline -0.005 -17"><span class='ocrx_word' id='word_1_271' title='bbox 100 2157 224 2206; x_wconf 76' lang='grc' dir='ltr'><strong>πέντε</strong></span> <span class='ocrx_word' id='word_1_272' title='bbox 265 2156 294 2223; x_wconf 77' lang='grc' dir='ltr'><strong>ἡ</strong></span> <span class='ocrx_word' id='word_1_273' title='bbox 345 2153 558 2214; x_wconf 79' lang='grc' dir='ltr'><strong>ἔκτισις</strong></span> <span class='ocrx_word' id='word_1_274' title='bbox 619 2152 827 2205; x_wconf 73' lang='grc' dir='ltr'><strong>ἵστατο.</strong></span> <span class='ocrx_word' id='word_1_275' title='bbox 877 2150 1228 2221; x_wconf 79' lang='grc' dir='ltr'><strong>Κατηντήκει</strong></span> <span class='ocrx_word' id='word_1_276' title='bbox 1265 2150 1320 2202; x_wconf 74' lang='grc' dir='ltr'>δὲ</span> <span class='ocrx_word' id='word_1_277' title='bbox 1350 2151 1444 2203; x_wconf 74' lang='grc' dir='ltr'><strong>καὶ</strong></span> <span class='ocrx_word' id='word_1_278' title='bbox 1481 2150 1640 2220; x_wconf 82' lang='grc' dir='ltr'><strong>ποινὴ</strong></span> 
     </span>
    </p>
   </div>
   <div class='ocr_carea' id='block_1_36' title="bbox 108 2241 1642 2316">
    <p class='ocr_par' dir='ltr' id='par_1_36' title="bbox 108 2241 1642 2316">
     <span class='ocr_line' id='line_1_36' title="bbox 108 2241 1642 2316; baseline -0.003 -18"><span class='ocrx_word' id='word_1_279' title='bbox 108 2248 228 2316; x_wconf 74' lang='grc' dir='ltr'><strong>μέχρι</strong></span> <span class='ocrx_word' id='word_1_280' title='bbox 251 2248 337 2299; x_wconf 76' lang='grc' dir='ltr'><strong>καὶ</strong></span> <span class='ocrx_word' id='word_1_281' title='bbox 358 2244 704 2306; x_wconf 82' lang='grc' dir='ltr'><strong>ἑκατοστύος</strong></span> <span class='ocrx_word' id='word_1_282' title='bbox 734 2244 863 2313; x_wconf 76' lang='grc' dir='ltr'><strong>μιᾶς</strong></span> <span class='ocrx_word' id='word_1_283' title='bbox 886 2243 962 2312; x_wconf 81' lang='grc' dir='ltr'><strong>τῷ</strong></span> <span class='ocrx_word' id='word_1_284' title='bbox 991 2243 1295 2313; x_wconf 83' lang='grc' dir='ltr'><strong>Μαχράμῃ.</strong></span> <span class='ocrx_word' id='word_1_285' title='bbox 1358 2243 1445 2305; x_wconf 84' lang='grc' dir='ltr'><strong>Ὣς</strong></span> <span class='ocrx_word' id='word_1_286' title='bbox 1510 2241 1642 2310; x_wconf 74' lang='grc' dir='ltr'><strong>γοῦν</strong></span> 
     </span>
    </p>
   </div>
   <div class='ocr_carea' id='block_1_37' title="bbox 106 2335 1640 2411">
    <p class='ocr_par' dir='ltr' id='par_1_37' title="bbox 106 2335 1640 2411">
     <span class='ocr_line' id='line_1_37' title="bbox 106 2335 1640 2411; baseline -0.005 -18"><span class='ocrx_word' id='word_1_287' title='bbox 106 2340 270 2411; x_wconf 75' lang='grc' dir='ltr'><strong>βραδεῖς</strong></span> <span class='ocrx_word' id='word_1_288' title='bbox 296 2338 585 2408; x_wconf 78' lang='grc' dir='ltr'><strong>ἐφαίνοντο</strong></span> <span class='ocrx_word' id='word_1_289' title='bbox 613 2339 662 2390; x_wconf 84' lang='grc' dir='ltr'><strong>οἱ</strong></span> <span class='ocrx_word' id='word_1_290' title='bbox 708 2337 782 2408; x_wconf 82' lang='grc' dir='ltr'><strong>μὴ</strong></span> <span class='ocrx_word' id='word_1_291' title='bbox 806 2337 1019 2408; x_wconf 77' lang='grc' dir='ltr'><strong>ἔχοντες</strong></span> <span class='ocrx_word' id='word_1_292' title='bbox 1058 2339 1186 2406; x_wconf 68' lang='grc' dir='ltr'><strong>περὶ</strong></span> <span class='ocrx_word' id='word_1_293' title='bbox 1234 2336 1334 2407; x_wconf 78' lang='grc' dir='ltr'><strong>τὴν</strong></span> <span class='ocrx_word' id='word_1_294' title='bbox 1365 2335 1640 2401; x_wconf 71' lang='grc' dir='ltr'><strong>ἀπόδοσιν,</strong></span> 
     </span>
    </p>
   </div>
   <div class='ocr_carea' id='block_1_38' title="bbox 104 2519 1640 2592">
    <p class='ocr_par' dir='ltr' id='par_1_38' title="bbox 104 2519 1640 2592">
     <span class='ocr_line' id='line_1_38' title="bbox 104 2519 1640 2592; baseline -0.001 -17"><span class='ocrx_word' id='word_1_295' title='bbox 104 2524 241 2577; x_wconf 80' lang='lat' dir='ltr'><strong>culum</strong></span> <span class='ocrx_word' id='word_1_296' title='bbox 273 2524 321 2576; x_wconf 90' lang='lat' dir='ltr'><strong>in</strong></span> <span class='ocrx_word' id='word_1_297' title='bbox 362 2523 474 2577; x_wconf 89' lang='lat' dir='ltr'><strong>alio</strong></span> <span class='ocrx_word' id='word_1_298' title='bbox 512 2521 720 2592; x_wconf 88' lang='lat' dir='ltr'><strong>pariter</strong></span> <span class='ocrx_word' id='word_1_299' title='bbox 745 2521 1006 2574; x_wconf 90' lang='lat' dir='ltr'><strong>damnato</strong></span> <span class='ocrx_word' id='word_1_300' title='bbox 1036 2520 1142 2572; x_wconf 89' lang='lat' dir='ltr'><strong>vim</strong></span> <span class='ocrx_word' id='word_1_301' title='bbox 1189 2519 1383 2573; x_wconf 86' lang='lat' dir='ltr'><strong>habuit</strong></span> <span class='ocrx_word' id='word_1_302' title='bbox 1425 2519 1640 2590; x_wconf 83' lang='lat' dir='ltr'><strong>qualem</strong></span> 
     </span>
    </p>
   </div>
   <div class='ocr_carea' id='block_1_39' title="bbox 103 2612 1640 2684">
    <p class='ocr_par' dir='ltr' id='par_1_39' title="bbox 103 2612 1640 2684">
     <span class='ocr_line' id='line_1_39' title="bbox 103 2612 1640 2684; baseline -0.001 -16"><span class='ocrx_word' id='word_1_303' title='bbox 103 2630 194 2668; x_wconf 73' lang='lat' dir='ltr'><strong>esse</strong></span> <span class='ocrx_word' id='word_1_304' title='bbox 220 2615 360 2668; x_wconf 85' lang='lat' dir='ltr'><strong>aiunt</strong></span> <span class='ocrx_word' id='word_1_305' title='bbox 399 2614 648 2670; x_wconf 70' lang='lat' dir='ltr'><strong>Medusae</strong></span> <span class='ocrx_word' id='word_1_306' title='bbox 679 2612 974 2682; x_wconf 78' lang='lat' dir='ltr'><strong>Gorgonis,</strong></span> <span class='ocrx_word' id='word_1_307' title='bbox 1019 2612 1185 2684; x_wconf 66' lang='grc'><strong>439</strong></span> <span class='ocrx_word' id='word_1_308' title='bbox 1226 2628 1388 2683; x_wconf 87' lang='lat' dir='ltr'><strong>quam</strong></span> <span class='ocrx_word' id='word_1_309' title='bbox 1424 2615 1518 2682; x_wconf 88' lang='lat' dir='ltr'><strong>qui</strong></span> <span class='ocrx_word' id='word_1_310' title='bbox 1557 2615 1640 2666; x_wconf 85' lang='lat' dir='ltr'><strong>vi-</strong></span> 
     </span>
    </p>
   </div>
   <div class='ocr_carea' id='block_1_40' title="bbox 107 2706 1638 2778">
    <p class='ocr_par' dir='ltr' id='par_1_40' title="bbox 107 2706 1638 2778">
     <span class='ocr_line' id='line_1_40' title="bbox 107 2706 1638 2778; baseline 0.001 -18"><span class='ocrx_word' id='word_1_311' title='bbox 107 2708 594 2778; x_wconf 83' lang='lat' dir='ltr'><strong>dentlapidescttnt.</strong></span> <span class='ocrx_word' id='word_1_312' title='bbox 634 2706 725 2761; x_wconf 89' lang='lat' dir='ltr'><strong>Sic</strong></span> <span class='ocrx_word' id='word_1_313' title='bbox 770 2707 917 2762; x_wconf 89' lang='lat' dir='ltr'><strong>enim</strong></span> <span class='ocrx_word' id='word_1_314' title='bbox 965 2714 1020 2760; x_wconf 90' lang='lat' dir='ltr'><strong>et</strong></span> <span class='ocrx_word' id='word_1_315' title='bbox 1070 2707 1157 2762; x_wconf 85' lang='lat' dir='ltr'><strong>hic</strong></span> <span class='ocrx_word' id='word_1_316' title='bbox 1209 2707 1394 2770; x_wconf 77' lang='lat' dir='ltr'><strong>miser,</strong></span> <span class='ocrx_word' id='word_1_317' title='bbox 1447 2708 1638 2761; x_wconf 90' lang='lat' dir='ltr'><strong>hausta</strong></span> 
     </span>
    </p>
   </div>
   <div class='ocr_carea' id='block_1_41' title="bbox 105 2801 1642 2870">
    <p class='ocr_par' dir='ltr' id='par_1_41' title="bbox 105 2801 1642 2870">
     <span class='ocr_line' id='line_1_41' title="bbox 105 2801 1642 2870; baseline 0.003 -18"><span class='ocrx_word' id='word_1_318' title='bbox 105 2802 195 2856; x_wconf 77' lang='lat' dir='ltr'><strong>visu</strong></span> <span class='ocrx_word' id='word_1_319' title='bbox 217 2804 458 2870; x_wconf 69' lang='lat' dir='ltr'><strong>praesenti</strong></span> <span class='ocrx_word' id='word_1_320' title='bbox 492 2802 613 2856; x_wconf 89' lang='lat' dir='ltr'><strong>dira</strong></span> <span class='ocrx_word' id='word_1_321' title='bbox 638 2801 964 2856; x_wconf 72' lang='lat' dir='ltr'><strong>Machrama-</strong></span> <span class='ocrx_word' id='word_1_322' title='bbox 988 2815 1140 2864; x_wconf 83' lang='lat' dir='ltr'><strong>nece,</strong></span> <span class='ocrx_word' id='word_1_323' title='bbox 1171 2808 1479 2856; x_wconf 81' lang='lat' dir='ltr'><strong>commotus</strong></span> <span class='ocrx_word' id='word_1_324' title='bbox 1506 2801 1642 2856; x_wconf 85' lang='lat' dir='ltr'><strong>adeo</strong></span> 
     </span>
    </p>
   </div>
   <div class='ocr_carea' id='block_1_42' title="bbox 105 2889 1643 2962">
    <p class='ocr_par' dir='ltr' id='par_1_42' title="bbox 105 2889 1643 2962">
     <span class='ocr_line' id='line_1_42' title="bbox 105 2889 1643 2962; baseline 0 -18"><span class='ocrx_word' id='word_1_325' title='bbox 105 2902 238 2946; x_wconf 81' lang='lat' dir='ltr'><strong>estut</strong></span> <span class='ocrx_word' id='word_1_326' title='bbox 283 2894 467 2948; x_wconf 86' lang='lat' dir='ltr'><strong>multis</strong></span> <span class='ocrx_word' id='word_1_327' title='bbox 518 2892 780 2962; x_wconf 82' lang='lat' dir='ltr'><strong>lacrymis</strong></span> <span class='ocrx_word' id='word_1_328' title='bbox 833 2898 1092 2945; x_wconf 78' lang='lat' dir='ltr'><strong>cxoraret</strong></span> <span class='ocrx_word' id='word_1_329' title='bbox 1141 2889 1486 2954; x_wconf 88' lang='lat' dir='ltr'><strong>Genuenses,</strong></span> <span class='ocrx_word' id='word_1_330' title='bbox 1537 2891 1643 2944; x_wconf 86' lang='lat' dir='ltr'><strong>sibi</strong></span> 
     </span>
    </p>
   </div>
   <div class='ocr_carea' id='block_1_43' title="bbox 106 2983 1640 3056">
    <p class='ocr_par' dir='ltr' id='par_1_43' title="bbox 106 2983 1640 3056">
     <span class='ocr_line' id='line_1_43' title="bbox 106 2983 1640 3056; baseline 0.001 -19"><span class='ocrx_word' id='word_1_331' title='bbox 106 2987 404 3040; x_wconf 81' lang='lat' dir='ltr'><strong>commodare</strong></span> <span class='ocrx_word' id='word_1_332' title='bbox 435 3002 512 3040; x_wconf 87' lang='lat' dir='ltr'><strong>ne</strong></span> <span class='ocrx_word' id='word_1_333' title='bbox 549 2990 915 3056; x_wconf 88' lang='lat' dir='ltr'><strong>gravarentur</strong></span> <span class='ocrx_word' id='word_1_334' title='bbox 953 2998 1151 3037; x_wconf 84' lang='lat' dir='ltr'><strong>aureos</strong></span> <span class='ocrx_word' id='word_1_335' title='bbox 1199 2983 1369 3045; x_wconf 84' lang='lat' dir='ltr'><strong>mille,</strong></span> <span class='ocrx_word' id='word_1_336' title='bbox 1409 2993 1543 3052; x_wconf 87' lang='lat' dir='ltr'><strong>quot</strong></span> <span class='ocrx_word' id='word_1_337' title='bbox 1574 2985 1640 3038; x_wconf 91' lang='lat' dir='ltr'><strong>ad</strong></span> 
     </span>
    </p>
   </div>
   <div class='ocr_carea' id='block_1_44' title="bbox 107 3077 1646 3148">
    <p class='ocr_par' dir='ltr' id='par_1_44' title="bbox 107 3077 1646 3148">
     <span class='ocr_line' id='line_1_44' title="bbox 107 3077 1646 3148; baseline 0 -17"><span class='ocrx_word' id='word_1_338' title='bbox 107 3094 334 3134; x_wconf 82' lang='lat' dir='ltr'><strong>summam</strong></span> <span class='ocrx_word' id='word_1_339' title='bbox 371 3080 642 3148; x_wconf 88' lang='lat' dir='ltr'><strong>indictam</strong></span> <span class='ocrx_word' id='word_1_340' title='bbox 690 3077 1079 3132; x_wconf 80' lang='lat' dir='ltr'><strong>absolvendum</strong></span> <span class='ocrx_word' id='word_1_341' title='bbox 1128 3077 1400 3132; x_wconf 88' lang='lat' dir='ltr'><strong>deerant:</strong></span> <span class='ocrx_word' id='word_1_342' title='bbox 1439 3077 1512 3130; x_wconf 90' lang='lat' dir='ltr'><strong>ita</strong></span> <span class='ocrx_word' id='word_1_343' title='bbox 1561 3088 1646 3132; x_wconf 88' lang='lat' dir='ltr'><strong>est</strong></span> 
     </span>
    </p>
   </div>
   <div class='ocr_carea' id='block_1_45' title="bbox 108 3171 987 3228">
    <p class='ocr_par' dir='ltr' id='par_1_45' title="bbox 108 3171 987 3228">
     <span class='ocr_line' id='line_1_45' title="bbox 108 3171 987 3228; baseline -0.001 -4"><span class='ocrx_word' id='word_1_344' title='bbox 108 3171 262 3226; x_wconf 87' lang='lat' dir='ltr'><strong>horum</strong></span> <span class='ocrx_word' id='word_1_345' title='bbox 297 3171 680 3228; x_wconf 87' lang='lat' dir='ltr'><strong>misericordia</strong></span> <span class='ocrx_word' id='word_1_346' title='bbox 717 3180 987 3226; x_wconf 80' lang='lat' dir='ltr'><strong>servatus.</strong></span> 
     </span>
    </p>
   </div>
   <div class='ocr_carea' id='block_1_46' title="bbox 161 3260 1643 3335">
    <p class='ocr_par' dir='ltr' id='par_1_46' title="bbox 161 3260 1643 3335">
     <span class='ocr_line' id='line_1_46' title="bbox 161 3260 1643 3335; baseline 0.001 -21"><span class='ocrx_word' id='word_1_347' title='bbox 161 3262 303 3319; x_wconf 85' lang='lat' dir='ltr'><strong>Paulo</strong></span> <span class='ocrx_word' id='word_1_348' title='bbox 329 3266 489 3335; x_wconf 88' lang='lat' dir='ltr'><strong>prius</strong></span> <span class='ocrx_word' id='word_1_349' title='bbox 510 3279 674 3333; x_wconf 82' lang='lat' dir='ltr'><strong>quam</strong></span> <span class='ocrx_word' id='word_1_350' title='bbox 703 3263 816 3317; x_wconf 57' lang='lat' dir='ltr'><strong>haec</strong></span> <span class='ocrx_word' id='word_1_351' title='bbox 841 3261 1050 3326; x_wconf 79' lang='lat' dir='ltr'><strong>flerent,</strong></span> <span class='ocrx_word' id='word_1_352' title='bbox 1069 3262 1374 3330; x_wconf 73' lang='lat' dir='ltr'><strong>contigerat</strong></span> <span class='ocrx_word' id='word_1_353' title='bbox 1407 3260 1643 3317; x_wconf 88' lang='lat' dir='ltr'><strong>defectio</strong></span> 
     </span>
    </p>
   </div>
   <div class='ocr_carea' id='block_1_47' title="bbox 109 3343 1644 3426">
    <p class='ocr_par' dir='ltr' id='par_1_47' title="bbox 109 3343 1644 3426">
     <span class='ocr_line' id='line_1_47' title="bbox 109 3343 1644 3426; baseline 0.002 -19"><span class='ocrx_word' id='word_1_354' title='bbox 109 3354 530 3426; x_wconf 81' lang='lat' dir='ltr'><strong>llagnesiensium</strong></span> <span class='ocrx_word' id='word_1_355' title='bbox 569 3371 599 3410; x_wconf 90' lang='lat' dir='ltr'><strong>a</strong></span> <span class='ocrx_word' id='word_1_356' title='bbox 632 3370 828 3426; x_wconf 78' lang='lat' dir='ltr'><strong>magno</strong></span> <span class='ocrx_word' id='word_1_357' title='bbox 847 3356 1008 3409; x_wconf 89' lang='lat' dir='ltr'><strong>duce.</strong></span> <span class='ocrx_word' id='word_1_358' title='bbox 1036 3354 1176 3410; x_wconf 81' lang='lat' dir='ltr'><strong>iluic</strong></span> <span class='ocrx_word' id='word_1_359' title='bbox 1203 3343 1291 3410; x_wconf 82' lang='lat' dir='ltr'><strong>ille</strong></span> <span class='ocrx_word' id='word_1_360' title='bbox 1311 3355 1514 3410; x_wconf 88' lang='lat' dir='ltr'><strong>civitati</strong></span> <span class='ocrx_word' id='word_1_361' title='bbox 1544 3370 1644 3426; x_wconf 92' lang='lat' dir='ltr'><strong>pro</strong></span> 
     </span>
    </p>
   </div>
   <div class='ocr_carea' id='block_1_48' title="bbox 110 3448 1634 3519">
    <p class='ocr_par' dir='ltr' id='par_1_48' title="bbox 110 3448 1634 3519">
     <span class='ocr_line' id='line_1_48' title="bbox 110 3448 1634 3519; baseline 0.002 -19"><span class='ocrx_word' id='word_1_362' title='bbox 110 3450 361 3518; x_wconf 74' lang='lat' dir='ltr'><strong>majoribus</strong></span> <span class='ocrx_word' id='word_1_363' title='bbox 390 3455 448 3504; x_wconf 85' lang='lat' dir='ltr'><strong>in</strong></span> <span class='ocrx_word' id='word_1_364' title='bbox 477 3465 537 3504; x_wconf 91' lang='lat' dir='ltr'><strong>se</strong></span> <span class='ocrx_word' id='word_1_365' title='bbox 572 3448 784 3503; x_wconf 83' lang='lat' dir='ltr'><strong>meritis</strong></span> <span class='ocrx_word' id='word_1_366' title='bbox 813 3449 1045 3519; x_wconf 87' lang='lat' dir='ltr'><strong>gratiam</strong></span> <span class='ocrx_word' id='word_1_367' title='bbox 1077 3449 1372 3510; x_wconf 87' lang='lat' dir='ltr'><strong>servabat,</strong></span> <span class='ocrx_word' id='word_1_368' title='bbox 1405 3465 1512 3519; x_wconf 82' lang='lat' dir='ltr'><strong>qua</strong></span> <span class='ocrx_word' id='word_1_369' title='bbox 1547 3465 1634 3504; x_wconf 80' lang='lat' dir='ltr'><strong>re-</strong></span> 
     </span>
    </p>
   </div>
   <div class='ocr_carea' id='block_1_49' title="bbox 110 3538 1642 3611">
    <p class='ocr_par' dir='ltr' id='par_1_49' title="bbox 110 3538 1642 3611">
     <span class='ocr_line' id='line_1_49' title="bbox 110 3538 1642 3611; baseline 0.002 -21"><span class='ocrx_word' id='word_1_370' title='bbox 110 3551 481 3595; x_wconf 86' lang='lat' dir='ltr'><strong>muneraturum</strong></span> <span class='ocrx_word' id='word_1_371' title='bbox 519 3556 580 3596; x_wconf 90' lang='lat' dir='ltr'><strong>se</strong></span> <span class='ocrx_word' id='word_1_372' title='bbox 611 3540 863 3611; x_wconf 85' lang='lat' dir='ltr'><strong>Ulyssem</strong></span> <span class='ocrx_word' id='word_1_373' title='bbox 889 3538 1126 3610; x_wconf 82' lang='lat' dir='ltr'><strong>Cyclops</strong></span> <span class='ocrx_word' id='word_1_374' title='bbox 1153 3538 1478 3593; x_wconf 75' lang='lat' dir='ltr'><strong>Homericus</strong></span> <span class='ocrx_word' id='word_1_375' title='bbox 1514 3553 1642 3609; x_wconf 60' lang='lat' dir='ltr'><strong>pro.</strong></span> 
     </span>
    </p>
   </div>
   <div class='ocr_carea' id='block_1_50' title="bbox 111 3630 1646 3704">
    <p class='ocr_par' dir='ltr' id='par_1_50' title="bbox 111 3630 1646 3704">
     <span class='ocr_line' id='line_1_50' title="bbox 111 3630 1646 3704; baseline 0.001 -19"><span class='ocrx_word' id='word_1_376' title='bbox 111 3630 331 3696; x_wconf 76' lang='lat' dir='ltr'><strong>ﬁtebatur,</strong></span> <span class='ocrx_word' id='word_1_377' title='bbox 361 3635 647 3704; x_wconf 81' lang='lat' dir='ltr'><strong>spondens</strong></span> <span class='ocrx_word' id='word_1_378' title='bbox 681 3633 860 3702; x_wconf 89' lang='lat' dir='ltr'><strong>ipsum</strong></span> <span class='ocrx_word' id='word_1_379' title='bbox 891 3647 918 3683; x_wconf 90' lang='lat' dir='ltr'><strong>a</strong></span> <span class='ocrx_word' id='word_1_380' title='bbox 950 3647 1008 3686; x_wconf 90' lang='lat' dir='ltr'><strong>se</strong></span> <span class='ocrx_word' id='word_1_381' title='bbox 1041 3631 1437 3686; x_wconf 85' lang='lat' dir='ltr'><strong>comedendum</strong></span> <span class='ocrx_word' id='word_1_382' title='bbox 1464 3631 1646 3686; x_wconf 85' lang='lat' dir='ltr'><strong>socio-</strong></span> 
     </span>
    </p>
   </div>
   <div class='ocr_carea' id='block_1_51' title="bbox 111 3724 1642 3794">
    <p class='ocr_par' dir='ltr' id='par_1_51' title="bbox 111 3724 1642 3794">
     <span class='ocr_line' id='line_1_51' title="bbox 111 3724 1642 3794; baseline 0 -16"><span class='ocrx_word' id='word_1_383' title='bbox 111 3741 202 3779; x_wconf 88' lang='lat' dir='ltr'><strong>rum</strong></span> <span class='ocrx_word' id='word_1_384' title='bbox 249 3729 532 3793; x_wconf 90' lang='lat' dir='ltr'><strong>ultimum;</strong></span> <span class='ocrx_word' id='word_1_385' title='bbox 571 3735 627 3780; x_wconf 90' lang='lat' dir='ltr'><strong>et</strong></span> <span class='ocrx_word' id='word_1_386' title='bbox 676 3734 800 3794; x_wconf 91' lang='lat' dir='ltr'><strong>post</strong></span> <span class='ocrx_word' id='word_1_387' title='bbox 851 3725 1125 3794; x_wconf 79' lang='lat' dir='ltr'><strong>expilatas</strong></span> <span class='ocrx_word' id='word_1_388' title='bbox 1176 3725 1340 3778; x_wconf 85' lang='lat' dir='ltr'><strong>nrbes</strong></span> <span class='ocrx_word' id='word_1_389' title='bbox 1400 3724 1642 3794; x_wconf 80' lang='lat' dir='ltr'><strong>reliquas</strong></span> 
     </span>
    </p>
   </div>
   <div class='ocr_carea' id='block_1_52' title="bbox 111 3816 1641 3886">
    <p class='ocr_par' dir='ltr' id='par_1_52' title="bbox 111 3816 1641 3886">
     <span class='ocr_line' id='line_1_52' title="bbox 111 3816 1641 3886; baseline 0.003 -19"><span class='ocrx_word' id='word_1_390' title='bbox 111 3816 219 3873; x_wconf 79' lang='lat' dir='ltr'><strong>lianc</strong></span> <span class='ocrx_word' id='word_1_391' title='bbox 237 3822 388 3874; x_wconf 82' lang='lat' dir='ltr'><strong>etiam</strong></span> <span class='ocrx_word' id='word_1_392' title='bbox 414 3819 801 3875; x_wconf 76' lang='lat' dir='ltr'><strong>esinaniturus</strong></span> <span class='ocrx_word' id='word_1_393' title='bbox 824 3817 1269 3886; x_wconf 65' lang='lat' dir='ltr'><strong>exspectabatur.</strong></span> <span class='ocrx_word' id='word_1_394' title='bbox 1297 3816 1453 3882; x_wconf 88' lang='lat' dir='ltr'><strong>Quod</strong></span> <span class='ocrx_word' id='word_1_395' title='bbox 1492 3816 1641 3886; x_wconf 89' lang='lat' dir='ltr'><strong>ipsos</strong></span> 
     </span>
    </p>
   </div>
   <div class='ocr_carea' id='block_1_53' title="bbox 111 3907 1644 3981">
    <p class='ocr_par' dir='ltr' id='par_1_53' title="bbox 111 3907 1644 3981">
     <span class='ocr_line' id='line_1_53' title="bbox 111 3907 1644 3981; baseline 0.001 -22"><span class='ocrx_word' id='word_1_396' title='bbox 111 3923 192 3962; x_wconf 91' lang='lat' dir='ltr'><strong>non</strong></span> <span class='ocrx_word' id='word_1_397' title='bbox 219 3909 401 3966; x_wconf 88' lang='lat' dir='ltr'><strong>fefellit</strong></span> <span class='ocrx_word' id='word_1_398' title='bbox 434 3911 558 3981; x_wconf 86' lang='lat' dir='ltr'><strong>ejus</strong></span> <span class='ocrx_word' id='word_1_399' title='bbox 581 3911 750 3976; x_wconf 83' lang='lat' dir='ltr'><strong>cives,</strong></span> <span class='ocrx_word' id='word_1_400' title='bbox 774 3925 839 3964; x_wconf 79' lang='lat' dir='ltr'><strong>ex</strong></span> <span class='ocrx_word' id='word_1_401' title='bbox 878 3917 1070 3963; x_wconf 72' lang='lat' dir='ltr'><strong>caetera</strong></span> <span class='ocrx_word' id='word_1_402' title='bbox 1098 3909 1198 3962; x_wconf 86' lang='lat' dir='ltr'><strong>viri</strong></span> <span class='ocrx_word' id='word_1_403' title='bbox 1231 3909 1530 3976; x_wconf 86' lang='lat' dir='ltr'><strong>rapacitate</strong></span> <span class='ocrx_word' id='word_1_404' title='bbox 1563 3907 1644 3960; x_wconf 88' lang='lat' dir='ltr'><strong>fa-</strong></span> 
     </span>
    </p>
   </div>
   <div class='ocr_carea' id='block_1_54' title="bbox 110 3999 1646 4074">
    <p class='ocr_par' dir='ltr' id='par_1_54' title="bbox 110 3999 1646 4074">
     <span class='ocr_line' id='line_1_54' title="bbox 110 3999 1646 4074; baseline -0.001 -18"><span class='ocrx_word' id='word_1_405' title='bbox 110 4001 189 4056; x_wconf 85' lang='lat' dir='ltr'><strong>cile</strong></span> <span class='ocrx_word' id='word_1_406' title='bbox 214 4006 619 4072; x_wconf 63' lang='lat' dir='ltr'><strong>prasentientes</strong></span> <span class='ocrx_word' id='word_1_407' title='bbox 662 4004 792 4074; x_wconf 89' lang='lat' dir='ltr'><strong>quid</strong></span> <span class='ocrx_word' id='word_1_408' title='bbox 831 4002 1045 4069; x_wconf 86' lang='lat' dir='ltr'><strong>passuri</strong></span> <span class='ocrx_word' id='word_1_409' title='bbox 1095 4016 1216 4056; x_wconf 79' lang='lat' dir='ltr'><strong>mox</strong></span> <span class='ocrx_word' id='word_1_410' title='bbox 1269 4001 1466 4055; x_wconf 82' lang='lat' dir='ltr'><strong>forent.</strong></span> <span class='ocrx_word' id='word_1_411' title='bbox 1517 3999 1646 4055; x_wconf 80' lang='lat' dir='ltr'><strong>llaec</strong></span> 
     </span>
    </p>
   </div>
   <div class='ocr_carea' id='block_1_55' title="bbox 111 4093 1643 4167">
    <p class='ocr_par' dir='ltr' id='par_1_55' title="bbox 111 4093 1643 4167">
     <span class='ocr_line' id='line_1_55' title="bbox 111 4093 1643 4167; baseline 0.002 -22"><span class='ocrx_word' id='word_1_412' title='bbox 111 4093 205 4148; x_wconf 87' lang='lat' dir='ltr'><strong>illos</strong></span> <span class='ocrx_word' id='word_1_413' title='bbox 231 4099 460 4166; x_wconf 74' lang='lat' dir='ltr'><strong>provisio</strong></span> <span class='ocrx_word' id='word_1_414' title='bbox 491 4097 558 4150; x_wconf 82' lang='lat' dir='ltr'><strong>ad</strong></span> <span class='ocrx_word' id='word_1_415' title='bbox 589 4097 766 4167; x_wconf 82' lang='lat' dir='ltr'><strong>palam</strong></span> <span class='ocrx_word' id='word_1_416' title='bbox 800 4095 1164 4150; x_wconf 85' lang='lat' dir='ltr'><strong>deficiendum</strong></span> <span class='ocrx_word' id='word_1_417' title='bbox 1200 4110 1228 4148; x_wconf 90' lang='lat' dir='ltr'><strong>a</strong></span> <span class='ocrx_word' id='word_1_418' title='bbox 1266 4109 1464 4163; x_wconf 82' lang='lat' dir='ltr'><strong>magno</strong></span> <span class='ocrx_word' id='word_1_419' title='bbox 1503 4093 1643 4148; x_wconf 75' lang='lat' dir='ltr'><strong>duce</strong></span> 
     </span>
    </p>
   </div>
   <div class='ocr_carea' id='block_1_56' title="bbox 111 4186 1648 4258">
    <p class='ocr_par' dir='ltr' id='par_1_56' title="bbox 111 4186 1648 4258">
     <span class='ocr_line' id='line_1_56' title="bbox 111 4186 1648 4258; baseline 0.001 -19"><span class='ocrx_word' id='word_1_420' title='bbox 111 4187 345 4256; x_wconf 81' lang='lat' dir='ltr'><strong>incitavit;</strong></span> <span class='ocrx_word' id='word_1_421' title='bbox 379 4207 442 4244; x_wconf 81' lang='lat' dir='ltr'><strong>ex</strong></span> <span class='ocrx_word' id='word_1_422' title='bbox 479 4205 588 4258; x_wconf 87' lang='lat' dir='ltr'><strong>quo</strong></span> <span class='ocrx_word' id='word_1_423' title='bbox 628 4189 825 4258; x_wconf 76' lang='lat' dir='ltr'><strong>accidit</strong></span> <span class='ocrx_word' id='word_1_424' title='bbox 848 4189 994 4242; x_wconf 90' lang='lat' dir='ltr'><strong>hunc</strong></span> <span class='ocrx_word' id='word_1_425' title='bbox 1029 4189 1257 4258; x_wconf 88' lang='lat' dir='ltr'><strong>perdere</strong></span> <span class='ocrx_word' id='word_1_426' title='bbox 1290 4186 1528 4256; x_wconf 62' lang='lat' dir='ltr'><strong>prxdam</strong></span> <span class='ocrx_word' id='word_1_427' title='bbox 1561 4187 1648 4240; x_wconf 87' lang='lat' dir='ltr'><strong>in-</strong></span> 
     </span>
    </p>
   </div>
   <div class='ocr_carea' id='block_1_57' title="bbox 113 4279 1642 4347">
    <p class='ocr_par' dir='ltr' id='par_1_57' title="bbox 113 4279 1642 4347">
     <span class='ocr_line' id='line_1_57' title="bbox 113 4279 1642 4347; baseline 0.001 -18"><span class='ocrx_word' id='word_1_428' title='bbox 113 4285 284 4342; x_wconf 77' lang='lat' dir='ltr'><strong>gentem</strong></span> <span class='ocrx_word' id='word_1_429' title='bbox 307 4279 455 4333; x_wconf 85' lang='lat' dir='ltr'><strong>varie</strong></span> <span class='ocrx_word' id='word_1_430' title='bbox 477 4292 758 4332; x_wconf 83' lang='lat' dir='ltr'><strong>corrasam</strong></span> <span class='ocrx_word' id='word_1_431' title='bbox 787 4279 1174 4347; x_wconf 74' lang='lat' dir='ltr'><strong>undecunque,</strong></span> <span class='ocrx_word' id='word_1_432' title='bbox 1217 4292 1344 4331; x_wconf 91' lang='lat' dir='ltr'><strong>cum</strong></span> <span class='ocrx_word' id='word_1_433' title='bbox 1369 4292 1642 4347; x_wconf 90' lang='lat' dir='ltr'><strong>equorum</strong></span> 
     </span>
    </p>
   </div>
   <div class='ocr_carea' id='block_1_58' title="bbox 112 4369 1643 4440">
    <p class='ocr_par' dir='ltr' id='par_1_58' title="bbox 112 4369 1643 4440">
     <span class='ocr_line' id='line_1_58' title="bbox 112 4369 1643 4440; baseline 0.004 -20"><span class='ocrx_word' id='word_1_434' title='bbox 112 4376 200 4422; x_wconf 88' lang='lat' dir='ltr'><strong>tum</strong></span> <span class='ocrx_word' id='word_1_435' title='bbox 226 4374 474 4438; x_wconf 57' lang='lat' dir='ltr'><strong>pecuniae,</strong></span> <span class='ocrx_word' id='word_1_436' title='bbox 513 4385 673 4439; x_wconf 87' lang='lat' dir='ltr'><strong>quam</strong></span> <span class='ocrx_word' id='word_1_437' title='bbox 702 4371 844 4440; x_wconf 86' lang='lat' dir='ltr'><strong>apud</strong></span> <span class='ocrx_word' id='word_1_438' title='bbox 875 4369 1312 4437; x_wconf 73' lang='lat' dir='ltr'><strong>llagnesienses,</strong></span> <span class='ocrx_word' id='word_1_439' title='bbox 1345 4370 1430 4425; x_wconf 91' lang='lat' dir='ltr'><strong>bis</strong></span> <span class='ocrx_word' id='word_1_440' title='bbox 1469 4371 1643 4426; x_wconf 89' lang='lat' dir='ltr'><strong>Iidens</strong></span> 
     </span>
    </p>
   </div>
   <div class='ocr_carea' id='block_1_59' title="bbox 117 4459 1642 4531">
    <p class='ocr_par' dir='ltr' id='par_1_59' title="bbox 117 4459 1642 4531">
     <span class='ocr_line' id='line_1_59' title="bbox 117 4459 1642 4531; baseline 0.004 -20"><span class='ocrx_word' id='word_1_441' title='bbox 117 4459 210 4525; x_wconf 86' lang='lat' dir='ltr'><strong>plus</strong></span> <span class='ocrx_word' id='word_1_442' title='bbox 235 4477 384 4529; x_wconf 85' lang='lat' dir='ltr'><strong>quam</strong></span> <span class='ocrx_word' id='word_1_443' title='bbox 419 4462 633 4516; x_wconf 67' lang='lat' dir='ltr'><strong>caeteris</strong></span> <span class='ocrx_word' id='word_1_444' title='bbox 655 4503 669 4526; x_wconf 95' lang='lat'><strong>,</strong></span> <span class='ocrx_word' id='word_1_445' title='bbox 705 4461 1121 4517; x_wconf 79' lang='lat' dir='ltr'><strong>custodiendam</strong></span> <span class='ocrx_word' id='word_1_446' title='bbox 1153 4460 1509 4531; x_wconf 78' lang='lat' dir='ltr'><strong>deposuerat.</strong></span> <span class='ocrx_word' id='word_1_447' title='bbox 1543 4461 1642 4517; x_wconf 90' lang='lat' dir='ltr'><strong>llic</strong></span> 
     </span>
    </p>
   </div>
   <div class='ocr_carea' id='block_1_60' title="bbox 1743 1967 3330 2041">
    <p class='ocr_par' dir='ltr' id='par_1_60' title="bbox 1743 1967 3330 2041">
     <span class='ocr_line' id='line_1_60' title="bbox 1743 1967 3330 2041; baseline -0.004 -17"><span class='ocrx_word' id='word_1_448' title='bbox 1743 1972 2026 2041; x_wconf 85' lang='grc' dir='ltr'><strong>χρήματα,</strong></span> <span class='ocrx_word' id='word_1_449' title='bbox 2047 1969 2081 2023; x_wconf 78' lang='grc' dir='ltr'>ἃ</span> <span class='ocrx_word' id='word_1_450' title='bbox 2119 1969 2183 2040; x_wconf 80' lang='grc' dir='ltr'><strong>δὴ</strong></span> <span class='ocrx_word' id='word_1_451' title='bbox 2208 1970 2272 2022; x_wconf 82' lang='grc' dir='ltr'><strong>ἐκ</strong></span> <span class='ocrx_word' id='word_1_452' title='bbox 2300 1969 2462 2038; x_wconf 79' lang='grc' dir='ltr'><strong>τόσης</strong></span> <span class='ocrx_word' id='word_1_453' title='bbox 2495 1969 2822 2038; x_wconf 80' lang='grc' dir='ltr'><strong>ἁλαστορίας</strong></span> <span class='ocrx_word' id='word_1_454' title='bbox 2871 1968 3144 2035; x_wconf 84' lang='grc' dir='ltr'><strong>συνέλεγε,</strong></span> <span class='ocrx_word' id='word_1_455' title='bbox 3193 1967 3330 2034; x_wconf 82' lang='grc' dir='ltr'><strong>φθά-</strong></span> 
     </span>
    </p>
   </div>
   <div class='ocr_carea' id='block_1_61' title="bbox 1742 2061 3328 2135">
    <p class='ocr_par' dir='ltr' id='par_1_61' title="bbox 1742 2061 3328 2135">
     <span class='ocr_line' id='line_1_61' title="bbox 1742 2061 3328 2135; baseline -0.003 -19"><span class='ocrx_word' id='word_1_456' title='bbox 1742 2081 1822 2116; x_wconf 89' lang='grc' dir='ltr'><strong>νει</strong></span> <span class='ocrx_word' id='word_1_457' title='bbox 1859 2063 2130 2133; x_wconf 77' lang='grc' dir='ltr'><strong>σφαλῆναι</strong></span> <span class='ocrx_word' id='word_1_458' title='bbox 2156 2062 2380 2135; x_wconf 75' lang='grc' dir='ltr'><strong>προνοίᾳ</strong></span> <span class='ocrx_word' id='word_1_459' title='bbox 2407 2062 2516 2116; x_wconf 84' lang='grc' dir='ltr'><strong>τῶν</strong></span> <span class='ocrx_word' id='word_1_460' title='bbox 2550 2063 2870 2132; x_wconf 75' lang='grc' dir='ltr'><strong>οἰκητόρων.</strong></span> <span class='ocrx_word' id='word_1_461' title='bbox 2925 2064 3006 2117; x_wconf 79' lang='grc' dir='ltr'><strong>Τὰ</strong></span> <span class='ocrx_word' id='word_1_462' title='bbox 3060 2061 3171 2130; x_wconf 83' lang='grc' dir='ltr'><strong>γὰρ</strong></span> <span class='ocrx_word' id='word_1_463' title='bbox 3214 2063 3328 2125; x_wconf 83' lang='grc' dir='ltr'><strong>τοῖς</strong></span> 
     </span>
    </p>
   </div>
   <div class='ocr_carea' id='block_1_62' title="bbox 1742 2153 3328 2226">
    <p class='ocr_par' dir='ltr' id='par_1_62' title="bbox 1742 2153 3328 2226">
     <span class='ocr_line' id='line_1_62' title="bbox 1742 2153 3328 2226; baseline -0.004 -16"><span class='ocrx_word' id='word_1_464' title='bbox 1742 2155 1924 2219; x_wconf 74' lang='grc' dir='ltr'><strong>ἄλλοις</strong></span> <span class='ocrx_word' id='word_1_465' title='bbox 1951 2155 2319 2226; x_wconf 79' lang='grc' dir='ltr'><strong>συμϐαίνοντα</strong></span> <span class='ocrx_word' id='word_1_466' title='bbox 2369 2154 2464 2207; x_wconf 73' lang='grc' dir='ltr'><strong>καὶ</strong></span> <span class='ocrx_word' id='word_1_467' title='bbox 2517 2154 2672 2207; x_wconf 69' lang='grc' dir='ltr'><strong>αὐτοὶ</strong></span> <span class='ocrx_word' id='word_1_468' title='bbox 2719 2155 2859 2208; x_wconf 73' lang='grc' dir='ltr'><strong>κατὰ</strong></span> <span class='ocrx_word' id='word_1_469' title='bbox 2917 2153 2976 2205; x_wconf 81' lang='grc' dir='ltr'><strong>τὸ</strong></span> <span class='ocrx_word' id='word_1_470' title='bbox 3033 2153 3328 2218; x_wconf 79' lang='grc' dir='ltr'><strong>ἀναγκαῖον</strong></span> 
     </span>
    </p>
   </div>
   <div class='ocr_carea' id='block_1_63' title="bbox 1742 2244 3330 2318">
    <p class='ocr_par' dir='ltr' id='par_1_63' title="bbox 1742 2244 3330 2318">
     <span class='ocr_line' id='line_1_63' title="bbox 1742 2244 3330 2318; baseline -0.004 -14"><span class='ocrx_word' id='word_1_471' title='bbox 1742 2251 2036 2312; x_wconf 81' lang='grc' dir='ltr'><strong>δείσαντες,</strong></span> <span class='ocrx_word' id='word_1_472' title='bbox 2064 2249 2158 2310; x_wconf 75' lang='grc' dir='ltr'><strong>καὶ</strong></span> <span class='ocrx_word' id='word_1_473' title='bbox 2187 2247 2422 2318; x_wconf 79' lang='grc' dir='ltr'><strong>μάλιστα</strong></span> <span class='ocrx_word' id='word_1_474' title='bbox 2449 2245 2818 2317; x_wconf 77' lang='grc' dir='ltr'><strong>προπαθόντες</strong></span> <span class='ocrx_word' id='word_1_475' title='bbox 2853 2246 2947 2298; x_wconf 74' lang='grc' dir='ltr'><strong>καὶ</strong></span> <span class='ocrx_word' id='word_1_476' title='bbox 2995 2244 3068 2308; x_wconf 83' lang='grc' dir='ltr'><strong>ὡς</strong></span> <span class='ocrx_word' id='word_1_477' title='bbox 3117 2244 3330 2314; x_wconf 75' lang='grc' dir='ltr'><strong>γεύμασ-</strong></span> 
     </span>
    </p>
   </div>
   <div class='ocr_carea' id='block_1_64' title="bbox 1744 2335 3327 2410">
    <p class='ocr_par' dir='ltr' id='par_1_64' title="bbox 1744 2335 3327 2410">
     <span class='ocr_line' id='line_1_64' title="bbox 1744 2335 3327 2410; baseline -0.005 -16"><span class='ocrx_word' id='word_1_478' title='bbox 1744 2359 1833 2405; x_wconf 82' lang='grc' dir='ltr'><strong>τος</strong></span> <span class='ocrx_word' id='word_1_479' title='bbox 1855 2342 1913 2393; x_wconf 67' lang='grc' dir='ltr'><strong>τὸ</strong></span> <span class='ocrx_word' id='word_1_480' title='bbox 1945 2341 2054 2394; x_wconf 83' lang='grc' dir='ltr'><strong>πᾶν</strong></span> <span class='ocrx_word' id='word_1_481' title='bbox 2086 2337 2484 2410; x_wconf 83' lang='grc' dir='ltr'><strong>προμαθόντες,</strong></span> <span class='ocrx_word' id='word_1_482' title='bbox 2511 2337 2644 2408; x_wconf 65' lang='grc' dir='ltr'><strong>πρὸς</strong></span> <span class='ocrx_word' id='word_1_483' title='bbox 2678 2337 3021 2390; x_wconf 72' lang='grc' dir='ltr'><strong>ἀποστασίαν</strong></span> <span class='ocrx_word' id='word_1_484' title='bbox 3054 2335 3327 2406; x_wconf 74' lang='grc' dir='ltr'><strong>ἀφορῶσι,</strong></span> 
     </span>
    </p>
   </div>
   <div class='ocr_carea' id='block_1_65' title="bbox 1746 2513 3331 2586">
    <p class='ocr_par' dir='ltr' id='par_1_65' title="bbox 1746 2513 3331 2586">
     <span class='ocr_line' id='line_1_65' title="bbox 1746 2513 3331 2586; baseline -0.007 -8"><span class='ocrx_word' id='word_1_485' title='bbox 1746 2524 1939 2578; x_wconf 86' lang='lat' dir='ltr'><strong>stricta</strong></span> <span class='ocrx_word' id='word_1_486' title='bbox 1978 2521 2246 2582; x_wconf 86' lang='lat' dir='ltr'><strong>invicem,</strong></span> <span class='ocrx_word' id='word_1_487' title='bbox 2280 2533 2443 2586; x_wconf 84' lang='lat' dir='ltr'><strong>quam</strong></span> <span class='ocrx_word' id='word_1_488' title='bbox 2487 2516 2802 2572; x_wconf 79' lang='lat' dir='ltr'><strong>ﬁrmissime</strong></span> <span class='ocrx_word' id='word_1_489' title='bbox 2831 2524 3041 2586; x_wconf 87' lang='lat' dir='ltr'><strong>posset,</strong></span> <span class='ocrx_word' id='word_1_490' title='bbox 3095 2513 3198 2570; x_wconf 85' lang='lat' dir='ltr'><strong>tidc</strong></span> <span class='ocrx_word' id='word_1_491' title='bbox 3239 2529 3331 2572; x_wconf 78' lang='lat' dir='ltr'><strong>so-</strong></span> 
     </span>
    </p>
   </div>
   <div class='ocr_carea' id='block_1_66' title="bbox 1745 2605 3332 2678">
    <p class='ocr_par' dir='ltr' id='par_1_66' title="bbox 1745 2605 3332 2678">
     <span class='ocr_line' id='line_1_66' title="bbox 1745 2605 3332 2678; baseline -0.006 -10"><span class='ocrx_word' id='word_1_492' title='bbox 1745 2615 1954 2669; x_wconf 78' lang='lat' dir='ltr'><strong>ciarum</strong></span> <span class='ocrx_word' id='word_1_493' title='bbox 2009 2612 2398 2668; x_wconf 85' lang='lat' dir='ltr'><strong>communione</strong></span> <span class='ocrx_word' id='word_1_494' title='bbox 2465 2609 2734 2664; x_wconf 80' lang='lat' dir='ltr'><strong>facinoris</strong></span> <span class='ocrx_word' id='word_1_495' title='bbox 2793 2607 3113 2678; x_wconf 85' lang='lat' dir='ltr'><strong>ejusmodi,</strong></span> 
     </span>
    </p>
   </div>
   <div class='ocr_carea' id='block_1_67' title="bbox 1745 2698 3329 2780">
    <p class='ocr_par' dir='ltr' id='par_1_67' title="bbox 1745 2698 3329 2780">
     <span class='ocr_line' id='line_1_67' title="bbox 1745 2698 3329 2780; baseline -0.008 -17"><span class='ocrx_word' id='word_1_496' title='bbox 1745 2710 1887 2780; x_wconf 87' lang='lat' dir='ltr'><strong>quod</strong></span> <span class='ocrx_word' id='word_1_497' title='bbox 1908 2723 2122 2763; x_wconf 87' lang='lat' dir='ltr'><strong>omnem</strong></span> <span class='ocrx_word' id='word_1_498' title='bbox 2152 2722 2275 2761; x_wconf 89' lang='lat' dir='ltr'><strong>cum</strong></span> <span class='ocrx_word' id='word_1_499' title='bbox 2308 2718 2505 2774; x_wconf 82' lang='lat' dir='ltr'><strong>magno</strong></span> <span class='ocrx_word' id='word_1_500' title='bbox 2527 2704 2666 2757; x_wconf 90' lang='lat' dir='ltr'><strong>duce</strong></span> <span class='ocrx_word' id='word_1_501' title='bbox 2697 2698 3165 2780; x_wconf 76' lang='lat' dir='ltr'><strong>reconciliationis</strong></span> <span class='ocrx_word' id='word_1_502' title='bbox 3187 2698 3329 2751; x_wconf 88' lang='lat' dir='ltr'><strong>viam</strong></span> 
     </span>
    </p>
   </div>
   <div class='ocr_carea' id='block_1_68' title="bbox 1745 2788 3316 2871">
    <p class='ocr_par' dir='ltr' id='par_1_68' title="bbox 1745 2788 3316 2871">
     <span class='ocr_line' id='line_1_68' title="bbox 1745 2788 3316 2871; baseline -0.01 -15"><span class='ocrx_word' id='word_1_503' title='bbox 1745 2803 2118 2871; x_wconf 88' lang='lat' dir='ltr'><strong>abrumperet.</strong></span> <span class='ocrx_word' id='word_1_504' title='bbox 2169 2799 2292 2853; x_wconf 84' lang='lat' dir='ltr'><strong>Fuit</strong></span> <span class='ocrx_word' id='word_1_505' title='bbox 2340 2797 2392 2852; x_wconf 94' lang='lat' dir='ltr'><strong>id</strong></span> <span class='ocrx_word' id='word_1_506' title='bbox 2441 2795 2657 2851; x_wconf 88' lang='lat' dir='ltr'><strong>hostilis</strong></span> <span class='ocrx_word' id='word_1_507' title='bbox 2693 2794 2970 2865; x_wconf 84' lang='lat' dir='ltr'><strong>grassatio</strong></span> <span class='ocrx_word' id='word_1_508' title='bbox 3025 2793 3076 2844; x_wconf 91' lang='lat' dir='ltr'><strong>in</strong></span> <span class='ocrx_word' id='word_1_509' title='bbox 3127 2788 3316 2847; x_wconf 86' lang='lat' dir='ltr'><strong>Italos.</strong></span> 
     </span>
    </p>
   </div>
   <div class='ocr_carea' id='block_1_69' title="bbox 1747 2881 3327 2965">
    <p class='ocr_par' dir='ltr' id='par_1_69' title="bbox 1747 2881 3327 2965">
     <span class='ocr_line' id='line_1_69' title="bbox 1747 2881 3327 2965; baseline -0.008 -18"><span class='ocrx_word' id='word_1_510' title='bbox 1747 2902 2016 2965; x_wconf 79' lang='lat' dir='ltr'><strong>quotquot</strong></span> <span class='ocrx_word' id='word_1_511' title='bbox 2039 2901 2172 2948; x_wconf 90' lang='lat' dir='ltr'><strong>sunt</strong></span> <span class='ocrx_word' id='word_1_512' title='bbox 2201 2892 2343 2945; x_wconf 89' lang='lat' dir='ltr'><strong>intra</strong></span> <span class='ocrx_word' id='word_1_513' title='bbox 2365 2889 2556 2944; x_wconf 88' lang='lat' dir='ltr'><strong>urbem</strong></span> <span class='ocrx_word' id='word_1_514' title='bbox 2590 2885 2924 2956; x_wconf 75' lang='lat' dir='ltr'><strong>Magnesiam</strong></span> <span class='ocrx_word' id='word_1_515' title='bbox 2947 2893 3078 2938; x_wconf 85' lang='lat' dir='ltr'><strong>tunc</strong></span> <span class='ocrx_word' id='word_1_516' title='bbox 3100 2881 3327 2953; x_wconf 84' lang='lat' dir='ltr'><strong>reperti;</strong></span> 
     </span>
    </p>
   </div>
   <div class='ocr_carea' id='block_1_70' title="bbox 1747 2975 3328 3058">
    <p class='ocr_par' dir='ltr' id='par_1_70' title="bbox 1747 2975 3328 3058">
     <span class='ocr_line' id='line_1_70' title="bbox 1747 2975 3328 3058; baseline -0.006 -18"><span class='ocrx_word' id='word_1_517' title='bbox 1747 3003 1983 3058; x_wconf 84' lang='lat' dir='ltr'><strong>quorum</strong></span> <span class='ocrx_word' id='word_1_518' title='bbox 2023 3002 2150 3056; x_wconf 90' lang='lat' dir='ltr'><strong>pars</strong></span> <span class='ocrx_word' id='word_1_519' title='bbox 2206 2983 2386 3054; x_wconf 83' lang='lat' dir='ltr'><strong>gladio</strong></span> <span class='ocrx_word' id='word_1_520' title='bbox 2440 2981 2565 3037; x_wconf 83' lang='lat' dir='ltr'><strong>ca:si</strong></span> <span class='ocrx_word' id='word_1_521' title='bbox 2590 3021 2604 3046; x_wconf 93' lang='lat'><strong>,</strong></span> <span class='ocrx_word' id='word_1_522' title='bbox 2638 2995 2767 3050; x_wconf 88' lang='lat' dir='ltr'><strong>pars</strong></span> <span class='ocrx_word' id='word_1_523' title='bbox 2803 2994 3012 3034; x_wconf 69' lang='lat' dir='ltr'><strong>st-cttrze</strong></span> <span class='ocrx_word' id='word_1_524' title='bbox 3043 2975 3328 3032; x_wconf 77' lang='lat' dir='ltr'><strong>commissi</strong></span> 
     </span>
    </p>
   </div>
   <div class='ocr_carea' id='block_1_71' title="bbox 1749 3075 3332 3148">
    <p class='ocr_par' dir='ltr' id='par_1_71' title="bbox 1749 3075 3332 3148">
     <span class='ocr_line' id='line_1_71' title="bbox 1749 3075 3332 3148; baseline -0.006 -15"><span class='ocrx_word' id='word_1_525' title='bbox 1749 3080 2019 3136; x_wconf 68' lang='lat' dir='ltr'><strong>custodite</strong></span> <span class='ocrx_word' id='word_1_526' title='bbox 2047 3087 2200 3134; x_wconf 91' lang='lat' dir='ltr'><strong>sunt.</strong></span> <span class='ocrx_word' id='word_1_527' title='bbox 2235 3077 2354 3148; x_wconf 81' lang='lat' dir='ltr'><strong>Egit</strong></span> <span class='ocrx_word' id='word_1_528' title='bbox 2384 3089 2652 3148; x_wconf 75' lang='lat' dir='ltr'><strong>praeterea</strong></span> <span class='ocrx_word' id='word_1_529' title='bbox 2687 3084 2742 3127; x_wconf 89' lang='lat' dir='ltr'><strong>ut</strong></span> <span class='ocrx_word' id='word_1_530' title='bbox 2780 3075 2996 3129; x_wconf 90' lang='lat' dir='ltr'><strong>cunctis</strong></span> <span class='ocrx_word' id='word_1_531' title='bbox 3029 3081 3172 3127; x_wconf 87' lang='lat' dir='ltr'><strong>esset</strong></span> <span class='ocrx_word' id='word_1_532' title='bbox 3204 3087 3332 3136; x_wconf 83' lang='lat' dir='ltr'><strong>per-</strong></span> 
     </span>
    </p>
   </div>
   <div class='ocr_carea' id='block_1_72' title="bbox 1751 3167 3330 3240">
    <p class='ocr_par' dir='ltr' id='par_1_72' title="bbox 1751 3167 3330 3240">
     <span class='ocr_line' id='line_1_72' title="bbox 1751 3167 3330 3240; baseline -0.007 -13"><span class='ocrx_word' id='word_1_533' title='bbox 1751 3174 2143 3229; x_wconf 80' lang='lat' dir='ltr'><strong>suasissimum</strong></span> <span class='ocrx_word' id='word_1_534' title='bbox 2204 3187 2367 3226; x_wconf 87' lang='lat' dir='ltr'><strong>unam</strong></span> <span class='ocrx_word' id='word_1_535' title='bbox 2411 3171 2546 3240; x_wconf 90' lang='lat' dir='ltr'><strong>ipsis</strong></span> <span class='ocrx_word' id='word_1_536' title='bbox 2573 3169 2732 3223; x_wconf 83' lang='lat' dir='ltr'><strong>sitam</strong></span> <span class='ocrx_word' id='word_1_537' title='bbox 2771 3183 2894 3223; x_wconf 88' lang='lat' dir='ltr'><strong>esse</strong></span> <span class='ocrx_word' id='word_1_538' title='bbox 2939 3167 3134 3220; x_wconf 87' lang='lat' dir='ltr'><strong>salutis</strong></span> <span class='ocrx_word' id='word_1_539' title='bbox 3178 3177 3330 3234; x_wconf 90' lang='lat' dir='ltr'><strong>spem</strong></span> 
     </span>
    </p>
   </div>
   <div class='ocr_carea' id='block_1_73' title="bbox 1750 3260 3332 3334">
    <p class='ocr_par' dir='ltr' id='par_1_73' title="bbox 1750 3260 3332 3334">
     <span class='ocr_line' id='line_1_73' title="bbox 1750 3260 3332 3334; baseline -0.008 -12"><span class='ocrx_word' id='word_1_540' title='bbox 1750 3269 1805 3322; x_wconf 93' lang='lat' dir='ltr'><strong>in</strong></span> <span class='ocrx_word' id='word_1_541' title='bbox 1839 3268 2015 3322; x_wconf 91' lang='lat' dir='ltr'><strong>salute</strong></span> <span class='ocrx_word' id='word_1_542' title='bbox 2049 3283 2158 3320; x_wconf 92' lang='lat' dir='ltr'><strong>non</strong></span> <span class='ocrx_word' id='word_1_543' title='bbox 2193 3264 2416 3320; x_wconf 89' lang='lat' dir='ltr'><strong>aliunde</strong></span> <span class='ocrx_word' id='word_1_544' title='bbox 2445 3262 2717 3334; x_wconf 88' lang='lat' dir='ltr'><strong>speranda</strong></span> <span class='ocrx_word' id='word_1_545' title='bbox 2751 3277 2914 3331; x_wconf 85' lang='lat' dir='ltr'><strong>quam</strong></span> <span class='ocrx_word' id='word_1_546' title='bbox 2943 3261 3012 3316; x_wconf 88' lang='lat' dir='ltr'><strong>ab</strong></span> <span class='ocrx_word' id='word_1_547' title='bbox 3043 3260 3244 3313; x_wconf 82' lang='lat' dir='ltr'><strong>invicta</strong></span> <span class='ocrx_word' id='word_1_548' title='bbox 3276 3265 3332 3311; x_wconf 85' lang='lat' dir='ltr'><strong>et</strong></span> 
     </span>
    </p>
   </div>
   <div class='ocr_carea' id='block_1_74' title="bbox 1749 3351 3332 3419">
    <p class='ocr_par' dir='ltr' id='par_1_74' title="bbox 1749 3351 3332 3419">
     <span class='ocr_line' id='line_1_74' title="bbox 1749 3351 3332 3419; baseline -0.006 -4"><span class='ocrx_word' id='word_1_549' title='bbox 1749 3360 1977 3415; x_wconf 88' lang='lat' dir='ltr'><strong>omnino</strong></span> <span class='ocrx_word' id='word_1_550' title='bbox 2010 3359 2363 3415; x_wconf 83' lang='lat' dir='ltr'><strong>irrevocabili</strong></span> <span class='ocrx_word' id='word_1_551' title='bbox 2409 3357 2704 3413; x_wconf 80' lang='lat' dir='ltr'><strong>resistendi</strong></span> <span class='ocrx_word' id='word_1_552' title='bbox 2749 3353 3059 3410; x_wconf 89' lang='lat' dir='ltr'><strong>constantia</strong></span> <span class='ocrx_word' id='word_1_553' title='bbox 3085 3393 3100 3419; x_wconf 94' lang='lat'><strong>,</strong></span> <span class='ocrx_word' id='word_1_554' title='bbox 3135 3351 3332 3406; x_wconf 86' lang='lat' dir='ltr'><strong>certis-</strong></span> 
     </span>
    </p>
   </div>
   <div class='ocr_carea' id='block_1_75' title="bbox 1747 3445 3335 3517">
    <p class='ocr_par' dir='ltr' id='par_1_75' title="bbox 1747 3445 3335 3517">
     <span class='ocr_line' id='line_1_75' title="bbox 1747 3445 3335 3517; baseline -0.006 -11"><span class='ocrx_word' id='word_1_555' title='bbox 1747 3452 1887 3506; x_wconf 87' lang='lat' dir='ltr'><strong>sime</strong></span> <span class='ocrx_word' id='word_1_556' title='bbox 1915 3451 2220 3517; x_wconf 88' lang='lat' dir='ltr'><strong>morituris,</strong></span> <span class='ocrx_word' id='word_1_557' title='bbox 2264 3450 2310 3504; x_wconf 87' lang='lat' dir='ltr'><strong>si</strong></span> <span class='ocrx_word' id='word_1_558' title='bbox 2357 3450 2622 3505; x_wconf 86' lang='lat' dir='ltr'><strong>cederent</strong></span> <span class='ocrx_word' id='word_1_559' title='bbox 2658 3455 2712 3501; x_wconf 88' lang='lat' dir='ltr'><strong>et</strong></span> <span class='ocrx_word' id='word_1_560' title='bbox 2749 3461 3080 3517; x_wconf 83' lang='lat' dir='ltr'><strong>quacunque</strong></span> <span class='ocrx_word' id='word_1_561' title='bbox 3121 3445 3335 3498; x_wconf 88' lang='lat' dir='ltr'><strong>ratione</strong></span> 
     </span>
    </p>
   </div>
   <div class='ocr_carea' id='block_1_76' title="bbox 1754 3530 3337 3614">
    <p class='ocr_par' dir='ltr' id='par_1_76' title="bbox 1754 3530 3337 3614">
     <span class='ocr_line' id='line_1_76' title="bbox 1754 3530 3337 3614; baseline -0.004 -17"><span class='ocrx_word' id='word_1_562' title='bbox 1754 3543 1854 3597; x_wconf 84' lang='lat' dir='ltr'><strong>sub</strong></span> <span class='ocrx_word' id='word_1_563' title='bbox 1897 3542 2076 3613; x_wconf 80' lang='lat' dir='ltr'><strong>magni</strong></span> <span class='ocrx_word' id='word_1_564' title='bbox 2117 3542 2276 3598; x_wconf 89' lang='lat' dir='ltr'><strong>ducis</strong></span> <span class='ocrx_word' id='word_1_565' title='bbox 2322 3551 2656 3614; x_wconf 87' lang='lat' dir='ltr'><strong>potestatem</strong></span> <span class='ocrx_word' id='word_1_566' title='bbox 2721 3556 2785 3596; x_wconf 85' lang='lat' dir='ltr'><strong>ac</strong></span> <span class='ocrx_word' id='word_1_567' title='bbox 2852 3553 3054 3593; x_wconf 89' lang='lat' dir='ltr'><strong>manus</strong></span> <span class='ocrx_word' id='word_1_568' title='bbox 3115 3530 3337 3606; x_wconf 54' lang='lat' dir='ltr'><strong>redige?</strong></span> 
     </span>
    </p>
   </div>
   <div class='ocr_carea' id='block_1_77' title="bbox 1752 3629 3334 3705">
    <p class='ocr_par' dir='ltr' id='par_1_77' title="bbox 1752 3629 3334 3705">
     <span class='ocr_line' id='line_1_77' title="bbox 1752 3629 3334 3705; baseline -0.004 -15"><span class='ocrx_word' id='word_1_569' title='bbox 1752 3644 1963 3691; x_wconf 88' lang='lat' dir='ltr'><strong>rentur.</strong></span> <span class='ocrx_word' id='word_1_570' title='bbox 1997 3635 2092 3689; x_wconf 90' lang='lat' dir='ltr'><strong>Sic</strong></span> <span class='ocrx_word' id='word_1_571' title='bbox 2121 3635 2344 3705; x_wconf 90' lang='lat' dir='ltr'><strong>parati,</strong></span> <span class='ocrx_word' id='word_1_572' title='bbox 2396 3644 2572 3704; x_wconf 71' lang='lat' dir='ltr'><strong>port&#39;s</strong></span> <span class='ocrx_word' id='word_1_573' title='bbox 2618 3633 2773 3688; x_wconf 84' lang='lat' dir='ltr'><strong>urbis</strong></span> <span class='ocrx_word' id='word_1_574' title='bbox 2818 3639 2938 3686; x_wconf 91' lang='lat' dir='ltr'><strong>tuta</strong></span> <span class='ocrx_word' id='word_1_575' title='bbox 2991 3629 3238 3686; x_wconf 90' lang='lat' dir='ltr'><strong>custodia</strong></span> <span class='ocrx_word' id='word_1_576' title='bbox 3279 3639 3334 3684; x_wconf 88' lang='lat' dir='ltr'><strong>et</strong></span> 
     </span>
    </p>
   </div>
   <div class='ocr_carea' id='block_1_78' title="bbox 1751 3722 3333 3796">
    <p class='ocr_par' dir='ltr' id='par_1_78' title="bbox 1751 3722 3333 3796">
     <span class='ocr_line' id='line_1_78' title="bbox 1751 3722 3333 3796; baseline -0.003 -15"><span class='ocrx_word' id='word_1_577' title='bbox 1751 3729 2060 3782; x_wconf 89' lang='lat' dir='ltr'><strong>munitione</strong></span> <span class='ocrx_word' id='word_1_578' title='bbox 2087 3727 2279 3796; x_wconf 87' lang='lat' dir='ltr'><strong>septis,</strong></span> <span class='ocrx_word' id='word_1_579' title='bbox 2315 3727 2436 3782; x_wconf 86' lang='lat' dir='ltr'><strong>sine</strong></span> <span class='ocrx_word' id='word_1_580' title='bbox 2476 3727 2586 3780; x_wconf 88' lang='lat' dir='ltr'><strong>ulla</strong></span> <span class='ocrx_word' id='word_1_581' title='bbox 2609 3726 2722 3794; x_wconf 88' lang='lat' dir='ltr'><strong>jam</strong></span> <span class='ocrx_word' id='word_1_582' title='bbox 2757 3722 3202 3779; x_wconf 85' lang='lat' dir='ltr'><strong>dissimulatione</strong></span> <span class='ocrx_word' id='word_1_583' title='bbox 3233 3737 3333 3792; x_wconf 77' lang='lat' dir='ltr'><strong>pa-</strong></span> 
     </span>
    </p>
   </div>
   <div class='ocr_carea' id='block_1_79' title="bbox 1747 3813 3330 3886">
    <p class='ocr_par' dir='ltr' id='par_1_79' title="bbox 1747 3813 3330 3886">
     <span class='ocr_line' id='line_1_79' title="bbox 1747 3813 3330 3886; baseline -0.004 -14"><span class='ocrx_word' id='word_1_584' title='bbox 1747 3820 1852 3872; x_wconf 90' lang='lat' dir='ltr'><strong>lam</strong></span> <span class='ocrx_word' id='word_1_585' title='bbox 1881 3819 2166 3874; x_wconf 87' lang='lat' dir='ltr'><strong>declarant</strong></span> <span class='ocrx_word' id='word_1_586' title='bbox 2197 3834 2256 3874; x_wconf 90' lang='lat' dir='ltr'><strong>se</strong></span> <span class='ocrx_word' id='word_1_587' title='bbox 2283 3833 2380 3886; x_wconf 91' lang='lat' dir='ltr'><strong>pro</strong></span> <span class='ocrx_word' id='word_1_588' title='bbox 2410 3819 2564 3872; x_wconf 83' lang='lat' dir='ltr'><strong>hoste</strong></span> <span class='ocrx_word' id='word_1_589' title='bbox 2596 3817 2797 3872; x_wconf 84' lang='lat' dir='ltr'><strong>habere</strong></span> <span class='ocrx_word' id='word_1_590' title='bbox 2827 3829 3081 3884; x_wconf 86' lang='lat' dir='ltr'><strong>magnum</strong></span> <span class='ocrx_word' id='word_1_591' title='bbox 3109 3813 3330 3867; x_wconf 89' lang='lat' dir='ltr'><strong>ducem.</strong></span> 
     </span>
    </p>
   </div>
   <div class='ocr_carea' id='block_1_80' title="bbox 1750 3903 3330 3979">
    <p class='ocr_par' dir='ltr' id='par_1_80' title="bbox 1750 3903 3330 3979">
     <span class='ocr_line' id='line_1_80' title="bbox 1750 3903 3330 3979; baseline -0.005 -15"><span class='ocrx_word' id='word_1_592' title='bbox 1750 3910 1850 3965; x_wconf 88' lang='lat' dir='ltr'><strong>Hic</strong></span> <span class='ocrx_word' id='word_1_593' title='bbox 1887 3910 2051 3964; x_wconf 88' lang='lat' dir='ltr'><strong>simul</strong></span> <span class='ocrx_word' id='word_1_594' title='bbox 2090 3909 2211 3979; x_wconf 86' lang='lat' dir='ltr'><strong>ejus</strong></span> <span class='ocrx_word' id='word_1_595' title='bbox 2253 3909 2389 3962; x_wconf 89' lang='lat' dir='ltr'><strong>tanti</strong></span> <span class='ocrx_word' id='word_1_596' title='bbox 2433 3910 2514 3962; x_wconf 88' lang='lat' dir='ltr'><strong>sui</strong></span> <span class='ocrx_word' id='word_1_597' title='bbox 2571 3915 2946 3976; x_wconf 89' lang='lat' dir='ltr'><strong>contemptus,</strong></span> <span class='ocrx_word' id='word_1_598' title='bbox 2997 3903 3140 3958; x_wconf 89' lang='lat' dir='ltr'><strong>fama</strong></span> <span class='ocrx_word' id='word_1_599' title='bbox 3201 3903 3330 3959; x_wconf 86' lang='lat' dir='ltr'><strong>faeti</strong></span> 
     </span>
    </p>
   </div>
   <div class='ocr_carea' id='block_1_81' title="bbox 1746 3997 3332 4068">
    <p class='ocr_par' dir='ltr' id='par_1_81' title="bbox 1746 3997 3332 4068">
     <span class='ocr_line' id='line_1_81' title="bbox 1746 3997 3332 4068; baseline -0.004 -11"><span class='ocrx_word' id='word_1_600' title='bbox 1746 4003 1858 4057; x_wconf 86' lang='lat' dir='ltr'><strong>late</strong></span> <span class='ocrx_word' id='word_1_601' title='bbox 1886 4002 2081 4068; x_wconf 90' lang='lat' dir='ltr'><strong>didita,</strong></span> <span class='ocrx_word' id='word_1_602' title='bbox 2115 4016 2233 4054; x_wconf 92' lang='lat' dir='ltr'><strong>eam</strong></span> <span class='ocrx_word' id='word_1_603' title='bbox 2273 4000 2520 4054; x_wconf 87' lang='lat' dir='ltr'><strong>notitiam</strong></span> <span class='ocrx_word' id='word_1_604' title='bbox 2567 3999 2778 4068; x_wconf 90' lang='lat' dir='ltr'><strong>accepit</strong></span> <span class='ocrx_word' id='word_1_605' title='bbox 2820 4013 2985 4063; x_wconf 88' lang='lat' dir='ltr'><strong>quam</strong></span> <span class='ocrx_word' id='word_1_606' title='bbox 3013 3997 3162 4052; x_wconf 88' lang='lat' dir='ltr'><strong>nulla</strong></span> <span class='ocrx_word' id='word_1_607' title='bbox 3207 4013 3332 4067; x_wconf 81' lang='lat' dir='ltr'><strong>pos-</strong></span> 
     </span>
    </p>
   </div>
   <div class='ocr_carea' id='block_1_82' title="bbox 1747 4089 3331 4162">
    <p class='ocr_par' dir='ltr' id='par_1_82' title="bbox 1747 4089 3331 4162">
     <span class='ocr_line' id='line_1_82' title="bbox 1747 4089 3331 4162; baseline -0.007 -10"><span class='ocrx_word' id='word_1_608' title='bbox 1747 4105 1833 4152; x_wconf 89' lang='lat' dir='ltr'><strong>set</strong></span> <span class='ocrx_word' id='word_1_609' title='bbox 1866 4093 2310 4150; x_wconf 86' lang='lat' dir='ltr'><strong>dissimulatione</strong></span> <span class='ocrx_word' id='word_1_610' title='bbox 2339 4100 2546 4162; x_wconf 85' lang='lat' dir='ltr'><strong>tegere,</strong></span> <span class='ocrx_word' id='word_1_611' title='bbox 2583 4091 2767 4145; x_wconf 88' lang='lat' dir='ltr'><strong>statim</strong></span> <span class='ocrx_word' id='word_1_612' title='bbox 2813 4090 3017 4145; x_wconf 85' lang='lat' dir='ltr'><strong>exarsit</strong></span> <span class='ocrx_word' id='word_1_613' title='bbox 3067 4090 3118 4141; x_wconf 92' lang='lat' dir='ltr'><strong>in</strong></span> <span class='ocrx_word' id='word_1_614' title='bbox 3158 4089 3331 4142; x_wconf 83' lang='lat' dir='ltr'><strong>nihilo</strong></span> 
     </span>
    </p>
   </div>
   <div class='ocr_carea' id='block_1_83' title="bbox 1752 4179 3332 4256">
    <p class='ocr_par' dir='ltr' id='par_1_83' title="bbox 1752 4179 3332 4256">
     <span class='ocr_line' id='line_1_83' title="bbox 1752 4179 3332 4256; baseline -0.007 -12"><span class='ocrx_word' id='word_1_615' title='bbox 1752 4190 2026 4244; x_wconf 89' lang='lat' dir='ltr'><strong>mitiorem</strong></span> <span class='ocrx_word' id='word_1_616' title='bbox 2060 4186 2196 4239; x_wconf 90' lang='lat' dir='ltr'><strong>iram</strong></span> <span class='ocrx_word' id='word_1_617' title='bbox 2241 4200 2405 4256; x_wconf 88' lang='lat' dir='ltr'><strong>quam</strong></span> <span class='ocrx_word' id='word_1_618' title='bbox 2438 4184 2590 4254; x_wconf 87' lang='lat' dir='ltr'><strong>quali</strong></span> <span class='ocrx_word' id='word_1_619' title='bbox 2634 4193 2752 4239; x_wconf 88' lang='lat' dir='ltr'><strong>erat</strong></span> <span class='ocrx_word' id='word_1_620' title='bbox 2781 4183 3082 4238; x_wconf 88' lang='lat' dir='ltr'><strong>verisimile</strong></span> <span class='ocrx_word' id='word_1_621' title='bbox 3116 4179 3332 4234; x_wconf 87' lang='lat' dir='ltr'><strong>inflam-</strong></span> 
     </span>
    </p>
   </div>
   <div class='ocr_carea' id='block_1_84' title="bbox 1751 4275 3333 4344">
    <p class='ocr_par' dir='ltr' id='par_1_84' title="bbox 1751 4275 3333 4344">
     <span class='ocr_line' id='line_1_84' title="bbox 1751 4275 3333 4344; baseline -0.006 -11"><span class='ocrx_word' id='word_1_622' title='bbox 1751 4279 2010 4334; x_wconf 89' lang='lat' dir='ltr'><strong>mandutn</strong></span> <span class='ocrx_word' id='word_1_623' title='bbox 2045 4278 2321 4334; x_wconf 88' lang='lat' dir='ltr'><strong>hominem</strong></span> <span class='ocrx_word' id='word_1_624' title='bbox 2346 4275 2565 4339; x_wconf 86' lang='lat' dir='ltr'><strong>Italum,</strong></span> <span class='ocrx_word' id='word_1_625' title='bbox 2599 4275 2967 4344; x_wconf 79' lang='lat' dir='ltr'><strong>eutndentque</strong></span> <span class='ocrx_word' id='word_1_626' title='bbox 2991 4288 3155 4343; x_wconf 86' lang='lat' dir='ltr'><strong>supra</strong></span> <span class='ocrx_word' id='word_1_627' title='bbox 3183 4287 3333 4327; x_wconf 86' lang='lat' dir='ltr'><strong>cont-</strong></span> 
     </span>
    </p>
   </div>
   <div class='ocr_carea' id='block_1_85' title="bbox 1751 4351 3324 4438">
    <p class='ocr_par' dir='ltr' id='par_1_85' title="bbox 1751 4351 3324 4438">
     <span class='ocr_line' id='line_1_85' title="bbox 1751 4351 3324 4438; baseline -0.008 -12"><span class='ocrx_word' id='word_1_628' title='bbox 1751 4385 1971 4426; x_wconf 89' lang='lat' dir='ltr'><strong>munem</strong></span> <span class='ocrx_word' id='word_1_629' title='bbox 1999 4351 2176 4438; x_wconf 75' lang='lat' dir='ltr'><strong>gentis</strong></span> <span class='ocrx_word' id='word_1_630' title='bbox 2213 4367 2434 4422; x_wconf 87' lang='lat' dir='ltr'><strong>modum</strong></span> <span class='ocrx_word' id='word_1_631' title='bbox 2474 4366 2751 4422; x_wconf 81' lang='lat' dir='ltr'><strong>crudelem</strong></span> <span class='ocrx_word' id='word_1_632' title='bbox 2781 4377 2946 4435; x_wconf 89' lang='lat' dir='ltr'><strong>atque</strong></span> <span class='ocrx_word' id='word_1_633' title='bbox 2971 4363 3324 4434; x_wconf 66' lang='lat' dir='ltr'><strong>praecipitem.</strong></span> 
     </span>
    </p>
   </div>
   <div class='ocr_carea' id='block_1_86' title="bbox 1752 4459 3326 4532">
    <p class='ocr_par' dir='ltr' id='par_1_86' title="bbox 1752 4459 3326 4532">
     <span class='ocr_line' id='line_1_86' title="bbox 1752 4459 3326 4532; baseline -0.007 -16"><span class='ocrx_word' id='word_1_634' title='bbox 1752 4462 1916 4532; x_wconf 76' lang='lat' dir='ltr'><strong>Rapit</strong></span> <span class='ocrx_word' id='word_1_635' title='bbox 1939 4476 2070 4530; x_wconf 82' lang='lat' dir='ltr'><strong>ergo</strong></span> <span class='ocrx_word' id='word_1_636' title='bbox 2097 4461 2219 4515; x_wconf 90' lang='lat' dir='ltr'><strong>sine</strong></span> <span class='ocrx_word' id='word_1_637' title='bbox 2252 4474 2426 4523; x_wconf 89' lang='lat' dir='ltr'><strong>mora,</strong></span> <span class='ocrx_word' id='word_1_638' title='bbox 2461 4461 2676 4514; x_wconf 80' lang='lat' dir='ltr'><strong>cunctis</strong></span> <span class='ocrx_word' id='word_1_639' title='bbox 2706 4459 2951 4519; x_wconf 85' lang='lat' dir='ltr'><strong>omissis,</strong></span> <span class='ocrx_word' id='word_1_640' title='bbox 2988 4471 3119 4512; x_wconf 88' lang='lat' dir='ltr'><strong>suas</strong></span> <span class='ocrx_word' id='word_1_641' title='bbox 3139 4470 3326 4510; x_wconf 83' lang='lat' dir='ltr'><strong>secum</strong></span> 
     </span>
    </p>
   </div>
   <div class='ocr_carea' id='block_1_87' title="bbox 118 4548 3326 4635">
    <p class='ocr_par' dir='ltr' id='par_1_87' title="bbox 118 4548 3326 4635">
     <span class='ocr_line' id='line_1_87' title="bbox 118 4548 3326 4635; baseline 0 -34"><span class='ocrx_word' id='word_1_642' title='bbox 118 4551 282 4617; x_wconf 88' lang='lat' dir='ltr'><strong>primus</strong></span> <span class='ocrx_word' id='word_1_643' title='bbox 309 4554 618 4609; x_wconf 86' lang='lat' dir='ltr'><strong>rebellionis</strong></span> <span class='ocrx_word' id='word_1_644' title='bbox 652 4553 864 4608; x_wconf 87' lang='lat' dir='ltr'><strong>fructus</strong></span> <span class='ocrx_word' id='word_1_645' title='bbox 895 4567 1148 4625; x_wconf 86' lang='lat' dir='ltr'><strong>magnam</strong></span> <span class='ocrx_word' id='word_1_646' title='bbox 1187 4554 1390 4622; x_wconf 86' lang='lat' dir='ltr'><strong>adjecit</strong></span> <span class='ocrx_word' id='word_1_647' title='bbox 1424 4563 1638 4609; x_wconf 87' lang='lat' dir='ltr'><strong>tantum</strong></span> <span class='ocrx_word' id='word_1_648' title='bbox 1679 4581 1722 4635; x_wconf 74' lang='grc' dir='ltr'>ο</span> <span class='ocrx_word' id='word_1_649' title='bbox 1751 4556 2038 4608; x_wconf 82' lang='lat' dir='ltr'><strong>universas</strong></span> <span class='ocrx_word' id='word_1_650' title='bbox 2077 4552 2288 4620; x_wconf 83' lang='lat' dir='ltr'><strong>capias,</strong></span> <span class='ocrx_word' id='word_1_651' title='bbox 2323 4550 2771 4621; x_wconf 81' lang='lat' dir='ltr'><strong>Magnesinmque</strong></span> <span class='ocrx_word' id='word_1_652' title='bbox 2799 4550 3039 4604; x_wconf 85' lang='lat' dir='ltr'><strong>advolat.</strong></span> <span class='ocrx_word' id='word_1_653' title='bbox 3069 4549 3238 4602; x_wconf 86' lang='lat' dir='ltr'><strong>Erant</strong></span> <span class='ocrx_word' id='word_1_654' title='bbox 3273 4548 3326 4602; x_wconf 90' lang='lat' dir='ltr'><strong>in</strong></span> 
     </span>
    </p>
   </div>
   <div class='ocr_carea' id='block_1_88' title="bbox 118 4644 1646 4715">
    <p class='ocr_par' dir='ltr' id='par_1_88' title="bbox 118 4644 1646 4715">
     <span class='ocr_line' id='line_1_88' title="bbox 118 4644 1646 4715; baseline 0.005 -23"><span class='ocrx_word' id='word_1_655' title='bbox 118 4646 233 4697; x_wconf 79' lang='lat' dir='ltr'><strong>ausis</strong></span> <span class='ocrx_word' id='word_1_656' title='bbox 263 4644 570 4700; x_wconf 74' lang='lat' dir='ltr'><strong>facultatem</strong></span> <span class='ocrx_word' id='word_1_657' title='bbox 603 4644 913 4700; x_wconf 76' lang='lat' dir='ltr'><strong>sustinendi</strong></span> <span class='ocrx_word' id='word_1_658' title='bbox 945 4645 1088 4700; x_wconf 88' lang='lat' dir='ltr'><strong>feros</strong></span> <span class='ocrx_word' id='word_1_659' title='bbox 1121 4645 1362 4715; x_wconf 90' lang='lat' dir='ltr'><strong>impetus</strong></span> <span class='ocrx_word' id='word_1_660' title='bbox 1399 4647 1450 4699; x_wconf 90' lang='lat' dir='ltr'><strong>in</strong></span> <span class='ocrx_word' id='word_1_661' title='bbox 1479 4647 1646 4700; x_wconf 86' lang='lat' dir='ltr'><strong>ultio-</strong></span> 
     </span>
    </p>
   </div>
   <div class='ocr_carea' id='block_1_89' title="bbox 117 4738 1644 4807">
    <p class='ocr_par' dir='ltr' id='par_1_89' title="bbox 117 4738 1644 4807">
     <span class='ocr_line' id='line_1_89' title="bbox 117 4738 1644 4807; baseline 0.005 -22"><span class='ocrx_word' id='word_1_662' title='bbox 117 4747 212 4788; x_wconf 82' lang='lat' dir='ltr'><strong>nem</strong></span> <span class='ocrx_word' id='word_1_663' title='bbox 234 4740 406 4793; x_wconf 84' lang='lat' dir='ltr'><strong>statim</strong></span> <span class='ocrx_word' id='word_1_664' title='bbox 450 4738 645 4792; x_wconf 87' lang='lat' dir='ltr'><strong>ruituri</strong></span> <span class='ocrx_word' id='word_1_665' title='bbox 692 4738 926 4792; x_wconf 89' lang='lat' dir='ltr'><strong>hominis</strong></span> <span class='ocrx_word' id='word_1_666' title='bbox 972 4739 1304 4807; x_wconf 89' lang='lat' dir='ltr'><strong>impotenter</strong></span> <span class='ocrx_word' id='word_1_667' title='bbox 1357 4739 1644 4802; x_wconf 81' lang='lat' dir='ltr'><strong>iracundi,</strong></span> 
     </span>
    </p>
   </div>
   <div class='ocr_carea' id='block_1_90' title="bbox 119 4829 1648 4899">
    <p class='ocr_par' dir='ltr' id='par_1_90' title="bbox 119 4829 1648 4899">
     <span class='ocr_line' id='line_1_90' title="bbox 119 4829 1648 4899; baseline 0.004 -22"><span class='ocrx_word' id='word_1_668' title='bbox 119 4837 243 4890; x_wconf 87' lang='lat' dir='ltr'><strong>quem</strong></span> <span class='ocrx_word' id='word_1_669' title='bbox 280 4836 382 4883; x_wconf 89' lang='lat' dir='ltr'><strong>tam</strong></span> <span class='ocrx_word' id='word_1_670' title='bbox 430 4829 736 4883; x_wconf 85' lang='lat' dir='ltr'><strong>luculenter</strong></span> <span class='ocrx_word' id='word_1_671' title='bbox 787 4829 1118 4884; x_wconf 85' lang='lat' dir='ltr'><strong>lrritassent.</strong></span> <span class='ocrx_word' id='word_1_672' title='bbox 1191 4831 1375 4899; x_wconf 88' lang='lat' dir='ltr'><strong>Equos</strong></span> <span class='ocrx_word' id='word_1_673' title='bbox 1408 4830 1553 4884; x_wconf 90' lang='lat' dir='ltr'><strong>enim</strong></span> <span class='ocrx_word' id='word_1_674' title='bbox 1593 4840 1648 4883; x_wconf 88' lang='lat' dir='ltr'><strong>et</strong></span> 
     </span>
    </p>
   </div>
   <div class='ocr_carea' id='block_1_91' title="bbox 121 4922 1650 4988">
    <p class='ocr_par' dir='ltr' id='par_1_91' title="bbox 121 4922 1650 4988">
     <span class='ocr_line' id='line_1_91' title="bbox 121 4922 1650 4988; baseline 0.007 -22"><span class='ocrx_word' id='word_1_675' title='bbox 121 4929 295 4984; x_wconf 68' lang='lat' dir='ltr'><strong>suntm,</strong></span> <span class='ocrx_word' id='word_1_676' title='bbox 317 4922 417 4977; x_wconf 90' lang='lat' dir='ltr'><strong>hoc</strong></span> <span class='ocrx_word' id='word_1_677' title='bbox 447 4931 532 4978; x_wconf 90' lang='lat' dir='ltr'><strong>est</strong></span> <span class='ocrx_word' id='word_1_678' title='bbox 564 4924 926 4977; x_wconf 89' lang='lat' dir='ltr'><strong>instrumenta</strong></span> <span class='ocrx_word' id='word_1_679' title='bbox 954 4930 1008 4976; x_wconf 89' lang='lat' dir='ltr'><strong>et</strong></span> <span class='ocrx_word' id='word_1_680' title='bbox 1037 4937 1237 4978; x_wconf 84' lang='lat' dir='ltr'><strong>nervos</strong></span> <span class='ocrx_word' id='word_1_681' title='bbox 1263 4923 1407 4988; x_wconf 85' lang='lat' dir='ltr'><strong>belli,</strong></span> <span class='ocrx_word' id='word_1_682' title='bbox 1435 4922 1503 4977; x_wconf 90' lang='lat' dir='ltr'><strong>ad</strong></span> <span class='ocrx_word' id='word_1_683' title='bbox 1534 4938 1650 4977; x_wconf 86' lang='lat' dir='ltr'><strong>ma-</strong></span> 
     </span>
    </p>
   </div>
   <div class='ocr_carea' id='block_1_92' title="bbox 122 5013 1646 5082">
    <p class='ocr_par' dir='ltr' id='par_1_92' title="bbox 122 5013 1646 5082">
     <span class='ocr_line' id='line_1_92' title="bbox 122 5013 1646 5082; baseline 0.003 -18"><span class='ocrx_word' id='word_1_684' title='bbox 122 5021 222 5064; x_wconf 86' lang='lat' dir='ltr'><strong>num</strong></span> <span class='ocrx_word' id='word_1_685' title='bbox 258 5013 330 5069; x_wconf 79' lang='lat' dir='ltr'><strong>sic</strong></span> <span class='ocrx_word' id='word_1_686' title='bbox 373 5015 684 5082; x_wconf 84' lang='lat' dir='ltr'><strong>habebant;</strong></span> <span class='ocrx_word' id='word_1_687' title='bbox 720 5029 818 5070; x_wconf 90' lang='lat' dir='ltr'><strong>nec</strong></span> <span class='ocrx_word' id='word_1_688' title='bbox 849 5015 1040 5069; x_wconf 89' lang='lat' dir='ltr'><strong>deerat</strong></span> <span class='ocrx_word' id='word_1_689' title='bbox 1089 5031 1352 5070; x_wconf 89' lang='lat' dir='ltr'><strong>numerus</strong></span> <span class='ocrx_word' id='word_1_690' title='bbox 1399 5016 1646 5069; x_wconf 89' lang='lat' dir='ltr'><strong>virorum</strong></span> 
     </span>
    </p>
   </div>
   <div class='ocr_carea' id='block_1_93' title="bbox 124 5097 1649 5178">
    <p class='ocr_par' dir='ltr' id='par_1_93' title="bbox 124 5097 1649 5178">
     <span class='ocr_line' id='line_1_93' title="bbox 124 5097 1649 5178; baseline 0.007 -28"><span class='ocrx_word' id='word_1_691' title='bbox 124 5097 321 5170; x_wconf 85' lang='lat' dir='ltr'><strong>fortium,</strong></span> <span class='ocrx_word' id='word_1_692' title='bbox 352 5108 446 5177; x_wconf 88' lang='lat' dir='ltr'><strong>qui</strong></span> <span class='ocrx_word' id='word_1_693' title='bbox 478 5122 509 5162; x_wconf 88' lang='lat' dir='ltr'><strong>e</strong></span> <span class='ocrx_word' id='word_1_694' title='bbox 534 5107 706 5162; x_wconf 87' lang='lat' dir='ltr'><strong>variis</strong></span> <span class='ocrx_word' id='word_1_695' title='bbox 730 5122 795 5160; x_wconf 92' lang='lat' dir='ltr'><strong>eo</strong></span> <span class='ocrx_word' id='word_1_696' title='bbox 829 5106 967 5162; x_wconf 89' lang='lat' dir='ltr'><strong>locis</strong></span> <span class='ocrx_word' id='word_1_697' title='bbox 1004 5106 1402 5177; x_wconf 76' lang='lat' dir='ltr'><strong>confugerant;</strong></span> <span class='ocrx_word' id='word_1_698' title='bbox 1438 5108 1492 5161; x_wconf 90' lang='lat' dir='ltr'><strong>in</strong></span> <span class='ocrx_word' id='word_1_699' title='bbox 1525 5109 1649 5178; x_wconf 80' lang='lat' dir='ltr'><strong>qni-</strong></span> 
     </span>
    </p>
   </div>
   <div class='ocr_carea' id='block_1_94' title="bbox 127 5189 1645 5270">
    <p class='ocr_par' dir='ltr' id='par_1_94' title="bbox 127 5189 1645 5270">
     <span class='ocr_line' id='line_1_94' title="bbox 127 5189 1645 5270; baseline 0.005 -25"><span class='ocrx_word' id='word_1_700' title='bbox 127 5189 205 5247; x_wconf 76' lang='lat' dir='ltr'><strong>bus</strong></span> <span class='ocrx_word' id='word_1_701' title='bbox 225 5206 327 5250; x_wconf 87' lang='lat' dir='ltr'><strong>erat</strong></span> <span class='ocrx_word' id='word_1_702' title='bbox 369 5201 720 5254; x_wconf 82' lang='lat' dir='ltr'><strong>Alanicarum</strong></span> <span class='ocrx_word' id='word_1_703' title='bbox 751 5199 1036 5269; x_wconf 89' lang='lat' dir='ltr'><strong>copiarum</strong></span> <span class='ocrx_word' id='word_1_704' title='bbox 1081 5213 1210 5268; x_wconf 86' lang='lat' dir='ltr'><strong>pars</strong></span> <span class='ocrx_word' id='word_1_705' title='bbox 1258 5213 1367 5254; x_wconf 90' lang='lat' dir='ltr'><strong>non</strong></span> <span class='ocrx_word' id='word_1_706' title='bbox 1426 5200 1645 5270; x_wconf 79' lang='lat' dir='ltr'><strong>exigua.</strong></span> 
     </span>
    </p>
   </div>
   <div class='ocr_carea' id='block_1_95' title="bbox 127 5285 1650 5365">
    <p class='ocr_par' dir='ltr' id='par_1_95' title="bbox 127 5285 1650 5365">
     <span class='ocr_line' id='line_1_95' title="bbox 127 5285 1650 5365; baseline 0.004 -22"><span class='ocrx_word' id='word_1_707' title='bbox 127 5285 381 5346; x_wconf 68' lang='lat' dir='ltr'><strong>Accedebat</strong></span> <span class='ocrx_word' id='word_1_708' title='bbox 407 5292 745 5347; x_wconf 87' lang='lat' dir='ltr'><strong>abundantia</strong></span> <span class='ocrx_word' id='word_1_709' title='bbox 777 5293 1038 5348; x_wconf 87' lang='lat' dir='ltr'><strong>frumenti</strong></span> <span class='ocrx_word' id='word_1_710' title='bbox 1061 5294 1235 5365; x_wconf 88' lang='lat' dir='ltr'><strong>plenis</strong></span> <span class='ocrx_word' id='word_1_711' title='bbox 1266 5295 1478 5350; x_wconf 75' lang='lat' dir='ltr'><strong>horreis</strong></span> <span class='ocrx_word' id='word_1_712' title='bbox 1512 5311 1650 5349; x_wconf 90' lang='lat' dir='ltr'><strong>eon-</strong></span> 
     </span>
    </p>
   </div>
   <div class='ocr_carea' id='block_1_96' title="bbox 131 5381 1646 5458">
    <p class='ocr_par' dir='ltr' id='par_1_96' title="bbox 131 5381 1646 5458">
     <span class='ocr_line' id='line_1_96' title="bbox 131 5381 1646 5458; baseline 0.006 -27"><span class='ocrx_word' id='word_1_713' title='bbox 131 5381 236 5442; x_wconf 71' lang='lat' dir='ltr'><strong>gesti</strong></span> <span class='ocrx_word' id='word_1_714' title='bbox 267 5384 324 5438; x_wconf 84' lang='lat' dir='ltr'><strong>ad</strong></span> <span class='ocrx_word' id='word_1_715' title='bbox 372 5386 519 5458; x_wconf 89' lang='lat' dir='ltr'><strong>longi</strong></span> <span class='ocrx_word' id='word_1_716' title='bbox 571 5386 953 5441; x_wconf 79' lang='lat' dir='ltr'><strong>sttﬂicientiam</strong></span> <span class='ocrx_word' id='word_1_717' title='bbox 1001 5387 1282 5456; x_wconf 88' lang='lat' dir='ltr'><strong>temporis.</strong></span> <span class='ocrx_word' id='word_1_718' title='bbox 1340 5387 1436 5442; x_wconf 79' lang='lat' dir='ltr'><strong>liis</strong></span> <span class='ocrx_word' id='word_1_719' title='bbox 1483 5388 1646 5450; x_wconf 83' lang='lat' dir='ltr'><strong>simttl</strong></span> 
     </span>
    </p>
   </div>
   <div class='ocr_carea' id='block_1_97' title="bbox 129 5476 1647 5549">
    <p class='ocr_par' dir='ltr' id='par_1_97' title="bbox 129 5476 1647 5549">
     <span class='ocr_line' id='line_1_97' title="bbox 129 5476 1647 5549; baseline 0.009 -26"><span class='ocrx_word' id='word_1_720' title='bbox 129 5476 299 5531; x_wconf 66' lang='lat' dir='ltr'><strong>functis</strong></span> <span class='ocrx_word' id='word_1_721' title='bbox 323 5477 373 5534; x_wconf 91' lang='lat' dir='ltr'><strong>in</strong></span> <span class='ocrx_word' id='word_1_722' title='bbox 402 5479 595 5549; x_wconf 86' lang='lat' dir='ltr'><strong>primis</strong></span> <span class='ocrx_word' id='word_1_723' title='bbox 625 5479 972 5534; x_wconf 86' lang='lat' dir='ltr'><strong>animabatur</strong></span> <span class='ocrx_word' id='word_1_724' title='bbox 993 5480 1280 5544; x_wconf 85' lang='lat' dir='ltr'><strong>Attaleota,</strong></span> <span class='ocrx_word' id='word_1_725' title='bbox 1303 5491 1360 5534; x_wconf 79' lang='lat' dir='ltr'><strong>ut</strong></span> <span class='ocrx_word' id='word_1_726' title='bbox 1397 5498 1504 5535; x_wconf 88' lang='lat' dir='ltr'><strong>non</strong></span> <span class='ocrx_word' id='word_1_727' title='bbox 1545 5481 1647 5536; x_wconf 90' lang='lat' dir='ltr'><strong>dtt-</strong></span> 
     </span>
    </p>
   </div>
   <div class='ocr_carea' id='block_1_98' title="bbox 133 5559 1646 5642">
    <p class='ocr_par' dir='ltr' id='par_1_98' title="bbox 133 5559 1646 5642">
     <span class='ocr_line' id='line_1_98' title="bbox 133 5559 1646 5642; baseline 0.01 -30"><span class='ocrx_word' id='word_1_728' title='bbox 133 5559 290 5622; x_wconf 83' lang='lat' dir='ltr'><strong>bitaret</strong></span> <span class='ocrx_word' id='word_1_729' title='bbox 314 5586 368 5625; x_wconf 88' lang='lat' dir='ltr'><strong>se</strong></span> <span class='ocrx_word' id='word_1_730' title='bbox 400 5583 683 5626; x_wconf 84' lang='lat' dir='ltr'><strong>auctorem</strong></span> <span class='ocrx_word' id='word_1_731' title='bbox 711 5571 854 5625; x_wconf 89' lang='lat' dir='ltr'><strong>ferre</strong></span> <span class='ocrx_word' id='word_1_732' title='bbox 884 5573 1097 5626; x_wconf 79' lang='lat' dir='ltr'><strong>consilii</strong></span> <span class='ocrx_word' id='word_1_733' title='bbox 1118 5571 1515 5642; x_wconf 81' lang='lat' dir='ltr'><strong>audacis.qttod</strong></span> <span class='ocrx_word' id='word_1_734' title='bbox 1543 5573 1646 5628; x_wconf 90' lang='lat' dir='ltr'><strong>nisi</strong></span> 
     </span>
    </p>
   </div>
   <div class='ocr_carea' id='block_1_99' title="bbox 135 5650 1646 5728">
    <p class='ocr_par' dir='ltr' id='par_1_99' title="bbox 135 5650 1646 5728">
     <span class='ocr_line' id='line_1_99' title="bbox 135 5650 1646 5728; baseline 0.009 -25"><span class='ocrx_word' id='word_1_735' title='bbox 135 5650 229 5708; x_wconf 73' lang='lat' dir='ltr'><strong>felix</strong></span> <span class='ocrx_word' id='word_1_736' title='bbox 254 5668 385 5714; x_wconf 80' lang='lat' dir='ltr'><strong>esset</strong></span> <span class='ocrx_word' id='word_1_737' title='bbox 431 5661 502 5714; x_wconf 89' lang='lat' dir='ltr'><strong>ad</strong></span> <span class='ocrx_word' id='word_1_738' title='bbox 545 5668 877 5724; x_wconf 78' lang='lat' dir='ltr'><strong>extremum,</strong></span> <span class='ocrx_word' id='word_1_739' title='bbox 913 5661 1230 5728; x_wconf 87' lang='lat' dir='ltr'><strong>impendere</strong></span> <span class='ocrx_word' id='word_1_740' title='bbox 1275 5663 1384 5716; x_wconf 80' lang='lat' dir='ltr'><strong>sibi</strong></span> <span class='ocrx_word' id='word_1_741' title='bbox 1436 5673 1646 5718; x_wconf 89' lang='lat' dir='ltr'><strong>certum</strong></span> 
     </span>
    </p>
   </div>
   <div class='ocr_carea' id='block_1_100' title="bbox 137 5748 1648 5826">
    <p class='ocr_par' dir='ltr' id='par_1_100' title="bbox 137 5748 1648 5826">
     <span class='ocr_line' id='line_1_100' title="bbox 137 5748 1648 5826; baseline 0.011 -32"><span class='ocrx_word' id='word_1_742' title='bbox 137 5748 313 5806; x_wconf 71' lang='lat' dir='ltr'><strong>exitium</strong></span> <span class='ocrx_word' id='word_1_743' title='bbox 357 5753 590 5810; x_wconf 82' lang='lat' dir='ltr'><strong>sciebat.</strong></span> <span class='ocrx_word' id='word_1_744' title='bbox 639 5752 752 5809; x_wconf 88' lang='lat' dir='ltr'><strong>Hoc</strong></span> <span class='ocrx_word' id='word_1_745' title='bbox 789 5753 1082 5809; x_wconf 83' lang='lat' dir='ltr'><strong>instinctus</strong></span> <span class='ocrx_word' id='word_1_746' title='bbox 1130 5767 1274 5810; x_wconf 81' lang='lat' dir='ltr'><strong>metu</strong></span> <span class='ocrx_word' id='word_1_747' title='bbox 1318 5756 1648 5826; x_wconf 82' lang='lat' dir='ltr'><strong>peculiarem</strong></span> 
     </span>
    </p>
   </div>
   <div class='ocr_carea' id='block_1_101' title="bbox 138 5837 1646 5916">
    <p class='ocr_par' dir='ltr' id='par_1_101' title="bbox 138 5837 1646 5916">
     <span class='ocr_line' id='line_1_101' title="bbox 138 5837 1646 5916; baseline 0.007 -25"><span class='ocrx_word' id='word_1_748' title='bbox 138 5837 688 5914; x_wconf 68' lang='lat' dir='ltr'><strong>adhibuitdiligentiam</strong></span> <span class='ocrx_word' id='word_1_749' title='bbox 719 5846 770 5900; x_wconf 92' lang='lat' dir='ltr'><strong>in</strong></span> <span class='ocrx_word' id='word_1_750' title='bbox 803 5846 1186 5916; x_wconf 86' lang='lat' dir='ltr'><strong>conjuratione</strong></span> <span class='ocrx_word' id='word_1_751' title='bbox 1214 5849 1646 5913; x_wconf 80' lang='lat' dir='ltr'><strong>corroboranda,</strong></span> 
     </span>
    </p>
   </div>
   <div class='ocr_carea' id='block_1_102' title="bbox 1750 4639 3327 4720">
    <p class='ocr_par' dir='ltr' id='par_1_102' title="bbox 1750 4639 3327 4720">
     <span class='ocr_line' id='line_1_102' title="bbox 1750 4639 3327 4720; baseline -0.006 -19"><span class='ocrx_word' id='word_1_752' title='bbox 1750 4661 1815 4700; x_wconf 88' lang='lat' dir='ltr'><strong>eo</strong></span> <span class='ocrx_word' id='word_1_753' title='bbox 1849 4645 2094 4701; x_wconf 79' lang='lat' dir='ltr'><strong>exercitu</strong></span> <span class='ocrx_word' id='word_1_754' title='bbox 2143 4644 2440 4700; x_wconf 79' lang='lat' dir='ltr'><strong>auxiliares</strong></span> <span class='ocrx_word' id='word_1_755' title='bbox 2484 4644 2656 4699; x_wconf 85' lang='lat' dir='ltr'><strong>Italici</strong></span> <span class='ocrx_word' id='word_1_756' title='bbox 2701 4642 2919 4720; x_wconf 57' lang='lat' dir='ltr'><strong>generis</strong></span> <span class='ocrx_word' id='word_1_757' title='bbox 2949 4656 3167 4704; x_wconf 90' lang='lat' dir='ltr'><strong>omnes,</strong></span> <span class='ocrx_word' id='word_1_758' title='bbox 3217 4639 3327 4693; x_wconf 78' lang='lat' dir='ltr'><strong>Ro-</strong></span> 
     </span>
    </p>
   </div>
   <div class='ocr_carea' id='block_1_103' title="bbox 1751 4733 3330 4807">
    <p class='ocr_par' dir='ltr' id='par_1_103' title="bbox 1751 4733 3330 4807">
     <span class='ocr_line' id='line_1_103' title="bbox 1751 4733 3330 4807; baseline -0.003 -15"><span class='ocrx_word' id='word_1_759' title='bbox 1751 4753 1926 4792; x_wconf 65' lang='lat' dir='ltr'><strong>manae</strong></span> <span class='ocrx_word' id='word_1_760' title='bbox 1963 4753 2088 4792; x_wconf 89' lang='lat' dir='ltr'><strong>cum</strong></span> <span class='ocrx_word' id='word_1_761' title='bbox 2133 4738 2218 4792; x_wconf 86' lang='lat' dir='ltr'><strong>bis</strong></span> <span class='ocrx_word' id='word_1_762' title='bbox 2265 4739 2476 4792; x_wconf 67' lang='lat' dir='ltr'><strong>militiae</strong></span> <span class='ocrx_word' id='word_1_763' title='bbox 2525 4753 2650 4807; x_wconf 83' lang='lat' dir='ltr'><strong>pars</strong></span> <span class='ocrx_word' id='word_1_764' title='bbox 2683 4751 2792 4790; x_wconf 88' lang='lat' dir='ltr'><strong>non</strong></span> <span class='ocrx_word' id='word_1_765' title='bbox 2820 4737 3014 4805; x_wconf 82' lang='lat' dir='ltr'><strong>exigua</strong></span> <span class='ocrx_word' id='word_1_766' title='bbox 3043 4772 3060 4798; x_wconf 85' lang='lat'><strong>,</strong></span> <span class='ocrx_word' id='word_1_767' title='bbox 3096 4733 3330 4801; x_wconf 81' lang='lat' dir='ltr'><strong>denique</strong></span> 
     </span>
    </p>
   </div>
   <div class='ocr_carea' id='block_1_104' title="bbox 1751 4826 3326 4899">
    <p class='ocr_par' dir='ltr' id='par_1_104' title="bbox 1751 4826 3326 4899">
     <span class='ocr_line' id='line_1_104' title="bbox 1751 4826 3326 4899; baseline 0.001 -19"><span class='ocrx_word' id='word_1_768' title='bbox 1751 4828 1930 4894; x_wconf 83' lang='lat' dir='ltr'><strong>Alani,</strong></span> <span class='ocrx_word' id='word_1_769' title='bbox 1963 4828 2055 4899; x_wconf 82' lang='lat' dir='ltr'><strong>qui</strong></span> <span class='ocrx_word' id='word_1_770' title='bbox 2094 4836 2276 4882; x_wconf 87' lang='lat' dir='ltr'><strong>tamen</strong></span> <span class='ocrx_word' id='word_1_771' title='bbox 2321 4844 2429 4884; x_wconf 91' lang='lat' dir='ltr'><strong>non</strong></span> <span class='ocrx_word' id='word_1_772' title='bbox 2459 4837 2677 4897; x_wconf 88' lang='lat' dir='ltr'><strong>sponte,</strong></span> <span class='ocrx_word' id='word_1_773' title='bbox 2717 4828 2817 4882; x_wconf 85' lang='lat' dir='ltr'><strong>sed</strong></span> <span class='ocrx_word' id='word_1_774' title='bbox 2849 4827 3136 4897; x_wconf 71' lang='lat' dir='ltr'><strong>prazsentis</strong></span> <span class='ocrx_word' id='word_1_775' title='bbox 3167 4826 3326 4882; x_wconf 65' lang='lat' dir='ltr'><strong>duc-ia</strong></span> 
     </span>
    </p>
   </div>
   <div class='ocr_carea' id='block_1_105' title="bbox 1753 4919 3331 4991">
    <p class='ocr_par' dir='ltr' id='par_1_105' title="bbox 1753 4919 3331 4991">
     <span class='ocr_line' id='line_1_105' title="bbox 1753 4919 3331 4991; baseline 0.001 -19"><span class='ocrx_word' id='word_1_776' title='bbox 1753 4919 2092 4976; x_wconf 88' lang='lat' dir='ltr'><strong>ineluctabili</strong></span> <span class='ocrx_word' id='word_1_777' title='bbox 2130 4921 2310 4977; x_wconf 85' lang='lat' dir='ltr'><strong>adacti</strong></span> <span class='ocrx_word' id='word_1_778' title='bbox 2361 4921 2630 4991; x_wconf 88' lang='lat' dir='ltr'><strong>potentia,</strong></span> <span class='ocrx_word' id='word_1_779' title='bbox 2681 4919 2907 4973; x_wconf 84' lang='lat' dir='ltr'><strong>invitam</strong></span> <span class='ocrx_word' id='word_1_780' title='bbox 2959 4928 3013 4974; x_wconf 91' lang='lat' dir='ltr'><strong>et</strong></span> <span class='ocrx_word' id='word_1_781' title='bbox 3057 4921 3331 4973; x_wconf 76' lang='lat' dir='ltr'><strong>duntaxat</strong></span> 
     </span>
    </p>
   </div>
   <div class='ocr_carea' id='block_1_106' title="bbox 1751 5012 3324 5087">
    <p class='ocr_par' dir='ltr' id='par_1_106' title="bbox 1751 5012 3324 5087">
     <span class='ocr_line' id='line_1_106' title="bbox 1751 5012 3324 5087; baseline -0.002 -20"><span class='ocrx_word' id='word_1_782' title='bbox 1751 5015 2185 5087; x_wconf 80' lang='lat' dir='ltr'><strong>perittnctoriam</strong></span> <span class='ocrx_word' id='word_1_783' title='bbox 2218 5029 2444 5084; x_wconf 89' lang='lat' dir='ltr'><strong>operam</strong></span> <span class='ocrx_word' id='word_1_784' title='bbox 2473 5014 2526 5068; x_wconf 89' lang='lat' dir='ltr'><strong>in</strong></span> <span class='ocrx_word' id='word_1_785' title='bbox 2560 5013 2664 5068; x_wconf 88' lang='lat' dir='ltr'><strong>hoc</strong></span> <span class='ocrx_word' id='word_1_786' title='bbox 2697 5013 2918 5067; x_wconf 87' lang='lat' dir='ltr'><strong>bellum</strong></span> <span class='ocrx_word' id='word_1_787' title='bbox 2939 5012 3324 5066; x_wconf 87' lang='lat' dir='ltr'><strong>conferebant.</strong></span> 
     </span>
    </p>
   </div>
   <div class='ocr_carea' id='block_1_107' title="bbox 1752 5104 3330 5176">
    <p class='ocr_par' dir='ltr' id='par_1_107' title="bbox 1752 5104 3330 5176">
     <span class='ocr_line' id='line_1_107' title="bbox 1752 5104 3330 5176; baseline -0.002 -15"><span class='ocrx_word' id='word_1_788' title='bbox 1752 5107 1851 5161; x_wconf 84' lang='lat' dir='ltr'><strong>llis</strong></span> <span class='ocrx_word' id='word_1_789' title='bbox 1901 5107 2076 5175; x_wconf 87' lang='lat' dir='ltr'><strong>copiis</strong></span> <span class='ocrx_word' id='word_1_790' title='bbox 2110 5108 2219 5162; x_wconf 80' lang='lat' dir='ltr'><strong>dux</strong></span> <span class='ocrx_word' id='word_1_791' title='bbox 2253 5121 2488 5176; x_wconf 85' lang='lat' dir='ltr'><strong>magnus</strong></span> <span class='ocrx_word' id='word_1_792' title='bbox 2535 5106 2994 5176; x_wconf 86' lang='lat' dir='ltr'><strong>oppugnationem</strong></span> <span class='ocrx_word' id='word_1_793' title='bbox 3041 5104 3330 5175; x_wconf 72' lang='lat' dir='ltr'><strong>Magnesia:</strong></span> 
     </span>
    </p>
   </div>
   <div class='ocr_carea' id='block_1_108' title="bbox 1754 5202 3326 5266">
    <p class='ocr_par' dir='ltr' id='par_1_108' title="bbox 1754 5202 3326 5266">
     <span class='ocr_line' id='line_1_108' title="bbox 1754 5202 3326 5266; baseline -0.001 -11"><span class='ocrx_word' id='word_1_794' title='bbox 1754 5205 1984 5260; x_wconf 82' lang='lat' dir='ltr'><strong>adorsns</strong></span> <span class='ocrx_word' id='word_1_795' title='bbox 2027 5205 2312 5258; x_wconf 91' lang='lat' dir='ltr'><strong>machinas</strong></span> <span class='ocrx_word' id='word_1_796' title='bbox 2342 5202 2621 5266; x_wconf 84' lang='lat' dir='ltr'><strong>admovet,</strong></span> <span class='ocrx_word' id='word_1_797' title='bbox 2658 5213 2838 5258; x_wconf 85' lang='lat' dir='ltr'><strong>turres</strong></span> <span class='ocrx_word' id='word_1_798' title='bbox 2868 5203 3093 5265; x_wconf 81' lang='lat' dir='ltr'><strong>excitat,</strong></span> <span class='ocrx_word' id='word_1_799' title='bbox 3129 5211 3326 5255; x_wconf 74' lang='lat' dir='ltr'><strong>caetera</strong></span> 
     </span>
    </p>
   </div>
   <div class='ocr_carea' id='block_1_109' title="bbox 1753 5293 3324 5365">
    <p class='ocr_par' dir='ltr' id='par_1_109' title="bbox 1753 5293 3324 5365">
     <span class='ocr_line' id='line_1_109' title="bbox 1753 5293 3324 5365; baseline -0.003 -15"><span class='ocrx_word' id='word_1_800' title='bbox 1753 5298 2120 5351; x_wconf 87' lang='lat' dir='ltr'><strong>instrumenta</strong></span> <span class='ocrx_word' id='word_1_801' title='bbox 2162 5295 2656 5365; x_wconf 81' lang='lat' dir='ltr'><strong>expugnaudarum</strong></span> <span class='ocrx_word' id='word_1_802' title='bbox 2695 5296 3061 5350; x_wconf 89' lang='lat' dir='ltr'><strong>munitionum</strong></span> <span class='ocrx_word' id='word_1_803' title='bbox 3111 5293 3324 5348; x_wconf 83' lang='lat' dir='ltr'><strong>ardenti</strong></span> 
     </span>
    </p>
   </div>
   <div class='ocr_carea' id='block_1_110' title="bbox 1753 5386 3328 5458">
    <p class='ocr_par' dir='ltr' id='par_1_110' title="bbox 1753 5386 3328 5458">
     <span class='ocr_line' id='line_1_110' title="bbox 1753 5386 3328 5458; baseline -0.001 -16"><span class='ocrx_word' id='word_1_804' title='bbox 1753 5402 2008 5458; x_wconf 81' lang='lat' dir='ltr'><strong>satagens</strong></span> <span class='ocrx_word' id='word_1_805' title='bbox 2036 5386 2218 5441; x_wconf 86' lang='lat' dir='ltr'><strong>studio</strong></span> <span class='ocrx_word' id='word_1_806' title='bbox 2255 5387 2498 5442; x_wconf 90' lang='lat' dir='ltr'><strong>adhibet.</strong></span> <span class='ocrx_word' id='word_1_807' title='bbox 2529 5388 2921 5443; x_wconf 81' lang='lat' dir='ltr'><strong>Accendebant</strong></span> <span class='ocrx_word' id='word_1_808' title='bbox 2959 5387 3104 5441; x_wconf 89' lang='lat' dir='ltr'><strong>enim</strong></span> <span class='ocrx_word' id='word_1_809' title='bbox 3141 5403 3239 5457; x_wconf 87' lang='lat' dir='ltr'><strong>per</strong></span> <span class='ocrx_word' id='word_1_810' title='bbox 3270 5403 3328 5441; x_wconf 89' lang='lat' dir='ltr'><strong>se</strong></span> 
     </span>
    </p>
   </div>
   <div class='ocr_carea' id='block_1_111' title="bbox 1755 5479 3327 5548">
    <p class='ocr_par' dir='ltr' id='par_1_111' title="bbox 1755 5479 3327 5548">
     <span class='ocr_line' id='line_1_111' title="bbox 1755 5479 3327 5548; baseline -0.002 -13"><span class='ocrx_word' id='word_1_811' title='bbox 1755 5483 1888 5535; x_wconf 87' lang='lat' dir='ltr'><strong>satis</strong></span> <span class='ocrx_word' id='word_1_812' title='bbox 1915 5481 2307 5534; x_wconf 83' lang='lat' dir='ltr'><strong>inﬂammatam</strong></span> <span class='ocrx_word' id='word_1_813' title='bbox 2341 5479 2462 5548; x_wconf 83' lang='lat' dir='ltr'><strong>ejus</strong></span> <span class='ocrx_word' id='word_1_814' title='bbox 2504 5481 2639 5534; x_wconf 89' lang='lat' dir='ltr'><strong>iram</strong></span> <span class='ocrx_word' id='word_1_815' title='bbox 2677 5481 2873 5536; x_wconf 87' lang='lat' dir='ltr'><strong>crebra</strong></span> <span class='ocrx_word' id='word_1_816' title='bbox 2905 5481 3142 5536; x_wconf 86' lang='lat' dir='ltr'><strong>subinde</strong></span> <span class='ocrx_word' id='word_1_817' title='bbox 3174 5481 3230 5535; x_wconf 93' lang='lat' dir='ltr'><strong>in</strong></span> <span class='ocrx_word' id='word_1_818' title='bbox 3259 5482 3327 5534; x_wconf 80' lang='lat' dir='ltr'><strong>il-</strong></span> 
     </span>
    </p>
   </div>
   <div class='ocr_carea' id='block_1_112' title="bbox 1760 5560 3327 5641">
    <p class='ocr_par' dir='ltr' id='par_1_112' title="bbox 1760 5560 3327 5641">
     <span class='ocr_line' id='line_1_112' title="bbox 1760 5560 3327 5641; baseline 0.002 -15"><span class='ocrx_word' id='word_1_819' title='bbox 1760 5575 1868 5627; x_wconf 87' lang='lat' dir='ltr'><strong>lum</strong></span> <span class='ocrx_word' id='word_1_820' title='bbox 1905 5587 1936 5626; x_wconf 87' lang='lat' dir='ltr'><strong>e</strong></span> <span class='ocrx_word' id='word_1_821' title='bbox 1971 5571 2142 5628; x_wconf 89' lang='lat' dir='ltr'><strong>muris</strong></span> <span class='ocrx_word' id='word_1_822' title='bbox 2171 5572 2370 5641; x_wconf 76' lang='lat' dir='ltr'><strong>iactata</strong></span> <span class='ocrx_word' id='word_1_823' title='bbox 2398 5574 2652 5640; x_wconf 79' lang='lat' dir='ltr'><strong>dicteria,</strong></span> <span class='ocrx_word' id='word_1_824' title='bbox 2686 5560 3036 5628; x_wconf 86' lang='lat' dir='ltr'><strong>irridentium</strong></span> <span class='ocrx_word' id='word_1_825' title='bbox 3093 5585 3327 5629; x_wconf 85' lang='lat' dir='ltr'><strong>conatus</strong></span> 
     </span>
    </p>
   </div>
   <div class='ocr_carea' id='block_1_113' title="bbox 1759 5665 3329 5735">
    <p class='ocr_par' dir='ltr' id='par_1_113' title="bbox 1759 5665 3329 5735">
     <span class='ocr_line' id='line_1_113' title="bbox 1759 5665 3329 5735; baseline 0 -16"><span class='ocrx_word' id='word_1_826' title='bbox 1759 5667 2048 5732; x_wconf 86' lang='lat' dir='ltr'><strong>minasque</strong></span> <span class='ocrx_word' id='word_1_827' title='bbox 2074 5665 2272 5735; x_wconf 88' lang='lat' dir='ltr'><strong>ipsius,</strong></span> <span class='ocrx_word' id='word_1_828' title='bbox 2306 5666 2506 5735; x_wconf 85' lang='lat' dir='ltr'><strong>quibus</strong></span> <span class='ocrx_word' id='word_1_829' title='bbox 2545 5669 2706 5722; x_wconf 92' lang='lat' dir='ltr'><strong>homo</strong></span> <span class='ocrx_word' id='word_1_830' title='bbox 2734 5667 2976 5722; x_wconf 88' lang='lat' dir='ltr'><strong>tumidus</strong></span> <span class='ocrx_word' id='word_1_831' title='bbox 3006 5665 3329 5732; x_wconf 83' lang='lat' dir='ltr'><strong>impatiens-</strong></span> 
     </span>
    </p>
   </div>
   <div class='ocr_carea' id='block_1_114' title="bbox 1755 5758 3327 5828">
    <p class='ocr_par' dir='ltr' id='par_1_114' title="bbox 1755 5758 3327 5828">
     <span class='ocr_line' id='line_1_114' title="bbox 1755 5758 3327 5828; baseline 0.005 -21"><span class='ocrx_word' id='word_1_832' title='bbox 1755 5773 1860 5828; x_wconf 83' lang='lat' dir='ltr'><strong>que</strong></span> <span class='ocrx_word' id='word_1_833' title='bbox 1913 5758 2266 5812; x_wconf 70' lang='lat' dir='ltr'><strong>contumeliae</strong></span> <span class='ocrx_word' id='word_1_834' title='bbox 2308 5759 2714 5816; x_wconf 85' lang='lat' dir='ltr'><strong>incredibiliter</strong></span> <span class='ocrx_word' id='word_1_835' title='bbox 2760 5760 3118 5822; x_wconf 77' lang='lat' dir='ltr'><strong>eﬂerabatur,</strong></span> <span class='ocrx_word' id='word_1_836' title='bbox 3157 5775 3327 5815; x_wconf 81' lang='lat' dir='ltr'><strong>vanos</strong></span> 
     </span>
    </p>
   </div>
   <div class='ocr_carea' id='block_1_115' title="bbox 1759 5848 3330 5922">
    <p class='ocr_par' dir='ltr' id='par_1_115' title="bbox 1759 5848 3330 5922">
     <span class='ocr_line' id='line_1_115' title="bbox 1759 5848 3330 5922; baseline 0.001 -17"><span class='ocrx_word' id='word_1_837' title='bbox 1759 5849 1979 5906; x_wconf 90' lang='lat' dir='ltr'><strong>interim</strong></span> <span class='ocrx_word' id='word_1_838' title='bbox 2032 5848 2156 5919; x_wconf 83' lang='lat' dir='ltr'><strong>ejus</strong></span> <span class='ocrx_word' id='word_1_839' title='bbox 2187 5851 2422 5919; x_wconf 84' lang='lat' dir='ltr'><strong>impetus</strong></span> <span class='ocrx_word' id='word_1_840' title='bbox 2451 5853 2623 5907; x_wconf 89' lang='lat' dir='ltr'><strong>muris</strong></span> <span class='ocrx_word' id='word_1_841' title='bbox 2653 5852 3023 5922; x_wconf 78' lang='lat' dir='ltr'><strong>nequidquam</strong></span> <span class='ocrx_word' id='word_1_842' title='bbox 3055 5851 3330 5909; x_wconf 84' lang='lat' dir='ltr'><strong>solidissi-</strong></span> 
     </span>
    </p>
   </div>
  </div>
