3860 6544
137 356 224 422 485
964 357 1062 418 DE
1104 359 1553 422 ANDRONICO
1578 361 2050 425 PAL/EOLOGO
2088 365 2238 430 LIB.
2278 362 2385 432 ξΝ.
3272 369 3378 434 486

134 493 273 547 ματος
311 472 461 543 οἶμαι
511 475 608 530 τοῦ
670 478 863 543 πάλαι,
905 479 1182 550 Ἰωάννης,
1229 471 1490 552 πολέμοις
1537 480 1678 534 τισὶν
1709 486 1755 543 Α
1786 485 2124 557 σφετέρωνῆ
2157 486 2395 551 εὐκλεῶς
2427 489 2614 540 πεσεῖν
2641 486 2999 556 ἀγαπῶντας.
3049 487 3159 542 Καὶ
3208 489 3380 552 οὕτως

132 567 443 636 ἐ-,διατρίψας
484 570 631 622 κατὰ
663 569 896 636 Μυσίαν,
951 571 1027 635 ὡς
1079 572 1408 644 ἰσχυρίζετο,
1462 573 1678 627 ἁκούων
1785 578 2012 648 στρατδς
2039 578 2158 642 ὅλος
2189 579 2480 648 γενόμενος
2517 577 2621 630 ὑπὸ
2651 578 2724 649 τῷ
2753 578 3106 648 Χοιροὸοσκῷ
3140 595 3378 650 στρατη-

127 661 182 713 si
225 661 332 712 κατ’
360 660 631 733 ἀνατολὴν
669 661 946 732 δρώμενα,
997 667 1090 718 καὶ
1134 665 1210 728 ὡς
1258 665 1610 730 ἀσυντάκτως
1630 667 1678 720 οἱ
1783 669 1967 738 γοῦντι
1997 670 2188 740 πεῖράν
2220 688 2337 724 τινα
2366 669 2632 740 ἁρπάζειν
2664 672 2770 723 τῶν
2806 669 3014 740 ἐχθρῶν
3045 669 3373 738 ἐπειρῶντο.

129 751 302 821 Πέρσαι
351 752 661 822 χωροῦντες
701 755 798 808 καὶ
853 758 999 812 κατὰ
1041 759 1234 828 λόχους
1288 761 1388 831 ἐρη
1402 761 1680 828 μωθείσας
1783 762 1894 816 Καὶ
1919 760 1988 816 τὰ
2023 763 2122 829 μὲν
2148 761 2340 832 πρῶτα
2368 762 2570 830 ὀλίγοις
2601 765 2840 815 πλεῖστοι
2872 761 3359 831 παρεμπίπτοντες

123 847 203 905 τὰς
224 844 395 913 χώρας
423 847 656 915 μηδενὸς
700 850 1004 915 κωλύοντος
1064 854 1516 924 κατατρέχουσιν,
1551 855 1679 909 ἀνα·
1781 853 2177 925 ἠνδραγάθουν.
2207 848 2319 906 Ἷιν
2351 853 2409 907 δὲ
2441 854 2546 924 ἄρα
2578 854 2829 923 εἰρωνεία
2877 852 3049 924 τύχης
3105 855 3258 923 σφίσι
3307 853 3382 904 τὰ,

125 938 354 1005 λαμϐάνει
409 939 639 1011 θάρρος,
697 945 794 998 καὶ
845 945 928 1007 είς
995 946 1345 1017 τριακοσίους
1391 947 1469 1019 τῷ
1527 948 1680 1019 ποσῷ
1781 947 2058 1019 δρώμενα,
2099 949 2191 1002 καὶ
2215 949 2452 1017 ἐπεγέλα
2477 947 2684 1011 τούτοις
2708 948 2768 1001 τὸ
2814 947 3104 1018 μόρσιμον,
3164 945 3227 999 τὸ
3279 943 3374 998 τοῦ

128 1034 680 1103 προσεταιρισάμενος,
721 1037 1046 1109 τοξοφόρους
1075 1039 1172 1092 καὶ
1216 1041 1524 1112 κορυνήτας
1551 1043 1680 1106 τοὺς
1783 1038 2122 1107 κολυμϐητοῦ
2143 1039 2463 1106 πάσχοντες,
2482 1033 2525 1106 ᾧ
2545 1039 2677 1106 δῆτα
2706 1041 2734 1093 ὁ
2768 1040 2953 1102 νόστος
2985 1038 3086 1092 οὐκ
3145 1037 3258 1107 ἔχει
3304 1037 3373 1091 τὰ

128 1123 400 1187 πλείστους,
432 1127 498 1178 τὸ
543 1127 645 1196 μὲν
671 1129 886 1198 πρῶτον
917 1131 1053 1200 πρὸς
1075 1133 1140 1202 τῇ
1179 1130 1426 1205 θαλάσσῃ
1448 1134 1679 1204 γενόμε-
1782 1131 1880 1201 τῆς
1903 1132 2176 1202 σωτηρίας
2198 1133 2457 1202 ἐχέγγυα.
2519 1130 2607 1194 ὀς
2647 1132 2755 1202 γὰρ
2814 1131 3121 1200 Κεγιρεαῖς
3171 1130 3373 1198 πλῆθοί

127 1216 458 1285 κςὴὸούλετο
487 1219 962 1292 διαπεραιοῦσθαι,
1003 1223 1084 1277 ἔτι
1118 1226 1239 1277 κατ’
1275 1225 1539 1297 ἀνατολὴν
1581 1225 1678 1280 τοῦ
1784 1221 2011 1292 Περσῶν
2037 1223 2375 1294 περιίστατο,
2406 1223 2499 1276 καὶ
2527 1223 2576 1276 οἱ
2601 1224 2777 1276 ἐκεῖσε
2804 1222 2988 1275 πολλοί
3041 1239 3184 1284 τινες
3219 1221 3374 1285 ὅντες

130 1308 353 1376 βασιλέως
381 1310 666 1378 διάγοντος
694 1314 912 1385 Μιχαὴλ
938 1331 953 1346 ο
987 1315 1110 1367 ἐπεὶ⁵
1135 1315 1191 1369 δὲ
1213 1316 1496 1388 ἀνενεχθέν
1521 1317 1681 1371 τοῦτο
1783 1317 1848 1368 ἐκ
1897 1313 2006 1368 τῶν
2045 1315 2186 1368 κατά
2239 1313 2590 1384 Σκάμανδρον
2647 1312 2840 1383 χωρῶν
2889 1311 2976 1366 διὰ
2999 1311 3099 1382 τὴν
3127 1312 3373 1382 ἀνάγκην

129 1401 274 1453 ἔννοιά
298 1417 377 1464 τις
405 1403 676 1471 ἐμπίπτει
700 1409 810 1468 τοῖς
841 1405 929 1458 ἐπ’
957 1406 1228 1473 ἐξουσίαις
1271 1407 1556 1474 ἀκούσασι,
1603 1408 1678 1478 μὴ
1785 1406 2230 1478 παραϐυσθέντες
2260 1409 2317 1461 ὲν
2353 1407 2617 1467 κινδύνοις
2641 1402 2784 1477 ἦσαν
2819 1406 2911 1459 καὶ
2956 1404 3206 1475 βοηθείας
3255 1405 3371 1457 ἐτέ-

128 1493 228 1556 iub;
251 1494 501 1564 ἀγροῖκός
527 1513 589 1548 τε
618 1497 712 1550 καὶ
739 1498 1013 1568 ἀπόλεμος
1037 1499 1444 1569 παραπόληται,
1470 1501 1563 1553 καὶ
1592 1499 1679 1554 διὰ
1785 1501 1956 1570 ρωθεν
1986 1499 2236 1570 ἔχρῃζον,
2273 1499 2389 1572 ἃμα
2417 1499 2496 1569 τῷ
2537 1502 2730 1568 μαθεῖν
2771 1499 2866 1553 καὶ
2899 1499 3054 1553 αὐτοὶ
3109 1497 3371 1561 συνταξὰ-

129 1585 270 1639 τιῦτα
298 1589 659 1656 κατασχεθεὶς
692 1591 897 1654 ἐκεῖνος
925 1591 1142 1662 φυλακῇ
1195 1591 1420 1655 δίδοται,
1448 1593 1543 1646 καὶ
1576 1593 1680 1663 μῆ·
1787 1609 1937 1663 μενοι
1965 1593 2082 1646 ἐκεῖ
2119 1593 2384 1661 γίνονται.
2444 1592 2556 1647 Καὶ
2607 1593 2887 1654 ἁνωῒστως
2952 1591 3370 1654 ἐπεισπεσόντες

132 1695 205 1742 νας
246 1678 390 1732 ἐννέα
433 1684 504 1752 τῇ
573 1683 848 1750 ἐγκλείσει
894 1687 1458 1756 προσταλαιπωρήσας
1505 1685 1678 1740 ἔπειτ’
1781 1690 1848 1741 ὲκ
1879 1685 1972 1742 τοῦ
2007 1688 2349 1760 παραχρῆμα
2381 1687 2565 1753 ἔδοξάν
2592 1705 2736 1750 τινες
2755 1683 2918 1750 εἶναι,
2945 1687 3039 1740 καὶ
3067 1685 3369 1756 ὑπερέσχον

128 1769 300 1821 ἐκεῖθεν
329 1771 578 1842 ἀποδρὰς
617 1775 683 1844 τῇ
748 1774 1014 1846 ἐκκλησίᾳ
1044 1774 1401 1846 προσφεύγει,
1434 1775 1681 1830 ἐντεῦθεν
1712 1844 1745 1850 _
1782 1778 2103 1850 τραπέντων
2123 1778 2230 1831 τῶν
2262 1778 2558 1846 πολεμίων.
2599 1779 2707 1832 Καὶ
2756 1778 2879 1831 τότε
2937 1777 3039 1846 μὲν
3097 1777 3172 1840 ὡς
3221 1776 3368 1837 εἰκὸς

130 1857 250 1923 αὖθις
279 1864 682 1936 ἐνευκαιρήσας
706 1865 811 1919 τῶν
845 1844 1130 1938 προτέρων
1158 1868 1384 1922 ἐκείνων
1431 1868 1677 1922 διανοιῶν
1712 1844 1752 1898 Β
1781 1844 2071 1941 ἀνακωχὰς
2112 1871 2222 1933 τοῖς
2258 1868 2344 1941 [Ρ.
2571 1844 3056 1939 πολιορκουμένοις
3112 1869 3314 1922 ἐδίδουν
3347 1885 3363 1900 θ

130 1954 316 2020 γίνεται,
343 1957 438 2008 καὶ
486 1958 593 2026 τῆς
666 1959 962 2031 ἐκκλησίας
1011 1961 1250 2032 κρύϐδην
1312 1963 1678 2033 ἀποχωρήσας
1782 1962 2006 2033 ὕστερον
2033 1962 2089 2016 δέ
2115 1961 2470 2031 συναχθέντες
2496 1962 2716 2026 πλείους
2745 1963 2793 2016 οἱ
2825 1963 3033 2031 Πέρσαι
3068 1961 3186 2024 ὲνδς
3221 1961 3364 2013 κατὰ

132 2045 358 2112 ξύγκλυδα
391 2047 522 2124 λαὸν
550 2051 618 2104 ἐκ
643 2049 738 2104 τοῦ
789 2052 1108 2123 παραυτίκα
1165 2054 1526 2124 συναθροίζει,
1584 2057 1679 2108 καὶ⁵
1781 2054 1982 2109 τούτων
2007 2055 2322 2124 ὁρμήματος
2353 2053 2612 2122 γίνονται,
2639 2056 2732 2108 καὶ
2763 2055 2951 2116 ἱππεῖς
3001 2053 3186 2117 πεζοῖς
3241 2051 3368 2120 μεθ’

133 2139 206 2203 τὴν
227 2137 472 2209 ταχίστην
504 2139 727 2210 σύναμα
760 2143 944 2212 σφίσιν
969 2143 1343 2216 ἀνεπινοήτως
1396 2145 1680 2216 διαπεραι-
1781 2147 1956 2217 ὁρμῆς
2007 2147 2243 2216 σφοδρᾶς
2303 2147 2667 2216 ἐμπίπτοντες
2723 2147 2866 2200 κατὰ
2895 2147 3091 2217 κράτος
3149 2144 3364 2209 νικῶσι,

134 2227 265 2284 αὗται.
291 2231 422 2283 Οὐδὲ
450 2231 567 2302 γὰρ
592 2227 660 2303 ἦν
699 2235 928 2305 ἠρεμεῖν
970 2236 1257 2301 κάκείνους
1305 2239 1678 2307 κακουμένους
1780 2241 1986 2295 καὶτὸν
2005 2239 2369 2310 Χοιροόοσκδν
2399 2240 2748 2311 περισχόντες
2772 2241 3060 2301 κτείνουσι,
3094 2238 3233 2308 πλὴν
3262 2236 3365 2307 οὐχ

136 2317 208 2388 ἤδη
231 2320 296 2391 τῷ
321 2321 522 2395 χρόνῳ,
557 2325 655 2378 καὶ
686 2325 832 2379 δυοῖν
888 2327 1134 2400 θάτερον,
1191 2327 1224 2399 ἢ
1283 2328 1383 2400 ζῇν
1425 2331 1518 2382 ἐπὶ
1566 2329 1677 2383 τῶν
1781 2335 1896 2406 ἃμα
1926 2333 2002 2406 τῷ
2038 2337 2341 2407 περισχεῖν,
2371 2334 2486 2388 ἀλλ’
2527 2334 2651 2388 ἐπεὶ
2685 2339 2811 2406 περὶ
2845 2334 2945 2402 τῆς
2972 2330 3166 2386 ἑαυτοῦ
3197 2333 3365 2403 τιμῆς

132 2519 222 2570 rus,
266 2517 633 2576 cognomento
689 2508 1118 2577 Chteroboscus,
1159 2527 1188 2566 a
1235 2507 1426 2582 priori,
1455 2511 1674 2583 opinor,
1707 2507 1731 2520 ’
1781 2515 2049 2573 inclusam
2103 2513 2408 2571 Cenchreis
2455 2513 2864 2570 multitudinem
2930 2511 3107 2583 plebis
3157 2511 3361 2582 inopis,

132 2595 426 2661 professione
454 2602 708 2670 pastoris
750 2618 1065 2674 porcorum,
1133 2604 1379 2661 Joannes
1427 2607 1673 2675 nomine,
1781 2625 1904 2680 qua:
1958 2608 2416 2680 populationibus
2460 2607 2704 2662 hostium
2740 2622 2772 2662 e
2835 2605 3157 2675 regionibus
3215 2605 3362 2660 circa

134 2689 256 2744 bellis
313 2693 650 2761 quibusdam
698 2697 842 2766 apud
893 2695 1146 2768 Mysiam,
1188 2708 1247 2754 ut
1300 2698 1522 2770 quidem
1558 2699 1678 2770 ipse
1782 2702 2188 2757 Scamandrum
2235 2709 2430 2755 coacta
2480 2715 2548 2754 eo
2590 2700 2778 2770 fugere
2832 2709 3079 2754 extremo
3137 2706 3252 2752 tum
3305 2697 3361 2752 in

132 2781 415 2853 aﬂirmabat,
475 2788 844 2854 exercitatus,
907 2790 1139 2844 audiens
1184 2804 1306 2860 quas
1365 2791 1417 2844 in
1453 2791 1679 2848 Oriente
1781 2793 2104 2850 discrimine
2137 2793 2386 2849 exterius
2419 2793 2573 2846 illato
2608 2793 2807 2862 egebat
2837 2789 3070 2846 auxilio.
3099 2790 3155 2844 ld
3195 2789 3361 2845 simul

133 2887 430 2945 gererentur,
457 2892 516 2936 nt
554 2898 754 2953 nempe
782 2883 980 2940 solutis
1021 2885 1313 2940 ordinibus
1339 2885 1516 2941 Persae
1546 2901 1678 2957 pas-
1780 2886 2154 2942 Chmrobosco
2180 2901 2306 2941 cum
2331 2887 2450 2941 suis
2473 2895 2559 2942 est
2583 2890 2892 2956 cognitum,
2919 2884 3051 2940 illuc
3077 2882 3358 2948 advolant,

132 2968 212 3021 sim
240 2985 494 3042 vagantes
552 2989 652 3044 per
708 2978 1040 3048 manipulos,
1101 2986 1282 3032 tamen
1343 2979 1676 3047 prohibente
1781 2990 1837 3035 et
1888 2979 2190 3048 improviso
2230 2979 2510 3032 irruentes
2555 2978 2653 3032 rirl
2712 2992 2837 3032 esse
2874 2977 2974 3032 risi
3035 2983 3188 3038 sunt.
3220 2974 3360 3030 fusis

131 3064 335 3128 nemine,
373 3069 638 3137 regiones
699 3069 810 3122 illic
851 3072 1228 3134 inrursarent,
1275 3077 1547 3142 conrepta
1599 3071 1676 3125 rei
1784 3072 1962 3142 primo
1999 3070 2226 3127 incursu
2272 3079 2327 3124 et
2355 3069 2572 3140 fugatis,
2616 3069 2908 3131 bosnibtts;
2939 3069 3087 3124 unde
3126 3063 3360 3134 contigit

131 3156 239 3212 bene
259 3163 505 3228 gerenda:
550 3162 1053 3220 ﬁduciatrecentos
1094 3165 1200 3219 sibi
1227 3164 1423 3230 sociat,
1443 3179 1676 3234 quorum
1705 3189 1750 3252 ρ
1789 3165 2059 3235 respirare
2115 3162 2394 3233 paulisper
2445 3163 2729 3217 obsessos.
2757 3159 2964 3215 Verum
3018 3161 3183 3230 paulo
3235 3175 3360 3233 post

128 3261 254 3305 erant
278 3255 498 3324 quidam
525 3256 726 3309 armati
760 3257 1022 3322 arcubus,
1066 3257 1317 3328 plerique
1353 3258 1542 3314 claras
1576 3272 1674 3326 ευ·
1782 3257 2095 3326 congregati
2122 3257 2330 3325 majore
2361 3269 2593 3309 numero
2627 3253 2807 3308 Persae
2832 3268 2945 3308 uno
2965 3253 3131 3309 simul
3161 3268 3359 3311 omnes

130 3344 334 3400 stabant.
375 3345 513 3400 Cum
554 3347 640 3402 his
680 3347 820 3402 mari
869 3363 928 3403 se
982 3350 1280 3406 admovens
1311 3348 1675 3404 transfretare
1783 3351 1990 3422 impetu
2025 3347 2529 3406 Chaeroboscianos
2582 3348 2934 3414 adoridntnr,
2991 3355 3048 3400 et
3090 3344 3360 3404 immissis

131 3436 172 3490 in
195 3439 358 3493 Asiam
388 3450 725 3507 teotaverat,
772 3456 883 3511 quo
914 3451 1162 3512 tempore
1198 3443 1310 3496 illic
1343 3450 1461 3496 erat
1485 3442 1676 3509 junior
1781 3443 1832 3500 vi
1866 3458 2083 3499 summa
2134 3442 2419 3513 equitibus
2455 3441 2509 3495 in
2544 3439 2758 3511 pedites
2791 3439 2941 3509 ipsos
2979 3439 3359 3495 internecione

129 3530 368 3598 Angustus
399 3532 659 3588 Michael.
691 3531 799 3588 Sed
828 3533 933 3589 hoc
957 3533 1078 3604 ejus
1100 3534 1332 3590 consilio
1361 3532 1648 3603 divulgato

1831 3537 1986 3599 slent,
2013 3536 2578 3603 circumventumque
2622 3533 2868 3602 undique
2918 3531 3355 3586 Chmroboscum

129 3619 200 3686 qui
223 3622 328 3676 loca
360 3623 448 3678 illa
486 3638 609 3677 cum
643 3631 915 3693 potestate
961 3624 1260 3690 tenebant,
1293 3624 1576 3679 audientes
1604 3625 1673 3676 ιὶ-
1775 3629 2066 3692 occidunt,
2129 3642 2239 3681 non
2292 3633 2479 3680 tamen
2523 3625 2708 3679 statim
2783 3636 2846 3678 ac
2896 3629 3186 3692 ceperunt,
3241 3621 3357 3677 Ali.

131 3725 433 3770 muernntne
469 3715 624 3785 plebs
646 3717 904 3782 agrestis,
938 3715 1147 3771 militiae
1167 3717 1344 3778 rudis.
1376 3717 1431 3771 in
1457 3725 1672 3771 certum
1779 3719 2022 3790 quandiu
2072 3719 2221 3774 enim
2274 3716 2522 3772 habitum
2577 3714 2634 3768 in
2676 3713 2919 3769 vinculis
2980 3713 3358 3783 permiserunt

129 3805 317 3860 exilium
351 3815 565 3863 temere
593 3816 802 3864 rueret.
823 3807 1194 3875 Quamobrem
1233 3806 1672 3877 comprehensus
1777 3827 1939 3867 orare
1967 3813 2249 3874 obsessos,
2285 3818 2346 3864 ut
2383 3809 2586 3880 lytrum
2622 3823 2722 3878 pro
2753 3821 2812 3863 se
2857 3807 3160 3870 solverent,
3200 3813 3356 3858 taxa-

131 3897 199 3949 ille
225 3899 484 3955 custodiae
513 3901 770 3956 traditur.
815 3900 922 3955 Sed
959 3915 1176 3956 menses
1209 3914 1407 3953 novent
1445 3913 1670 3953 carcere
1778 3916 1892 3959 tum
1926 3920 1955 3958 a
2003 3903 2185 3959 Persis
2233 3916 2448 3956 summa
2483 3913 2836 3954 nummorum
2896 3897 3353 3968 quingentorum.

129 3989 456 4058 τοιιίιῖειθιιιε,
492 3993 620 4048 inde
644 4001 834 4057 DOSlea
870 3995 1098 4063 elapsus
1132 3993 1198 4046 ad
1223 3991 1516 4047 ecclesiam
1541 4005 1670 4046 con-
1775 3997 1856 4051 Ad
1879 4011 1941 4051 ea
1967 3993 2452 4052 Cenchreensibus
2479 4006 2587 4045 non
2613 3998 2867 4060 prompte
2900 3989 3350 4054 occurrentibus,

129 4080 274 4148 fugit;
302 4086 390 4140 ubi
425 4086 806 4141 remissiorem
837 4096 1034 4140 nactus
1061 4085 1354 4141 stationem
1386 4083 1670 4154 prioribus
1775 4100 1834 4144 et
1870 4087 2148 4158 negligere
2173 4085 2524 4141 occasionem
2554 4083 2688 4140 visis
2723 4081 3050 4136 redimenda:
3085 4089 3164 4134 tot
3193 4097 3354 4134 nurn-

131 4172 214 4229 illis
241 4178 664 4246 cogitationibus
698 4194 761 4234 se
784 4179 1000 4244 reddit;
1045 4187 1101 4234 et
1129 4179 1274 4235 clam
1305 4176 1540 4233 ecclesia
1583 4193 1670 4232 re-
1783 4181 1889 4237 mis
1929 4180 2096 4234 unius
2156 4179 2377 4242 animm,
2415 4177 2555 4248 ipse,
2603 4175 2727 4246 cnja
2777 4173 3017 4230 maxime
3063 4173 3351 4237 intererat.

128 4269 293 4324 cedens
316 4272 537 4327 mistam
577 4270 755 4343 plebis
785 4272 950 4327 domo
988 4271 1236 4344 profugae
1287 4278 1434 4326 metu
1475 4271 1668 4326 Persa-
1785 4275 1854 4330 ad
1903 4290 1999 4330 eos
2027 4272 2438 4329 CLtnrolroscus
2496 4269 2804 4325 succedens
2829 4266 2936 4322 sub
2967 4281 3208 4329 murum,
3245 4265 3352 4319 lin-

129 4373 222 4413 rutn
259 4365 659 4420 multitudinem
705 4365 933 4437 colligit,
969 4380 1208 4436 cumque
1257 4366 1342 4420 bis
1371 4365 1664 4420 confestim
1770 4381 1873 4436 gua
1900 4363 2206 4437 Bulgariea,
2232 4361 2570 4434 hucujns
2598 4376 2800 4433 gnaros
2822 4377 2948 4417 esse
2972 4361 3118 4416 intus
3143 4359 3353 4414 sciebat

128 4465 168 4505 ct
197 4454 342 4528 443
375 4459 660 4530 inopinato
703 4473 857 4514 mare
907 4458 1140 4529 trajicit.
1204 4457 1485 4528 Urgebant
1513 4458 1662 4514 enim
1770 4460 1978 4531 aliquot
2018 4458 2242 4528 (Graecae
2277 4473 2437 4512 usum
2464 4457 2532 4511 de
2590 4456 2859 4512 industria
2893 4455 3106 4520 vitavit,
3153 4454 3348 4508 nolens

129 4544 286 4615 inopes
308 4551 395 4606 isti
424 4552 800 4608 necessarium
834 4551 939 4606 sibi
989 4551 1043 4605 in
1071 4565 1236 4621 agros
1274 4553 1483 4622 patrios
1511 4549 1632 4605 redi
1646 4575 1662 4588 ο
1696 4545 1744 4600 Ι)
1779 4553 2005 4622 intelligi
2042 4566 2074 4606 a
2120 4550 2309 4605 multis
2342 4549 2434 4620 qui
2467 4564 2528 4606 se
2565 4547 3031 4610 circumstabant,
3067 4545 3230 4613 hujus
3257 4559 3350 4612 pc-

131 4641 220 4688 ιιιιιι
249 4649 463 4709 propter
490 4641 776 4711 penuriam
819 4657 1004 4696 rerum
1039 4643 1308 4706 omnium,
1353 4657 1460 4712 qua
1499 4642 1664 4709 longo
1777 4647 1924 4711 ritis,
1949 4659 2069 4715 quae
2108 4642 2352 4708 dicebat)
2389 4643 2499 4696 alte
2541 4640 2920 4710 pronuntiavit
2975 4653 3038 4694 ea
3089 4653 3212 4705 quae
3249 4653 3349 4707 pu-

127 4722 213 4789 jam
243 4738 471 4800 tempore
511 4733 924 4801 premebantur.
957 4731 1144 4798 Quare
1167 4733 1311 4803 apud
1357 4748 1418 4788 se
1467 4733 1660 4786 decro-
1776 4738 1926 4792 tabat
1987 4733 2220 4789 valitura
2284 4731 2611 4786 inducendis
2675 4731 2742 4785 iis
2780 4730 2846 4784 ad
2907 4737 3184 4799 sumptum
3247 4744 3346 4783 sua

134 4830 293 4874 \‘erant
344 4825 577 4879 alterum
631 4826 890 4889 duorum,
949 4834 1044 4878 aut
1089 4826 1206 4879 suis
1281 4826 1335 4879 in
1405 4825 1662 4878 domibus
1773 4841 1943 4883 causa
1973 4825 2313 4882 faciendum.
2352 4821 2412 4877 In
2465 4821 2550 4876 Itis
2584 4820 2915 4890 praecipuam
2954 4817 3346 4877 babebatrim.

133 4911 279 4968 Vivere
300 4927 392 4970 aut
424 4917 630 4974 decore
659 4917 985 4973 occumbere
1023 4916 1338 4988 pugnando.
1377 4916 1470 4970 Sic
1514 4931 1664 4985 quze-
1772 4922 1922 4993 quod
1956 4921 2325 4990 pollicebatur
2377 4931 2457 4982 se,
2517 4915 2704 4969 statim
2753 4927 2817 4964 ac
2864 4910 3006 4964 foret
3065 4909 3346 4974 liberatus,

135 5001 230 5056 dam
278 5009 484 5077 species
513 5010 793 5066 exercitus
820 5009 1203 5066 Cbmrobosco
1263 5009 1497 5062 ductore
1545 5006 1658 5062 for-
1775 5013 1990 5082 insigne
2022 5008 2243 5079 aliquod
2282 5008 2496 5062 facinus
2524 5005 2577 5058 in
2611 5003 2874 5057 damnum
2914 5000 3204 5056 Persarum
3229 5002 3347 5054 edi-

136 5109 245 5150 mata
272 5111 368 5157 est.
403 5103 848 5174 Quarebantque
905 5103 1062 5158 “ide
1096 5103 1444 5158 οεοτιεὶοηειῐι
1497 5115 1660 5170 expe-
1773 5117 1980 5160 turum.
2021 5103 2188 5158 Erant.
2213 5118 2244 5156 c
2270 5098 2592 5154 custodibus
2615 5095 3053 5151 Chwroboscum
3089 5093 3191 5147 sub
3220 5108 3346 5145 mu-

135 5187 276 5243 riendi
319 5195 572 5250 conflictu
636 5210 760 5250 cum
819 5197 977 5250 hoste
1031 5193 1309 5250 fortunam
1360 5193 1513 5248 belli.
1579 5191 1658 5247 Ac
1772 5215 1865 5252 ros
1935 5192 2369 5267 producentibus
2424 5188 2647 5260 quidam
2707 5201 2815 5240 non
2876 5199 3104 5251 prorsus
3165 5183 3344 5253 ignari

137 5280 364 5352 Principio
401 5287 622 5358 quidem
668 5287 856 5357 plures
890 5287 943 5341 in
972 5301 1180 5358 paucos
1215 5287 1491 5341 irruentes
1523 5287 1659 5340 bene
1770 5295 1970 5360 lingua:
2002 5286 2320 5356 Bulgarirae.
2350 5281 2411 5335 lli
2435 5280 2763 5334 nuntiarunt
2793 5276 2976 5331 Persis
3007 5275 3139 5345 quid
3168 5275 3345 5344 capti-

137 5381 223 5425 rem
253 5386 544 5443 gesserunt.
579 5377 687 5446 Sed
715 5393 895 5433 saevus
925 5376 1015 5431 hic
1047 5383 1165 5432 erat
1197 5375 1432 5430 fortuna:
1469 5375 1656 5437 ludus,

1817 5401 1890 5449 ns,
1924 5382 2084 5448 cujus
2123 5373 2432 5432 liberatiuni
2457 5372 2690 5443 pretium
2724 5370 3152 5432 constituerant,
3177 5383 3341 5438 spon-

138 5457 352 5525 lactantis
390 5471 538 5541 ipsos
590 5470 735 5524 utin
788 5470 954 5524 fatale
987 5471 1336 5540 pertraheret
1399 5467 1654 5529 exitium,
1766 5474 1945 5527 (ιονοι,
1980 5468 2100 5534 Quo
2141 5467 2218 5520 illi
2253 5465 2471 5534 cngnito
2521 5461 2664 5517 haud
2717 5461 2852 5514 tanti
2881 5469 3137 5530 putarunt
3176 5461 3341 5529 quin-

141 5564 297 5617 1⁵³³⁸0³
319 5559 451 5618 idem
481 5561 633 5634 quod
669 5562 986 5617 urinatores
1013 5563 1215 5626 solent,
1246 5561 1451 5629 quibus
1483 5573 1656 5614 emer-
1768 5577 1961 5637 gentos
1989 5577 2263 5621 nummos.
2298 5571 2354 5611 ut
2391 5575 2496 5612 non
2526 5557 2748 5611 mallent
2776 5555 2896 5608 illos
2919 5552 3144 5623 perdere
3173 5566 3337 5621 quam

142 5645 250 5702 tisse
283 5655 434 5709 semel
498 5655 792 5710 eriterunt
845 5669 877 5709 e
917 5655 1136 5725 gurgite
1165 5655 1296 5708 facit
1343 5651 1556 5706 anilnos
1588 5651 1654 5704 ad
1771 5661 1985 5713 hostem
2041 5654 2246 5710 Persici
2313 5649 2555 5705 tmtttittls
2601 5647 3005 5718 implacabilem
3061 5643 3340 5699 dimittere

143 5740 316 5796 "imam
350 5747 679 5811 ῑθηιιηιίθιην
733 5747 788 5802 in
833 5763 940 5818 (μη
1003 5747 1223 5802 demum
1260 5753 1506 5814 Peream.
1557 5744 1653 5796 ίιιι·
1771 5753 2026 5808 liberum.
2067 5747 2375 5818 pratsettim
2411 5760 2534 5797 curn
2561 5742 2719 5794 abeo
2745 5738 2916 5794 semel
2951 5744 3164 5790 tantum
3194 5735 3340 5788 victo

143 5836 440 5898 meTSiOItctn.
475 5843 779 5900 Obsidebat
821 5843 1014 5914 ingens
1061 5859 1324 5898 numerus
1359 5839 1649 5894 Persarum
1779 5843 1979 5914 sapius
2033 5841 2136 5911 ipsi
2186 5839 2427 5912 superati
2489 5833 2764 5890 metuendi
2825 5844 3022 5887 causas
3053 5829 3338 5886 traherent.
