3860 6550
162 369 248 432 489

1049 373 1146 432 DE
1182 370 1618 433 ANDRONICO
1656 368 2124 432 PALrEOLOGO
2165 370 2292 430 UB
2350 373 2422 433 ν.

3266 357 3371 424 490

161 490 258 542 νέον
285 485 492 553 βασιλέα
542 485 992 558 προσκαθήμενον
1045 493 1108 560 τῇ
1158 489 1326 561 But-tiu
1360 509 1371 520 ·
1429 489 1541 544 ἀλλ’
1596 489 1695 541 οὐκ
1723 496 1769 550 Α
1799 485 2032 547 Τούτους
2065 486 2193 554 γοῦν
2226 487 2441 540 ίκανοῠν
2482 484 2545 537 ἐκ
2575 481 2682 537 τῶν
2713 478 2948 535 δυνατῶν
2995 475 3378 548 προθυμούμε-

161 580 342 630 ὲδὸκουν
363 577 650 645 mitigaret;
675 575 808 648 πρδς
835 579 1218 647 ἀνταγὼνισιν.
1259 582 1446 650 Ὅμως
1499 580 1691 650 φανέν-

159 687 246 724 των
276 669 582 740 ὼυλγάρων
602 673 730 742 περὶ
747 671 1050 736 Σωζόπολιν
1079 675 1107 726 ὁ
1137 672 1390 744 βασιλεὺς
1417 675 1690 743 ἐκπέμπει

160 764 340 830 minus
370 758 638 824 πλείστοις
661 762 754 814 τὸν
799 763 863 814 ὲκ
897 762 1221 832 Βουλγάρων
1279 763 1558 824 Βοσσίλαν,
1602 765 1692 817 τὸν

159 855 382 925 Σμίλτζου
411 854 501 906 καὶ
541 852 933 910 Ῥαδοσολάὸου
965 857 1196 910 ῢστατον
1239 857 1466 926 ἀδελφόν
1493 874 1506 888 ·
1540 857 1596 920 ὃς
1628 858 1692 928 δὴ

158 949 234 1002 καὶ
257 948 332 1000 διὰ
355 945 558 1016 ταχέων
585 947 834 1012 ἐπιστὰς,
875 951 972 1004 καὶ
1004 949 1169 1019 φόϐον
1218 949 1472 1020 ἐμϐαλὼν
1509 951 1570 1004 ού
1599 969 1694 1020 μι-

157 1042 265 1112 κρὸν
290 1041 393 1103 τοῖς
413 1039 647 1109 ἐχθροῖς,
677 1042 758 1104 είς
789 1043 970 1114 φυγὴν
998 1045 1308 1114 παραυτίκα
1346 1043 1538 1115 τρέπει
1569 1049 1693 1108 τοὺς

158 1135 390 1196 ἐπιόντας.
423 1136 531 1188 Καὶ
557 1133 652 1188 τὸν
680 1135 960 1201 Σκαφιδᾶν
991 1136 1238 1207 ποταμὸν
1273 1136 1693 1206 περαιουμένοις

157 1229 300 1290 οὕτως
339 1227 592 1298 ἀκόσμως
614 1227 938 1300 δυστύχημα
971 1215 1228 1300 συναντᾷ,
1261 1229 1356 1282 καὶ
1395 1230 1430 1298 ἠ
1479 1228 1693 1299 γέφυρα

158 1303 470 1386 καταπίπτει,
521 1322 617 1375 καὶ
667 1321 910 1393 ποταμὸς
965 1322 1217 1376 ἐντεῦθεν
1255 1322 1348 1376 καὶ
1388 1321 1539 1390 ξίφος
1570 1322 1697 1383 τοὺς

157 1411 340 1471 ἀθλίους
367 1411 764 1481 διεμεριζέτην,
799 1411 896 1465 καὶ
927 1413 1082 1482 φόνος
1107 1413 1206 1484 οὐχ
1245 1413 1274 1466 ὁ
1317 1412 1498 1497 [τυχὼν
1551 1411 1698 1477 γίνε-

155 1520 244 1556 ται.
267 1501 422 1555 Τοῦτο
454 1502 801 1572 Βουλγάρους
825 1504 1062 1574 ὀτρύνει,
1121 1505 1214 1558 καὶ
1263 1503 1413 1572 σφίσι
1468 1503 1696 1574 σύνηθες

156 1594 203 1646 ὃν
226 1595 476 1664 ἀναιμωτὶ
515 1596 641 1659 τοὺς
669 1597 980 1660 ἑαλωκότας
1010 1595 1292 1660 ἀπολύειν,
1352 1597 1522 1668 χωρὶς
1571 1597 1699 1666 μέν·

155 1703 220 1739 τοι
242 1687 342 1740 τῶν
371 1689 650 1755 ἐπιφανῶν
684 1692 780 1744 καὶ
815 1690 1088 1759 μεγάλων,
1123 1690 1198 1753 ὡς
1229 1690 1422 1762 μόνους
1459 1691 1693 1758 συμϐαί-

157 1795 248 1832 νειν
273 1779 484 1832 πίπτειν
509 1780 641 1844 τοὺς
678 1781 1106 1852 ἀνθισταμένους
1132 1782 1276 1836 κατὰ
1311 1781 1402 1838 τδν
1431 1783 1693 1852 πόλεμον,

157 1873 196 1926 οξ
224 1872 273 1926 δὲ
297 1871 430 1926 κατὰ
457 1873 556 1944 τὴν
603 1873 920 1944 Ἀνδριανοῦ
948 1874 1343 1944 προσϐαλόντες
1377 1876 1472 1928 καὶ
1499 1876 1566 1929 τὰ
1601 1875 1695 1930 λά-

158 1979 278 2031 φυρα
295 1963 698 2032 διαρπάζοντες,
734 1965 1046 2033 σφαλέντων
1071 1965 1178 2018 τῶν
1210 1964 1492 2036 ἡμετέρων
1525 1966 1695 2036 τύχης

159 2053 359 2124 istacin
387 2055 480 2106 καὶ
508 2055 589 2124 τῷ
610 2055 1033 2126 ἁλλοπροσάλλῳ
1061 2055 1155 2108 τοῦ
1195 2057 1260 2110 ’Ἀ
1272 2075 1414 2128 ρεος,
1464 2057 1696 2122 πολλοὺς

159 2144 234 2195 οὐκ
253 2143 530 2200 ἀπώκνουν
563 2145 829 2214 φονεύειν.
863 2147 1024 2200 Ὅθεν
1091 2149 1184 2202 καὶ
1233 2136 1484 2219 βασιλεὺς
1523 2151 1695 2222 ὑπερ-

165 2237 392 2308 πιθήσας,
417 2239 540 2292 ἐπεὶ
569 2237 674 2292 ἔδει
701 2241 794 2292 καὶ
826 2240 1020 2304 ἱκανὰς
1077 2245 1394 2314 συγκροτεῖν
1438 2244 1698 2315 δυνάμεις

166 2329 441 2398 ἐφίστασθαι
467 2331 714 2402 μέλλοντι
745 2333 810 2404 τῇ
835 2330 921 2404 [Ρ.
938 2332 1068 2407 309]
1105 2335 1441 2406 Ἀνδριανοῦ,
1465 2337 1696 2402 πολλοὺς

164 2424 240 2490 μέν
268 2441 411 2489 τινας
439 2415 504 2478 ὲκ
527 2426 628 2496 τῆς
663 2425 739 2480 ’έω
767 2430 1127 2499 συνηπείγετο
1164 2430 1692 2502 ἐμπειροπολέμους,

159 2513 264 2568 ἀλλὰ
281 2518 476 2586 γυμνοὶ
497 2517 607 2571 τῶν
639 2519 994 2590 ὑπαρχόντων
1021 2517 1162 2593 ἦσαν
1184 2517 1330 2575 οὗτοι
1348 2525 1440 2578 καὶ
1475 2523 1691 2588 ἐνδεεῖς.

158 2693 373 2750 fratrem.
405 2693 507 2750 llic
549 2697 808 2754 celeriter
847 2697 980 2756 illuc
1012 2713 1320 2759 occurrens
1370 2705 1697 2774 trepidatio-

161 2799 254 2840 nem
282 2785 467 2855 injecit
498 2802 610 2842 non
668 2789 946 2845 modicam
989 2791 1286 2860 hostibus;
1321 2802 1376 2848 et
1428 2806 1698 2867 quotquot

163 2891 214 2932 ex
243 2877 371 2947 ipsis
403 2881 598 2934 obvios
623 2881 837 2948 habuit,
885 2882 1028 2940 fusis
1063 2885 1291 2943 incursu
1323 2889 1503 2957 primo
1543 2888 1700 2961 fuga-

163 2971 332 3042 tisque,
370 2975 536 3029 etiam
589 2976 976 3046 persequendo
1024 2979 1230 3034 institit
1259 2979 1386 3052 fuga
1413 2983 1698 3053 trajicicns

162 3065 280 3121 tibus
307 3064 576 3122 Scafidam
629 3085 868 3138 amnem,
927 3071 1018 3126 ubi
1061 3072 1159 3140 -eis
1189 3074 1559 3132 infortunium
1602 3094 1698 3134 oc-

1795 593 1902 639 vo:,
1963 578 2029 630 τὰ
2091 579 2258 632 πολλὰ
2291 579 2399 631 τῶν
2435 577 2579 632 ἰδίων
2613 575 2842 639 σκευῶν,
2889 574 2990 646 ὅσα
3025 569 3228 643 χρυσοῦ
3281 573 3378 624 καὶ

1794 668 2036 739 ἀργύρΰυ
2099 665 2240 736 ἦσαν
2306 669 2732 739 ἐξειργασμένα,
2794 665 3233 735 συνοτρυνούσης
3297 664 3378 723 ei;

1795 761 1952 814 τοῦτο
1984 764 2076 814 καὶ
2099 765 2196 832 τῆς
2229 763 2546 831 Αὑγούστης
2571 761 2784 830 Μαρίας
2819 761 2908 830 (τὰ
2931 762 3040 829 γὰρ
3069 759 3294 810 πλεῖστα
3315 759 3378 806 ἐκ

1795 852 1901 904 τῶν
1934 854 2101 923 αὐτῆς
2130 849 2268 925 ἦσαν
2317 854 2630 924 προικῴων,
2675 849 2748 908 ὧν
2785 851 2996 907 οἴκοθεν
3052 850 3375 920 ἐπεφέρετο)

1797 943 2002 1013 πέμπει
2059 947 2193 1017 πρὸς
2244 947 2418 1010 πόλιν,
2467 947 2548 1010 εἰς
2601 953 2841 1016 νόμισμα
2909 947 3079 999 ταῦτα
3139 943 3376 1014 κοπῆναι

1796 1039 2178 1106 προστάσσων.
2209 1039 2272 1092 Ὅ
2307 1040 2371 1110 δὴ
2399 1041 2622 1110 γεγονὸς
2645 1039 2742 1109 τὴν
2774 1039 3058 1110 ταχίστην,
3079 1037 3174 1091 καὶ
3207 1054 3376 1106 στρα-

1795 1128 1886 1178 τὸν
1917 1129 1996 1190 εἰς
2037 1128 2346 1197 χιλιοστύας
2415 1130 2932 1201 ὲξετοιμασάμενος,
2997 1129 3090 1180 ἐπὶ
3139 1127 3239 1195 τῆς
3286 1128 3378 1178 Ἀ·-

1797 1216 2014 1289 δριανοῦ
2043 1221 2140 1272 σὺν
2171 1221 2350 1292 πολλῷ
2381 1221 2452 1292 τῷ
2481 1222 2674 1293 Οάῤῥει
2704 1223 2854 1292 σφίσι
2885 1222 3210 1292 συνεξορμᾷ.
3269 1221 3379 1273 ΚΛ.

1797 1311 1896 1380 τὴν
1929 1312 2242 1380 Αύγοῦσταν
2272 1315 2388 1366 ἐκεῖ
2416 1315 2753 1377 καταλιπὼν,
2801 1315 3066 1384 πρότερον
3100 1313 3198 1384 τὴν
3248 1314 3380 1365 Θεο-

1797 1403 1954 1456 τόκον
1989 1405 2440 1476 ποτνιασάμενος,
2477 1407 2617 1462 κατὰ
2640 1407 2730 1460 τὸν
2774 1406 2880 1472 ἔξω
2937 1406 3120 1476 ζυγὸν,
3173 1407 3229 1458 ὃν
3281 1408 3378 1460 καὶ

1809 1491 2119 1560 Ῥωμανίαν
2165 1497 2459 1564 λέγουσιν,
2515 1500 2735 1570 εἰκοστῇ
2801 1499 2962 1570 τρίτῃ
3010 1497 3378 1559 Ποσειδεῶνος

1797 1587 2036 1654 ἀρεῖκῶς
2061 1589 2354 1654 εἰσϐάλλει,
2390 1593 2482 1644 καὶ
2511 1591 2580 1645 τὰ
2632 1593 2742 1646 ἀπὸ
2783 1591 3154 1662 Ῥεαχούϐεως
3197 1592 3286 1644 καὶ
3322 1595 3379 1653 ἐς

1798 1675 2050 1730 Στίλὸνον
2115 1679 2279 1750 μέχρι
2325 1679 2418 1733 καὶ
2459 1681 2706 1750 Κὸψεως,
2739 1679 2838 1751 τὴν
2885 1678 3120 1734 παλαιὰν
3186 1696 3380 1750 παροι-

1784 1763 1930 1837 μίαν
1955 1771 2370 1842 ἀνανεούμενος,
2403 1772 2554 1826 λείαν
2602 1775 2806 1828 Μυσῶν
2834 1774 3230 1844 ἀπεργάζεται,
3284 1772 3380 1824 καὶ

1797 1861 1888 1913 τὸν
1929 1861 2264 1934 Ἐλτιμηρῆν
2302 1859 2602 1922 ἀποκλείειζ
2644 1865 2810 1930 Αὖθις
2850 1865 2907 1919 δὲ
2937 1866 3005 1920 τὰ
3033 1867 3195 1936 ὃμοια
3247 1866 3382 1934 δρά-

1800 1971 1896 2020 σας
1922 1957 2014 2008 καὶ
2037 1956 2123 2025 ἐφ’
2155 1959 2390 2028 ἡμέραις
2411 1957 2511 2030 τὴν
2541 1959 2650 2012 τῶν
2686 1961 2947 2014 ἐναντίων
3003 1961 3377 2027 καταδραμὼν

1801 2047 1938 2116 πρὸς
1977 2047 2296 2117 Ὀρεστιάδα
2317 2049 2778 2118 έπαναζεύγνυαι.
2834 2049 3000 2103 Ταῦτ’
3041 2051 3380 2115 ἀκουσθέντα

1799 2140 1862 2191 ὲκ
1889 2138 1998 2193 τῶν
2030 2141 2166 2211 πρὸς
2191 2143 2291 2212 τὴν
2313 2143 2634 2212 Αύγοῦσταν
2658 2143 2878 2216 Μαρίαν
2898 2143 2989 2197 τοῦ
3020 2143 3253 2214 ἀδελφοῦ
3286 2145 3380 2196 τοῦ

1801 2229 2058 2296 βασιλέως
2099 2233 2373 2306 Θεοδώρου
2431 2238 2776 2308 γραμμάτων
2805 2278 2819 2300 ,
2868 2239 2900 2307 ή
2947 2239 3232 2309 ὁμωνυμία
3282 2239 3383 2306 τῆς

1811 2321 2186 2394 Ῥεαχούεῖεως
2261 2323 2490 2398 Θόρυῧον
2559 2331 2780 2398 ἐμποιεῖ
2826 2328 3054 2400 βασιλεῖ.
3113 2331 3218 2384 Τὸν
3271 2330 3384 2399 γὰρ

1800 2415 2051 2489 Στίλϐνον
2080 2419 2234 2483 εἰδὼς
2271 2422 2336 2472 ἐκ
2365 2437 2438 2490 φη
2451 2420 2566 2491 μῶν
2596 2423 2690 2476 καὶ
2720 2423 2818 2493 τὴν
2869 2423 3062 2494 Κόψιν,
3123 2426 3243 2477 ἐπεὶ
3291 2423 3386 2476 καὶ

1801 2507 2050 2579 περὶτῆς
2087 2503 2468 2580 Ῥεαχούσεως
2484 2513 2705 2582 ἐρωτῶν
2728 2513 2897 2583 ἐγγὺς
2927 2513 3040 2568 τῶν
3059 2514 3223 2586 ὁρίων
3249 2514 3384 2583 Τερ-

1801 2710 2070 2764 expensa,
2095 2709 2220 2750 eum
2254 2693 2414 2766 longe
2445 2697 2596 2766 plura
2634 2710 2722 2752 res
2758 2703 3036 2766 posceret,
3093 2709 3163 2752 ne
3211 2695 3386 2765 impe-

1809 2795 2034 2848 ratoriae
2065 2793 2290 2864 quidem
2325 2793 2654 2864 supellectili
2704 2793 2796 2846 tali
2829 2795 3124 2850 occasione
3153 2809 3390 2864 parcen-

1810 2887 1941 2940 dum
1985 2887 2216 2950 ducens,
2278 2901 2402 2958 quae
2434 2902 2565 2944 vasa
2597 2886 2762 2960 447
2819 2902 2986 2944 aurea
3026 2897 3083 2943 et
3119 2897 3386 2960 argentea

1803 2981 2076 3034 extulerat
2108 2981 2174 3036 ad
2212 2981 2490 3036 familiare
2540 2981 2938 3046 ministerium,
2981 2980 3212 3038 conﬂari
3241 2991 3297 3036 et
3329 2983 3384 3036 in

1809 3088 2070 3126 nummos
2105 3073 2314 3142 signari
2343 3073 2534 3144 jussit,
2581 3077 2726 3130 ultro
2759 3075 2824 3132 ad
2859 3075 2912 3130 id
2965 3076 3146 3144 ipsum
3176 3072 3388 3128 adhor-

161 3161 322 3213 currit.
352 3160 497 3217 Pons
541 3163 686 3217 enim
753 3164 889 3233 ipsis
925 3168 1345 3222 transeuntibus
1375 3173 1700 3229 ‘concidens
1729 3175 1774 3234 ϐ
1808 3173 1958 3218 lanic-
1985 3163 2154 3218 Μαι-ἰν
2183 3167 2428 3237 Augusta
2461 3166 2639 3236 ipsius
2663 3169 2924 3241 conjuge,
2959 3167 3122 3238 cujus
3165 3182 3228 3222 ea
3275 3167 3389 3239 ple~

162 3248 337 3307 flumini
383 3263 435 3309 et
483 3255 666 3326 gladio
722 3259 958 3314 miseros
1019 3259 1232 3321 divisit.
1281 3265 1478 3332 partim
1537 3269 1700 3322 undis

163 3343 380 3407 hattstos.
417 3349 613 3416 partim
642 3364 815 3406 caesos
846 3351 994 3408 ferro
1017 3355 1364 3412 instantium.
1395 3357 1492 3415 llic
1518 3369 1700 3416 tamen

163 3437 429 3494 militantes
475 3439 741 3498 Romanis
805 3442 1026 3516 Bulgari
1063 3462 1272 3504 morem
1325 3453 1566 3520 patrium
1620 3460 1703 3509 te-

164 3541 394 3599 uerunt,
450 3535 713 3604 parcendi
765 3538 1016 3596 hostibus
1071 3543 1212 3598 bello
1271 3544 1450 3614 captis
1497 3561 1704 3618 eosque

173 3620 346 3680 illasos
399 3627 734 3682 dimittendi.
763 3629 930 3686 Abire
985 3633 1154 3702 igitur
1185 3634 1498 3693 incolumes
1557 3640 1704 3710 passi

165 3725 266 3770 sunt
294 3721 602 3790 plerosque,
639 3721 1037 3780 illustriorihus
1069 3730 1341 3797 exceptis,
1375 3729 1448 3784 ita
1475 3739 1532 3785 ut
1563 3740 1704 3801 prae-

167 3813 233 3861 ter
254 3827 341 3868 eos
371 3816 466 3882 qui
498 3815 552 3868 in
575 3814 836 3872 conﬂictu
865 3827 1177 3889 pugnantes
1203 3823 1540 3891 ceciderant,
1575 3827 1704 3882 reli-

165 3902 237 3968 qui
259 3919 444 3976 magno
472 3922 726 3976 numero,
745 3912 1192 3968 concedentibus
1217 3913 1541 3983 victoribus,
1567 3917 1705 3975 salvi

166 3997 466 4054 recederent.
492 3999 557 4054 Hi
591 4017 786 4060 rursus
813 4019 980 4059 manu
1010 3988 1250 4062 facta'in
1283 4022 1476 4078 agrum
1500 4010 1704 4065 Adria-

165 4086 390 4150 nopolros
432 4090 728 4156 irruentes,
760 4095 952 4163 praelio
1013 4096 1260 4153 secundo
1307 4114 1433 4154 cum
1495 4101 1704 4159 nostris

166 4173 303 4264 facto,
345 4190 710 4252 prater-quam
757 4186 938 4257 spolia
999 4203 1266 4246 cmsorum
1329 4193 1703 4264 diripuerunt,

169 4261 301 4352 etiam
333 4287 471 4342 quos
499 4277 650 4331 viros
687 4289 986 4348 potuerunt
1015 4297 1212 4352 capere
1243 4299 1271 4340 e
1294 4261 1564 4344 Romanis
1598 4261 1705 4342 mi;

170 4351 328 4410 litibus
348 4367 633 4451 Inarimes,
655 4371 797 4426 haud
827 4373 944 4444 pari
973 4351 1096 4442 ejus
1126 4391 1231 4445 qua
1260 4393 1385 4434 cum
1415 4381 1552 4451 ipsis
1585 4391 1708 4438 erat

171 4457 344 4514 acl“In.
375 4442 746 4518 "riserunt-dia
806 4465 1196 4536 impertierunt
1233 4489 1247 4524 :
1292 4487 1404 4527 non
1434 4442 1579 4528 enim
1608 4489 1708 4544 pe-

1807 3272 1980 3326 raque
2017 3257 2224 3313 dotalia
2255 3271 2414 3314 erant
2443 3261 2608 3325 bona,
2649 3261 2814 3316 domo
2845 3269 3100 3330 paterna,
3151 3260 3280 3317 dum
3319 3261 3387 3317 ad

1818 3349 2038 3420 nuptias
2082 3349 2364 3406 Michaelis
2411 3353 2726 3417 duceretur,
2783 3353 2950 3408 elata.
2998 3353 3075 3408 lix
3115 3353 3200 3410 his
3237 3351 3386 3408 Con-

1808 3443 2222 3514 stantinopolim
2281 3444 2468 3501 missis
2523 3453 2577 3498 et
2617 3444 2736 3499 illic
2792 3445 2944 3502 cusis
3005 3445 3059 3500 in
3108 3453 3382 3499 monetam

1809 3533 2096 3589 confestim
2124 3543 2322 3589 auctus
2369 3535 2602 3605 pecunia
2635 3534 2891 3600 Michael,
2931 3535 3227 3590 multorum
3262 3535 3390 3588 mil-

1809 3628 1942 3683 lium
1979 3629 2222 3684 exercitu
2253 3637 2466 3698 parato,
2493 3645 2618 3684 cum
2647 3630 2752 3684 hoc
2786 3628 3201 3700 Adrianopolim
3249 3628 3388 3682 fidu-

1809 3723 1896 3778 cia
1953 3738 2150 3794 magna
2208 3739 2268 3779 se
2326 3723 2586 3779 contulit.
2645 3722 2836 3793 Ibique
2873 3723 3117 3792 Augusta
3174 3723 3386 3788 relicta,

1810 3812 1962 3884 prius
2004 3811 2293 3884 Deiparam
2347 3823 2666 3880 veneratus,
2717 3816 2771 3868 in
2805 3815 3084 3883 regionem
3115 3813 3250 3883 jugo
3293 3831 3389 3868 ec-

1809 3906 1997 3962 teriori
2031 3907 2366 3976 subjectam,
2397 3921 2561 3978 quam
2589 3916 2639 3962 et
2667 3905 2992 3960 immanium
3043 3915 3262 3972 vocant,
3305 3909 3389 3958 vi-

1810 3999 2014 4053 cesima
2054 4000 2217 4054 tertia
2254 3999 2487 4070 Augusti
2536 3999 2624 4054 die
2651 3997 2928 4054 hostiliter
2958 3999 3214 4061 incurrit,
3265 4008 3318 4054 et
3354 4014 3385 4052 a

1810 4088 2090 4145 Reaclnbi
2129 4090 2196 4144 ad
2228 4089 2527 4156 Stiibuum,
2556 4091 2681 4144 hinc
2705 4103 2882 4158 usque
2923 4089 2990 4144 ad
3023 4087 3267 4158 Copsim,
3297 4107 3389 4142 ve-

1813 4191 1981 4237 terem
2025 4197 2299 4238 renovans
2355 4181 2702 4252 partemiam,
2745 4187 2944 4236 cuncta
2995 4181 3098 4234 late
3141 4181 3380 4250 pt'azdattt

1812 4275 2087 4345 Mysorum
2123 4277 2274 4342 fecit,
2301 4276 2729 4346 Eltimeremque
2760 4273 3022 4331 exclusit.
3056 4268 3196 4327 [line
3220 4284 3384 4327 cursu

1813 4384 2102 4435 converso,
2132 4369 2252 4439 pari
2295 4370 2454 4424 obvia
2487 4369 2739 4424 vastandi
2771 4367 3037 4422 felicitate
3074 4364 3214 4452 alias
3242 4382 3384 4436 quo-

1816 4477 1922 4531 que
1961 4464 2203 4517 hostium
2237 4472 2416 4517 terras
2453 4461 2750 4518 incursans
2797 4460 2865 4515 ad
2888 4460 3230 4515 Orestiadem
3268 4475 3390 4527 per-

172 4549 429 4602 percerunt
460 4545 755 4616 plerosque
784 4533 1062 4615 οροίαρι-ε,
1107 4562 1324 4618 Accidit
1357 4579 1418 4618 ea
1455 4563 1586 4620 belli
1609 4533 1709 4622 ὀί..
1737 4533 1785 4590 D
1821 4555 1990 4608 venit.
2027 4555 2154 4610 lltec
2185 4556 2402 4626 cognita
2447 4554 2932 4622 Constantinopoli
2987 4553 3224 4624 primum
3257 4561 3389 4607 sunt

173 4626 322 4685 fensio
343 4637 543 4692 nostris
583 4641 748 4694 rebus
779 4650 1250 4718 perincommoda,
1281 4655 1498 4711 fortuna
1557 4672 1708 4714 more

173 4733 254 4772 suo
273 4734 323 4777 et
351 4723 518 4782 Marte
541 4731 690 4784 vario
713 4733 858 4788 vices
891 4751 1250 4798 suceessuum
1278 4746 1704 4805 alternantibus.

176 4811 248 4868 Isti
267 4815 410 4874 facta;
439 4823 780 4880 alienissimo
816 4837 1057 4899 tempore
1081 4834 1315 4903 iacturae
1357 4840 1710 4896 Vehementer

173 4903 414 4974 Augustus
433 4914 622 4982 junior
649 4917 917 4987 indoluit;
943 4937 1008 4979 ac
1032 4928 1287 4993 quoniam
1323 4947 1420 4998 per
1450 4919 1705 4988 infestam

175 5001 416 5093 temonem
476 5009 774 5068 hostilibus
853 5015 1172 5076 incursibus
1245 5027 1706 5093 proficiscendum

174 5089 256 5156 ipsi
283 5095 684 5170 Adrianopolim
721 5115 862 5172 erat,
896 5125 1124 5168 necesse
1151 5115 1360 5172 habens
1387 5111 1586 5174 idoneo
1616 5135 1710 5174 co-

178 5182 272 5246 pias
308 5203 525 5249 numero
561 5197 818 5254 alicunde
851 5216 1073 5272 cogere,
1117 5210 1321 5264 inultos
1355 5211 1467 5266 illic
1521 5227 1708 5282 reper-

177 5283 247 5374 tos
266 5283 397 5340 viros
439 5289 608 5346 fortes
656 5301 709 5346 et
754 5295 877 5350 belli
907 5301 1272 5368 experientes,
1331 5304 1423 5374 qui
1473 5307 1602 5360 olim
1654 5308 1706 5361 in

177 5363 365 5429 Oriente
395 5381 778 5445 militaverant.
808 5391 1155 5448 conscribere
1186 5410 1250 5450 ac
1292 5397 1375 5451 sic
1400 5398 1706 5454 exercitum

177 5466 392 5530 supplere
413 5475 926 5533 constituit.Verum
947 5480 1004 5545 ii,
1031 5486 1176 5552 quod
1201 5490 1424 5546 amissis
1451 5492 1708 5548 domibus

181 5563 370 5654 Peregre
397 5567 604 5637 profugi
636 5576 881 5625 extrema
921 5589 1102 5630 rerum
1158 5581 1403 5635 omnium
1463 5593 1709 5654 egestate

185 5651 552 5723 Premebantur,
584 5661 856 5720 vestiendi
884 5668 1098 5723 scilicet
1127 5679 1289 5741 atque
1326 5651 1577 5730 armandi
1610 5694 1709 5730 nu-

186 5741 474 5828 tueratisque
519 5755 842 5810 anetorandi
913 5759 1204 5828 stipendiis
1239 5760 1412 5818 fuere.
1477 5767 1559 5820 Ad
1603 5768 1708 5822 hoc

178 5820 437 5898 Augustus,
461 5855 860 5914 quamcumque
887 5850 952 5903 ad
978 5867 1200 5905 manutn
1229 5856 1441 5922 habuit,
1479 5863 1706 5926 pecunia

450 5931 714 5997 Ριτιιοι..
755 5943 869 6002 Gn.
917 5944 1184 6008 CXLW.

1819 4646 2018 4701 litteris
2045 4663 2111 4702 eo
2137 4645 2496 4716 Adrianopoli
2556 4646 2742 4700 missis
2773 4646 2842 4700 ab
2893 4646 3142 4715 Augusta
3190 4643 3384 4708 Maria,

1811 4755 1952 4809 quas
1983 4740 2048 4793 ad
2083 4740 2230 4795 illam
2257 4755 2323 4795 ex
2353 4740 2475 4809 ipso
2520 4738 2766 4794 exercitu
2802 4739 3029 4792 dederat
3065 4737 3387 4791 Theodorus

1812 4836 2097 4891 Michaelis
2131 4838 2360 4906 Augusti
2421 4836 2612 4892 frater.
2645 4835 2860 4902 Quibus
2911 4835 2992 4890 sic
3040 4834 3388 4888 Andronicus

1815 4929 2116 4998 imperator
2147 4930 2348 4986 auditis
2379 4931 2634 4984 turbatus
2677 4943 2976 4998 parumper
3001 4937 3108 4992 est,
3139 4928 3384 4982 animum

1812 5021 2068 5092 dividens
2135 5021 2192 5075 in
2278 5021 2700 5076 admirationem
2792 5029 2850 5076 et
2925 5019 3386 5076 sollicitudinem.

1811 5113 1990 5172 Causa
2025 5116 2411 5170 commotionis
2442 5116 2545 5170 fuit
2574 5115 2930 5186 homonymia
2961 5116 3197 5168 duorum
3232 5113 3380 5168 loco-

1812 5225 1960 5273 rum,
2000 5223 2122 5278 qua:
2157 5207 2374 5264 diversa
2405 5209 2549 5264 etab
2583 5208 2823 5262 invicem
2856 5208 3016 5276 longe
3051 5204 3242 5260 dissita
3277 5218 3387 5256 uno

1814 5315 1994 5356 tamen
2023 5313 2078 5356 ct
2128 5303 2319 5356 eodem
2382 5301 2700 5357 Reacltuhis
2743 5302 3088 5372 appellantur
3145 5299 3388 5351 nomine.

1814 5395 1982 5451 Norat
2022 5395 2110 5450 ille
2131 5411 2194 5448 ex
2232 5395 2394 5458 fama,
2427 5395 2514 5448 ubi
2547 5395 2814 5461 Stilbntts,
2853 5394 2943 5449 ubi
2971 5391 3165 5460 Copsis
3201 5405 3390 5446 essent

1814 5491 1955 5545 sitae.
2009 5489 2283 5555 Quoniam
2319 5498 2496 5543 autem
2525 5489 2691 5543 alium
2727 5493 3024 5544 terminum
3057 5485 3394 5552 deprtcdata.

1815 5600 1936 5637 rum
1965 5599 1994 5637 a
2023 5582 2296 5638 Michaele
2324 5585 2572 5653 Augusm
2603 5593 2876 5636 terrarum
2922 5579 3216 5634 memorari
3247 5576 3391 5631 lica-

1814 5677 2019 5730 chttbin
2067 5676 2314 5740 videbat,
2356 5687 2410 5731 et
2471 5675 2540 5730 de
2596 5677 2696 5730 hac
2745 5683 3080 5745 percontans
3130 5670 3393 5724 audiebat

1817 5773 2186 5844 propinquum
2229 5771 2380 5826 hunc
2412 5771 2592 5823 locum
2629 5784 2752 5823 esse
2789 5766 2992 5820 finibus
3027 5763 3266 5818 Ternobi
3303 5779 3326 5816 r
3362 5791 3392 5806 -

1816 5864 1916 5936 gite
1951 5865 2108 5919 urbis
2157 5864 2515 5934 Bulgat'orum
2555 5879 2583 5914 a
2639 5860 2883 5923 meridie,
2935 5873 3042 5910 non
3073 5856 3195 5926 plus
3225 5870 3392 5926 quam

2947 5947 3021 6007 16
