3848 6548
201 466 288 525 497

1086 474 1185 533 DE
1222 473 1659 534 ANDRUNILO
1702 474 2159 537 PALrEOLOGO
2200 476 2347 537 LIB.
2389 477 2461 537 V.

3300 470 3408 535 498

189 578 338 639 πάθος
374 594 463 632 και
514 579 680 633 αὑτὸν
715 583 822 637 τῶν
857 585 990 656 πρὸς
1030 586 1092 638 τδ
1128 588 1227 659 ζῇν
1267 587 1577 658 ἀποροῦντα
1629 587 1723 658 θη·
1753 589 1799 649 Α
1831 593 1926 644 καὶ
1961 564 2183 657 είκαίως
2241 588 2395 657 οὗτος
2450 592 2633 646 ἐπόνει
2690 588 2786 644 καὶ
2832 586 3203 659 ἐδυσχέραινε.
3255 589 3411 644 Μετὰ

184 668 333 730 τείαις
365 671 553 735 ἐδίῗου,
608 673 681 726 δι’
712 668 787 728 ὧν
821 676 1189 747 ἐπολυωρείτο
1242 683 1353 743 τοῖς
1378 681 1716 748 ἀναγκαίοις,

184 763 270 816 κᾶν
302 762 369 833 μὴ
404 763 629 834 μόνιμος
666 761 735 836 ἦν
767 768 867 837 τὴν
902 771 986 838 ἐφ’
1047 771 1128 824 ἐνὶ
1174 770 1410 844 δεσπότῃ
1470 772 1716 840 θητείαν,

183 855 297 909 ἀλλὰ
339 857 456 920 τοὺς
488 857 760 923 δεσπότας
804 861 1108 916 ἀλλάττων.
1160 863 1547 933 Θητεύειγοῦν
1582 864 1720 934 πρὶς

182 952 275 1012 τοῖς
297 949 493 1016 λοιποῖς
540 953 636 1006 καί
658 971 778 1014 ⁴τινι
806 956 1099 1028 Πηγωνίτῃ
1142 957 1405 1027 τοῦνομα,
1432 957 1526 1011 τοῦ
1557 973 1720 1027 περι-

182 1042 353 1111 φανοῦς
376 1060 474 1096 που
521 1047 630 1099 νεὼ
660 1048 772 1101 τῶν
811 1048 1165 1120 θεοκηρύκων
1207 1052 1437 1120 ἔγγιστα
1478 1050 1721 1121 καταμέ-

126 1222 131 1227 .
182 1151 317 1189 νοντι.
366 1135 550 1209 Τούτῳ
609 1141 733 1193 κατ’
788 1142 995 1213 δναρή
1043 1146 1255 1216 μάρτυς
1296 1144 1585 1213 ἐφίσταται
1627 1144 1721 1195 καὶ

182 1229 437 1297 παρθένος,
477 1233 573 1285 καῖ
620 1235 723 1303 τὴν
769 1235 908 1304 πρὸς
966 1237 1058 1290 τὸν
1087 1253 1224 1290 νεων
1257 1236 1475 1298 πάντως
1505 1236 1723 1304 ἐκείνης

182 1323 260 1375 σὺν
284 1322 424 1392 κηρῷ
449 1341 511 1376 τε
540 1326 636 1380 καὶ
669 1326 979 1398 θυμιάματι
1016 1330 1384 1400 παραγγέλλει
1413 1329 1617 1396 ἄφιξιν.
1665 1328 1722 1380 Ὀ

181 1414 216 1467 δ’
236 1415 510 1484 ἐγείρεται,
537 1420 629 1471 καὶ
652 1420 893 1490 σχήματι
932 1420 1079 1491 μόνῳ
1127 1421 1486 1492 προσῃτηκὼς
1524 1420 1591 1474 τὰ
1622 1422 1723 1487 ἁγ-

184 1504 422 1602 γελθέντα,
442 1507 537 1560 καὶ
560 1507 741 1563 λαϐὼν
769 1508 1054 1575 ξυνιέντων
1077 1511 1184 1564 τῶν
1205 1512 1534 1575 ἀκουόντων,
1556 1527 1724 1579 προσ-

183 1598 334 1667 τρέχει
359 1598 434 1670 τῷ
466 1601 581 1672 ναῷ
614 1602 709 1655 καὶ
739 1603 827 1672 ἐφ’
854 1602 1025 1674 ίκανῷ
1054 1605 1365 1670 ποτνιᾶται,
1392 1604 1487 1656 καὶ
1516 1603 1593 1673 τῷ
1625 1601 1724 1670 τῆς

183 1691 479 1759 φωταγωγοῦ
507 1692 676 1763 ἐλαίῳ
711 1693 982 1764 χρισθεὶς,
1021 1692 1204 1749 πεσὼν
1254 1695 1360 1747 ὑπὸ
1386 1693 1554 1757 πόδας
1585 1693 1727 1747 κατὰ

182 1783 229 1833 τὸ
246 1781 454 1854 σύνηθες
507 1785 696 1854 ἱκέτης
729 1789 797 1857 τῇ
838 1789 1078 1858 μάρτυρι
1109 1787 1342 1854 γίνεται.
1393 1785 1726 1850 Ἐπαναζευ-

183 1874 288 1941 γνίις
309 1875 351 1929 δ’
386 1877 600 1930 ἐκεῖθεν
630 1878 776 1945 ἔδοξε
817 1878 879 1932 τὸ
906 1875 999 1944 οῦς
1031 1878 1389 1950 ἐνοχλεῖσθαι.
1454 1878 1724 1941 Πολλάκις

185 1968 227 2021 δὲ
255 1970 526 2037 κνωμένου
550 1970 629 2040 τῷ
656 1971 865 2044 λιχανῷ
893 1973 1148 2026 ἐκπίπτει
1178 1972 1386 2025 ἐκεῖθεν
1410 1964 1629 2031 αὐτίκα.
1649 1971 1724 2032 ὡς

187 2060 344 2120 ἐδόκει,
368 2062 611 2130 ζωῦφιον
643 2063 885 2133 ἔμπνουν
909 2082 969 2117 τε
997 2065 1093 2118 καὶ
1124 2065 1454 2135 ὑπόπτερον,
1488 2065 1515 2117 ὃ
1545 2062 1609 2134 δὴ
1632 2063 1726 2117 καὶ

190 2153 436 2222 ἀφωμένου
482 2154 539 2208 ὲν
562 2154 803 2224 θαύματι
830 2156 927 2208 καλ⁵
954 2156 1092 2226 πρὸς
1121 2156 1335 2225 ἄμυναν
1384 2156 1556 2218 ἰόντος
1587 2157 1727 2223 ἁφα-

195 2244 615 2314 νὲςπαραχρῆμα
650 2246 880 2313 γίνεται.
921 2247 1111 2313 Ἔδοξε
1160 2247 1204 2302 δ’
1250 2248 1400 2316 ὅμως
1445 2247 1631 2318 ῥαΐσαι
1668 2245 1729 2301 τὸ

196 2337 468 2405 ἐμφωλεῦον
520 2339 606 2411 [Ρ.
644 2337 773 2410 5M]
810 2339 1004 2404 ἄλλως,
1066 2340 1163 2393 καὶ
1198 2340 1255 2392 ὲν
1313 2341 1578 2409 χρησταῖς
1610 2339 1730 2399 ταῖς

190 2430 361 2483 ἐλπίσιν
392 2426 486 2502 ἦν.
536 2430 675 2483 Ἀλλ’
710 2431 997 2500 ἐφίσταται
1044 2435 1112 2503 τῇ
1143 2432 1293 2502 οἰκίᾳ
1320 2422 1538 2500 δμοίως
1590 2431 1730 2500 ἔχων

192 2522 264 2573 καὶ
285 2519 425 2585 αὖθις
467 2520 564 2574 τοῦ
599 2522 829 2585 πάθους.
886 2523 950 2575 Οἱ
1001 2523 1101 2594 μὲν
1130 2523 1204 2585 ὡς
1236 2524 1296 2575 τὸ
1322 2523 1495 2576 πάλαι
1525 2524 1583 2576 τὸ
1619 2523 1730 2593 πῦρ

192 2608 386 2664 διένευον
408 2612 779 2674 ὑπανάπτειν,
809 2613 1068 2684 φέροντες
1094 2614 1319 2684 ἄλευρα,
1341 2613 1368 2665 ὀ
1400 2613 1444 2666 δ’
1476 2612 1731 2681 ἐμπεσὼν

195 2702 337 2770 ἐφύσα
358 2704 576 2772 λιγέως.
612 2707 753 2758 Ἀλλ’
784 2704 909 2759 οῦτε
942 2706 1074 2774 φλὸξ
1095 2702 1237 2777 ὦρτο
1257 2705 1379 2759 οὔτε
1411 2707 1521 2777 πῦρ
1548 2707 1733 2759 θεσπι-

191 2795 435 2869 δαὲςίαχε,
474 2799 616 2853 κατὰ
642 2800 886 2871 ποίησιν,
911 2799 1070 2870 μόνος
1092 2799 1135 2853 δ’
1168 2800 1474 2871 ὐπετύφετο
1505 2799 1730 2865 καπνός,

194 2976 311 3030 tanti
340 2986 528 3032 sancta
562 2987 770 3051 martyr
806 2990 859 3036 et
885 2980 1037 3053 virgo
1090 2997 1187 3052 per
1208 2997 1463 3038 somnum
1493 2999 1735 3054 superne

195 3085 425 3140 apparens
452 3089 514 3130 se
537 3074 761 3141 obtulit,
785 3091 1023 3144 eumque
1047 3078 1272 3133 omnino
1294 3080 1464 3149 jussit
1485 3080 1551 3134 ad
1577 3096 1731 3135 suam

1760 1929 1801 1985 Β

1826 684 2029 755 πολλὴν
2087 686 2143 738 δὲ
2193 688 2388 756 πεῖραν
2438 685 2532 739 τοῦ
2576 684 2747 754 πυρὸς
2803 680 2969 753 μηδὲν
3015 681 3408 748 ὑπακούοντος,

1831 776 2141 849 μετεόλήθη
2168 778 2230 831 τὸ
2266 773 2454 846 ἆσθμα
2495 778 2576 838 εἰς
2614 775 2807 843 λόγους
2835 776 2929 829 καὶ
2966 775 3154 844 φωνὴν
3201 773 3407 844 ὲκρήσ-
3447 784 3455 793 ’

1828 887 1912 922 σει
1933 887 1947 900 ν
1970 872 2175 939 ἀρᾶται
2198 870 2308 938 γὰρ
2337 872 2403 939 τῇ
2433 868 2611 939 ἑστίᾳ,
2632 868 2836 939 ἀρᾶται
2862 866 2935 937 μή
2969 882 3098 919 ποτε
3130 864 3409 933 ὐπανάψαι

1829 962 1963 1032 μηδὲ
1995 962 2169 1031 φλόγα
2196 963 2257 1014 τὸ
2283 961 2504 1015 σύνολον
2530 962 2777 1029 ποιῆσαι,
2814 960 2957 1031 μέγα
2988 959 3126 1029 βοῶν
3150 961 3215 1011 ὲκ
3241 957 3411 1028 βαρύ-

1829 1072 2008 1123 τητος.
2077 1056 2141 1108 Ὀ
2187 1054 2275 1126 δὴ,
2326 1053 2402 1118 ὼς
2462 1054 2628 1119 εἰκὸς,
2663 1055 2788 1115 τοὺς
2824 1053 2918 1105 tet
2948 1052 3048 1121 τῆς
3096 1052 3277 1113 οἰκίας
3308 1048 3410 1104 οὐκ

1826 1147 2039 1201 ἔλαθεν.
2073 1148 2264 1217 Ὅμως
2313 1148 2357 1199 δ’
2387 1145 2728 1209 ἀκούσαντες
2772 1145 3186 1216 ἐξεπλήττοντο,
3222 1142 3409 1213 σφίσιν

1827 1241 2044 1303 ἑαυτοῖς
2081 1236 2511 1303 διαπιστοῦντες,
2548 1238 2641 1290 καὶ
2666 1238 2812 1291 δυοῖν
2837 1238 3134 1307 ἡγούμενοι
3157 1234 3407 1303 θάτερον,

1827 1332 1859 1402 ἣ
1895 1332 1956 1385 τὸ
1987 1331 2096 1403 πῦρ
2132 1330 2234 1399 τὴν
2266 1330 2450 1401 φωνὴν
2483 1331 2692 1384 ἀνεῖναι
2723 1328 2756 1397 ἦ
2796 1327 2903 1399 μὴν
2934 1326 3027 1381 τὸν
3055 1326 3193 1389 τέως
3225 1326 3411 1394 κωφὸν

1829 1424 1919 1477 καὶ
1941 1423 1999 1476 ὃν
2029 1424 2127 1477 οὐκ
2162 1422 2360 1494 ᾔδεσαν
2388 1423 2573 1494 φωνήν
2626 1439 2755 1475 ποτε
2791 1423 3141 1491 προϊέμενον.
3210 1418 3302 1482 Ὠς
3354 1417 3410 1471 δὲ

1826 1514 2114 1585 πόρρωθεν
2154 1512 2459 1582 φωνοῦντες
2492 1513 2776 1583 ἀνέκρινον
2836 1510 2983 1575 τίνος
3014 1511 3049 1583 ἡ
3078 1509 3230 1578 φωνὴ
3267 1505 3408 1577 αῦτη

1827 1607 1923 1660 καὶ
1946 1607 2015 1660 τὰ
2044 1604 2378 1673 λαλούμενα,
2412 1607 2439 1659 ό
2474 1605 2654 1672 κωφὸς
2680 1603 2894 1668 ἀκούει,
2923 1602 3020 1655 καὶ
3046 1602 3173 1671 περὶ
3214 1597 3410 1651 ἑαυτοῦ

1833 1699 2123 1770 μαρτυρεῖ,
2172 1696 2249 1760 ὡς
2299 1696 2462 1759 αὐτὸς
2496 1694 2736 1759 ἀκούσας
2790 1692 3217 1764 ἁνακρινόντων,
3248 1689 3409 1751 αὐτὸς

1826 1762 1895 1858 ἦν
1916 1762 2068 1841 καὶ-ό
2098 1786 2174 1859 τῷ
2201 1787 2335 1858 πυρὶ
2384 1786 2500 1858 ἰδίῳ
2542 1762 2963 1857 ἐπαρασάμενος
3007 1784 3261 1852 στόματι.
3305 1779 3415 1833 Καὶ
3440 1762 3459 1769 ἦ

1831 1881 1991 1945 εὐθὺς
2030 1882 2352 1943 ἐπιστάντες
2372 1880 2434 1933 τὸ
2464 1881 2691 1950 φρικτὸν
2714 1881 2890 1931 ἐκεῖνο
2917 1877 3083 1947 τέρας
3114 1873 3411 1928 κατανοοῦ-
3470 1934 3479 1942 .

1832 1992 1937 2038 σιν,
1967 1972 2059 2026 τὸν
2092 1973 2249 2042 λόγον
2280 1989 2339 2025 τε
2378 1971 2724 2037 διεκδιδοῦσι,
2770 1971 2864 2026 καὶ
2898 1972 3066 2024 πᾶσιν
3105 1969 3415 2023 ἁνάπυστον

1830 2068 1890 2120 τὸ
1929 2065 2174 2137 πραχθὲν
2210 2064 2445 2134 γίνεται.
2484 2060 2616 2118 Εἶτα
2642 2067 2736 2117 καὶ
2786 2063 2924 2134 πρὸς
2957 2061 3186 2133 βασιλέα
3222 2059 3414 2130 φθάνει

1831 2159 1893 2212 τὺ
1918 2157 2130 2227 θαῦμα,
2153 2158 2249 2210 καὶ
2275 2157 2503 2228 φέρουσι
2532 2155 2664 2227 παρ’
2696 2155 2855 2208 αὐτὸν
2885 2153 3126 2226 ὁρισθὲν,
3150 2150 3417 2222 παρόντος

1832 2249 1928 2301 καὶ
1980 2248 2343 2319 πατριάρχου,
2402 2248 2493 2301 τόν
2525 2264 2656 2300 ποτε
2689 2245 2874 2316 κωφὸν
2927 2246 3022 2299 καὶ
3052 2244 3226 2309 ἐνεὸν,
3253 2243 3311 2305 ὃς
3351 2242 3417 2312 δὴ

1834 2343 1930 2396 καὶ
1957 2340 2312 2412 ἐρωτώμενος
2342 2340 2517 2411 ἀρχῆς
2542 2338 2636 2392 ἀπ’
2655 2338 2832 2409 ἄκρης
2859 2337 2921 2390 τὸ
2946 2338 3056 2390 πᾶν
3077 2334 3414 2403 ἐξαγγέλλει,

1833 2433 1994 2496 αὐτὸς
2024 2433 2209 2502 οἰκείῳ
2262 2431 2490 2501 στόματι
2539 2428 2920 2500 διηγούμενος.
2972 2425 3158 2479 Ταῦτα
3185 2424 3292 2495 ἄρα
3322 2423 3419 2475 καὶ

1837 2526 2004 2596 μηδὲν
2044 2526 2330 2596 κρίναντος
2378 2523 2585 2576 δίκαιον
2616 2522 2713 2575 τοῦ
2751 2519 3079 2592 κρατοῦντος
3112 2510 3251 2589 σιγῇ
3278 2534 3420 2588 παρ-

1834 2617 2011 2671 ελθεῖν
2057 2616 2119 2668 τὺ
2148 2616 2357 2686 δρᾶμα,
2416 2616 2689 2686 πάννυχος
2742 2615 2801 2682 ἐξ
2844 2614 3013 2683 αὐτῆς
3050 2613 3318 2682 παννυχὶς
3351 2612 3420 2680 τῇ

1839 2710 2078 2780 μάρτυρι
2104 2708 2500 2777 διαγγέλλεται,
2538 2708 2676 2781 μηδὲ
2714 2706 2880 2760 αὐτοῦ
2914 2705 3181 2776 βασιλέως
3208 2703 3421 2756 ἐκεῖθεν

1835 2803 2135 2867 λείποντος.
2173 2802 2391 2857 Μᾶλλον
2429 2803 2524 2873 μὲν
2559 2795 2654 2855 οῦν
2686 2801 2781 2855 καὶ
2813 2801 2906 2852 ἐπὶ
2954 2800 3116 2854 πλέον
3158 2790 3317 2858 οὗτος
3360 2793 3422 2849 τδ

1834 2983 2054 3055 juvenis
2082 2982 2434 3039 contumacia
2467 2982 2609 3050 ignis
2642 2980 2707 3035 ad
2733 2987 2841 3034 tam
2871 2977 3069 3031 crebro
3095 2974 3424 3043 intenseque

1837 3077 2049 3132 ablatos
2104 3090 2364 3131 susurros
2422 3071 2771 3143 persistentis
2825 3068 3003 3127 surdi.
3059 3064 3317 3136 spiritum
3367 3063 3423 3117 in

194 3160 338 3228 ipsius
361 3179 577 3219 sacram
613 3164 783 3219 aedem
810 3180 933 3220 cum
964 3181 1091 3222 cera
1121 3175 1175 3222 et
1212 3170 1572 3239 thyuiiarnate
1605 3186 1735 3239 pro-
1798 3180 1802 3184 “
1838 3170 2007 3226 verba
2046 3177 2246 3233 mutat,
2271 3168 2623 3237 erumpitque
2655 3178 2817 3220 voces
2845 3161 3067 3234 penitus
3094 3165 3451 3243 conceptam,

195 3252 353 3310 ﬁcisci.
405 3257 787 3325 Expcrrectus
822 3259 913 3314 ille
958 3269 1095 3314 nutu
1127 3269 1180 3315 et
1214 3272 1394 3333 gestu,
1437 3273 1601 3333 prout
1639 3279 1736 3334 ρο·
1764 3265 1807 3325 C
1841 3265 1976 3320 iram
2027 3267 2229 3321 usitata
2280 3264 2626 3320 declarantes
2694 3258 3098 3325 indignantium
3160 3254 3422 3310 formula.

194 3348 295 3411 tuit,
343 3351 520 3404 visum
573 3352 833 3419 exposuit
882 3353 1221 3420 domesticis,
1255 3357 1329 3410 ita
1377 3368 1436 3411 ut
1475 3359 1610 3414 satis
1658 3358 1736 3413 illi

196 3441 548 3510 perciperent;
611 3459 784 3511 quare
836 3448 903 3500 ab
963 3445 1029 3500 iis
1074 3444 1313 3517 acceptis
1367 3466 1490 3518 quae
1547 3461 1737 3507 sancta

195 3532 321 3601 virgo
358 3534 540 3590 all‘erti
576 3537 885 3601 mandarat,
941 3554 1063 3591 cum
1104 3538 1192 3594 his
1226 3541 1469 3595 accurrit
1500 3541 1564 3595 ad
1598 3550 1738 3597 tem-

196 3624 338 3689 plum,
373 3628 595 3697 illicque
618 3638 703 3682 sat
732 3630 897 3700 longo
933 3641 1223 3688 veneratus
1257 3632 1441 3687 divam
1474 3635 1654 3703 spatio
1687 3645 1740 3690 et

196 3719 297 3770 oleo
326 3720 591 3791 lampadis
619 3722 906 3785 inunctus,
940 3724 1229 3792 procidcns
1254 3726 1357 3781 sub
1389 3722 1556 3797 pedbs
1582 3727 1738 3797 juxta

198 3823 394 3880 morem,
431 3815 657 3886 supplex
693 3817 922 3888 martyri
961 3817 1042 3871 lit.
1067 3817 1198 3875 Inde
1222 3823 1513 3877 revertenti
1552 3824 1740 3877 nescio

197 3906 302 3973 quid
333 3909 555 3964 moleste
580 3911 864 3978 pruriebat
892 3912 1119 3966 inauris
1151 3912 1366 3968 intimo.
1400 3912 1585 3980 Quare
1613 3931 1738 3969 cum

198 3994 397 4054 Subinde
421 3999 552 4054 illuc
578 4000 826 4056 immisso
851 4002 1034 4058 indice
1061 4018 1168 4057 non
1197 4013 1443 4073 parceret
1471 4007 1738 4073 scalpere,
1790 4020 1794 4025 ’

198 4102 305 4144 ecce
353 4092 472 4147 inde
521 4093 963 4162 inopinatissime
1012 4096 1215 4151 decidit
1252 4097 1425 4152 forma
1490 4100 1738 4167 quaedam

200 4178 387 4245 insecti,
419 4184 547 4246 vivi,
586 4193 645 4238 ut
684 4186 1005 4255 apparebat,
1042 4198 1097 4243 et
1133 4189 1237 4245 alis
1275 4189 1557 4246 instructi.
1584 4193 1740 4258 Quod

201 4284 303 4325 C'llll
336 4276 421 4330 ille
458 4277 744 4333 admirans
789 4287 1191 4335 contrectasset
1235 4283 1451 4353 cupide,
1494 4299 1561 4339 ac
1616 4301 1741 4339 mox

203 4362 462 4437 indulgens
510 4369 750 4426 naturali
785 4371 912 4425 odio
970 4388 1082 4445 quo
1128 4373 1357 4429 ferimur
1414 4377 1468 4431 in
1518 4376 1740 4441 infesta,

205 4454 370 4511 ulcisci
408 4460 627 4513 noxiam
674 4460 970 4516 bestiolam
1002 4463 1260 4519 elidendo
1315 4474 1553 4534 pararet,
1584 4467 1740 4531 illud,

204 4550 439 4620 quidquid
481 4562 618 4618 erat,
667 4554 963 4610 confestim
1001 4570 1066 4611 ex
1097 4558 1276 4613 oculis
1306 4566 1550 4613 evanuit.
1583 4558 1742 4614 Sola-

205 4642 270 4695 tio
302 4653 474 4701 tamen
528 4648 632 4703 fuit
661 4650 808 4719 quod
848 4652 1195 4707 incommoda
1247 4652 1494 4722 prurigo.
1548 4669 1654 4722 qua
1692 4654 1744 4707 in

206 4736 532 4800 peuitissirnis
583 4742 846 4797 auricula:
876 4744 1128 4799 cavernis
1160 4745 1473 4812 importune
1509 4755 1747 4815 punctus

209 4829 345 4892 paqu
372 4830 517 4897 prius
549 4832 753 4897 fuerat,
783 4835 866 4888 vel
924 4835 1086 4905 plane
1138 4836 1411 4892 resedisse
1441 4836 1521 4890 vel
1550 4838 1747 4893 remis-

208 4916 301 4971 sius
338 4920 631 4989 inquietare
699 4927 1009 4982 videbatur.
1058 4927 1176 4995 Qua
1218 4930 1565 4999 experientia
1625 4930 1748 5001 ejus

210 5011 399 5067 animus
428 5017 659 5082 quodam
696 5027 929 5072 eventus
956 5018 1222 5074 felicioris
1253 5022 1488 5091 augurio
1515 5022 1569 5075 in
1596 5036 1747 5092 Spem

212 5101 357 5165 plenze
387 5108 683 5163 curationis
707 5110 1074 5165 excitabatur.
1122 5111 1181 5165 In
1228 5111 1332 5167 hoc
1360 5112 1583 5183 gaudio,
1622 5129 1744 5168 sur-

212 5194 298 5251 dus
350 5208 519 5255 tamen
567 5212 630 5257 ut
687 5203 861 5272 prius,
918 5205 1203 5275 ingressus
1238 5208 1466 5263 herilem
1524 5210 1748 5262 domum

212 5285 349 5360 454
375 5294 691 5350 admonetur
722 5297 925 5366 quibus
955 5299 1169 5353 solebat
1209 5298 1383 5368 signis
1412 5314 1441 5352 a
1492 5299 1750 5353 familiari

217 5379 484 5437 ministerio
516 5386 811 5455 praefectis,
877 5398 936 5442 ut
994 5388 1176 5457 ignem
1233 5390 1560 5444 accenderet
1621 5391 1748 5459 pani

218 5476 492 5540 coquendo:
522 5479 630 5545 jam
662 5482 809 5535 enim
838 5497 867 5534 a
900 5483 1108 5551 pistore
1140 5482 1374 5537 farinam
1409 5483 1590 5537 afferri
1623 5500 1748 5537 mox

218 5560 262 5615 in
305 5581 520 5624 massam
568 5574 953 5643 subigendam.
1017 5575 1112 5629 Ille
1165 5577 1229 5630 ad
1267 5576 1449 5629 focum
1490 5576 1779 5631 advolans'

219 5662 410 5718 parendi
432 5666 626 5731 studio,
657 5668 848 5735 prunis
880 5668 1192 5723 insuﬂlabat
1234 5669 1488 5725 stridule.
1522 5669 1627 5723 Sed
1652 5684 1753 5723 nec

219 5744 406 5807 “anima
424 5758 602 5824 micat,
627 5760 905 5828 crepitans
929 5777 1107 5831 neque
1131 5761 1372 5834 fulgurat
1401 5762 1562 5833 ignis,
1592 5762 1751 5831 juxta

226 5844 426 5910 νοεδῑιιι,
459 5851 604 5906 solus
650 5867 711 5907 se
745 5852 914 5906 densa
953 5855 1223 5923 glomerat
1252 5854 1488 5925 caligine
1535 5854 1745 5910 fumus.

231 5925 344 5983 Dum
378 5933 520 5993 labor
554 5944 633 5997 sic
667 5943 721 5996 iu
755 5943 978 6014 longum
1006 5946 1194 6002 irritus
1222 5948 1477 6015 trahitur,
1507 5947 1749 6002 olIcnsus

1844 3358 2119 3414 Maledicit
2177 3358 2327 3412 enim
2392 3357 2536 3420 loco,
2570 3365 2623 3409 et
2661 3367 2861 3422 magno
2899 3366 2965 3406 ex
2992 3349 3223 3404 allectus
3256 3347 3423 3402 vehe-

1843 3450 2049 3505 mentia
2096 3451 2357 3516 clamore,
2402 3466 2420 3499 ι
2473 3446 2766 3516 Nunquam
2820 3461 2885 3499 ex
2949 3452 3002 3498 te
3057 3441 3234 3513 possit
3286 3437 3422 3493 oriri

1842 3546 2081 3612 ﬂamma,
2112 3563 2129 3595 ι
2152 3558 2355 3598 sonore
2380 3540 2716 3613 pronuntiat.
2754 3538 3019 3591 Exaudita
3044 3551 3167 3590 cum
3200 3544 3427 3601 stupore

1845 3634 2048 3705 ingenti
2079 3650 2108 3688 a
2143 3634 2466 3690 domesticis
2490 3629 2817 3685 vociferatio
2839 3640 2947 3683 est.
2967 3627 3146 3697 Atque
3175 3624 3210 3678 ii
3250 3623 3426 3694 primo

1842 3730 1930 3782 vix
1968 3728 2255 3782 credentes
2295 3724 2525 3780 auribus
2575 3723 2808 3778 alterum
2845 3720 3081 3776 duorum
3119 3717 3427 3773 admitten-

1843 3821 1975 3875 dum
2009 3818 2324 3875 necessario
2371 3815 2655 3883 videbant,
2704 3824 2759 3869 ut
2813 3821 2907 3868 aut
2945 3812 3012 3867 ab
3063 3812 3184 3881 igne
3215 3816 3427 3878 protata

1844 3927 2008 3983 quam
2040 3910 2332 3966 audierant
2361 3924 2461 3963 vox
2488 3916 2656 3967 esset,
2685 3919 2779 3959 aut
2807 3906 2876 3958 ab
2906 3919 2971 3960 co
3006 3900 3293 3957 articulata
3333 3899 3429 3952 ho-

1847 4005 1992 4059 mine
2024 4018 2185 4070 quem
2232 4003 2333 4070 ipsi
2380 4010 2591 4054 mutum
2625 3998 2944 4052 certissimo
2982 4003 3252 4049 hactenus
3300 4006 3428 4045 uos-

1846 4096 2161 4164 seut..Ergo
2190 4092 2380 4161 procul
2405 4093 2736 4148 inclamant:
2767 4108 2785 4140 ι
2809 4088 2982 4158 Cujus
3014 4087 3133 4141 haec
3166 4099 3266 4138 vox
3297 4081 3429 4137 est?

1846 4187 1971 4258 quis
2005 4185 2107 4242 ista
2141 4184 2419 4257 loquitur?
2446 4203 2462 4235 ι
2485 4182 2646 4237 Tunc
2668 4196 2797 4236 vero
2830 4181 2924 4251 qui
2959 4188 3144 4233 mutus
3179 4190 3303 4229 esse
3329 4173 3426 4226 de-

1846 4281 2039 4345 sierat,
2076 4281 2239 4335 etiam
2260 4294 2333 4353 _sc
2367 4292 2477 4333 non
2536 4275 2771 4346 amplius
2807 4272 3039 4328 surdum
3097 4283 3221 4324 esse
3251 4264 3431 4320 decla-

1848 4377 2030 4431 ravit:
2080 4374 2283 4428 auditis
2319 4373 2465 4427 enim
2513 4386 2636 4441 quae
2690 4386 2758 4425 ex
2815 4364 3109 4422 intervallo
3163 4361 3430 4417 inclama-

1848 4474 2070 4537 bantur,
2097 4478 2219 4540 apte
2246 4466 2777 4536 intelligibiliterque
2806 4460 3058 4532 reposuit
3078 4455 3332 4512 eumdem
3365 4466 3428 4507 se

1849 4566 1943 4635 qui
1998 4564 2195 4619 auditu
2249 4561 2590 4632 percepisset
2633 4572 2756 4628 qum
2807 4555 3028 4608 fuerant
3075 4548 3178 4620 ipsi
3230 4544 3426 4610 locuti,

1850 4661 2130 4706 auctorem
2179 4664 2400 4719 quoque
2435 4646 2589 4702 vocis
2644 4661 2768 4701 esse
2819 4642 2979 4714 cujus
3037 4647 3167 4694 ante
3228 4651 3425 4692 sonum

1852 4752 2164 4807 senserant,
2200 4758 2310 4812 qua
2339 4741 2624 4805 nimirum,
2662 4740 2755 4793 irae
2784 4733 3122 4807 impatientis
3146 4740 3304 4793 testu.
3329 4743 3428 4784 ore

1853 4853 1917 4895 ac
1944 4839 2132 4908 lingua
2169 4835 2407 4907 propriis
2455 4832 2579 4889 l'oco
2616 4830 3019 4887 maledixisset.
3081 4826 3229 4881 Illico
3261 4823 3430 4895 igitur

1851 4931 2104 4987 certatim
2139 4944 2332 4986 omnes
2360 4935 2716 4982 accurrentes
2751 4921 3127 4993 prodigiosum
3165 4916 3298 4973 illud
3327 4915 3433 4970 mi-

1853 5024 2097 5080 raculum
2151 5019 2520 5091 praesentibus
2578 5016 2880 5086 subjiciunt
2911 5013 3193 5079 sensibus,
3227 5025 3290 5064 ac
3333 5023 3431 5080 per

1853 5116 2103 5170 viciniam
2138 5113 2443 5179 urbemque
2484 5106 2769 5163 dill‘erunt.
2819 5102 2975 5160 Unde
3017 5111 3296 5157 momento
3343 5115 3431 5153 res

1852 5209 2070 5279 vulgata
2101 5206 2168 5259 ad
2212 5202 2572 5271 imperatoris
2607 5215 2830 5271 quoque
2866 5198 3120 5254 notitiam
3162 5193 3431 5265 pervenit.

1854 5300 1932 5355 Ad
1968 5300 2130 5360 hunc,
2159 5300 2241 5352 sic
2264 5296 2451 5351 Statim
2476 5295 2594 5349 ﬁeri
2626 5294 2939 5365 iubentem,
2966 5298 3237 5360 praesente
3260 5285 3429 5339 etiam

1855 5393 2190 5462 patriarcha,
2243 5389 2467 5444 ducitur
2499 5389 2594 5459 qui
2629 5386 2826 5444 surdus
2878 5392 2931 5437 et
2991 5393 3175 5436 mutus
3233 5379 3428 5432 fuerat.

1854 5486 2019 5554 Isque
2051 5484 2424 5553 interrogatus
2470 5497 2499 5536 a
2555 5480 2734 5548 primo
2791 5471 3257 5547 455principio
3314 5483 3429 5521 rem

1857 5587 2052 5641 totam,
2103 5578 2176 5630 uti
2213 5574 2547 5645 contigerat,
2599 5588 2695 5625 ore
2730 5572 2953 5640 proprio
2986 5565 3255 5620 narraxit.
3296 5561 3431 5613 Tam

1856 5669 2159 5725 mirabilem
2184 5674 2437 5722 eventum
2462 5666 2882 5733 haudquaquam
2908 5661 3186 5728 Augustus
3210 5669 3429 5721 mquum

1857 5776 2086 5818 censeas
2121 5760 2341 5817 silentio
2371 5758 2568 5830 premi,
2602 5758 2713 5826 agit
2744 5754 2930 5809 statim
2966 5768 3087 5805 cunt
3120 5750 3431 5819 patriarcha

1860 5865 1918 5912 ut
1952 5854 2292 5925 pervigilium
2326 5852 2507 5908 noctis
2536 5848 2727 5905 solida:
2783 5845 3003 5917 hymnis
3033 5851 3086 5899 et
3126 5843 3428 5914 gratiarum

1861 5945 2171 6002 actionibus
2200 5946 2341 6015 apud
2375 5941 2634 6012 templum
2667 5948 2869 5996 sancta:
2897 5935 3152 6007 Virginis,
3180 5935 3425 5989 miraculi
