3848 6546
148 411 227 477 501
1043 418 1141 481 DE
1179 418 1627 483 ANDRONll‘O
1656 417 2118 480 PAL/EOLOGO
2142 418 2291 481 LIB.
2325 418 2401 479 Vl

3256 415 3364 478 50?.

145 549 216 583 νον
236 530 317 583 καὶ
352 531 568 601 Δαρεῖον
597 531 768 604 ἑώρα,
820 534 914 589 καὶ
943 537 1053 598 τοῖς
1085 537 1410 609 πραχθεῖσιν
1440 538 1667 600 ἐκείνοις
1698 532 1748 593 Δ
1775 539 1975 611 χαίρας
2002 539 2096 593 καὶ
2121 538 2429 610 ήμιτύμὸια
2452 537 2547 592 καὶ
2572 539 2679 593 πᾶν
2700 537 2831 593 ἄλλο
2858 534 3137 609 βαναύσου
3170 537 3371 607 τέχνης

144 623 279 675 πάλαι
302 622 601 692 λεγομένοις
624 626 707 688 είς
733 624 867 691 ἡδίω
892 628 1106 699 τρυφὴν
1137 628 1340 701 ἐχρῆτο
1371 629 1404 701 ἢ
1440 632 1551 692 τοῖς
1574 627 1674 699 τῆς

141 718 285 786 ἀρχῆς
313 716 660 786 σεμνώμασιν
685 719 1032 789 ὲξηγάλλετο.
1078 720 1298 777 Μᾶλλον
1331 722 1430 792 μὲν
1459 723 1554 777 οὖν
1581 724 1676 778 καὶ

140 812 212 860 τὸν
245 807 324 860 τοῦ
356 810 579 877 Δαρείου
611 813 843 882 νικητὴν
879 813 1226 883 Ἀλέξανδρον
1275 817 1368 870 ἐπὶ
1397 816 1676 887 λογισμῶν

141 901 352 971 ἔστρεφε,
403 902 493 954 καὶ
532 903 671 973 ὑπὲρ
718 906 825 958 πᾶν
864 905 991 960 ἄλλο
1039 908 1136 969 τὰς
1186 909 1396 962 ἐκείνου
1451 910 1675 979 πράξεις

141 992 447 1060 ὑπερηγάπα.
469 994 548 1046 Δι’
573 988 648 1048 ὧν
668 997 760 1049 καὶ
780 998 938 1060 αὐτὸς
963 998 1073 1052 τῶν
1104 1000 1234 1054 ἴσων
1259 1003 1441 1069 τυχεῖν
1471 1001 1673 1071 ἐφίετο,

140 1084 214 1135 καὶ
243 1084 384 1145 κλέος
437 1086 629 1139 ἐπόθει
677 1087 865 1141 λαόεῖν
922 1093 1034 1155 τοῖς
1068 1093 1395 1164 όπουδήποτ’
1428 1094 1515 1148 ἐπ’
1553 1095 1677 1166 ἴσης

139 1174 598 1244 ἀίδραγαθήμασιν.
665 1178 832 1232 Ὅθεν
885 1182 983 1234 καὶ
1038 1183 1252 1247 πολλοῖς
1304 1185 1403 1256 μὲν
1429 1184 1678 1256 ὠγκοῦτο

138 1265 225 1326 τοῖς
251 1266 699 1331 παρασπίζουσιν,
720 1269 935 1340 Ἴϐηρσι
952 1271 1007 1325 δὲ
1032 1274 1125 1327 καὶ
1160 1273 1361 1345 μᾶλλον
1392 1275 1483 1328 ἐπὶ
1513 1274 1678 1329 πολέ-

143 1375 237 1426 μοις
257 1359 485 1427 ζέχρῆτο,
535 1360 791 1415 πλεῖστον
851 1364 953 1434 μὲν
979 1365 1040 1419 τὸ
1069 1370 1316 1435 γενναῖον
1366 1370 1461 1422 καὶ
1486 1370 1551 1423 ὲκ
1580 1368 1676 1423 τοῦ

141 1451 297 1516 γένους
331 1451 539 1521 ἔχουσι,
568 1454 753 1525 πολλῷ
782 1458 840 1513 δὲ
866 1458 1028 1515 πλέον
1056 1460 1150 1513 καὶ
1177 1462 1241 1513 ὲκ
1273 1459 1368 1513 τοῦ
1398 1460 1506 1514 τῶν
1541 1462 1676 1532 Χρι-

142 1544 332 1597 στιανῶν
367 1546 611 1616 καθαροῦ
647 1548 745 1603 xui.
780 1552 1089 1624 ἀμωμήτου
1132 1552 1496 1622 σεὸἀσματος.
1543 1554 1678 1624 Παρ“

141 1636 191 1703 ἢν
212 1635 368 1687 αἰτίαν
421 1637 515 1689 καὶ
564 1640 803 1711 σταυρὸν
860 1640 1048 1710 μαθὼν
1085 1642 1147 1695 τὸ
1191 1642 1299 1695 τῶν
1337 1642 1680 1715 Χριστιανῶν

142 1729 353 1798 τρόπαιον
384 1729 464 1793 ὃν,
496 1731 734 1801 οὐράγει
767 1734 918 1802 σφίσι
952 1734 1362 1805 παρασπίζουσι
1412 1734 1556 1791 κατά
1583 1735 1683 1791 πό·

145 1822 290 1890 λεμον,
314 1824 401 1875 καὶ
424 1823 579 1876 πόλλ’
604 1826 741 1880 ἄττα
767 1824 918 1879 δεινά
939 1826 1029 1879 τὸν
1051 1826 1159 1880 τῶν
1180 1828 1236 1879 Ἀ
1248 1827 1429 1898 ράεων
1452 1827 1681 1883 σουλτάν

149 1912 403 1981 εἰργάζετο,
454 1913 603 1969 ὥστε
647 1919 740 1970 καὶ
771 1917 956 1978 αὐτοῖς
1007 1922 1119 1982 τοῖς
1154 1920 1317 1989 ἱεροῖς
1351 1918 1682 1992 προσϐαλεῖν

146 2004 360 2074 Σολύμοις
395 2007 489 2060 καὶ
528 2010 701 2078 ἐγγὺς
730 2009 825 2063 τοῦ
883 2012 1343 2084 παραστήσασθαι
1375 2013 1682 2083 γεγονέναι,

150 2097 219 2148 καὶ
243 2099 425 2167 μᾶλλον
453 2101 547 2153 διὰ
575 2103 636 2154 τὸ
666 2102 949 2173 ζωηφόρον
982 2109 1171 2177 μνῆμα
1198 2107 1311 2171 τοῖς
1341 2107 1556 2179 Ἴϐηρσι
1587 2127 1687 2180 χα-

156 2188 405 2257 ριζὰμενος.
446 2191 693 2261 Ὀμοίως
725 2195 911 2258 κακῶς
948 2198 1042 2251 καὶ
1077 2196 1180 2270 τὴν
1226 2198 1501 2266 Αἴγυπτον
1532 2200 1685 2273 ἔδρα,

159 2281 264 2351 τιμή
289 2281 335 2348 γ’
363 2282 562 2353 ἐκείνῳ
595 2285 654 2338 τὺ
686 2287 743 2339 ὲν
799 2288 877 2358 τῷ
903 2329 917 2344 .
951 2327 966 2342 .
1000 2329 1012 2343 .
1043 2329 1058 2345 .
1099 2290 1279 2344 τόπων
1304 2293 1561 2362 ἀμμῶδες
1592 2296 1689 2348 καὶ

155 2373 329 2441 ἄνυδρον
362 2376 439 2438 είς
479 2378 661 2431 πολλά
696 2383 1048 2448 προσίστατο.
1087 2383 1198 2437 Καὶ
1222 2382 1296 2436 ἐῶ
1323 2385 1421 2449 τὰς
1453 2386 1690 2459 αὐτουρ-

153 2461 244 2530 Tia;
282 2464 437 2519 αύτού
485 2468 551 2520 ὲν
584 2469 736 2532 ὅσαις
792 2472 1049 2542 ἁσμένως
1099 2474 1287 2544 ἄρχων
1340 2475 1416 2530 ὢν
1452 2478 1542 2531 καὶ
1577 2478 1692 2535 τῶν

154 2554 421 2625 inspecith
470 2561 893 2630 ἑδαναυσίζετο,
950 2567 1011 2619 ού
1060 2568 1201 2621 κατὰ
1248 2572 1438 2640 χρείαν
1466 2572 1691 2644 μᾶλλον,

150 2649 253 2703 ἀλλὰ
273 2655 402 2708 κατὰ
428 2673 560 2710 τινα
588 2656 696 2710 τῶν
727 2658 817 2726 ὑφ’
848 2660 1013 2715 αὐτὸν
1042 2662 1351 2720 παίδευσιν.
1401 2664 1691 2740 Ἐφεστρί-

150 2742 239 2810 δας,
265 2746 481 2816 μύωπας
502 2751 603 2804 καὶ
627 2752 872 2823 ῥυτῆρας
911 2754 1095 2810 ἵππων
1124 2755 1218 2810 καὶ
1254 2756 1443 2814 πέδιλα
1471 2762 1562 2814 καὶ
1583 2778 1688 2832 μα-

152 2923 193 2978 in
218 2942 305 2982 nos
330 2929 535 3001 ubique
574 2931 879 2997 irruebant.
923 2938 1224 3006 praesertim
1276 2950 1456 2997 autem
1516 2942 1702 3001 Phila-

152 3014 359 3085 delphiae,
406 3022 773 3079 redeuntibus
817 3024 932 3081 l‘ero
992 3027 1196 3099 impetu
1256 3033 1321 3087 ad
1355 3034 1483 3103 ejus
1525 3050 1700 3104 oppu-

152 3116 417 3177 gnationem
465 3115 784 3173 Carmanis.
826 3119 1070 3177 Cazanes
1125 3122 1227 3192 (ιιι
1272 3125 1339 3180 de
1389 3126 1589 3183 illustri
1643 3128 1698 3182 in

1779 629 2234 701 ἐξεργαζόμενος,
2285 630 2381 683 καὶ
2430 630 2531 694 τὰς
2600 630 2889 702 ἀνακωχὰς
2951 629 3061 682 τῶν
3114 627 3371 699 πολέμων

1780 723 2040 796 ἀσχολίας
2072 724 2178 779 τῶν
2208 724 2468 778 τοιούτων
2491 724 2840 793 ποιούμενος.
2899 721 3043 777 Ἀλλ’
3088 717 3177 775 οἷα
3206 720 3368 790 ἐφρό-

1779 834 1859 871 νει
1893 815 2169 887 βάρὸαρος
2196 816 2292 879 ὣν.
2320 818 2382 871 τὸ
2426 815 2753 891 παράδοξον.
2811 816 3027 884 Ἢγεῖτο
3069 814 3176 885 γὰρ
3231 812 3370 870 εἶναι

1783 908 2007 980 μίμημα
2048 908 2186 962 Θεοῦ
2242 911 2333 963 τὸν
2394 909 2574 972 καλῶς
2627 908 2865 980 ἄρχοντα
2914 907 3010 963 καὶ
3043 907 3241 969 ὁσίως·
3275 910 3369 961 καὶ

1781 999 1973 1072 ὥσπερ
2002 1000 2101 1054 οὐκ
2132 1000 2280 1054 ἔστιν
2309 1000 2503 1070 ἐκείνῳ
2536 1000 2666 1071 περὶ
2704 998 2982 1070 Ῥωμαίου
3015 998 3110 1051 καλ⁷
3137 997 3367 1063 Σκύθου,

1781 1095 2137 1166 Σαυρομάτου
2193 1096 2286 1148 καὶ
2321 1094 2608 1166 Ἕλληνος,
2668 1094 2747 1147 ἔτι
2802 1094 2858 1147 δὲ
2886 1092 3097 1146 δικαίου
3146 1092 3240 1144 καὶ
3271 1088 3368 1160 μὴ,

1782 1188 2261 1259 ἀκριϐολογεῖσθαι
2314 1190 2445 1258 περὶ
2498 1189 2595 1255 τὰς
2622 1186 2821 1253 δόσεις,
2882 1185 3078 1249 κοινῶς
3148 1183 3371 1254 εὐεργει

1781 1277 1964 1331 τοῦντι
1996 1276 2090 1335 καὶ
2118 1278 2305 1340 ὑετοὺς
2354 1277 2447 1331 καὶ
2500 1277 2648 1348 ὥρας
2697 1276 2794 1330 καὶ
2824 1274 2996 1347 ἥλιον,
3027 1273 3200 1337 οὕτως
3231 1270 3370 1342 ᾤετο

1781 1364 1892 1418 δεῖν
1941 1365 2245 1419 διακεῖσθαι
2289 1366 2384 1420 καὶ
2414 1365 2505 1419 τὸν
2550 1365 2780 1429 δικαίως
2815 1366 3057 1435 ἄρχοντα
3092 1364 3191 1416 σὺν
3228 1362 3371 1422 ὅλοις

1782 1458 1897 1519 τοῖς
1924 1455 2015 1508 ὑπ’
2050 1457 2214 1511 αύτδν
2235 1457 2337 1521 τὰς
2383 1458 2591 1527 δωρεὰς
2628 1455 3021 1526 διοικούμενον.
3087 1454 3293 1525 Ἕκοψε
3325 1454 3370 1507 δ’

1783 1550 1843 1615 ἐξ
1875 1550 2127 1620 ἀπέφθου
2182 1548 2386 1621 χρυσοῦ
2440 1551 2533 1603 καὶ
2588 1548 2891 1614 Καζάνειον
2947 1548 3215 1618 νόμισμα.
3279 1548 3372 1602 καὶ

1785 1646 1968 1699 πᾶσαν
1998 1641 2256 1714 εὐνομίαν
2310 1641 2728 1714 ἐνομοθέτησεν.
2785 1642 2988 1712 Ἐμελε
3020 1642 3066 1694 δ’
3097 1640 3246 1710 αύτῷ
3280 1642 3372 1695 καὶ

1782 1736 2133 1805 δικαιοσύνης
2155 1734 2248 1788 ἐπὶ
2277 1736 2467 1799 πᾶσιν,
2490 1735 2631 1788 ὥστε
2660 1736 2735 1810 μὴ
2761 1737 2965 1805 ταύτης
2992 1735 3121 1789 ἀλλο
3149 1752 3200 1787 τι
3223 1733 3366 1801 λογί-

1786 1828 1977 1894 ζεσθαι
2032 1829 2448 1900 προτιμότερον.
2508 1821 2678 1891 Οὗτος
2706 1828 3032 1897 αὐτανέψιον
3066 1829 3205 1898 ἔχων
3231 1827 3372 1880 Τουτ

1793 1919 1972 1987 κταιν,
2019 1912 2065 1989 ᾧ
2110 1920 2176 1992 δὴ
2208 1923 2485 1991 προσῆκεν
2519 1924 2583 1975 ὲκ
2635 1921 2825 1989 γένους
2857 1922 3012 1993 καὶὴ
3047 1920 3213 1991 ἁρχὴ.
3251 1920 3374 1975 ἐπεὶ

1791 2012 1930 2084 πρὸς
1987 2011 2204 2084 θανάτῳ
2232 2008 2302 2083 ἦν
2355 2013 2449 2067 καὶ
2487 2014 2549 2066 ού
2593 2014 2707 2077 τοῖς
2765 2013 2916 2076 ίδίοις
2965 2012 3189 2079 τρόποις
3245 2012 3374 2071 τοὺς

1790 2105 2001 2159 ἐκείνου
2030 2104 2431 2173 συμϐαίνοντας
2481 2105 2793 2170 ύπετόπαζε
2832 2146 2846 2167 .
2898 2083 3146 2177 παριδὼν
3207 2102 3374 2157 αὑτὸν

1791 2196 2127 2269 ἐφεδρονέίς
2154 2198 2330 2269 ἀρχὴν
2353 2199 2418 2251 ὲκ
2452 2197 2536 2271 [Ρ.
2570 2197 2698 2270 520]
2737 2198 2832 2253 τοῦ
2880 2196 3184 2264 ἀναγκαίου
3222 2196 3371 2257 ὄντα,

1793 2289 2018 2360 πέμψας
2077 2291 2465 2360 μετακαλεῖται
2498 2290 2590 2342 τὸν
2638 2289 2804 2343 αύτοῦ
2843 2288 3071 2355 ἀδελφὸν
3108 2286 3236 2359 περί
3270 2305 3374 2340 που

1790 2380 1862 2434 τὰ
1913 2380 2011 2450 τῆς
2050 2380 2239 2443 Ἰνδίας
2276 2381 2415 2451 μέρη
2468 2381 2564 2433 σὺν
2603 2379 2718 2450 ἰδίῳ
2767 2379 3139 2449 στρατεύματι
3171 2378 3377 2449 διατρί-

1794 2472 1983 2536 ϐοντα,
2013 2463 2056 2540 ᾧ
2086 2471 2150 2543 δὴ
2181 2474 2561 2544 Χαρμπαντᾶς
2593 2473 2835 2543 τούνομα
2854 2490 2869 2507 ·
2915 2474 3213 2543 ὀρεοκόμον
3246 2472 3377 2543 εἴπῃ

1792 2581 1878 2627 τις
1914 2564 1980 2618 ἂν
2007 2566 2237 2628 ἐκεῖνον,
2287 2565 2430 2618 οὕτω
2464 2565 2679 2637 συμϐὰν
2735 2565 2829 2619 ἐπὶ
2861 2569 2926 2638 τῇ
2959 2568 3237 2635 γεννήσει,
3275 2582 3377 2634 φα-

1798 2655 1979 2720 νέντος
2006 2655 2168 2719 εὐθὺς
2202 2655 2472 2721 τοιούτου,
2502 2657 2576 2720 ὡς
2604 2657 2810 2712 εἴθιστο
2835 2658 2983 2727 σφίσι
3016 2657 3378 2733 γεννωμένοις

1798 2753 1972 2803 ποιεῖν
2010 2750 2152 2803 κατά
2180 2768 2228 2802 τι
2265 2752 2517 2820 νόμιμον.
2548 2749 2659 2802 Καὶ
2691 2749 2877 2802 τοῦτον
2902 2751 2981 2813 είς
3010 2749 3183 2821 ἀρχὴν
3208 2764 3379 2802 κατα-

1799 2931 2082 3000 cuntdare,
2120 2940 2173 2984 ct
2206 2934 2328 2998 loco
2356 2930 2666 2985 triariormn
2691 2940 2939 2984 extremo
2969 2931 3023 2984 in
3047 2930 3261 2999 agmine
3294 2945 3379 2984 sc-

1799 3042 1921 3083 cum
1958 3027 2177 3080 habere.
2210 3024 2328 3091 Qua
2362 3023 2600 3079 bellandi
2632 3023 2848 3077 ratione
2876 3037 3000 3077 cum
3046 3023 3151 3077 alia
3188 3024 3375 3093 gravia

1803 3120 2005 3174 sultani
2044 3119 2283 3172 Arabum
2315 3118 2510 3171 damna
2558 3116 2765 3181 intulit,
2798 3124 2909 3169 tum
2961 3116 3097 3185 ipsis
3158 3131 3375 3186 quoque

154 3204 306 3270 paucis
334 3208 580 3275 principe
608 3210 757 3265 brevi
780 3210 943 3284 457
974 3216 1319 3285 digressione
1369 3236 1541 3290 pauca
1574 3237 1681 3276 non
1716 3221 1761 3284 ε
1797 3210 2189 3280 Hierosolymis
2254 3210 2527 3264 hosmiter
2588 3209 2844 3262 adn‘totns
2925 3222 3116 3275 parum
3197 3207 3374 3260 abfuit

153 3294 336 3363 indigna
364 3301 505 3355 scitu
559 3307 904 3376 memorem)
953 3309 1315 3380 principatum
1369 3312 1547 3370 iniens
1584 3314 1691 3385 Cy-

156 3403 251 3442 rum
283 3402 329 3444 et
365 3392 589 3450 Darium
628 3398 880 3456 imitandi
910 3403 1093 3455 studio
1120 3406 1429 3473 spectabat,
1455 3418 1690 3478 actaque

155 3479 361 3548 ipsorum
395 3488 529 3541 olim
562 3492 947 3546 commendata
983 3494 1180 3549 litteris
1214 3495 1370 3551 avide
1406 3500 1692 3569 perlegens

153 3578 252 3647 plus
298 3598 360 3637 ex
410 3599 603 3639 eorum
665 3588 979 3656 cognitione
1048 3590 1343 3661 voluptatis
1402 3594 1694 3648 hauriebat

155 3679 586 3735 quamecnnctis
633 3678 939 3748 insignibus
1006 3698 1235 3736 summa:
1295 3701 1399 3752 qua
1457 3688 1694 3754 pollebat

156 3768 424 3830 potestatis.
452 3768 560 3824 Sed
598 3777 651 3824 et
676 3773 776 3826 hes
804 3772 955 3841 ipsos
985 3784 1201 3831 veteres
1228 3776 1512 3832 Persarum
1544 3788 1694 3833 tran-

158 3858 387 3914 scendcns
414 3876 597 3932 reges,
631 3862 1002 3918 Alexandrum
1038 3863 1186 3928 Darii
1223 3867 1484 3923 victorem
1513 3879 1695 3925 mente

158 3942 464 4008 potissimum
508 3949 786 4015 versabat,
823 3961 878 4005 et
912 3968 1081 4022 super
1130 3971 1293 4010 nume
1333 3956 1481 4011 aliud
1520 3958 1696 4014 histo-

159 4032 329 4090 riarum
363 4050 746 4109 argumentum
800 4057 887 4099 res
937 4044 1112 4114 ipsius
1148 4054 1331 4117 gestas
1383 4050 1697 4120 suspiciens

159 4128 366 4193 amabat,
398 4132 522 4199 ejus
552 4132 811 4199 similem,
835 4151 941 4206 qua
972 4154 1031 4193 se
1061 4139 1152 4192 ille
1179 4140 1443 4212 inclytum
1471 4141 1695 4211 fecerat,

160 4229 203 4271 et
230 4222 335 4291 ipse
356 4229 573 4298 assequi
605 4228 932 4285 desiderans
959 4231 1210 4303 gloriam,
1239 4241 1291 4286 et
1319 4234 1483 4289 istius
1509 4226 1697 4291 cietu-

162 4313 233 4378 plo
276 4315 603 4376 facinoribus
651 4322 923 4394 cujusque
969 4310 1186 4394 generis
1230 4328 1421 4383 arduis
1472 4328 1699 4385 edendis

162 4406 486 4469 immortalem
520 4413 645 4468 'sibi
691 4415 890 4470 famam
948 4417 1183 4473 heroicae
1224 4420 1446 4476 virtutis
1510 4425 1700 4493 aequi.

162 4514 277 4555 rere.
309 4504 441 4558 liinc
495 4506 605 4571 ille,
662 4517 821 4576 prout
875 4517 991 4562 erat
1041 4520 1469 4569 consentaneum
1519 4513 1701 4569 facere

1794 3304 1862 3359 ab
1899 3303 2032 3355 urbe
2065 3302 2152 3354 illa
2182 3310 2353 3365 tanta,
2411 3301 2500 3355 cui
2533 3299 2715 3354 sultan
2778 3301 3109 3356 Christianis
3168 3314 3375 3372 erepta:

1795 3397 2208 3455 dominabatur.
2267 3394 2630 3465 expugnanda
2705 3409 2926 3464 sumque
2990 3394 3371 3465 subjungentla

1796 3492 2015 3550 ditioni.
2052 3489 2101 3543 id
2138 3505 2430 3559 aggressus
2464 3489 2729 3541 instinctu
2755 3490 2994 3541 maxime
3026 3489 3373 3558 gratificandi

1798 3583 1913 3638 suis
1947 3582 2137 3643 lberis,
2199 3596 2337 3647 riuos
2395 3581 2605 3634 silebat
2662 3595 2803 3650 αδδιτο
2863 3578 3005 3633 ferre
3068 3579 3375 3635 Saracenos

1798 3674 2004 3729 Christi
2040 3673 2250 3725 Domini
2312 3670 2497 3725 hostes
2540 3672 2754 3724 viritim
2788 3672 2962 3741 ipsius
3000 3672 3249 3728 insiStere
3291 3674 3373 3726 vi,

1800 3776 2067 3821 ctores-et
2102 3766 2365 3821 insultare
2421 3779 2798 3821 tnunutnento.
2854 3766 2911 3819 lu
2957 3782 3066 3836 quo
3095 3766 3196 3819 etsi
3234 3766 3374 3819 hami

1801 3859 1876 3913 illi
1917 3858 2147 3921 centiglt
2181 3860 2442 3926 perlicere
2506 3860 2653 3926 quod
2703 3861 2953 3926 optabat,
3013 3867 3193 3911 tamen
3233 3859 3373 3911 hau-.l

1802 3969 1992 4021 parum
2020 3951 2210 4005 amittit
2246 3951 2483 4005 sultanis
2516 3937 2719 4019 partes,
2748 3936 2977 4005 vastans
3023 3952 3155 4025 quin
3213 3952 3376 4005 etiam

1801 4042 2099 4113 [Egyptum
2127 4042 2423 4111 cladesque
2476 4043 2587 4096 illic
2641 4044 2913 4097 Arabibus
2948 4059 3055 4096 non
3113 4044 3257 4097 leves
3293 4044 3378 4096 in-

1804 4136 2007 4197 ferens,
2041 4136 2200 4204 longe
2230 4135 2479 4204 pluribus
2505 4145 2557 4188 et
2580 4136 2928 4205 gravioribus
2952 4135 3071 4190 sine
3094 4133 3261 4206 458
3281 4135 3381 4187 dn-

1804 4227 1894 4281 bio
1928 4227 2149 4286 damnis
2180 4228 2305 4283 illos
2337 4213 2659 4288 alrecturus;
2701 4214 2806 4281 nisi
2841 4227 2910 4289 ei,
2955 4242 3022 4281 ne
3067 4234 3381 4296 penetraret

1804 4320 2056 4382 interius.
2090 4321 2332 4376 locorum
2370 4321 2555 4375 arenis
2600 4319 2762 4375 inviis
2808 4327 2861 4374 et
2913 4334 3067 4387 aqua:
3123 4319 3381 4387 inopibus

1805 4415 1915 4467 late
1946 4413 2334 4482 squallentium
2367 4412 2758 4482 insuperabilis
2782 4409 3081 4465 dilIicultas
3118 4409 3377 4466 obstitis-

1804 4513 1910 4560 set.
1953 4506 2162 4560 Omitto
2190 4520 2486 4561 accensere
2514 4505 2655 4559 tanti
2693 4504 2793 4558 viri
2827 4502 3079 4557 laudibus
3113 4503 3378 4557 humilem

165 4595 265 4649 talia
299 4600 666 4667 meditantem,
700 4616 980 4669 nunquam
1029 4619 1137 4656 non
1184 4606 1428 4673 speciose
1474 4609 1697 4663 succi“-
1730 4609 1774 4664 ι)
1808 4596 2138 4650 industriam
2164 4595 2355 4648 vilium
2408 4596 2784 4665 opificiorum.
2849 4593 3051 4663 quibus
3106 4593 3382 4647 latissime

165 4698 266 4745 ctus
294 4693 582 4761 apparebat
608 4709 901 4748 numerosa
933 4703 986 4749 et
1012 4696 1310 4751 lectissima
1338 4699 1699 4767 przetoi'iano-

167 4792 264 4831 rum
296 4797 484 4841 manu:
543 4800 667 4837 cum
720 4784 1034 4839 bellandum
1092 4801 1255 4855 porro
1303 4800 1468 4851 esset,
1528 4788 1701 4846 lberis

170 4871 479 4935 potissimum
511 4877 792 4941 utebatur,
831 4877 1040 4945 optimo
1069 4884 1123 4932 et
1164 4877 1267 4932 sibi
1308 4879 1702 4950 probatissimo

173 4961 371 5017 militum
403 4981 617 5035 genere,
660 4970 860 5036 quippe
895 4968 1098 5037 quibus
1127 4980 1489 5047 praeterqpam
1524 4971 1705 5027 inerat

174 5068 354 5123 pugnax
387 5074 415 5111 a
450 5060 619 5129 stirpe
651 5061 859 5115 indoles
908 5077 1285 5132 generosaque
1311 5063 1563 5118 alacritas
1610 5079 1702 5132 pe-

172 5147 430 5215 riclitandi,
478 5154 776 5208 accedebat
823 5154 1001 5225 major
1056 5157 1222 5209 etiam
1283 5158 1351 5211 ab
1405 5158 1703 5228 inculpatis

173 5243 441 5298 amabilitas
468 5246 737 5309 moribus,
773 5248 919 5317 quod
971 5248 1004 5300 ii
1063 5247 1432 5303 Christianam
1478 5252 1703 5320 religio-

177 5344 277 5384 nem
305 5352 432 5404 pure
483 5339 863 5409 inoll'enseqne
895 5342 1314 5409 proﬁterentur.
1349 5342 1531 5408 Quare
1591 5361 1701 5400 non

178 5424 368 5492 ignarus
388 5443 645 5502 quantum
698 5434 950 5487 vincendi
996 5449 1155 5489 omen
1211 5436 1263 5489 in
1316 5437 1498 5491 crucis
1547 5440 1705 5508 signo

177 5519 491 5583 constitutum
511 5533 677 5579 esset.
704 5522 789 5576 cui
816 5538 1199 5591 prosperorum
1224 5524 1556 5591 experientia
1581 5541 1707 5580 suc-

180 5621 397 5664 ceasuum
427 5615 689 5668 celebrem
722 5613 1145 5683 appellationem
1194 5613 1385 5683 tropaei
1439 5615 1709 5670 Christia-

183 5711 351 5751 norum
382 5706 569 5758 merito
602 5705 924 5772 peperisset,
973 5704 1098 5756 huic
1135 5705 1438 5771 praesertim
1490 5704 1708 5761 lbericu:

185 5784 375 5856 legioni,
409 5808 497 5861 pro
521 5796 722 5850 vexillo
749 5794 994 5849 labarum
1030 5809 1197 5849 cruce
1245 5796 1456 5865 insigne
1514 5796 1707 5865 praele-

187 5881 319 5943 renti,
351 5887 643 5943 conﬁdebat
671 5889 722 5943 in
762 5887 987 5957 przeliis,
1019 5904 1136 5943 eam
1190 5887 1293 5943 sibi
1352 5887 1543 5943 solitus
1593 5888 1707 5942 cir-

1806 4686 1932 4741 Iicet
1972 4701 2035 4739 ac
2096 4686 2547 4754 splendidissime
2586 4686 2876 4740 dominans
2924 4686 3180 4755 princeps
3216 4685 3381 4754 perli-

1804 4778 1996 4831 benter
2038 4778 2388 4847 impendebat
2423 4777 2765 4847 propriarum
2811 4791 3032 4845 operam
3096 4790 3381 4837 manuum.

1806 4873 1949 4927 haud
1984 4873 2075 4929 ille
2098 4873 2317 4943 quidem
2350 4873 2487 4929 lucri
2516 4888 2717 4928 ususve
2753 4874 2951 4944 gratia,
2979 4873 3137 4943 quasi
3181 4872 3383 4927 talibus

1805 4973 2013 5035 egeret,
2047 4964 2142 5019 sed
2173 4965 2320 5034 quod
2348 4964 2698 5019 institutione
2727 4963 3106 5033 philosophica
3142 4963 3381 5033 quadam

1806 5059 2094 5129 pulchram
2150 5058 2494 5113 existimaret
2573 5058 3045 5112 universalitatem
3103 5057 3262 5110 istam
3315 5055 3384 5108 ad

1808 5161 2005 5207 cuneta
2040 5153 2451 5216 descendentis,
2481 5151 2536 5204 in
2574 5152 2789 5205 cunctis
2813 5150 3110 5205 eminentis
3157 5147 3381 5217 ingenii.

1809 5244 1956 5314 Ergo
1985 5261 2093 5299 non
2122 5244 2418 5315 quisquam
2457 5243 2551 5296 illo
2607 5243 2934 5297 concinnius
2959 5241 3237 5312 ephippia,
3268 5242 3385 5293 cal-

1808 5339 1980 5400 caria,
2012 5338 2253 5392 habenas
2306 5336 2466 5406 equis
2524 5335 2831 5398 ﬂectendis,
2869 5350 3087 5395 ocreas,
3146 5332 3381 5402 gladios,

1811 5431 1995 5500 galeas
2052 5439 2146 5483 aut
2182 5431 2235 5484 id
2302 5445 2475 5499 genus
2532 5428 2793 5483 militaria
2852 5428 3093 5496 capitum
3148 5426 3387 5491 tegmina

1810 5524 2053 5586 cuderet,
2087 5532 2271 5576 sueret
2299 5560 2315 5586 ,
2343 5537 2409 5577 ex
2442 5537 2776 5592 quacunque
2809 5519 3107 5575 scitissime
3156 5517 3385 5570 materia

1812 5613 2095 5675 l‘ormaret,
2130 5612 2456 5668 nitidissime
2506 5613 2723 5682 poliret.
2780 5609 3134 5687 remissiones
3184 5608 3388 5659 solitus

1813 5705 2132 5758 militarium
2168 5705 2416 5759 laborum
2441 5703 2777 5758 mechanicls
2806 5698 3113 5757 istiusmodi
3140 5696 3389 5752 artiﬁciis

1814 5794 2091 5850 addicere.
2128 5793 2248 5849 Jam
2290 5811 2452 5852 sensa
2481 5795 2681 5850 mentis
2718 5795 2833 5865 ejus
2869 5791 3233 5846 familiaribus
3285 5792 3384 5843 de-

1814 5882 2020 5941 clarata
2051 5887 2344 5944 sententiis
2372 5899 2534 5957 quam
2570 5894 2721 5941 erant
2753 5885 2807 5939 in
2834 5881 3076 5938 Barbare
3106 5880 3389 5951 inopinata
