3848 6550
462 458 569 521 503

1651 458 1976 522 GEORGII
2017 458 2496 523 PACHYMERIE

3595 462 3695 526 5M

466 573 671 642 στήσας
708 572 800 623 ἐπὶ
822 558 1000 642 τρισὶν
1030 570 1174 626 ἔτεσι
1204 572 1270 628 τὰ
1296 574 1470 628 ἀὐτοῦ
1506 575 1825 645 συνθήματά
1857 594 1915 629 τε
1946 573 2038 629 καὶ
2070 573 2114 628 Α
2144 574 2408 642 ποταμῶν
2485 574 2779 646 μεσόγαιον
2833 575 2938 630 ἀνὰ
3017 577 3316 647 Σάγγαριν,
3373 578 3699 639 Masone-ww

467 662 676 732 νόμιμα
732 662 1181 733 ἀπαρεγχείρητα
1244 664 1426 734 μένειν
1475 665 1696 730 tmte;
1751 667 1920 719 ἐδίδου
1977 665 2039 719 τὸ

468 752 709 816 ὲπεταδε,
761 747 877 806 εἶτα
929 754 1041 824 ἄρα
1072 754 1165 807 καὶ
1208 753 1379 819 δόξειε
1438 756 1684 831 γίνεσθαι
1715 757 2035 829 παρηγγύα.

467 842 628 895 Τοῦτ’
657 843 963 898 ἀνάπυστον
992 846 1231 913 γεγονὸς,
1286 846 1409 901 ἐπεὶ
1439 849 1531 902 καὶ
1562 850 1704 902 κατὰ
1740 852 1837 911 τὰς
1863 850 2039 921 ἄκρας

469 936 525 987 αἱ
552 936 764 1006 γραφαὶ
792 936 1107 1006 διεδόθησαν
1131 939 1226 991 καὶ
1256 939 1283 993 ὁ
1304 941 1445 992 κατὰ
1470 940 1560 994 τὸν
1590 940 1843 1006 Εὔξεινον
1858 942 2040 1012 ἄρχων

468 1027 854 1098 Χουτλουχὰϊμ
912 1029 1077 1100 ἤκουε
1128 1030 1189 1084 τὸ
1243 1033 1543 1102 συμπεσὸν,
1600 1033 1904 1103 διαδέχεται
1945 1033 2042 1103 τὴν

469 1119 658 1186 φήμην
687 1119 715 1171 δ
760 1118 1139 1191 Σολυμάμπαξ
1196 1122 1433 1195 Πέρσης,
1470 1124 1529 1187 ὃς
1562 1126 1659 1179 καὶ
1694 1125 1942 1196 γαμϐρὸς
1976 1121 2043 1197 ἦν

469 1209 561 1263 ἐπὶ
593 1210 821 1282 θυγατρὶ
844 1213 940 1266 τοῦ
988 1214 1396 1287 Κουτζίμπαξι.
1454 1217 1563 1271 Καὶ
1602 1217 1747 1272 οὕτω
1777 1220 2045 1289 διαμηνυ-

471 1301 655 1368 θέντος
712 1304 806 1357 τοῦ
858 1307 1167 1377 συμϐάντος
1220 1309 1298 1378 τῷ
1328 1310 1557 1380 βασιλεῖ,
1597 1313 1624 1365 ὁ
1668 1311 2043 1375 τοῦ-Καζάνου

470 1395 700 1460 θάνατος
755 1402 865 1463 τοῖς
919 1400 1131 1454 ἐκείνου
1184 1402 1450 1473 πρέσϐεσι
1502 1406 1645 1459 κατὰ
1680 1406 1860 1470 πόλεις
1879 1407 2047 1473 δῆλος

470 1486 699 1555 γίνεται,
732 1492 827 1550 καὶ
860 1493 919 1544 τὸ
950 1492 1145 1557 πένθος
1176 1495 1361 1563 σφίσιν
1401 1497 1619 1566 αἴρεται
1653 1499 1813 1567 μέγα.
1856 1500 2047 1566 Ὅμως

470 1576 527 1630 δὲ
561 1579 655 1633 καὶ
714 1582 1155 1649 παρακαλοῦνται
1219 1586 1483 1657 βασιλέως
1536 1591 1869 1657 πέμψαντος.
1900 1592 2049 1660 Πλὴν

470 1670 587 1722 ἀλλ’
629 1673 918 1742 Ἀμοὺριος
950 1676 1043 1730 καὶ
1073 1674 1247 1744 οὕτως
1280 1681 1769 1747 καθυπεστέλλετο,
1802 1683 1902 1735 οὐκ
1932 1678 2049 1737 οἶδα

469 1763 580 1816 εἴτε
641 1766 729 1818 τὸν
776 1768 884 1822 ἀπὸ
918 1768 1011 1822 τοῦ
1058 1771 1407 1842 Χαρμπαντᾶ
1455 1775 1618 1844 φόϐον
1650 1774 1781 1844 (τὰς
1815 1776 1923 1845 γὰρ
1953 1775 2048 1829 τοῦ

468 1855 701 1924 ἀδελφοῦ
758 1860 1049 1925 συνθεσίας
1101 1867 1308 1929 ἐκεῖνος
1350 1871 1539 1938 τηρεῖν
1597 1868 1827 1939 ἤθελεν)
1861 1869 1940 1922 ἔτι
1973 1869 2049 1932 ὡς

471 1947 618 2012 εἰκὸς
648 1952 1020 2023 ὑφορώμενος,
1057 1959 1167 2012 εἴτε
1197 1959 1295 2030 τὴν
1322 1963 1429 2015 ἀπὸ
1457 1961 1724 2029 βασιλέως
1758 1964 2050 2033 εὐμένειαν

471 2048 965 2117 προσποιούμενος,
1024 2053 1117 2104 καί
1170 2054 1394 2124 πέμψας
1435 2055 1551 2125 ⁴ξξτει
1586 2055 1811 2125 βασιλέα
1846 2056 1910 2109 τὸ
1944 2055 2054 2109 τῶν

474 2221 875 2294 mirandaque!
922 2226 1217 2285 Dictitabat
1249 2233 1387 2289 bene
1416 2249 1477 2289 ac
1509 2246 1695 2290 sancte
1731 2238 2055 2308 imperantis

473 2316 718 2373 hominis
747 2318 1009 2385 ollicium,
1034 2323 1123 2376 Dei
1151 2328 1391 2394 supremi
1427 2331 1674 2384 omnium
1704 2330 1919 2385 Domini
1940 2335 2054 2387 aeri

472 2407 776 2465 aﬂ'eetanda
809 2413 996 2468 studio
1023 2415 1332 2473 imitatione
1365 2421 1661 2474 contineri.
1704 2422 1860 2475 Sient
1906 2424 2054 2477 enim

475 2502 618 2571 apud
660 2503 998 2560 conditorem
1038 2507 1423 2563 universorum
1485 2512 1780 2567 discrimen
1842 2514 2054 2570 nullum

474 2600 559 2646 est
590 2591 820 2648 Romani
854 2606 948 2651 aut
978 2596 1214 2668 Scythae,
1252 2600 1517 2657 Sarmatae
1547 2616 1637 2658 aut
1665 2606 1864 2671 Graeci,
1899 2623 1963 2662 ac
1987 2623 2059 2663 ne

472 2682 609 2752 justi
642 2687 863 2755 quidem
901 2689 982 2742 vel
1036 2691 1253 2759 injusti,
1289 2695 1436 2763 quod
1474 2698 1737 2764 largiendi
1786 2699 2059 2765 profusio-

478 2792 603 2831 nem
633 2781 851 2846 attinet,
888 2785 1075 2852 utique
1106 2800 1227 2838 eum
1260 2786 1381 2856 ejus
1412 2788 1623 2841 liberali
1678 2794 1851 2860 gratia
1903 2808 2058 2862 teque

480 2868 534 2922 in
564 2884 754 2926 omnes
788 2876 1102 2929 communia
1137 2877 1403 2932 benelicia
1458 2891 1791 2949 spargantur
1847 2884 2059 2952 pluvia-

478 2978 626 3028 rum,
695 2976 1113 3038 tempestatum,
1173 2972 1307 3025 solis
1352 2988 1536 3026 annuo
1585 2976 1863 3043 iungentis
1901 2994 2059 3049 gyro,

480 3057 597 3127 pari
635 3074 853 3130 quoque
892 3062 1110 3131 penitus
1168 3064 1422 3119 alii-ctum
1460 3066 1800 3136 indulgentia
1860 3070 2061 3124 debere

478 3151 817 3221 principem,
846 3166 1107 3224 praestare
1142 3172 1201 3212 se
1225 3157 1626 3214 indilfercntem
1673 3162 1894 3216 cunctis
1929 3163 2060 3215 sub-

2144 660 2360 730 ὲτύμως
2394 663 2808 735 ὠνομασμένον,
2846 666 2932 737 ἐφ’
2966 658 3120 735 ᾧπερ
3150 669 3261 736 τοῖς
3305 666 3453 730 ἰδίοις
3481 667 3699 738 οἰκηθη·

2145 752 2372 822 σύμενον
2424 757 2537 818 τοῖς
2593 756 2744 820 ἐντὸς
2798 756 3039 811 οἰκοῦσιν
3090 761 3171 822 εἰς
3206 757 3457 828 φυλακὴν
3506 759 3699 814 κέοιτο.

2156 845 2317 898 Ἀλλὰ
2348 845 2452 899 τῶν
2483 846 2741 902 τοιούτων
2798 847 2938 912 τέως
2970 849 3389 920 ἁνηρτημένων,
3418 851 3557 912 τινὲς
3602 850 3704 903 τῶν

2145 937 2352 990 ἐκείνου
2382 940 2503 991 κατ’
2540 940 2813 1009 οὐλαμοὺς
2846 940 3191 1003 διεκθέοντες
3217 941 3388 995 κακὸν
3418 941 3702 1011 ἀπάντημα

2160 1029 2452 1100 Ῥωμαίοις
2483 1032 2563 1094 εἰς
2595 1034 2865 1103 τρυγητὸν
2916 1031 3121 1099 ἐξιοῦσι
3149 1032 3258 1087 τῶν
3286 1032 3706 1103 ἀτημελημένων

2150 1122 2449 1192 κτημάτων
2476 1123 2739 1190 ἐγίνοντο.
2798 1120 2982 1176 ’Ἦσαν
3013 1123 3123 1193 γὰρ
3160 1123 3414 1177 ἐντεῦθεν
3444 1123 3511 1177 τὰ
3550 1125 3709 1192 7:966-

2145 1231 2283 1285 τιμα
2305 1216 2413 1268 τῶν
2446 1217 2764 1271 ἑαλωκότων
2790 1215 2991 1288 φωρῶν
3019 1215 3285 1287 ἄντικρυς
3319 1217 3619 1286 πρόστιμα,
3666 1216 3710 1270 εἰ

2149 1307 2255 1377 γῆν
2284 1308 2351 1379 ἢν
2377 1308 2463 1362 διὰ
2488 1308 2703 1380 σπάθης
2730 1309 3036 1379 ἐκτήσαντο
3059 1310 3257 1363 ἐκεῖνοι
3282 1311 3500 1362 πατοῖεν
3530 1311 3624 1362 καὶ
3651 1309 3714 1362 τὰ

2153 1400 2337 1467 σφίσιν
2368 1401 2429 1453 ὲκ
2490 1400 2729 1464 πολέμου
2754 1401 3172 1473 ,περιγεγονότα
3226 1401 3603 1472 καρπίζοιντο.
3628 1400 3714 1453 Διά

2149 1509 2232 1544 τοι
2263 1490 2437 1544 ταῦτα
2462 1493 2559 1545 καὶ
2591 1493 2844 1562 μαχητὰς
2888 1494 3246 1564 μισθούμενοι
3278 1491 3557 1563 ἄνθρωποι
3592 1494 3714 1546 ἀπο-

2151 1584 2460 1653 τολμῶντες
2486 1584 2555 1637 τὰ
2589 1583 2866 1654 θαλάσσης
2898 1586 3065 1654 ἐγγὺς
3098 1583 3505 1656 ἐπιχειροῦντες
3535 1584 3715 1651 δρέπε-

2154 1674 2297 1735 σθαι.
2320 1667 2380 1729 οὗ
2406 1678 2504 1748 μὲν
2524 1677 2823 1748 ηὺστόχουν
2850 1678 2939 1732 καὶ
2960 1678 3376 1749 ἁπεκὲρδαινον,
3407 1676 3475 1729 τὰ
3499 1678 3714 1730 πλεῖστα

2153 1766 2199 1819 δ’
2224 1768 2554 1835 ἐσφάλλοντο
2583 1769 2679 1822 καὶ
2709 1771 3063 1839 ἐσφάττοντο.
3089 1771 3201 1823 Καὶ
3230 1769 3403 1823 ταῦτα
3442 1770 3542 1838 μὲν
3578 1769 3718 1831 ὲκτδς

2152 1862 2251 1931 τῆς
2291 1863 2709 1917 Κωνσταντῐνου
2757 1865 3117 1933 ἐταράττοντο,
3173 1863 3325 1924 ἐντὸς
3357 1863 3413 1915 δὲ
3448 1861 3602 1915 τοῦτο
3633 1863 3718 1932 μὲν

2084 1928 2125 1981 Β
2154 1958 2187 2025 ὴ
2215 1955 2350 2025 πρὸς
2382 1954 2475 2009 τὸν
2525 1955 2975 2028 πατριαρχοῦντα
3030 1955 3143 2009 τῶν
3174 1954 3386 2007 πολλῶν
3418 1955 3716 2022 ὑπονόησις,

2156 2046 2313 2100 τοῦτο
2335 2047 2508 2102 δὲκαὶ
2530 2048 2689 2118 ἡτῶν
2722 2049 3037 2118 δυναμένων
3061 2048 3362 2118 ἀπληστία,
3389 2045 3719 2117 καπηλευόνο

2158 2223 2468 2279 destinabat
2500 2237 2703 2280 rectam
2756 2228 3312 2293 administrationem,
3372 2226 3514 2281 adeo
3558 2224 3722 2280 enica-

2158 2321 2316 2375 cibus
2362 2322 2650 2390 praeceptis
2705 2331 2763 2375 ut
2828 2322 2986 2392 quasi
3045 2333 3161 2377 arte
3208 2321 3567 2376 mansuetarii
3625 2321 3721 2374 fera

2159 2414 2409 2468 cicurata
2469 2414 2551 2469 vel
2604 2415 2792 2485 pullus
2849 2415 3151 2469 indomitus
3206 2430 3399 2485 parere
3459 2415 3657 2483 lupatis
3698 2428 3722 2464 a

2160 2507 2428 2576 magistro
2487 2508 2683 2562 doctus
2740 2523 2999 2577 agasone,
3061 2508 3218 2561 brevi
3280 2516 3534 2576 tempore
3588 2506 3725 2575 plane

2160 2599 2507 2668 compositus
2538 2608 2589 2654 et
2616 2616 2713 2669 per
2752 2601 2937 2653 omnia
2970 2599 3254 2655 decessori
3294 2599 3492 2654 similis
3530 2598 3724 2669 imperii

2164 2688 2495 2746 candidatus
2527 2693 2870 2760 apparuerit,
2898 2692 3035 2745 nihil
3063 2690 3177 2761 jam
3210 2692 3393 2745 minus
3426 2689 3499 2746 de
3533 2706 3590 2745 se
3615 2705 3725 2758 spe-

2164 2787 2397 2838 randum
2429 2786 2678 2853 praebens
2710 2802 2874 2854 quam
2902 2786 2945 2841 si
2978 2785 3214 2840 Cazanis
3240 2796 3426 2840 cretus
3475 2784 3727 2853 sanguine

2165 2875 2552 2946 institutisque
2579 2893 2608 2932 a
2643 2878 2876 2948 pueritia
2904 2880 3192 2942 formatus,
3222 2892 3332 2932 non
3362 2887 3549 2932 autem
3579 2876 3727 2929 frater

2164 2969 2432 3025 educatus
2495 2987 2723 3041 peregre
2756 2972 2803 3027 ei
2835 2972 3117 3026 decedenti
3149 2972 3567 3041 subrogaretur.
3596 2966 3729 3022 Hunc

2166 3063 2331 3116 talem
2358 3074 2721 3132 compertum,
2777 3066 2909 3117 nihil
2959 3065 3100 3120 ultra
3128 3078 3400 3129 moratus,
3449 3065 3509 3118 in
3542 3062 3728 3133 princi-

2168 3163 2330 3223 patus
2371 3155 2774 3224 possessionem
2824 3156 3068 3211 Cazanes
3119 3156 3290 3221 misit,
3346 3155 3515 3211 enixe
3560 3164 3731 3208 velans

479 3244 605 3300 ditis
647 3249 1085 3303 necessariorum
1137 3252 1203 3305 ad
1242 3252 1367 3308 vita:
1422 3257 1628 3309 cultum
1677 3265 1732 3309 et
1782 3256 2059 3309 desidera-
2088 3276 2134 3335 α
2172 3266 2237 3303 ne
2272 3259 2385 3304 toto
2422 3251 2657 3304 triennio
2684 3250 2979 3320 quidquam
3011 3251 3062 3303 in
3091 3251 3409 3305 constitutis
3452 3265 3482 3302 a
3516 3264 3572 3303 se
3610 3247 3728 3315 legi-

482 3346 666 3391 torum
703 3340 1001 3410 unicuique
1028 3344 1395 3412 praebitorem,
1444 3349 1616 3416 gratis
1652 3348 1903 3401 beantem
1933 3351 2055 3402 uni-

480 3433 947 3489 versos.Ca:terze
997 3452 1161 3505 porro
1214 3438 1451 3496 Cazanis
1505 3443 1559 3495 in
1612 3442 1777 3495 rebus
1831 3457 1896 3495 ex
1956 3457 2057 3495 usu

480 3523 703 3592 publico
737 3525 1190 3584 administrandis
1237 3532 1514 3598 aequitatis
1562 3531 1842 3599 specimen
1881 3541 2062 3585 exstat

483 3620 539 3671 itt
564 3633 622 3672 re
646 3620 913 3673 momenti
944 3636 1049 3673 non
1082 3623 1239 3690 parvi
1296 3625 1360 3678 ad
1395 3624 1554 3677 [idern
1606 3626 1657 3678 in
1711 3626 2060 3681 commerciis

483 3712 807 3765 servandam
838 3727 1067 3768 moneta:
1089 3716 1315 3786 signatae
1338 3719 1628 3785 probitate.
1657 3719 1739 3771 Ab
1768 3719 1888 3788 ipso
1913 3720 2058 3775 cnim

482 3812 710 3857 auctore
742 3804 957 3858 celebre
982 3805 1143 3860 habet
1173 3824 1369 3862 nomen
1390 3808 1674 3863 Cazaneus
1697 3811 1782 3865 ille
1802 3828 2062 3867 nummus

484 3911 548 3950 ex
584 3911 719 3948 auro
765 3913 934 3955 cusus
988 3901 1271 3968 exquisitae
1319 3904 1600 3972 puritatis.
1654 3902 1763 3957 Nec
1819 3906 2059 3961 absimili

487 3989 767 4059 diligentia
798 3991 850 4046 in
899 3992 1129 4061 reliquis
1188 3995 1471 4064 regitninis
1519 3997 1767 4063 partibus
1811 4009 2061 4052 versatus

486 4094 684 4137 cuneta
729 4086 933 4153 ubique
961 4087 1228 4140 institutis
1278 4091 1606 4157 temperavit
1640 4088 2060 4153 lautialiSSimiS,

490 4179 625 4235 nihil
658 4196 715 4234 se
748 4180 952 4234 habere
985 4180 1271 4248 antiquius
1298 4189 1392 4234 aut
1440 4182 1643 4235 ducere
1704 4183 1887 4249 potius
1935 4198 2061 4251 per-

490 4270 715 4325 fectain
750 4270 1007 4322 omnibus
1063 4270 1412 4323 absolutione
1466 4269 1696 4335 justitize
1748 4270 1896 4323 nulla
1951 4284 2063 4324 non

489 4364 705 4423 actione
740 4379 851 4433 pra:
886 4379 945 4419 se
975 4362 1178 4417 ferens.
1208 4362 1351 4417 hiem
1384 4364 1576 4416 morbo
1606 4377 1664 4417 se
1689 4361 1901 4415 absumi
1942 4377 2067 4416 sen-

490 4460 591 4514 sim
652 4459 913 4513 diuturno
963 4467 1015 4511 et
1072 4456 1363 4510 ineurabili
1410 4456 1673 4517 sentiens,
1734 4470 1925 4509 curam
1978 4457 2066 4508 itt-

490 4568 714 4622 gressus
745 4552 847 4606 sibi
879 4551 1109 4618 parandi
1148 4548 1316 4622 A59
1340 4564 1369 4604 e
1419 4548 1897 4618 consanguinitate
1940 4564 2067 4602 suc-

2172 3343 2272 3396 bus
2293 3352 2387 3395 aut
2425 3343 2728 3397 foederibus
2757 3357 2819 3397 ac
2841 3352 2955 3396 toto
2981 3344 3217 3397 inchoati
3246 3342 3535 3411 regiminis
3564 3353 3729 3395 tenore

2170 3443 2428 3498 mutaret,
2467 3446 2587 3506 post
2655 3434 2808 3499 illum
2844 3434 3135 3489 terminum
3178 3452 3280 3490 suo
3321 3434 3473 3489 illum
3540 3433 3611 3488 uti
3656 3446 3729 3484 ar-

2175 3529 2340 3583 bitrio
2378 3544 2443 3583 ac
2474 3529 2664 3589 libere.
2722 3539 2884 3598 prout
2928 3535 3200 3591 censeret,
3253 3543 3341 3584 res
3395 3542 3590 3598 gerere
3630 3539 3733 3596 per-

2173 3622 2416 3675 mittens.
2449 3620 2574 3674 llzee
2603 3621 2674 3674 ita
2711 3631 2861 3690 gesta
2901 3622 3180 3691 divulgata
3212 3621 3359 3675 brevi
3416 3636 3517 3690 per
3566 3619 3729 3673 Asiam

2171 3723 2337 3768 sunt:
2367 3730 2466 3767 nec
2494 3715 2639 3767 enim
2678 3729 2739 3768 ea
2772 3724 3024 3782 satrapas
3076 3714 3276 3767 bellum
3338 3713 3451 3768 illic
3503 3720 3730 3782 gerentes

2172 3805 2427 3875 ignorare
2456 3807 2709 3860 sinebant
2743 3808 2933 3859 litterre
2979 3806 3045 3860 de
3077 3805 3162 3860 his
3191 3805 3256 3859 ad
3310 3820 3472 3860 arces
3525 3799 3729 3858 Romani

2170 3898 2389 3961 limitis,
2427 3914 2565 3968 quas
2596 3898 2929 3952 tttnel‘ersa‘,
2982 3898 3327 3961 obtinebant,
3374 3908 3605 3964 actaque
3655 3908 3730 3961 pu-

2176 3993 2322 4046 blica
2348 4007 2473 4046 cum
2497 3992 2892 4059 diplomatibus
2915 3992 3017 4044 ista
3057 3992 3400 4045 ﬁrmantibus
3434 3991 3538 4043 rite
3568 3988 3727 4040 missa.

2171 4082 2393 4137 Audivit
2431 4100 2561 4154 ergo
2589 4069 3057 4145 Chutluchai'mus,
3081 4084 3170 4155 qui
3209 4082 3530 4151 regionibus
3555 4080 3616 4133 ad
3643 4077 3732 4129 Eu-

2176 4178 2364 4231 xinum
2392 4176 2514 4231 sitis
2558 4188 2832 4244 praeerat,
2889 4176 3033 4244 quod
3080 4175 3385 4239 acciderat;
3436 4172 3733 4241 excepitque

2180 4285 2302 4323 mox
2331 4269 2408 4323 rei
2445 4269 2643 4323 famam
2699 4270 3145 4341 Solymampaxes
3197 4266 3387 4330 Persa,
3452 4281 3616 4337 gener
3645 4260 3734 4315 Ctt-

2180 4359 2511 4428 tzimpaxis;
2579 4358 2723 4414 unde
2784 4359 2851 4413 ad
2918 4360 3303 4428 imperatorem
3352 4369 3576 4424 quoque
3623 4349 3732 4406 facti

2166 4453 2370 4525 notitia
2402 4456 2670 4522 pervenit.
2713 4451 2913 4507 Secuta
2958 4460 3080 4521 post
3123 4451 3286 4517 paulo
3310 4448 3546 4502 Gazanis
3606 4457 3735 4499 mors

2177 4546 2336 4599 varie.’
2351 4546 2597 4599 dimissis
2627 4544 2792 4617 460
2820 4560 2883 4598 ex
2912 4529 3036 4597 aula
3068 4542 3260 4611 legatis
3313 4539 3616 4617 significata
3654 4548 3736 4605 pcr

492 4641 758 4706 cessoris,
821 4640 966 4707 quod
1008 4639 1195 4695 liberis
1245 4639 1489 4704 carebat,
1545 4638 1870 4693 'l‘uctainem
1904 4652 2067 4706 quem
2102 4639 2149 4696 D
2178 4636 2433 4691 civitates
2462 4647 2567 4702 est,
2618 4637 2825 4689 luctum
2874 4635 3078 4703 passim
3113 4634 3386 4702 ingentem
3431 4625 3737 4684 declaranti-

493 4734 728 4789 habebat
751 4734 992 4789 fraterno
1009 4750 1038 4787 e
1057 4748 1253 4800 genere
1277 4733 1605 4802 proximum.
1630 4733 1886 4801 quoniam
1912 4731 2076 4800 hujus

496 4844 677 4882 mores
710 4843 774 4882 ac
812 4843 1011 4883 sensus
1043 4845 1070 4879 a
1112 4828 1230 4881 suis
1277 4825 1452 4894 ipsius
1496 4825 1861 4879 abhorrentes
1910 4824 2079 4878 certis

494 4936 561 4976 ex
597 4921 817 4974 indiciis
849 4928 1169 4985 agnoverat,
1201 4932 1528 4987 promovere
1568 4918 1636 4973 ad
1676 4932 1825 4986 spem
1861 4916 2075 4986 imperii

495 5014 690 5068 uoluit.
714 5012 792 5067 Ac
820 5028 885 5066 ne
916 5014 1007 5075 ille
1038 5029 1097 5067 se
1146 5022 1366 5065 mortuo
1411 5010 1772 5079 principatum
1800 5024 2080 5063 commen-

493 5105 713 5158 datione
739 5104 958 5171 generis
984 5103 1126 5157 malo
1149 5101 1368 5170 publico
1419 5102 1709 5170 arriperet,
1770 5100 2080 5168 praeluden-

494 5200 624 5250 dutn
652 5196 752 5265 ipsi
773 5196 839 5250 ad
878 5198 981 5249 hoc
1011 5194 1259 5249 auditum
1291 5193 1631 5248 stabilienda
1660 5194 1713 5246 in
1740 5194 1878 5247 solio
1903 5194 2074 5261 ipsius

499 5295 705 5349 l'ratre,
771 5288 1101 5355 probatioris
1168 5285 1272 5340 sibi
1315 5286 1516 5354 juvene
1564 5285 1785 5348 indolis,
1841 5285 2071 5355 putavit.

500 5383 655 5438 llunc
690 5384 878 5451 igitur,
903 5382 990 5435 cui
1029 5388 1146 5435 erat
1193 5380 1557 5447 Carmpantas
1606 5378 1670 5447 ιδ)
1714 5394 1937 5439 nomen,
1984 5392 2073 5431 ac-

2181 4729 2283 4784 bus
2310 4730 2571 4799 satrapis,
2600 4745 2739 4799 quos
2776 4729 3097 4798 imperator,
3133 4725 3420 4780 destinatis
3460 4723 3529 4778 ad
3563 4733 3737 4774 unum-

2179 4837 2455 4892 quemque
2486 4822 2569 4875 sui
2631 4820 2758 4875 talis
2814 4819 3205 4889 interpretibus
3256 4817 3445 4877 oiIieii,
3488 4809 3734 4869 consolari

2182 4913 2491 4967 humaniter
2521 4911 2749 4966 studuit.
2779 4909 2914 4965 illud
2951 4922 3077 4964 tunc
3105 4925 3211 4963 non
3247 4906 3734 4972 incommode-pra»

2182 5019 2267 5065 ter
2309 5016 2460 5079 spem
2497 5008 2748 5077 contigit,
2781 5005 3089 5071 Amttrium,
3149 5019 3308 5073 quem
3350 5004 3467 5055 sola
3520 4995 3733 5054 Cazanis

2185 5100 2493 5157 reverentia
2527 5099 2809 5169 paululum
2845 5107 3005 5152 antea
3039 5111 3349 5165 repressmn
3385 5093 3531 5148 haud
3579 5101 3733 5142 vanus

2184 5204 2301 5249 erat
2360 5203 2536 5247 melus
2593 5208 2658 5246 eo
2710 5191 2927 5248 sublato
2974 5190 3276 5243 rediturum
3330 5192 3396 5240 ad
3452 5185 3731 5253 ingenium.

2184 5286 2469 5339 continere
2498 5299 2619 5337 sese
2653 5291 2833 5335 tamen
2866 5291 2918 5335 et
2963 5282 3116 5350 pacis
3161 5283 3492 5333 voluntatem
3541 5289 3645 5345 prre
3683 5283 3735 5324 se

2189 5377 2352 5440 ferre,
2385 5378 2500 5430 sive
2532 5392 2561 5429 a
2595 5373 2926 5442 Carmpanta
2981 5372 3184 5434 timuit,
3236 5372 3329 5439 qui
3389 5367 3677 5423 foederibus
3706 5374 3733 5412 a

497 5476 722 5533 cersivit
759 5492 931 5544 usque
957 5475 1024 5528 ab
1052 5474 1224 5535 India,
1267 5471 1376 5526 illis
1415 5473 1467 5524 in
1515 5472 1764 5540 partibus
1799 5487 1920 5524 rem
1949 5459 2402 5539 pro-GCazane
2433 5467 2602 5520 fratre
2634 5463 2824 5530 initis(
2855 5465 2998 5517 inter
3030 5479 3151 5532 quze
3193 5473 3317 5513 nota
3348 5467 3466 5515 eral.
3494 5470 3612 5510 cum
3639 5453 3734 5505 im-

494 5572 616 5641 prio
650 5570 893 5624 esereitu
927 5576 1229 5621 morantem
1257 5583 1271 5630 ;
1305 5566 1667 5633 eumdemque
1690 5574 2071 5636 occurrentem

497 5674 723 5719 strenue
755 5661 974 5730 proprio
1009 5657 1246 5728 quodam
1278 5658 1520 5724 ipsorum
1575 5657 1682 5709 ritu
1715 5656 1779 5709 ad
1811 5655 1902 5723 jus
1932 5644 2070 5724 legi-

430 5762 441 5775 ’
500 5759 643 5810 tione
684 5756 737 5807 in
798 5754 1086 5821 imperium
1135 5751 1508 5807 successionis
1562 5749 1907 5817 designavit;
1943 5764 2071 5802 eru-

500 5850 633 5909 divit
661 5848 1003 5915 quinetiam,
1057 5862 1154 5913 pro
1191 5860 1453 5915 tempore,
1494 5844 1558 5896 ad
1591 5842 1736 5912 regni
1798 5841 1940 5911 quod
1996 5840 2070 5894 illi

577 5970 642 6033 (Ἰ
672 5965 784 6022 ltttu
813 5964 1109 6020 Cuibatlns.

2184 5572 2439 5632 peratotc
2491 5557 2821 5625 conventio)
2884 5566 3030 5609 stare
3070 5571 3127 5609 se
3176 5555 3314 5609 velle
3362 5552 3735 5611 declaraveral,

2184 5654 2302 5708 sive
2328 5652 2681 5719 imperatoris
2713 5647 2938 5716 gratiam
2975 5648 3039 5699 ad
3075 5661 3204 5700 suos
3239 5645 3343 5698 sibi
3390 5644 3523 5697 lines
3565 5639 3732 5694 utilem

2182 5744 2477 5801 aﬂectavit.
2511 5739 2695 5796 Missis
2747 5741 2833 5794 hic
2886 5740 3049 5810 igitur
3102 5739 3292 5807 legalis
3325 5738 3391 5790 ab
3426 5736 3735 5805 iuqieratoro

2185 5840 2337 5911 petiit
2379 5834 2606 5891 concedi
2640 5834 2739 5886 sibi
2781 5833 3013 5904 propriis
3046 5815 3493 5899 {reque-matulam
3523 5821 3732 5881 coloniis
