3848 6544
142 463 230 526 505
1030 452 1125 511 DE
1168 445 1605 509 ANDRONICO
1647 444 2106 504 PAL:EOLOGO
2147 442 2296 503 LIB.
2335 443 2415 503 VI
3255 425 3358 487 506

140 597 227 629 των
260 577 347 625 καὶ
400 574 542 623 σῖτον
603 572 695 623 καὶ
751 568 885 621 ὥνια
908 586 920 597 ·
953 569 1046 620 καί
1095 566 1202 633 γάρ
1232 566 1300 617 τὰ
1334 564 1562 617 πλεῖστα
1591 558 1684 613 καὶ
1715 561 1760 619 Α
1790 558 2100 612 καταϐάντα
2156 556 2381 624 ἐπώμνυ
2434 551 2492 604 τὸ
2536 548 2627 606 καὶ
2656 547 2717 601 τὸ
2770 547 2964 610 ποιεῖν,
3005 543 3053 596 εἰ
3087 540 3161 612 μὴ
3187 539 3360 592 ταῦτα

141 665 472 735 κεχιαδιίωντο
521 661 965 731 αἰσχροκερδείας
1019 658 1343 727 ἡττώμενοι,
1377 654 1471 708 καὶ
1506 652 1682 706 πάντα.
1784 652 2016 718 γένοιτο,
2053 648 2358 717 βούλεσθαι.

138 758 409 830 χρημάτων
468 755 929 822 καταπροῖέμενοι
990 751 1172 804 πάντα
1211 746 1485 817 ’μαλακῶς
1520 742 1684 797 διετί-

140 851 265 912 Θουν,
288 846 372 919 [Ρ.
407 843 540 915 ⁸521]
573 846 671 896 καὶ
701 844 772 896 τὰ
803 841 903 911 τῆς
926 840 1208 899 πολιτείας
1242 837 1427 897 δεινῶς
1452 832 1684 901 ὲκυμαί-

138 958 286 995 vasto.
336 935 472 991 Ἀλλ’
513 938 547 1006 ἡ
593 935 691 1006 μὲν
721 933 993 1004 καπηλεία
1024 934 1120 984 καὶ
1176 930 1299 982 λίαν
1349 926 1553 989 ὠδύνα,
1609 925 1686 987 ὡς

141 1020 429 1102 φαίνεσθαι,
475 1027 570 1081 τὸν
626 1027 978 1096 πατριάρχην
1045 1019 1556 1094 δημοχαριστοῦντα
1614 1020 1686 1068 τά

143 1125 340 1175 πλεῖστα
378 1119 472 1173 καὶ
523 1119 665 1172 κατὰ
693 1117 802 1170 τῶν
844 1116 1161 1184 δυναμένων
1202 1111 1343 1181 ὑπὲρ
1375 1110 1578 1171 αὐτῶν,
1610 1108 1687 1171 ὡς

140 1214 308 1273 ἐδόκει,
340 1210 532 1265 τοῦτον
564 1209 879 1278 ἱστάμενον,
914 1207 1054 1261 ὥστε
1102 1206 1399 1275 γράμμασι
1427 1202 1565 1269 πρὸς
1597 1201 1689 1252 τὸν

128 1305 414 1378 -κρατοῦντα
439 1301 941 1375 παρρησιάζεσθαι,
974 1300 1069 1351 καὶ
1093 1299 1281 1368 ὅρκοις
1315 1293 1689 1366 ξσχυρὲζεσθαι

142 1395 169 1469 ἦ
204 1399 317 1468 μὴν,
370 1397 402 1461 ἦ
438 1398 515 1466 μή
542 1396 596 1464 γ’
626 1397 660 1465 ὴ
692 1392 964 1462 καπηλεία
997 1390 1092 1444 τοῦ
1146 1392 1293 1442 σίτου
1336 1387 1493 1456 ὲῷτο,
1528 1386 1691 1455 ἀραῖς

142 1488 425 1559 περιϐαλεῖν
453 1490 520 1539 ἐκ
549 1485 731 1538 κοινοῦ
783 1484 1058 1554 συνεδρίου
1100 1482 1225 1543 τοὺς
1258 1476 1687 1547 καπηλεύοντας,

143 1585 218 1637 καὶ
234 1583 319 1635 τοῦ
339 1580 531 1633 λοιποῦ
564 1583 627 1632 ἐκ
660 1578 827 1647 μέσου
856 1576 1122 1644 γενεσθαι.
1143 1575 1251 1626 Καὶ
1270 1572 1418 1624 ταῦτ’
1443 1571 1688 1640 ὲπώμνυ,

145 1674 218 1723 καὶ
236 1672 374 1725 οὐδὲν
397 1673 601 1741 ἤνυστο
635 1670 919 1740 παράπαν,
957 1668 1031 1731 ὡς
1056 1668 1220 1736 μέρος
1252 1665 1345 1718 καὶ
1378 1661 1552 1717 ταῦτα
1584 1661 1692 1714 τῶν

144 1765 241 1818 κατ’
266 1765 427 1817 αὐτοῦ
481 1764 751 1831 γίνεσθαι,
778 1762 862 1814 ὅτι
900 1760 993 1812 ἐπὶ
1022 1758 1233 1829 ματαίῳ
1259 1757 1349 1811 τὸν
1379 1756 1438 1820 ἐξ
1459 1751 1691 1825 οὐρανοῦ

1789 762 1853 833 β’.
1886 761 2227 833 Δημηγορία
2261 760 2366 815 τοῦ
2396 756 2702 833 ,βασιλέως
2734 753 2896 833 «pug.
2912 750 3056 816 τοὺς
3089 748 3364 818 σχιζομέο

2123 823 2293 898 ἱρους,
2322 831 2421 884 καὶ
2447 828 2740 895 ἀπολογία
2771 823 3044 878 ἐκείνων.

1860 947 1950 1019 [Ρ.
1987 945 2115 1017 522]
2137 946 2274 1007 Τοὺς
2295 943 2351 997 δέ
2375 960 2437 1009 γε
2473 939 2822 1010 σχιζομένους
2844 937 3008 1006 ἐνάτῃ
3038 932 3152 1003 μετ’
3177 932 3365 986 εἰκάδα

1788 1036 2145 1107 Γαμηλιῶνος
2189 1035 2216 1087 ὁ
2266 1031 2487 1103 κρατῶν
2537 1031 2791 1098 συνῆγεν.
2834 1025 3025 1094 Ἐξῆγε
3055 1025 3109 1077 δὲ
3142 1023 3363 1092 καὶτῆς

1790 1089 2040 1196 φυλακῆς
2081 1126 2172 1179 τὸν
2218 1089 3058 1192 Ταρχανειώτην’;1ωάννην,”ὃκθ
3088 1117 3143 1166 ὲν
3178 1089 3363 1167 ἀνέσει

1787 1221 1851 1273 τὸ
1880 1219 2154 1288 πρότερον
2187 1216 2345 1284 ἔχων,
2383 1215 2505 1267 ἐπεὶ
2527 1212 2620 1263 καὶ
2643 1209 2803 1271 αὐτὸς
2840 1207 2915 1275 τῷ
2936 1204 3367 1274 πατριαρχοῦντι

1792 1309 2153 1380 προσέκρουε,
2180 1304 2543 1359 συνεκλείετο.
2575 1303 2709 1354 Τότε
2735 1301 2778 1353 δ’
2802 1293 3048 1350 ἐκϐαλὼν
3081 1295 3243 1364 μέρος
3270 1289 3366 1343 τοῦ

1794 1401 2052 1469 συλλόγου
2084 1400 2177 1453 καὶ
2210 1397 2372 1451 αὐτὸν
2394 1393 2527 1464 εἶχε.
2551 1394 2660 1446 Καὶ
2693 1393 2771 1454 εἰς
2801 1390 3009 1448 πάντας
3031 1381 3369 1454 προκαθίσας

1792 1491 2144 1562 ἐδημηγόρει,
2212 1486 2538 1556 καθημένων
2570 1484 2664 1536 καὶ
2702 1483 2810 1534 τῶν
2837 1476 3056 1547 ruga).ch
3099 1471 3366 1543 μοναχῶν,

1794 1584 1933 1655 πρὸς
1979 1582 2072 1644 οὓς
2097 1580 2192 1634 καὶ
2232 1578 2431 1649 μᾶλλον
2463 1576 2537 1639 ὡς
2584 1572 2916 1642 ἀξιωτέρους
2948 1569 3053 1622 τῶν
3084 1565 3255 1619 ἄλλων
3284 1563 3369 1615 δο-

1792 1649 2046 1735 κοῦντας,
2093 1668 2235 1738 ἔχων
2269 1669 2417 1736 παρὰ
2445 1663 2650 1734 θάτερα
2694 1663 2790 1731 μὲν
2831 1658 3200 1727 πατριάρχην,
3242 1649 3374 1722 παρ’

1794 1767 2032 1834 ἑκάτερα
2066 1764 2121 1818 δὲ
2159 1763 2437 1833 ἀρχιερεῖς
2483 1776 2539 1812 τε
2575 1757 2669 1811 καὶ
2696 1753 3011 1825 κληρικοὺς,
3049 1744 3372 1818 συμπαρού-

67 2020 72 2024 ξ
149 1945 485 1999 Interamnam
519 1942 589 1997 ad
640 1942 925 2012 Sangarim
958 1939 976 2009 (
1014 1938 1117 1993 hoc
1158 1944 1244 1992 est
1294 1947 1492 1990 terram
1549 1934 1692 1988 inter
1724 1898 1768 1953 Β

148 2036 334 2089 ﬂumina
353 2034 703 2097 conclusam,
765 2046 928 2101 quam
980 2028 1345 2082 Mesonesium
1380 2042 1444 2079 ex
1498 2039 1562 2079 eo
1589 2039 1691 2078 uo-

153 2121 356 2190 tuinant,
422 2124 571 2195 quod
648 2123 828 2177 media
898 2122 1044 2176 inter
1093 2134 1267 2189 aquas
1327 2117 1694 2187 undecunque

158 2216 338 2271 fluentis
372 2216 620 2270 amnium
660 2215 808 2270 velut
837 2213 1018 2270 insula
1053 2212 1296 2283 cingitur
1326 2212 1365 2280 ),
1396 2223 1557 2278 quam
1587 2207 1693 2263 sibi

161 2311 342 2380 suisque
390 2309 746 2365 habitandam
776 2323 840 2362 ac
872 2306 1288 2363 custodiendam
1342 2303 1567 2358 attribui
1600 2301 1697 2356 ad-

158 2404 337 2471 dicique
368 2402 588 2458 volebat
628 2400 697 2455 ab
730 2401 1001 2470 Augusto.
1062 2398 1259 2452 Verum
1313 2396 1529 2450 interim
1563 2395 1694 2450 dum

158 2495 511 2551 haciudeciso
543 2494 720 2548 adhuc
750 2502 985 2548 tractatu
1048 2487 1315 2561 pendent,
1368 2487 1589 2559 quidam
1630 2502 1697 2540 ex

158 2588 291 2657 lzujus
322 2586 521 2644 castris
580 2585 957 2656 manipulatim
1009 2596 1454 2652 quoquoversum
1507 2593 1701 2632 excur-

159 2689 309 2738 tentes
357 2677 944 2735 bostiliterirruebaut
992 2674 1045 2729 in
1112 2674 1414 2737 Romanos,
1470 2671 1698 2725 istarum

160 2774 282 2827 velut
328 2774 667 2828 indutiarum
743 2771 939 2825 liducia
973 2769 1209 2824 revisere
1250 2781 1414 2819 ausos
1450 2766 1703 2833 antiquas

160 2866 294 2920 sedes
314 2865 469 2930 quasi
500 2864 566 2919 ad
604 2862 995 2917 racemandum
1041 2869 1160 2930 post
1193 2858 1547 2919 vindemiam,
1578 2855 1700 2909 etsi

160 2958 269 3028 quid
291 2973 320 3013 e
350 2958 464 3011 suis
498 2956 625 3011 olim
657 2956 906 3026 ipsorum
965 2955 1128 3007 rebus
1161 2949 1476 3022 praedonum
1531 2947 1706 3002 avari-

1795 1947 1957 2005 noxie
1995 1944 2254 2013 mollique
2287 1943 2342 1996 in
2369 1939 2595 2010 gratiam
2630 1933 2812 2005 largiri
2862 1927 3159 1984 valentium
3194 1921 3373 1978 indul-

1797 2042 1978 2114 gentia
2007 2038 2238 2109 publieze
2266 2050 2352 2089 res
2384 2030 2929 2087 administrarentur.
2961 2018 3118 2075 Unde
3149 2028 3375 2087 necesse

1797 2141 1915 2189 erat
1942 2142 2141 2187 statum
2171 2125 2454 2198 politicum
2486 2136 2549 2175 ac
2582 2130 2859 2176 summam
2915 2126 3099 2168 rerum
3157 2107 3375 2179 pericu-

1799 2226 2071 2281 lusissitue
2131 2220 2416 2277 ﬂuctuare.
2474 2213 2611 2281 Quia
2636 2225 2790 2277 vero,
2841 2205 2985 2276 quod
3037 2200 3274 2259 maxime
3305 2213 3377 2256 ex

1799 2318 1887 2373 bis
1913 2315 2136 2370 urbanis
2164 2312 2321 2366 malis
2352 2310 2409 2363 in
2441 2305 2799 2362 offensionem
2832 2295 3149 2354 incurrebat
3197 2305 3374 2361 pepu-

1803 2411 1991 2471 larem,
2021 2415 2139 2461 erat
2178 2405 2284 2458 ista
2318 2402 2526 2473 plebem
2552 2396 2805 2450 miseram
2838 2388 3190 2458 strangulans
3235 2397 3376 2436 nun-

1803 2501 2006 2554 dinatio
2032 2499 2281 2561 divitum,
2315 2507 2434 2548 eam
2455 2490 2559 2545 sibi
2578 2502 2700 2543 esse
2722 2483 3107 2541 exosissimam
3141 2475 3379 2532 ostendit

1805 2590 2151 2662 patriarcha,
2203 2584 2436 2656 gratiam
2488 2578 2673 2651 populi
2735 2576 2814 2632 sic
2866 2573 3171 2642 colligens,
3211 2580 3381 2636 seque

1806 2697 1920 2740 arte
1975 2685 2077 2737 Litt
2129 2677 2497 2749 prannuuicns
2572 2678 2763 2726 contra
2834 2666 3130 2722 factionem
3207 2674 3372 2730 quam

1805 2779 2092 2833 adversum
2128 2769 2449 2840 se.conflari
2492 2783 2600 2821 nou
2640 2764 2800 2834 plane
2828 2759 3141 2830 ignorabat.
3177 2754 3383 2808 Intelli-

1806 2885 1940 2941 gens
1980 2882 2164 2937 porro,
2222 2863 2366 2934 quod
2442 2874 2529 2914 res
2586 2865 2727 2918 erat,
2784 2852 3026 2910 coerceri
3091 2847 3378 2902 avaritiam

1811 2949 2038 3015 istorum
2072 2957 2175 3011 nisi
2222 2955 2547 3010 auctoritate
2605 2948 2949 3019 superiorum
2986 2943 3118 3013 ipsis
3175 2951 3227 2995 ct
3260 2939 3381 3008 plus

162 3055 268 3108 tiam
292 3056 537 3123 fugisset,
576 3054 703 3108 inde
724 3050 1147 3122 sublegendum.
1177 3047 1286 3101 llos
1460 3059 1707 3114 compre—
1813 3053 2116 3128 polentium
2155 3049 2381 3104 minime
2410 3062 2590 3116 posse,
2633 3043 2844 3097 [iueras
2905 3052 3071 3107 super
3104 3050 3169 3089 eo
3224 3047 3384 3099 urg"-

163 3145 338 3204 bensos
359 3145 656 3202 Statutisin
703 3149 852 3201 fures
897 3144 1078 3213 pcenis
1132 3139 1544 3197 inexorabiliter
1595 3139 1704 3207 ple-

1814 3143 2254 3214 mentoscripsit
2298 3141 2362 3196 ad
2396 3140 2781 3208 imperatorem
2815 3130 3146 3195 liberrimas,
3173 3125 3230 3179 in
3260 3123 3382 3193 qui-

163 3243 392 3297 ctebaut:
424 3240 630 3295 furtum
664 3243 811 3293 enim
857 3238 991 3308 ipsis
1046 3236 1334 3291 videbatur
1380 3248 1501 3287 esse
1537 3232 1709 3285 mani-
1734 3229 1780 3289 ϐ
1814 3243 1915 3296 bus
1955 3227 2289 3301 minabatur,
2322 3233 2630 3303 iuramento
2655 3227 2818 3282 etiam
2850 3221 3176 3289 interposito
3207 3217 3383 3270 minas

164 3334 358 3397 festum,
396 3337 590 3390 tollere
619 3332 913 3404 quidquam
949 3348 1014 3387 ex
1040 3343 1181 3384 terra
1214 3344 1378 3396 quam
1424 3327 1526 3396 ipsi
1574 3339 1704 3378 ense

1812 3332 2082 3393 sanciens,
2117 3343 2197 3394 se,
2230 3325 2340 3379 nisi
2379 3322 2519 3377 foeda
2549 3320 2653 3374 ista
2711 3325 2763 3372 et
2818 3315 2938 3369 urbi
2977 3313 3174 3366 famem
3230 3310 3384 3362 inve-

161 3442 213 3482 ac
246 3429 383 3483 bello
412 3426 691 3498 propriam
737 3424 1019 3495 fecissent,
1061 3423 1149 3477 cui
1200 3405 1435 3476 victores
1486 3419 1704 3473 insiste-

1814 3424 1996 3480 hentia
2037 3418 2298 3477 frumenti
2326 3412 2629 3488 praesertim
2694 3406 3005 3472 monopolia
3040 3403 3383 3464 desinerent,

166 3531 293 3585 rent,
344 3521 502 3591 cujus
544 3521 670 3575 ideo
721 3519 934 3573 fructus
990 3531 1179 3572 omnes
1217 3517 1341 3586 jure
1396 3513 1494 3567 sibi
1542 3527 1704 3581 quam

1812 3530 2004 3574 eorum
2032 3522 2289 3567 auctores
2319 3525 2348 3563 e
2382 3503 2664 3560 communi
2694 3499 2892 3570 synodi
2937 3494 3212 3552 sententia
3246 3491 3385 3547 diris

163 3615 341 3682 optimo
366 3613 635 3683 quaesitos
668 3611 1087 3677 contenderent,
1142 3609 1463 3675 servarique
1510 3614 1566 3659 ut
1614 3605 1704 3659 do-

1812 3620 1865 3664 et
1894 3605 2227 3663 anathemati
2261 3602 2655 3670 subiecturum,
2697 3610 2799 3650 nec
2844 3592 3159 3661 quieturum
3201 3588 3385 3641 donec

168 3705 309 3761 minis
335 3706 575 3762 illibatos
605 3719 817 3774 aequum
841 3709 1153 3760 censerent.
1190 3698 1303 3756 Hoc
1342 3699 1516 3754 nostri
1563 3711 1704 3751 com-

1812 3699 2271 3757 exterminaretur
2292 3710 2321 3749 e
2338 3692 2554 3747 civitate
2579 3699 2687 3743 tam
2710 3684 3018 3755 perniciosa
3040 3679 3381 3750 corruptela.

170 3809 301 3866 perto
328 3798 708 3854 conducebant
730 3796 962 3867 privatis
988 3795 1279 3866 stipendiis
1317 3793 1542 3857 milites,
1583 3804 1704 3844 cum

1814 3792 2016 3849 Verum
2058 3801 2369 3860 quanquam
2396 3786 2485 3839 ille
2506 3798 2564 3837 se
2593 3782 2661 3836 ad
2703 3781 2778 3834 ita
2809 3779 3040 3834 omnino
3073 3772 3385 3828 faciendum

168 3894 346 3958 quibus
377 3903 735 3961 erumpentes
773 3890 827 3944 in
862 3890 982 3944 loca
1013 3889 1314 3959 praesertim
1369 3883 1505 3939 mari
1531 3882 1711 3937 vicina
1812 3881 2170 3958 jurejurando
2207 3876 2488 3946 conceptis
2528 3874 2741 3944 prolato
2798 3871 2985 3926 verbis
3030 3866 3387 3923 astrinxerat,

171 3984 325 4053 aliqua
353 4000 383 4039 e
406 3985 522 4040 suis
553 3982 831 4052 quondam
871 3981 1019 4049 agris
1061 3992 1357 4048 excerpere
1404 3974 1704 4038 tentabant,

1818 3978 1954 4033 nihil
2010 3985 2190 4029 tamen
2229 3978 2314 4026 est
2356 3967 2685 4039 perfectum,
2746 3964 2865 4032 ipso
2898 3963 2952 4016 in
3012 3954 3393 4013 comminatio-

172 4088 534 4145 nonuunquam
568 4072 822 4138 feliciter,
856 4071 1179 4140 plerumque
1239 4079 1417 4121 tamen
1474 4065 1704 4134 pessimo

1817 4070 1980 4125 nibus
2012 4067 2163 4121 vanis
2190 4064 2343 4119 exire
2386 4062 2441 4115 iu
2480 4059 2733 4116 effectum
2771 4057 2967 4125 ignavo
3003 4060 3216 4106 terrore
3261 4058 3391 4115 pro-

173 4179 441 4219 successu:
494 4163 783 4231 intercepti
824 4139 1025 4231 quippe
1089 4158 1532 4213 trucidabantur.
1587 4154 1704 4209 Hac

1816 4162 2008 4221 bibitis
2035 4170 2207 4215 totum
2240 4145 2507 4225 impetum
2548 4157 2914 4208 consumente
2963 4144 3066 4198 zeli
3102 4139 3395 4195 ambitiose

174 4268 304 4310 extra
325 4225 858 4323 Constantinopolim
892 4225 1295 4307 ﬁebant.-lntra
1332 4247 1518 4302 urbem
1547 4259 1704 4316 porro

1817 4252 2095 4310 ostentati.
2124 4251 2243 4314 Quo
2283 4247 2431 4301 facto
2478 4244 2545 4297 ad
2594 4250 2822 4295 eteleras
2877 4232 3256 4290 accusationes
3305 4225 3394 4281 sui

180 4351 325 4418 ipsam
349 4360 530 4420 pestes
575 4348 734 4420 46],
796 4347 1030 4401 diversa:
1074 4343 1487 4413 grassabantur.
1535 4338 1716 4392 Prima
1805 4336 1969 4393 illam
1994 4333 2208 4388 addidit
2237 4327 2617 4401 gravissimam
2653 4319 2886 4392 perjurii
2917 4314 3153 4372 COﬂSClll
3203 4325 3267 4366 ea
3310 4323 3392 4371 re,

179 4451 271 4495 erat
312 4442 513 4497 invidia
555 4441 852 4494 multorum
909 4437 965 4491 in
1038 4434 1403 4506 patriarcham
1455 4431 1713 4501 gliscens,
1820 4444 1983 4501 quam
2049 4425 2269 4479 Christo
2311 4422 2418 4475 Deo
2448 4435 2478 4474 e
2524 4418 2681 4473 caelis
2715 4415 2781 4470 ad
2817 4428 2921 4467 nos
2978 4409 3202 4478 delapso
3259 4409 3397 4457 teste

180 4533 328 4589 tacitis
381 4532 604 4603 quidem
647 4528 1056 4599 suSpicionibus
1101 4536 1155 4581 et
1203 4523 1447 4580 susurris
1495 4521 1714 4574 interim
1748 4567 1793 4603 ἢ
1823 4521 2067 4577 adhibito
2094 4516 2436 4587 promiserat,
2467 4510 2696 4565 minime
2732 4503 3063 4578 prmStauda.

181 4625 386 4679 exercita
409 4624 642 4685 timidis,
669 4629 926 4678 caeterum
952 4619 1020 4674 iis
1053 4620 1420 4674 intumescens
1442 4611 1714 4674 auctibus,

183 4724 229 4768 ut
248 4716 391 4773 brevi
419 4722 739 4786 erupturam
767 4713 822 4766 in
862 4708 1155 4766 tumultum
1192 4711 1503 4776 appareret.
1528 4701 1717 4756 Altera

186 4814 346 4868 tetrior
417 4810 766 4881 inexplebilis
824 4806 1083 4863 videlicet
1147 4801 1375 4860 avaritia
1433 4807 1718 4870 potentum

185 4906 491 4974 monopoliis
534 4901 703 4955 tritici
751 4900 1138 4966 venaliumque
1193 4894 1247 4948 id
1309 4907 1485 4964 genus
1537 4902 1719 4943 rerum

186 4995 537 5068 ﬂagellautiutn
572 5008 869 5049 annonam.
926 4986 1398 5057 Prazoccupabaut
1457 4982 1719 5036 nimirum

1748 4567 1793 4622 D

1821 4636 1878 4692 2.
1923 4633 2109 4690 Oratio
2160 4613 2494 4693 imperatoris
2546 4624 2614 4675 ad
2674 4622 2955 4693 schismate
3004 4612 3278 4674 discissos,
3347 4612 3398 4659 et

2213 4688 2396 4751 horum
2432 4695 2499 4748 ad
2533 4694 2682 4747 illam
2716 4688 3010 4757 responsio.

1892 4796 2160 4851 Caeterum
2222 4789 2516 4845 schismate
2567 4785 2771 4839 dudum
2833 4778 3052 4832 avulsos
3082 4774 3150 4827 ab
3205 4769 3398 4823 Eccle-

1825 4891 1920 4946 siae
1945 4886 2107 4959 462
2128 4860 2751 4948 Constantinopolitaua:
2809 4866 3200 4924 communiene
3257 4852 3425 4913 noua"

1825 4996 1990 5052 supra
2022 4977 2336 5033 vicesimam
2363 4968 2703 5040 Septembris
2734 4966 2822 5018 die
2849 4963 3147 5030 imperator
3172 4965 3404 5020 congre-

188 5103 342 5144 etnere
362 5089 615 5143 alimenta
646 5094 696 5140 et
730 5100 817 5139 res
851 5082 987 5137 alias
1040 5081 1281 5135 humano
1314 5074 1479 5130 victui
1508 5088 1572 5127 ac
1607 5071 1725 5125 cul-

187 5180 250 5232 tui
275 5179 427 5234 utiles
472 5178 626 5250 prius
677 5190 837 5244 quam
888 5174 1007 5226 loro
1064 5169 1528 5238 itnportarentur;
1588 5178 1725 5232 quas

1824 5050 1991 5148 gavit,
2024 5073 2223 5126 educto
2263 5067 2423 5123 etiam
2480 5062 2545 5116 ad
2582 5061 2683 5113 hoc
2710 5058 2920 5112 Joanne
2949 5050 3338 5106 Tarchoneota
3370 5056 3402 5096 e

1828 5169 2099 5228 custodia,
2130 5166 2183 5217 in
2211 5176 2373 5234 quam
2404 5172 2527 5212 eum
2559 5155 2729 5208 libere
2762 5151 2912 5220 prius
2942 5148 3130 5201 vivere
3174 5138 3404 5212 permis-

192 5274 386 5328 iunuani
435 5271 637 5328 deinde
670 5270 769 5338 ipsi
806 5267 1002 5338 pretio,
1060 5271 1270 5332 quatstu
1328 5275 1430 5312 suo
1476 5256 1803 5337 improbos;
1828 5276 1973 5323 sum,
2010 5257 2206 5312 deinde
2230 5232 2393 5322 ⁷(μιοιι
2428 5258 2482 5305 ει
2509 5249 2624 5315 ipse
2674 5242 3003 5316 patriarcha,
3070 5232 3407 5291 adversam;

192 5364 570 5430 distraherent,
643 5363 779 5417 nihil
839 5360 993 5429 pensi
1049 5357 1312 5412 habentes
1363 5367 1475 5422 quo
1522 5351 1726 5421 probro

198 5460 555 5513 suodamnove
606 5456 787 5509 alieno
835 5450 1074 5507 sordidas
1128 5446 1418 5517 cupiditati
1457 5445 1730 5511 obseque-

198 5538 375 5606 rentur.
405 5551 569 5605 lidem
596 5563 760 5620 porro
789 5556 947 5614 gustu
990 5544 1131 5599 lucri
1177 5541 1345 5596 semel
1389 5545 1548 5607 capto
1588 5550 1731 5589 rent-

203 5643 439 5708 publicam
470 5658 688 5711 quoque
720 5641 892 5709 ipsam
941 5634 1172 5706 quaestui
1200 5633 1497 5696 habebant,
1538 5628 1732 5683 suffra-

208 5732 532 5804 gia,judieia,
582 5734 770 5787 munia
794 5732 912 5785 sine
950 5726 1125 5783 meriti
1160 5723 1479 5780 discrimine
1522 5721 1585 5774 ad
1614 5723 1732 5788 plus

203 5835 515 5881 numerantes
539 5823 891 5887 inflectendo,
924 5823 998 5875 ita
1024 5827 1081 5873 ttt
1113 5818 1527 5874 effunderentur
1550 5813 1732 5867 omnia

206 5923 389 5985 temere,
430 5922 556 5974 nihd
617 5918 828 5973 fortiter
907 5916 1310 5973 (lt-cerneretur,
1374 5922 1579 5964 cuneta:
1632 5906 1726 5960 ob-

1830 5362 1939 5413 tur,
1975 5348 2288 5403 incluserat.
2318 5343 2474 5396 llunc
2511 5357 2612 5395 suo
2660 5340 2817 5408 jussu
2864 5335 3130 5390 ernissum
3183 5339 3408 5381 carcere

1832 5444 1926 5499 ubi
1957 5450 2277 5511 praesentem
2320 5434 2511 5489 habuit
2544 5447 2668 5487 cum
2700 5428 2947 5496 reliquis,
2974 5424 3080 5477 alte
3110 5416 3407 5475 ctutsidens

1834 5535 1901 5588 ad
1949 5532 2259 5586 universam
2300 5525 2617 5581 concionem
2669 5521 2831 5575 verba
2882 5516 3028 5580 fecit,
3088 5505 3407 5566 sedentibus

1832 5626 2021 5680 coram
2072 5630 2126 5676 et
2176 5620 2338 5675 caecis
2378 5615 2685 5678 monachis,
2733 5612 2798 5665 ad
2858 5623 2997 5678 quos
3062 5599 3406 5672 potissimum

1836 5718 1912 5774 nti
1945 5714 2215 5785 pracipua
2250 5710 2527 5766 columina
2561 5705 2814 5761 factionis
2847 5710 2902 5757 et
2950 5710 3177 5755 summa:
3216 5698 3399 5744 auctr»

1842 5811 2018 5865 ritatis
2044 5825 2073 5863 a
2094 5806 2630 5878 partiariisipsorum
2668 5798 2884 5853 habitos
2914 5790 3196 5847 intendere
3220 5786 3382 5853 dispu
3473 5839 3478 5844 ,

1840 5905 2059 5961 talionis
2092 5905 2261 5957 aciem
2304 5900 2553 5959 parabat.
2596 5895 2801 5948 habens
2833 5890 2979 5944 circa
3018 5903 3073 5940 se
3110 5884 3238 5937 hinc
3278 5877 3408 5949 qui-
