3848 6550
406 388 513 455 [οΟἹ

1589 408 1845 469 GEORG
1862 409 1915 469 Il
1950 409 2148 470 PACH
2166 413 2452 475 YMER/E

3542 439 3645 504 508

403 524 504 579 σης
528 508 621 563 καὶ
653 510 831 582 πάσης
882 516 1187 587 συγκλήτου
1228 519 1323 573 καὶ
1365 521 1635 592 μοναχῶν,
1675 526 1818 594 μάλα
1855 542 1972 593 γεν-
2008 523 2057 582 Δ
2086 528 2233 593 τοὺς,
2282 548 2301 581 ι
2332 530 2407 591 ὡς
2440 532 2505 584 ἂν
2539 533 2737 606 μικρὸν
2771 539 3186 612 παραμείψαιμι
3210 543 3271 598 τὸ
3298 545 3643 624 estcomm.

399 601 552 651 ναῖον
611 600 705 652 καὶ
755 607 1221 674 πεφροντισμένον
1285 609 1443 676 λόγον
1484 612 1714 678 διεξιών.
1768 636 1786 669 ‹
1832 616 1976 683 Ἐγὼ

395 689 679 757 λογίζομαι
711 694 803 746 καὶ
838 696 979 764 ὑμᾶς
1011 699 1209 753 εἰδέναι
1264 704 1358 755 καὶ
1411 704 1618 769 πάντας
1650 707 1975 778 ἀνθρώπους

393 781 468 844 ὡς
491 783 642 836 οὐδὲν
673 786 794 854 ἐμοὶ
824 788 935 841 τῶν
968 790 1187 844 πάντων
1215 794 1363 863 ἥδιον
1394 796 1485 850 τοῦ
1510 796 1607 867 τὴν
1651 800 1975 871 Ἐκκλησίαν

394 875 487 928 τοῦ
516 877 670 939 Θεοῦ,
712 881 890 951 πάσης
939 875 1387 956 περιαιρεθείσης
1420 893 1720 945 σκανδάλου
1746 896 1973 968 ,προφά-

395 983 551 1030 σεως,
586 970 909 1038 εἰρηνεύειν,
942 976 1025 1043 ἐφ’
1057 971 1099 1044 ᾧ
1149 982 1241 1031 καὶ
1271 983 1473 1051 σπουδή
1508 1001 1598 1050 μοι
1635 987 1785 1041 πᾶσα
1833 1006 1974 1058 παρ-

391 1056 519 1124 έστη
554 1059 651 1128 ἤδη
712 1065 1212 1136 αὖτοκρατήσαντι,
1266 1074 1448 1143 πάσης
1490 1076 1747 1144 ἀσχολίας
1804 1079 1971 1147 ἄλλης

391 1150 800 1220 καθυπερτέρα,
827 1158 1139 1227 ὑπεριδνῐντι
1175 1163 1270 1230 μὲν
1312 1164 1406 1217 καὶ
1438 1169 1650 1237 τρυφὴν
1676 1169 1967 1237 βασίλειον,

390 1239 697 1309 ὑπεριδόντι
727 1246 782 1298 δὲ
809 1250 898 1299 καὶ
933 1249 1110 1319 θεσμά
1139 1254 1376 1322 φύσεως,
1402 1257 1542 1310 ὥστε
1580 1263 1675 1314 καὶ
1706 1262 1813 1314 τῶν
1845 1264 1966 1330 φιλ-

388 1332 564 1385 τάτιον
608 1342 1019 1409 προτιμηθῆναι
1064 1345 1161 1412 τὴν
1212 1349 1486 1419 ὑμετέροιν
1520 1352 1848 1419 ξυμπάντων
1889 1360 1968 1419 εις

388 1424 447 1477 ἓν
486 1429 795 1500 συνδρομὴν
827 1437 919 1487 καὶ
955 1438 1232 1504 ὁμόνοιαν.
1285 1444 1390 1496 Καὶ
1421 1446 1545 1498 ὅσον
1575 1442 1643 1516 ἦν
1677 1449 1842 1512 εικδς,
1892 1451 1967 1513 ὡς

385 1517 556 1583 ἔδοξε,
590 1527 1072 1594 καταπέπρακται,
1116 1534 1209 1584 καὶ
1243 1533 1351 1585 τῶν
1381 1536 1461 1599 εἰς
1488 1538 1780 1591 σκάνδαλον
1814 1539 1966 1592 εὔλο-

384 1628 481 1678 γον
510 1614 710 1669 ἱκανῶν
765 1618 918 1675 οὐδὲν
958 1623 1387 1691 περιλέλειπται,
1432 1624 1605 1697 οἶμαι,
1642 1632 1712 1684 Τὸ
1747 1632 1803 1686 δὲ
1841 1634 1965 1686 καθ’

385 1704 529 1771 ὑμᾶς
569 1707 872 1775 θαυμάζειν
923 1730 989 1782 με
1023 1715 1291 1779 πολλάκις
1340 1720 1520 1791 ἐπῄει,
1551 1722 1655 1776 τίσι
1686 1724 1966 1794 λογισμοῖς

382 1796 743 1867 ὀχυρούμενοι
796 1804 893 1870 τῆς
958 1806 1284 1876 Ἐκκλησίας
1351 1811 1629 1867 διίστασθε
1687 1818 1783 1869 καὶ
1828 1819 1963 1886 πρὸς

386 1894 589 1961 φέγγος
626 1890 741 1949 οἷον
780 1898 1035 1969 ἀληθινὸν
1090 1904 1527 1972 σκαρδαμύττειν
1556 1909 1824 1978 αἱρεῖσθε.
1864 1911 1962 1984 [Ρ.

382 1985 512 2057 525]
545 1988 604 2040 Ei
635 1989 681 2040 δ’
708 1989 823 2054 οὖν,
858 1992 993 2046 ἀλλὰ
1018 1996 1211 2064 καιρὸς
1236 1997 1297 2051 τὸ
1326 1998 1423 2051 τοῦ
1452 2000 1601 2056 θείου
1634 2004 1800 2058 Δαυῖδ
1832 2007 1968 2075 ἐξει-

387 2080 509 2129 πεῖν
546 2081 683 2148 πρὸς
719 2083 811 2135 τὸν
849 2084 985 2139 Θεὸν
1024 2089 1395 2157 ποτνιώμενον
1419 2110 1432 2125 ·
1476 2112 1495 2144 ι
1538 2096 1733 2166 Κύριε,
1788 2101 1966 2156 κλῖνον

381 2167 649 2239 οὐρανοὺς
678 2175 772 2226 καὶ
794 2177 1065 2247 κατάϐηθι
1087 2196 1100 2210 ·
1135 2180 1269 2251 ἅψαι
1305 2185 1413 2238 τῶν
1437 2185 1609 2258 ὀρέων
1643 2190 1738 2245 καὶ
1762 2209 1963 2248 καπνι-

382 2259 678 2329 σθήσονται
705 2283 719 2301 ο
778 2267 1060 2342 ἇστραψον
1113 2275 1425 2347 ἀστραπὴν,
1466 2281 1561 2333 καὶ
1594 2287 1815 2351 φωτιεῖς
1869 2286 1981 2375 αὐ-ι

382 2443 504 2497 dem
539 2449 932 2517 patriarcham,
953 2452 1080 2507 inde
1112 2464 1291 2510 autem
1315 2458 1600 2528 episcopos
1626 2471 1678 2516 et
1708 2465 1965 2532 clericos,

384 2541 653 2593 universo
683 2554 947 2611 praeterea
1004 2558 1196 2603 senatu
1246 2565 1309 2603 ac
1339 2554 1639 2611 'monachis
1683 2563 1967 2630 prmsenti-

382 2632 507 2686 bus.
541 2632 598 2685 lu
629 2650 694 2687 eo
719 2648 825 2689 tam
887 2637 1045 2707 pleno
1068 2649 1122 2695 et
1175 2645 1459 2710 spectabili
1501 2659 1773 2709 conventu
1822 2653 1966 2708 hanc

377 2723 755 2781 Vehementem
819 2738 873 2782 et
922 2742 1239 2787 accuratam
1304 2739 1604 2796 orationem
1696 2744 1965 2801 recitavit.

382 2832 401 2867 ε
447 2817 678 2872 Conﬁdo
708 2821 962 2890 equidem
996 2825 1153 2881 vobis
1213 2837 1401 2883 uotum
1462 2840 1517 2885 et
1564 2835 1779 2889 cunctis
1842 2851 1968 2892 esse

378 2907 720 2976 hominibus,
758 2915 892 2968 nihil
926 2917 1061 2972 mihi
1112 2917 1227 2973 [ore
1256 2921 1584 2989 jucundius,
1631 2927 1769 2981 nihil
1828 2945 1855 2981 a
1881 2946 1967 2987 me

378 3005 554 3075 magis
580 3007 757 3074 optari
801 3024 965 3077 quam
1035 3012 1220 3068 videre
1282 3014 1374 3069 Dei
1438 3017 1762 3081 Ecclesiam.
1813 3026 1965 3080 omni

373 3101 560 3145 amoto
584 3095 822 3151 scandali
860 3108 1148 3165 praetextu.
1188 3102 1244 3159 in
1280 3120 1417 3175 pace
1474 3109 1636 3177 plena
1696 3116 1967 3170 constitu-

2080 618 2219 673 Θεοῦ
2246 624 2355 692 γὰρ
2393 626 2556 697 μόινου
2589 627 2648 680 τὸ
2688 629 2787 689 τὰς
2822 627 3095 703 ὑμετέρας
3125 618 3466 709 συνειδήσειςν
3487 618 3646 712 φοιτί-

2080 727 2190 769 σαι.
2220 713 2313 765 ἀνθ
2326 713 2523 781 ρώπων
2551 717 2669 788 Θεῷ
2698 720 2797 789 μὲν
2826 721 2973 789 βιοῦν
3001 727 3405 796 προελομένων,
3431 733 3558 788 Θεοῦ
3588 738 3645 791 εδ

2079 803 2266 874 πόρρω
2294 809 2711 865 κινδυνευόντων
2740 814 3123 873 καθίστασθαι.
3154 821 3252 874 οὐκ
3289 823 3455 892 ἄλλης
3473 830 3644 893 αἰτίας

2076 887 2242 959 χάριν
2271 890 2301 960 ἢ
2340 893 2433 945 τοῦ
2457 893 2553 964 τῆς
2580 894 2911 964 Ἐκκλησίας
2933 903 3321 975 ὀρθοδοξούσης
3356 911 3449 961 καὶ
3475 913 3644 978 καλῶς

2074 982 2149 1040 ὡς
2179 982 2326 1044 εἰκὸς
2362 985 2593 1055 ἐχούσης
2623 988 2790 1057 ἀπρὶξ
2823 993 3238 1062 ἀποσχίζεσθαι.
3277 998 3336 1050 El
3370 1000 3426 1052 δὲ
3452 1004 3646 1073 ταύτης

2077 1072 2324 1140 σχίζεσοε
2353 1076 2650 1147 noema;
2698 1098 2761 1146 γε
2794 1081 2980 1153 οὔσης,
3033 1087 3224 1140 εἴπατε
3263 1090 3484 1156 πάντως
3510 1089 3646 1166 ᾗτινι

2073 1164 2137 1232 δὴ
2168 1166 2262 1218 καὶ
2285 1166 2531 1224 ἐνοῦσθε.
2582 1173 2672 1241 Μὴ
2703 1174 2921 1244 ἔχοντας
2957 1178 3013 1233 δὲ
3043 1180 3223 1249 λέγειν
3254 1185 3351 1252 τὴν
3384 1164 3641 1256 κεφαλὴν,

2074 1254 2216 1322 ὑμᾶς
2244 1258 2669 1327 ἁρμολογεῖσϐαι
2705 1266 2847 1319 κατὰ
2878 1268 3012 1321 Θεὸν
3044 1272 3159 1335 πῶς
3184 1276 3361 1328 εὶπεῖν
3391 1254 3677 1345 εὖ).ογον;.,

2075 1348 2198 1415 μηδ’
2239 1350 2500 1421 ἀρίζηλον
2532 1357 2622 1409 τὸν
2647 1361 2849 1412 σκοπὸν
2871 1361 3186 1425 δεικνύντας
3212 1368 3329 1432 πῶς
3357 1370 3417 1423 οὑ
3446 1371 3643 1425 δίκαιον

2070 1440 2282 1513 πλάνης
2332 1446 2658 1504 ἀποίσεσθαι
2714 1451 2966 1523 ἔγκλημα
2994 1471 3007 1520 ;
3052 1458 3179 1512 Εἴθε
3206 1460 3263 1513 δὲ
3296 1462 3442 1514 τοῦτ’
3465 1459 3533 1533 ἦν
3561 1466 3646 1518 καὶ

2071 1536 2251 1604 μόνον,
2288 1540 2383 1591 καὶ
2411 1540 2538 1604 ἴσως
2567 1543 2635 1594 τά
2658 1544 2780 1597 καθ’
2807 1546 2955 1614 ὑμᾶς
2981 1550 3059 1612 εἰς
3088 1550 3298 1604 δίκαιον
3323 1553 3472 1609 ἔλεον
3500 1574 3649 1626 περιρ

2072 1625 2275 1682 (arato.
2328 1630 2444 1705 Νῦν
2504 1631 2560 1684 δὲ
2619 1634 2756 1686 ἀλλὰ
2805 1636 3102 1692 δεδοικέναι
3156 1642 3367 1711 ἀνάγκη
3426 1648 3498 1714 μή
3539 1625 3646 1711 ως

2069 1717 2339 1787 (ἀλλὀὐκ
2370 1723 2500 1791 ἐμὸς
2531 1726 2559 1780 ὁ
2587 1724 2764 1793 λόγος,
2791 1729 2903 1779 οὐδ’
2928 1731 2959 1799 ἡ
2982 1732 3161 1800 κρίσις
3192 1736 3315 1786 κατ’
3337 1734 3643 1805 ἄνθρωπον,

2067 1808 2250 1880 πολλῷ
2286 1811 2342 1862 δὲ
2378 1813 2577 1881 μᾶλλον
2606 1816 2700 1868 τοῦ
2740 1819 3076 1887 Πνεύματος,
3117 1824 3239 1876 ἐπεὶ
3260 1827 3353 1878 καὶ
3377 1827 3481 1881 ὅσα
3505 1828 3644 1896 ᾶγιοι

2068 1903 2416 1972 φθέγγονται,
2461 1907 2739 1978 Πνεύματι
2768 1912 2902 1968 Θεοῦ
2940 1905 3250 1986 κινούμενοι
3278 1920 3642 1992 φθέγγονται)

2072 1995 2147 2064 μή
2180 2013 2303 2079 πως
2327 1998 2457 2066 γοῦν
2477 2000 2610 2053 Θεοῦ
2639 2002 2930 2073 λατρευταὶ
2957 2009 3052 2061 καὶ
3079 2009 3187 2063 τῶν
3218 2011 3646 2079 ἀσφαλεστάτων

2067 2070 2350 2151 δοκοῦντες
2390 2090 2466 2160 τῷ
2497 2108 2556 2144 τε
2579 2093 2675 2163 τῆς
2715 2070 3048 2165 Ἑκκλησίας
3085 2070 3368 2171 σχίζεσθαι
3408 2107 3503 2158 καὶ
3543 2106 3646 2159 τῶν

2070 2179 2346 2246 ποιμένων
2401 2184 2791 2254 κατολιγωρείν
2840 2190 3099 2253 λαθόντες
3156 2192 3235 2263 τῷ
3283 2196 3647 2266 ἀντικειμένῳ

2076 2266 2381 2343 λατρεύητε
2434 2273 2732 2346 πνεύματι,
2790 2280 3059 2337 καὶκατὰ
3097 2283 3257 2340 τοῦτο
3301 2289 3535 2356 μισοῖσθ*
3582 2290 3645 2347 ἂν

2070 2463 2294 2505 causam
2329 2467 2491 2522 quam
2540 2454 2684 2523 quod
2744 2456 2813 2513 ab
2865 2457 3109 2513 Ecclesia
3168 2472 3314 2519 recte
3376 2466 3646 2522 sentiente

2069 2540 2326 2610 bonaque
2365 2545 2586 2601 vivente
2639 2547 2934 2614 disciplina
2983 2552 3248 2621 pertinaci
3283 2556 3518 2615 discidio
3564 2573 3646 2615 se-

2069 2635 2365 2703 paramiui.
2426 2635 2562 2691 Cum
2597 2649 2780 2694 autem
2812 2641 2881 2695 ab
2919 2643 3022 2697 bac
3046 2645 3357 2701 scindimiui
3413 2665 3522 2703 non
3551 2652 3648 2706 du-

2068 2726 2155 2780 hie
2189 2727 2481 2790 catholica,
2518 2729 2703 2792 dicite.
2744 2728 2963 2788 cuirfam
3020 2736 3175 2792 alteri
3207 2740 3646 2811 conjungimini?

2068 2818 2124 2872 Si
2155 2835 2286 2874 vero
2328 2836 2436 2876 non
2475 2825 2707 2893 potestis
2739 2835 2896 2894 caput
2920 2829 3203 2885 nominare
3249 2833 3337 2886 cui
3370 2835 3646 2891 adhaerea-

2072 2913 2167 2974 tis,
2218 2928 2351 2985 qua,
2397 2931 2609 2987 quaeso,
2643 2917 3125 2977 verisimilitudine
3150 2925 3376 2981 creditis
3397 2943 3523 2982 esse
3552 2944 3645 2984 vos

2069 3006 2314 3060 membra
2340 3007 2645 3063 secundum
2685 3009 2855 3065 Deum
2900 3028 3047 3069 nexa
3087 3015 3140 3068 in
3180 3016 3445 3075 unitatem
3499 3024 3641 3077 sacri

2069 3099 2357 3168 corporis?
2386 3117 2492 3170 qua
2525 3102 2865 3158 delensionis
2918 3106 3306 3174 probabilitate
3373 3113 3643 3182 repellitis

376 3193 510 3238 tam.
550 3187 628 3241 Ad
658 3204 781 3244 eum
807 3207 1032 3263 scopum
1061 3194 1173 3262 jam
1203 3208 1315 3251 tum
1346 3214 1409 3254 ex
1430 3216 1540 3270 quo
1571 3203 1962 3265 administrare
1991 3195 2035 3255 ο
2067 3193 2473 3248 “mulionem
2521 3196 2754 3261 θττοτίδν
2804 3198 2898 3266 qm
2968 3213 3193 3269 ⁵⁶⁰Ρ¹¹¹¹¹
3245 3217 3358 3272 quo
3420 3205 3643 3265 leudm’

377 3276 672 3346 imperium
706 3283 941 3339 arbitrio
995 3302 1117 3342 meo
1161 3280 1325 3359 caipi,
1363 3293 1500 3347 nihil
1544 3311 1654 3350 non
1715 3299 1883 3355 studii
1914 3313 1969 3358 et

379 3374 759 3430 contentionis
788 3377 1022 3442 intendi,
1051 3383 1385 3448 posthabitis
1415 3387 1545 3443 huic
1578 3389 1669 3444 uni
1706 3395 1965 3465 negotiis,

378 3467 735 3532 quantumvis
776 3471 1122 3538 urgentibus,
1179 3477 1412 3542 caneris,
1472 3480 1722 3547 neglecto
1780 3485 1964 3543 fructu

380 3556 747 3625 voluptatum,
807 3574 1039 3628 quarum
1088 3566 1245 3635 copia
1313 3566 1714 3635 imperantibus
1771 3577 1964 3648 afﬂuit,

378 3647 656 3717 despectis
696 3652 861 3706 etiam
910 3663 1122 3711 naturas
1166 3658 1458 3718 alTectibus
1512 3672 1567 3719 et
1620 3647 1968 3726 dulcissima?

381 3756 500 3795 rum
567 3734 1035 3801 necessitudinum
1088 3760 1342 3817 respectu
1392 3754 1622 3821 calcato,
1682 3759 1786 3813 emi
1826 3760 1965 3817 bene

378 3832 576 3902 quovis
612 3835 888 3904 impendio
919 3848 1075 3899 ratus
1111 3850 1354 3897 vestrum
1388 3846 1647 3900 omnium
1696 3852 1964 3919 tranquil-

376 3923 482 3979 lam
515 3925 565 3977 in
591 3928 836 3985 unanimi
873 3933 1244 3989 consensione
1302 3939 1684 3995 concordiam.
1749 3942 1961 4014 Itaque,

375 4018 521 4078 «ιιιοά
554 4035 640 4072 me
703 4021 923 4086 attinet,
1004 4025 1150 4081 haud
1203 4043 1340 4084 vane
1383 4031 1721 4101 gloriaturus
1774 4037 1964 4094 videor

376 4126 482 4174 me,
538 4122 805 4178 quantum
844 4100 1052 4172 homini
1086 4119 1166 4174 fas
1205 4120 1329 4187 fuit,
1379 4124 1431 4177 in
1470 4141 1536 4179 eo
1568 4142 1768 4196 genere
1796 4146 1962 4189 cona-

377 4210 513 4257 tum.
549 4203 716 4268 Nihil,
763 4207 1015 4277 inquam,
1065 4212 1314 4267 omnium
1369 4217 1515 4285 quod
1567 4220 1635 4274 ad
1685 4222 1964 4278 amolitio-

374 4313 495 4351 uem
532 4298 776 4355 scandali
814 4301 1096 4358 turbantis
1124 4304 1287 4361 hodie
1338 4309 1582 4377 quietem
1620 4312 1961 4371 ecclesiasti-

375 4404 496 4443 cam
526 4400 674 4446 recte
735 4407 799 4446 ac
848 4396 1241 4451 convenienter
1271 4398 1511 4454 conferri
1546 4409 1756 4469 posset,
1812 4417 1841 4458 a
1876 4420 1960 4462 me

2071 3294 2279 3339 certum
2309 3287 2591 3356 nequeatis
2649 3289 2984 3345 ostendere?
3033 3290 3210 3362 Atque
3268 3294 3477 3351 utinam
3534 3312 3643 3353 una

2069 3388 2217 3432 esset
2267 3378 2392 3442 ista,
2445 3396 2565 3446 qua:
2602 3385 2727 3452 jure
2782 3385 2835 3438 in
2899 3384 3055 3440 vobis
3101 3387 3445 3456 culparetur,
3490 3392 3642 3459 scopi

2069 3485 2230 3538 quem
2289 3474 2579 3541 spectatis,
2630 3476 2831 3545 capitis
2890 3478 2978 3531 cui
3051 3481 3274 3535 haeretis
3323 3482 3640 3552 ignoratio:

2068 3568 2450 3623 misericordia
2482 3571 2683 3641 quippe
2706 3587 2867 3640 quam
2897 3572 2977 3627 ira
3020 3581 3154 3629 tunc
3198 3574 3415 3643 dignior
3449 3576 3640 3631 infelix

2067 3676 2129 3717 ea
2160 3670 2339 3717 vestra
2379 3665 2596 3720 execitas
2626 3665 2799 3720 videri
2833 3674 3043 3735 posset.
3078 3665 3235 3725 Nch
3268 3669 3427 3737 longe
3481 3672 3641 3741 pejus

2066 3755 2239 3809 vereri
2270 3755 2337 3810 de
2376 3755 2531 3811 vobis
2564 3757 2709 3811 aliud
2755 3772 2844 3813 res
2878 3758 2994 3830 ipsa
3038 3760 3267 3831 subigit.
3314 3760 3639 3834 Quanquam

2065 3848 2319 3915 equidem
2380 3864 2487 3903 non
2559 3848 2853 3920 indulgebo
2910 3853 3336 3922 suspicionibus.
3389 3853 3508 3910 Non
3554 3866 3640 3910 est

2065 3953 2244 3993 meum
2270 3939 2338 3995 de
2363 3940 2564 3996 talibus
2585 3941 2730 4012 loqui
2767 3959 2783 3996 :
2826 3944 2956 3999 mihi
2983 3945 3251 4013 judicium
3284 3946 3338 4001 in
3360 3947 3638 4003 hominem

2064 4043 2171 4085 non
2208 4044 2422 4101 arrogo,
2460 4031 2697 4087 maxime
2736 4032 2791 4088 in
2827 4034 3079 4093 homines
3119 4036 3315 4105 spiritu
3366 4038 3635 4104 viventes,

2063 4135 2186 4175 cum
2218 4122 2485 4192 scriptum
2516 4125 2713 4195 legam,
2739 4140 3078 4197 quaecunque
3102 4129 3402 4198 loquuntur
3425 4132 3634 4199 sancti,

2066 4212 2159 4267 Dei
2191 4210 2401 4283 Spiritu
2432 4228 2681 4272 movente
2718 4217 3016 4286 loqui.Fas
3039 4229 3221 4276 tamen
3244 4222 3316 4276 sit
3336 4223 3637 4281 admonere

2061 4313 2117 4360 et
2148 4319 2311 4363 orare.
2331 4322 2429 4362 vos
2460 4307 2623 4363 etiam
2658 4317 2824 4379 atque
2845 4311 3011 4366 etiam
3051 4321 3109 4368 ut
3136 4314 3377 4371 caveatis
3404 4331 3473 4370 ne
3492 4315 3634 4374 forte

2060 4394 2157 4450 Dei
2189 4400 2456 4462 cultores,
2493 4401 2739 4471 adeoque
2769 4403 2930 4459 istius
2960 4405 3169 4460 ordinis
3202 4408 3487 4479 praecipui,
3545 4425 3632 4466 se-

374 4480 550 4537 fuisse
581 4480 1036 4551 prmteruiissum,
1067 4502 1175 4542 non
1216 4499 1439 4557 temere,
1463 4503 1520 4549 ut
1544 4504 1693 4562 puto,
1730 4512 1959 4566 persua-

2065 4490 2456 4561 eurissimique
2488 4493 2655 4549 habiti
2694 4512 2722 4548 a
2751 4496 2998 4566 periculo
3031 4498 3272 4561 errandi,
3330 4501 3510 4569 reipsa
3540 4517 3632 4559 er-

375 4578 511 4632 deor
575 4581 771 4636 intimo
828 4585 1185 4639 conscientia!
1247 4586 1582 4643 testimonio.
1640 4590 1749 4649 Vos
1806 4596 1951 4661 quod

334 4670 349 4689 ’
374 4680 610 4739 spectat,
657 4675 845 4728 mirari
875 4676 1200 4745 plerumque
1239 4678 1434 4742 subiit,
1482 4681 1682 4745 quibus
1729 4685 1947 4739 tandem
1982 4691 1987 4695 ’

374 4762 550 4814 innixi
585 4764 892 4819 rationibus
920 4768 1282 4833 perseveretis
1312 4770 1380 4822 ab
1415 4767 1657 4827 Ecclesia
1690 4772 1948 4842 disjuncti

351 4846 580 4916 's-ivere,
627 4864 682 4909 et
730 4872 834 4923 qua
867 4859 1119 4913 caecitate
1180 4860 1350 4913 animi
1387 4862 1569 4917 lumen
1633 4878 1693 4918 se
1760 4879 1948 4920 verum

372 4943 536 5015 5,33
592 4945 900 5002 clarissime
946 4948 1204 5018 ingerens
1237 4951 1440 5005 rebelle
1482 4953 1823 5011 uictantibus
1861 4973 1950 5011 re-

370 5053 569 5104 spuere
594 5037 869 5105 palpebris
909 5041 1053 5094 ultro
1095 5040 1300 5105 velitis,
1354 5043 1698 5099 irrevocabili
1744 5058 1949 5102 contu-

374 5146 403 5177 n
430 5130 568 5184 acia.
601 5128 742 5194 Quid
786 5130 875 5185 hic
925 5132 1119 5186 faciam
1163 5136 1529 5202 opportunius
1558 5152 1722 5204 quam
1774 5138 1946 5195 Deum

370 5222 640 5288 alloquar,
667 5238 934 5279 venerans
953 5224 1128 5279 sancti
1157 5226 1375 5280 Davidis
1392 5214 1572 5283 verbis
1598 5245 1613 5282 :
1648 5248 1666 5281 ι
1701 5232 1948 5303 Domine,

370 5312 771 5367 iucliimctelos
811 5321 865 5366 et
888 5315 1184 5379 descende,
1244 5329 1401 5387 tange
1460 5329 1691 5387 montes,
1750 5333 1804 5375 et
1863 5325 1950 5378 tu.

374 5403 659 5469 litigabunt
703 5404 917 5473 fulgura
979 5409 1443 5472 corttscationem,
1508 5421 1563 5465 et
1614 5411 1953 5472 illutuinabis

370 5494 538 5560 ipsos.
574 5514 592 5547 ι
632 5495 814 5551 Liceat
847 5500 993 5553 enim
1021 5500 1302 5563 paululum
1364 5513 1611 5559 extremo
1668 5509 1898 5562 verbulo
1922 5525 1952 5563 a

372 5603 498 5640 vera
532 5590 671 5643 Sacri
708 5592 910 5644 cantici
957 5591 1244 5649 deﬂectere
1296 5592 1555 5650 formula.
1612 5595 1708 5653 Dei
1751 5602 1954 5669 quippe

369 5679 541 5733 solius
573 5696 713 5747 Opus
744 5683 815 5736 sit
841 5692 1054 5740 vestras
1086 5687 1305 5755 penitus
1335 5688 1645 5745 illuminare
1671 5695 1958 5748 conscien-

300 5836 303 5839 η
369 5774 496 5837 tias,
544 5775 827 5830 hominum
862 5779 955 5847 qui
990 5787 1279 5849 postquam
1318 5781 1566 5851 elegistis
1601 5783 1710 5839 Deo
1745 5787 1954 5855 vivere,

370 5885 398 5923 a
437 5868 543 5924 Deo
572 5872 730 5942 longe
784 5870 980 5929 abesse
1038 5874 1454 5943 periclitamini,
1516 5891 1627 5933 non
1670 5877 1833 5934 aliam
1886 5880 1957 5934 ob

2061 4582 2195 4636 retis
2216 4584 2716 4651 perniciosissime;
2747 4602 2811 4645 ac
2840 4588 2988 4656 quod
3010 4590 3078 4645 ab
3108 4588 3357 4649 Ecclesia
3406 4594 3630 4651 scinda—

2059 4674 2191 4731 mini
2226 4675 2485 4747 quodque
2509 4686 2760 4746 pastores
2794 4682 3180 4751 conteumatis,
3210 4699 3317 4739 non
3352 4684 3461 4739 Deo
3489 4686 3628 4756 jam,

2051 4771 2108 4816 ut
2136 4765 2338 4836 putatis
2369 4776 2424 4821 et
2475 4768 2625 4823 credi
2658 4769 2846 4835 vultis,
2870 4772 2965 4826 sed
3000 4773 3143 4841 quod
3180 4773 3402 4830 minime
3429 4777 3629 4833 adver-

2052 4855 2193 4921 litis,
2223 4858 2271 4912 ei
2298 4859 2517 4928 spiritui
2563 4862 2819 4919 servietis
2868 4863 2963 4935 qui
3016 4881 3231 4934 semper
3291 4868 3542 4923 infensus
3577 4883 3632 4925 et

2050 4947 2476 5007 irrevocabilitcr
2500 4956 2783 5023 oppositus
2814 4955 2923 5009 Deo
2941 4965 3045 5021 est;
3077 4973 3142 5012 ac
3161 4967 3444 5029 propterea
3466 4960 3630 5036 464

2045 5041 2192 5110 justa
2228 5043 2505 5098 hominum
2561 5045 2668 5101 Deo
2690 5047 2799 5102 rite
2857 5048 3212 5105 servientium
3251 5051 3303 5105 in
3356 5068 3452 5109 vos
3507 5055 3629 5133 odia

2048 5135 2300 5190 vet-tatis.
2333 5137 2414 5191 An
2462 5154 2571 5193 non
2605 5141 2750 5195 enim
2787 5139 2992 5197 diserte
3038 5144 3341 5210 periculum
3393 5146 3629 5204 intentat

2050 5237 2105 5283 et
2145 5230 2382 5285 inculcat
2422 5232 2688 5286 monitum
2722 5233 2949 5289 idoneus
2986 5236 3142 5304 plane
3171 5244 3382 5302 auctor,
3429 5241 3629 5311 quippe

2052 5326 2145 5394 qui
2178 5337 2539 5396 praeterquam
2576 5328 2775 5385 Christi
2809 5330 3111 5401 discipulus
3171 5332 3420 5404 idemque
3458 5337 3629 5406 magi-

2054 5417 2153 5471 stri
2193 5418 2608 5474 amantissimus
2648 5420 2816 5476 fuisse
2848 5422 3121 5488 noscitur,
3175 5424 3337 5479 etiam
3380 5428 3662 5501 martyrii

2056 5516 2234 5563 morte
2264 5512 2629 5565 consummati
2664 5513 3139 5571 commendatione
3168 5514 3487 5585 dignitatem
3524 5533 3627 5575 au-

2056 5600 2474 5669 ctoritatemque
2501 5602 3007 5672 obsignavitsuam,
3045 5604 3219 5662 deiter
3259 5606 3515 5677 videlicet
3561 5624 3625 5665 ac

2058 5691 2367 5747 divinorum
2420 5681 2867 5763 sapientissimus
2892 5697 3167 5767 lgnatius;
3215 5699 3372 5769 cujus
3401 5701 3502 5756 hac
3558 5703 3628 5757 de

2061 5797 2119 5837 re
2148 5784 2541 5851 testimonium,
2578 5802 2786 5857 quaeso,
2817 5789 3010 5844 audire
3042 5804 3110 5845 ne
3145 5792 3466 5860 gravemini,
3495 5794 3625 5850 dum

2062 5875 2589 5947 legitur..............
2627 5896 2886 5951 quorsum
2923 5881 3091 5952 igitur
3119 5900 3229 5950 vos.
3291 5885 3541 5941 homines
3573 5893 3624 5940 et
