3768 6580
502 429 601 497 511

1677 433 2001 493 GEORGII
2044 435 2528 495 PAClIYMERiE

499 547 591 616 ρδς
616 547 715 618 μὲν
736 545 969 616 ἐχθροῖς,
1004 526 1172 597 πολλά
1196 544 1240 596 δ’
1272 543 1409 611 ὑπὲρ
1443 542 1704 612 ὑπηκόων
1739 544 1982 613 πονήσας
2011 561 2069 596 τε
2099 543 2147 601 Α
2174 547 2371 613 ἐκείνῳ
2411 545 2586 597 δεινὸν
2641 544 2867 596 τοιαῦτα
2934 543 3030 596 καὶ
3058 542 3199 595 οὕτω
3253 540 3544 611 πράττοντι.
3577 546 3672 600 Ἀλλ’

496 640 593 694 καὶ
613 639 828 705 παθὼν,
851 639 948 693 καὶ
975 637 1343 707 διαφερόντως
1365 637 1488 707 ἐμοὶ
1504 639 1642 701 τὲως
1672 633 1821 701 ἄξιος
1850 638 1905 700 ἐς
1928 637 2072 691 ἆπαν

497 729 730 795 εὐνοίας,
784 730 907 782 ὅσον
940 729 1036 781 καὶ
1066 725 1261 780 ἑαυτοῦ
1323 726 1584 789 πολλάκις
1627 728 1721 779 καὶ
1756 729 1813 789 ἐς
1843 727 2075 790 πολλοὺς

496 818 672 885 λέγων
698 816 979 888 προὺτίμα
1010 817 1107 871 καὶ
1141 817 1240 884 τὴν
1270 817 1410 871 κατὰ
1437 816 1729 886 σύγκρισιν
1750 811 1921 888 ἧτταν
1944 816 2077 883 ὀμο-

496 910 669 978 λογῶν
702 912 803 963 οὐκ
833 909 1123 980 ᾐσχύνετο.
1186 909 1329 961 Ἀλλ’
1384 909 1538 978 ὅμως
1594 909 1742 962 τοῦτ’
1806 909 1954 973 ἔδοξε
1982 909 2077 960 καὶ

496 1005 656 1060 τοῦτο
704 1006 960 1073 γεγόνει·
1011 1006 1160 1073 δεινὴ
1208 1006 1320 1077 γὰρ
1369 1006 1402 1076 ή
1438 1004 1626 1075 ἐντολὴ
1668 1006 1763 1057 καὶ
1792 1005 1826 1075 ἡ
1870 1005 1964 1057 τοῦ
2003 1005 2078 1074 μὴ

496 1098 647 1163 ἄξιον
685 1091 822 1150 εῖναί
866 1114 926 1150 τε
963 1098 1058 1150 καὶ
1112 1096 1427 1165 λογίζεσθαι
1472 1094 1714 1166 Χριστοῦ
1756 1096 1953 1166 ἀπειλὴ
1986 1096 2079 1149 τὸν

497 1191 676 1258 γονεῖς
721 1189 863 1258 ὑπὲρ
915 1188 1079 1242 αὑτὸν
1114 1189 1497 1257 ἀγαπήσαντα.
1545 1188 1632 1253 [Ρ.
1674 1187 1802 1259 525]
1847 1188 1987 1241 Ἀλλ’
2042 1190 2076 1259 ή

502 1283 708 1352 μήτηρ,
739 1283 831 1334 καὶ
856 1281 908 1335 τί
946 1299 1009 1350 γε
1032 1282 1177 1334 εἴποι
1200 1298 1286 1344 τις
1308 1280 1435 1334 ἄλλο
1463 1280 1494 1349 ἢ
1529 1281 1746 1350 μήτηρς
1778 1279 1872 1334 καὶ
1898 1281 2081 1350 μήτηρ

497 1375 725 1444 τοιαύτη
760 1374 851 1426 καὶ
879 1373 1052 1435 οὕτως
1080 1374 1216 1443 πρὸς
1250 1375 1396 1442 ἡμᾶς
1425 1374 1642 1442 ἔχουσα,
1665 1373 1780 1426 ἀλλ’
1810 1373 1920 1427 οὐδ’
1941 1374 2077 1444 αὐτή

499 1484 561 1532 γε
596 1468 731 1539 πρὶν
776 1470 875 1537 τῆς
930 1466 1051 1537 μεθ’
1078 1465 1244 1536 ἡμῶν
1298 1465 1583 1535 βασιλικῆς
1614 1467 1839 1538 μνήμης
1874 1465 1958 1518 ἐπ’
1991 1467 2083 1518 ἐκ-

502 1561 731 1631 κλησίας
762 1561 942 1628 ἔτυχε,
992 1560 1125 1627 πρὶν
1174 1560 1468 1629 γράμμασι
1514 1560 1607 1613 καὶ
1641 1560 1968 1629 ἀσφαλείαις
2001 1561 2082 1613 oi.-

502 1652 826 1724 κειοχείροις
859 1654 957 1721 τὴν
1000 1652 1110 1705 τῶν
1142 1656 1268 1722 πρὶν
1320 1651 1696 1723 πραχθέντων,
1728 1652 1867 1705 εῐπω
1901 1654 1957 1705 δὲ
1989 1653 2083 1705 καὶ

501 1746 600 1816 τὴν
626 1746 720 1799 τοῦ
770 1746 983 1816 ἀνδρὸς,
1020 1745 1278 1816 ἀθέτησιν
1337 1746 1679 1816 ὲμπεδῶσαι.
1725 1747 1941 1815 Ἐξήκοι
1978 1745 2023 1799 δ’
2056 1746 2122 1800 ὁ.
2185 1738 2510 1808 ὕπομνήσας
2541 1736 2767 1804 ἕᾨΟισε,
2801 1736 2898 1788 καὶ
2922 1737 2981 1787 τὸ
3010 1734 3219 1803 ταύτης
3257 1736 3573 1803 μνημόσυνον
3595 1740 3683 1791 ἀπε·

501 1835 659 1903 λόγος
688 1838 781 1890 καὶ
818 1840 896 1901 εἰς
923 1838 1021 1908 τὴν
1051 1838 1190 1909 ἐμὴν
1232 1838 1505 1907 προτέραν
1552 1837 1810 1906 σύζυγον,
1836 1838 1959 1907 ἥτις
1992 1838 2083 1889 ἐπὶ
2118 1864 2157 1919 Β
2186 1828 2436 1919 κόπτετο.
2476 1826 2662 1891 Οὕτως
2694 1826 2807 1894 ἐγὼ
2853 1826 2987 1897 περὶ
3026 1826 3221 1880 ταῦτα.
3248 1826 3387 1919 ῨΚῨαὶν
3408 1827 3544 1896 ὑμεῖς
3578 1830 3683 1883 ταῦθ’
3726 1852 3727 1919 ἐ

2185 1917 2441 1989 ὁρῶντες,
2483 1919 2634 1970 πῦλλ’
2687 1920 2823 1972 ἄττα
2874 1919 3059 1987 κύκλῳ
3099 1918 3535 1987 περιϐαλλόμενοι
3566 1922 3683 1983 att;
3726 1904 3727 1961 Ῠ

2184 2010 2303 2063 τόδε
2333 2010 2608 2080 σχίζεσθε.
2646 2010 2947 2079 ἀφορισμδν
2977 2010 3072 2063 τοῦ
3108 2009 3450 2080 πατριάρχου
3477 2011 3683 2080 Ἀρσενίου
3726 2066 3727 2071 η

502 1929 756 1982 τοσοῦτον
777 1932 891 1990 τοῖς
923 1929 1042 1983 τότε
1077 1930 1474 2000 πραττομένοις
1501 1929 1782 1999 ἀπήχθετο
1823 1928 1961 1983 ὥστε
1990 1928 2086 1982 καὶ

503 2022 583 2088 τῷ
624 2021 1062 2093 πρωτοσεϐαστῷ
1115 2023 1237 2075 τότε
1277 2023 1570 2090 Νοστόγγῳ
1604 2021 1824 2094 θερμῶς
1879 2022 2089 2084 ἑπαρᾶ-

507 2112 633 2166 σθαι
663 2113 785 2167 κατ’
818 2113 1085 2184 ἀνατολὴν
1115 2114 1225 2167 τῶν
1250 2115 1608 2184 πραχθέντων
1634 2114 1796 2184 χάριν
1818 2114 1946 2176 τοὺς
1972 2131 2088 2183 σχι-

506 2203 769 2272 ζομένους
797 2204 867 2257 τὰ
900 2205 1158 2259 πάνδεινα
1184 2206 1403 2273 δρῶντι,
1443 2205 1541 2258 καὶ
1567 2204 1797 2276 ἕρμαιον
1828 2205 2087 2274 ἡγεῖσθαι

507 2297 601 2350 καὶ
660 2296 795 2367 πρὸς
827 2297 998 2367 αὐτῆς
1040 2298 1069 2351 δ
1123 2316 1177 2352 τι
1229 2298 1518 2369 συμϐαίνοι
1579 2298 1716 2370 παρ’
1773 2295 2087 2351 οὑτινοσοῦν

508 2495 823 2551 quanquam
857 2489 975 2535 erat
1005 2496 1159 2537 meus
1199 2490 1391 2537 natura
1419 2493 1595 2552 pater,
1641 2482 1839 2538 alfectu
1870 2480 2088 2537 collatis

510 2582 713 2629 testato
740 2572 902 2628 donis
924 2573 992 2628 de
1027 2589 1112 2627 me
1135 2576 1340 2644 optime
1368 2577 1625 2639 meritus,
1656 2575 1788 2628 mihi
1825 2572 2090 2628 charissi-

511 2680 633 2718 mus
666 2675 719 2720 et
751 2675 857 2718 tam
884 2665 1021 2721 artis
1063 2680 1224 2736 quam
1273 2666 1400 2734 quis
1430 2668 1603 2736 possit
1640 2667 1825 2721 dicere
1860 2665 1941 2719 vel
1996 2680 2089 2719 ne-

511 2754 865 2810 cessitudinis
892 2770 920 2807 a
953 2754 1440 2824 consanguinitate
1472 2754 1654 2810 ducta:
1678 2757 1758 2809 vel
1793 2755 2088 2826 gratitudi-

511 2846 596 2899 nis
623 2846 694 2900 ob
727 2845 1013 2910 beneficia,
1051 2860 1135 2900 me
1167 2845 1269 2901 sibi
1301 2845 1467 2917 566
1502 2847 1825 2902 obstrictum
1859 2847 2092 2903 vinculis

512 2938 761 3003 trahens,
802 2948 1301 3007 tamen,quantum
1360 2938 1413 2991 in
1480 2954 1586 2994 me.
1623 2938 1745 3001 fuit,
1809 2938 1959 2993 omni
2008 2946 2092 2993 est

512 3029 760 3096 privatus
794 3031 1001 3083 honore
1042 3029 1342 3093 memoriae,
1380 3044 1443 3083 ac
1495 3044 1562 3082 ne
1593 3031 1681 3083 illa
1717 3030 1935 3100 quidem
1970 3046 2093 3101 quae

511 3120 646 3174 nulli
670 3127 901 3190 negatur
918 3135 947 3174 e
967 3119 1120 3188 plebe
1138 3119 1467 3183 Christiana,
1493 3121 1791 3189 sepultura:
1805 3121 1976 3190 gratia
2009 3121 2090 3172 di-

2172 637 2322 706 ὂμως
2374 638 2493 690 ἐπεὶ
2550 636 2754 704 μεταξὺ
2783 634 3124 703 τελουμένων
3173 631 3396 685 ἐκείνων
3443 636 3595 705 ἐκείνη
3618 644 3675 691 τέ.

2173 730 2363 798 θνηκε,
2397 729 2489 780 καὶ
2519 726 2675 780 οὔπω
2703 725 2925 795 τρόποις
2973 725 3265 792 μετανοίας
3314 722 3373 777 τὸ
3409 725 3496 790 τῆς
3544 744 3679 783 κοινω.
3726 722 3727 779 ἓ

2174 822 2291 883 νίας
2320 819 2652 890 ἐκαθήρατο,
2684 818 2759 879 ὡς
2792 816 2927 885 μηδὲ
2952 818 3051 885 τῆς
3077 815 3229 877 ὁσίας
3274 814 3498 882 τυχοῦσα
3525 820 3601 871 καὶ
3630 816 3677 873 ὧν

3609 435 3676 499 se
3726 406 3727 499 ξ

2176 913 2280 965 ἔδει
2312 913 2458 975 τότε,
2496 910 2601 965 τῶν
2652 911 2707 973 ἐς
2743 913 2917 962 νέωτα
2953 905 3318 976 μνημοσύνων
3369 907 3457 959 ἐπὶ
3482 911 3564 974 τῆς
3586 912 3678 981 ἐμῆς
3726 940 3727 943 η

2177 1003 2479 1073 αὗταρχίας
2507 1002 2766 1071 ἀπέτυχε,
2797 1000 2891 1053 καὶ
2914 1002 2941 1053 ὁ
2959 1000 3044 1052 ἐπ’
3079 997 3405 1066 Ἐκκλησίας
3429 1001 3569 1067 τόμος
3590 1006 3611 1053 ὁ
3629 1007 3680 1067 εἰς
3726 1046 3727 1049 η

2176 1094 2452 1164 εὐφημίαν
2503 1092 2613 1147 τῶν
2662 1092 2962 1161 ὀρθοδόξως
3009 1090 3328 1160 βιωσάντων
3379 1091 3466 1142 καὶ
3519 1094 3680 1163 μνήμης,
3726 1098 3727 1109 π

2177 1186 2333 1240 ὁσίαν
2367 1185 2491 1239 κατ’
2543 1184 2664 1248 ἔτος
2718 1184 2806 1237 ἐπ’
2853 1182 3178 1253 ὀκρίὸαντος
3248 1176 3682 1253 ἀναγινωσκόμενος
3726 1216 3727 1253 ι

2178 1277 2354 1333 ἄλλων
2394 1276 2492 1346 μὲν
2550 1276 2849 1328 δεσποινῶν
2904 1276 3149 1344 ὀνόματα
3204 1276 3383 1345 φέρει,
3416 1276 3611 1329 καὶτῶν
3636 1284 3682 1352 μὴ
3726 1310 3727 1317 η

2181 1376 2302 1429 κατ’
2338 1375 2557 1444 ἐκείνην
2613 1373 2744 1434 ἴσως
2797 1373 2896 1431 τὰς
2928 1373 3151 1440 ἀρετὰς,
3209 1372 3378 1439 αὐτὴν
3407 1371 3457 1423 δὲ
3492 1374 3684 1440 μύνηνὲς
3726 1412 3727 1431 η

2181 1466 2328 1519 ἅπαν
2356 1465 2614 1534 ἠγνόησε,
2640 1464 2842 1528 ζῶντος
2875 1461 3009 1533 ἐμοῦ
3036 1462 3130 1515 χιι)⁸
3155 1461 3332 1515 ταῦτα
3362 1463 3450 1514 καὶ
3475 1463 3682 1533 ἄρχοντος,
3726 1502 3727 1509 η

2180 1557 2320 1627 ἥλιε.
2357 1558 2504 1627 Πλὴν
2556 1558 2603 1609 εί
2651 1554 2755 1626 χρὴ
2812 1556 2993 1622 λέγειν
3032 1553 3294 1623 τάληθὲς,
3331 1554 3448 1623 ἐμοὶ
3479 1559 3684 1611 καὶτοῦτο

2183 1649 2247 1700 ὲκ
2272 1647 2594 1716 περιουσίας
2634 1647 2973 1717 πέπρακται,
2994 1694 3005 1707 ,
3029 1646 3124 1697 καὶ
3157 1643 3315 1696 οὔπω
3363 1661 3441 1699 τις
3462 1641 3555 1708 οἷος
3579 1642 3683 1713 οὗτος

2186 2102 2331 2154 κατὰ
2363 2102 2454 2155 τοῦ
2481 2101 2600 2171 μετ’
2632 2101 2795 2155 αὐτὸν
2826 2103 3378 2173 ποιμεναρχήσαντος
3410 2102 3581 2170 Ἰωσὴφ
3601 2121 3686 2170 προ-

2186 2192 2471 2256 ϐάλλεσθε,
2499 2194 2593 2246 καὶ
2636 2192 2899 2263 διαθήκας
2943 2194 3156 2246 ἐκείνου
3208 2192 3530 2262 προτείνετε,
3555 2196 3685 2247 καὶτὸ

2185 2281 2375 2336 δοκοῦν
2397 2284 2478 2346 εἰς
2503 2282 2739 2353 ὑποψίαν
2766 2283 2984 2338 δικαίαν
3005 2283 3099 2337 τοῦ
3123 2283 3199 2347 ὡς
3233 2283 3394 2353 δῆθεν
3423 2283 3683 2354 πλάσματα,

2190 2469 2584 2538 imputaturam
2627 2468 2869 2537 proprio,
2930 2467 3200 2539 quidquid
3237 2467 3366 2521 huic
3422 2468 3579 2521 talium
3622 2471 3686 2522 mi-

2190 2557 2716 2627 nistroinjuriarum
2752 2559 2878 2612 mali
2906 2573 2971 2612 ac
2996 2558 3169 2613 cladis
3206 2572 3238 2611 a
3281 2557 3686 2627 quoquaminfem
3726 2614 3727 2617 η

2191 2649 2555 2718 contingeret,
2586 2656 2769 2704 tamen
2800 2648 2849 2703 ei
2889 2649 3150 2719 quoniam
3183 2649 3329 2701 diem
3358 2638 3556 2704 obeunti
3580 2665 3685 2702 suum
3726 2644 3727 2649 “

2192 2741 2435 2805 interim,
2465 2739 2596 2795 dum
2629 2741 2721 2795 illa
2748 2750 3095 2810 gererentur,
3130 2740 3299 2814 467
3327 2747 3492 2795 otlum
3534 2750 3607 2793 aut
3642 2740 3689 2794 fa-

2193 2834 2370 2888 cultas
2405 2833 2822 2888 defuiteluendi
2857 2841 2985 2889 ante
3023 2835 3261 2888 obitum
3287 2833 3525 2905 legitimae
3563 2833 3690 2901 piacu-
3726 2878 3727 2911 γ

2192 2926 2262 2982 lis
2292 2926 2625 2996 pmnitentim
2668 2926 2941 2980 maculam
2969 2925 3173 2982 Latinae
3198 2926 3591 2990 communionis,
3631 2940 3690 2978 ιιι-

2194 3029 2318 3091 gata
2348 3020 2576 3074 omnino
2601 3028 2685 3075 est
2716 3033 2744 3071 a
2778 3034 2864 3073 me
2897 3020 3175 3089 posterius
3241 3020 3453 3089 imperii
3513 3028 3690 3086 compote
3726 3022 3727 3081 ζ

2194 3129 2255 3166 ea
2284 3129 2411 3182 pars
2445 3112 2846 3182 exsequialium
2884 3113 3153 3167 honorum
3191 3127 3317 3182 qua:
3351 3112 3504 3165 dilata
3547 3109 3689 3164 recenti
3726 3176 3727 3185 χ

511 3218 731 3280 gnatus.
794 3208 889 3263 Vir
917 3211 1045 3264 licet
1077 3227 1352 3276 summus,
1388 3220 1441 3266 et
1479 3212 1777 3281 imperator
1810 3212 2090 3268 laboribus
2117 3205 2159 3263 C
2199 3205 2394 3260 funere
2426 3205 2491 3260 ad
2520 3216 2737 3276 tempus
2778 3206 2911 3260 illud
2953 3205 3288 3276 pertinebat.
3352 3204 3479 3276 Ego,
3515 3206 3689 3275 ianuam.

511 3301 827 3361 exantlatis,
855 3301 1115 3355 aerumnis
1153 3303 1399 3358 toleratis
1442 3318 1541 3373 pro
1579 3303 1863 3373 republica
1896 3304 2089 3373 ingen-

513 3392 664 3449 tibus
691 3393 1292 3460 commeudatissimus,
1348 3397 1442 3464 qui
1482 3396 1690 3448 nullum
1719 3396 1770 3450 iu
1804 3411 1891 3451 me
1927 3398 2093 3451 bene-

511 3486 766 3539 volentia-
800 3485 958 3555 plane
992 3485 1286 3555 singularis
1336 3488 1617 3543 omisisset
1673 3487 1931 3551 ofﬁcium,
1986 3489 2092 3543 mei

513 3576 715 3629 nullam
744 3575 1033 3646 insigniter
1057 3576 1287 3630 ornandi
1322 3578 1667 3632 occasionem
1705 3579 2087 3646 prmteriisset,

514 3682 581 3722 eo
614 3667 834 3737 quidem
872 3683 1064 3736 usque,
1098 3677 1156 3722 ut
1188 3684 1329 3739 saepe
1350 3685 1536 3724 coram
1571 3670 1758 3725 multis
1809 3671 2094 3725 disserens

520 3775 608 3812 me.
664 3760 767 3815 sibi
801 3761 1105 3830 praetulerit
1152 3770 1207 3816 et
1255 3763 1309 3815 in
1371 3764 1787 3831 comparatione
1844 3774 2092 3817 nostrum

518 3849 805 3903 amborum
836 3866 894 3904 se
918 3851 1048 3904 mihi
1087 3866 1210 3905 esse
1236 3852 1554 3907 inferiorem
1586 3852 1744 3907 fateri
1806 3868 1914 3906 non
1969 3868 2095 3907 eru-

516 3944 718 3999 buerit.
756 3943 959 3999 Tamen
989 3945 1055 4000 de
1082 3945 1174 3999 illo
1199 3946 1273 3997 ita
1310 3945 1554 4012 decrevi,
1583 3954 1637 4001 et
1670 3946 1815 4015 quod
1841 3946 2097 4001 decreve-

516 4050 634 4090 ram
667 4038 845 4107 reipsa
870 4038 1122 4107 praestiti,
1150 4039 1260 4092 vim
1292 4039 1514 4094 scilicet
1542 4048 1757 4093 natura:
1785 4054 1849 4093 ac
1898 4039 2097 4094 volun-

518 4129 616 4182 tati
646 4144 780 4184 mea
809 4129 1043 4183 faciente
1081 4128 1498 4184 iueluctabilem
1534 4130 1624 4185 illa
1655 4129 1857 4185 Christi
1884 4132 2100 4185 denuno

488 4220 748 4275 ‘tiatione
782 4220 1158 4283 severissima,
1194 4224 1450 4290 negantis
1488 4222 1717 4291 dignum
1768 4224 1888 4290 ipso
1939 4237 2099 4291 repu-

520 4306 745 4360 tandum
778 4308 869 4376 qui
905 4320 1164 4377 parentes
1226 4311 1351 4379 plus
1384 4326 1544 4379 quam
1587 4312 1765 4380 ipsum
1801 4312 2089 4366 amaverit.

520 4398 625 4453 Sed
659 4408 710 4453 et
742 4409 938 4464 mater,
984 4403 1142 4471 cujus
1211 4404 1449 4459 nominis
1507 4403 1700 4458 aﬂ‘eetu
1745 4404 1873 4474 quid
1937 4404 2099 4460 fando

520 4492 818 4546 memorari
890 4496 1134 4549 tenerius
1189 4497 1395 4564 queat?
1452 4507 1647 4562 mater,
1700 4498 1809 4563 aio,
1852 4514 1992 4559 mea,
2047 4505 2102 4552 et

522 4592 698 4638 mater
733 4585 882 4649 talis,
910 4596 1017 4641 tam
1076 4586 1429 4657 indulgenter
1463 4604 1527 4644 ac
1584 4590 1847 4644 benevole
1911 4589 2101 4644 affecta
2132 4568 2179 4622 Ῑ)

521 4675 578 4729 in
614 4692 739 4732 me:
773 4678 867 4732 sed
905 4693 1025 4743 nec,
1054 4679 1306 4749 inquam,
1342 4680 1459 4751 ipsa
1500 4689 1690 4737 nostra
1728 4681 1987 4751 genitrix,
2037 4696 2101 4735 ex

521 4784 635 4837 quo
700 4769 917 4839 imperii
971 4771 1177 4829 liberas
1235 4775 1481 4830 habenas
1528 4782 1765 4829 tractare
1812 4776 2102 4842 coepimus,

522 4856 783 4923 Augusta:
814 4858 1059 4913 debitum
1112 4862 1167 4915 in
1210 4862 1459 4917 Ecclesia
1520 4864 1783 4931 consequi
1843 4867 2105 4918 honorem

522 4948 677 5016 prius
714 4950 893 5016 patuit
929 4966 1092 5017 quam
1120 4952 1321 5009 litteris
1368 4963 1423 5008 et
1455 4954 1824 5023 chirographo
1879 4957 2107 5025 preprio

521 5039 704 5108 palam
769 5052 1070 5097 tesmretur
1120 5045 1545 5100 detestationem
1626 5055 2004 5102 anteaetorum
2056 5060 2109 5103 et

521 5131 728 5199 proprii
772 5134 1299 5189 condemnationem
1346 5137 1594 5191 sanciret
1654 5137 1779 5193 viri.
1844 5137 2108 5193 Procedat

522 5222 703 5276 oratio
733 5232 788 5278 et
818 5225 886 5279 ad
925 5227 1165 5295 priorem
1219 5242 1392 5282 nteant
1441 5228 1754 5300 conjugem,
1825 5245 1947 5301 quae
1984 5232 2110 5286 licet

523 5324 634 5368 tam
675 5332 735 5371 se
769 5331 1017 5371 aversam
1043 5318 1381 5375 ostendisset
1421 5321 1490 5375 ab
1542 5321 1611 5376 iis
1664 5336 1787 5392 quae
1841 5322 1895 5376 in
1942 5336 2108 5377 causa

522 5406 929 5462 conciliationis
980 5407 1350 5463 Eeclesiarum
1389 5425 1456 5465 eo
1485 5419 1736 5481 tempore
1787 5412 2108 5483 agebantur,

524 5505 581 5549 ut
615 5498 1006 5566 protosebasto
1039 5498 1346 5570 Nostongo,
1396 5501 1447 5556 ei
1481 5503 1820 5558 obsistentes
1881 5504 2109 5557 novitati

527 5597 792 5658 tanquam
829 5591 1221 5646 sehismaticos
1250 5593 1431 5663 ptenis
1458 5593 1718 5665 aliligenti
1766 5596 2113 5666 gravissimis

524 5696 621 5750 per
657 5691 867 5738 tractus
894 5682 1226 5753 Orientales,
1263 5685 1382 5756 lpsa
1421 5687 1712 5759 indignans
1760 5688 2115 5743 malediceret

526 5774 823 5844 palamque
855 5772 1160 5833 exseCrans
1189 5778 1342 5833 diras
1373 5780 1797 5848 imprecaretur,
1861 5793 1963 5834 nec
2011 5780 2113 5833 du-

526 5866 615 5919 bie
649 5880 758 5934 prae
779 5884 837 5923 se
872 5870 1037 5925 ferret
1058 5871 1429 5940 gratissimum
1458 5872 1768 5928 habituram
1796 5870 2110 5941 fructuique

2202 3300 2291 3356 ubi
2325 3300 2474 3354 solus
2503 3299 2668 3353 rebus
2702 3298 2916 3369 prmfui,
2978 3300 3138 3368 longe
3162 3298 3517 3359 (charissima:
3559 3296 3689 3349 uxoris

2201 3393 2400 3447 acerbo
2431 3401 2602 3462 rapt'e
2632 3407 2783 3455 casu,
2820 3390 3045 3459 quicum
3109 3390 3458 3444 concorditer
3502 3390 3689 3448 vixeram.

2200 3486 2437 3538 multare
2472 3484 2789 3538 memoriam
2822 3482 3065 3538 sustinui
3116 3483 3334 3552 reliquo
3371 3482 3536 3535 debito
3561 3496 3692 3550 ρει-(ιιι.
3726 3516 3727 3545 ῖ

2202 3577 2389 3631 talium
2414 3575 2858 3645 imperatrieibus
2887 3575 3099 3630 exsolvi
3129 3574 3439 3629 solitorum.
3464 3572 3556 3644 Ego
3575 3588 3691 3627 meam

2200 3668 2523 3738 AuguSIam,
2584 3676 2844 3736 tanquam
2893 3681 2963 3721 ne
3020 3681 3192 3721 sacra:
3255 3668 3466 3736 quidem
3513 3675 3727 3745 contactu‘

2206 3770 2365 3814 terrae
2399 3769 2494 3813 aut
2524 3759 2902 3814 ecclesiastica
2949 3758 3171 3827 dignata
3242 3759 3435 3813 fuisset
3469 3758 3691 3826 sepultura.

2203 3853 2358 3923 quasi
2402 3866 2499 3921 pro
2531 3850 3001 3906 excommunicata
3046 3865 3251 3919 passus
3300 3865 3420 3904 sum
3452 3849 3619 3903 haberi.
3642 3847 3692 3899 ile

2204 3942 2439 4008 sinente,
2475 3945 2519 4000 si
2550 3959 2657 3998 non
2689 3944 2855 3998 etiam
2885 3944 3140 4012 jubente,
3173 3944 3391 3998 sublata
3418 3942 3524 4011 ejus
3551 3940 3693 3995 mentio

2205 4047 2346 4093 este
2394 4046 2540 4091 tomo
2573 4037 2626 4090 in
2669 4035 2903 4090 ecclesia
2937 4046 3176 4100 servato,
3234 4036 3381 4092 unde
3407 4035 3691 4105 Augustarum

2206 4129 2262 4182 in
2309 4127 2621 4182 orthodoxa
2665 4126 2931 4196 religione
2971 4126 3363 4181 defunctarum
3404 4125 3591 4182 recitari
3633 4138 3696 4192 pn-

2208 4220 2348 4275 blice
2373 4220 2440 4274 de
2461 4233 2624 4273 sacro
2651 4218 2862 4288 pulpito
2895 4226 2955 4271 et
3013 4217 3397 4274 anniversaria
3444 4228 3698 4272 commemo-

2210 4312 2424 4365 ratione
2446 4326 2570 4366 cum
2603 4310 2763 4363 laude
2789 4310 3075 4379 praedicari
3105 4311 3333 4364 nomina
3359 4315 3695 4365 consueverunt.

2210 4407 2401 4475 Itaque
2440 4405 2580 4459 alias
2610 4420 2677 4458 ex
2751 4403 2860 4458 isto
2906 4404 3098 4459 codice
3140 4402 3416 4468 dominas,
3471 4403 3588 4457 forte
3616 4400 3697 4453 huic

2209 4497 2458 4569 impares
2515 4514 2618 4553 nec
2675 4496 3081 4566 eumparaudas
3142 4496 3433 4566 splendore
3487 4496 3698 4554 virtutum,

2208 4590 2336 4644 inde
2364 4590 2620 4644 audimus
2649 4588 2882 4643 solemni
2909 4588 3381 4657 pronuntiationis
3426 4583 3699 4641 commenda-

2208 4683 2354 4737 tione
2379 4682 2671 4744 celebrari,
2709 4695 2873 4734 unam
2923 4696 2989 4735 ex
3020 4682 3280 4737 omnibus
3344 4681 3534 4733 Annam
3577 4686 3699 4730 meam

2207 4775 2590 4831 suavissimam
2617 4774 3151 4844 coujugem,vivcnte
3180 4782 3347 4843 atque
3369 4772 3494 4827 adeo
3511 4777 3701 4838 regnante

2207 4882 2321 4928 me,
2349 4874 2510 4934 teque
2539 4867 2735 4921 horum
2791 4873 2948 4929 teste,
2983 4879 3197 4919 summe
3223 4864 3436 4929 sol,'i|le
3468 4858 3701 4925 liberigno-

2210 4968 2314 5014 rat.
2340 4958 2519 5028 Atque
2553 4960 2607 5011 in
2644 4958 2770 5017 huc,
2805 4956 2851 5012 si
2889 4955 3049 5010 lateri
3107 4963 3345 5026 oportet,
3412 4951 3610 5008 ulterius
3647 4958 3701 4996 me

2209 5066 2565 5122 progressum
2604 5051 2783 5106 sentio
2811 5064 2976 5118 quam
3005 5058 3202 5103 exacta
3235 5048 3391 5102 olIieii
3412 5044 3539 5099 ratio
3564 5051 3701 5110 pom.

2210 5141 2321 5195 bat.
2349 5138 2619 5210 Rigidior,
2654 5140 2905 5205 inquam,
2934 5137 3090 5205 justo
3146 5134 3252 5203 fui,
3300 5132 3619 5201 exemplaque
3640 5137 3701 5176 su-

2211 5231 2400 5300 peravi
2442 5229 2526 5282 vel
2559 5240 2970 5295 supervacanee
3010 5223 3375 5279 sollicitarum
3425 5221 3473 5273 in
3518 5218 3604 5271 isto
3638 5225 3701 5280 ge-

2213 5338 2365 5388 nere,
2418 5321 2718 5391 prazsertim
2752 5320 2844 5387 qui
2902 5325 3112 5371 tantam
3174 5315 3227 5369 in
3263 5323 3370 5369 tam
3437 5302 3699 5364 venerandus

2215 5428 2405 5470 manes
2436 5414 2580 5467 ultro
2613 5410 2874 5467 duritiem
2910 5406 3305 5471 consciverim,
3339 5402 3540 5458 nemine
3564 5395 3701 5469 praci-

2214 5504 2415 5575 piente.
2452 5503 2586 5569 Quis
2610 5503 2756 5557 enim
2793 5512 2900 5555 tam
2937 5500 3275 5553 inhumanus
3333 5495 3461 5550 mihi
3509 5484 3699 5562 praescri-

2217 5598 2345 5651 bere
2380 5595 2607 5649 auderet
2632 5593 2846 5646 facinus
2881 5600 2990 5645 tam
3037 5590 3328 5645 adversum
3394 5582 3597 5640 naturali
3634 5577 3699 5630 do-

2216 5686 2567 5754 mesticaeque
2627 5682 2859 5752 pietati?
2904 5681 3021 5735 Mea
3076 5678 3442 5749 igitur‘libera
3491 5670 3700 5734 nullisque

2218 5776 2664 5848 suggestiouibus
2698 5775 2763 5830 ad
2808 5774 2859 5828 id
2878 5773 3139 5833 inclinata
3172 5772 3469 5836 voluntate,
3501 5759 3698 5821 memori!

2220 5869 2491 5924 defunctae
2518 5882 2651 5922 mea:
2684 5865 2937 5935 conjugis
2968 5881 3032 5922 ex
3068 5862 3453 5921 ecclesiasticis
3481 5852 3567 5912 fuit
3591 5851 3701 5905 tabu-
