3848 6540
186 316 200 349 Ι

152 374 238 435 Eli).
1052 375 1151 433 Du
1191 370 1640 433 ANDROMCH
1678 367 2151 430 PALEOLOGO
2190 362 2461 434 LIB._VI

3270 361 3372 427 514

145 490 202 547 r1»;
234 486 292 535 Ξιν
315 483 523 552 φρονῶν
571 482 789 554 οἰηθείη
823 501 925 546 τις,
961 486 1061 555 τὴν
1113 488 1212 556 τῆς
1249 485 1571 556 ὑπογραφῆς
1606 486 1698 551 δη-
1728 501 1769 545 Α
1801 482 2067 551 λήματος,
2091 481 2208 547 ἅμα
2235 479 2279 532 δ’
2303 477 2468 543 ἀξιῶν
2496 475 2586 528 καὶ
2611 474 2698 529 τὸν
2734 473 2946 545 πατέρα
2969 474 3066 542 τὴν
3094 473 3373 543 βασιλείαν

143 580 251 646 ὶπδὴ
291 575 690 647 παραχάραξιν,
720 579 800 641 εἰς
840 578 932 630 τὸν
961 579 1055 631 τοῦ
1088 579 1497 648 ὑπογράφοντος
1524 577 1684 629 πόνον

140 670 374 725 δικτύλου
407 669 657 738 (ἠσθένει
680 667 790 737 γὰρ
823 667 880 735 ἐξ
902 669 1175 739 ἄνθρακος
1208 669 1406 738 δῆλον)
1429 668 1681 732 ἀνάγετε.

138 765 190 815 Τί
219 762 327 821 δαίς
364 761 513 829 ἔχετέ
547 764 777 813 noema".
804 761 897 811 ἐπί
929 778 979 812 τι
1010 760 1235 822 δικαίως
1258 762 1482 828 ἀνάγειν
1511 762 1601 811 καὶ
1626 760 1685 810 τὸ

140 854 383 924 μοχθηρὸν
407 850 492 921 [Ρ.
528 848 657 921 59.6]
691 853 787 918 τῆς
812 850 1037 922 γνώμης
1063 854 1153 904 καὶ
1192 854 1253 904 τδ
1286 853 1532 905 ἐντεῦθεν
1558 853 1687 904 ὑπο.

139 948 303 1017 τρέχον
327 945 529 1013 φαῦλον
559 946 657 1015 τῆς
683 946 1056 1015 προαιρέσεως
1075 964 1089 1009 ;
1109 945 1137 997 ὃ
1154 945 1217 1014 δὴ
1246 946 1439 1014 ἐκείνῳ
1462 945 1687 999 τοιαῦτα

137 1041 351 1105 λέγοντες
368 1041 432 1091 ὲκ
464 1038 557 1090 τοῦ
592 1038 820 1100 εἰκότως
854 1039 1218 1107 προσάπτετε.
1246 1038 1305 1091 Ὀ
1336 1039 1515 1108 τυχὼν
1553 1056 1686 1106 μετ-

140 1131 384 1184 αιὶάττων
418 1131 584 1183 πᾶσιν
619 1130 693 1190 ὡς
735 1128 861 1191 ἔπος
893 1131 1067 1184 εἰπεῖν
1122 1130 1425 1198 συγχωρεῖ·
1465 1129 1557 1179 καὶ
1587 1146 1687 1179 τια-

138 1224 372 1291 τρτάρχης
401 1222 675 1289 θνήσκων,
710 1222 828 1273 ἀντὶ
859 1219 954 1273 τοῦ
990 1222 1237 1291 συνήθως
1268 1220 1439 1279 λύειν.
1466 1220 1684 1287 δεσμεῖν

138 1318 213 1368 καὶ
241 1315 468 1383 μάλιστα
496 1315 696 1379 εἵλετο,
728 1314 822 1367 καὶ
847 1314 1020 1367 ταῦτα
1051 1314 1141 1367 τὸν
1173 1314 1310 1383 ὑπὲρ
1330 1314 1426 1380 τῆς
1459 1312 1687 1382 Ἐκκληο

664 1406 805 1474 Ἐγὼ
857 1407 954 1476 μὲν
1009 1406 1102 1459 οὖν
1137 1407 1232 1459 καὶ
1278 1405 1459 1475 υἱικὴν
1488 1406 1685 1474 ἐκείνῳ

138 1499 263 1568 cipe)
289 1497 474 1566 τιμὴν,
539 1500 644 1551 κάν
679 1498 895 1561 πολλοῖς
948 1495 1064 1551 οἶδα
1096 1500 1279 1552 ἐκεῖνα.
1310 1498 1492 1550 λαϐὼν
1550 1499 1683 1566 παρ’

137 1592 317 1644 ἐκείνου
341 1592 377 1644 ὃ.
404 1590 469 1661 δὴ
501 1591 598 1643 καὶ
644 1590 866 1661 ὀφειλὴν
905 1589 1332 1659 εὐγνωμοσύνης
1386 1588 1518 1658 ’παρ’
1547 1588 1683 1659 ἐμοῦ

139 1689 251 1756 πρὸς
279 1687 483 1737 ἐκεῖνον
515 1684 733 1737 δικαίαν
759 1685 1106 1747 ἀνταπαιτεί,
1143 1684 1324 1736 καὶτὸ
1360 1681 1569 1751 μεῖζον,
1602 1682 1685 1734 ὅτι

137 1780 213 1831 xa‘.
239 1779 290 1840 ἐς
318 1777 603 1849 βασιλείαν
649 1778 820 1847 αὐτὴν
851 1776 951 1847 ἐμὲ
984 1777 1265 1848 προύτίμα
1312 1776 1406 1829 τοῦ
1445 1793 1547 1841 μου
1579 1792 1685 1827 1:1-

139 1408 237 1467 σίας
269 1408 557 1475 ἱστάμενον
576 1423 591 1470 ;

1790 567 2128 630 ἐκτίθεσθαι,
2151 568 2254 629 ὅτι,
2277 566 2473 633 λέγων,
2506 564 2575 618 τὰ
2606 566 2738 634 πρὸς
2773 563 3028 631 Ἰωάννην
3045 565 3143 615 καὶ
3168 565 3369 634 ἀμφοῖν

1790 661 2204 731 παρηνόμηται,
2249 659 2395 729 αὐτῷ
2430 660 2529 727 μὲν
2569 657 2868 726 καθυφέντι
2911 658 3010 726 τῆς
3057 657 3370 727 πολυωρίας

1788 752 1882 805 καὶ
1913 747 2023 805 οἷον
2072 752 2342 820 προδόντι,
2383 751 2575 820 ὲκείνσρ
2606 752 2663 804 δὲ
2696 753 2766 804 τὰ
2810 751 2889 813 εἰς
2946 750 3224 815 βασιλείαν
3260 766 3370 802 πα-

1791 822 2227 914 ραλογισιμένῳ.
2280 843 2352 905 ὡς
2387 844 2486 895 οὐκ
2542 843 2663 909 ἐξὸν
2715 842 3063 911 ἁμαρτόντας
3113 839 3369 911 ἄρχεινῆ

1787 936 1948 990 αὐτὸν
1977 936 2360 1004 πνευματικῶς
2386 936 2417 1005 ἢ
2445 938 2651 988 ἐκεῖνον
2685 935 2853 1004 αὐτὴν
2879 935 2942 1001 δὴ
2973 934 3069 1006 τὴν
3098 932 3371 1002 κοσμικὴν

1789 1029 1961 1098 ἀρχὴν
2008 1030 2101 1080 καὶ
2138 1028 2409 1097 βασίλειον
2436 1045 2450 1058 ’
2484 1028 2629 1096 ἔχειν
2682 1027 2726 1080 δ’
2760 1028 2839 1089 είς
2884 1028 3085 1097 ταύτην
3116 1026 3368 1095 αὐτάρκη

1788 1118 1879 1168 τὸν
1909 1119 1968 1181 ἐξ
2008 1118 2195 1182 αὑτοῦ,
2229 1118 2401 1186 λέγων
2447 1119 2570 1188 ἐμὲ.
2606 1120 2670 1171 Ὃ
2708 1118 2770 1185 δὴ
2813 1120 2906 1171 καὶ
2948 1118 3105 1170 ποίαν
3134 1117 3369 1188 ὑπερϐο-

1788 1206 1884 1276 λὴν
1916 1193 2133 1276 ἀγάπης
2163 1208 2260 1276 οὐχ
2303 1209 2627 1276 ὑποφαίνεις
2661 1208 2846 1261 καλεῖν
2885 1211 2962 1270 εἰς
3014 1208 3188 1277 ἀρχὴν
3218 1209 3367 1261 ἔννο-

1792 1314 1891 1365 μον
1920 1299 2009 1349 τὸν
2044 1299 2242 1367 μηκέτι
2277 1299 2455 1352 εἰδότα
2480 1300 2679 1362 τελέως
2703 1300 2791 1352 τὸν
2828 1300 3113 1370 ἄνθρωπον
3138 1317 3154 1364 ;
3180 1299 3368 1362 Οὕτως

1790 1390 1913 1449 ἐμοὶ
1955 1391 2090 1458 πρὸς
2124 1392 2330 1442 ἐκεῖνον
2376 1391 2445 1443 τὰ
2475 1391 2572 1460 τῆς
2611 1391 3032 1462 εὐγνωμοσύνης
3070 1392 3367 1460 ὀφείλεται,

1791 1478 1883 1531 καὶ
1925 1480 2081 1541 πόνος
2120 1480 2299 1544 ἄλλως
2331 1482 2468 1550 ὑπὲρ
2506 1482 2716 1535 ἐκείνου
2741 1481 2964 1536 τοιαῦτα
2996 1482 3370 1554 προϐαλλομέο

1791 1588 1896 1623 νων
1921 1573 2193 1624 ἀκούοντι.
2227 1574 2515 1626 Παύσασθε
2540 1574 2832 1643 τοιγαροῦν
2860 1576 3044 1629 ἐκεῖνα
3070 1577 3196 1644 περὶ
3228 1576 3372 1628 ὲκεί-

1790 1679 1881 1715 νου
1931 1661 2309 1730 θρυλλοῖωτες,
2369 1666 2433 1717 τὰ
2497 1668 2634 1735 μήτε
2662 1666 2972 1737 πραχθῆναι
3016 1667 3152 1737 μήτε
3207 1669 3373 1737 τιμὴν

1791 1753 2061 1822 λεγόμενα
2123 1756 2451 1825 περισώζειν
2525 1758 2600 1827 τῷ
2668 1736 3013 1830 εἰργασμένῳ
3072 1758 3367 1829 δυνάμενα.

140 1873 257 1941 πρὸς,
287 1844 496 1922 ἐκείνου
548 1871 601 1938 γ’
655 1844 913 1939 ἄρχοντος
951 1844 1067 1939 ἅμα
1101 1844 1201 1940 μὲν
1254 1870 1416 1932 αὐτὸς
1442 1867 1541 1939 τὴν
1570 1885 1688 1920 ποι-
1718 1850 1759 1903 Β
1802 1844 2079 1941 Ὑμεῖςᾲδὲ
2113 1847 2248 1941 an?
2286 1850 2381 1901 “al-
2416 1848 2513 1920 τὴν
2551 1850 2823 1921 ὑμετέραν
2856 1851 3153 1921 ἱερωσύνην
3182 1853 3240 1905 έν
3272 1853 3371 1921 μέ·

142 1964 375 2034 μαντικὴν
415 1964 744 2035 αἱρούμενος
769 1963 1182 2034 παραιτεῖσθαι,
1214 1962 1515 2032 ἐπικρίνων
1544 1958 1687 2013 οὕτω

140 2058 218 2125 τὴν
242 2055 535 2127 θεραπείαν
564 2056 725 2120 ἀξίαν
758 2055 854 2108 τιῦ
909 2057 988 2119 είς
1018 2057 1111 2109 τὸν
1152 2055 1405 2123 Ἰωάννην
1432 2054 1689 2123 πλημμε-

149 2235 201 2288 lis
225 2248 392 2296 erasa,
454 2241 513 2286 ut
547 2234 651 2287 mei
694 2248 821 2302 erga
881 2231 1201 2301 religionem
1242 2231 1342 2284 zeli
1410 2230 1685 2299 specimen

149 2327 353 2392 ederem,
389 2335 442 2379 ut
478 2314 793 2394 eiemplttm
832 2334 1196 2379 monstrarem
1259 2324 1471 2377 imitattt
1537 2323 1689 2374 saltt-

147 2430 237 2474 tare
266 2420 628 2488 posthabendi
662 2419 904 2489 privatos
964 2417 1236 2488 quoslibet
1302 2417 1532 2472 affectus
1572 2416 1688 2469 sin-

145 2514 328 2566 ceritati
358 2512 684 2566 orthodoxa:
713 2511 1074 2581 professionis
1126 2519 1183 2565 et
1244 2511 1366 2578 paci
1410 2508 1685 2562 Ecclesiae.

146 2599 233 2656 Vos
260 2612 436 2657 autem
474 2603 527 2657 id
572 2602 846 2667 videntes,
884 2601 1072 2657 multis
1105 2601 1212 2655 illis
1244 2601 1431 2654 nescio
1490 2598 1689 2667 quibus

143 2695 409 2764 allegattdis
437 2694 794 2765 pra‘textihus
835 2694 1199 2749 nihilominus
1224 2693 1523 2749 obstinatis
1570 2692 1689 2745 ani-

147 2788 355 2842 mumin
411 2789 720 2856 pertinacia
778 2788 883 2842 diri
944 2787 1286 2851 schismatis,
1327 2786 1689 2842 obtendentes

146 2881 303 2932 nescio
341 2894 505 2949 quam
527 2880 666 2933 nulli
702 2880 809 2934 nisi
838 2880 994 2934 vobis
1021 2889 1205 2934 notam
1238 2879 1690 2933 excounnunica-

144 2974 322 3029 tionem
362 2990 390 3028 a
422 2974 733 3045 patriarcha
771 2973 1029 3028 intortam
1053 2972 1290 3028 Arsenio
1331 2970 1687 3026 insuﬂ‘ectum

152 3066 238 3135 ipsi
272 3064 593 3136 leseplium.
623 3064 890 3119 Profertis
921 3075 1103 3123 autem
1134 3064 1255 3132 ejus
1289 3062 1499 3117 indices
1528 3072 1688 3117 testa-

146 3158 289 3212 menti
320 3157 533 3212 Arsenii
573 3156 814 3218 tabulas,
845 3156 999 3210 nullo
1034 3166 1212 3210 tamen
1246 3154 1365 3224 ejus
1407 3155 1691 3224 chirogra-

146 3252 234 3317 pho
265 3250 520 3303 ﬁrmatas.
545 3250 699 3318 Agite
730 3247 1057 3318 vero,cujus
1087 3249 1305 3303 tandem
1336 3247 1537 3303 coloris
1566 3249 1688 3301 fuco

149 3339 263 3391 satis
279 3342 452 3409 tegitis
482 3354 510 3393 a
531 3338 947 3409 suspicionibus
974 3339 1377 3408 perSpicacium
1402 3340 1595 3392 vitium
1624 3340 1688 3393 il-

145 3429 221 3480 lud
250 3431 301 3482 in
327 3430 491 3501 468
522 3440 850 3486 testamento
917 3431 1156 3485 immane
1187 3432 1382 3486 alicnm
1450 3431 1692 3485 subscri—

154 3522 372 3588 ptionis?
409 3523 495 3574 cui
533 3522 741 3590 putatis
788 3522 1153 3576 emunctioris
1197 3522 1362 3590 paulo
1398 3522 1549 3575 naris
1578 3536 1687 3575 non

145 3612 307 3665 statim
346 3614 600 3666 subolcre
630 3613 934 3668 sublestam
971 3612 1130 3667 ﬁdem
1161 3614 1520 3682 exceptionis,
1581 3628 1687 3681 qua

148 3705 233 3755 soli
262 3704 372 3758 sine
402 3714 541 3758 teste
560 3706 783 3773 jactatis
806 3705 927 3760 ideo
953 3720 1051 3774 per
1080 3719 1264 3759 senon
1291 3706 1691 3774 subscripsisse

148 3781 405 3849 Ausi-nium
444 3796 648 3851 tabulis
687 3796 968 3852 indicibus
999 3812 1111 3851 suae
1145 3797 1350 3851 ultima:
1371 3797 1688 3862 voluntatis,

153 3889 278 3954 quod
308 3889 505 3959 digitos
548 3900 679 3943 tunc
717 3891 905 3944 innato
937 3890 1003 3946 iis
1027 3891 1365 3946 carbunrulo
1401 3891 1691 3959 impeditos

152 3976 418 4032 habuerit?
450 3979 519 4033 Et
570 3986 682 4033 tam
746 3989 1116 4048 opportunum
1151 3987 1345 4034 vestra:
1377 3991 1559 4034 causae
1607 3980 1691 4034 ιιι-

147 4079 545 4124 strumemorum
575 4068 854 4124 scribendi
883 4069 1247 4129 articulorum
1282 4070 1533 4123 morbum
1563 4085 1694 4139 spe~

150 4159 290 4213 rastis
316 4159 623 4214 assertione
669 4173 777 4213 una
836 4166 1018 4213 vestra
1080 4158 1397 4228 persuaderi
1450 4162 1694 4227 potuisse

151 4264 239 4302 non
270 4250 474 4321 ignaris
514 4266 725 4315 rerum,
763 4249 1073 4320 iisdemque
1106 4250 1491 4320 reputantibus
1523 4265 1696 4319 quatt-

155 4352 196 4396 to
222 4344 483 4400 mendacii
517 4345 739 4412 punitio
771 4358 801 4397 a
834 4343 1289 4413 pertinacissimis
1317 4343 1473 4398 mala:
1514 4359 1695 4398 causa:

152 4437 507 4492 defensoribus
543 4438 658 4491 haec
712 4435 838 4507 litigi
876 4436 1190 4505 potuerint?
1253 4435 1491 4493 Desinite
1529 4438 1697 4507 igitur

1771 3685 1969 3753 'Culp:e
2058 3683 2111 3737 in

1792 1955 1875 2007 ρει
1940 1939 2118 1991 τίθετε
2166 1938 2275 1991 τῶν
2329 1941 2733 2010 ἀνεπιλήπτων,
2789 1943 2883 1996 καὶ
2941 1943 3058 1996 οἷαν
3113 1946 3369 2015 συνιστᾷν

1789 2029 2026 2096 ἀξιοῦτε,
2055 2030 2314 2085 ἀδύνατον
2353 2031 2668 2088 καθιστᾶτε.
2696 2033 2833 2103 Φέρε
2868 2032 2999 2104 γὰρ,
3039 2032 3176 2104 πρὸς
3203 2034 3373 2104 αὐτῆς

1791 2221 1898 2275 rat,
1935 2211 2107 2282 ligare
2140 2222 2270 2266 tunc
2316 2213 2502 2267 mallet
2530 2228 2694 2283 quam
2728 2213 2960 2276 solvere,
2994 2214 3374 2283 constringere

1793 2304 2007 2361 animas
2031 2309 2444 2360 anathematum
2479 2306 2719 2363 vinculis
2785 2322 2973 2377 quam,
3010 2308 3154 2377 quod
3214 2306 3375 2361 facile

1791 2397 1984 2454 vivens
2012 2400 2349 2466 indulgebat,
2390 2403 2638 2455 relaxare
2666 2403 2993 2455 constrictas
3024 2401 3377 2471 praeoptaret?

1790 2488 1961 2556 Quem
2023 2500 2202 2545 autem
2267 2499 2399 2544 tunc
2455 2492 2645 2561 ligare.
2702 2508 2863 2561 quem
2903 2493 3037 2546 diris
3091 2493 3376 2562 implicare

1791 2583 2064 2637 nexibus?
2100 2598 2207 2636 non
2247 2584 2483 2653 aliquem
2516 2600 2547 2639 e
2578 2584 2759 2653 plebe,
2794 2583 2888 2639 sed
2942 2583 3035 2638 Eer
3058 2586 3201 2639 lesuc
3240 2572 3376 2655 prai-

1792 2674 2008 2728 sidcm?
2046 2676 2307 2743 Equidem
2340 2678 2569 2731 Arsenio
2604 2678 2905 2732 debitorem
2936 2694 3022 2732 me
3070 2678 3251 2732 lilialis
3287 2695 3373 2733 re-

1791 2764 2051 2818 verentiie
2073 2766 2342 2820 volentem
2376 2767 2631 2828 merenti,
2657 2775 2713 2819 ut
2752 2782 2875 2821 vere
2903 2768 3101 2830 sentio,
3130 2768 3202 2819 ita
3222 2775 3374 2835 grate

1795 2857 2069 2925 profiteor.
2099 2857 2152 2911 ls
2192 2859 2337 2911 enim
2376 2873 2500 2911 cum
2536 2859 2662 2913 aliis
2699 2874 2783 2912 me
2848 2858 3101 2927 plurimis
3139 2859 3240 2913 sibi
3278 2860 3372 2912 be-

1794 2949 2010 3001 neﬁciis
2040 2949 2359 3013 obstrinxit,
2419 2960 2532 3003 tum
2585 2951 2679 3004 illo
2740 2950 3031 3019 insigniter
3086 2952 3372 3005 honoravit

1788 3041 2016 3111 judicio,
2048 3058 2155 3111 quo
2180 3058 2392 3111 tequum
2427 3042 2529 3095 sibi
2556 3042 2726 3096 videri
2758 3042 3059 3095 declaravit
3085 3044 3370 3112 imperium

1794 3136 1936 3204 patri
1980 3149 2101 3188 meo
2132 3140 2380 3203 ereptum
2422 3134 2555 3186 mihi
2585 3134 2832 3187 attribui.
2884 3134 3194 3202 lmperabat
3243 3145 3373 3191 tunc

1795 3233 1968 3294 pater,
2002 3235 2057 3277 et
2114 3224 2229 3294 ipse
2264 3224 2596 3293 pastoralem
2660 3223 2825 3292 hujus
2869 3222 3126 3279 Ecclesia:
3183 3240 3371 3279 curam

1792 3316 2151 3385 patriarchali
2180 3325 2454 3386 potestate
2508 3315 2732 3386 gerebat
2770 3316 3059 3372 Arsenius.
3124 3319 3199 3371 Eo
3231 3326 3372 3373 tem-

1793 3424 1923 3478 pore
1956 3408 2217 3480 flagrante
2252 3410 2454 3463 invidia
2480 3410 2705 3465 sceleris
2736 3411 2792 3465 in
2824 3408 3092 3465 Joannem
3118 3410 3371 3469 Lascaris

1795 3502 1997 3571 prioris
2053 3502 2283 3572 Augusti
2365 3502 2534 3555 hlium
2612 3503 2919 3567 commissi,
2985 3510 3041 3558 et
3112 3504 3371 3573 religione

1801 3596 1929 3648 inde
2023 3594 2351 3663 patriarchae
2429 3594 2676 3658 oborta,
2756 3595 2925 3664 quasi
3020 3611 3149 3664 pars
3251 3599 3373 3661 ejus

2222 3683 2400 3753 ipsum
2485 3682 2613 3752 jure
2716 3684 3105 3751 conferretur,
3207 3685 3374 3757 469

1796 3777 1890 3845 qui
1946 3775 2275 3830 remissione
2322 3775 2521 3845 vigilite
2574 3774 2625 3828 in
2672 3777 2858 3845 pupilli
2911 3779 3162 3831 custodia
3224 3794 3371 3832 cura:

1795 3886 1909 3925 sua:
1954 3868 2138 3923 traditi
2179 3868 2362 3921 locum
2398 3867 2632 3921 facinori
2665 3868 2910 3924 dedisset
2944 3884 3008 3923 ac
3043 3872 3201 3938 quasi
3241 3886 3371 3939 pro-

1794 3961 2026 4015 didisset
2056 3959 2390 4027 orphanum,
2426 3960 2569 4012 hanc
2595 3960 2733 4028 patri
2772 3976 2894 4015 meo
2928 3963 3183 4031 expiandi
3218 3979 3369 4018 com-

1797 4053 1979 4108 munis
2041 4053 2248 4122 peccati
2308 4051 2685 4106 conditionem
2750 4054 2899 4118 tulit,
2947 4057 3229 4120 cederent,
3283 4057 3367 4110 in-

1796 4146 2015 4218 quiens.
2075 4146 2278 4215 pariter
2312 4148 2494 4210 ambo,
2549 4146 2638 4199 ille
2668 4146 2960 4215 imperiali,
2988 4149 3105 4217 ipse
3133 4151 3371 4218 patriar-

1796 4241 1939 4296 ehali
1971 4239 2263 4309 dignitate,
2317 4252 2425 4307 qua
2462 4252 2520 4293 se
2569 4239 2825 4306 indignos
2870 4240 3224 4308 elIecissent,
3278 4242 3371 4298 ille

1796 4329 2215 4393 consciscenda,
2253 4328 2369 4397 ipse
2399 4330 2763 4399 permittendo
2796 4332 3192 4388 immanissima
3238 4333 3373 4390 faci-

1797 4439 1952 4484 nore,
1982 4439 2091 4493 quo
2112 4430 2259 4477 esset
2287 4422 2476 4492 inique
2505 4436 2569 4476 ac
2599 4422 2897 4479 crudeliter
2927 4423 3217 4494 imperium
3250 4441 3370 4482 ere-

153 4529 394 4585 intentare
466 4530 792 4584 sententiam
854 4526 1113 4581 omnibus
1193 4526 1432 4597 ignotam
1490 4527 1692 4598 judicis
1726 4539 1768 4593 ι)
1799 4529 1950 4590 plum
1978 4519 2257 4573 innocenti
2292 4534 2465 4588 puero
2499 4519 2847 4574 hzereditario
2873 4520 3004 4574 illud
3031 4520 3158 4589 jure
3189 4523 3369 4589 possi-

153 4623 349 4685 mortui,
381 4621 542 4690 cujus
576 4618 943 4684 incredibilis,
981 4628 1033 4673 et
1064 4617 1169 4672 nisi
1220 4618 1481 4688 suffragio
1521 4617 1689 4687 agniti

152 4714 477 4785 chirographi
525 4713 810 4774 fulciatur,
842 4710 1124 4766 irridenda
1160 4724 1388 4779 prorsus
1442 4711 1693 4779 allegatio

152 4813 237 4858 est.
258 4804 310 4858 In
342 4821 453 4874 quo
484 4805 718 4874 requiro
749 4812 1010 4872 praeterea
1043 4804 1408 4857 reverentiam
1428 4802 1481 4856 in
1515 4801 1692 4856 Arse—

154 4894 279 4948 nium
312 4905 568 4961 vestram,
601 4896 690 4950 cui
749 4893 1049 4947 maleficam
1090 4892 1560 4964 inhumanamque
1597 4908 1694 4948 no-

156 4987 287 5040 cendi
325 4989 670 5042 voluntatem
705 4987 871 5041 etiam
910 4985 964 5039 in
997 4995 1245 5039 extremo
1276 4986 1549 5054 vigentem
1589 4987 1693 5039 im-

158 5080 350 5150 piugitis
382 5081 577 5134 halitu.
611 5080 694 5132 An
727 5094 836 5131 non
868 5077 1013 5133 enim
1048 5078 1267 5133 sentitis
1303 5094 1467 5147 quam
1502 5080 1575 5134 sit
1634 5080 1699 5133 il-

159 5166 409 5223 laudatum
446 5168 770 5223 Christiano
804 5168 942 5221 iram
994 5166 1047 5220 in
1097 5167 1449 5222 adversarios
1486 5185 1591 5221 non
1629 5170 1697 5223 ad

161 5261 270 5312 solis
298 5272 500 5315 tantum
545 5261 743 5315 Sedad
795 5260 920 5313 vita:
978 5259 1144 5314 totius
1205 5274 1462 5314 occasum
1525 5276 1700 5330 usque

164 5365 350 5409 scrvare
380 5354 791 5409 incxorahiliter
834 5351 1151 5421 ﬂagrantem
1179 5367 1194 5417 ;
1249 5369 1409 5423 quam
1442 5353 1700 5407 inconse-

164 5458 332 5509 quens,
362 5446 536 5501 virum
574 5458 735 5513 quem
767 5454 1015 5497 sanctum
1079 5444 1405 5512 prmdieatis,
1438 5453 1547 5497 tam
1606 5461 1704 5500 51c-

165 5549 266 5587 tu:n
301 5540 520 5593 ultorem
554 5538 763 5602 dicere;
802 5552 966 5605 quam
990 5537 1303 5591 incredibile
1336 5537 1702 5606 patriarcham

168 5639 283 5683 noue
311 5631 571 5693 lenitatis,
603 5645 762 5699 quem
803 5639 1037 5692 constat,
1072 5631 1198 5682 dum
1232 5630 1465 5694 viveret,
1531 5632 1703 5687 fuisse

170 5723 356 5776 solitum
386 5723 787 5778 selaedentibus
813 5723 1126 5792 ignoscere,
1164 5732 1269 5773 tam
1307 5725 1478 5774 fetum
1509 5724 1559 5774 in
1587 5725 1703 5792 ipso

170 5817 332 5871 mortis
364 5824 567 5887 puncto
604 5815 831 5885 fingere,
869 5823 924 5867 ut
948 5823 1137 5868 contra
1185 5830 1346 5883 quarti
1399 5831 1702 5872 consueve-

1792 4613 1968 4677 denti,
2012 4627 2074 4667 ea
2130 4627 2307 4681 poena:
2351 4611 2763 4686 differentiajn
2811 4614 3017 4683 dispari
3079 4616 3373 4684 participa-

1795 4707 1943 4760 tione
1983 4706 2262 4769 criminis,
2297 4715 2355 4758 ttt
2386 4708 2479 4775 qui
2511 4708 2835 4777 deliquisset
2881 4710 3148 4775 atrocius,
3192 4710 3374 4765 indul-

1794 4801 2013 4869 gentius
2065 4802 2413 4868 plecteretur.
2460 4798 2506 4852 A
2544 4806 2698 4867 patre
2751 4800 2955 4870 quippe
3009 4817 3132 4856 meo
3182 4803 3256 4857 ita
3311 4817 3371 4858 se

1797 4892 1934 4948 velle
1988 4892 2230 4947 abdicari
2268 4893 2663 4963 principatum,
2706 4902 2764 4947 ut
2799 4894 2846 4949 is
2880 4893 2935 4948 in
2987 4904 3073 4949 tne
3101 4895 3371 4951 transfer-

1794 4995 1972 5051 retur,
2010 4987 2112 5055 ipsi
2162 4986 2550 5055 patriarchalis
2581 4987 2808 5040 amissio
2846 4987 2996 5041 sedis
3038 4990 3187 5041 nulla
3233 4997 3375 5043 tem-

1799 5088 2087 5147 per-aretur
2111 5078 2161 5130 in
2196 5079 2467 5146 privatum
2497 5080 2826 5146 paciscenda
2858 5079 3117 5133 solatium
3149 5083 3369 5151 cognati

1801 5170 1998 5224 fiducia
2030 5172 2387 5225 successoris.
2420 5172 2494 5224 En
2532 5182 2798 5240 quantum
2828 5174 2948 5241 ejus
2970 5175 3073 5226 viri
3101 5177 3371 5239 studium,

1802 5278 1968 5332 quam
2013 5263 2286 5318 excellens
2335 5262 2607 5317 exstiterit
2670 5263 2917 5320 charitas
2953 5266 3005 5319 in
3066 5282 3151 5320 me
3195 5267 3374 5321 adhuc

1802 5359 2096 5425 puerulum
2131 5363 2186 5408 et
2215 5354 2374 5409 modo
2406 5356 2693 5409 infantiam
2721 5372 3030 5426 egressura,
3063 5368 3123 5412 ut
3167 5375 3251 5413 me
3319 5361 3374 5413 in

1806 5447 2050 5516 legitima
2124 5446 2481 5515 possessione
2548 5450 2762 5517 imperii
2824 5445 3051 5503 Romani
3090 5451 3207 5520 jam
3260 5462 3376 5506 tum

1803 5540 2140 5594 constituere
2175 5539 2429 5603 voluerit,
2465 5540 2683 5594 vixdum
2738 5541 3014 5595 hominem
3049 5558 3147 5596 nec
3201 5545 3372 5598 ratio-

1806 5631 1891 5686 nis
1924 5632 2164 5700 perfecte
2218 5640 2552 5701 compotem.
2603 5632 2759 5688 Unde
2799 5645 2850 5689 et
2904 5651 3000 5689 vos
3049 5635 3375 5704 intelligitis,

1807 5734 1860 5777 et
1886 5739 1986 5792 ego
2044 5738 2263 5792 semper
2296 5740 2404 5791 prie
2446 5740 2530 5779 me
2568 5725 2758 5790 feram,
2798 5741 3065 5779 summam
3124 5728 3170 5780 ei
3230 5744 3257 5779 ιι
3294 5746 3382 5784 me

1811 5816 2201 5887 gratitudinem
2258 5816 2465 5873 deberi.
2519 5819 2638 5884 Quo
2700 5820 2901 5886 :cgrius
2968 5834 3113 5874 nunc
3150 5836 3179 5873 a
3225 5822 3381 5878 vobis
