3848 6554
164 404 252 465 5λῖ

159 605 238 656 καὶ
266 600 392 670 πρὸς
425 597 602 651 ταῦτα
630 593 1000 664 παλινδῳμῶ,
1027 595 1120 647 καὶ
1147 592 1206 645 δν
1234 594 1421 663 ὁρᾶτε,
1452 594 1527 655 ὡς
1555 593 1715 661 δῆθεν

157 692 288 746 θείαν
302 689 484 758 ψῆφον
501 686 746 755 πληρῶν,
763 687 855 738 ἐπὶ
869 685 963 753 τῆς
984 686 1029 737 is
1038 688 1134 753 ρᾶς
1153 684 1307 750 ἀξίας
1328 685 1515 752 ἁνὰγω
1534 687 1712 750 πάλιν,

156 782 305 851 ἄνδρα
330 779 477 831 λιτὸν
507 781 572 831 τὰ
603 778 777 830 πάντα
801 776 893 828 καὶ
929 775 1160 829 ἄσκευον
1191 778 1282 827 καὶ
1312 776 1514 843 ἀρετῆς
1549 778 1715 827 Emat-

156 877 253 938 κῶς
288 873 459 941 φίλον.
492 871 569 923 τὸ
620 870 803 941 μέντοι
839 885 901 937 γε
935 867 1124 920 δοκοῦν
1155 867 1390 935 σκληρῦν
1419 868 1511 918 καὶ
1559 868 1632 935 μὴ
1661 868 1718 926 ἐς

156 968 282 1021 ἅπαν
310 962 586 1024 ἑπικλινές
614 978 675 1013 τε
708 960 803 1013 καὶ
847 958 1268 1028 συγκεχωρηκὸς
1300 952 1368 1027 ἦν
1413 956 1599 1025 καιρὸς
1630 956 1716 1007 ὅτε

157 1058 305 1125 κάμοὶ
338 1054 702 1124 (μαρτυρήσω
730 1054 839 1121 γὰρ
875 1049 1130 1119 τάληθὲς)
1169 1048 1297 1120 παρ’
1327 1048 1469 1116 ὑμᾶς
1510 1048 1719 1107 πάντας

157 1151 288 1204 οὐδὲν
332 1149 510 1201 ἐδόκει
562 1146 844 1214 προσῆκον
893 1144 1070 1207 ἄλλως
1126 1142 1369 1209 ποιμένι,
1404 1140 1497 1192 καὶ
1544 1139 1719 1193 ταῦτα

159 1244 514 1314 πιευματικῷ,
556 1243 651 1295 καὶ
688 1242 795 1294 οὐδ’
826 1241 902 1305 ὥς
927 1256 989 1308 γε
1038 1237 1328 1306 ἐπαγωγὸν
1355 1234 1462 1287 τῶν
1507 1235 1720 1287 πολλῶν

159 1341 235 1391 καὶ
272 1338 569 1405 εἰρηνικὸν,
622 1335 720 1388 καὶ
761 1332 1014 1385 τοσοῦτον
1065 1332 1147 1383 δτι
1199 1331 1294 1383 καὶ
1348 1328 1442 1381 τοῦ
1486 1326 1718 1397 μονοιχοῦ

157 1432 298 1498 Πηιᾶ
323 1430 389 1481 τὰ
414 1428 512 1482 ἀπ’
546 1425 715 1481 αὑτοῦ
742 1426 878 1494 πρὸς
909 1425 1010 1495 ἐμὲ
1057 1422 1306 1490 λέγοντος
1333 1419 1609 1490 δυσχερῶς
1639 1413 1719 1470 εἷ-

156 1540 234 1592 χον
283 1521 583 1584 πιστεύειν,
638 1520 687 1571 si
754 1517 995 1575 τοιοῦτος
1044 1515 1121 1567 ὣν
1177 1508 1287 1576 οἷος
1343 1512 1515 1576 ἔδειξε
1573 1512 1718 1573 τότε,

157 1614 409 1682 ἀγλευκής
464 1630 524 1665 τε
583 1614 676 1665 καὶ
734 1612 1017 1678 ἄτεγκτος,
1077 1605 1332 1659 τοιούτων
1378 1603 1445 1657 ἂν
1505 1601 1721 1674 κριθείη

159 1795 442 1852 claritatem
511 1794 755 1850 Ecclesia
808 1793 924 1847 sola
961 1804 1266 1862 agnoscere
1309 1803 1406 1842 vos
1472 1794 1714 1857 oportet.

1074 393 1172 453 DE
1215 392 1665 455 ANDRONICO
1708 392 2176 455 PALJEOLOGO
2217 395 2361 456 LIB.
2396 396 2475 458 VI

159 530 234 565 ναι
264 514 322 562 τὸ
369 509 602 580 πρᾶγμα
648 501 794 557 κατὰ
849 502 1051 557 σκοπὸν
1079 503 1140 556 ὃν
1186 503 1503 573 ὲτρέχομεν.
1556 504 1719 556 Ὅθεν
1747 508 1792 570 λ
1824 505 1983 558 θεξων
2021 504 2237 556 ἐννοιῶν
2267 505 2416 570 ἄξιος
2443 520 2458 537 ο

3293 392 3401 458 513

2514 501 2608 556 καὶ
2644 501 2921 556 πιστεύειν
2955 502 3246 558 ἀπώκνουν
3295 511 3404 570 τοῖς

1820 596 2150 665 λεγομένοις,
2187 592 2266 658 οἷς
2301 596 2470 666 ὀργὴν
2511 594 2646 649 Θεοῦ
2676 597 3030 666 ἐπικειμένην
3057 600 3167 660 τοῖς
3207 599 3406 669 ἡμετέ-

1822 705 1936 757 pot;
1962 688 2158 740 εἰδέναι
2187 688 2450 758 παρῖστα.
2493 687 2636 741 Ἀλλ’
2668 688 2818 756 ὅμως
2853 689 2881 741 ὁ
2909 689 3083 752 οὕτως
3109 690 3245 760 ἔχων
3278 693 3406 762 περὶ

1818 776 2010 829 τούτου
2042 777 2152 844 ἐγὼ
2178 781 2334 830 τόσον
2364 779 2580 832 ἑάλωκα
2604 781 2700 851 τῆς
2734 780 2868 849 πρὸς
2895 782 3057 834 αὑτὸν
3084 783 3401 851 διαθέσεως,

1819 868 1893 931 ὡς
1924 868 2053 923 ἄλλο
2095 887 2147 921 τι
2195 869 2506 935 λογίζεσθαι
2553 871 2647 925 νῦν
2699 873 2914 942 συμϐὰν
2941 873 3029 927 ἐπ’
3062 875 3184 943 ἐμοὶ
3235 877 3311 938 εἰς
3344 877 3404 927 τὸ

1820 961 2259 1029 καταλαμῦάνειν
2289 962 2364 1025 ὠς
2400 961 2624 1025 δυνατὸν
2662 963 2906 1033 κρίματα
2944 966 3061 1019 θεῖοι
3089 968 3120 1036 ἢ
3146 969 3231 1021 ὅτε
3271 968 3401 1036 παρ’

1790 1090 1795 1095 .
1822 1050 2001 1113 ἄλλοις
2038 1053 2358 1122 ἐμάνθανον,
2391 1053 2530 1107 ὥστε
2581 1055 2675 1108 καὶ
2710 1056 2842 1109 αὐτὸ
2871 1057 2931 1109 τὸ
2970 1058 3183 1121 πολλοῖς
3213 1059 3403 1113 δοκοῦν

1821 1143 2111 1213 ἐλάττωμα
2160 1143 2253 1197 τοῦ
2309 1145 2503 1215 ἀνδρὸς
2556 1148 2879 1218 προτέρημα
2913 1149 3114 1218 μᾶλλον
3166 1150 3399 1218 ἔκρινον*

1824 1235 1889 1288 τι
1923 1236 2054 1306 γὰρ,
2103 1236 2312 1304 ἔλεγον,
2363 1239 2412 1291 εἰ
2472 1239 2566 1292 καὶ
2599 1237 2729 1302 Θεὸς
2776 1240 3152 1309 φιλάνθρωπος
3209 1240 3283 1294 ὢν
3334 1245 3403 1296 τὰ

1825 1330 2050 1383 πλεῖστα
2079 1329 2304 1392 δικαίως
2336 1330 2575 1396 κολάζει,
2609 1331 2683 1395 ὠς
2710 1334 3049 1404 καῦαρτικῆς
3085 1333 3213 1397 ἴσως
3237 1332 3403 1402 οὔσης

1823 1427 1918 1478 καὶ
1954 1424 2051 1493 τῆς
2084 1422 2390 1488 κολάσεω;;
2426 1423 2454 1477 δ
2487 1424 2550 1494 δὴ
2603 1426 2697 1477 καὶ
2733 1425 3144 1496 φιλανθρωπίας
3202 1428 3403 1497 μᾶλλον

1823 1517 1969 1568 εἴποι
1996 1532 2077 1577 τις
2124 1516 2288 1585 μέρος
2325 1516 2385 1568 οὐ
2426 1517 2487 1568 τὸ
2525 1518 2706 1585 τυχόν.
2742 1518 2850 1570 Καὶ
2896 1519 2977 1571 ὅτι
3015 1520 3112 1587 μὲν
3150 1518 3404 1586 αὐτεξού-

1825 1624 1937 1671 σιος
1969 1607 2253 1678 ἄνθρωπος
2298 1609 2516 1671 πάντως
2553 1608 2663 1679 ἔχει
2711 1610 2945 1681 χρῆσθαι
2978 1614 3046 1681 τῇ
3090 1615 3403 1682 προαιρέσει

1827 1795 2045 1857 tempus
2097 1788 2482 1843 intervenisset
2511 1790 2795 1860 quippiam
2842 1808 3057 1846 summa
3088 1794 3403 1848 considera-

160 1893 289 1961 Quod
316 1894 358 1949 si
396 1891 608 1956 facitis,
637 1890 751 1957 jam
785 1889 1070 1944 nobiscum
1099 1886 1450 1953 consentitis,
1480 1886 1593 1952 jam
1631 1901 1726 1938 vo-
1756 1858 1800 1919 Β
1831 1884 1980 1937 tione
2014 1883 2263 1953 dignum,
2324 1884 2471 1953 quod
2535 1891 2705 1938 totam
2747 1885 2813 1939 ad
2856 1901 2917 1940 sc
2955 1898 3165 1955 raptam
3226 1902 3401 1940 meam

164 1990 232 2041 bis
259 2002 445 2039 manus
478 1985 701 2046 damus,
744 1982 963 2038 cunctis
995 1985 1137 2036 inter
1172 1996 1271 2034 nos
1321 1979 1719 2034 controversiis

167 2079 383 2134 sublatis.
424 2079 525 2132 Sin
571 2078 801 2148 pergitis
825 2074 985 2147 47],
1049 2074 1336 2135 resistere,
1402 2072 1485 2126 sin
1526 2070 1725 2124 admit-

168 2183 263 2226 tere
301 2186 397 2239 pro
441 2171 590 2225 veris
644 2175 1144 2224 recusattsuostrae
1198 2165 1371 2232 partis
1419 2165 1718 2230 antistites,

172 2267 253 2335 jam
282 2269 416 2318 estis
443 2280 671 2335 prorsus
700 2263 1028 2331 importuni,
1067 2262 1159 2332 qui
1190 2260 1468 2315 studentis
1494 2273 1723 2328 persua-

172 2358 273 2410 δραι
309 2356 521 2409 nullum
575 2356 740 2409 hodie
789 2356 843 2408 iu
894 2354 1057 2410 terris
1114 2352 1341 2421 reperiri
1378 2366 1565 2407 verum
1610 2351 1724 2422 cpi-

174 2462 408 2518 scopum;
440 2442 589 2516 quod
624 2446 717 2517 qui
758 2445 911 2511 dicit,
961 2445 1323 2501 sacerdotalis
1362 2444 1725 2499 ordinationis

167 2544 395 2595 eiliaurit
447 2540 676 2602 fontem,
712 2549 767 2593 et
809 2556 840 2594 o
887 2538 1053 2593 rebus
1091 2539 1354 2593 humanis
1402 2550 1551 2605 spem
1607 2552 1725 2590 om.

168 2646 269 2683 netu
295 2631 626 2683 exterminat
658 2629 876 2682 videndi
925 2642 1171 2697 unquam
1218 2626 1389 2687 ullum
1446 2626 1722 2680 hominem

167 2725 404 2776 canonica
472 2722 825 2791 impositione
887 2735 1150 2775 manuum
1223 2717 1289 2773 ad
1371 2717 1723 2774 sacriﬁcandi

166 2814 240 2881 jus
275 2825 547 2869 evectum.
585 2813 879 2883 Suscipitis
923 2829 995 2868 an
1032 2812 1270 2880 rejicitis
1315 2811 1390 2866 ab
1436 2811 1725 2867 existinm-

173 2914 508 2960 tmnelvestra
541 2907 830 2960 manifeste
862 2904 1266 2960 intolerabilem
1323 2902 1723 2959 absurditatem

172 2999 359 3052 istam?
387 2997 559 3067 Atqui
591 2999 710 3067 ejus
742 3013 770 3051 a
805 2999 958 3053 vobis
986 2996 1322 3067 depellenda:
1351 3011 1458 3051 una
1490 2998 1606 3051 sola
1640 3006 1725 3050 est

171 3108 283 3146 sane
305 3091 726 3161 impeditissima
774 3091 917 3144 ratio
949 3130 964 3156 ,
1000 3090 1056 3143 in
1087 3104 1153 3145 co
1179 3090 1285 3144 sita
1338 3100 1397 3144 ut
1440 3087 1727 3144 evidenter

170 3184 451 3238 ostendatis
510 3198 683 3253 super
722 3184 905 3237 adhuc
964 3198 1088 3238 esse
1142 3182 1303 3238 hodie
1345 3184 1401 3237 in
1460 3182 1596 3237 vivis
1627 3181 1725 3234 ali-

168 3293 289 3346 quos
316 3293 605 3349 episcopos
632 3292 697 3332 ex
735 3292 802 3333 eo
833 3287 1081 3346 tempore
1134 3290 1265 3344 quo,
1328 3281 1519 3345 utpote
1550 3274 1723 3329 tribus

164 3369 259 3438 jam
307 3375 621 3427 memoratis
676 3368 978 3434 anteriore,
1039 3367 1191 3422 nulla
1242 3377 1361 3422 erat
1409 3368 1478 3423 de
1530 3367 1723 3437 cujus-

172 3480 315 3532 quam
379 3466 627 3536 ipsorum
690 3472 836 3519 statu
878 3477 942 3516 ac
1003 3469 1275 3529 potestate
1320 3461 1723 3518 controversia.

172 3555 355 3612 Horum
394 3559 691 3627 praesuium
741 3557 943 3611 veteris
976 3563 1029 3608 et
1081 3554 1290 3609 nemini
1340 3554 1729 3622 suspectior-

171 3650 444 3706 diuationis
484 3652 531 3705 si
581 3665 744 3719 quem
789 3649 929 3702 forte
980 3647 1204 3701 unicum
1246 3648 1300 3700 in
1329 3647 1551 3700 arcanis
1582 3646 1726 3715 apud

172 3761 255 3799 vos
283 3747 499 3802 latebris
545 3749 652 3799 huc
687 3760 858 3812 usque
886 3741 1231 3806 custodistis,
1284 3755 1474 3807 qumso
1527 3754 1596 3793 ne
1644 3741 1731 3793 in-

182 3840 388 3895 videatis
430 3840 613 3900 nobis,
667 3852 734 3890 ne
768 3836 959 3890 celetis
1002 3834 1259 3903 amplius.
1298 3831 1587 3887 Ostendite
1614 3846 1728 3886 rem

176 3931 535 3987 necessariam.
582 3927 773 3983 Videat
805 3928 858 3980 in
892 3942 959 3981 eo
985 3938 1081 3994 per
1123 3939 1222 3979 vos
1255 3931 1568 3977 monstrato
1618 3922 1728 3975 ho-

176 4028 338 4081 dierna
362 4025 608 4082 Ecclesia
639 4024 923 4079 traducem
950 4036 1065 4075 suae
1091 4018 1507 4090 propagationis
1542 4016 1610 4070 ab
1637 4030 1735 4069 an-

175 4121 326 4189 tiqua,
376 4134 528 4190 spem
567 4132 683 4173 sua:
726 4113 1128 4170 transfusionis
1158 4114 1238 4165 'in
1273 4120 1569 4179 posteram.
1619 4108 1732 4162 Me-

177 4212 286 4265 tnini
334 4224 429 4266 vos
466 4211 633 4280 paulo
660 4217 787 4262 ante
818 4215 877 4261 ut
905 4206 1069 4260 talem
1125 4204 1440 4259 nominasse
1498 4199 1737 4254 Marma-

177 4301 437 4357 ritziorum
494 4304 864 4372 episcopum:
902 4297 997 4353 sed
1058 4305 1429 4367 praeterquam
1481 4292 1627 4363 quod
1686 4292 1735 4347 is

178 4412 369 4468 quoque
419 4398 584 4452 tinem
652 4410 799 4450 nunc
833 4394 1052 4449 vivendi
1114 4392 1268 4460 fecit,
1304 4391 1470 4448 etiam
1533 4391 1602 4446 de
1630 4388 1737 4445 hoc.

180 4489 369 4544 homine
398 4505 499 4561 ego
533 4496 665 4543 tunc
696 4486 1060 4557 inquisitione
1088 4485 1276 4540 habita
1319 4485 1493 4538 multa
1536 4483 1592 4538 in
1628 4483 1737 4537 vita

1827 1985 2064 2031 mentem
2119 1976 2188 2031 ab
2216 1976 2376 2032 istius
2426 1979 2815 2046 prosecutione
2873 1979 3026 2048 scopi
3083 1982 3403 2035 necessario

1828 2068 2079 2125 abduxit.
2147 2068 2285 2124 Cum
2340 2072 2484 2125 enim
2537 2071 2867 2140 contigisset
2942 2072 3212 2127 declarari
3265 2074 3405 2129 miro

1826 2162 2090 2215 ratio‘inio
2145 2161 2333 2217 statim
2394 2166 2606 2218 eventis
2647 2165 3002 2232 comprobato
3034 2166 3247 2233 insigne
3292 2182 3406 2221 me—

1826 2255 1991 2309 ritum
2051 2264 2103 2307 et
2151 2266 2422 2310 summam
2460 2256 2604 2325 apud
2636 2252 2805 2310 Deum
2841 2258 3073 2327 gratiam
3123 2259 3242 2327 ejus
3302 2260 3405 2315 viri

1827 2349 1919 2417 qui
1976 2348 2225 2418 deposito
2264 2348 2595 2420 jampridem
2654 2349 3031 2419 patriarchatu
3084 2351 3249 2424 472
3295 2355 3407 2424 pri-

1827 2451 1987 2496 vatus
2044 2453 2176 2496 tunc
2224 2444 2455 2504 viveret,
2497 2442 2750 2511 religioni
2791 2444 3047 2500 duximus
3090 2463 3197 2501 non
3248 2450 3403 2516 sequi

1829 2543 1938 2587 tam
1963 2532 2273 2589 evidentem
2301 2533 2550 2607 suifragii
2586 2533 2761 2588 divini
2803 2537 3222 2605 praerogativam
3255 2551 3324 2591 eo
3350 2539 3403 2590 in

1828 2627 1958 2681 sede
2023 2626 2360 2696 reponendo,
2402 2642 2432 2680 e
2484 2640 2588 2696 qua
2627 2621 2913 2697 perperam
2969 2629 3239 2698 dejectutn
3301 2628 3406 2682 ista

1830 2720 1944 2788 ipsa
1975 2720 2284 2791 prodigiosa
2314 2719 2645 2789 significatio
2683 2721 3051 2786 monstrabat,
3108 2722 3407 2792 praesertim

1827 2829 1952 2867 cum
2002 2824 2197 2883 praeter
2225 2814 2528 2883 periculum
2582 2813 2701 2878 Del,
2749 2815 2803 2868 ni
2843 2815 2921 2868 sic
2950 2815 3282 2881 faceremus,
3326 2814 3409 2870 ol-

1831 2904 2085 2960 fendendi
2142 2906 2206 2959 ad
2245 2906 2298 2958 id
2334 2907 2511 2975 ipsum
2555 2914 2779 2976 urgeret
2829 2915 3007 2962 status
3037 2923 3276 2976 przesens
3316 2923 3408 2961 ec-

1828 3000 2267 3054 clesiasticarum
2327 3014 2532 3062 rerum,
2608 3014 2750 3068 quas
2819 3002 2976 3054 novis
3041 3000 3185 3054 haud
3244 3001 3410 3055 dubie

1832 3090 2343 3161 perturbationibus
2405 3090 2777 3160 iteplicandas
2820 3092 3137 3161 apparebat,
3171 3092 3215 3167 si
3262 3093 3409 3146 aliud

1834 3186 2240 3239 decerneretur.
2267 3183 2605 3254 Reputaham
2647 3201 2859 3240 mecum
2895 3186 3085 3247 etiam,
3127 3185 3211 3241 vel
3243 3186 3288 3241 si
3319 3203 3415 3241 nc-

1831 3277 2022 3347 glcctis
2053 3277 2118 3330 iis
2170 3277 2305 3331 tanti
2366 3278 2627 3331 momenti
2693 3279 3003 3332 rationibus
3060 3279 3407 3335 obstinaretn

1828 3369 2073 3424 animum
2107 3369 2159 3422 in
2201 3371 2554 3439 obsequendo
2595 3371 2777 3435 vobis,
2839 3372 3043 3427 frustra
3081 3373 3300 3438 quidem
3355 3371 3407 3425 id

1831 3462 2101 3516 facturum
2136 3477 2239 3516 me.
2278 3461 2383 3518 Per
2424 3463 2564 3516 viam
2591 3463 2736 3518 enim
2770 3472 2848 3517 tot
2875 3480 2938 3518 ac
2980 3465 3147 3520 tantis
3178 3463 3412 3520 difﬁcul-

1830 3557 2037 3610 tatibus
2069 3556 2356 3625 obseptam
2403 3557 2550 3610 nulla
2587 3572 2713 3626 spes
2740 3558 3013 3611 allncebat
3045 3559 3412 3628 ρυΐιὶιὶεθηιίιυ

1832 3664 2075 3719 unquam
2130 3658 2308 3713 metae,
2370 3648 2435 3701 ad
2504 3662 2667 3715 quam
2720 3649 3001 3703 commuui
3048 3666 3145 3703 vos
3194 3659 3245 3704 et
3310 3666 3413 3719 ego

1831 3754 1997 3794 cursu
2049 3737 2382 3791 nitebamur.
2419 3734 2673 3791 Per'htec
2707 3738 2881 3799 satis,
2934 3748 2993 3792 ut
3035 3738 3277 3798 conﬁdo,
3320 3739 3416 3791 de-

1834 3839 2137 3885 monstrata
2158 3830 2414 3899 aequitate
2443 3843 2507 3882 ac
2526 3828 2856 3885 necessitate
2884 3830 3090 3884 ultimm
3113 3830 3274 3901 hujus
3301 3831 3412 3885 ele-

1834 3923 2032 3976 ctionis
2062 3936 2293 3991 prorsus
2349 3920 2713 3986 ineluctabili,
2760 3921 2941 3976 refero
2978 3937 3064 3977 me
3114 3925 3178 3975 ad
3211 3940 3413 3993 propo-

1834 4015 2047 4069 nendas
2078 4014 2241 4069 vobis
2285 4019 2438 4068 dotes
2486 4016 2820 4082 conspicuas
2854 4021 2909 4067 et
2948 4013 3228 4082 quantivis
3263 4014 3413 4067 :rsti-

1838 4108 2062 4161 mandas
2111 4106 2213 4160 viri
2272 4104 2457 4172 hujus,
2493 4119 2655 4173 quem
2687 4104 2930 4158 divinum
2964 4113 3188 4159 secutus
3217 4104 3417 4159 suifra-

1837 4200 1987 4270 giutn
2016 4200 2071 4253 in
2107 4196 2797 4269 patriarchali,utvidetis,
2815 4212 3019 4265 repono
3052 4198 3205 4254 sede.
3239 4197 3417 4251 Homo

1838 4295 1887 4349 is
1919 4301 2004 4350 est
2042 4294 2205 4364 plane
2244 4292 2495 4361 simplex,
2524 4290 2632 4347 fuci
2666 4300 2720 4345 et
2748 4291 2959 4347 fraudis
2985 4306 3206 4360 expers,
3235 4292 3414 4345 virtu-

1840 4386 1909 4441 tis
1928 4383 2220 4440 admodum
2250 4397 2468 4439 amans.
2498 4382 2623 4438 Scio
2651 4380 2825 4436 videri
2857 4380 3076 4451 quidem
3116 4378 3267 4432 illum
3302 4378 3417 4448 ple-

1841 4481 2029 4550 risque
2051 4494 2199 4534 nunc
2225 4478 2472 4541 solitum,
2501 4475 2630 4531 olim
2666 4474 2831 4529 etiam
2858 4471 2989 4526 mihi
3009 4470 3243 4542 (fatebor
3268 4471 3415 4525 enim

176 4583 274 4649 cius
301 4597 466 4654 atque
502 4583 641 4638 actis
674 4580 1064 4650 vituperabilia
1100 4579 1469 4649 reperiebam,
1501 4574 1574 4631 ob
1615 4590 1738 4646 quae
1770 4570 1815 4627 D
1845 4574 2078 4643 ingenue
2100 4587 2215 4626 rem
2242 4570 2475 4636 veram),
2513 4574 2798 4622 austerum
2837 4565 3153 4652 durumque
3179 4580 3243 4620 ac
3273 4564 3416 4618 irre-

175 4674 537 4748 iscpiscopali
595 4677 802 4730 honore
838 4673 1101 4745 indignus
1158 4673 1357 4727 merito
1409 4680 1594 4740 posset
1636 4667 1729 4738 ju-

177 4769 347 4824 dicari.
394 4766 582 4824 Nostis
622 4784 683 4822 ea
719 4776 773 4821 et
827 4781 949 4832 vos,
993 4780 1057 4819 ex
1100 4779 1185 4819 me
1233 4763 1421 4833 utique
1464 4762 1560 4815 illo
1591 4768 1732 4812 tem-

182 4875 291 4927 pore
316 4861 524 4927 audita,
564 4861 785 4931 quando
843 4856 1207 4912 nihilominus
1253 4852 1733 4924 perseverantibus

182 4954 310 5007 \obis
341 4953 391 5007 in
422 4955 709 5024 proposito
768 4948 1104 5021 praeﬁciendi
1157 4947 1301 5000 hunc
1341 4943 1630 5009 Ecclesiae,
1680 4951 1737 4996 et

184 5046 616 5100 contendentibus
657 5054 802 5097 recte
832 5040 1177 5110 compcnsari
1198 5039 1441 5093 maculas
1471 5051 1734 5107 quOrnm-

186 5138 251 5192 vis
268 5141 378 5209 ejus
407 5148 601 5196 contra
640 5136 993 5206 disciplinam
1047 5135 1305 5204 lapsuum
1345 5147 1452 5185 una
1482 5131 1572 5185 illa
1602 5130 1731 5185 dote

187 5229 505 5297 antiquitatis
544 5225 889 5281 adtuoventis
918 5224 1097 5294 ipsum
1158 5220 1466 5277 indubitato
1502 5236 1730 5277 succes-

191 5318 343 5375 sionis
401 5320 591 5389 fonti,‘
632 5319 818 5373 remisi
872 5333 973 5388 ego
1031 5333 1117 5371 tne
1146 5316 1508 5385 acquievique
1555 5325 1735 5368 vestro

189 5408 388 5476 judicio,
438 5412 578 5465 tanti
628 5409 877 5472 ducens,
921 5406 1216 5476 quantovis
1262 5404 1626 5457 inn-ommodo
1682 5409 1736 5453 et

192 5504 528 5575 qualicunque
577 5501 907 5571 indignitate
957 5497 1293 5562 devoranda,
1329 5494 1597 5550 demereri
1637 5509 1735 5549 vos

197 5604 239 5648 et
263 5598 408 5654 nobis
432 5600 751 5668 adjungere.
787 5593 976 5661 Itaque
1009 5593 1205 5648 Joanni
1233 5604 1359 5644 mox
1395 5587 1738 5657 patriarcha-

204 5695 298 5740 ttttn
345 5690 617 5745 abdicanti
665 5697 912 5744 vestrum
961 5683 1490 5741 Marmaritzieusem
1538 5680 1752 5735 subro-L

202 5794 326 5848 gare,
355 5794 411 5837 ut
444 5784 623 5848 scitis,
669 5781 1063 5852 cegitareram.
1087 5778 1204 5833 solo
1236 5776 1511 5845 impulsus
1534 5774 1600 5828 ad
1636 5775 1739 5827 hoc.

206 5880 356 5932 studto
379 5878 531 5934 vobis
576 5874 955 5949 gratiﬁcandi;
994 5872 1378 5940 fecissentque,
1411 5869 1519 5924 nisi
1548 5883 1645 5938 per
1683 5866 1753 5922 id'

1838 4640 2157 4719 vocabiliter
2186 4660 2507 4715 inﬂexibilis
2536 4659 2881 4729 emollirique
2932 4640 2984 4711 in
3019 4656 3417 4725 indulgentiam

1837 4756 2039 4813 nescia:
2094 4754 2413 4825 rigiditatis,
2461 4752 2806 4823 praefractius
2835 4750 3065 4804 omnino
3117 4763 3280 4816 quam
3318 4763 3418 4817 pa-

1836 4846 2383 4919 storem,praesettim
2407 4846 2769 4917 spiritualetn,
2810 4845 3003 4898 decere
3028 4842 3293 4897 videatur.
3319 4838 3419 4894 Fui

1834 4951 1892 4997 et
1917 4956 2038 5012 ego,
2063 4942 2309 5009 inquam,
2329 4938 2463 4992 alias
2487 4937 2538 4990 in
2568 4952 2631 4989 ea
2664 4935 2945 4989 vobiscum
2999 4932 3293 4997 sententia,
3331 4946 3418 4983 re-

1837 5036 2062 5105 quirens
2084 5034 2136 5086 in
2166 5034 2256 5087 illo
2282 5029 2747 5086 accommodatam
2794 5024 3148 5081 conciliandae
3180 5023 3423 5076 multitu-

1838 5130 1950 5183 dini
1988 5128 2303 5182 facilitatcm
2338 5122 2734 5194 pacificatnque
2766 5119 3271 5174 mansuetudinem.
3301 5115 3419 5181 Qua

1839 5228 2255 5304 praeoccupatus
2281 5217 2448 5269 abteo
2478 5215 2766 5268 aversione
2787 5228 2909 5267 cum
2945 5211 3191 5265 audirem
3226 5223 3255 5261 a
3281 5208 3420 5261 reic-

1840 5324 1993 5369 rente
2023 5312 2176 5365 Mena
2208 5298 2480 5363 monacho
2506 5305 2772 5360 divinitus
2804 5303 2907 5374 ipsi
2929 5304 3224 5358 revelatam
3255 5298 3423 5354 nobis

1843 5408 2222 5462 imminentem
2293 5390 2546 5463 cladem,
2599 5414 2740 5467 aegre
2809 5413 2941 5452 sane
3004 5393 3312 5450 adducebar
3364 5399 3422 5443 nt

1840 5502 2146 5561 caederem,
2178 5495 2322 5549 haud
2359 5493 2470 5548 ﬁeri
2524 5508 2686 5563 posse
2715 5501 2886 5555 ratus,
2941 5488 3216 5543 hominem
3260 5502 3421 5555 aspe-

1843 5610 1992 5654 rum,
2020 5589 2243 5644 immitis
2281 5587 2576 5654 acerbiqtte
2607 5584 2833 5654 ingenii,
2869 5581 3095 5652 dignum
3132 5596 3158 5633 a
3193 5578 3301 5631 Deo
3329 5577 3423 5646 ju—

1843 5687 2013 5741 dicari
2047 5681 2590 5737 nianiiestatitittibns
2622 5676 2931 5733 istiusmodi
2982 5682 3278 5729 eventuum
3326 5672 3419 5726 in-

1843 5775 2256 5847 suspicabilium
2296 5772 2599 5842 prudentia:
2630 5772 2900 5824 humana}.
2933 5766 3116 5832 Quare
3147 5764 3288 5819 istud
3324 5780 3426 5818 va-

1846 5871 2095 5926 ticinium
2126 5870 2263 5922 iram
2315 5864 2570 5920 Numinis
2604 5861 2764 5916 nobis
2792 5860 3196 5930 impendentem
3237 5857 3425 5911 inten-
