3848 6592
469 366 572 431 £19

1661 373 1993 434 GEORGII
2041 373 2525 432 PACHYMERE
3608 376 3688 433 5Ξο

462 486 557 535 καὶ
592 483 850 553 πράττειν
883 483 950 535 τὰ
981 486 1117 536 κατὰ
1154 484 1399 554 γνώμην,
1453 486 1591 553 πλὴν
1631 488 1725 539 καὶ
1759 486 1921 556 νόμος
1961 486 2048 539 δέ-
2078 488 2120 547 Α
2156 486 2349 553 ρᾶσθαι
2376 488 2600 554 σχίζειν,
2634 488 2725 538 καὶ
2777 488 2995 552 ἀμελεῖν
3026 486 3098 545 ὡς
3133 486 3207 556 μή
3243 502 3387 547 τινος
3442 486 3598 538 κικοῦ
3619 505 3689 554 γε-

462 575 630 634 δοται,
662 577 689 627 ὁ
721 574 816 640 μὲν
842 573 927 646 [Ρ.
959 574 1083 645 520]
1117 577 1362 641 φυσικὸς,
1388 579 1416 628 ὁ
1462 576 1517 629 δὲ
1546 578 1809 646 γραπτὺς,
1839 578 1934 631 καὶ
1963 578 2040 632 δι-

464 665 673 733 καστὴς
706 663 1048 734 προκάθηται
1075 663 1293 735 κρίνων,
1336 665 1403 718 ἵν’
1432 666 1458 718 ὃ
1505 667 1579 736 μὴ
1614 667 1705 736 ἀφ’
1733 667 1928 721 ἑαυτοῦ
1958 685 2041 732 τις

463 756 573 820 ἕξει
601 759 668 826 τῇ
708 756 1009 826 συνειδήσει
1046 756 1512 827 σωφρονιζόμενος
1534 760 1629 812 κοιλ⁸
1660 759 1734 822 ὡς
1758 760 2041 831 ἀναγκαίῳ

463 846 664 919 χαλινῷ
692 848 1117 918 καταγχόμενος,
1151 846 1310 900 τοῦτο
1347 849 1497 918 παρὰ
1534 851 1634 919 τῆς
1660 848 1857 915 ἔξωθεν
1886 850 2033 915 ἐξου-

466 939 585 1001 σίας
612 938 922 1001 παιδευθεὶς
969 940 1154 1009 μάθοι,
1195 941 1288 991 καὶ
1322 941 1350 993 ὁ
1386 941 1658 1009 μετελθὼν
1680 942 1740 994 τὸ
1784 942 2044 1012 πλημμέ-

462 1030 610 1101 λημα
644 1033 765 1095 ταῖς
792 1031 1071 1101 ἀληθείαις
1117 1033 1413 1103 εὐεργέτης
1444 1033 1586 1098 δόξοι
1631 1036 1728 1089 καὶ
1760 1038 2040 1108 τιμωρῶν.

477 1124 565 1177 Ἐν
597 1124 654 1177 δέ
680 1141 742 1191 γε
778 1124 853 1193 τῷ
909 1124 1039 1196 ίερῷ
1088 1124 1406 1197 Εὑαγγε).ίῳ
1440 1128 1533 1181 καὶ
1580 1129 1627 1180 οἱ
1674 1130 1732 1181 ὲν
1767 1130 1905 1192 ὁδοῖς
1948 1131 2043 1183 καὶ

466 1217 746 1279 πλατείαις
772 1218 866 1271 καὶ
918 1217 1119 1287 ῥύμαις
1158 1218 1399 1285 κείμενοι
1435 1220 1514 1282 είς
1547 1223 1672 1284 τοὺς
1708 1222 1918 1291 γάμους
1947 1222 2042 1276 τοῦ

465 1307 726 1377 βασιλέως
752 1308 1011 1361 εἰσελθεῖν
1036 1308 1457 1377 ἀναγκάζονται,
1489 1312 1564 1374 ὡς
1587 1312 1899 1380 ἀναγκαίως
1927 1314 2046 1367 ἑπι-

463 1402 715 1470 κείμενον
748 1400 808 1453 ὃν
835 1400 896 1455 τὸ
938 1402 1034 1469 τῆς
1070 1401 1336 1471 ἀνάγκης,
1378 1403 1425 1455 εί
1471 1402 1715 1469 βούλοιτό
1750 1421 1832 1468 τις
1872 1403 2043 1469 σώζε-

464 1493 609 1546 σθαι.
662 1493 727 1567 Ἰξί
770 1492 947 1547 τοίνυν
976 1493 1035 1545 τὸ
1070 1494 1197 1563 ὑμῖν
1235 1494 1417 1548 ἱκανὸν
1470 1496 1659 1549 δοκοῦν
1718 1498 1799 1558 είς
1828 1497 1889 1549 τὸ
1926 1497 2046 1567 σχί-

463 1560 777 1652 ζεσθαιξτί
826 1603 884 1639 τε
911 1585 940 1640 ὃ
986 1560 1265 1641 ἐκκλιτέον
1302 1589 1431 1658 ὑμῖν
1463 1588 1535 1650 ὡς
1572 1589 1647 1658 μὴ
1695 1590 1874 1652 καλῶς
1920 1560 2045 1661 ἑίον

463 1680 686 1750 ἥγηται,
717 1680 856 1733 ὥστε
910 1682 1004 1735 καὶ
1050 1681 1230 1744 ἄλλοις
1281 1682 1540 1752 παρέχειν
1592 1684 1911 1748 σκάνδαλον,
1948 1686 2045 1737 καὶ

463 1771 556 1824 τὸν
597 1771 695 1827 ἕνα
723 1773 817 1826 καὶ
862 1772 1118 1844 ἄσχιστον
1151 1773 1356 1845 χιτῶνα
1403 1774 1502 1845 τῆς
1543 1775 1867 1846 Ἐκκλησίας
1923 1793 2041 1829 πειο

465 1962 592 2008 tans
616 1962 674 2007 ut
695 1967 893 2008 vanum
919 1964 1013 2009 aut
1039 1954 1210 2024 gratis
1231 1953 1527 2009 confictum
1554 1957 1915 2024 aspcrnabar,
1945 1956 2039 2011 diu

465 2046 515 2101 ei
542 2045 698 2101 fidem
718 2046 989 2101 abnuens.
1009 2047 1215 2100 Tamen
1234 2047 1351 2101 viso
1372 2056 1559 2117 postea
1578 2062 1858 2109 successu.
1879 2063 2044 2117 argu-

463 2152 759 2208 mentoque
778 2138 1143 2208 irrefragabili
1166 2141 1458 2195 convictus
1486 2140 1738 2196 habitare
1756 2143 1807 2195 in
1833 2142 1931 2197 illo
1945 2142 2040 2198 Dei

446 2229 624 2302 ,473
691 2231 981 2299 Spiritum,
1045 2230 1205 2301 cujus
1256 2234 1450 2299 utique
1506 2232 1681 2288 solius
1747 2232 2039 2302 prepltetia

460 2324 674 2378 eventis
725 2333 933 2393 patrata
983 2323 1189 2379 donum
1248 2324 1659 2392 agnoscendum
1704 2332 1808 2391 est,
1857 2325 2042 2381 facere

465 2428 572 2466 non
626 2414 778 2483 potui
821 2414 954 2483 quin
993 2427 1217 2484 raperer
1256 2413 1564 2469 vehementi
1618 2416 1857 2484 quodam
1911 2431 2041 2483 erga

465 2509 626 2561 talem
682 2509 857 2562 virum
914 2508 1121 2573 studio,
1179 2509 1611 2579 prtejudieiaque
1664 2512 1719 2566 in
1767 2528 1892 2566 eum
1950 2512 2043 2566 illa

462 2600 639 2665 priora
670 2600 850 2654 excuti
878 2600 1007 2652 mihi
1032 2616 1104 2654 ex
1124 2602 1312 2655 animo
1336 2602 1593 2667 sinerem,
1619 2612 1884 2674 reputans
1918 2606 2041 2660 ideo

463 2692 595 2745 mihi
649 2691 809 2755 forte,
850 2692 1188 2761 indulgentia
1224 2692 1479 2749 Numinis
1518 2709 1694 2749 meam
1735 2698 2040 2752 crudientis

463 2783 814 2851 imperitiam,
870 2784 1108 2852 experiri
1168 2784 1298 2837 talia
1359 2801 1714 2851 concessum,
1781 2798 1839 2843 ιιι
1892 2791 2037 2859 quod

463 2872 725 2927 hactenus
768 2875 1120 2943 nequiveram
1164 2877 1548 2944 intelligerent,
1591 2877 1830 2934 immane
1867 2898 2043 2950 quan-

463 2978 576 3019 tum
620 2966 805 3020 cxrolli
864 2983 1027 3034 supra
1083 2968 1444 3037 cogitationes
1496 2968 1777 3023 hominum
1830 2972 2038 3040 judicia

460 3057 666 3123 divina,
709 3074 941 3129 quorum
988 3059 1061 3112 illi
1102 3075 1209 3114 non
1241 3075 1366 3113 raro
1400 3062 1675 3130 suffragiis
1707 3066 2038 3134 CVCIlUIIIUl‘,

2145 579 2372 647 νομένου
2400 596 2413 644 ;
2440 579 2500 631 El
2529 578 2572 632 δ’
2604 575 2714 640 οὖν,
2745 578 2861 631 ἀλλ’
2890 579 2997 631 ἰδοὺ
3030 577 3381 647 πατριάρχης
3417 578 3508 629 καὶ
3536 579 3687 650 ἱερὰρ-

2144 688 2261 739 χαι,
2286 669 2392 723 tam
2421 671 2620 740 κλῆρος
2642 671 2736 723 καὶ
2761 670 3063 741 σύγκλητος
3085 671 3181 724 καὶ
3204 671 3328 732 λαὸς
3355 671 3450 723 καὶ
3479 670 3690 740 μοναχῶν

2142 762 2193 814 οἱ
2226 762 2451 828 λογάδες
2474 776 2486 789 '
2518 764 2610 815 mi.
2641 764 2765 816 ὅσον
2789 764 2915 833 ὑμῖν
2941 764 3023 825 είς
3048 762 3351 828 ἀπολογίαν
3374 762 3689 831 παρίσταται,

2145 854 2357 916 εἴπατε,
2392 856 2486 908 καὶ
2536 856 2753 926 πρῶτον
2782 855 2891 909 τῶν
2918 854 3115 921 ἄλλων,
3159 853 3334 907 ὁποῖοι
3378 853 3471 907 καὶ
3502 854 3628 915 τίνες
3648 858 3692 907 ὲν

2149 943 2431 1014 ἱερὰρχαις
2475 946 2613 1016 πρὸς
2662 944 2757 1008 οὒς
2813 945 3104 1014 ἀναφέρειν
3147 944 3295 1013 ἔχετε
3349 944 3419 996 τὰ
3470 944 3689 1013 ὑμέτερα,

2145 1034 2285 1088 ὥστε
2344 1035 2549 1090 τούτων
2598 1036 3149 1105 ἀποϐουκοληθὲντων
3203 1034 3452 1095 ἐκείνους
3502 1035 3693 1098 δικαίως

2145 1124 2516 1193 ἐγκρίνεσθαι.
2548 1126 2682 1179 Οὐδὲ
2714 1127 2822 1192 γὰρ
2868 1128 2949 1189 είς
2990 1126 3295 1195 ἀπέραντον
3346 1125 3690 1194 σχισθήσετιθε,

2146 1215 2262 1269 οὐδὲ
2302 1216 2531 1280 δίκαιον,
2564 1218 2682 1271 οὑδέ
2708 1219 2759 1285 γ’
2807 1219 3000 1288 ἑτέραν
3026 1217 3354 1286 οἰκουμένην
3397 1217 3691 1286 ζητήσομεν,

2147 1306 2205 1371 ἐξ
2232 1302 2297 1377 ἦς
2323 1308 2636 1378 ὲνέγκωμεν
2670 1310 2929 1385 ίερᾴρχας
2969 1312 3094 1374 τοὺς
3121 1310 3219 1379 τῆς
3249 1310 3527 1379 ἡμετέρας
3558 1310 3693 1379 ἀρχῆ-

2147 1400 2238 1451 θεν
2279 1399 2608 1467 Ἐκκλησὶας
2661 1392 2737 1464 ὥς
2780 1401 2839 1454 τὸ
2888 1402 3035 1465 εἰκὸς
3094 1402 3554 1471 καταστήσοντας.
3596 1398 3693 1452 Οὐδ’

2147 1490 2370 1557 εὔλογον
2401 1492 2530 1561 περὶ
2562 1493 2670 1545 τῶν
2701 1493 2869 1546 ὄντων
2899 1494 3106 1564 ἐρωτᾷν
3130 1494 3256 1556 τοὺς
3292 1494 3370 1563 μὴ
3402 1494 3573 1555 ὂντας.
3600 1490 3692 1545 ἀλλ’

2147 1584 2309 1652 ἡμεῖς
2333 1584 2456 1636 καθ’
2482 1585 2678 1648 αὐτοὺς
2702 1587 2797 1648 τὰς
2822 1586 3082 1656 διαφορὰς
3108 1586 3503 1655 δοκιμάσομεν.
3534 1586 3691 1653 Ἡμεῖς

2148 1676 2442 1745 κρινοῦμεν
2485 1677 2579 1730 καὶ
2613 1679 2671 1729 ἐν
2709 1678 2865 1747 μέρει
2900 1677 3426 1749 ἀντικριθησόμεθα,
3471 1680 3555 1731 καὶ
3583 1678 3690 1746 μετὰ

2147 1766 2283 1820 Θεοῦ
2319 1768 2412 1820 καὶ
2462 1768 2570 1821 τῶν
2617 1769 2876 1839 Πατέρων
2904 1768 3193 1837 ζητοῦντες
3220 1770 3322 1822 οὐκ
3372 1766 3437 1822 ἂν
3469 1770 3691 1840 ἁμάρτοι-

2147 1949 2286 2004 fieri.
2351 1949 2483 2015 Qua:
2534 1964 2661 2005 cum
2714 1949 2787 2004 ita
2842 1949 2975 2015 sint,
3008 1966 3261 2019 quamam
3318 1952 3474 2008 vobis
3506 1953 3687 2007 demum

2147 2042 2342 2096 idonea
2385 2041 2715 2111 persistendi
2769 2043 2824 2095 in
2860 2043 3157 2097 schismate
3187 2058 3361 2099 causa
3416 2045 3543 2099 est?
3584 2045 3688 2114 quid

2145 2132 2399 2201 excipitis
2437 2132 2716 2188 declinare
2744 2149 2843 2189 nos
2867 2134 3068 2189 debere
3112 2136 3320 2190 malum
3356 2152 3387 2191 a
3439 2137 3579 2192 vobis
3621 2138 3689 2191 in-

2146 2224 2591 2291 convenieusque
2616 2212 2953 2291 judicatum,
2988 2240 3099 2295 quo
3133 2225 3279 2280 velut
3311 2235 3496 2279 amoto
3532 2238 3690 2283 vestra

2145 2314 2467 2368 offensionis
2527 2315 2791 2370 seandalo
2853 2317 2907 2371 in
2977 2332 3145 2371 unum
3201 2318 3484 2374 conciliati
3533 2334 3689 2375 omnes

2144 2402 2312 2477 474
2359 2407 2759 2462 occurramus?
2822 2422 2926 2464 cur
2990 2423 3155 2463 unam
3217 2418 3272 2465 et
3350 2409 3687 2465 inconsutilem

2151 2497 2407 2552 Ecclesia:
2467 2502 2711 2554 tunicam
2745 2501 3025 2555 conamini
3061 2502 3339 2569 scindere,
3371 2519 3540 2573 eoque
3575 2503 3689 2556 facto

2153 2607 2351 2646 secure
2406 2593 2636 2663 pergitis
2665 2593 2870 2657 vivere,
2900 2595 3057 2663 quasi
3088 2595 3241 2650 nullo
3270 2612 3375 2653 vos
3398 2597 3609 2652 crimine
3628 2594 3689 2650 sic

2145 2686 2358 2755 agendo
2398 2686 2667 2756 illigctis?
2697 2688 2791 2741 Sin
2841 2703 2941 2743 vos
2972 2690 3151 2743 adhuc
3199 2691 3305 2743 ista
3354 2705 3459 2744 non
3486 2680 3686 2754 movent,

2146 2793 2245 2847 age
2281 2778 2519 2845 proferte
2548 2794 2657 2848 quo
2691 2780 2969 2833 nitamini.
3020 2779 3100 2833 En
3149 2780 3465 2849 patriarcha
3509 2793 3559 2835 et
3595 2779 3687 2833 hie-

2147 2872 2384 2934 rarcliaa;
2455 2886 2520 2925 en
2593 2872 2777 2926 clerus
2864 2882 2918 2925 et
2969 2884 3195 2928 senatus
3268 2885 3322 2928 et
3379 2875 3594 2943 populus
3644 2882 3685 2928 et

2147 2962 2428 3019 lectissimi
2464 2964 2670 3033 quique
2727 2969 3118 3019 monachorum
3152 2984 3167 3021 :
3197 2981 3389 3021 coram
3431 2966 3511 3020 his
3550 2980 3686 3034 expo-

2150 3057 2261 3111 nite
2286 3058 2517 3126 quod‘ad
2539 3065 2776 3112 vestram
2818 3057 3201 3114 defensionem
3233 3060 3445 3115 utiliter:
3481 3059 3683 3127 allegan-

460 3150 553 3220 qui
611 3150 816 3204 nullum
871 3150 942 3205 ab
988 3150 1227 3205 humano
1282 3151 1470 3206 favore
1514 3167 1777 3221 punctum
1835 3156 2038 3212 ferunt.
2070 3175 2113 3234 ο
2152 3149 2278 3203 dum
2309 3148 2610 3204 confiditis.
2637 3150 2776 3202 Ante
2799 3159 2979 3204 autem
3007 3151 3214 3217 omnia,
3238 3168 3367 3206 cum
3399 3168 3443 3203 vi
3465 3168 3517 3205 ra
3538 3151 3685 3204 Eccle-

461 3240 618 3296 Unde
658 3241 804 3295 istud
840 3240 1017 3310 ipsum
1066 3241 1210 3310 quod
1262 3240 1317 3296 in
1350 3241 1453 3297 hoc
1510 3244 1753 3314 plerique
1808 3248 1925 3301 viro
1960 3250 2036 3304 uti

459 3333 649 3387 vitium
703 3334 987 3398 damnant,
1042 3333 1189 3387 laudi
1240 3334 1421 3404 potius
1462 3338 1848 3393 ascribendnm
1894 3342 2039 3409 iudi-

458 3427 600 3481 cavi.
656 3426 770 3479 Cur
826 3429 998 3491 enim,
1055 3427 1291 3492 aiebam,
1350 3429 1494 3484 hunc
1546 3431 1845 3500 vituperetn
1892 3438 2037 3503 quod

457 3535 684 3574 severus
710 3520 761 3572 in
798 3519 1115 3587 castigando
1148 3522 1241 3584 sit,
1271 3536 1397 3575 cum
1423 3520 1671 3586 Deus,de
1698 3525 1855 3594 cujus
1886 3527 2038 3581 beni-

400 3649 405 3654 -
458 3614 662 3677 gnitate
694 3611 947 3665 dubitare
1004 3628 1164 3666 nemo
1198 3623 1396 3682 potest,
1434 3616 1758 3685 plerumque
1792 3619 2041 3673 homines

455 3704 601 3772 jus-te
636 3705 863 3772 puniat?
911 3720 1017 3758 non
1058 3705 1242 3759 animo
1279 3707 1490 3761 scilicet
1543 3709 1690 3776 ipsos
1748 3710 2033 3778 perdendi,

458 3797 552 3849 sed
587 3796 884 3866 purgandi;
918 3798 1062 3867 quod
1100 3800 1347 3866 profecto
1382 3801 1760 3869 benignitatis,
1792 3803 2036 3874 ejusque

460 3902 567 3939 non
620 3888 878 3958 vulgaris,
929 3889 1164 3943 alliciunt
1225 3899 1330 3946 est.
1367 3892 1635 3957 Quoniam
1703 3904 1886 3948 autem
1946 3898 2032 3949 sui

459 3989 652 4048 puteus
678 3995 742 4034 ac
772 3980 930 4034 liberi
956 3996 1180 4051 compos
1216 3983 1427 4036 arbitrii
1450 3985 1707 4041 conditus
1735 3988 1897 4040 homo
1927 3997 2031 4052 est,

457 4075 762 4141 exspectari
801 4073 944 4128 aliud
975 4090 1078 4128 non
1113 4076 1274 4130 debet
1307 4092 1470 4146 quam
1497 4078 1866 4133 exerciturum
1904 4096 2031 4135 eum

456 4165 510 4216 in
548 4165 669 4218 vita:
721 4175 844 4219 actu
882 4182 1037 4219 suam
1092 4166 1245 4221 istam
1294 4168 1602 4233 expeditam
1657 4172 1713 4224 in
1759 4175 2030 4227 utrumvis

456 4254 691 4324 eligendi
741 4255 1076 4322 facultatem,
1110 4268 1162 4311 et
1194 4268 1351 4325 prout
1397 4258 1728 4327 iudicaverit
1779 4275 2036 4327 operatu-

456 4362 605 4404 rum.
650 4347 885 4403 Tantum
934 4351 987 4405 ei
1023 4352 1307 4421 dirigendo
1346 4353 1429 4407 lex
1486 4356 1801 4424 apponitur,
1833 4361 2029 4426 partim

458 4442 727 4496 naturalis
766 4444 961 4511 partim
991 4444 1223 4512 scripta,
1285 4444 1603 4516 arbiterque
1647 4447 1903 4516 praesidet
1937 4450 2032 4518 ju-

2114 3242 2230 3297 ‘sia
2263 3256 2465 3311 corpus
2515 3242 2636 3296 sine
2684 3243 2864 3310 capite
2897 3258 3021 3297 esse
3069 3259 3176 3297 non
3228 3244 3424 3311 possit,
3457 3241 3683 3298 ostendite

2144 3333 2349 3401 quibus
2381 3341 2435 3386 et
2477 3333 2735 3401 qualibus
2779 3334 3082 3388 hieran-his
3120 3345 3362 3388 vestram
3406 3336 3537 3389 hanc
3564 3339 3683 3385 recte

2146 3426 2400 3495 subjungi
2433 3425 2910 3494 congregationem
2946 3429 3268 3483 autumetis.
3306 3426 3417 3482 Sed
3455 3428 3613 3481 videte
3639 3432 3681 3476 ιιι

2145 3519 2286 3573 tales
2344 3518 2762 3580 demonstretis,
2817 3518 3074 3588 qualibus
3129 3520 3286 3589 plena
3351 3514 3683 3588 exploratione

2144 3612 2381 3681 cognitis
2433 3611 2577 3665 haud
2629 3612 2794 3666 dubie
2842 3613 3168 3675 debeamus,
3221 3615 3553 3681 repudianda
3602 3626 3681 3663 no-

2142 3714 2288 3760 stros
2341 3714 2400 3758 ut
2457 3706 2639 3759 minus
2679 3705 2929 3768 idoneos,
2973 3706 3257 3760 accedere.
3292 3704 3413 3771 Eia,
3474 3706 3677 3774 inquam,

2136 3799 2478 3866 reperiamus
2540 3799 2778 3868 aliquem
2832 3800 3037 3852 exitum
3102 3799 3297 3852 infiniti
3368 3802 3480 3869 jam
3541 3808 3676 3864 prope

2142 3892 2369 3960 negotii.
2425 3890 2695 3946 Nullusne
2751 3892 3019 3946 terminus
3063 3892 3381 3961 jurgiorum
3429 3891 3532 3945 sit?
3575 3900 3676 3941 nunt

2142 3994 2356 4045 a'quum
2418 3979 2765 4033 arbitramini
2813 3990 3021 4034 :Btcrno
3064 3995 3163 4034 vos
3217 3979 3677 4035 irrevocabilitera

2142 4072 2346 4125 mundo
2381 4072 2636 4125 universo
2676 4071 2901 4143 abjungi
2936 4071 3210 4128 discidio?
3236 4072 3322 4127 An
3359 4074 3518 4127 alium
3563 4083 3679 4141 quaa-

2139 4177 2322 4215 remus
2345 4171 2616 4215 terrarum
2643 4163 2856 4224 orbem,
2885 4162 3030 4218 unde
3063 4163 3384 4218 bierarchas
3418 4162 3562 4216 vobis
3591 4173 3677 4211 non

2139 4252 2503 4308 fastidiendos
2546 4253 2907 4318 adducamus,
2961 4254 3055 4322 qui
3112 4263 3361 4308 nostram
3422 4249 3678 4321 aliquando

2143 4345 2442 4401 Ecclesium
2503 4362 2606 4399 non
2658 4346 2769 4413 jam
2824 4347 3068 4414 amplius
3116 4345 3295 4402 dubia:
3349 4343 3679 4401 ordinationis

2140 4438 2481 4507 presbylcris
2513 4437 2792 4491 instruant
2840 4451 2905 4490 ac
2936 4448 3084 4491 certa
3113 4452 3236 4491 cum
3268 4439 3560 4493 orthodoxa
3605 4448 3677 4486 ve-

456 4533 649 4588 dicans
718 4544 796 4596 ιη,
846 4534 892 4589 si
959 4535 1047 4590 cui
1098 4552 1125 4588 ῃ
1188 4534 1377 4589 fraude
1427 4538 1733 4592 coercendo
1789 4529 2245 4613 ῃίιιυι-αιοῡῑιξΐί
2309 4528 2719 4583 continuatione
2779 4529 3151 4584 conuectant?
3214 4531 3408 4586 Utrum
3473 4525 3677 4584 censetis

458 4625 689 4695 singulis
756 4625 989 4681 inditum
1056 4631 1294 4697 propria:
1340 4627 1613 4699 cujusque
1660 4632 2037 4695 conscientiae.

456 4716 677 4771 vitanda
712 4706 1107 4790 sequendaque
1141 4720 1548 4789 distinguentis.
1583 4723 1727 4777 haud
1761 4724 2039 4780 suffecerit

458 4807 710 4875 fraznum,
767 4810 928 4880 hujus
979 4811 1256 4866 defectum
1305 4822 1548 4868 externae
1589 4819 1879 4885 potestatis
1914 4836 2036 4873 cor-

458 4902 635 4970 reptio
670 4906 941 4972 suppleat,
989 4903 1277 4973 discatque
1331 4920 1562 4959 censura
1610 4908 1847 4961 docente
1887 4896 2043 4978 quod

457 4992 787 5047 admonente
834 4993 1030 5049 intimo
1078 5005 1286 5050 naturae
1314 4995 1522 5064 judicio
1575 4997 1730 5054 visus
1794 5008 1877 5055 est
1923 5017 2031 5056 non

456 5082 793 5139 intellexisse
837 5086 928 5155 qui
972 5087 1248 5155 peccavit;
1283 5103 1345 5141 ex
1384 5104 1489 5156 quo
1526 5088 1761 5143 infertur
1799 5093 2037 5159 Castiga-

459 5183 631 5229 torem
664 5176 846 5230 delicti
887 5192 1071 5230 revera
1124 5179 1493 5235 benefactnris
1550 5181 1670 5235 loco
1701 5183 2032 5257 docendum,

455 5269 618 5322 etiam
663 5284 787 5323 eum
827 5269 1000 5328 saevit,
1034 5270 1101 5322 ab
1134 5286 1197 5325 eo
1248 5287 1407 5340 quem
1444 5276 1739 5337 lucretﬂcm
1783 5278 2029 5345 corripit.

454 5363 589 5419 Nam
624 5378 749 5417 esse
803 5362 1113 5418 hominibus
1150 5367 1445 5432 expetibile
1479 5368 1523 5421 vi
1559 5368 1803 5423 adhibita
1850 5371 2029 5437 juvari

457 5456 799 5509 detnOnstrat
826 5470 1044 5510 sacrum
1082 5456 1457 5526 Evangelium,
1495 5460 1585 5513 ubi
1619 5459 1787 5514 refert
1815 5461 2030 5515 turbam

459 5553 512 5602 in
545 5549 646 5602 viis
687 5548 881 5617 plateis
931 5548 1178 5618 vicisque
1211 5553 1383 5605 otiose
1432 5552 1769 5606 desidentem
1801 5567 1911 5605 nou
1945 5554 2033 5606 in-

455 5643 767 5695 humaniter
798 5644 887 5695 sed
921 5641 1161 5696 benefice
1188 5644 1527 5712 compulsam
1562 5644 1768 5698 intrare
1794 5644 1858 5696 ad
1888 5648 2031 5714 regis

457 5735 709 5803 nuptias;
769 5744 825 5787 ut
883 5734 987 5788 sibi
1042 5737 1416 5791 necessarium
1477 5750 1670 5790 omnes
1728 5734 2032 5804 intelligant

459 5827 719 5882 auxilium
771 5828 1002 5881 admota:
1049 5827 1413 5893 necessitatis,
1454 5827 1497 5881 si
1537 5828 1624 5896 qui
1660 5826 1796 5881 salvi
1841 5827 2030 5882 velunt

2145 4622 2541 4674 controversiis
2597 4622 2852 4676 finiendis
2908 4623 3283 4687 conducibile,
3342 4639 3500 4691 super
3548 4629 3671 4675 statu

2143 4710 2437 4763 viventium
2478 4712 2797 4765 consultare
2836 4727 2962 4765 cum
3022 4714 3368 4787 mortuis,.et
3418 4710 3674 4780 exquirere

2140 4806 2209 4855 ab
2248 4803 2316 4857 iis
2351 4803 2443 4872 qui
2478 4816 2585 4855 non
2623 4812 2773 4867 sunt,
2814 4804 2943 4873 quid
2968 4805 3206 4874 iudicari
3243 4806 3310 4860 de
3347 4802 3671 4875 praisentibus

2139 4895 2372 4950 debeat?
2418 4896 2551 4965 quin
2608 4910 2709 4950 nos
2754 4896 2857 4966 ipsi
2900 4900 3083 4967 potius
3119 4898 3425 4954 decidimus
3461 4899 3572 4951 lites
3596 4906 3675 4944 ιιο·

2142 5000 2310 5051 stras,
2350 5000 2404 5043 et
2443 4968 2790 5055 proferendis
2826 4992 3106 5060 utrimque
3143 4992 3378 5047 invicem
3419 5000 3669 5045 causarum

2140 5083 2493 5136 adversarum
2513 5081 2731 5150 juribus
2750 5082 3066 5151 jttdicatiitts
3090 5085 3334 5139 vicissim
3362 5084 3673 5153 iudicamur-

2138 5192 2265 5243 que,
2296 5175 2373 5228 sic
2407 5174 2664 5227 (utillictu
2700 5186 3149 5244 argumentorum
3181 5176 3518 5255 extundenda
3548 5170 3668 5226 veri-

2139 5279 2268 5337 tate,
2312 5285 2416 5341 qua
2471 5286 2593 5324 mox
2639 5273 2754 5325 visa
2818 5275 3231 5329 consentientes
3272 5276 3667 5344 acquiescamus.

2138 5365 2325 5418 Auden
2356 5365 2630 5434 polliceri,
2675 5365 2871 5417 ftdeeia
2907 5382 3014 5419 non
3045 5367 3286 5421 defuturi
3340 5368 3501 5423 divini
3531 5361 3664 5417 auxi-

2138 5457 2192 5510 lii
2219 5475 2231 5511 :
2268 5458 2312 5511 si
2345 5459 2432 5512 Dei
2454 5457 2645 5519 ductu,
2666 5458 2885 5511 Patrum
2913 5463 3335 5516 auctoritatibus
3359 5471 3410 5517 et
3431 5454 3665 5525 exemplis

2137 5550 2479 5617 inquiremus
2512 5552 2646 5621 quid
2680 5567 2816 5620 opus
2851 5550 2995 5606 facto
3046 5554 3137 5617 sit,
3174 5571 3281 5609 non
3322 5551 3660 5609 aberrabimus

2137 5660 2162 5694 a
2196 5658 2383 5713 scirpo,
2414 5659 2515 5697 nec
2540 5645 2631 5699 diu
2665 5644 2843 5699 aberit
2874 5646 3006 5715 quin
3040 5650 3428 5703 conveniamus
3457 5650 3503 5701 iit
3533 5659 3661 5697 com-

2134 5737 2375 5791 muniter
2413 5736 2711 5790 salutarem
2748 5748 2799 5791 et
2833 5739 3180 5792 commodam
3216 5741 3449 5811 utrisque
3480 5746 3663 5792 senten-

2138 5829 2287 5882 tiam.
2348 5827 2471 5883 llaec
2506 5846 2569 5884 ex
2618 5845 2741 5884 meo
2794 5846 2955 5884 sensu
3016 5848 3137 5901 qua:
3177 5837 3457 5902 profiterer
3506 5826 3659 5883 habui.
