3848 6604
448 484 568 549 ὶὲθ

1647 489 1975 554 GEORGII
1997 496 2041 556 P

2146 497 2490 560 HYMEBIE
3580 515 3664 581 εει

454 608 595 697 περι
753 603 1194 676 πατριαρχοῦντα
1227 604 1550 674 ἑξουθενείν,
1573 607 1900 677 χρωμένους
1922 611 2034 672 τοῖς
2067 619 2108 676 Α
2142 611 2334 677 σιλέως
2371 613 2436 668 ἂν
2469 616 2555 687 εἴη
2597 615 2792 687 κριτὴς
2821 615 3139 691 ἀξιώτερος.
3174 619 3262 690 ἐφ’
3284 614 3343 676 οὗ
3370 622 3459 677 καὶ
3515 628 3679 697 ἀμφοῖν

453 696 639 751 αὐτῶν
685 696 967 768 λήμμασιν
1015 697 1098 752 ὅτι
1148 715 1209 751 τε
1252 697 1320 753 τὰ
1373 698 1514 752 κατά
1559 699 1650 752 τὸν
1690 699 2039 771 πατριάρχην

470 792 752 861 Ἀρσένιον
808 794 990 861 σφίσιν
1024 793 1210 856 αὐτοῖς
1261 792 1702 864 παραϐέϐασται,
1739 795 1837 847 καὶ
1882 793 1965 846 ὅτι
2005 795 2038 865 ἡ

471 882 771 949 Ἐκκλησία
806 884 972 952 ἄγους
1016 886 1281 956 αἱρέσεως
1314 886 1711 954 κεκοινώκηκε.
1761 884 2038 938 Τοιούτων

455 976 631 1030 ὄντων
660 977 768 1031 τῶν
814 979 1068 1050 φανερῶν
1114 978 1444 1047 λημμάτων,
1485 978 1684 1040 αὐτοὺς
1717 978 1947 1046 ἐπάγειν
1982 977 2044 1031 τὸ

463 1071 766 1137 ἀναγκαῖον
821 1070 1160 1142 σύμμετρον.
1191 1072 1265 1125 Τὸ
1308 1072 1353 1125 δ’
1382 1068 1451 1141 ἦν
1497 1071 1573 1142 μὴ
1624 1070 2043 1144 καθῃρημένους

461 1163 691 1217 ἐκείνων
717 1163 915 1225 τελέως
944 1164 1074 1234 παρ’
1094 1158 1170 1218 ὧν
1199 1159 1267 1234 ἦν
1293 1163 1470 1228 ἄξιον,
1494 1163 1604 1216 τῶν
1636 1162 1875 1218 ἀθίκτων
1903 1162 2045 1226 τέως

462 1253 724 1310 τοιούτων
763 1257 1068 1327 μεινάντων
1096 1257 1176 1320 είς
1203 1255 1377 1320 τέλος,
1413 1256 1537 1328 μηδ’
1566 1255 1817 1322 ίερᾶσθαι
1855 1244 2041 1320 ἀξίους

455 1347 623 1416 εἶναι,
666 1351 761 1405 καὶ
798 1349 953 1403 ταῦτ’
991 1348 1085 1401 ἐπὶ
1131 1348 1346 1413 πολλοῖς
1388 1349 1483 1402 καὶ
1514 1348 1712 1411 αὐτοὺς
1753 1346 2041 1418 παραϐάν-

459 1462 587 1510 τας,
615 1447 690 1509 ὡς
724 1445 820 1498 καλ⁵
868 1441 1043 1496 πολλὰ
1072 1440 1167 1494 καὶ
1217 1440 1369 1510 παρὰ
1401 1439 1461 1493 τὸ
1503 1440 1649 1503 είκὸς
1695 1439 2039 1510 πράξαντας,

459 1539 787 1601 ⁴διανονιιιοὺς
834 1535 1069 1607 θεσμοὺς
1101 1532 1471 1605 ὑπερϐάντας,
1509 1534 1604 1586 καὶ
1637 1533 1807 1604 κακίᾳ
1838 1532 2042 1602 μᾶλλον

461 1634 559 1688 καὶ
583 1631 796 1703 ἀμαθίᾳ
835 1631 869 1702 ἢ
909 1629 1100 1701 ἀγάπῃ
1130 1631 1223 1683 καὶ
1253 1627 1525 1698 ἀσφαλείᾳ
1554 1627 2038 1698 ἐνειργασμένους.

458 1726 697 1793 ’Ἔλεγον
739 1723 795 1777 δὲ
824 1724 899 1787 ὡς
947 1721 1057 1776 οὐδ’
1088 1719 1277 1792 ἐριστὰ
1325 1720 1478 1788 σφίσι
1532 1716 1668 1786 πρὸς
1700 1715 1927 1787 βασιλέα
1978 1714 2042 1769 τὸ

455 1821 711 1891 σύμπαν,
730 1817 1005 1887 δεσπότην
1030 1832 1094 1884 γε
1118 1813 1270 1880 ὄντα,
1293 1810 1723 1882 φυλαττομένοις
1750 1807 1846 1862 καὶ
1869 1806 2044 1871 ἄλλως

452 1912 830 1984 προσκρούειν
856 1909 935 1981 τῷ
968 1909 1182 1980 κράτει,
1216 1906 1346 1978 παρ’
1379 1906 1446 1976 ἣν
1495 1903 1675 1958 αἰτίαν
1720 1899 1820 1955 καὶ
1857 1899 1916 1953 τὸ
1948 1899 2043 1969 ήτο

2157 702 2433 775 μάρτυρος
2459 704 2720 776 λαλητέον
2750 707 2845 760 καὶ
2870 707 3013 762 κατὰ
3050 708 3177 777 τοὺς
3217 710 3491 780 κειμένους
3515 716 3677 785 νόμους

2153 794 2252 857 τὰς
2281 795 2727 869 ἀμφισϐητήσεις
2772 797 3078 863 διαλυτέον,
3120 799 3286 855 αὐτοῦ
3313 818 3374 870 γε
3417 804 3541 859 Θεοῦ
3579 808 3680 876 ἔφο-

2156 886 2361 956 ριῖιντος
2391 890 2486 943 καὶ
2522 890 2633 948 τῶν
2679 890 2849 945 αὑτοῦ
2890 890 3269 961 βραϐευόντων
3301 894 3493 960 νόμων.
3523 898 3676 955 Ταῦτα

2149 980 2264 1041 τοῖς
2292 982 2547 1050 μοναχοῖς
2598 980 2850 1048 λέγουσιν
2886 981 3138 1054 ὑποσπᾷν
3175 984 3372 1048 σκοπὸς
3408 981 3492 1054 ἦν,
3530 988 3587 1059 ῆν
3613 1007 3681 1055 τις

2151 1069 2344 1126 ἀκούοι
2372 1070 2666 1141 λεγόντων,
2700 1075 2771 1129 τὰ
2793 1076 2894 1146 τῆς
2919 1074 3327 1147 θρυλλουμένης
3354 1079 3577 1149 ἀρχῆθεν
3602 1099 3680 1134 κα-

2151 1163 2465 1228 ταστάσεως
2493 1163 2756 1234 θέμεθλα.
2802 1167 2967 1223 Ἀλλὰ
2994 1167 3159 1239 κενὴν
3188 1168 3499 1239 ὲψὰλαττοντ
3527 1173 3679 1227 τδτοῦ

2143 1254 2328 1324 λόγου,
2346 1257 2454 1310 “ttat
2475 1258 2626 1312 οὐδὲν
2650 1258 2868 1331 ήνυτον.
2891 1258 2990 1313 Διὰ
3019 1261 3191 1314 ταῦτα
3212 1262 3308 1314 καὶ
3337 1260 3489 1331 θροῦς
3519 1264 3576 1315 ὲκ
3593 1264 3681 1319 τῶν

2146 1348 2383 1405 κατόπιν
2396 1350 2722 1420 καθημένων
2734 1354 2834 1421 ἦγε
2844 1352 3010 1424 ίρετο.
3037 1351 3099 1405 Οἳ
3114 1353 3178 1423 δὴ
3203 1352 3298 1406 καὶ
3308 1353 3543 1418 ἀτάκτως
3559 1371 3683 1409 συνι-

2145 1440 2451 1510 παρθέντες
2478 1443 2557 1512 τῷ
2613 1442 2825 1515 θρύλλῳ
2856 1444 3005 1513 βοαῖς
3047 1444 3337 1515 ἀντήχουν,
3366 1447 3454 1499 καὶ
3482 1445 3557 1517 [ll
3579 1445 3680 1519 532]

2147 1535 2424 1608 βλάσφημ’
2447 1538 2585 1593 ἄττα
2606 1539 2749 1594 κατὰ
2770 1540 2864 1593 τοῦ
2890 1541 3362 1612 πατριαρχοῦντος
3378 1542 3468 1605 (ὥς
3497 1558 3554 1609 γε
3576 1543 3682 1611 ἄδη-

2144 1627 2236 1681 λον
2279 1622 2422 1683 εῖναι
2476 1630 2537 1683 ὲν
2569 1630 2713 1698 τόσῳ
2744 1629 2942 1698 πλήθει
2973 1632 3072 1685 καὶ
3113 1631 3342 1701 ταράχῳ
3368 1632 3456 1683 τὸν
3500 1632 3561 1685 τὰ
3584 1633 3683 1685 τολ-

2149 1719 2302 1791 μηρὰ
2330 1719 2588 1790 λέγοντα)
2639 1721 2838 1792 ἀνέδην
2876 1721 3238 1801 μὲξέῤῥηττον,
3272 1724 3484 1794 εύχίτην
3510 1724 3683 1776 ἀποκα-

2146 1813 2368 1877 λοῦντες
2395 1817 2494 1868 καὶ
2523 1814 2729 1870 τούτων
2764 1815 2845 1871 ἔτι
2870 1816 3170 1888 δεινότερα.
3195 1817 3456 1881 Βασιλεὺς
3482 1816 3523 1869 δ’
3550 1819 3683 1870 exoti-

2150 1920 2269 1970 σας,
2306 1905 2404 1960 καὶ
2432 1906 2510 1967 ὡς
2554 1906 2704 1970 είκδς
2729 1907 2822 1961 ἐπὶ
2852 1911 2919 1977 τῇ
2955 1909 3086 1979 τόσῃ
3121 1908 3421 1979 θρασύτητι
3462 1911 3682 1980 διαταρα-

452 2007 664 2065 τᾶσθαι
689 1998 1123 2076 ξυμϐαίνοινκᾶν
1149 2000 1219 2054 τὰ
1244 1996 1593 2070 ἐννομώτατα
1614 1994 1847 2061 λέγοιεν.
1878 1990 2041 2046 Ἀλλὰ
2074 1984 2118 2040 Β
2147 1993 2317 2064 χθεὶς,
2351 1996 2593 2059 ἐκείνους
2625 1997 2724 2067 μὲν
2753 1998 2944 2070 ἑξελᾷν
2973 1999 3172 2052 αὐτίκα
3210 2000 3551 2070 προστάττει,
3589 2000 3681 2060 τοῖς

452 2101 661 2173 κκριτοῦ
715 2098 784 2153 αὖ
815 2099 898 2153 δεῖ
946 2097 1062 2158 τοῖς
1118 2092 1459 2163 λεγομένοις,
1517 2087 1730 2160 κριτοῦ.
1772 2085 1860 2148 Ὦς
1908 2080 2040 2153 γοῦν

450 2193 523 2246 ’τὸ
551 2188 901 2245 δικαιότατον
928 2185 1136 2255 λέγειν,
1171 2183 1346 2246 οὐδεὶς
1377 2181 1537 2245 ἄλλος
1561 2178 1697 2250 πρὸς
1731 2175 1908 2232 ταῦτα
1939 2173 2038 2245 βα-

434 2373 761 2429 νεινῑιιιὶηυιιι
808 2367 997 2426 subire
1046 2366 1171 2422 illos
1210 2373 1483 2435 oportere
1529 2360 1743 2432 piacula
1792 2356 2040 2413 eluendae

341 2474 345 2479 '
450 2478 625 2519 mortar
666 2462 842 2531 paria,
875 2473 997 2530 quae
1036 2457 1141 2545 ἰθειὶ
1188 2454 1635 2527 praeseriherent.
1670 2451 1730 2505 In
1772 2446 2037 2545 bis-illud

460 2561 523 2612 in
557 2556 749 2626 primis
798 2539 1175 2608 necessarium
1220 2563 1344 2603 esse
1382 2564 1397 2601 :
1435 2552 1493 2600 ut
1526 2559 1718 2600 omnes
1746 2542 1838 2612 qui
1879 2539 2041 2596 hodie

456 2664 624 2705 sacra
661 2652 967 2702 tractarent
1002 2643 1060 2697 in
1102 2643 1184 2697 sic
1218 2640 1499 2710 profanata
1528 2636 1800 2698 Ecclesia,
1832 2634 2041 2704 redige-

452 2753 660 2799 rentur
701 2743 756 2796 in
806 2740 1074 2795 laicorum
1124 2735 1400 2798 ordinem,
1454 2733 1513 2786 in
1566 2746 1636 2787 eo
1686 2726 2039 2798 relinquendi

450 2850 640 2907 arsque
667 2834 723 2888 in
749 2833 937 2895 finem,
963 2830 1088 2886 sine
1127 2841 1225 2897 spe
1246 2839 1561 2895 regressus,
1609 2832 1665 2876 et
1697 2820 1821 2876 novi
1849 2834 2039 2875 sacer-

450 2932 620 2985 dOtes
661 2925 825 2999 477
879 2922 1273 2978 ordinarentur
1299 2918 1370 2973 ab
1415 2917 1604 2986 aliquo
1643 2930 1708 2969 ex
1761 2909 2040 2983 episcopis
2091 2908 2105 2921 ‘

452 3022 736 3076 ‘tiactenus
778 3016 1001 3072 intactis
1040 3015 1129 3069 lue
1156 3026 1278 3082 qua:
1310 3011 1366 3065 in
1403 3023 1595 3065 omnes
1624 3006 1869 3077 reliquos
1911 3019 2040 3076 pro-

453 3123 665 3186 pagata
702 3117 854 3167 esset
883 3105 1217 3177 contagione
1260 3118 1371 3158 non
1399 3104 1571 3157 vitata
1625 3099 1950 3154 Latinorum
1984 3097 2039 3151 in

466 3210 549 3262 sic
580 3214 846 3274 corrupta
866 3200 1112 3257 Ecclesia
1139 3197 1234 3268 qui
1273 3195 1425 3265 fungi
1467 3195 1645 3249 sacris
1674 3197 2040 3255 attentarent,

449 3299 778 3357 sacerdotio
812 3297 891 3351 .in
939 3308 1103 3350 omne
1157 3301 1375 3360 tempus
1415 3288 1676 3356 indignos
1732 3284 2036 3350 habendos,

452 3392 771 3463 ptzesertitn
790 3386 1201 3444 cumaliorum
1239 3389 1501 3454 praeterea
1533 3379 1776 3451 plurium
1810 3377 1889 3432 rei
1926 3374 2040 3430 sint

448 3485 784 3547 criminum,
812 3488 1000 3551 utpote
1031 3477 1201 3533 multa
1237 3474 1418 3543 egisse
1440 3483 1632 3528 contra
1665 3470 1747 3525 fas
1772 3466 2039 3549 comperti

444 3587 520 3632 «ξι
565 3577 862 3630 canonicas
919 3569 1126 3642 passim
1180 3565 1515 3638 transgressi
1568 3561 2037 3634 praescriptiones,

465 3666 674 3723 malitia
722 3667 908 3735 potius
936 3672 991 3718 et
1022 3659 1299 3732 imperitia
1332 3674 1493 3715 ruere
1528 3657 1583 3711 in
1626 3656 1837 3727 agendo
1869 3666 2036 3724 quam

461 3761 727 3815 instinctu
762 3757 1032 3812 ordinatae
1060 3752 1354 3811 charitatis
1390 3765 1585 3806 secure
1612 3748 1827 3818 operari
1863 3744 2037 3804 soliti.

455 3852 845 3909 Subtexebant
899 3851 985 3904 his
1030 3857 1151 3902 tam
1191 3845 1426 3902 .acerbis
1477 3843 1660 3913 aliqua
1724 3840 2036 3902 blandiora,

458 3945 779 4003 deliniendo
818 3943 1048 4014 Augusti
1087 3940 1296 4001 animo.
1345 3939 1434 3993 cui
1466 3952 1631 4008 quam
1673 3937 1888 4004 ingrata
1917 3947 2040 4003 quae

451 4039 837 4110 loquebantur
859 4036 1196 4100 acciderent,
1215 4031 1377 4088 facile
1400 4030 1732 4086 sentiebant.
1760 4026 2043 4097 Adjunxe-

447 4140 590 4185 cunt
627 4142 758 4198 ergo
809 4141 1158 4197 nequaquam
1197 4123 1405 4194 jurgari
1451 4136 1511 4177 se
1538 4134 1663 4174 cum
1709 4118 2042 4189 imperatore

454 4223 622 4277 melle.
654 4220 811 4275 Absit
841 4220 945 4274 hoc
981 4217 1228 4287 quidem.
1262 4216 1578 4286 Agnoscere
1604 4226 1665 4267 se
1688 4211 1846 4265 illum
1874 4225 2040 4266 vene-

420 4316 686 4386 'rarique
732 4321 794 4368 ut
842 4312 1173 4368 dominum:
1204 4322 1514 4379 cavereque
1558 4305 1879 4376 diligenter,
1914 4320 2039 4361 cum

453 4423 526 4463 eo
556 4409 609 4460 iu
658 4422 772 4477 quo
818 4403 1062 4461 resideat
1109 4409 1354 4472 potestas
1405 4412 1643 4464 summa,
1678 4413 1800 4455 sese
1834 4406 2042 4453 temere

446 4500 746 4562 collidere,
780 4497 973 4567 utique
1004 4495 1321 4550 necessario
1346 4492 1637 4548 inferiores
1662 4504 1981 4547 recessuros
2009 4505 2041 4544 e

448 4591 916 4656 certaminetali,
951 4587 1306 4660 quantumvis
1335 4600 1491 4656 πέψω
1542 4585 1865 4656 legibusque
1907 4598 2043 4639 con-

2143 2086 2202 2140 δὲ
2240 2087 2773 2157 πρωταγωνιστοῦσι
2830 2092 2927 2143 καὶ
2972 2091 3095 2146 λίαν
3138 2092 3328 2162 ἐπεῖχε
3373 2093 3464 2145 καὶ
3490 2089 3683 2162 ὲξωργί·

2146 2177 2291 2245 ζετο,
2326 2180 2385 2233 ὲν
2413 2179 2572 2250 δεινῷ
2599 2180 2923 2254 ποιούμενος
2939 2183 3005 2237 οεί
3052 2183 3214 2250 αὐτὸς
3248 2184 3350 2255 μὲν
3386 2186 3478 2241 καὶ
3507 2182 3683 2255 βασιλι-

2144 2364 2412 2423 delinitus
2432 2366 2810 2437 acquiesceret
2843 2369 3067 2436 auditis,
3105 2371 3415 2427 obtinuisse
3447 2370 3542 2439 ipsi
3570 2365 3687 2422 vide-
3736 2342 3743 2347 ’

2144 2469 2337 2514 rentur
2385 2459 2537 2530 quod
2591 2462 2872 2531 petebant,
2919 2470 2974 2517 et
3023 2464 3128 2519 hoc
3175 2464 3300 2534 ipso
3339 2464 3471 2519 satis
3498 2462 3686 2517 demon-

2116 2564 2119 2569 '
2144 2558 2353 2605 strasse
2378 2565 2489 2606 non
2521 2550 2840 2607 continuari
2872 2552 3132 2609 Ecclesiae
3152 2554 3394 2625 antiqua
3429 2568 3546 2609 vera
3572 2550 3689 2607 serie

2145 2642 2521 2700 successionis
2560 2643 2930 2699 hierarchiam
2980 2654 3335 2715 praesentem,
3395 2658 3449 2703 et
3488 2647 3562 2702 sic
3582 2645 3686 2699 fun-

2146 2736 2404 2791 damenta
2463 2737 2754 2807 praesentis
2804 2738 3188 2808 episcOporum
3250 2753 3322 2794 ac
3379 2741 3687 2795 sacerdotum

2146 2842 2345 2899 status,
2396 2833 2756 2902 quantumvis
2807 2834 3074 2889 hactenus
3104 2834 3313 2891 credita
3360 2843 3414 2890 et
3435 2834 3688 2904 praedicata

2143 2924 2342 2989 solida,
2382 2924 2725 2993 deprehensa
2773 2940 2923 2981 nunc
2962 2940 3028 2980 ac
3070 2935 3365 2995 perspecta
3396 2939 3515 2981 esse
3548 2923 3691 2978 insta-

2146 3017 2276 3072 bilia
2301 3018 2658 3087 ruinosaque,
2688 3018 2839 3072 velut
2861 3020 2914 3072 in
2947 3032 3117 3073 arena
3136 3018 3330 3073 mobili
3364 3019 3550 3072 locata.
3578 3012 3690 3076 Sed,

2144 3112 2289 3181 quod
2346 3110 2671 3179 plerumque
2731 3108 2897 3164 caecis
2956 3110 3233 3175 usuvenit,
3308 3108 3510 3180 vulgari
3569 3107 3693 3163 dicto

2144 3200 2508 3263 celebratum,
2555 3197 2705 3253 haud
2735 3198 2879 3265 istis,
2913 3213 3079 3269 quam
3111 3214 3227 3254 rem
3255 3198 3528 3271 palpando
3555 3213 3692 3269 pren-

2148 3292 2362 3354 satiant,
2388 3292 2633 3358 arripere
2672 3302 2737 3342 ac
2766 3296 2952 3343 tenere
2983 3289 3234 3358 contigit.
3271 3289 3447 3357 Nihil,
3478 3290 3690 3359 inquam,

2145 3398 2206 3439 se
2239 3382 2524 3452 prolicere,
2570 3381 2826 3449 Augusto
2863 3390 2919 3436 et
2961 3383 3300 3451 praesidibus
3333 3392 3510 3440 coetus
3545 3382 3693 3437 recla-

2140 3475 2451 3541 mantibus,
2519 3473 2688 3546 478
2754 3474 3173 3530 intellexerunt.
3234 3476 3425 3541 Quare
3479 3469 3694 3530 confusis

2145 3570 2308 3639 ipsis,
2333 3567 2584 3639 gregales
2613 3581 2809 3622 eorum
2842 3566 3136 3622 confertim
3162 3566 3541 3628 subsidentes,
3565 3572 3693 3619 tene-

2146 3658 2369 3715 brarum
2388 3667 2440 3714 et
2462 3656 2641 3713 turbat
2662 3656 2860 3711 fiducia
2877 3657 3105 3726 impune
3122 3656 3339 3713 laturos
3360 3656 3692 3714 temeritatem

2147 3750 2275 3815 rati,
2308 3765 2563 3806 murmur
2582 3763 2619 3804 a
2650 3756 2806 3818 tergo
2832 3748 3085 3805 insolens
3109 3750 3373 3806 attollere
3414 3753 3692 3818 cmperunt.

2146 3842 2325 3899 mistis
2347 3843 2648 3898 multorum
2676 3842 3049 3898 acelamantes
3071 3838 3305 3899 vocibus
3327 3838 3696 3898 contumeliosa

2142 3937 2393 4007 quaedam
2443 3935 2498 3990 in
2550 3937 2948 4005 patriarcham,
3002 3935 3148 3991 haud
3203 3936 3353 3992 facili
3407 3932 3696 3991 discrimine

2143 4031 2269 4102 quis
2295 4026 2458 4101 cuius
2488 4036 2636 4085 esset
2663 4042 2858 4092 sonus,
2889 4030 2941 4081 in
2970 4027 3129 4083 densi
3152 4028 3407 4084 tumultu
3451 4025 3586 4099 vulgi
3614 4034 3699 4078 sua

2144 4122 2267 4179 freti
2320 4120 2698 4185 multitudine,
2761 4119 2901 4173 nihil
2956 4133 3068 4174 non
3123 4121 3385 4189 quamvis
3439 4116 3697 4186 impudens

2146 4212 2444 4269 vociferari
2486 4212 2631 4267 ausi.
2674 4208 2960 4266 Vocabant
2995 4213 3144 4266 enim
3176 4227 3308 4267 eum
3341 4211 3627 4270 Euchiten,
3653 4211 3700 4258 et

2134 4306 2273 4362 aliis
2321 4304 2692 4361 atrocioribus
2738 4304 3176 4361 conseindebaut
3225 4304 3473 4373 probris.
3517 4296 3713 4368 Quibus

2136 4403 2450 4470 imperator
2472 4398 2700 4463 auditis,
2724 4406 2889 4467 prout
2910 4411 3008 4467 par
3033 4407 3176 4461 erat,
3204 4396 3442 4451 audacia
3466 4393 3700 4450 turbatus

2148 4502 2301 4547 tanta
2334 4492 2462 4562 ejici
2492 4489 2793 4547 confestim
2834 4505 2864 4544 e
2884 4498 3031 4545 coetu
3060 4488 3188 4544 talia
3215 4489 3525 4544 clamantes
3532 4483 3705 4555 jussit.

2151 4588 2454 4642 Monachos
2474 4601 2608 4641 vero
2639 4587 2800 4639 modo
2843 4588 3063 4639 locutos
3084 4592 3138 4638 et
3172 4582 3387 4653 primas
3410 4575 3703 4637 certaminis

446 4701 595 4740 sena
630 4685 960 4755 proferrent.
1003 4683 1273 4737 Castorum
1305 4681 1671 4744 aitercationi,
1702 4695 1823 4750 quae
1848 4680 2042 4732 utrim-
2078 4683 2121 4737 Ι)
2154 4688 2434 4743 tenentes,
2464 4677 2669 4747 quibus
2703 4678 2966 4747 subjecta:
3008 4678 3145 4745 ipsis
3193 4687 3245 4731 et
3280 4675 3524 4729 faventis
3555 4669 3709 4727 turba

446 4791 573 4847 .que
622 4790 767 4829 nunc
802 4777 1060 4840 fervoret,
1087 4772 1485 4842 componendae
1516 4772 1890 4826 necessariam
1914 4786 2042 4826 esse

448 4866 852 4923 auctoritatem
879 4864 1087 4936 judicis
1118 4864 1215 4933 qui
1240 4862 1478 4933 iudicaui
1513 4861 1582 4917 ab
1619 4863 1728 4917 alio
1769 4863 2043 4932 nequiret.

454 4960 651 5015 ﬂ‘alem
671 4956 1095 5026 nullum-iustius
1121 4951 1531 5023 agnoscendum
1556 4952 1882 5020 imperatore
1901 4953 2041 5023 ipso.

456 5051 548 5106 Ad
583 5049 729 5104 hunc
754 5049 924 5118 igitur
958 5061 1019 5102 se
1042 5059 1214 5100 omne
1258 5042 1548 5097 arbitrium
1579 5041 1830 5111 deferre;
1868 5059 2040 5098 unum

445 5144 646 5212 .ipsum
700 5141 944 5211 prollteri
991 5136 1379 5207 dignissimum
1443 5137 1693 5189 omnium
1736 5136 1832 5207 qui
1873 5137 2041 5207 judex

460 5236 523 5287 in
554 5235 656 5287 hac
689 5247 855 5287 eausa
882 5243 1179 5299 supremus
1197 5228 1405 5283 sedeat.
1428 5226 1624 5281 Coram
1655 5229 1758 5283 hoc
1788 5231 2043 5298 praui-nti

445 5324 750 5393 cognitore
784 5325 960 5377 ambae
1014 5330 1196 5390 partes
1229 5334 1327 5376 sua
1356 5320 1481 5389 jura
1518 5322 1925 5390 proferant,tan
1955 5338 2045 5376 um

450 5427 525 5473 λιι
579 5417 738 5487 juxta
794 5416 926 5468 olim
989 5413 1239 5468 saucitas
1292 5411 1553 5467 Ecclesize
1613 5415 2048 5469 constitutiones

452 5512 845 5579 dlsceptentur
924 5506 1373 5576 dirimanturque
1421 5506 1848 5569 controversia,
1934 5503 2045 5558 Deo

456 5615 607 5658 teste
659 5603 859 5657 mentis
919 5600 1096 5655 oculis
1146 5581 1467 5670 proposito,
1524 5601 2049 5670 moderantibusque

462 5694 736 5760 judicium
779 5701 948 5746 totum
982 5690 1076 5745 Dei
1115 5690 1373 5759 ejusdem
1399 5690 1771 5746 sanctissimis
1814 5690 2045 5760 legibus.

462 5785 570 5841 ills
598 5784 1183 5853 vafreadulatorieque
1210 5785 1389 5839 astuti
1419 5784 1680 5838 monachi
1705 5783 2048 5839 disserendis

469 5882 580 5932 hoc
611 5876 953 5945 spectabant,
997 5885 1056 5931 ut
1096 5879 1142 5933 si
1183 5876 1320 5932 forte
1365 5879 1645 5948 Augustus
1670 5892 1944 5946 suprema:
1985 5877 2045 5930 in

468 5970 863 6045 ecclesiasticis
919 5986 1139 6041 quoque
1189 5971 1367 6028 rebus
1416 5973 1712 6042 potestatis
1775 5970 2045 6027 delatione

2151 4774 2354 4829 merito
2384 4770 2762 4841 imputabatur
2790 4769 3163 4831 immodestia,
3204 4768 3471 4838 gravibus
3503 4761 3710 4837 incessit

2147 4865 2355 4931 verbis,
2387 4866 2657 4918 iracunde
2685 4861 3002 4932 increpans,
3028 4872 3081 4917 et
3108 4860 3418 4917 utfacinus
3450 4859 3708 4928 indignum

2149 4960 2510 5030 exprobrans,
2559 4955 2728 5026 quod.
2773 4971 2901 5011 cum
2951 4956 3070 5025 ipse
3110 4954 3361 5008 demisso
3420 4948 3711 5009 humaniter

2150 5053 2375 5122 fastigio
2402 5051 2669 5119 Augusta:
2696 5048 2989 5118 dignitatis
3017 5045 3074 5101 in
3109 5060 3332 5116 equum
3371 5052 3430 5100 et
3462 5040 3712 5097 familiare

2148 5161 2274 5201 cum
2305 5144 2441 5215 ipsis
2474 5141 2811 5198 descendere
2832 5137 3171 5209 colloquium
3202 5136 3353 5192 haud
3379 5135 3579 5190 finisest
3604 5143 3714 5200 gra-

2154 5248 2315 5291 vatus
2357 5236 2539 5290 studio
2576 5234 2730 5304 pacis
2770 5230 3155 5302 procurandae,
3182 5243 3430 5299 cumque
3465 5227 3519 5282 in
3566 5226 3713 5279 istum

2142 5335 2485 5384 conventum
2522 5327 2867 5381 iutrudentes
2886 5340 2948 5379 se
2971 5323 3175 5378 multos
3198 5336 3309 5377 non
3342 5335 3374 5375 a
3404 5335 3466 5376 se
3488 5322 3713 5373 vocatos.

2155 5422 2289 5491 quin
2324 5420 2515 5475 venire
2546 5416 2849 5489 prohibitos
2877 5424 3027 5471 metu
3062 5415 3184 5484 ejus
3211 5411 3552 5469 incommodi
3581 5405 3714 5480 quod

2146 5523 2407 5568 secutum
2460 5512 2734 5576 viderent,
2795 5510 3066 5565 tumultus
3119 5505 3381 5563 videlicet
3435 5507 3490 5559 in
3548 5499 3712 5557 turba.

2154 5614 2339 5658 tamen
2363 5602 2656 5672 indulgens
2678 5587 2867 5671 postea
2889 5600 3154 5657 benevole
3173 5598 3396 5654 cunctis
3422 5600 3713 5667 ingressum

2155 5701 2451 5765 locumque
2489 5696 2878 5760 concessisset,
2914 5696 3062 5763 ipsl,-
3090 5707 3234 5763 quos
3281 5690 3473 5746 omnia
3509 5689 3561 5742 in
3596 5697 3715 5740 suos

2155 5802 2320 5859 posse
2342 5788 2481 5840 satis
2508 5796 2657 5842 esset
2693 5796 2903 5850 notum,
2933 5786 3292 5857 petulantiam
3312 5798 3511 5840 eorum
3541 5782 3593 5835 in
3617 5791 3720 5831 mo-

2157 5890 2247 5933 tus
2283 5877 2577 5935 seditiosos
2621 5889 2676 5934 et
2707 5894 2869 5934 voces
2912 5878 3191 5950 improbas
3229 5889 3528 5947 erumpere
3569 5871 3717 5926 siviso

2152 5979 2302 6035 seut,
2357 5975 2603 6028 contenti
2663 5971 2979 6030 simulatam
3040 5973 3125 6028 iu‘
3161 5986 3221 6030 se
3279 5970 3421 6040 ipsis
3478 5964 3720 6026 exhibere
