3848 6608
231 493 327 556 529

1065 494 1172 557 DE
1202 492 1651 555 ANDRONICO
1679 489 2144 555 PALIEOLOG'O
2182 490 2332 552 LIB.
2370 488 2475 556 VI.

3367 485 3482 546 530'

228 606 321 678 τήν
345 605 613 678 τετάρτην
646 606 872 673 τούτων,
906 607 974 680 ἢν
995 606 1064 679 δή
1089 623 1178 672 τις
1207 608 1345 678 φαίη
1374 605 1616 678 ἀνδρίαν,
1648 609 1788 664 ἀπο-
1818 616 1869 673 Α
1894 605 2125 671 ἐδέοντο,
2148 607 2244 660 καὶ
2267 604 2530 676 πολεμεῖν
2552 605 2806 671 ἐκείνοις,
2835 605 2885 659 εἰ
2916 604 3155 674 φανεῖεν,
3190 601 3471 669 ἠπείλουν,

228 701 398 769 νέμων
424 703 538 765 τοῖς
573 701 949 773 μισθοφόροις,
980 700 1254 755 ἐθέλουσιν
1299 699 1666 769 ἀποθνήσκειν
1696 699 1794 769 μό-

228 809 310 845 νον
347 790 426 860 τῷ
464 791 707 862 πολέμῳ,
757 792 858 846 οὐκ
907 792 1131 863 ἀρετῆς,
1173 791 1309 845 ἀλλά
1356 790 1555 861 μισθοῦ
1608 791 1791 863 χάριν,

224 885 311 937 καὶ
362 882 456 938 διὰ
507 883 661 938 ταῦτ’
693 885 760 939 ἐκ
813 884 907 939 τοῦ
961 886 1139 957 ῥᾷστα
1176 884 1398 953 συχναῖς
1454 882 1792 952 ἐνεχομένοις

222 974 594 1041 ἀτασθαλίαις,
649 976 1074 1047 θραωνομένοές
1128 976 1230 1046 μέν
1262 975 1339 1039 ὡς
1393 974 1602 1038 ἀδίκοις
1652 974 1791 1027 κατὰ

220 1065 587 1135 δικαιοσύνης,
642 1067 1067 1138 θρασυνομένοις
1105 1066 1163 1119 δὲ
1201 1060 1297 1127 ὡς
1323 1064 1606 1135 ὑϐρισταῖς
1650 1061 1795 1116 κατά

223 1158 595 1231 σωφροσύνης,
628 1160 808 1214 καὶτὸ
839 1162 948 1215 πᾶν
979 1157 1401 1230 ἀφρονεστάτοις
1435 1154 1554 1210 οὖσι
1577 1155 1667 1208 διὰ
1692 1157 1793 1225 τὴν

219 1250 539 1305 ἀπόπτωσιν
585 1251 685 1322 τῆς
705 1254 1068 1322 ,φρονήσεως.
1104 1250 1288 1305 Ταῦτα
1332 1249 1399 1319 δὴ
1456 1246 1793 1318 ξυμϐεϐήκει

221 1344 517 1411 κάκείνοις,
546 1347 640 1398 καὶ
687 1345 867 1401 ταῦτά
894 1361 958 1413 γε
1000 1344 1224 1406 Ἰταλοῖς
1271 1339 1393 1397 οὖσι
1424 1342 1517 1395 καὶ
1543 1343 1623 1406 εἰς
1647 1339 1795 1395 ὀκτὼ

220 1435 533 1503 χιλιοστύας
564 1439 944 1510 ποσουμένοις.
976 1438 1067 1507 Μὴ
1105 1437 1262 1507 μόνον
1290 1435 1348 1489 δὲ
1383 1437 1529 1488 σῖτον
1556 1435 1650 1487 καὶ
1675 1449 1797 1503 κρι-

220 1524 312 1596 θὴν
336 1525 661 1599 ἐξεφόρουν,
697 1528 792 1583 καὶ
826 1527 940 1594 ζῶα
972 1518 1367 1597 κατέσφαττον.
1409 1527 1505 1580 καὶ
1535 1526 1795 1597 χρήματα

219 1616 307 1671 καί
365 1617 580 1682 ἵππους
630 1618 744 1673 τῶν
798 1618 1241 1688 ἐντυγχανόντων
1292 1617 1640 1690 ἐξήρπαζον,
1701 1617 1797 1670 καὶ

221 1710 403 1781 σφαγὴ
430 1706 505 1783 ἦν
537 1710 645 1765 τῶν
699 1712 1130 1783 ἐναντιουμένων
1167 1710 1231 1765 τὸ
1280 1710 1605 1780 πρόστιμον,
1659 1707 1796 1763 ἀλλὰ

218 1800 440 1862 καὶτὰς
492 1799 602 1853 τῶν
636 1801 878 1855 ἐποίκων
917 1801 1285 1871 κατασχόντες
1323 1798 1502 1863 οἰκίας
1536 1798 1657 1861 ταῖς
1692 1813 1794 1864 γυ·-

219 1891 391 1963 ναιξὶν
421 1893 808 1963 ἐπεμαίνοντο,
838 1893 906 1964 ἢν
942 1895 1016 1964 μή
1054 1911 1135 1957 τις
1180 1892 1391 1962 φθάσας
1424 1890 1794 1959 ἀπεδίδρασκε

1898 696 1958 751 οὐ
1996 697 2300 769 συμμάχων
2343 698 2565 768 τρόπον,
2623 697 2759 751 ἀλλά
2806 696 3082 766 πολεμίων
3128 692 3476 761 ἐνδεικνυμέ-

1898 805 2030 867 vutg.
2065 790 2329 853 Βασιλεὺς
2359 790 2415 843 δέ
2463 788 2788 843 κατέστελλε
2818 789 2917 852 τὰς
2947 786 3125 858 ὁρμὰς
3156 785 3251 839 καὶ
3281 784 3357 847 ὡς
3388 785 3472 836 εἰ-

1900 878 1997 942 κὸς
2034 879 2426 950 παρεμυθεῖτο.
2466 879 2612 950 Πλὴν
2659 879 2756 932 καὶ
2805 877 2944 950 πρὸς
2990 877 3081 931 τὸν
3132 876 3349 943 πατέρα
3378 877 3483 928 καὶν

1896 967 2127 1037 βασιλέα
2149 969 2380 1040 γράφων
2428 968 2665 1037 ἀπέλεγε
2702 969 2935 1038 πάμπαν
2966 967 3069 1038 τὴν
3121 967 3260 1037 πρὸς
3308 966 3474 1019 αὑτὸν

1896 1058 2007 1112 τῶν
2053 1060 2379 1114 Κατελάνων
2414 1061 2685 1127 διάϐασιν,
2733 1061 2809 1124 ὼς
2861 1074 3224 1131 μαχουομενων
3271 1061 3479 1112 αὐτίκα

1898 1151 2055 1220 σφίσι
2096 1153 2389 1222 Ῥωμαίων
2437 1155 2532 1208 καί
2559 1156 2640 1217 εἰς
2683 1153 2982 1225 ἐμφυλίους
3029 1151 3482 1219 καθεστηξόντων.

1902 1243 2102 1314 μάχας.
2152 1243 2374 1315 Ἐδήλου
2408 1242 2464 1297 δὲ
2496 1244 2593 1297 καὶ
2617 1243 2692 1308 ὡς
2722 1243 2881 1307 αὐτὸς
2911 1243 2998 1297 διὰ
3037 1242 3133 1314 τὴν
3165 1242 3316 1311 σφῶν
3348 1241 3474 1310 βίαν

1897 1336 1991 1391 καὶ
2021 1334 2406 1402 ἐπισύστασιν,
2437 1336 2511 1399 ὡς
2543 1336 2739 1390 αὐτίκα
2784 1336 3019 1407 ἑτοίμων
3045 1337 3214 1389 ὄντων
3254 1338 3474 1404 ἀναχω-

1900 1430 2014 1498 ρεῖν
2047 1429 2150 1483 κᾶν
2180 1429 2344 1494 αὐτὸς
2390 1430 2464 1501 μὴ
2497 1432 2841 1503 προστάσση,
2889 1429 2978 1485 διὰ
3006 1430 3473 1501 χρυσοϐουλλέίων

1895 1523 2076 1593 ὅρκων
2110 1522 2282 1578 ἔδωκε
2327 1524 2397 1578 τὰ
2429 1526 2593 1578 πιστὰ
2623 1520 2659 1596 ἦ
2694 1524 2800 1595 μὴν
2836 1524 2929 1577 ἐπὶ
2971 1522 3120 1595 ῥητῷ
3162 1539 3270 1576 τινι
3299 1522 3475 1594 χρόνῳ

1894 1614 2293 1681 δουλεύσαντας
2320 1617 2706 1689 ὑποστρέφειν,
2739 1618 2804 1670 οὑ
2846 1615 2953 1688 μὴν
2980 1616 3036 1669 δὲ
3085 1615 3202 1669 ἀλλ’
3227 1613 3337 1668 οὐδ’
3362 1614 3477 1668 αύ-

1895 1706 2019 1771 τοὺς
2066 1709 2302 1773 Ἰταλοὺς
2332 1709 2766 1780 παραδέξασθαι,
2798 1710 2964 1763 παντὶ
2986 1708 3045 1762 δὲ
3072 1709 3257 1778 τρόπῳ
3279 1707 3481 1760 διακω-

1895 1795 2056 1852 λῦσαι
2109 1800 2207 1871 τὴν
2260 1800 2410 1871 σφῶν
2440 1803 2520 1864 εἰς
2568 1801 2732 1855 αὐτὸν
2786 1797 3058 1855 διάϐασιν.
3111 1798 3372 1860 Βασιλεὺς
3418 1797 3479 1851 δὲ

1894 1890 2189 1963 δεχόμενος
2215 1891 2313 1963 μὲν
2338 1894 2433 1948 καὶ⁸
2460 1892 2530 1947 τὰ
2552 1891 2647 1945 τοῦ
2673 1890 2939 1962 βασιλέως
2983 1889 3304 1962 μηνύματα,
3328 1891 3481 1960 ὅμως

219 1975 410 2049 πόρῤω
457 1996 588 2045 που,
642 1979 744 2053 τὴν
802 1980 904 2053 μέν
939 1981 1076 2035 ἰδίαν
1136 1979 1372 2052 ὕπαρξιν
1426 1979 1797 2044 καταλείπων,
1831 1987 1871 2042 Β
1898 1996 1964 2050 γε
1992 1980 2178 2051 μέντοι
2208 1983 2302 2038 καὶ
2326 1982 2410 2037 ἔτι
2441 1982 2535 2036 ἐπὶ
2560 1982 2639 2053 τῷ
2666 1983 2890 2054 μεγάλῳ
2914 1981 3070 2037 δουκὶ
3093 1981 3481 2036 ἐλπιδοκοπού-

223 2068 402 2137 μόνοις
458 2070 517 2124 δέ
569 2073 683 2136 τοῖς
721 2073 945 2138 οἰκείοις
996 2074 1095 2146 τὴν
1133 2074 1409 2145 σωτηρίαν
1467 2075 1791 2143 περιποιῶν.

220 2159 403 2218 Ταῦτα
439 2164 538 2216 καὶ
567 2164 680 2228 τοῖς
707 2164 836 2237 περὶ
863 2166 956 2219 τὸν
989 2166 1213 2236 βασιλέα
1249 2167 1470 2237 Μιχαὴλ
1509 2168 1797 2223 ἀνάπυστα

221 2254 488 2323 γεγονότα
536 2256 785 2329 ἀποκλᾷν
835 2259 1118 2314 συνέϐαινε
1150 2260 1248 2324 τάς
1285 2260 1464 2330 ὁρμὰς
1498 2260 1649 2331 σφίσι
1697 2261 1798 2331 τὴν

222 2345 627 2421 θρυλλουμένην
676 2351 1023 2423 ἀλαστορίαν,
1056 2351 1152 2406 καὶ
1205 2353 1440 2423 μελέτης
1490 2354 1798 2426 πολεμικῆς

221 2437 591 2509 ἐρῤᾳθύμουν.
631 2441 850 2496 Μᾶλλον
886 2438 1131 2512 μένόὗν
1176 2445 1269 2498 καὶ
1322 2444 1537 2512 βασιλεῖ
1590 2462 1798 2516 προσα-

221 2530 547 2600 ναφέροντες
576 2532 657 2595 εἰς
680 2533 1032 2605 περιποίησιν
1054 2533 1163 2588 τῶν
1188 2534 1407 2590 οἰκείων
1434 2536 1797 2610 ὑποστρέφειν

220 2707 513 2779 justitiam,
553 2719 757 2767 temere
814 2728 1032 2784 quoque
1076 2715 1294 2784 quidvis
1335 2717 1684 2784 audentibus,
1739 2729 1800 2776 ut

225 2802 662 2866 contumeliosis,
694 2803 959 2862 adversus
996 2809 1417 2878 temperantiam
1445 2819 1503 2865 et
1533 2811 1798 2869 castimo-

226 2891 367 2947 niam
403 2910 421 2958 ;
461 2893 517 2948 in
551 2910 762 2952 summa
807 2897 1257 2967 dementissimis,
1303 2904 1449 2972 quod
1494 2904 1799 2961 exciderint

227 2985 517 3055 prudentia
562 2989 1065 3062 moderationisque
1093 3008 1159 3049 ac
1178 2995 1539 3069 considerata:
1566 2997 1799 3057 rationis

227 3079 361 3134 nihil
390 3080 684 3136 admodum
732 3093 827 3139 aut
873 3084 1112 3141 habeant
1171 3097 1267 3144 aut
1326 3089 1533 3146 habere
1578 3103 1794 3151 curent.

226 3167 349 3227 Hac
371 3173 658 3244 aptissime
687 3176 742 3231 in
764 3174 866 3233 hos
896 3177 964 3234 de
978 3179 1176 3249 quibus
1200 3184 1409 3253 agimus
1430 3183 1796 3253 quadrabant,

229 3277 352 3318 cum
397 3265 698 3334 praesertim
743 3264 924 3323 Latini
963 3275 1169 3332 essent,
1221 3270 1327 3326 hoc
1365 3278 1450 3326 est
1492 3287 1522 3327 e
1555 3281 1713 3347 gente
1743 3282 1796 3330 et

1900 2090 2061 2142 μενος
2109 2074 2188 2138 ὡς
2241 2075 2329 2128 ἐπ’
2388 2075 2580 2146 ἀγαθῷ
2642 2074 2932 2155 Ῥωμαίων
2993 2075 3479 2145 δημαγωγήσοντι.

1899 2164 1984 2237 [Ρ.
2018 2165 2144 2238 536]
2192 2166 2400 2237 ἔφθασε
2435 2168 2535 2237 μὲν
2589 2166 3023 2237 προαποστείλας
3062 2166 3156 2220 καὶ
3200 2166 3302 2237 τὴν
3341 2166 3481 2220 ἰδίαν

1897 2259 2241 2331 αὑταδέλφην
2274 2260 2369 2314 καὶ
2401 2260 2502 2331 τὴν
2528 2260 2698 2331 αὐτῆς
2728 2259 3028 2329 θυγατέρα,
3057 2258 3156 2330 τὴν
3183 2258 3277 2312 καὶ
3304 2274 3484 2326 γαμε-

1896 2351 1996 2422 τὴν
2022 2351 2120 2405 τοῦ
2144 2352 2384 2423 μεγάλου
2414 2353 2626 2420 δουκὺς,
2660 2352 2801 2406 ὥστε
2831 2354 2923 2406 καὶ
2949 2351 3479 2423 προϋπαντᾷνςάπο-

1899 2446 2142 2500 ϐαίνοντι
2171 2445 2281 2499 τῶν
2310 2445 2467 2500 νεῶν.
2506 2444 3025 2517 Ιιληροφορούμενος
3056 2445 3115 2498 δέ
3149 2460 3214 2512 γε
3266 2444 3360 2497 καὶ
3390 2442 3497 2495 tu?

1900 2537 2107 2611 ἐκείνη,
2138 2539 2212 2602 ὡς
2242 2536 2627 2592 καταστέλλειν
2653 2536 2767 2609 ἔχοι
2796 2536 2866 2591 τὰ
2900 2535 3069 2590 πολλά
3098 2536 3217 2590 τῶν
3242 2534 3490 2590 ἀτασθά-

1901 2719 2065 2776 fuetis
2112 2720 2493 2782 ostenderent.
2529 2721 2793 2792 impetum
2847 2722 3111 2777 facturos.
3155 2720 3247 2776 Sic
3278 2734 3481 2776 accen-

1900 2829 1994 2870 sos
2028 2816 2332 2883 reprimere
2366 2828 2432 2869 ac
2489 2813 2768 2869 consolari
2821 2822 2985 2884 prout
3024 2820 3265 2883 poterat,
3311 2828 3482 2869 cona-

1901 2905 2065 2960 batur
2119 2906 2441 2974 imperator.
2473 2903 2749 2960 Caeterum
2802 2903 2944 2958 idem
2995 2903 3064 2958 ad
3101 2910 3316 2971 patrem
3367 2905 3479 2957 Au-

1900 3003 2121 3068 gustum
2151 2996 2426 3051 seniorem
2466 2996 2611 3052 datis
2648 2995 2848 3052 litteris
2887 2992 3050 3050 enixe
3093 3004 3348 3065 precatus
3393 3004 3480 3049 est

1901 3103 1970 3143 ne
2004 3085 2296 3143 Catelanos
2332 3102 2508 3161 usque
2556 3086 2625 3142 ad
2660 3103 2762 3143 sua
2811 3093 2991 3143 castra
3035 3086 3289 3155 progredi
3323 3086 3480 3141 sine-

1903 3187 2008 3243 ret,
2069 3178 2274 3243 diserte
2322 3180 2680 3247 denuntians,
2733 3179 2780 3235 si
2834 3179 3178 3244 accederent,
3222 3179 3365 3233 haud
3418 3194 3485 3234 se

1903 3287 2067 3343 posse
2095 3273 2389 3344 prohibere
2412 3273 2544 3345 quin
2570 3274 2656 3329 sui
2686 3272 2918 3328 Romani
2936 3272 3139 3328 milites
3172 3287 3270 3329 eos
3292 3273 3478 3326 statim

227 3367 427 3431 genere
464 3356 622 3411 nobis
673 3357 875 3413 dudum
916 3374 982 3414 ac
1030 3376 1167 3430 pene
1198 3364 1526 3418 naturaliter
1559 3364 1793 3435 infenso,
1823 3359 1866 3419 ϐ
1901 3365 2171 3421 hostiliter
2199 3366 2520 3422 invaderent
2552 3384 2566 3421 :
2612 3376 2760 3422 tanto
2793 3381 2860 3422 ex
2888 3366 3127 3435 acceptis
3183 3365 3393 3421 nuntiis
3423 3366 3487 3421 in

227 3443 501 3515 iidemque
538 3462 653 3503 suae
705 3449 1042 3506 conscientia
1089 3453 1457 3511 multitudinis
1490 3458 1640 3527 (nam
1680 3465 1805 3516 octo

226 3535 454 3592 millium
487 3554 774 3596 numerum
799 3543 1113 3616 explebant)
1142 3546 1277 3601 certi
1314 3561 1371 3602 se
1400 3547 1623 3617 impune
1642 3550 1804 3621 quid-

230 3629 360 3698 quid
392 3643 613 3702 agerent
644 3634 874 3699 laturos,
898 3636 1044 3706 quod
1068 3638 1213 3693 nulla
1248 3640 1467 3696 adesset
1486 3641 1555 3698 iis
1587 3657 1689 3713 par
1719 3643 1805 3699 ul-

230 3720 504 3780 ciscendis
534 3722 783 3782 Romana
824 3728 1086 3798 potentia.
1116 3729 1306 3802 Itaque
1352 3747 1460 3788 non
1497 3735 1659 3791 modo
1686 3735 1804 3793 fru-

235 3824 472 3870 mentum
518 3825 573 3875 ct
614 3814 881 3876 hordeum
922 3835 953 3876 e
979 3821 1126 3881 villis
1170 3823 1493 3895 horreisque
1526 3827 1806 3899 indigena-

236 3920 351 3959 rum
393 3908 774 3979 exportabant,
825 3920 879 3968 et
913 3913 1170 3970 animalia
1215 3917 1552 3984 mactabam,
1612 3927 1667 3974 et
1715 3936 1803 3976 res

232 4012 508 4071 equosque
545 4005 953 4062 occurrentium
984 4007 1286 4078 rapiebant,
1321 4019 1376 4065 ct
1420 4011 1465 4067 si
1501 4013 1625 4082 quis
1664 4026 1803 4069 con-

234 4098 319 4145 tra
363 4094 555 4150 mutire
601 4098 857 4165 auderet,
906 4112 1124 4168 pinnam
1159 4100 1347 4157 liberte
1405 4103 1558 4158 vocis
1611 4116 1801 4161 necem

234 4200 552 4257 praesentem
588 4191 938 4251 inferebant:
980 4196 1074 4252 sed
1098 4206 1154 4253 et
1184 4197 1485 4256 incolarum
1520 4202 1803 4273 occupatis

237 4279 482 4337 domibus
511 4283 569 4339 in
598 4286 857 4343 mulieres
875 4287 1083 4345 eﬂ'rteni
1109 4289 1342 4347 libidine
1375 4290 1657 4358 furebant,
1690 4309 1800 4350 non

236 4373 358 4427 aliis
381 4376 836 4444 patrumfamilias
860 4389 972 4438 tam
996 4383 1209 4439 acerbat
1238 4385 1593 4441 contumeliae
1618 4402 1803 4444 exem-

243 4466 347 4535 ptis
378 4468 480 4523 nisi
515 4470 607 4539 qui
633 4483 1108 4543 praeoccupassent
1135 4490 1299 4547 quam
1332 4474 1653 4546 longissime
1676 4494 1799 4535 cum

242 4560 497 4617 uxoribus
520 4562 784 4619 et’liberis
814 4564 1028 4636 fugere,
1058 4567 1223 4623 domo
1248 4576 1304 4623 et
1334 4583 1393 4622 re
1423 4567 1685 4626 familiari
1717 4572 1799 4625 la-

1904 3471 1998 3511 eos
2034 3455 2222 3512 furore
2250 3458 2713 3524 concitabantur;
2745 3473 2915 3529 quare
2961 3473 3078 3513 rem
3115 3458 3259 3515 haud
3313 3458 3486 3513 dubie

1907 3544 1961 3600 in
1989 3548 2151 3604 civile
2175 3549 2341 3620 idque
2384 3548 2814 3617 internecinum,
2844 3550 3090 3608 vicissim
3140 3559 3196 3606 et
3222 3551 3333 3609 illis
3355 3550 3488 3607 irri-

1905 3636 2056 3704 tatis,
2087 3640 2386 3696 desituram
2438 3642 2712 3712 praelium.
2746 3642 3107 3713 Significabat
3153 3644 3317 3701 etiam
3373 3643 3505 3700 sibi"

1903 3738 2181 3786 extortum
2216 3734 2443 3789 armatis
2468 3748 2697 3790 suorum
2729 3735 3012 3805 precibus,
3041 3744 3098 3791 et
3143 3747 3290 3790 me'u
3325 3750 3396 3792 ne
3420 3751 3490 3791 se
3596 3802 3597 3805 η

1905 3819 2219 3877 desererent
2275 3825 2602 3895 abirentque
2655 3827 2895 3895 injussu,
2926 3826 2972 3882 si
3016 3836 3265 3898 negaret,
3303 3828 3484 3899 jusju-

1904 3913 2139 3969 randum
2178 3914 2480 3985 diplomate
2504 3917 2858 3986 imperatorio
2898 3931 3063 3973 aurea
3100 3919 3245 3974 bulla
3270 3922 3489 3978 munito

1904 4005 2007 4062 rite
2042 4009 2452 4078 consignatum,
2500 4025 2609 4081 quo
2662 4026 2722 4065 se
2769 4010 2897 4066 illos
2942 4011 3316 4081 polliceretur,
3363 4021 3487 4069 tan-

1904 4112 2068 4168 quam
2095 4100 2186 4168 qui
2235 4101 2475 4170 legitimo
2515 4105 2765 4171 tempore
2799 4103 3091 4158 militarem
3126 4118 3351 4173 operam
3392 4120 3484 4158 που

1903 4199 2146 4252 vassent,
2183 4189 2237 4244 in
2274 4191 2464 4246 domos
2495 4205 2624 4246 suas
2653 4192 2867 4264 regredi
2896 4203 3240 4249 sacramento
3277 4193 3485 4250 liberos

1904 4292 2215 4347 passurum,
2242 4280 2289 4336 si
2329 4297 2569 4352 unquam
2609 4283 2714 4339 sibi
2764 4284 2987 4354 adiungi
3016 4284 3245 4341 Latinos
3275 4285 3483 4342 sineret

1903 4375 2001 4422 aut
2028 4382 2139 4423 non
2166 4371 2313 4424 omni
2341 4370 2554 4426 ratione
2583 4372 2895 4443 prohiberet
2927 4388 3215 4431 accessum
3249 4375 3481 4430 istorum

1902 4460 1970 4516 ad
1999 4476 2097 4516 sua
2139 4460 2385 4517 Romana
2435 4475 2641 4519 castra.
2670 4466 2767 4521 His
2809 4462 2905 4520 filii
2955 4458 3155 4521 litteris
3198 4469 3491 4538 Augustus

1904 4552 2090 4609 senior
2119 4554 2360 4623 acceptis
2417 4569 2524 4611 non
2566 4565 2747 4612 tamen
2783 4557 2976 4613 abduci
3021 4560 3197 4625 potuit
3234 4576 3263 4615 a
3294 4562 3499 4618 studio»

244 4650 489 4706 tronihus
518 4652 727 4718 relicta,
754 4653 890 4711 satis
921 4655 1185 4713 habentes
1207 4672 1362 4715 suam
1384 4666 1440 4714 et
1458 4658 1564 4716 sibi
1587 4659 1799 4716 charis-

1905 4659 2015 4714 quo
2060 4644 2265 4699 dudum
2313 4646 2366 4700 in
2415 4645 2609 4702 ducem
2636 4663 2893 4719 magnum
2927 4653 3334 4721 propendebat,
3381 4671 3490 4712 nec

244 4742 496 4799 simorum
529 4746 764 4801 salutem
793 4746 1250 4819 honestatemque
1284 4750 1551 4805 bonorum
1578 4750 1801 4820 jactura

248 4835 551 4894 redemisse.
586 4836 793 4893 Horum
820 4838 961 4894 fama
985 4842 1254 4897 scelerum
1281 4842 1336 4895 in
1372 4841 1665 4915 Michaelis
1710 4843 1803 4914 ju-

248 4927 411 4985 nioris
461 4929 695 5001 Augusti
746 4939 925 4987 castra
990 4931 1154 5004 583
1214 4934 1416 5003 perlata
1486 4933 1541 4987 in
1601 4933 1802 4990 ducum

249 5036 315 5075 ac
338 5025 559 5079 militum
592 5024 703 5079 illic
731 5024 935 5080 animis
971 5041 1190 5081 omnem
1209 5025 1449 5096 suscepti
1484 5025 1805 5105 certaminis

248 5113 590 5171 acrimoniam
605 5117 848 5189 infregit,
864 5118 998 5174 adeo
1018 5128 1077 5173 nt
1093 5118 1322 5175 remisso
1339 5118 1521 5175 studio
1540 5118 1805 5189 Bulgaros

254 5204 512 5272 vincendi,
540 5209 667 5264 odia
704 5213 908 5279 passim
943 5212 1161 5282 irasque
1183 5210 1438 5267 ardentes
1473 5211 1528 5266 in
1557 5226 1729 5267 novos
1747 5218 1806 5266 ut

258 5297 410 5351 multo
445 5300 658 5369 pejores
691 5301 881 5357 hostes
909 5309 1204 5358 verterent.
1225 5299 1341 5355 Tali
1361 5296 1636 5357 ferventes
1658 5312 1800 5360 aestu

257 5384 322 5438 ab
342 5387 659 5459 imperatore
678 5393 959 5447 turmatim
999 5402 1269 5450 convento
1297 5393 1635 5465 ﬂagitabant,
1661 5395 1809 5450 sine-

260 5490 336 5529 ret
359 5494 412 5535 se
445 5482 733 5538 defensum
765 5495 862 5540 aut
895 5485 1066 5541 ultum
1100 5486 1179 5541 ire
1206 5485 1353 5542 lares
1378 5487 1588 5556 patrios
1618 5486 1689 5542 ab
1720 5486 1808 5540 in-

256 5565 399 5633 iuriis
442 5584 496 5628 et
544 5576 921 5639 contumeliis,
956 5590 1093 5647 quas
1129 5576 1244 5632 illic
1293 5577 1617 5649 coniugibus
1666 5578 1808 5633 libe-

264 5654 428 5728 risque
474 5663 718 5733 ipsorum
773 5666 1018 5736 hospites
1052 5667 1305 5722 tetriores
1345 5667 1597 5728 barbaris
1633 5668 1806 5724 infer-

267 5756 406 5814 rent;
437 5768 569 5823 quos
605 5754 847 5825 quidem,
886 5755 1053 5812 simul
1080 5758 1477 5824 occurrissent,
1513 5757 1807 5813 minaban-

269 5846 344 5893 tur
372 5859 470 5899 uon
505 5847 808 5913 sociorum,
851 5849 996 5919 quod
1050 5863 1246 5905 nomen
1282 5850 1419 5904 falso
1452 5858 1803 5919 usurparent,

271 5943 323 5986 se
351 5933 617 5997 habituros
652 5954 902 6005 numero,
936 5940 1031 5997 sed
1065 5951 1123 5998 ut
1170 5940 1226 5996 in
1278 5941 1484 6010 hostes,
1516 5941 1708 6013 quales
1745 5958 1803 5998 ec

1905 4749 2057 4807 spem
2111 4738 2352 4808 abjicere
2406 4755 2569 4810 quam
2615 4741 2669 4795 in
2727 4742 2822 4798 illo
2871 4744 3261 4813 constituerat,
3295 4748 3482 4820 reipu-

1904 4829 2060 4885 blicae
2110 4830 2164 4885 in
2221 4831 2498 4887 meliorem
2550 4843 2753 4889 statum
2808 4837 2930 4907 ejus
2991 4853 3093 4908 ope
3130 4841 3481 4909 reponendus.

1903 4920 2255 4978 Pranniserat
2306 4935 2489 4980 autem
2542 4926 2656 4996 jam
2709 4928 2862 4999 prius
2900 4946 3063 5002 quam
3108 4932 3226 4988 haec
3270 4935 3485 4990 audiret

1907 5016 2185 5084 propriam
2222 5031 2494 5084 sororem,
2521 5020 2677 5075 ducis
2716 5016 3168 5092 magni'socrum,
3198 5040 3309 5079 una
3353 5041 3480 5080 cum

1907 5107 2081 5176 ipsius
2108 5109 2215 5164 ﬁlia
2247 5110 2491 5180 ejusdem
2546 5112 2777 5185 conjuge
2822 5113 2874 5168 in
2920 5113 3073 5170 illius
3098 5117 3421 5171 exscensuri
3451 5132 3483 5170 ο

1904 5196 2338 5275 Esﬂnavibus
2376 5218 2690 5269 occursum,
2718 5207 3345 5272 certoconiidensiliam,
3374 5223 3475 5279 pro

1907 5309 2005 5349 sua
2041 5297 2199 5365 quasi
2235 5306 2479 5351 materna
2507 5297 2563 5351 in
2602 5313 2865 5369 generum
2899 5301 3230 5355 auctoritate
3260 5316 3324 5355 ac
3348 5316 3477 5371 gra-

1912 5388 2204 5452 tia,facile
2255 5388 2645 5460 impedituram
2698 5406 2949 5462 magnam
2993 5391 3320 5462 injuriarum
3363 5408 3484 5462 parte

1910 5493 2041 5546 tem,
2065 5499 2188 5553 qua;
2219 5483 2290 5538 ab
2307 5483 2428 5553 ejus
2459 5483 2634 5554 copiis
2665 5483 2717 5539 in
2735 5484 3033 5541 Occiduam
3060 5485 3324 5553 expositis
3349 5500 3482 5539 con-

1910 5578 2171 5631 tinentem
2197 5576 2374 5631 timeri
2412 5584 2687 5646 poterant.
2726 5577 2866 5646 Ergo
2900 5576 3047 5631 velut
3076 5585 3231 5631 ratus
3278 5591 3483 5647 exspe-

1909 5669 2142 5725 ctandos
2172 5672 2237 5723 de
2290 5682 2550 5724 successu
2583 5667 2743 5724 istius
2779 5666 2866 5722 sui
2902 5666 3114 5722 consilii
3152 5667 3415 5722 certiores
3447 5681 3493 5725 ας

1909 5773 2098 5815 sorore
2130 5758 2376 5821 nuntios,
2412 5772 2470 5811 re
2501 5756 2723 5811 interim
2751 5756 2963 5825 integra
2990 5754 3043 5808 in
3067 5753 3246 5810 medio
3269 5755 3480 5818 relicta,

1909 5846 2329 5902 cunctabundus
2380 5862 2570 5903 secum
2626 5844 2965 5915 disquirebat
3017 5843 3149 5912 quid
3209 5844 3489 5914 agendum

1911 5942 2013 5999 sibi
2041 5942 2201 6010 forel,
2221 5942 2265 5998 si
2297 5957 2423 5998 vera
2454 5937 2945 6010 comprobarentu:
2973 5950 3095 6009 quae
3137 5936 3329 5993 litteris
3361 5937 3477 5998 filii.
