3848 6554
228 458 319 527 ὅῖϐ

1111 471 1211 532 DE
1252 469 1700 532 ANDRONICO
1735 465 2198 529 PALIEOLOGO
2222 440 2372 527 Lt'n.
2415 463 2517 527 v1.

3333 452 3441 519 534

225 599 324 653 χεν,
355 582 619 652 ἐρωτήσας
657 575 819 654 μόνον
842 585 937 639 καὶ
964 586 1153 656 μαθὼν
1193 588 1342 651 ὅπως
1374 589 1466 642 καὶ
1493 586 1658 650 αὐτὸς
1690 585 1766 657 μὴ
1796 589 1842 644 Α
1869 580 2145 647 δέξασθαι,
2179 579 2315 636 ἀλλὰ
2352 579 2521 650 μέχρι
2564 575 2656 659 καὶ
2682 573 2870 645 χιλίων
2906 572 3004 645 μὲν
3046 571 3247 634 πεζῶν.
3278 572 3445 622 inm-

226 675 552 746 προσκληθεὶς
611 677 998 747 παραγένοιτο,
1037 678 1112 742 ὡς
1160 680 1304 735 κατὰ
1355 682 1546 751 φήμην
1602 677 1763 749 δῆθεν

224 768 307 836 τῆς
333 766 601 838 βασιλικῆς
626 770 913 840 εὐμενείας
940 772 1037 827 καὶ
1069 766 1144 827 ὧν
1169 760 1331 838 αὐτὸς
1363 774 1763 846 προσχωρήσας

229 852 366 927 εὕρεο
389 858 452 912 τὰ
473 860 527 913 δέ
568 861 677 916 τῶν
717 863 1133 934 ἀπαιτουμένων
1188 866 1561 938 μισθωμάτων
1599 864 1763 921 αὑτὸν

234 952 312 1006 καὶ
334 952 441 1006 λίαν
465 953 660 1009 ὠδύνα.
1589 958 1597 964 ’

230 1093 281 1143 ι’.
303 1089 616 1159 anger-poples
665 1077 819 1162 πρὸς
865 1095 1248 1163 Κατελάνους
1290 1096 1399 1152 τοῦ
1427 1097 1759 1164 βασιλέως.

287 1220 357 1295 [Ρ.
384 1223 504 1298 358]
534 1227 699 1282 Ὀὂεν
749 1230 841 1283 καὶ
890 1232 989 1303 μιᾷ
1018 1231 1128 1285 τῶν
1171 1233 1418 1303 ἡμερῶν,
1470 1234 1763 1304 πρόσωπον

224 1314 501 1383 ἐμφανίσας
550 1320 857 1392 βαρύτητος
910 1322 986 1393 τῷ
1038 1323 1259 1395 μεγάλῳ
1307 1322 1462 1377 δουκὶ
1511 1324 1588 1380 ὡς
1627 1326 1762 1378 τόσα

223 1405 340 1474 ὑπὲρ
368 1408 471 1460 τῶν
502 1412 670 1466 αὐτοῦ
726 1398 1070 1479 ἀπαιτοῦντι,
1100 1444 1165 1456 -
1197 1418 1305 1470 είσὶ
1337 1416 1382 1470 δ’
1430 1417 1479 1470 οἳ
1510 1416 1761 1485 λέγουσιν

222 1500 292 1553 ὅτι
318 1501 412 1554 κᾶν
439 1502 597 1567 αὐτὸς
627 1504 860 1560 ὑπέθετο
883 1505 1026 1561 οὕτω
1054 1507 1146 1561 τὸν
1186 1507 1412 1578 βασιλέα
1439 1510 1568 1578 περὶ
1598 1508 1762 1563 αὐτὸν

223 1592 444 1661 φανῆναι,
476 1594 542 1647 ἵν’
568 1594 685 1665 ἅμα
715 1597 815 1665 μέν
845 1598 1008 1661 αὐτὸς
1040 1599 1133 1652 ἐπὶ
1152 1598 1402 1653 τοσοῦτον
1423 1598 1564 1667 δόξοι
1589 1599 1761 1653 ποιῶν

222 1681 338 1751 ὑπὲρ
365 1681 563 1737 τούτων
612 1687 700 1754 ἐφ’
731 1687 857 1740 ὅσον
892 1688 982 1740 καὶ
1014 1687 1302 1759 βασιλικὴν
1344 1688 1632 1756 εὐμένειαν
1664 1688 1761 1742 καὶ

220 1772 271 1826 τδ
289 1773 384 1827 τῶν
410 1774 575 1844 φίλων
608 1779 890 1849 συμφέρον
937 1778 1269 1851 ἀρνούμενος
1300 1774 1388 1851 ἦν.
1425 1781 1688 1844 Βασιλεὺς
1715 1779 1760 1835 δ’

223 1862 353 1929 αὖθις
379 1868 557 1932 αὐτοῖς
589 1870 880 1942 προτείνας
916 1872 1057 1926 κατὰ
1102 1872 1393 1943 πρόσωπον
1425 1876 1524 1937 τὰς
1553 1874 1759 1928 δικαιο-

221 1956 396 2026 λογίας,
420 1963 778 2033 παραστήσας
798 1964 880 2017 ὅτι
905 1963 1188 2028 πλείστους
1212 1965 1478 2030 ἐκείνους,
1511 1966 1607 2019 καὶ
1630 1967 1757 2031 τοὺς
1790 1943 1830 2000 Β

222 2051 300 2120 τῆς
314 2053 605 2124 συγκλήτου
632 2055 918 2127 ἑτέρωθεν,
948 2055 1169 2125 μακρὰν
1201 2057 1293 2110 καὶ
1321 2041 1606 2125 διωλύγιον
1621 2075 1758 2111 κατ-

222 2140 362 2195 έτεινε
411 2145 510 2215 τὴν
552 2144 918 2218 δημηγορίαν,
974 2148 1147 2215 λέγων
1201 2149 1339 2220 πρὸς
1387 2150 1756 2213 Κατελάνους,

222 2233 267 2295 ἐς
314 2235 376 2289 τὰ
420 2237 593 2291 πολλὰ
646 2237 961 2308 ἐξεπίτηδες
994 2240 1089 2292 καὶ
1141 2239 1234 2293 τού
1288 2239 1528 2308 μεγάλεδδ)
1567 2240 1758 2304 δουκὸς

222 2327 654 2397 προσαπτόμενος.
699 2329 851 2399 Μηδὲ
889 2329 999 2400 γὰρ
1045 2331 1234 2393 τόσους
1273 2330 1372 2401 τὴν
1419 2330 1594 2403 ἀρχὴν
1630 2332 1760 2402 μήτ’

222 2412 417 2480 ἐκείνοις
460 2417 703 2487 δηλῶσαι
749 2421 1031 2491 γράφοντα
1082 2423 1207 2493 μήτ’
1236 2422 1399 2477 αὐτὸν
1428 2424 1760 2478 κατανεῦσαι

221 2603 450 2663 quantum
474 2597 655 2667 .valet,
681 2607 735 2655 et
758 2600 990 2656 consilio
1030 2601 1264 2672 jnvare;
1291 2602 1435 2673 quod
1464 2609 1525 2659 ut
1572 2602 1763 2659 eflica-

221 2685 321 2742 cius
359 2698 412 2742 et
459 2693 810 2749 constantius
859 2702 1005 2765 agat,
1038 2710 1068 2750 e
1106 2711 1166 2752 re
1215 2695 1391 2751 videri
1435 2711 1763 2767 promovere

222 2790 489 2838 merentem
540 2785 684 2842 inter
712 2789 850 2843 aula:
889 2803 1148 2859 proceres
1182 2798 1238 2846 et
1268 2791 1322 2846 in
1375 2806 1609 2848 numero
1644 2808 1763 2848 ma-

220 2879 414 2940 gnatum
447 2877 696 2948 Augusto
726 2881 1101 2936 assistentium
1136 2883 1359 2938 habere.
1393 2884 1558 2950 Quin,
1597 2885 1764 2941 adde-

220 2961 313 3028 bat,
356 2968 403 3021 si
466 2967 663 3025 audire
712 2985 778 3026 ac
817 2972 920 3027 sibi
955 2973 1182 3030 credere
1226 2976 1566 3045 inopinatam
1599 2976 1760 3043 forte,

219 3064 443 3113 caeterum
510 3075 693 3116 veram
747 3078 862 3118 rem
911 3065 1214 3136 imperator
1263 3082 1372 3123 non
1415 3079 1762 3139 gravaretur,

219 3149 341 3204 ultro
372 3166 431 3206 se
456 3168 559 3208 nec
592 3153 736 3210 falso
762 3157 1006 3226 profiteri
1058 3158 1367 3227 digniorem
1410 3161 1554 3231 haud
1600 3164 1763 3232 paulo

217 3255 318 3297 esse
348 3244 488 3301 hunc
519 3262 682 3315 quam
714 3249 833 3317 ipse
863 3251 1030 3307 fuerit
1064 3252 1272 3311 honore
1305 3269 1371 3311 ac
1403 3254 1567 3311 titulo
1601 3254 1762 3311 ducis
1789 3287 1832 3347 α

220 3342 396 3410 magni,
426 3344 628 3414 quippe
654 3347 747 3415 qui
787 3347 951 3419 longo
979 3348 1267 3406 intervallo
1295 3350 1580 3407 nobilitate
1603 3365 1766 3421 gene-

215 3431 456 3506 rism
490 3437 594 3506 ipsi
628 3440 984 3506 praecelleret.
1023 3439 1137 3496 llac
1177 3450 1284 3497 tam
1313 3454 1567 3497 accurata
1607 3457 1762 3498 com-

216 3527 534 3583 mendatione
566 3530 731 3585 modo
756 3531 970 3602 appulsi
996 3534 1171 3589 exteri
1205 3533 1349 3589 haud
1376 3535 1603 3589 multum
1643 3549 1762 3589 mo-

215 3618 309 3671 veri
341 3619 490 3676 visus
538 3621 841 3693 imperator
894 3624 1092 3695 frigido
1146 3641 1415 3698 responso
1466 3627 1763 3683 defunctus

218 3711 475 3778 neglectim
507 3724 594 3771 est
625 3732 639 3769 :
675 3726 1034 3786 percontatus
1063 3719 1209 3775 enim
1243 3722 1422 3778 solum
1467 3722 1661 3795 ecquid
1710 3731 1764 3776 et

214 3801 290 3858 hic
315 3805 516 3861 accitus
547 3808 816 3875 venisset,
852 3810 947 3865 ubi
996 3813 1264 3869 continuo
1314 3815 1526 3871 audivit
1566 3830 1762 3887 sponte

215 3893 676 3957 illumaccurrisse
730 3901 876 3957 fama
919 3911 1153 3965 tractum
1204 3904 1315 3961 late
1370 3922 1562 3977 sparsa
1601 3913 1763 3982 regia:

214 3984 530 4047 liberalitatis
567 3993 894 4060 Andronici,
944 3996 1104 4065 cujus
1143 3997 1197 4052 in
1232 4013 1334 4054 suo
1364 4001 1544 4057 amico
1590 4002 1763 4059 Ront-

214 4082 341 4137 serio
386 4096 493 4140 tam
542 4088 828 4158 splendida
856 4090 1159 4160 specimina
1189 4102 1491 4159 exstarent,
1523 4098 1760 4154 ulterius

214 4169 458 4244 loquendo
490 4194 603 4234 non
645 4180 873 4251 prodiit,
916 4182 1057 4239 ictus
1093 4183 1346 4239 videlicet
1402 4186 1620 4256 penitus
1671 4188 1762 4244 illa

215 4263 434 4336 immani,
464 4286 628 4341 quam
674 4275 924 4344 ingressu
977 4276 1251 4332 sermonis
1292 4275 1621 4337 Routzcrius
1666 4296 1763 4352 po-

215 4368 437 4425 poscerat
457 4362 512 4418 in
543 4362 875 4430 mercedem,
899 4365 1018 4420 auri
1048 4380 1283 4422 summa.

429 4497 483 4554 5.
520 4496 710 4555 Oratio
734 4501 1073 4569 imperatoris
1108 4500 1178 4556 ad
1205 4501 1510 4559 Cateianos.

1865 672 1974 726 τῶν
2027 672 2085 725 δὲ
2140 671 2510 725 πεντακοσίων
2564 667 2662 722 καὶ
2711 667 2900 721 τοῦτον
2950 665 3039 718 τὸν
3068 663 3304 732 οὐλαμὸν
3348 661 3445 714 τοῦ

1866 762 2273 834 στρατεύματος
2306 761 2643 832 συμποσοῦν,
2683 760 2778 812 καὶ
2825 757 2987 812 αὐτδν
3035 755 3307 809 ἀκούοντα
3341 770 3446 806 κα·-

1861 848 2112 902 τανεύειν
2140 848 2389 919 δέχεσθαι
2438 848 2760 918 (τεκμήριον
2789 844 2839 901 δ’
2886 842 3028 899 εῖναι
3071 844 3184 898 τῶν
3215 841 3444 913 εἰρημέ-

1860 957 1966 996 νων
1990 941 2087 995 καὶ
2129 939 2198 995 τὰ
2234 940 2374 1010 πρὸς
2407 940 2613 994 ἐκεῖνον
2665 936 3085 1011 χρυσόϐουλλα),
3131 934 3196 989 ού
3247 934 3443 1005 μὴνηδὲ

1859 1032 2018 1086 τόσον
2060 1032 2448 1103 περιαθροῖσαι
2483 1031 2688 1100 πλῆθος
2735 1030 2832 1083 καὶ⁴
2878 1029 3146 1096 ἐνεγκεῖν.
3192 1028 3344 1081 Ἐπεὶ
3392 1025 3451 1079 δ’

1860 1122 2099 1192 ἐνέγκοι,
2151 1122 2334 1176 πείθει.
2364 1122 2617 1194 δέχεσθαι
2666 1122 2805 1192 πρὸς
2852 1121 3045 1191 καιρὸν
3080 1121 3168 1186 ἐφ’
3195 1117 3440 1190 ὡρισμέ-

1858 1230 1969 1278 νοις
1993 1213 2409 1285 ιριλοτιμήμασι.
2432 1213 2543 1268 Καὶ
2567 1212 2658 1268 διὰ
2677 1211 2848 1267 ταῦτα
2872 1211 3034 1265 αὐτόν
3053 1211 3101 1264 Θ“
3126 1209 3445 1264 ὑπακοῦσαι

1861 1304 2197 1371 ἁπαξαπλῶς
2216 1304 2427 1370 πάντας
2452 1306 2709 1374 ἀγάλλειν
2734 1306 2845 1367 τοῖς
2866 1302 3061 1375 δώροις
3084 1305 3177 1357 καὶ
3206 1306 3319 1367 τοῖς
3348 1321 3439 1372 μι-

1862 1397 2029 1459 σθοῖς.
2079 1396 2222 1468 Πλὴν
2259 1396 2458 1450 ταυτὸν
2504 1397 2603 1467 μὲν
2640 1396 2777 1467 πρὸς
2821 1398 3030 1450 ἐκεῖνον
3069 1396 3271 1449 διδόναι
3309 1396 3439 1458 τοὺς

1859 1488 2200 1559 ἀποδέσμους
2239 1488 2350 1542 τῶν
2395 1490 2693 1561 χρημάτων
2744 1489 3328 1560 ἀπολυπραγμονήτως
3358 1488 3442 1541 δι-

1860 1579 2074 1646 καιοῦν,
2105 1579 2183 1645 ὡς
2214 1581 2458 1645 ἐκείνους
2505 1583 2598 1636 καὶ
2622 1582 2722 1653 τὴν
2769 1583 2945 1653 ἀρχὴν
2974 1581 3199 1650 ἄγοντα,
3230 1582 3442 1634 ἐκεῖνον

1860 1672 1918 1726 δὲ
1952 1672 2231 1742 διανεμεῖν
2275 1666 2429 1740 ᾧτινι
2478 1673 2622 1727 Θέλοι
2663 1674 2756 1727 καὶ
2783 1674 2860 1736 ὦς
2902 1690 2965 1742 γε
2995 1673 3256 1744 βούλοιτο.
3299 1672 3461 1727 an"

1859 1761 1972 1816 οὔδ’
2000 1762 2159 1817 ἄλλον
2195 1762 2326 1834 παρ’
2355 1764 2521 1817 αὑτὸν
2559 1764 2777 1818 τάττειν
2810 1764 2901 1817 τὸν
2932 1764 3175 1827 ἐκείνους
3219 1765 3443 1832 ἄξοντα,

1860 1852 1953 1905 τὸν
1985 1854 2041 1907 δὲ
2074 1853 2174 1926 τὴν
2202 1853 2380 1925 ἀρχὴν
2423 1854 2713 1924 ἀγόμενον.
2747 1855 2857 1909 Καλ⁸
2912 1854 2973 1908 τδ
3024 1856 3220 1917 αἴτιον,
3251 1855 3451 1925 φησὶν,

1862 1944 1948 1998 ἵνα
1975 1945 2055 2016 τῷ
2100 1945 2322 2016 συνήθει
2349 1946 2444 2001 καὶ
2477 1946 2617 2018 φίλῳ
2653 1947 3002 2017 δουλούμενοι
3042 1949 3256 2019 ἐνεργοὶ
3318 1950 3450 2019 pter"

1858 2035 2115 2112 εὐταξίας
2158 2039 2414 2109 ἀγόμενοι
2461 2035 2593 2093 είεν.
2615 2040 2777 2123 jam
2806 2038 2882 2104 ὡς
2916 2040 3090 2094 τόσων
3125 2042 3218 2094 καὶ
3264 2041 3442 2094 τόσων

1858 2133 2159 2202 χρημάτων
2191 2133 2537 2204 ἐκενώθησαν
2568 2134 2854 2205 θησαυροὶ,
2886 2134 2937 2188 τί
2968 2134 3026 2188 τὺ
3057 2137 3280 2205 γεγονὸς
3307 2142 3452 2206 παρ’

1858 2225 2105 2286 ἐκείνων,
2151 2225 2473 2296 βουλόμενος
2521 2227 2804 2297 ἐντρέπειν
2851 2225 3062 2297 ἠρώτα,
3111 2226 3314 2291 καὶ-τίς
3346 2229 3454 2282 ἐπὶ

1857 2315 2070 2380 τούτοις
2114 2317 2450 2381 ἀντέκτισις,
2485 2317 2961 2388 διαχειμασάντων
3022 2319 3121 2388 μὲν
3155 2320 3297 2373 κατὰ
3329 2319 3451 2373 Κύ-

1861 2406 2013 2474 ζικον
2044 2409 2139 2465 καὶ
2171 2409 2249 2483 μὴ
2294 2410 2378 2464 ὅτι
2413 2427 2478 2481 γε
2517 2410 2682 2482 μηδὲν
2731 2410 2840 2466 τῶν
2890 2411 3156 2483 όνητστων
3200 2412 3452 2482 πραξάνιι

1863 2583 2013 2662 gius,
2066 2590 2404 2663 densarique
2463 2593 2738 2665 plurimos
2796 2595 2947 2651 velut
2993 2595 3048 2651 in
3098 2596 3443 2652 concionem

1861 2694 2167 2757 senatuque
2218 2702 2287 2742 ex
2343 2688 2577 2744 adverso
2622 2689 2921 2755 collocato,
2967 2705 3102 2747 sane
3160 2691 3454 2762 prolixam

1862 2777 2167 2834 orationem
2220 2780 2398 2837 otiose
2444 2781 2511 2837 ad
2563 2783 2725 2838 linem
2799 2800 2975 2855 usque
3024 2784 3321 2855 pertexuit,
3372 2787 3443 2839 ad

1866 2870 2022 2941 ipsos
2072 2872 2339 2929 directam
2375 2874 2696 2944 Catelanos,
2729 2878 3061 2949 plerumque
3091 2879 3314 2933 interim
3370 2878 3443 2933 de

1864 2960 2131 3017 industria
2202 2979 2462 3036 magnum
2514 2967 2693 3037 ipsum
2779 2969 3157 3039 perstringens
3218 2970 3439 3025 ducem.

1866 3052 2153 3110 Sententia
2181 3056 2443 3114 dictionis
2477 3058 2583 3113 fuit
2614 3058 3040 3130 itaudQuaquam
3072 3076 3132 3117 se
3170 3075 3201 3114 a
3236 3060 3451 3129 princi-

1865 3147 1956 3217 pio
1994 3156 2206 3204 tantum
2257 3151 2608 3207 auxiliarium
2634 3168 2922 3209 numerum
2972 3162 3213 3222 optasse,
3264 3169 3452 3223 neque

1867 3241 2010 3297 ultro
2051 3244 2314 3313 appulsos
2358 3247 2565 3315 scripto
2597 3255 2692 3301 aut
2736 3254 2872 3301 nutu
2937 3248 3282 3318 signiﬁcasse
3338 3248 3445 3303 ad-

1872 3334 2088 3391 mittere
2141 3350 2199 3390 se
2228 3343 2394 3408 atque
2427 3338 2480 3391 in
2513 3339 2977 3417 auctorandorudm
3023 3356 3050 3393 a
3117 3356 3177 3396 se
3205 3340 3460 3395 militum

1869 3441 2039 3481 censu
2077 3426 2303 3483 habere.
2337 3429 2641 3486 indicatum
2673 3430 2778 3487 sibi
2831 3431 2963 3486 olim
3019 3431 3088 3488 de
3118 3432 3457 3501 Rontzerio,

1870 3520 2048 3590 ipsum
2082 3520 2229 3577 mille
2256 3523 2554 3579 admodum
2586 3525 2886 3596 peditibus,
2938 3526 3257 3598 quingentis
3280 3526 3473 3598 equi--

1869 3612 2016 3668 tibus
2042 3628 2320 3684 praeesse:
2353 3616 2476 3683 bos,
2507 3633 2607 3673 nec
2657 3618 2866 3688 plures.
2916 3627 2975 3674 ut
2999 3619 3105 3675 sibi
3165 3619 3463 3689 suppetias
3510 3653 3514 3657 ς

1869 3703 2167 3761 adduceret
2196 3708 2567 3763 consensisse.
2603 3708 2778 3776 Quam
2815 3709 2869 3764 id
2901 3724 3090 3766 verum
3125 3711 3220 3775 sit,
3252 3710 3479 3767 bodié~~

1868 3810 1974 3866 que
2007 3802 2159 3853 cerni
2210 3814 2370 3869 posse
2415 3800 2581 3871 487
2634 3802 2689 3856 in
2721 3802 3019 3873 diplomate
3064 3819 3238 3859 aurea,
3294 3803 3483 3860 bulla.

1869 3891 2105 3955 munito,
2135 3907 2245 3962 quo
2268 3892 2421 3946 illum
2448 3902 2757 3958 evocasset,
2787 3910 2897 3967 quo
2919 3896 2965 3952 is
2989 3896 3234 3966 prmcise-
3253 3911 3445 3951 mune-

1869 3996 1964 4037 rus
1993 3991 2343 4038 evocatorum
2373 3984 2440 4038 ad
2486 3999 2546 4040 se
2575 3986 2807 4041 militum
2855 3987 3232 4057 exprimitur.
3257 3987 3447 4057 itaque
3484 4018 3489 4023 -

1870 4077 1971 4132 hoc
2016 4076 2254 4147 primum
2297 4078 2513 4149 lnjussu
2547 4087 2603 4134 ct
2663 4090 2871 4136 temere
2913 4079 3140 4144 factum,
3184 4089 3243 4134 ut
3289 4088 3454 4135 tanto

1868 4170 2056 4239 plures
2092 4168 2533 4227 adducerentur.
2569 4169 2774 4226 Tamen
2807 4171 2899 4227 ubi
2921 4169 3034 4240 jam
3072 4171 3161 4225 i'sti
3188 4170 3443 4234 adfuere,

1870 4277 1939 4315 ne
1973 4260 2135 4331 plane
2185 4263 2404 4318 irritum
2466 4264 2573 4320 illis
2601 4271 2767 4319 tanta}
2796 4264 2899 4320 vite
2932 4264 3171 4319 laborem
3212 4263 3437 4324 iaceret.

1870 4354 2105 4424 benigne
2156 4356 2418 4412 annuisse
2442 4366 2500 4412 ut
2534 4364 2757 4413 tantum
2801 4357 2884 4431 ad;
2905 4366 3123 4426 tempus
3178 4355 3443 4411 admitte-

1869 4458 2083 4517 rentur,
2135 4448 2377 4504 definitis
2439 4450 2691 4506 contenti
2739 4449 3036 4503 donativis.
3085 4446 3329 4503 Ulterius
3380 4462 3445 4503 se

1870 4540 2070 4596 deinde
2110 4550 2294 4597 tamen
2326 4557 2494 4612 quam
2521 4543 2809 4613 professus
2857 4540 3058 4607 fuerat,
3101 4540 3451 4610 indulgendo

274 4631 417 4689 Unde
462 4643 517 4691 et
554 4635 790 4706 quadam
838 4637 926 4692 die
970 4651 1191 4706 gravem
1239 4639 1528 4695 obvertens
1569 4653 1765 4709 magno
1796 4649 1843 4706 9
1867 4641 1923 4687 et
1955 4628 2234 4701 largiendo
2283 4632 2622 4702 processisse
2651 4649 2667 4687 :
2701 4631 2920 4687 nemine
2956 4638 3159 4702 quippe
3194 4633 3450 4696 illorum,

220 4719 322 4777 duci
373 4725 608 4789 vultum,
658 4726 817 4795 quasi
862 4725 1110 4782 offensus
1165 4727 1311 4795 quod
1363 4726 1483 4784 suis
1545 4735 1761 4782 tantum

221 4816 437 4879 pecunia:
484 4817 759 4889 flagitaret
803 4817 959 4889 (sunt
997 4819 1088 4888 qui
1120 4818 1309 4874 dicant
1350 4833 1415 4873 ex
1452 4819 1764 4890 composito

223 4901 316 4959 haec
346 4919 458 4963 acta
490 4918 547 4965 et
577 4910 850 4965 volentem
880 4910 1236 4968 Rontzerium
1267 4913 1368 4968 hoc
1398 4913 1602 4984 frigore
1639 4929 1765 4981 per-

224 5009 414 5054 cussum
454 5001 521 5056 ab
546 5003 829 5071 Augusto;
863 5018 972 5074 quo
996 5004 1077 5060 sic
1107 5004 1360 5061 videlicet
1392 5005 1502 5061 dux
1532 4994 1765 5076 magnus

124 5115 135 5132 ι
226 5087 337 5154 suis,
367 5093 453 5158 qui
490 5101 625 5147 tunc
667 5103 964 5162 praesentes
1003 5096 1251 5160 aderant,
1281 5110 1403 5152 sese
1436 5111 1545 5151 non
1579 5097 1762 5152 solum

224 5187 447 5245 purgaret
479 5197 510 5236 a
544 5182 864 5253 suspicione
899 5185 1267 5254 perfunctorie
1301 5189 1637 5258 procurandi
1675 5204 1764 5246 res

228 5266 459 5341 ipsorum,
491 5275 588 5331 sed
622 5276 789 5332 etiam
821 5269 1252 5343 commendaret,
1281 5282 1440 5350 quasi
1470 5283 1565 5351 qui
1612 5286 1765 5338 ta'nto

205 5351 379 5419 'studio
415 5367 609 5422 amicis
645 5370 979 5430 consuleret.
1019 5380 1079 5425 ut
1131 5370 1432 5440 periculum
1456 5374 1558 5428 tali
1595 5391 1764 5432 causa

229 5457 476 5514 excidendi
541 5461 773 5532 Augusti
809 5464 982 5531 gratia
1024 5464 1212 5519 subire
1266 5480 1374 5519 non
1439 5465 1763 5536 dubitaret),

231 5546 405 5614 nubila,
434 5554 652 5623 inquam
677 5594 694 5620 ,
719 5552 899 5609 fronte
939 5554 1280 5626 infensisque
1323 5566 1520 5625 prater
1557 5574 1762 5612 morem

231 5639 378 5693 oculis
408 5658 660 5714 magnum
692 5644 889 5699 ducem
927 5646 1045 5702 suis
1085 5646 1349 5717 stipatum
1375 5648 1653 5702 Catelanis
1683 5649 1767 5701 in-

233 5733 387 5795 tuens,
409 5737 488 5788 sui
520 5736 786 5792 adversus
819 5751 915 5794 eos
950 5737 1325 5795 defensionem
1374 5756 1614 5811 praesens
1648 5741 1766 5810 ipse

235 5829 572 5890 peroraturus,
624 5835 683 5881 ut
733 5827 783 5882 ei
836 5827 1175 5885 audientium
1234 5829 1459 5895 faceret,
1515 5838 1651 5885 nutu
1704 5846 1763 5886 se

234 5902 482 5970 admovere
507 5916 675 5987 jussit
719 5928 991 5990 quotquot
1025 5935 1120 5992 per
1164 5923 1342 5978 aulam
1383 5922 1610 5979 aberant
1637 5922 1759 5977 lon-

1862 4724 2041 4793 spatio
2094 4725 2230 4779 tanti
2262 4724 2374 4793 jam
2433 4724 2719 4795 temporis,
2770 4722 3024 4789 dimisso,
3076 4724 3237 4793 plena
3278 4738 3448 4794 aeque-

1861 4816 2078 4871 Cunctis
2110 4817 2386 4871 numerari
2414 4817 2687 4887 stipendia
2718 4830 2971 4873 curasse.
3004 4817 3220 4884 Quanta
3256 4817 3360 4873 fide
3385 4817 3440 4873 id

1863 4908 2031 4963 fuerit
2059 4924 2089 4962 a
2129 4910 2197 4965 se‘
2217 4909 2543 4979 praestituit),
2572 4910 2715 4970 scire
2751 4912 2960 4980 optime
3022 4911 3271 4964 omnium
3333 4910 3438 4964 du-

1862 5015 1982 5057 cem
2014 5015 2294 5073 magnum,
2335 4996 2426 5057 cui
2454 5004 2628 5070 plenis
2658 5001 2837 5057 saccis
2873 5015 3019 5071 saepe
3050 5001 3305 5071 ingentes
3337 5018 3438 5055 nec

1863 5094 2083 5149 curiose
2142 5103 2237 5148 aut
2295 5094 2507 5150 minute
2555 5103 2874 5151 numeratas
2934 5093 3057 5148 auri
3115 5093 3442 5164 argentique

1862 5187 2062 5256 signati
2119 5203 2363 5244 summas
2416 5186 2776 5254 commiserit,
2815 5188 2922 5244 fide
2950 5203 3200 5257 curaque
3262 5188 3441 5256 ipsius

1865 5281 2189 5336 dividendus
2221 5281 2361 5345 suis,
2416 5296 2479 5336 ea
2510 5282 2869 5352 proportione
2896 5296 3087 5352 quam,
3119 5280 3440 5352 qui-nosset

1866 5381 2099 5428 cunctos
2131 5373 2337 5443 optime
2371 5374 2572 5445 cuique
2599 5389 2789 5430 omnes
2828 5376 2991 5428 unice
3041 5373 3292 5439 ﬁderent,
3327 5386 3445 5426 me-

1866 5463 1988 5517 ritis
2035 5462 2340 5531 usibusque
2370 5464 2719 5534 singulorum
2781 5479 3006 5534 aequam
3048 5462 3439 5518 accommoda-

1867 5564 2089 5619 tamque
2119 5556 2442 5625 judicasset.
2500 5558 2594 5613 Sic
2622 5573 2682 5613 se
2713 5557 3016 5628 gratificari
3051 5556 3306 5625 utrisque
3357 5570 3451 5608 ar-

1868 5648 2168 5717 iiitratum,
2222 5660 2560 5721 temperasse
2617 5652 2686 5707 ab
2728 5652 2856 5706 aiio'
2908 5650 3043 5721 ipsis
3086 5648 3445 5719 praeficiendo

1866 5745 1951 5799 vel
2008 5745 2147 5799 duce
2207 5745 2293 5799 vel
2335 5754 2642 5815 quaestore,
2701 5755 2761 5799 ut
2807 5744 2875 5799 ab
2913 5745 3102 5799 eodem
3155 5743 3244 5797 cui
3307 5741 3447 5797 olim

1874 5849 2220 5895 sacramento
2243 5837 2515 5902 dixerant,
2542 5837 2813 5907 cujusque
2842 5835 3042 5891 dudum
3071 5836 3318 5906 imperiis
3353 5836 3443 5890 in-

1872 5930 2200 5998 suevisscnt,
2226 5931 2311 5987 vel
2331 5929 2604 5998 descripta
2629 5928 2913 5987 commode
2946 5928 3263 5985 militarium
3290 5928 3470 5985 labe--
