3738 6542
366 422 474 486 535

1557 427 1879 491 GEORGII
1922 427 2405 492 PACHYMERIE
3498 427 3585 492 536

366 551 502 592 των.
549 533 685 586 ἀλλὰ
736 534 831 588 καὶ
880 533 984 587 τῶν
1043 534 1165 589 λίαν
1223 536 1611 607 λυμαντικῶν;
1644 540 1726 594 Τὰ
1777 540 1823 595 δ’
1854 538 2017 608 ἔφ”Α
2044 544 2348 613 νοτροφεῖν.
2395 537 2788 613 Ἀποχρὼντως
2821 535 2881 592 δὲ
2913 535 3070 592 καὶᾶ
3116 534 3468 607 κερτομηθεὶς
3489 536 3587 590 δια-

368 626 577 697 ἑκάστῃ
612 626 761 680 πόλει
814 626 911 680 καὶ
935 625 1089 699 χώρᾳ
1134 628 1448 699 πραχθέντα
1482 631 1781 701 μετέπειτα
1813 630 1941 696 τοὺς

370 718 643 783 παθόντας
673 719 871 782 αὐτοὺς
906 719 1198 791 Στέντορος
1231 719 1387 789 δίκην
1416 721 1561 785 οἵους
1593 720 1641 775 τ’
1676 711 1813 776 εἶναι
1843 722 1942 793 δη-

368 810 514 866 λοῦν.
545 811 619 867 Τὸ
642 810 698 865 δὲ
725 811 819 865 καὶ
843 811 1167 881 Μαγνησίαν
1200 813 1507 882 πολιορκεῖν
1528 814 1620 867 καὶ
1648 815 1759 878 τοῖς
1792 814 1944 878 ἰδίοις

370 901 539 956 αὑτοῦ
571 904 857 973 περιιστᾷν
889 901 976 975 [Ρ.
1010 901 1136 976 559]
1168 901 1409 977 κίνδυνον
1441 905 1535 959 καὶ⁵
1566 905 1658 959 ἐπὶ
1688 905 1943 960 τοσοῦτον

369 994 562 1063 χρόνον
615 995 707 1047 τὶν
740 995 848 1049 τῶν
888 995 1181 1066 Ῥωμαίων
1231 996 1585 1067 κατατρίϐειν
1631 995 1781 1063 λαὸν,
1825 995 1943 1057 πῶς

369 1087 435 1140 ἂν
470 1089 501 1156 ἡ
512 1089 603 1157 μίν
635 1086 667 1158 ἢ
696 1087 861 1152 αὐτὸς
904 1088 938 1159 ἦ
969 1089 1167 1145 ἐκεῖνοι
1211 1091 1449 1160 εὐλόγως
1501 1089 1941 1160 ἁπολογίσαιντο,

370 1180 576 1249 Ελεγεν.
617 1182 714 1234 Ἓν
740 1176 886 1252 εἶχεν
934 1181 1160 1247 ἐκείνοις
1210 1186 1676 1255 προσμαρτυρεῖν,
1713 1184 1809 1237 καὶ
1841 1183 1943 1239 οὐκ

368 1274 781 1344 ἀπεκρύπτετο,
807 1274 868 1328 τὸ
900 1276 966 1346 τῇ
999 1274 1356 1344 summa;
1390 1276 1454 1331 ἐκ
1482 1274 1800 1346 πολιορκίας
1829 1293 1945 1330 κιν-

367 1364 668 1436 δυνευούσῃ
719 1366 789 1421 τὰ
823 1365 1058 1435 μέγιστα
1093 1366 1183 1420 ἐπ’
1235 1366 1414 1435 ὀλίγον
1458 1365 1674 1437 ὠθῆσαι
1703 1367 1796 1421 τὸν
1826 1365 1944 1420 κίν⁹

370 1456 549 1511 δυνον.
594 1456 660 1510 Τί
690 1457 817 1523 δαί;
860 1456 1021 1511 Ἀλλὰ
1054 1458 1153 1512 καὶ
1180 1456 1340 1511 τοῦτο
1379 1458 1474 1510 καὶ
1504 1457 1665 1527 μόνον
1693 1457 1804 1511 τῶν
1848 1472 1942 1509 το-

372 1550 582 1602 σούτων
613 1539 753 1603 εἶναι
801 1548 1008 1617 μισθῶν
1038 1548 1310 1616 ἀντάξιον,
1344 1548 1547 1618 μᾶλλον
1595 1549 1692 1619 μὲν
1725 1547 1819 1603 οὖν
1850 1546 1945 1604 καὶ

370 1641 468 1707 τὴν
501 1640 596 1693 ἐπὶ
644 1642 757 1705 τοῖς
796 1640 1004 1706 λοιποῖς
1054 1640 1380 1710 ἀλαστορίαν
1423 1639 1518 1694 καὶ
1545 1639 1608 1694 τὸ
1649 1638 1743 1693 ἐπὶ
1772 1638 1946 1713 ταύτῃ

371 1733 726 1801 ἀφαιρεῖσθαι
778 1732 1133 1805 κατόρθωμα..
1176 1733 1291 1788 Νῦν
1344 1733 1403 1786 δὲ
1442 1732 1597 1798 una:
1638 1732 1733 1787 καὶ
1789 1729 1946 1793 αὖθις

372 1824 751 1894 ἔκλεξαμένων
790 1825 1018 1895 χρῄζειν
1055 1825 1287 1880 τοσῶνδε
1314 1825 1420 1879 ικαὶ
1447 1822 1524 1895 μὴ
1558 1823 1666 1879 τῶν
1701 1821 1940 1886 πάντων,

370 1916 445 1981 ὡς
472 1886 548 1987 μθ]
572 1886 691 1981 οἵας
719 1917 766 1971 τ’
988 1917 1089 1988 τῆς
1130 1916 1428 1989 Ῥωμαῖδος
1448 1886 1589 1980 ’τοὺς
1620 1915 1828 1979 πάντας
1859 1912 1945 1981 ξε-
1975 1886 2017 1944 Β

373 2116 497 2154 rum
533 2116 700 2171 pensa
729 2100 990 2158 libentius
1019 2101 1236 2158 obirent
1267 2100 1352 2156 vel
1384 2106 1771 2172 repraesentata
1809 2098 1947 2155 fide-

376 2192 485 2246 lius
520 2192 588 2247 ad
617 2191 760 2247 diem
818 2192 1133 2261 acciperent
1164 2191 1462 2262 stipendia.
1493 2189 1596 2246 ilic
1623 2190 1737 2245 acri
1770 2189 1948 2247 Ront-

377 2283 587 2339 aerium
618 2284 814 2340 obtutu
854 2283 1048 2354 ﬁgens,
1079 2284 1235 2353 quasi
1263 2293 1320 2339 ut
1348 2285 1525 2353 ipsum
1574 2284 1786 2352 pudore
1808 2290 1947 2337 con-

379 2375 652 2442 fuuderet,
676 2376 1035 2446 interrogavit
1058 2394 1074 2433 :
1114 2394 1132 2428 ι
1160 2375 1307 2431 Heus
1333 2384 1389 2429 tn
1412 2390 1512 2444 age
1534 2374 1644 2440 dic,
1668 2373 1945 2444 inquiens,

378 2469 508 2535 quid
549 2476 627 2522 tot
650 2482 713 2523 ac
748 2469 917 2522 tantis
955 2467 1146 2524 effusis
1201 2468 1256 2523 in
1292 2467 1450 2522 sinus
1482 2477 1699 2523 vestros
1725 2466 1946 2522 thesau~

380 2563 457 2616 ris
490 2561 823 2631 profecimus
850 2561 874 2613 ?
905 2562 1034 2632 quid
1087 2576 1188 2632 pro
1221 2561 1504 2617 exinanito
1533 2559 1768 2615 totiesin
1795 2559 1947 2615 lucra

377 2664 561 2709 vestra
602 2654 816 2725 imperii
854 2653 1050 2709 aerario
1111 2654 1268 2710 nobis
1304 2669 1481 2724 operae
1538 2652 1695 2721 pretii
1747 2667 1947 2723 repen-

379 2746 536 2802 distis
565 2748 593 2800 ’ἶ
622 2746 964 2803 llibernastis
993 2745 1136 2819 apud
1160 2744 1413 2815 Cyzicum
1437 2761 1453 2799 :
1481 2754 1535 2800 at
1560 2746 1671 2801 illic
1700 2745 1945 2816 quidem,

378 2853 487 2891 nun
529 2837 704 2891 dicam
737 2837 875 2893 nihil
904 2837 1035 2893 utile
1070 2836 1383 2906 reipublicae
1407 2836 1532 2901 ,sed
1565 2835 1797 2906 plurima
1828 2850 1948 2893 ma-

379 2928 524 2983 xime
563 2928 724 2984 noxia
754 2928 991 2985 fecistis.
1030 2924 1160 2995 Quae
1199 2943 1327 2984 vero
1368 2927 1564 2983 deinde
1594 2927 1647 2981 in
1688 2927 1945 2998 singulis,

380 3030 476 3085 per
505 3031 642 3085 quas
672 3017 977 3084 transistis,
1008 3017 1062 3073 in
1099 3017 1300 3088 quibus
1347 3018 1541 3072 morati
1604 3016 1761 3082 estis,
1794 3017 1948 3072 urbi-

379 3108 482 3164 bus
511 3115 603 3162 aut
656 3109 975 3180 regionibus
1009 3109 1258 3180 egeritis,
1311 3108 1472 3165 facile
1502 3119 1685 3181 potest
1713 3110 1943 3182 intelligi

2046 635 2210 704 κενῆς
2261 632 2580 705 ὲξήντλησε.
2624 632 2796 686 Τοῦτο
2841 629 3043 700 γνῶναι
3101 627 3276 681 θέλειν
3322 627 3469 696 παρὰ
3495 626 3589 682 τῶν

2044 728 2357 786 ἀκουόντων
2380 727 2502 781 τότε
2532 725 2627 780 καὶ
2650 727 2777 789 τοὺς
2806 723 3020 788 ἄλλους,
3056 723 3107 777 οἶ
3131 721 3194 794 δὴ
3229 721 3323 775 καὶ
3343 721 3404 774 οὐ
3430 721 3591 791 παρῆ-

2046 838 2146 877 σαν
2173 836 2187 854 ⁸
2231 820 2391 875 τοῦτο
2426 818 2631 890 γνῶναι
2678 822 2775 872 καὶ
2814 817 2907 870 τὸν
2939 815 3146 869 τούτων
3190 813 3503 882 ἔξάρχοντα,
3526 812 3591 877 ὡς

2049 915 2182 987 μήθ’
2205 915 2384 985 ὑμεῖς,
2413 911 2598 982 φησὶν,
2630 910 2912 964 ἀπαιτοῖτε
2938 908 3007 962 τὰ
3034 907 3179 979 ὑπὲρ
3205 906 3457 975 δύναμιν,
3484 904 3592 976 μήτ’

2044 1009 2254 1071 ἐκεῖνος
2285 1004 2530 1075 ἐνοχλοίη
2556 1000 2768 1071 τρύζων
2795 1000 2938 1070 ὑπὲρ
2975 996 3152 1068 ὑμῶν.
3184 994 3371 1049 Ταῦτα
3393 996 3488 1063 μὲν
3512 994 3593 1047 καὶ

2043 1099 2116 1156 τὰ
2150 1098 2366 1162 τούτοις
2423 1095 2597 1150 πλείω
2628 1093 2883 1166 βασιλεὺς
2936 1089 3152 1155 ἔλεξεν·
3186 1088 3385 1141 tacetve:
3426 1084 3484 1139 ὁὶ
3510 1102 3596 1155 μη-

2042 1194 2131 1248 δὲν
2170 1192 2385 1263 ἔχοντες
2430 1189 2756 1257 ἀντιλέγειν,
2800 1185 2961 1256 μόνον
3003 1182 3247 1253 κορύζης
3288 1177 3595 1246 πλησθέντες

2055 1284 2348 1355 Ἰταλικῆς,
2381 1282 2457 1346 ὠς
2500 1281 2658 1352 δῆθεν
2709 1276 3232 1350 παραλογισθέντες,
3278 1274 3494 1343 ἐπεῖχον
3529 1268 3597 1340 τῷ

2044 1379 2253 1449 ἄγοντι.

2047 1471 2124 1538 ς’.
2160 1467 2581 1543 "paean-Mla
2605 1464 2760 1546 πρὸς
2780 1461 3051 1546 ,βασιλέα
3083 1457 3237 1543 κατὰ
3262 1454 3603 1513 Κατελάνωγ

2556 1531 2679 1590 ubi
2705 1531 3107 1590 Γεννουττῶνδ.

2115 1655 2204 1728 [Ρ.
2231 1652 2359 1726 540]
2403 1652 2493 1708 Ἐν
2519 1650 2758 1719 τοσούτῳ
2784 1648 2840 1702 δὲ
2867 1648 2963 1702 καὶ
2991 1647 3042 1700 oi
3084 1644 3230 1701 κατὰ
3270 1641 3371 1712 τὴν
3393 1636 3601 1709 μεγαλό-

2045 1750 2200 1803 πολιν
2245 1744 2558 1803 ΓεΜυῖται
2617 1744 2791 1815 πέραν
2841 1741 2940 1805 τὰς
2980 1739 3226 1809 οἰκήσεις
3277 1732 3597 1802 ποιούμενοι,

2045 1843 2141 1898 καὶ
2167 1839 2323 1906 αὖθις
2341 1838 2588 1910 σχόντες.
2632 1834 2771 1907 πρὸς
2800 1832 2867 1886 τὸ
2892 1829 3308 1901 μεγαλειότερυν
3352 1821 3602 1877 ἐποικοδο-
3634 1846 3639 1851 ι

2052 1932 2386 2007 μησάμενοι,
2420 1930 2562 1986 ὥστε
2600 1928 2692 1981 καὶ
2715 1925 2974 1994 πλείστην
3020 1922 3163 1990 ὑπὲρ
3211 1920 3313 1990 τὴν
3356 1917 3600 2007 προτέραν

2049 2128 2111 2174 ut
2156 2114 2353 2172 modus
2387 2111 2606 2170 tandem
2647 2107 2850 2180 aliquis
2874 2104 3203 2183 adhibeatur
3234 2094 3468 2156 infinitis
3493 2095 3602 2151 inu-

2048 2210 2435 2278 tilissimisque
2455 2204 2718 2276 iacturis,
2748 2199 2951 2272 quibus
2986 2197 3097 2254 sint
3135 2195 3403 2250 haetenus
3428 2192 3601 2245 incan-

2049 2303 2356 2362 sultissime
2388 2300 2659 2356 universae
2688 2293 2904 2367 imperii
2941 2292 3114 2362 copiae
3134 2287 3404 2361 profusa.
3441 2285 3498 2340 in
3513 2285 3604 2338 hoc

2051 2407 2223 2454 testes
2256 2410 2318 2452 se
2352 2392 2635 2449 auditores
2661 2390 2755 2460 qui
2791 2401 2980 2445 coram
3016 2384 3279 2440 adessent
3307 2379 3469 2444 velle,
3496 2391 3603 2444 per-

2049 2507 2156 2565 que
2180 2491 2303 2556 hosj
2330 2488 2473 2544 idem
2521 2482 2757 2540 indicari
2784 2478 3106 2536 absentibus
3140 2481 3357 2546 optare,
3384 2470 3604 2565 denique

2048 2560 2216 2643 istum
2258 2595 2422 2652 quem
2458 2580 2828 2635 metnorarent
2872 2584 3068 2628 recens
3089 2583 3215 2624 cum
3255 2579 3402 2621 novo
3424 2560 3601 2632 appul-

2048 2697 2171 2738 sum
2218 2679 2469 2735 exercitu
2517 2671 2736 2729 edoceri
2776 2675 2831 2726 et
2876 2666 3084 2723 diserte
3145 2656 3485 2717 commoneri
3547 2654 3603 2708 de

2050 2776 2155 2831 ista
2186 2773 2305 2841 ipsa
2345 2782 2445 2825 sua
2475 2766 2759 2822 voluntate
2781 2775 2845 2815 ac
2876 2759 2980 2814 fixa
3013 2755 3290 2814 sententia
3309 2763 3531 2820 cupere,
3552 2759 3602 2802 se

2051 2868 2235 2939 plures
2267 2862 2418 2917 mille
2446 2854 2803 2915 conductitiis
2831 2849 3105 2909 militibus
3139 2850 3195 2902 in
3220 2845 3469 2900 rationes
3515 2841 3603 2895 im-

2051 2956 2233 3030 putari
2266 2952 2517 3025 puhlicas
2564 2948 2732 3005 nolle.
2798 2945 3127 3000 Desinerent
3190 2952 3313 2998 sese
3374 2938 3601 3006 ingerere

2050 3066 2114 3107 ac
2148 3050 2296 3105 velut
2320 3046 2604 3103 inculcare
2643 3054 2805 3111 supra
2848 3050 3037 3104 usum,
3072 3051 3245 3107 supra
3285 3048 3422 3103 opes
3451 3030 3600 3084 facul-

2051 3153 2309 3212 tatesque
2338 3146 2560 3194 nostras
2590 3132 2776 3190 caeteri
2802 3150 2818 3199 ;
2854 3131 3096 3201 bonique
3125 3126 3483 3183 consulerent
3514 3134 3601 3176 nos

378 3219 445 3257 ex
490 3202 805 3307 planctibus
852 3204 1269 3307 lamentantium
1319 3218 1429 3307 sua.
1464 3204 1688 3307 damna
1733 3205 1946 3259 incola-
1976 3225 2019 3285 ο
2051 3253 2161 3292 non
2200 3202 2427 3307 prodire
2478 3228 2790 3301 pollicendo
2829 3226 2972 3280 ultra
3011 3236 3175 3293 quam
3216 3220 3272 3275 in
3330 3223 3603 3272 numerato

379 3311 500 3351 rum
536 3312 554 3352 :
592 3295 878 3352 Stentorea
902 3298 1046 3352 enim
1082 3297 1312 3368 ideoque
1350 3298 1433 3353 vel
1464 3298 1784 3369 longissime
1815 3313 1943 3355 sen-

378 3388 526 3447 sibili
552 3388 621 3445 de
649 3389 735 3445 his
766 3404 901 3445 voce
926 3401 1360 3462 conqueruntur.
1382 3390 1721 3462 Oppugnata
1750 3390 1948 3446 deinde

380 3484 587 3538 crimen
627 3482 942 3553 Magnesiae,
971 3484 1147 3555 signis
1171 3484 1454 3553 armisque
1485 3488 1689 3541 nostris
1719 3485 1774 3540 in
1811 3486 1947 3542 sub-

379 3575 619 3628 ditorum
655 3584 998 3642 nostrorum,
1030 3575 1135 3632 hoc
1183 3586 1269 3632 est
1296 3577 1351 3631 in
1383 3586 1571 3632 nostra
1602 3579 1847 3648 ipsorum
1893 3585 1948 3635 et

378 3665 698 3739 reipublicm
736 3667 975 3735 pericula
1028 3668 1337 3735 conversis,
1382 3669 1771 3738 exercitusque
1832 3668 1945 3725 Ro-

381 3758 552 3823 mani,
581 3758 752 3831 488
800 3758 960 3829 cujus
1003 3770 1123 3814 erat
1168 3760 1298 3815 alibi
1355 3760 1619 3815 adversus
1678 3760 1949 3815 Barbaros

380 3861 492 3903 tam
524 3850 857 3915 desiderata,
888 3857 997 3905 tam
1048 3851 1363 3907 necessaria
1411 3865 1600 3920 opera,
1650 3859 1853 3906 temere
1882 3865 1950 3906 ac

379 3941 649 4012 ﬂagitiose
682 3941 874 3997 tandiu
900 3943 955 3998 in
988 3942 1201 3999 civibus
1233 3942 1558 4000 obsidendis
1580 3952 1764 4000 vestro
1784 3944 1948 4015 jussu

380 4049 443 4089 ac
478 4035 643 4089 ductu
676 4034 905 4097 detenti,
942 4050 1103 4106 quam
1154 4036 1502 4094 comminisci
1536 4053 1779 4108 unquam
1829 4036 1951 4094 ido-

379 4143 569 4208 neam,
597 4143 764 4199 quam
802 4129 1042 4197 allegare
1067 4128 1153 4184 vel
1180 4129 1521 4186 tolerabilem
1545 4131 1944 4208 defensionem,

381 4236 502 4292 age.
539 4202 845 4292 poteritis?
877 4219 1054 4277 Unius
1112 4222 1245 4277 recti
1292 4236 1356 4278 ac
1386 4222 1675 4279 laudabilis
1695 4202 1839 4280 .facti
1874 4232 1950 4279 te-

380 4315 704 4371 stimonium
760 4313 916 4369 vobis
945 4314 1137 4382 debeo,
1162 4322 1217 4370 et
1271 4314 1633 4374 libentissime
1673 4316 1947 4387 persolvo.

379 4406 670 4474 Proﬁteor,
704 4405 951 4475 inquam,
995 4406 1137 4461 ultro
1164 4420 1229 4462 ac
1279 4415 1469 4476 gratus
1520 4408 1780 4477 praedico,
1850 4421 1952 4462 na-

379 4508 564 4555 vatam
621 4514 650 4552 a
687 4499 848 4553 vobis
888 4497 1123 4567 imperio
1171 4497 1388 4554 fortiter
1432 4513 1498 4554 ac
1538 4498 1771 4554 feliciter
1822 4512 1953 4567 ope-

381 4609 498 4650 ram
536 4595 590 4647 in
622 4590 997 4661 Philadelphia
1037 4606 1069 4648 a
1098 4591 1402 4649 barbaricae
1440 4592 1745 4649 obsidionis
1789 4593 1946 4647 malis
1982 4588 2027 4645 D

382 4686 635 4741 maximis
660 4684 1047 4755 {periculisque
1086 4684 1549 4753 lilieranda.Quid
1601 4695 1711 4739 tum
1766 4692 1946 4739 autem

381 4777 622 4851 postea?
654 4792 723 4833 an
778 4794 1074 4834 successus
1136 4779 1223 4833 hic
1264 4778 1461 4833 unicus
1498 4785 1572 4831 tot
1618 4776 1943 4847 pensionum

385 4880 775 4940 tantarumque
817 4878 927 4924 tam
966 4870 1110 4942 longi
1147 4870 1416 4939 temporis
1472 4872 1783 4923 mercedum
1835 4868 1947 4922 frn-

385 4972 508 5019 ctus
542 4960 761 5018 abunde
788 4977 1015 5034 magnus
1046 4975 1344 5031 mquusque
1398 4960 1758 5015 censebitur?
1785 4973 1948 5028 quem

386 5056 700 5127 praesertim
734 5053 942 5110 inﬁciet
971 5069 1036 5109 ac
1073 5059 1394 5123 corrumpat
1418 5051 1638 5105 licentia
1665 5062 1719 5105 et
1746 5051 1951 5122 ubique

388 5149 522 5205 alibi
575 5157 629 5205 et
686 5147 740 5202 in
790 5162 854 5204 ea
885 5148 1002 5220 ipsa
1054 5146 1194 5201 urbe
1260 5153 1521 5215 usurpata
1590 5146 1953 5215 rapacissime

390 5242 719 5314 grassandi;
752 5256 871 5312 quae
907 5248 1079 5296 totum
1126 5239 1373 5310 przeclari
1431 5254 1528 5311 per
1577 5252 1637 5294 se
1688 5238 1959 5294 facinoris

389 5335 625 5404 pretium
664 5347 729 5387 ac
763 5332 933 5386 decus
964 5333 1197 5383 obterat.
1239 5347 1257 5381 ι
1291 5330 1405 5384 Sub
1445 5345 1507 5386 ea
1541 5343 1807 5399 perorans
1846 5329 1953 5383 im-

391 5437 607 5495 perator
634 5423 805 5479 rediit
840 5423 905 5478 ad
939 5438 1053 5477 rem
1103 5422 1261 5476 initio
1297 5434 1660 5492 propositam,
1692 5437 1857 5495 egere
1893 5438 1955 5479 se

387 5526 603 5573 tantum
641 5516 831 5572 dicens
863 5528 972 5569 non
1002 5522 1117 5568 toto
1155 5512 1260 5569 isto
1293 5529 1520 5569 numero
1555 5515 1813 5581 militum,
1857 5514 1955 5572 sed

389 5611 537 5667 mille
587 5610 811 5665 circiter
839 5615 1044 5663 etanta
1080 5606 1430 5663 multitudine
1455 5607 1687 5666 delectis
1726 5628 1742 5667 :
1778 5628 1956 5681 neque

388 5704 535 5758 enim
594 5703 778 5772 plures
809 5717 905 5763 per
934 5702 1012 5757 rei
1045 5701 1326 5765 Romanae,
1393 5716 1515 5770 quae
1554 5718 1699 5758 nunc
1747 5714 1954 5773 essent,

388 5795 673 5862 angustias
700 5796 769 5847 ali
802 5810 830 5848 a
850 5811 909 5849 se
929 5795 1252 5850 auxiliarios
1274 5801 1491 5848 exteros
1513 5810 1694 5864 posse.
1731 5797 1953 5854 Munere

392 5901 504 5941 rem
537 5888 712 5955 ipsam
746 5887 1014 5957 publicam
1048 5889 1157 5960 jam
1187 5903 1354 5960 prope
1390 5889 1655 5960 perditam
1683 5902 1734 5947 et
1762 5907 1956 5964 cogere

2050 3341 2145 3387 aut
2178 3343 2277 3401 spe
2329 3334 2481 3383 certa
2517 3336 2619 3379 nos
2669 3320 2874 3376 habere
2936 3318 3111 3373 simus
3159 3313 3363 3369 intime.
3388 3306 3600 3366 conscii.

2056 3445 2075 3480 ι
2115 3424 2193 3479 Ne
2223 3422 2390 3494 igitur
2407 3427 2503 3475 aut
2527 3430 2628 3473 vos
2667 3434 2719 3478 ι,
2750 3411 2966 3470 addidit
2998 3419 3300 3480 prasentes
3330 3404 3605 3462 Catelanos

2051 3517 2292 3577 intuens,
2312 3530 2333 3563 ι
2354 3507 2631 3579 exigatisa
2654 3505 2814 3562 nobis
2839 3502 2984 3573 quod
3012 3501 3145 3556 dare
3177 3514 3283 3554 non
3311 3508 3602 3567 possumus.

2051 3617 2148 3663 aut
2179 3605 2269 3661 ille
2308 3609 2494 3675 speret
2523 3616 2645 3671 qua
2690 3600 2735 3659 si
2766 3596 3221 3669 promitteremus
3250 3592 3377 3648 fidei
3425 3595 3609 3644 nostra:

2055 3699 2567 3758 transcenderemus
2618 3692 2866 3750 modum.
2899 3688 3018 3746 Non
3063 3703 3187 3744 eum
3231 3686 3492 3742 fallimus.
3541 3680 3604 3735 De

2052 3794 2230 3857 re,’_ut
2280 3798 2389 3853 est.
2427 3795 2641 3842 mature
2676 3786 3030 3855 ingenueque
3085 3793 3517 3851 pramonemus,
3546 3786 3604 3828 ne

2051 3885 2340 3954 deceptum
2381 3896 2442 3936 se
2471 3877 2667 3935 deinde
2704 3876 2859 3947 queri
2894 3873 3089 3945 possit,
3122 3880 3221 3928 aut
3282 3870 3413 3926 lites
3445 3870 3606 3924 inten-

2053 3985 2172 4032 tare
2197 3969 2595 4030 murmurando
2628 3968 2812 4030 nobis,
2843 3966 3002 4037 quasi
3033 3965 3081 4020 ei
3109 3963 3269 4018 falsis
3300 3958 3605 4018 ostentatio-

2054 4072 2221 4127 nibus
2272 4066 2633 4123 illuserimus.
2672 4081 2691 4115 ι
2730 4059 2860 4116 Haec
2888 4070 2943 4116 et
2966 4059 3019 4114 id
3054 4072 3234 4129 genus
3268 4057 3428 4126 plura
3468 4053 3606 4109 locu-

2054 4174 2144 4218 tus
2176 4163 2477 4231 imperator
2520 4155 2843 4212 concionem
2892 4152 3124 4219 dimisit,
3173 4151 3485 4214 Catelanis,
3517 4144 3607 4201 etsi

2054 4257 2349 4329 gemebant
2367 4255 2422 4308 in
2444 4252 2662 4307 irritum
2683 4250 2889 4305 abiisse
2908 4264 3035 4318 spes
3054 4244 3436 4317 inanes,un
3459 4239 3610 4315 489

2055 4350 2172 4420 ipsa
2211 4354 2395 4401 tamen
2434 4360 2496 4400 os
2540 4343 2859 4399 obstrucret
2898 4357 3081 4396 rerum
3108 4339 3607 4402 evidentia,eontra

2053 4440 2349 4511 quidquam
2373 4437 2584 4493 hiscere
2607 4452 2715 4491 non
2740 4434 3069 4499 valentibus,
3089 4446 3404 4503 quanquam
3438 4429 3517 4482 vel
3542 4427 3611 4506 sic

2056 4532 2279 4602 proprio
2300 4529 2484 4585 Latini
2526 4528 2745 4601 generis
2775 4526 2920 4581 fastu
2963 4534 3248 4595 turgentes
3272 4524 3609 4593 ringebantur

2056 4626 2268 4690 intime,
2289 4624 2745 4692 stomachumque
2763 4623 2820 4678 in
2845 4621 3040 4675 ducem
3073 4621 3345 4692 ipsorum,
3365 4628 3608 4686 tanquam

2057 4717 2127 4772 ab
2176 4732 2244 4771 eo
2308 4713 2689 4775 circumventi,
2742 4721 3151 4769 murmurantes
3178 4710 3547 4781 erumpebant.

2058 4829 2115 4886 6.
2147 4829 2414 4884 Indicium
2447 4826 2756 4897 imperatori
2809 4825 3047 4897 delatum
3069 4842 3103 4879 a
3148 4821 3499 4878 Cannensibus
3523 4818 3610 4874 ad-

2570 4912 2777 4952 versum
2809 4896 3116 4952 Catelanos.

2126 4988 2275 5044 inter
2312 4990 2429 5044 llch
2467 4987 2787 5042 Geuuenses
2844 4986 2939 5056 qui
2997 4983 3473 5055 Constantinopoli
3518 4982 3606 5035 de-

2057 5093 2217 5152 gunt,
2252 5082 2307 5135 in
2354 5080 2479 5135 urbi
2523 5080 2744 5150 obiecto
2780 5079 2924 5133 ultra
2971 5078 3172 5133 fretum
3217 5076 3476 5134 suburbio
3518 5073 3610 5129 do-

2056 5173 2264 5229 micilia
2306 5172 2575 5227 habentes
2615 5172 2691 5244 (et
2722 5171 3006 5243 splendida
3033 5160 3256 5241 quidem
3294 5169 3558 5225 domicilia
3589 5181 3603 5219 :

2057 5280 2184 5321 nam
2207 5281 2274 5321 ex
2305 5281 2417 5335 quo
2442 5264 2554 5320 illic
2590 5266 2751 5319 sedes
2781 5265 3160 5329 obtinuerant,
3200 5263 3426 5319 mditicia
3462 5268 3607 5316 erant

2056 5372 2195 5413 sane
2233 5356 2523 5428 magniﬁca
2564 5355 2761 5419 moliti,
2805 5355 3052 5413 dilatatis
3092 5354 3239 5410 haud
3272 5356 3474 5410 modice
3511 5350 3604 5407 soli

2058 5449 2194 5519 ipsis
2248 5449 2403 5503 initio
2458 5447 2711 5504 concessi
2758 5448 3033 5513 terminis,
3072 5448 3201 5503 dum
3242 5449 3443 5504 sensim
3485 5445 3605 5502 sub-

2056 5541 2460 5596 structionibus
2518 5541 2792 5596 excedunt
2846 5544 3202 5610 pomeriaque
3263 5547 3605 5612 promovent,

2053 5649 2164 5689 non
2215 5633 2334 5687 sine
2380 5647 2572 5687 secum
2620 5647 2716 5702 per
2743 5634 3041 5687 circuitum
3073 5635 3379 5689 munitione
3408 5632 3520 5687 valli
3549 5643 3605 5682 ac

2053 5728 2218 5784 fessa:
2252 5724 2550 5797 perpetua)
2586 5725 2837 5778 nuntium
2874 5739 2905 5780 a
2937 5727 3055 5781 suis
3106 5728 3325 5814 civibus
3363 5740 3393 5778 e
3422 5731 3606 5777 metro-

2056 5824 2164 5894 poli
2213 5821 2488 5892 trepidum
2544 5822 2779 5875 navibus
2829 5822 3135 5877 celerrimis
3184 5822 3428 5877 studiose
3461 5818 3601 5872 festi-

2058 5925 2243 5973 natum
2293 5916 2592 5980 accipiunt,
2621 5930 2731 5983 quo
2764 5915 3132 5971 admouentur
3163 5927 3385 5972 :trcuuc
3422 5907 3603 5969 armari
