3848 6628
150 403 249 467 537

1119 426 1216 486 DE
1257 413 1710 492 ANDRONICO
1743 432 2211 496 PAL/EOIDGO
2244 439 2389 501 LIB.
2427 435 2513 506 Vl.

3324 437 3430 507 538

143 527 542 593 πτριδαλέσθαι
570 535 671 606 γῆν
698 531 767 611 ἧς
807 537 1156 608 ἐπελάϐοντο,
1189 545 1283 598 καὶ
1326 546 1587 617 ἀσφαλῶς
1645 548 1740 602 κύ-
1765 551 1816 613 Α
1842 552 2004 606 αὐτὸν
2051 554 2269 625 σύναμα
2314 557 2524 610 δώδεκα
2558 557 2859 611 ἐκπλευσαι
2906 537 3086 622 ναυσὶ,
3151 558 3248 614 καὶ
3305 561 3432 615 ὅσον

145 625 250 686 κλῳ
280 630 856 700 περιταφρεύσαντες,
881 633 1122 704 δέχονται
1168 639 1317 709 παρὰ
1366 640 1475 693 τῶν
1525 639 1740 695 οἰκείων

142 713 224 764 διὰ
258 719 637 791 ταχυδρόμων
662 724 955 795 μηνύματα
979 727 1052 804 ὡς
1079 729 1244 793 πολὺς
1279 731 1599 802 ἐξαρτύεται
1625 734 1741 786 στό-

149 806 234 868 λος
260 807 386 878 ἅμα
411 805 516 882 ἦρι
550 815 874 883 προσϐαλεῖν
899 823 963 890 τῇ
989 821 1167 889 πόλει,
1200 824 1286 892 ἐφ’
1415 825 1742 895 παραφυλα-

152 899 317 969 κτέην
353 904 520 970 σφίσι
543 905 642 977 τὴν
677 910 1002 983 προσϐολὴν,
1050 915 1129 977 είς
1162 915 1405 970 κίνδυνον
1430 917 1524 970 καὶ
1557 918 1740 980 αὐτοῖς

154 991 429 1058 κειμένοις
463 994 542 1058 ὡς
579 998 679 1067 τῆς
731 1003 945 1070 μερίδος
999 1005 1094 1059 τοῦ
1139 1006 1404 1076 βασιλέως
1454 1005 1625 1071 οὖσιν,
1682 1009 1741 1076 ἐξ

153 1083 418 1149 ἐμφανῶν
453 1089 1016 1162 ὑποτοπημάτων,ὡς
1035 1099 1262 1162 ἐκείνοις
1292 1100 1465 1155 ἐδόκει
1491 1103 1742 1172 βουλευο-

158 1176 356 1244 μένοις.
405 1180 806 1251 Ταῦτέὑθέως
841 1190 1040 1244 ἐκεῖνοι
1081 1191 1164 1262 τῷ
1199 1191 1412 1261 βασιλεῖ
1464 1193 1741 1264 προσανέ-

155 1285 337 1336 φερον,
359 1275 708 1340 προσθέντες
735 1280 812 1344 ὡς
850 1282 943 1334 καὶ
977 1283 1132 1336 αὐτοὶ
1164 1283 1258 1347 οὓς
1282 1285 1581 1353 ὑπεδέξατο
1608 1286 1742 1351 ξενι-

157 1360 298 1426 xxix,
325 1363 428 1416 καὶ
463 1366 567 1420 σὺν
599 1369 783 1434 αὐτοῖς
813 1374 860 1426 oi
891 1375 1295 1444 ἐπιγεγονότας,
1326 1379 1459 1447 μιᾶς
1502 1379 1596 1432 καὶ
1640 1379 1742 1448 τῆς

155 1453 321 1522 αὐτῆς
366 1457 615 1525 ἐκείνοις
658 1464 767 1516 εἰσὶ
814 1465 1029 1536 βουλῆς,
1087 1470 1180 1522 καὶ
1233 1473 1620 1537 κατασκόπων,
1678 1472 1739 1526 οὐ

161 1547 465 1617 συμμάχων
484 1553 692 1622 τρόπον
719 1556 1011 1628 ἐπέχουσι·
1045 1563 1161 1624 τοῖς
1207 1562 1316 1634 γὰρ
1381 1565 1447 1618 ὲκ
1491 1565 1743 1630 Σικελίας

157 1641 435 1708 κρυφηδὸν
478 1645 578 1699 καὶ
617 1647 818 1712 αὐτοὺς
875 1653 1276 1724 συμπράττειν,
1340 1657 1435 1710 καὶ
1489 1657 1742 1727 μήνυτρα

159 1730 400 1802 δέχεσθαι
429 1737 536 1790 καὶ
559 1738 879 1809 λαμϐάνειν,
910 1743 986 1808 ὡς
1008 1747 1101 1800 ἐπὶ
1133 1746 1326 1819 καιροῦ
1345 1749 1594 1816 ξὲκείνοις
1646 1749 1742 1802 καὶ

160 1823 344 1888 αὐτοὺς
377 1832 904 1902 συμμαχουμένους.
938 1835 1108 1905 Δῆλον
1137 1835 1194 1892 δὲ
1229 1841 1321 1894 καὶ
1346 1841 1408 1894 ἐκ
1429 1841 1522 1896 τοῦ
1546 1842 1741 1908 ἄλλους

162 1914 399 1988 ἁπαντᾷν
424 1921 824 1993 ἑτοιμάζεσθαι
844 1926 926 1999 [Ρ.
951 1929 1078 2003 541]
1103 1931 1198 1984 κα)⁸
1219 1931 1374 1997 αὖθις
1391 1935 1635 2006 ἑτέρους,
1657 1936 1747 2004 φί-

163 2006 259 2062 λων
303 2008 639 2078 δεικνύντας
682 2017 780 2070 καὶ
812 2021 1014 2089 τρόπον
1053 2023 1148 2076 καὶ
1175 2023 1367 2094 ὄνομα.
1395 2025 1498 2080 Τὸν
1525 2026 1636 2098 γάρ
1651 2027 1748 2081 τοῦ

171 2102 315 2172 ῥηγδς
336 2103 678 2180 Θευδερίχου
695 2109 847 2164 νόθον
869 2111 1202 2186 αὐτάδελφον
1228 2115 1424 2182 μαθεῖν
1449 2118 1636 2190 ἔλεγον
1653 2119 1750 2173 καὶ

175 2306 386 2364 classem
428 2325 694 2383 magnam
738 2330 862 2384 quae
891 2314 1074 2386 primo
1111 2335 1239 2374 vere
1282 2320 1752 2394 Constantinopo-

176 2399 251 2452 lim
292 2413 691 2473 oppugnatnra
740 2415 898 2462 certo
943 2410 1314 2466 existimetur.
1367 2413 1502 2482 Ejus
1535 2423 1746 2484 partem

176 2493 386 2560 periculi
423 2495 501 2550 ad
554 2497 707 2566 ipsos
759 2515 981 2570 quoque
1035 2504 1335 2572 pertinere,
1368 2507 1462 2573 qui
1515 2507 1657 2563 lares
1693 2516 1750 2564 et

179 2582 398 2642 familias
439 2589 568 2645 illic
605 2591 914 2649 obtineant.
958 2593 1140 2660 Quare
1169 2612 1270 2667 pro
1318 2613 1418 2654 sna
1466 2609 1617 2668 parte
1659 2601 1748 2655 in-

179 2677 420 2746 vigilent;
499 2695 567 2736 ac
623 2698 746 2738 cum
824 2684 1066 2742 fortuna:
1149 2691 1418 2746 societate
1481 2689 1750 2748 foederato

184 2770 302 2838 ipsis
324 2773 654 2844 imperatori
683 2778 791 2835 sint
821 2783 1124 2851 conjuncti,
1160 2785 1435 2853 quomodo
1458 2801 1752 2844 commune

181 2863 301 2932 ipsis
334 2881 462 2922 cum
521 2885 588 2925 eo
618 2885 744 2926 mox
785 2873 1130 2931 inferendum
1180 2878 1382 2933 bellum
1412 2881 1629 2935 collatis
1651 2897 1751 2951 pro

187 2968 238 3008 se
272 2959 470 3028 opibus
507 2963 597 3017 ‘ac
629 2965 921 3022 conatibus
971 2980 1174 3038 queant
1233 2972 1578 3042 propulsare,
1632 2989 1747 3028 ma-

187 3056 292 3102 ture
358 3055 735 3124 prospiciam.
791 3055 904 3113 Nec
954 3062 1366 3131 suspicionibus
1422 3065 1526 3120 niti
1590 3068 1750 3123 vanis

190 3153 364 3210 putent
412 3161 543 3218 qua:
573 3149 918 3215 dicerentur,
952 3167 1076 3210 cum
1114 3157 1216 3212 ista
1248 3158 1342 3227 qui
1387 3159 1749 3215 admonerent

1841 643 1995 698 οῦπω
2015 649 2129 710 τοῖς
2149 649 2275 717 τῇδε
2308 649 2640 720 προσϐαλεῖν
2661 650 2869 720 τρόπον
2893 650 2985 704 τὸν
3016 649 3284 714 τοιοῦτον,
3333 653 3433 721 μέ·-

1843 756 1965 810 χρις
1992 740 2058 794 ἂν
2100 741 2134 812 ἡ
2178 741 2368 812 ὁλότης
2405 743 2600 812 φανείη
2642 743 2736 797 καὶ
2789 743 2850 796 ἓν
2895 743 3102 808 πάντες
3167 744 3429 813 γένοιντο.

1843 829 2036 899 Ὅμως
2065 847 2130 898 γε
2163 834 2346 902 μέντοι
2385 833 2483 885 καὶ
2511 833 2920 897 συνεϐούλευον,
2956 835 3006 886 εί
3042 834 3302 902 βασιλεὺς
3333 835 3430 888 θέο

1841 920 1925 973 λει
1954 921 2354 991 συμπράττειν,
2389 921 2722 977 άπεντεῦοεν
2751 925 2845 977 τὸν
2873 924 3013 995 πρὸς
3039 925 3285 987 ἐκείνους
3334 923 3431 977 πό-

1841 1014 2006 1078 λεμον
2037 1014 2310 1084 δέχεσθαι,
2340 1016 2450 1069 ἀπὸ
2474 1017 2677 1071 τούτων
2707 1018 2851 1071 κατὰ
2891 1016 3063 1087 θύρας
3087 1017 3433 1088 ἀρξαμένους

1842 1104 1918 1168 ὡς
1944 1107 2255 1179 προχείρων
2277 1109 2463 1164 ὄντων.
2514 1111 2699 1180 Ἐχειν
2742 1110 2852 1181 γὰρ
2903 1111 3103 1174 αὐτοὺς
3145 1109 3432 1181 ὲξαρτύειν

1841 1201 2184 1270 πεντήκοντα
2252 1200 2406 1264 ναῦς.
2479 1202 2740 1273 Ἐζήτουν
2794 1203 2853 1256 δὲ
2915 1205 3011 1257 καὶ
3059 1202 3288 1273 βασιλέα
3329 1202 3432 1265 τὰς

1844 1292 1984 1354 ῐσας,
2023 1292 2054 1363 ἢ
2095 1292 2200 1362 μὴν
2229 1294 2300 1346 τὰ
2331 1296 2388 1356 ἐς
2417 1295 2696 1366 πλήρωμα
2728 1294 2936 1349 τούτων
2965 1297 3246 1368 χρήματα.
3308 1294 3432 1348 Κᾶν

1846 1385 1920 1455 μὴ
1945 1383 2040 1438 νῦν
2068 1384 2176 1455 ἔχοι
2207 1384 2428 1449 διδόναι,
2455 1386 2652 1450 αὐτοὺς
2685 1386 2821 1451 τέως
2851 1386 3264 1450 καταϐαλόντας
3290 1386 3435 1438 αὐτὰ

1843 1476 1938 1530 ἐπὶ
1966 1477 2160 1547 καιροῦ
2188 1477 2339 1548 παρὰ
2387 1477 2648 1548 βασιλέως
2705 1477 3241 1548 ἀνταπολαμϐάνειν.
3274 1478 3429 1548 Μηδὲ

1843 1571 1953 1641 γὰρ
1975 1565 2325 1634 εἷναιαύτοὺς
2354 1569 2686 1634 ἀλλοδαποὺς
2713 1569 2745 1639 ἢ
2805 1568 3116 1638 Ῥωμαίους
3179 1567 3432 1621 τούντεῦο

1843 1664 1955 1719 Θεν.
1985 1666 2094 1718 Καὶ
2113 1664 2274 1717 πόνον
2300 1659 2437 1716 εἶναι
2462 1664 2614 1731 σφίσι
2639 1662 2700 1716 τὸ
2721 1663 2797 1733 μὴ
2827 1661 3032 1731 φθάσαι
3079 1659 3431 1731 προσαμῦναι

1854 1754 2148 1824 Ῥωμαίοις
2187 1758 2457 1826 πάσχουσι
2489 1754 2610 1809 κατ’
2632 1753 2920 1824 ἀνατολὴν,
2953 1754 3013 1821 ἐξ
3049 1746 3125 1808 ὧν
3149 1755 3247 1806 καὶ
3279 1753 3432 1806 αὐτοὶ

1843 1847 1944 1910 τὰς
1973 1848 2276 1919 ἐμπορείας
2317 1849 2582 1914 πλουσίας
2639 1844 2806 1920 εἶχον.
2869 1847 2944 1901 Οὐ
3014 1845 3121 1917 μὴν
3148 1843 3286 1898 ἀλλὰ
3333 1843 3434 1896 καὶ

1851 1939 1946 1993 τοῦ
1973 1941 2164 1994 λοιποῦ
2221 1944 2542 2012 συμμαχεῖν
2578 1941 2786 1994 ἐθέλειν
2848 1941 2944 1994 καὶ
2993 1940 3119 2002 τοὺς
3178 1937 3435 1999 ἐπιόντας

1853 2031 2178 2101 ἀμύνεσθαι.
2219 2030 2406 2105 Ἔχειν
2438 2032 2493 2085 δὲ
2521 2033 2614 2086 καὶ
2652 2033 2717 2087 ὲκ
2746 2031 2840 2086 τοῦ
2870 2033 3044 2103 ῥᾷστα
3075 2029 3432 2085 ἀποστείλαν-

1850 2137 1952 2184 τας
1975 2122 2074 2185 τὰς
2103 2121 2198 2176 τοῦ
2238 2123 2477 2193 μεγάλου
2525 2122 2718 2186 δουκδς
2761 2122 2840 2187 ὡς
2897 2121 3193 2193 πολεμίους
3262 2136 3434 2173 κατα-

1853 2333 1954 2374 nos
2015 2318 2316 2375 vertendis.
2361 2319 2488 2376 [hec
2535 2322 2671 2378 satis
2718 2329 2978 2378 constare
3027 2336 3096 2377 ex
3155 2336 3221 2377 eo
3257 2319 3430 2390 quod,

1849 2419 2054 2480 praeter
2090 2412 2252 2467 modo
2305 2413 2359 2467 in
2404 2423 2596 2482 portus
2649 2415 2863 2485 imperii
2896 2415 3178 2484 appulsam
3214 2414 3432 2483 injnssu

1850 2503 2084 2558 classem
2151 2503 2502 2574 Illpyrigeriif,
2552 2506 2645 2560 alii
2698 2509 2889 2562 eodem
2947 2507 3257 2576 navigaturi
3310 2522 3435 2563 sese

1850 2611 2048 2667 parare
2098 2599 2425 2654 nuntientur
2455 2637 2471 2664 ,
2519 2615 2713 2656 rursus
2754 2600 2853 2656 hos
2891 2599 3165 2656 secuturis
3201 2607 3255 2655 et
3286 2601 3430 2661 aliis.

1851 2705 1915 2744 eo
1947 2690 2204 2746 videlicet
2237 2691 2446 2760 perfido
2477 2693 2661 2748 animo
2691 2709 2754 2748 ac
2801 2693 3070 2748 scelerata
3108 2708 3228 2761 spe,
3262 2701 3320 2746 ut
3352 2699 3434 2762 tot

1852 2783 2019 2838 semel
2070 2784 2491 2840 insidiatoribus
2545 2785 2901 2841 simulatione
2968 2784 3226 2839 amicitia:
3283 2784 3430 2838 intra

1853 2883 2040 2930 nostra
2077 2876 2331 2947 praesidia
2377 2876 2601 2932 credule
2639 2877 2917 2940 admissis,
2947 2875 3040 2931 ubi
3073 2875 3270 2930 deinde
3298 2889 3436 2929 con-

1847 2966 2050 3036 juratis
2101 2983 2284 3023 secum
2322 2968 2375 3022 in
2426 2983 2529 3024 nos
2564 2969 2743 3039 palam
2809 2967 3150 3021 irruentibus
3207 2965 3310 3035 ipsi
3365 2979 3431 3020 ex

1853 3067 2146 3126 compacto
2186 3061 2591 3131 conspirantes,
2635 3059 3044 3122 rebellaverint,
3075 3074 3235 3129 pares
3267 3058 3433 3114 simul

1852 3155 2100 3208 externis
2135 3153 2607 3223 oppugnatoribus
2639 3152 2982 3223 internisque
3042 3151 3424 3222 perduellibus

190 3233 308 3302 ipsis
369 3239 630 3298 benevoli
680 3255 735 3300 et
777 3248 1080 3316 prudentes
1143 3253 1507 3309 aestimatores
1565 3270 1746 3310 rerum
1777 3254 1821 3313 ϐ
1856 3264 1963 3302 una
2022 3249 2360 3304 sustinendis
2413 3263 2476 3302 ac
2509 3247 2836 3319 repellendis
2891 3261 3014 3302 esse
3071 3261 3428 3315 nequeamus.

194 3327 344 3397 signis
371 3347 550 3404 prope
593 3335 900 3394 manifestis
949 3340 1192 3398 eminere
1239 3343 1752 3411 deprehendissent.

193 3419 278 3476 His
311 3423 385 3478 illi
425 3425 513 3481 sic
559 3431 858 3499 compertis
911 3449 1118 3488 moram
1154 3436 1360 3490 faciunt
1408 3439 1610 3492 nullam
1647 3440 1754 3494 im-

197 3519 450 3603 peratoris
509 3521 574 3577 de
618 3539 678 3578 re
710 3533 823 3580 tota
860 3527 1153 3596 edocendi,
1187 3547 1624 3603 magnopereque
1661 3535 1758 3587 ad-

199 3602 435 3665 hortandi
494 3620 556 3666 ttt
602 3623 814 3682 partem
851 3633 971 3686 qua:
1028 3619 1132 3686 ipsi
1173 3633 1509 3693 competeret
1541 3602 1753 3696 negotii

200 3711 523 3768 capesseret,
584 3721 727 3771 sese,
773 3726 913 3779 quos
969 3711 1094 3769 alibi
1151 3723 1332 3779 natos,
1377 3716 1611 3788 benigno
1643 3718 1756 3772 illic

200 3805 438 3864 exceptos
478 3799 720 3870 iiOSpitio
766 3818 936 3874 prope
988 3822 1218 3861 numero
1280 3808 1479 3864 civium
1530 3810 1757 3865 haberet

204 3884 503 3959 inquilinos,
543 3893 845 3964 liberisque
883 3898 1131 3967 ipsorum
1167 3900 1222 3954 in
1251 3900 1372 3970 ejus
1401 3901 1514 3971 jam
1547 3903 1757 3958 ditione

205 3980 426 4040 educatis
445 3995 500 4040 et
515 3987 741 4054 adultis,
762 3991 1023 4046 concordi
1050 3994 1328 4062 proposito
1349 3997 1556 4066 paratis
1579 3997 1756 4052 nullas

206 4083 369 4138 partes
389 4080 712 4148 explorandi
753 4087 1221 4157 propulsandique
1247 4089 1486 4143 insnltus
1516 4092 1755 4146 hostium

208 4166 462 4235 omittere,
495 4173 628 4242 quin
663 4185 718 4229 et
771 4179 1205 4247 promptissimis
1234 4195 1330 4248 pro
1362 4181 1464 4236 fide
1486 4183 1760 4237 societatis

211 4259 267 4312 ad
283 4276 486 4321 omnem
510 4282 853 4339 quacunque
877 4274 1044 4326 instet
1069 4274 1121 4327 in
1147 4289 1308 4330 causa
1327 4274 1539 4344 publica
1563 4277 1758 4331 tuenda

211 4349 617 4415 dimicationem.
643 4359 852 4418 lnstarc
877 4373 1055 4419 autem
1083 4375 1346 4435 quantum
1381 4382 1487 4421 non
1526 4369 1760 4423 obscure

212 4455 507 4515 appareret,
537 4454 849 4518 maximam,
881 4470 1056 4525 eoque
1087 4455 1572 4515 formidabiliorem
1615 4461 1759 4530 quod

215 4539 532 4601 proditorum
581 4547 725 4615 apud
770 4564 872 4602 nos
904 4564 1002 4618 pro
1039 4549 1173 4618 ipsis
1205 4552 1571 4622 satagentium
1630 4568 1758 4607 con-

219 4629 418 4688 scientia
471 4635 593 4692 freti
643 4640 856 4694 externi
909 4641 1137 4706 hostes,
1197 4642 1502 4699 faciliorem
1537 4645 1638 4699 sibi
1690 4644 1758 4700 de

222 4723 362 4782 nobis
413 4731 685 4801 spondent
738 4735 1054 4790 victoriam.
1091 4753 1110 4788 ι
1155 4734 1385 4806 Nempe,
1440 4737 1755 4801 addebant,

223 4814 295 4869 isti
322 4836 451 4888 quos
478 4841 541 4881 ex
577 4823 766 4881 Sicilia
809 4825 1108 4896 profectos,
1134 4827 1380 4891 domine,
1413 4835 1568 4882 tanto
1603 4845 1758 4884 sum-

227 4919 305 4976 ptu
351 4916 445 4971 alis
492 4919 660 4973 ductu
703 4919 1001 4976 militantes
1050 4922 1204 4976 ducis
1260 4921 1439 4991 magni
1490 4921 1756 4986 Catelani,

229 5004 403 5074 quique
451 5026 506 5066 se
541 5012 610 5066 de
661 5026 800 5066 novo
830 5011 968 5081 ipsis
1011 5011 1334 5084 adiungunt,
1368 5030 1568 5069 arcano
1608 5029 1761 5068 com-

231 5096 424 5152 missum
455 5115 574 5156 cum
606 5103 762 5155 hoste
795 5101 977 5156 fovent
1005 5107 1417 5169 commercium,
1443 5105 1608 5178 490
1637 5115 1758 5162 stu-

233 5183 359 5242 diose
399 5190 521 5247 hinc
557 5193 862 5248 indicantes
907 5209 1028 5263 qua:
1070 5205 1352 5266 geruntur,
1401 5205 1454 5252 et
1503 5198 1631 5254 inde
1679 5199 1761 5253 vi-

234 5276 388 5334 cissim
434 5285 495 5341 de
539 5286 799 5342 omnibus
844 5287 1128 5353 admoniti,
1167 5298 1328 5359 prout
1368 5305 1506 5359 npus
1535 5300 1762 5347 censent

236 5369 288 5419 Id
315 5386 401 5428 sua
432 5379 635 5432 nefaria
682 5379 915 5434 consilia
951 5379 1005 5433 in
1043 5395 1334 5436 commune
1365 5391 1612 5438 nostrum
1645 5385 1764 5438 exi-

236 5459 344 5516 lium
380 5471 658 5536 patranda.
696 5471 1053 5528 Constituunt
1080 5476 1222 5528 enim
1257 5476 1337 5530 sic
1371 5475 1597 5531 invicem
1628 5462 1764 5532 tem-

237 5567 342 5618 W‘a
397 5577 512 5618 cum
562 5575 764 5621 αιτιοι-ω
819 5565 1126 5622 incursioni
1185 5567 1575 5623 foederatorum
1626 5569 1764 5639 ipsis

238 5658 503 5712 nostrorum
557 5658 823 5721 hostium,
859 5666 970 5712 tttm
1009 5674 1120 5714 suae
1167 5661 1410 5729 ipsorum
1457 5661 1754 5728 proditioni

235 5754 496 5809 Opportuna
523 5791 536 5814 ,
570 5751 914 5819 pollicentes,
951 5751 1112 5805 simul
1147 5752 1222 5804 illi
1260 5752 1367 5805 huc
1397 5753 1606 5806 advecti
1645 5768 1758 5807 rem

241 5844 391 5891 gerere
440 5845 743 5911 cmperint,
783 5859 880 5911 pro
929 5844 1074 5897 virili
1139 5853 1191 5897 ct
1247 5845 1396 5913 ipsos
1437 5843 1755 5906 annisuros,

244 5917 361 5980 lima
403 5931 636 6005 obsequii
667 5933 887 5989 tandem
923 5933 1168 5988 cauenda
1202 5945 1250 5988 et
1285 5932 1450 5985 armis
1492 5929 1666 5999 palam
1705 5929 1754 5983 in

1854 3339 1935 3395 En
1971 3349 2178 3406 quanto
2214 3341 2288 3395 rei
2335 3356 2564 3396 summae
2596 3340 2840 3410 periculo
2877 3340 2997 3396 istis
3035 3337 3259 3409 ignotis,
3294 3338 3433 3392 ami-
3499 3347 3514 3354 ·

1855 3449 1949 3489 cos
1976 3449 2036 3488 se
2066 3436 2228 3490 verbo
2251 3444 2304 3489 et
2337 3435 2521 3503 specie
2551 3429 2873 3498 ferentibus,
2910 3433 3115 3487 aditum
3153 3432 3216 3486 ad
3246 3439 3434 3486 nostra

1856 3527 2052 3582 intima
2089 3529 2429 3596 pandemus.
2450 3525 2621 3581 Nobis
2649 3527 2793 3580 enim
2831 3533 3172 3595 compertum
3210 3533 3437 3595 praeter-

1856 3635 1917 3676 ea
1964 3631 2047 3676 est
2089 3622 2232 3691 regis
2274 3619 2641 3676 Theuderichi
2673 3620 2896 3674 fratrem
2924 3618 3149 3672 nothum
3181 3630 3306 3670 cum
3341 3630 3438 3670 na-

1855 3714 2018 3768 vibus
2049 3713 2340 3768 duodecim
2384 3713 2501 3767 vela
2530 3712 2640 3782 jam
2673 3711 2868 3768 fecisse
2901 3710 2965 3765 ad
2999 3719 3188 3766 nostra
3220 3711 3434 3777 littora,

1862 3823 1970 3878 quo
2028 3805 2238 3860 scilicet
2301 3806 2470 3859 sociis
2504 3805 2615 3873 jam
2642 3802 2748 3858 huc
2780 3803 3026 3874 appulsis
3061 3818 3120 3859 se
3149 3803 3435 3874 adiungat,

1858 3899 2311 3962 dissimulaturus
2363 3896 2654 3952 consilium
2712 3898 3062 3967 oppugnandi
3095 3912 3218 3961 nos,
3255 3895 3434 3968 quoad

1859 3992 1982 4047 aliis
2019 4005 2242 4061 quoque
2292 4004 2519 4045 suorum
2579 3988 2697 4059 pari
2747 3998 2935 4044 nostra
3005 3989 3268 4044 facilitate
3315 4004 3438 4058 per-

1859 4081 2046 4137 missis
2080 4081 2129 4136 ei
2174 4095 2232 4135 se
2266 4093 2560 4150 aggregare
2592 4092 2805 4132 summa
2852 4078 2965 4148 jam
3005 4078 3106 4148 ipsi
3159 4086 3271 4132 tota
3303 4093 3438 4133 cou-

1861 4181 1968 4228 stet
2005 4172 2399 4228 destinatarum
2456 4170 2619 4225 nobis
2667 4169 3029 4239 subjugandis
3059 4170 3364 4239 copiarum.
3411 4188 3430 4222 ι

1862 4267 1959 4322 His
2003 4266 2083 4322 sic
2129 4265 2392 4335 expositis
2427 4277 2760 4334 magnopere
2808 4260 3005 4317 deinde
3041 4261 3438 4317 incumbebant

1862 4362 1927 4418 ad
1964 4357 2310 4416 suadendum
2365 4357 2686 4426 imperatori
2736 4365 2794 4411 ut
2834 4357 2970 4411 nihil
3015 4366 3282 4410 cunctans
3325 4355 3439 4409 dis-

1863 4457 2199 4512 simulansve
2231 4452 2466 4521 amplius
2496 4451 2672 4520 palam
2702 4449 2837 4519 ipsis
2867 4448 3149 4517 cooperari
3184 4445 3438 4500 Genuen~

1865 4550 2018 4603 sibus
2062 4546 2244 4611 vellet,
2279 4543 2570 4599 Catelanos
2603 4541 2697 4611 qui
2734 4542 2802 4596 ad
2855 4556 3079 4594 manum
3123 4548 3274 4592 erant
3314 4551 3440 4607 pro-

1867 4642 2016 4695 tinus
2052 4638 2259 4709 paratis
2299 4637 2443 4691 bello
2485 4634 2705 4704 aggredi
2736 4634 3102 4701 invadercque
3140 4633 3438 4699 imparatos

1867 4734 2046 4789 adhuc
2086 4733 2318 4801 ideoque
2356 4729 2589 4784 subactu
2622 4728 2919 4782 faciliores.
2952 4727 3121 4782 Posse
3152 4724 3263 4794 jam
3294 4737 3440 4777 nunc

1868 4842 1926 4882 se
1973 4841 2186 4880 armare
2239 4838 2407 4878 naves
2455 4821 2874 4893 quinquaginta.
2932 4819 3126 4874 Parem
3173 4819 3300 4873 huic
3340 4833 3440 4870 nn-

1868 4925 2079 4974 merttm
2124 4933 2191 4972 ne
2237 4925 2560 4986 gravaretur
2605 4913 3226 4981 conferretimperator;
3265 4917 3359 4962 aut
3391 4906 3438 4961 si

1868 5008 2151 5078 expeditas
2196 5017 2278 5062 tot
2326 5023 2438 5063 non
2486 5008 2693 5070 habet,
2743 5003 3035 5075 pecuniam
3095 4998 3440 5055 instruendis

1872 5103 1940 5156 iis
1987 5101 2341 5156 suffecturam
2395 5100 2569 5154 daret.
2621 5097 2716 5152 Vel
2775 5097 2820 5150 si
2884 5109 2986 5149 nec
3041 5094 3095 5146 in
3150 5100 3440 5146 numerato

1869 5194 2078 5250 nummi
2123 5193 2326 5260 forent,
2360 5193 2661 5247 collaturus
2690 5190 2741 5243 iu
2773 5195 3117 5242 antecessum
3151 5200 3210 5240 se
3252 5185 3318 5238 de
3341 5197 3444 5237 suo

1865 5303 1985 5356 quae
2022 5287 2304 5355 Augustus
2358 5284 2647 5338 commodo
2698 5281 2802 5335 sibi
2836 5289 3080 5348 tempore
3129 5285 3315 5345 postea
3347 5290 3440 5328 re-

1864 5379 2136 5432 funderet.
2174 5377 2332 5430 llnnc
2366 5375 2517 5444 ipsos
2549 5376 2652 5430 sibi
2694 5374 2848 5437 solis,
2886 5371 3052 5425 modo
3090 5372 3170 5423 sic
3216 5367 3439 5438 adjntis,

1863 5473 2009 5524 ultro
2045 5471 2344 5538 deposcere
2405 5468 2648 5522 laborem
2712 5465 2982 5521 liberandi
3041 5461 3320 5515 Romanos
3376 5457 3447 5510 ab

1865 5562 2085 5625 injuriis
2139 5574 2276 5630 quas
2323 5559 2529 5614 dudutn
2562 5559 2712 5613 diras
2744 5571 2838 5624 per
2891 5553 3173 5608 Orientem
3211 5567 3240 5604 a
3280 5555 3443 5619 gente

1872 5653 2035 5707 infida
2087 5659 2432 5722 paterentur.
2467 5649 2580 5704 Hoc
2614 5650 2814 5704 debere
2867 5646 3018 5713 ipsos
3047 5659 3112 5698 co
3151 5641 3313 5711 49],
3347 5652 3450 5693 no-

1872 5747 2018 5799 mine
2047 5742 2191 5813 (ιυοά
2236 5741 2564 5812 qttmstuosis
2599 5756 2695 5810 per
2741 5747 2916 5791 terras
2956 5743 3010 5789 et
3047 5741 3236 5802 portus
3271 5733 3444 5799 impe-

1872 5837 1936 5890 rii
1983 5834 2337 5890 commerciis
2379 5849 2491 5887 rem
2536 5828 2781 5898 quotidie
2814 5834 3074 5894 angerent
3105 5841 3117 5875 :
3158 5821 3251 5875 sed
3281 5821 3362 5875 vel
3394 5820 3450 5874 si

1869 5929 2015 5982 nulla
2056 5942 2221 5983 causa
2259 5927 2476 5989 propria
2530 5925 2582 5977 in
2633 5924 2684 5976 id
2723 5919 3158 5983 impellerentur,
3200 5914 3318 5970 solo
3349 5925 3450 5966 re‘
