3848 6622
389 421 494 487 5'39
1629 422 1882 482 GEORG
1895 422 1949 481 11
1978 422 1984 481 ἶ

2095 422 2462 482 IHYMEIUE
3603 418 3710 479 540

391 541 540 610 σχεῖν
586 556 737 601 ναυς,
809 541 904 592 καὶ
947 537 1091 590 οὕτω
1138 536 1627 608 προσαρξαμένους
1687 537 1754 589 τὰ
1795 535 1959 589 λοιπὰ
1992 542 2036 600 Α.
2065 537 2338 590 τοσούτων
2359 537 2661 606 χρημάτων
2707 529 2786 590 ὧν
2824 534 2974 604 παρὰ
3035 534 3325 605 βασιλέως
3384 530 3711 599 λαμϐάνειν

391 631 748 701 ξυμπληροῦν
773 632 906 696 ἐκεῖ,
952 629 1449 699 προσυπαντῶντας
1487 631 1581 682 καὶ
1629 629 1802 700 στόλῳ
1835 646 1970 682 πανο
2075 631 2304 703 ἤλπιζεν
2343 632 2444 700 (είς
2467 630 2575 700 γὰρ
2600 629 2929 699 τριακοσίων
2950 627 3325 695 νομισμάτων
3369 621 3710 693 χτλιοστύας

387 725 462 788 τὶ,
488 724 783 794 ἢνφανείη,
807 725 901 778 xal.
927 723 1000 793 μὴ
1022 723 1224 784 ὲῶντας
1250 724 1594 795 προσχωρεῖν
1614 722 1966 792 προσωτέρω.
2072 723 2132 775 τὸ
2161 725 2268 776 πᾶν
2315 721 2576 775 ὲποσοῦτο
2612 720 2712 791 τῆς
2746 717 3120 788 ἀπαιτήσεως)
3153 717 3240 770 ἐπ’
3287 715 3534 782 ὀλίγοις
3588 714 3710 767 ἵστα

393 817 582 873 Ταῦτα
629 797 894 888 ’βασιλεὺς
950 816 1164 868 ἀκούων
1219 816 1494 885 διηπίστει
1536 818 1648 877 τοῖς
1699 815 1972 878 πλείστοις
2069 818 2170 877 τὰς
2193 815 2388 878 δόσεις,
2419 813 2509 866 τὸν
2534 811 2698 882 θροῦν
2719 811 3104 865 καταστέλλειν
3126 809 3234 862 τῶν
3292 808 3552 863 Ἰταλῶν
3576 808 3707 858 ὑπι-

393 911 502 964 τῶν
531 909 862 978 λεγομένων,
899 909 992 962 καὶ
1022 908 1195 960 ταῦτα
1231 908 1347 977 ἃμα
1378 907 1479 977 μὲν
1513 907 1729 976 φθόνον,
1773 908 1888 976 ἅμα
1912 907 1969 959 δὲ
2011 965 2014 967 _
2075 905 2426 976 σχνούμενος,
2459 906 2548 958 ναὶ
2580 905 2687 976 μὴν
2728 905 2821 958 καί
2854 922 3006 966 τινας
3041 904 3098 968 ἐξ
3133 903 3330 956 αὐτῶν
3393 899 3710 954 ἱκανωθέν-

394 1003 489 1056 καὶ
511 999 713 1054 κακίαν
755 988 1133 1070 συμπράττειν
1177 999 1275 1068 τὴν
1305 1001 1412 1052 ἀπὸ
1475 1001 1585 1052 τῶν
1637 999 1969 1051 Γεννουϊτῶν
2073 1015 2170 1060 τας
2208 997 2418 1066 μισθοῖς
2453 997 2554 1064 τῆς
2575 997 2711 1066 πρὸς
2747 996 2970 1067 βασιλέα
2989 995 3208 1065 Μιχαὴλ
3242 993 3535 1064 ἅψασθαι
3571 1009 3709 1058 crup-

393 1093 723 1156 ὑπετόπαζε.
764 1092 933 1161 Καὶή
971 1091 1211 1160 ἀρχῆθεν
1248 1090 1399 1159 σφῶν
1454 1090 1592 1161 πρὸς
1656 1090 1746 1142 τὸν
1794 1089 1969 1158 μέγαν
2077 1091 2444 1159 μαχήσοντας.
2478 1090 2540 1143 Et
2569 1089 2614 1143 δ’
2651 1085 2764 1154 οὖν,
2818 1088 2934 1141 ἀλλ’
2985 1088 3148 1142 αὑτὸν
3205 1087 3320 1158 μὲν
3376 1086 3486 1138 καὶ
3549 1082 3706 1148 αὖθις

391 1183 562 1237 δοῦκα
581 1183 874 1252 δυσμένεια
903 1183 1000 1235 καὶ
1031 1184 1059 1235 ό
1102 1183 1237 1251 πρὸς
1291 1182 1454 1236 αὑτὸν
1487 1182 1722 1251 πόλεμος
1772 1181 1971 1251 πιστὴν
2074 1184 2379 1254 ἀντιπερᾷν
2411 1185 2534 1236 κατ’
2566 1181 2851 1252 ἀνατολὴν,
2886 1183 2979 1234 τὸν
3014 1181 3196 1252 μέντοι
3249 1197 3327 1248 γε
3394 1178 3709 1246 Μπυριγέ-

391 1280 626 1347 παρεῖχε
655 1276 751 1346 τὴν
791 1275 1044 1345 ὑποψίαν.
1085 1273 1203 1329 Οὐκ
1233 1270 1348 1328 οἶδα
1377 1276 1433 1328 δὲ
1482 1274 1654 1327 καὶεί
1696 1275 1756 1328 τὸ
1812 1275 1972 1342 κῆδος
2075 1293 2190 1346 ριον
2213 1276 2472 1340 Τέντζαν,
2497 1275 2572 1338 ὡς
2599 1277 2690 1328 καὶ
2717 1275 2878 1328 αὑτὸν
2928 1273 3082 1340 ἄξιον
3130 1271 3191 1326 ὃν
3264 1268 3706 1341 προσδέχεσθαι

393 1369 456 1422 τὸ
487 1368 626 1439 πρὸς
671 1369 832 1422 αὑτὸν
863 1369 956 1419 atati.
986 1367 1042 1418 αἱ
1096 1365 1205 1418 τῶν
1261 1367 1440 1435 ὅρκων
1477 1366 1812 1435 ἐμπεδώσεις
1871 1367 1970 1433 τὴν
2073 1370 2178 1421 sua
2208 1369 2487 1436 μεγίστοις
2523 1371 2634 1432 τοῖς
2665 1367 2952 1436 ὲλπισμοῖς
2987 1365 3524 1434 προσχωρήσαντα,
3568 1379 3706 1429 συμ⁹

399 1460 686 1529 βασιλικὴν
725 1459 1143 1528 κατεμὰλασσον
1167 1456 1411 1527 γνώμην,
1457 1458 1552 1510 καὶ
1584 1459 1644 1510 οὐ
1695 1461 1807 1519 τοῖς
1850 1457 1971 1510 κατ’
2075 1463 2259 1514 πεῖσαι
2287 1459 2692 1530 παραγενέσθαι
2725 1459 2883 1528 μόνον
2914 1458 3006 1510 ὑπ’
3043 1455 3328 1524 ἀσφαλείᾳ
3386 1457 3464 1524 τῇ
3530 1470 3705 1522 προσ·

396 1552 619 1605 ἐκείνων
684 1550 904 1616 λέγουσι
953 1549 1302 1619 συνεφέρετο.
1344 1548 1534 1614 Ὅμως
1584 1548 1810 1612 ἐκείνοις
1874 1549 1972 1616 μὲν
2073 1536 2304 1624 ηκούσγί,
2353 1552 2448 1606 καὶ
2487 1552 2601 1612 τοῖς
2644 1552 2739 1604 ἀπ’
2797 1549 2963 1605 αὐτοῦ
2991 1547 3439 1620 χρυσοῦούλλοις
3502 1547 3702 1615 σχὸντα

397 1645 804 1714 εὐχαριστήσας
850 1643 917 1695 τὰ
956 1642 1186 1711 μέγιστα
1237 1640 1312 1703 ὡς
1349 1640 1490 1710 ὑπὲρ
1537 1641 1643 1693 τῶν
1687 1642 1974 1710 Ῥωμαίων
2073 1646 2167 1699 τοῦ
2205 1646 2440 1714 θάρρους
2467 1643 2527 1696 τδ
2562 1644 2764 1696 ἱκανόν.
2803 1644 3062 1710 Ἐτοιμον
3095 1641 3140 1694 δ’
3166 1636 3316 1694 εἶναι
3368 1637 3581 1692 τοῦτον
3611 1639 3702 1689 καὶ

398 1738 583 1788 πονεῖν
625 1733 843 1787 δοκοῦσι
887 1735 1045 1804 σιγᾷν
1081 1731 1355 1795 ἐκέλευεν,
1391 1732 1549 1793 αὐτὸς
1589 1731 1635 1784 δ’
1664 1733 1974 1802 ὑπισχνεῖτο
2077 1736 2460 1808 μισθοφορίαις
2496 1735 2829 1788 ίκανωθέντα
2865 1735 2945 1805 τῷ
2979 1735 3093 1804 ῑδίῳ
3128 1734 3362 1801 σύναμα
3415 1731 3542 1800 λαῷ
3601 1730 3696 1797 τὴν

401 1825 753 1896 β’)υλεύεσθαι
807 1824 936 1895 περὶ
989 1821 1195 1876 τούτων
1253 1823 1347 1874 καὶ
1394 1822 1455 1875 τὸ
1511 1820 1670 1886 δόξαν
1727 1823 1973 1874 συνοῖσον
2076 1827 2213 1895 πρὺς
2243 1826 2334 1877 τὸν
2357 1826 2475 1879 νέον
2500 1825 2728 1895 βασιλέα
2769 1824 3105 1896 πορευθῆναι
3143 1823 3417 1893 σφοδρῶς
3488 1821 3699 1891 ἰσχυρίο

400 1921 594 1972 ποιεῖν.

402 2078 468 2142 ζ’.
504 2076 743 2146 Ἀφιξις
782 2076 932 2142 πρὸς
973 2075 1241 2146 ,ϐασιλέα
1291 2075 1396 2146 τοῦ
1435 2073 1704 2141 μεγάλου
1751 2071 1972 2139 δουκὸς

610 2147 708 2200 καὶ
740 2147 889 2213 ὑπὲρ
918 2145 1027 2200 τοῦ
1057 2145 1462 2213 Μπινριγερίου
1489 2146 1756 2208 ἀξίωσις.

473 2283 558 2355 [Ρ.
593 2282 720 2355 5-ίέ]
762 2282 820 2336 '0
861 2283 1129 2353 μέντοιγε
1165 2281 1338 2353 μέγας
1377 2282 1500 2349 δοὶξ
1538 2283 1808 2351 ἀπογνοὺς
1862 2283 1974 2334 τῶν

403 2563 593 2624 spectn
624 2553 741 2609 initi
782 2553 1005 2610 fmderis
1037 2564 1092 2610 et
1120 2555 1392 2611 charitate
1429 2556 1650 2626 hospitii
1678 2556 1975 2627 periclitari

407 2662 506 2715 pro
542 2647 722 2702 salute
756 2648 1033 2704 sociorum
1066 2647 1207 2702 velle
1253 2647 1577 2704 discrimine
1623 2663 1974 2717 quocunque,

406 2747 570 2810 atque
620 2739 771 2807 ipsos
832 2739 1236 2795 incursantium
1300 2741 1536 2811 injurias
1593 2741 1804 2796 ulcisci.
1863 2740 1970 2796 Sibi

403 2831 538 2900 quin
574 2832 737 2885 etiam
790 2846 908 2887 esse
963 2831 1283 2886 facillimum
1338 2835 1633 2901 (annueret
1675 2833 1836 2889 modo
1867 2833 1980 2888 Au-

403 2925 622 2996 gustus)
683 2925 926 2982 immissa
993 2927 1181 2982 statim
1237 2927 1292 2981 in
1348 2943 1518 2982 naves
1582 2927 1740 2982 ducis
1799 2926 1976 2996 magni

404 3031 566 3084 quam
604 3026 910 3089 promptam
961 3020 1074 3090 jam
1127 3022 1396 3076 haberent
1443 3021 1620 3077 classe
1655 3037 1748 3076 eas
1779 3035 1980 3090 capere

403 3108 759 3180 detinereque
809 3119 870 3166 ttt
915 3113 1148 3168 hostiles
1189 3114 1291 3168 sub
1323 3122 1436 3168 tuta
1471 3114 1744 3177 custodia,
1777 3113 1982 3182 talique

404 3201 568 3256 initio
599 3203 794 3258 bellum
833 3203 901 3260 iis
953 3205 1164 3260 illatum
1215 3215 1442 3262 strenue
1494 3205 1755 3275 deinceps
1797 3207 1981 3259 conti-

1999 1941 2046 2000 Β
2075 1915 2215 1977 ζετο.
2243 1915 2430 1970 Ταῦτα
2459 1916 2634 1983 λέγων
2666 1917 2760 1970 καὶ
2798 1915 3022 1968 πλείονα
3069 1915 3217 1982 αίρεῖ
3269 1912 3386 1982 τὴν
3462 1913 3693 1980 γνώμην

2074 2010 2276 2062 αὐτίκα
2303 2009 2395 2061 τοῦ
2426 2009 2712 2078 βασιλέως.
2743 2008 2854 2061 Καὶ
2878 2007 2995 2076 ἅμα
3029 2009 3162 2077 πρδς
3196 2006 3301 2074 μὲν
3369 2005 3472 2057 τὸν
3530 2006 3584 2057 Μ
3599 2020 3694 2055 πυ-

2079 2103 2318 2171 ριγέριον
2347 2102 2558 2164 πίστεις
2588 2099 3026 2170 χρυσοὸοὑλλειοι
3069 2099 3490 2168 σχεδιάζονται,
3531 2097 3691 2158 αὐτὸς
3775 2169 3781 2174 Ί

2074 2195 2129 2248 δὲ
2162 2195 2229 2248 τὰ
2255 2195 2425 2247 πολλὰ
2457 2197 2556 2262 μὲν
2593 2196 2685 2248 καὶ
2714 2183 2808 2262 ὰφῆ
2859 2193 3058 2247 ἑαυτοῦ
3115 2191 3192 2261 τῷ
3244 2191 3491 2260 μεγάλῳ
3542 2188 3689 2240 δσυκὶ

2077 2286 2436 2358 προσνείμας,
2491 2288 2557 2340 τὰ
2602 2287 2828 2341 πλεῖστα
2889 2284 2945 2338 δὲ
2995 2285 3088 2338 καὶ
3119 2284 3324 2336 ἐκτῶν
3387 2281 3488 2334 τὸν
3544 2282 3685 2332 σῖτον

2081 2556 2137 2610 7.
2201 2554 2457 2608 Accessus
2512 2553 2581 2605 ad
2635 2554 3005 2622 imperatorem
3061 2549 3209 2602 ducis
3260 2547 3458 2616 magni
3485 2556 3535 2599 et
3592 2560 3680 2611 pro

2582 2621 2907 2692 Mpyﬁgerio
2960 2621 3163 2690 petitio.

2155 2740 2224 2793 At
2259 2753 2490 2808 magnus
2539 2736 2649 2791 dux
2699 2735 3013 2804 intelligens
3060 2733 3338 2788 oll‘ensum
3384 2732 3678 2800 imperato-

2081 2847 2196 2886 rem
2233 2838 2399 2884 tanta:
2432 2830 2484 2882 in
2518 2815 2800 2896 stipendia~
2845 2827 3107 2897 petitione
3141 2826 3430 2895 pecuniae,
3480 2822 3674 2887 despe-

2084 2939 2326 2993 ransque
2357 2930 2602 2976 trecenta
2637 2935 2986 2975 nummorum
3022 2919 3192 2973 millia
3218 2919 3482 2988 (totidem
3516 2914 3672 2987 492

2084 3017 2229 3072 enim
2269 3016 2662 3085 postulaverat)
2699 3014 2769 3068 ab
2818 3030 2885 3068 eo
2937 3028 3095 3082 posse
3128 3028 3380 3080 unquam
3416 3007 3666 3079 exprimi.

2083 3127 2144 3165 ea
2204 3111 2258 3164 in
2315 3111 2476 3180 longe
2538 3109 2806 3162 minorem
2864 3109 3139 3162 contraxit
3184 3119 3498 3165 summam,
3532 3103 3669 3154 inse

2085 3205 2355 3274 recipiens
2406 3203 2664 3258 donativo
2703 3217 2809 3254 non
2851 3216 3052 3270 magno
3081 3240 3094 3262 ,
3133 3215 3235 3254 nec
3280 3214 3440 3268 aegre
3473 3197 3543 3250 ab
3570 3196 3669 3248 im-

405 3304 578 3344 nuare
612 3291 1000 3358 occurrendol,
1035 3295 1443 3363 subeundisque
1477 3310 1817 3365 quaecunque
1851 3294 1982 3348 inei-
2014 3298 2056 3354 C
2091 3307 2341 3367 peratore
2387 3311 2486 3364 pro
2525 3295 2678 3365 copia
2716 3293 2970 3364 praesenti
3020 3292 3395 3356 numerando,
3425 3305 3547 3345 sese
3573 3301 3663 3357 pa-

406 3381 604 3436 derent
633 3384 914 3452 periculis,
946 3385 1112 3441 etiam
1144 3387 1421 3441 navalium
1455 3403 1577 3440 eum
1606 3387 1783 3441 classe
1818 3385 1981 3442 Cate-

406 3473 530 3530 lana
583 3476 935 3543 praeliorum;
997 3478 1262 3547 omnique
1311 3479 1474 3532 modo
1523 3479 1858 3548 prohibendo
1893 3495 1981 3545 ne,

407 3575 839 3638 quantacunque
917 3569 1005 3624 his
1063 3570 1342 3625 admoveri
1404 3554 1650 3640 partibus
1725 3572 1983 3641 deinceps

379 3639 613 3731 ‘puterit
667 3659 914 3730 potentia
969 3662 1150 3731 gentis
1205 3639 1417 3726 istius;
1457 3663 1723 3731 prolicere
1778 3639 1984 3717 nostris

408 3752 626 3807 damnis
662 3765 715 3808 et
743 3768 1072 3823 progressus
1113 3753 1292 3809 facere
1332 3756 1396 3808 ad
1441 3756 1855 3825 oppressionem
1885 3756 1987 3808 im-

407 3845 549 3916 perii
587 3854 772 3915 queat.
809 3845 935 3902 Haec
973 3847 1273 3916 imperator
1323 3848 1558 3905 audiens
1609 3864 1748 3903 vana
1803 3851 1985 3918 plera-

408 3954 518 4002 que
549 3940 736 4000 etﬁde
764 3939 989 4008 indigna
1021 3940 1259 4004 censuit,
1305 3941 1504 4010 partim
1541 3941 1743 3995 invidia
1780 3943 1981 4012 partim

410 4028 609 4085 fraude
639 4038 938 4100 astutoque
985 4032 1219 4088 artiﬁcio
1252 4033 1485 4102 conﬁngi
1538 4050 1568 4088 a
1601 4035 1988 4090 Genuensibus

411 4123 542 4177 talia
600 4131 950 4192 suspectans.
987 4122 1266 4179 Praebebat
1322 4125 1370 4180 ei
1438 4126 1852 4182 fundamentum
1909 4127 1989 4182 sic

410 4212 674 4283 opinandi
723 4213 1000 4267 declarata
1037 4213 1246 4268 dudum
1283 4229 1470 4286 eorum
1511 4217 1897 4270 malevolentia
1932 4217 1987 4272 in

411 4321 670 4376 magnum
707 4307 929 4370 ducem,
963 4305 1075 4373 jam
1117 4315 1230 4361 tum
1261 4308 1486 4377 quando
1511 4308 1688 4377 ipsum
1720 4309 1990 4365 Constan-

413 4396 643 4461 tinopoli
701 4395 1076 4463 egredientem
1133 4396 1250 4449 rixa
1303 4406 1532 4450 cruenta
1595 4405 1724 4449 sunt
1782 4396 1988 4452 adorti.

414 4483 568 4537 lland
598 4484 714 4539 seio
746 4483 912 4538 etiam
950 4499 1020 4539 an
1054 4499 1160 4538 non
1198 4485 1429 4539 multum
1469 4485 1706 4541 valuerit
1750 4486 1814 4540 ad
1849 4487 1993 4540 miti-

413 4574 653 4642 gandum
713 4573 839 4626 duci
889 4589 1086 4646 magno
1134 4575 1483 4644 imperatoris
1533 4577 1815 4640 animum,
1870 4592 1993 4646 pra-

2090 3396 2342 3441 caturum
2406 3385 2728 3438 Latinorum
2789 3399 3038 3436 murmur
3067 3393 3121 3435 et
3165 3382 3372 3434 horum
3427 3380 3476 3434 ei
3518 3379 3666 3448 plene

2091 3479 2572 3536 reconciliatnrum
2627 3476 2960 3530 voluntates.
3026 3473 3310 3528 Nttntiavit
3354 3474 3525 3526 etiam
3561 3469 3662 3537 jam

2089 3573 2357 3644 quosdam
2389 3587 2464 3625 ex.
2492 3571 2578 3634 iis,
2615 3583 2773 3639 prout
2826 3568 3130 3638 imperator
3175 3582 3233 3621 se
3268 3567 3416 3619 velle
3463 3560 3664 3631 signiﬁ-

2091 3675 2313 3729 casset,
2371 3680 2400 3718 a
2445 3679 2503 3717 se
2560 3662 2820 3718 mercede
2865 3663 3168 3716 instrictus
3223 3660 3426 3713 idonea
3483 3669 3661 3710 versus

2092 3757 2438 3827 imperatoris
2482 3755 2765 3810 Michaelis
2811 3764 3017 3818 castra,
3049 3753 3168 3823 ejus
3212 3751 3489 3823 auspiciis
3535 3747 3661 3801 mili-

2094 3860 2322 3914 tatnros.
2362 3849 2467 3904 iter
2495 3849 2820 3919 arripuisse.
2858 3849 2927 3902 Se
2959 3863 3088 3902 vero
3118 3856 3373 3919 paratum
3408 3840 3656 3900 ostendit,

2092 3942 2235 4012 quod
2274 3941 2324 3995 id
2357 3942 2521 3995 etiam
2559 3941 2662 3994 sibi
2715 3955 2838 3995 esse
2895 3939 3048 3995 cordi
3095 3939 3445 3992 declarasset
3492 3934 3662 3997 Augu-

2093 4043 2231 4097 stus,
2289 4048 2412 4086 cum
2475 4032 2703 4101 reliquis
2760 4033 2813 4085 in
2850 4030 3186 4085 Orientalem
3247 4030 3434 4083 redire
3493 4021 3658 4077 conti-

2096 4136 2341 4180 nentem.
2389 4123 2779 4193 Mpyrigerium
2834 4121 3097 4176 Tenlzam
3163 4121 3309 4189 quod
3377 4120 3657 4176 attineret,

2096 4234 2203 4273 non
2235 4216 2407 4270 videri
2443 4215 2895 4271 committendum
2937 4226 2995 4269 ut
3041 4215 3124 4268 vir
3157 4225 3342 4270 tantus
3398 4223 3503 4266 tam
3557 4221 3659 4261 ma-

2097 4311 2217 4383 gnis
2250 4310 2514 4379 appulsns
2550 4309 2749 4377 spebus
2786 4309 2975 4362 irritus
3029 4309 3434 4362 remitteretur.
3475 4303 3659 4357 Videre

2097 4402 2292 4458 saltem
2346 4401 2651 4455 sustineret
2729 4401 3007 4465 hominem
3076 4401 3358 4470 Augustus
3422 4403 3653 4467 paratum

2098 4495 2220 4564 ejus
2255 4493 2528 4563 maiestati
2584 4507 2644 4546 se
2694 4494 2912 4554 sistere.
2951 4493 2996 4547 si
3051 4493 3338 4562 praemissa
3373 4487 3655 4547 securitate

2100 4587 2166 4642 ad
2228 4585 2281 4640 id
2315 4585 2509 4640 idonea
2544 4597 2787 4647 vocetur,
2842 4584 2946 4638 hoc
2993 4595 3076 4639 est
3122 4584 3168 4638 si
3201 4582 3328 4637 dato
3371 4584 3425 4637 in
3472 4589 3651 4633 manus

413 4681 623 4735 vasque
671 4665 740 4720 de
795 4666 890 4720 illo
933 4667 1280 4736 suspiciones
1311 4669 1659 4732 avertendas.
1699 4670 1988 4740 conscien-
2020 4651 2063 4707 ί)
2094 4678 2197 4748 ipsi
2256 4677 2552 4747 diplomate
2605 4677 2956 4746 imperatoris
3018 4691 3184 4731 aurea
3221 4675 3464 4729 fmunito
3520 4666 3651 4724 bulla

415 4761 490 4813 tia
546 4767 655 4812 tam
702 4765 834 4813 arta:
860 4758 1164 4849 alninitatis,
1216 4774 1320 4829 qua
1347 4761 1452 4816 sibi
1479 4777 1600 4816 eum
1639 4762 1984 4826 admoverat,

413 4858 471 4902 et
511 4848 820 4902 reverentia
869 4848 1058 4904 Sancte
1094 4849 1255 4918 iurati
1301 4865 1424 4904 cum
1453 4865 1518 4905 eo
1557 4850 1646 4904 tali
1695 4851 1989 4906 occasione

420 4939 665 4994 foederis.
718 4936 818 4993 llis
870 4941 1201 4994 crediderim
1248 4942 1503 5009 equidem
1563 4941 1819 5012 obseptas
1880 4943 1990 4996 Au-

416 5030 563 5100 gusti
597 5043 760 5083 aures
793 5030 1098 5097 quamlibet
1155 5031 1552 5085 verisimilibus
1604 5031 1658 5086 in
1697 5043 1803 5086 tam
1849 5050 1989 5104 prm-

415 5121 675 5194 iudicata:
703 5123 888 5190 gratia:
919 5124 1096 5175 virum
1148 5123 1345 5177 delatis
1389 5122 1718 5177 criminibus
1767 5125 1992 5180 minime

417 5213 688 5282 patuisse.
714 5212 1105 5268 Gennensihus
1142 5224 1325 5268 tamen
1361 5215 1502 5269 idem
1546 5216 1838 5272 declarata!
1869 5219 1990 5273 ﬁdei

421 5319 486 5356 ac
521 5305 918 5360 benevolentiae
975 5305 1030 5359 in
1088 5315 1196 5358 tam
1249 5305 1490 5362 ofﬁciose
1533 5309 1874 5364 consulendo
1911 5311 1986 5364 rei

420 5394 684 5450 Romana:
716 5397 921 5466 gratias
954 5399 1061 5468 rgit
1093 5399 1383 5462 maximas,
1417 5401 1667 5456 hortatus
1701 5403 1766 5457 de
1795 5415 1991 5458 caetero

390 5513 396 5518 -
423 5497 482 5542 ut
534 5488 589 5542 in
619 5497 982 5556 arcano‘quae
1014 5491 1390 5546 indicaverunt
1427 5493 1644 5549 interim
1677 5495 1943 5549 haberent
1974 5512 1988 5549 :

426 5595 488 5635 se
513 5582 662 5634 enim
692 5581 970 5651 impertita
1005 5584 1199 5637 notitia
1232 5601 1460 5641 usurum
1491 5587 1632 5642 haud
1666 5589 1904 5656 segniter
1937 5588 1989 5640 in

423 5681 745 5744 posterum,
808 5677 1140 5744 invigilando
1207 5689 1364 5748 prout
1447 5698 1538 5753 par
1612 5690 1756 5736 esset
1831 5681 1991 5735 saluti

423 5769 684 5836 publicae,
762 5781 812 5824 ct
887 5789 1005 5841 qtuc
1105 5775 1210 5829 huc
1292 5775 1662 5831 ronduccrvnt

425 5861 656 5927 agendo.

1765 5777 1992 5846 impigre

2096 4771 2254 4840 plena
2302 4769 2405 4840 ipsi
2455 4768 2652 4823 ﬁducia
2686 4769 2971 4837 contingat
3007 4768 3328 4823 honoriﬁca:
3375 4759 3649 4819 admissio-

2094 4858 2182 4914 nis
2227 4867 2282 4912 et
2327 4858 2427 4912 tuti
2482 4868 2604 4927 post
2661 4857 3000 4927 colloquium
3049 4868 3327 4926 receptus.
3369 4855 3539 4923 Atque
3571 4846 3648 4901 hic

2095 4952 2449 5006 vehementer
2478 4951 2832 5004 asseverabat
2873 4949 3286 5018 paratissimum
3344 4949 3485 5001 hunc
3515 4952 3642 4995 8558.

2091 5042 2273 5094 ductis
2299 5055 2487 5095 secum
2513 5038 2787 5094 universis
2820 5039 3025 5108 quibus
3059 5046 3291 5106 prmerat
3326 5034 3519 5107 copiis,
3551 5025 3646 5084 sub

2086 5131 2323 5203 junioris
2371 5131 2600 5198 Augusti
2633 5131 2786 5199 signa
2829 5129 3129 5199 proﬁcisci,
3170 5145 3282 5183 rem
3335 5127 3453 5196 ejus
3494 5123 3643 5174 dum"

2091 5231 2316 5279 strenue
2363 5229 2668 5290 gesturum.
2734 5220 2858 5276 llaec
2907 5230 2961 5276 et
3001 5222 3157 5289 plura
3195 5215 3499 5275 istiusmodi
3545 5209 3641 5262 (Ιυι

2092 5331 2324 5385 magnus
2378 5330 2686 5368 memorans
2719 5331 3008 5368 assensum
3055 5315 3107 5368 in
3144 5330 3296 5368 suam
3339 5304 3639 5367 sententiam

2091 5407 2277 5460 statim
2341 5407 2525 5473 rapuit
2565 5405 2822 5478 Augusti.
2884 5405 3109 5459 Litterae
3159 5405 3329 5474 igitur
3375 5412 3527 5455 aurea
3567 5393 3639 5444 in-

2103 5499 2287 5566 signes
2335 5496 2521 5560 bulla,
2576 5496 2776 5564 quibus
2819 5495 2952 5550 ﬁdes
3011 5495 3163 5550 ﬁeret
3221 5495 3374 5548 liberi
3409 5492 3638 5544 accessus

2102 5588 2398 5657 securique
2444 5602 2718 5650 recessus.
2762 5586 3090 5658 Mpyrigerio
3131 5589 3504 5658 expediuntur.
3537 5575 3636 5642 IPSO

2105 5688 2282 5733 autem
2335 5678 2613 5748 Augustus
2664 5679 2850 5733 multis
2885 5690 3206 5748 prtescntent
3260 5688 3505 5748 magnum
3551 5666 3635 5718 du-

2106 5787 2223 5824 cctn
2266 5771 2512 5823 donariis
2555 5771 2865 5836 cumnlans,
2919 5773 3233 5841 pleramque
3283 5771 3493 5838 insuper
3528 5767 3631 5826 P3"

2113 5877 2216 5917 tem
2246 5863 2520 5931 vet'tigalis
2545 5862 2884 5919 frumentarii
2923 5865 3097 5920 eidem
3137 5864 3472 5932 postmodum
3500 5864 3630 5910 Inan-
