3848 6634
133 427 224 495 541

1054 441 1154 505 DE
1191 442 1641 507 ANDBONICO
1674 444 2150 510 PALIEOLOGO
2190 450 2335 513 LIB.
2396 449 2499 513 VI.

3283 447 3391 514 542

134 548 477 614 συναγόντων
504 554 777 622 κελεύσας
809 557 1116 628 άναλαδεῖν,
1153 562 1293 634 μετὰ
1327 564 1507 635 πάσης
1543 564 1712 634 εὐμε-
1739 568 1786 627 Α
1815 566 2145 636 προστάσσει
2174 569 2458 639 πράττειν.
2495 566 2590 620 Ἐκ
2619 565 2827 621 τούτων
2873 565 3005 636 γοῦν
3044 568 3140 623 καὶ
3188 566 3266 637 τῷ
3300 583 3389 637 με·

133 642 269 704 νείας
296 644 623 716 ἐκπέμπει.

129 767 196 830 η’.
223 761 394 847 Λιτία
419 762 546 833 τῆς
567 767 677 822 τοῦ
702 769 1047 838 σιτοκρίθου
1079 770 1440 841 συναγωγῆς
1472 770 1588 827 ἀπὸ
1614 770 1719 827 δύ-

845 856 1019 905 σεως.

191 923 338 977 reas
367 926 472 980 τοῦ
506 929 988 1002 ἐπισυναγομένου
1018 935 1329 1005 σιτοκρίθου
1370 937 1566 991 τοιόνδ’
1618 930 1710 1007 ἦν.

132 1017 202 1069 Τὰ
242 1017 342 1085 μὲν
372 1020 493 1090 γάρ
527 1024 633 1091 τῆς
663 1025 933 1095 ἀνατολῆς
966 1027 1061 1080 καὶ
1107 1027 1229 1081 λίαν
1267 1028 1603 1099 ὲξηπορήθη,
1639 1028 1715 1092 ὡς

134 1107 286 1179 μηδὲν
308 1110 465 1179 ἔχειν
497 1114 758 1170 ἐντεῦθεν
785 1117 883 1188 τὴν
907 1118 1207 1186 βασιλείαν,
1260 1120 1461 1188 μᾶλλον
1494 1120 1592 1188 μὲν
1622 1119 1715 1174 οῦν

133 1203 218 1256 καὶ
266 1204 533 1274 ἀνάγκην
578 1209 919 1278 καταστῆναι
974 1210 1116 1281 ὑπὲρ
1167 1212 1383 1287 ἐκείνης
1450 1211 1716 1266 ἐκκενοῦν

132 1295 409 1363 χρήματα.
470 1296 545 1352 Ἥ
569 1299 630 1353 δὲ
679 1302 790 1354 τῶν
828 1302 1159 1356 Μακεδόνων
1211 1304 1307 1359 καὶ
1355 1302 1508 1366 δύσις
1564 1306 1717 1359 πᾶσα

135 1388 219 1440 καὶ
255 1387 381 1441 λίαν
416 1389 761 1462 εὐφόρησεν,
792 1395 840 1448 εί
869 1395 965 1448 καὶ
998 1396 1071 1465 μὴ
1096 1394 1291 1449 εὔωνοι
1330 1398 1377 1449 οἱ
1406 1397 1611 1465 καρποὶ
1656 1395 1715 1463 ἐξ

134 1475 300 1529 αὐτῶν
332 1476 425 1548 [Ρ.
469 1479 615 1553 545]
645 1482 869 1537 ἁλὼνων
888 1478 1050 1554 ἦσαν,
1084 1483 1198 1538 ἀλλ’
1226 1484 1301 1548 ὡς
1317 1486 1374 1538 ὲν
1402 1484 1581 1556 καιρῷ
1615 1501 1715 1554 μεθ

138 1569 309 1635 γίστου
329 1570 508 1640 λιμοῦ
525 1575 556 1625 ό
576 1575 723 1638 σῖτος
749 1576 1198 1644 διεπιπράσκετο,
1223 1578 1330 1630 τῶν
1376 1576 1496 1630 κατ’
1526 1578 1717 1631 ἀνατο-

136 1656 222 1725 λὴν
287 1662 432 1730 πρὸς
489 1662 655 1716 δύσιν
707 1666 1208 1737 μετενηνεγμένων.
1240 1666 1407 1719 Ταῦτ’
1458 1666 1567 1738 ἄρα
1620 1666 1716 1720 καὶ

142 1751 381 1821 βασιλεὺς
418 1754 642 1825 πόρους
670 1758 930 1823 ἐπινοῶν,
954 1759 1116 1814 τοῦτο
1149 1759 1250 1829 μὲν
1280 1758 1389 1813 τῶν
1414 1760 1550 1831 πρὸς
1587 1760 1715 1824 τοὺς

1821 658 1972 729 γάλῳ
1997 659 2149 713 δουκὶ
2178 661 2438 724 κελεύσας
2467 659 2707 714 δίδοσθαι
2755 658 3000 731 ἀργύρου
3055 678 3117 714 τε
3148 661 3241 714 καὶ
3271 677 3401 730 χρυ-

1823 750 1940 804 σίου
1981 750 2468 817 άπεμπολοῦντων,
2523 753 2622 806 καὶ
2678 751 2972 822 ὰνακωχὴν
3010 750 3122 804 τῶν
3185 750 3396 803 ἐκείνου

1822 841 1986 913 σχὼν,
2050 842 2121 896 τὰ
2151 845 2279 913 περὶ
2316 843 2410 897 τοῦ
2472 843 2851 914 Μπυριγερίου
2901 840 3290 904 διεὸουλεύετο,
3308 841 3400 904 1b;

1820 937 2016 991 αὐτίκα
2036 936 2288 990 κάκεῖνον
2312 937 2697 1007 προσηκόντως
2739 939 2831 990 καὶ
2861 935 2935 998 ὼς
2970 936 3178 996 ἐκεῖνος
3234 934 3401 1002 ἠλπίο

1819 1047 1906 1085 κει
1947 1031 2359 1099 ὑποδεξόμενος.
2400 1031 2498 1084 Διὰ
2535 1029 2707 1084 ταῦτα
2750 1031 2848 1083 καὶ
2885 1028 2994 1084 τῶν
3046 1028 3190 1083 κατὰ
3245 1028 3399 1085 δύσιν

1820 1121 2086 1191 προνοιῶν
2115 1122 2341 1193 ἥπτετο,
2372 1123 2467 1176 καὶ
2497 1120 2557 1175 τὸ
2587 1121 2769 1192 τρίτον
2810 1123 2875 1175 ὲκ
2921 1120 3131 1174 τούτων
3155 1119 3393 1192 ἀφῄρει·

1819 1214 1889 1269 τὰ
1924 1214 2031 1284 γὰρ
2047 1212 2155 1266 τῶν
2186 1214 2393 1284 μισθῶν
2418 1214 2526 1266 τῶν
2544 1212 2688 1266 κατᾶ
2713 1213 2780 1265 τὰ
2814 1211 3088 1281 ἀνάκτορα
3113 1211 3398 1265 ὲκδουλευ-

1818 1305 1986 1360 όντων
2022 1307 2118 1360 καὶ
2150 1304 2256 1375 πρὸ
2317 1304 2525 1375 χρόνων
2568 1303 2794 1374 διεκόπη
2838 1304 3033 1357 πάλαι.
3077 1302 3240 1355 Ἀλλὰ
3297 1317 3396 1355 και

1816 1397 1879 1451 τὸ
1908 1400 2149 1468 νόμισμα
2173 1396 2263 1451 διὰ
2291 1396 2391 1467 τὴν
2442 1396 2632 1467 χρείαν
2670 1394 3073 1465 ὲκιὸδηλεύετο.
3127 1393 3401 1464 Πρότερον

1821 1490 1922 1562 μὲν
1971 1490 2079 1560 γὰρ
2117 1489 2212 1543 ἐπὶ
2256 1489 2507 1543 Ἰωάννου
2540 1489 2632 1543 τοῦ
2685 1488 2864 1541 Δούκα
2905 1487 2968 1541 τὸ
3010 1486 3255 1558 δίμοιρον
3306 1483 3402 1538 τοῦ

1817 1581 2079 1636 ταλάντου
2106 1576 2213 1634 τῶν
2234 1582 2589 1651 νομισμάτων
2619 1579 2826 1651 χρυσὸς
2851 1575 2918 1649 ἦν
2947 1578 3210 1647 ἄπεφθος,
3272 1576 3301 1629 δ
3332 1577 3400 1646 δὴ

1817 1673 1908 1727 καὶ
1934 1676 1963 1727 ό
1992 1672 2053 1736 ἐξ
2078 1671 2288 1726 ἐκείνου
2318 1672 2555 1743 διετήρει
2587 1689 2604 1705 ο
2646 1671 2873 1741 ὕστερον
2927 1671 2985 1724 δὲ
3038 1670 3133 1722 ἐπὶ
3179 1667 3404 1737 Μιχαὴλ

1815 1763 1913 1834 τῆς
1940 1763 2147 1827 πόλεως
2178 1763 2433 1834 ἀλούσης,
2462 1763 2551 1816 διὰ
2583 1763 2680 1825 τὰς
2704 1763 2826 1815 τότε
2859 1763 2982 1816 κατ’
3028 1759 3277 1830 ἀνάγκην
3312 1760 3401 1813 δόο

151 1844 376 1907 Ἰταλοὺς
413 1847 802 1914 μισθωμάτων
833 1850 1196 1922 ὑπερηφάνων
1238 1850 1428 1915 ὄντων,
1471 1850 1713 1904 τοῦτοδὲ
1745 1912 1789 1925 _
1818 1871 1953 1918 σεις,
2005 1854 2099 1908 καὶ
2142 1854 2344 1925 μᾶλλον
2396 1855 2531 1925 πρὸς
2612 1853 2885 1917 Ἰταλοὺς,
2954 1851 3404 1921 μετεγεγράφατο

141 1932 227 1985 καὶ
250 1932 355 1984 τῶν
382 1912 488 1987 ἐπὶ
528 1936 749 2006 χρείαις
807 1912 1473 2010 ἄλλαις-δαπανημάτων,
1526 1941 1586 1994 τὸ
1622 1941 1715 2009 ἀφ’
1745 1912 1793 1972 Β
1827 1912 2037 2015 ρεξτε
2051 1912 2159 1999 τῶν
2186 1912 2453 1999 παλαιῶν.
2470 1912 2734 2015 σημείων,
2771 1912 2883 2012 τῆς,
2933 1912 3142 2006 πόλεως
3167 1912 3404 2011 ’άαρατ-

147 2023 361 2085 ἑκάστου
388 2029 661 2097 γεωργοῦ
684 2029 956 2098 ὀλίγιστον
984 2034 1063 2094 είς
1107 2033 1289 2102 μεῖζον
1347 2031 1463 2103 ἅμα
1508 2049 1724 2103 συμπο-
1823 2037 2055 2108 τομένης
2078 2036 2326 2103 ὄπισθεν,
2354 2037 2653 2105 καθυφίετο
2712 2036 2768 2088 δὲ
2818 2033 2914 2088 καὶ
2953 2035 3106 2103 παρὰ
3148 2032 3405 2102 κεράτιον

154 2116 261 2172 σοῦν
279 2118 452 2188 ἔγνω,
483 2122 593 2177 καὶ
638 2124 969 2187 ἀποστείλας
1026 2123 1118 2193 ἀφ’
1170 2125 1287 2188 ἑνὸς
1340 2126 1571 2179 ἑκάστου
1617 2124 1725 2179 τῶν
1824 2128 1887 2181 τὸ
1913 2128 1978 2180 ὲκ
2006 2126 2206 2198 χρυσοῦ
2240 2126 2617 2197 νομιζόμενον,
2642 2126 2717 2188 ὡς
2746 2124 3142 2177 πεντεκαίδεκα
3167 2122 3304 2192 πρὸς
3334 2119 3404 2174 τὰ

154 2211 543 2281 γεωργούντων
578 2214 720 2285 ὑπὲρ
753 2217 1088 2289 συγκομιδῆς
1106 2217 1407 2287 ζευγίτιδος
1451 2218 1602 2272 σίτου
1628 2218 1728 2288 μὲν
1826 2220 2247 2290 είκοσιτέσσαρα
2268 2219 2541 2288 γίνεσθαι.
2588 2216 3041 2281 Μεταλλάξαντος
3090 2216 3137 2269 δ’
3193 2215 3401 2267 ἐκείνου

162 2302 354 2372 μοδίους
384 2305 474 2375 ἐξ,
533 2308 737 2382 κριθῆς
776 2310 834 2364 δὲ
888 2311 1104 2382 μοδίους
1153 2310 1425 2382 τέσσαρας
1470 2310 1729 2374 τοπικοὺς
1827 2313 2093 2382 πρότερον
2119 2311 2218 2383 μὲν
2254 2311 2333 2375 είς
2355 2310 2730 2381 δεκατέσσαρα
2763 2310 3023 2380 περιέστη
3080 2307 3214 2377 πρὸς
3241 2306 3400 2372 δέκα,

159 2481 279 2540 dans
328 2487 601 2552 attribui,
633 2487 820 2544 lautum
853 2503 977 2545 eum
1018 2503 1085 2546 ac
1116 2490 1228 2547 voti
1256 2498 1562 2560 compotem
1601 2507 1727 2547 cum
1828 2496 2021 2565 injecit
2062 2494 2427 2565 pensionibus
2474 2506 2597 2562 quae
2642 2491 2962 2561 reipublicae
3008 2488 3279 2544 ministris
3307 2502 3404 2556 per

163 2578 293 2632 omni
339 2579 698 2652 benignitate
741 2583 973 2639 dimisit.
1833 2594 2046 2643 tractus
2105 2585 2379 2642 Oceiduos
2443 2583 2649 2639 dudum
2713 2581 3033 2637 constitutae
3098 2580 3404 2647 quotannis

1831 2680 2009 2734 adhuc
2068 2678 2444 2733 solvebantur.
2507 2674 2615 2730 Has
2667 2675 2827 2731 tertia
2886 2683 3037 2743 parte
3100 2672 3402 2728 diminnit:

1832 2787 1941 2827 non
1985 2772 2130 2827 enim
2185 2770 2286 2824 fuit
2322 2770 2472 2824 aliud
2516 2768 2663 2839 quod
2725 2768 3016 2837 arriperet,
3047 2780 3168 2819 cum
3210 2774 3402 2820 aucto-

1834 2869 2103 2930 ramenta,
2136 2878 2258 2932 quae
2290 2861 2593 2917 certissima
2628 2859 2784 2929 prius
2813 2867 2868 2914 et
2901 2858 3190 2928 praecipuae
3217 2856 3408 2911 condi-

1835 2957 2003 3011 tionis
2037 2954 2422 3017 babebantur,
2452 2952 2809 3007 servientium
2845 2950 2897 3003 in
2937 2947 3204 3017 imperiali
3238 2947 3405 3003 domo

1835 3048 2209 3118 palatinorqu
2260 3046 2371 3117 jam
2433 3045 2642 3115 pridem
2701 3042 3125 3098 intervertisset.
3190 3040 3298 3094 Sed
3350 3047 3406 3095 et

1838 3139 2028 3202 alium,
2092 3139 2237 3193 unde
2289 3138 2452 3193 istam
2500 3136 2554 3191 in
2599 3134 2988 3205 Mpyrigerium
3019 3131 3405 3188 eﬂ'undendam

164 2686 211 2742 8.
253 2687 481 2747 Occasio
528 2701 585 2747 et
623 2693 765 2748 ratio
820 2695 1007 2818 tdribtuti
1030 2696 1169 2759 quod
1216 2696 1612 2752 tritichordeum
1653 2706 1732 2752 est

869 2782 913 2818 ιε
941 2783 1052 2818 um.

869 2782 1052 2822 rerum.

226 2851 438 2911 Tributi
469 2871 645 2925 porro
676 2857 963 2913 memorati
997 2858 1162 2914 modo
1195 2858 1563 2924 frumentarii,
1585 2858 1733 2928 quod

175 2943 319 3015 vulgo
373 2946 699 3015 σιτόκριθον
727 2985 743 3010 ,
786 2949 943 3018 quasi
991 2948 1209 3006 diceres
1264 2951 1685 3007 tritichordeum
1715 2993 1731 3019 ,

173 3037 485 3106 appellatum
541 3049 660 3103 est,
705 3039 820 3095 haec
868 3041 1023 3111 origo
1064 3028 1230 3111 atque
1279 3042 1555 3098 institutio
1606 3043 1734 3101 fuit.

176 3126 378 3184 Vastata
428 3130 854 3189 incursionibus
885 3133 1195 3189 barbaricis
1236 3135 1365 3191 Asia
1397 3145 1452 3192 et
1484 3134 1738 3192 0rienta~

175 3217 245 3272 les
292 3227 504 3276 tractus
550 3222 818 3286 universi,
861 3232 1093 3280 vacante
1159 3224 1269 3279 illic
1312 3240 1568 3296 agrorum
1615 3226 1734 3281 cul—
1760 3247 1802 3304 ε
1839 3230 2124 3301 pecuniam
2149 3228 2759 3297 conﬁceret,qumstum
2795 3224 3125 3295 excogitavit
3156 3240 3218 3279 ex
3251 3223 3407 3277 adul-

178 3315 308 3374 tura,
342 3320 593 3368 extrema
652 3313 833 3369 victus
880 3315 1065 3385 inopia
1114 3314 1278 3387 [‘93
1316 3316 1725 3385 premebantur.

175 3400 237 3454 At
278 3402 468 3460 eodem
531 3414 781 3476 tempore
818 3408 1048 3462 adversa
1106 3412 1394 3464 continens
1456 3408 1727 3480 Europae,

179 3491 477 3553 Macedonia
514 3507 570 3552 et
599 3514 794 3554 omnes
842 3498 1098 3555 Occiduae
1142 3501 1415 3569 regiones,
1454 3502 1731 3558 messibus

180 3595 296 3640 sunt
341 3589 643 3647 uberrimis
692 3592 897 3647 ditatae.
939 3591 1058 3647 Non
1117 3594 1306 3659 enim,
1373 3602 1431 3648 ut
1481 3594 1594 3649 fere
1651 3595 1731 3663 fit,

185 3679 505 3739 abundantia
540 3684 795 3740 vilitatem
844 3699 1075 3741 annonae
1119 3686 1444 3753 induxerat,
1479 3687 1573 3742 sed
1608 3702 1735 3757 pro-

186 3780 292 3842 pter
320 3788 719 3834 concurrentes
771 3792 837 3833 eo
891 3779 1131 3835 Asianos
1194 3780 1421 3835 sedibus
1470 3788 1731 3837 extrusos

190 3867 505 3933 propriisita
534 3866 872 3924 frumentum
929 3869 982 3924 in
1029 3885 1245 3926 summa
1293 3878 1538 3940 segetum
1572 3871 1736 3926 ubera

1833 3323 2105 3379 teratione
2158 3328 2394 3377 monetae
2426 3319 2681 3389 publicae,
2716 3318 2769 3372 in
2809 3318 3031 3387 sequius
3066 3315 3405 3370 detrahenda

1834 3417 2100 3488 qualitate
2149 3415 2347 3485 signati
2400 3413 2544 3479 auri,
2602 3408 2872 3479 siquidem
2930 3425 3055 3463 cum
3113 3410 3266 3478 prius
3302 3405 3409 3461 sub

1833 3508 2050 3564 Joanne
2084 3509 2232 3563 Duca
2270 3514 2501 3562 eatenus
2533 3511 2788 3573 corrupta
2821 3501 2985 3574 494
3019 3507 3167 3555 esset
3200 3499 3410 3553 nummi

1832 3601 1985 3657 aurei
2014 3601 2333 3665 ,sinceritas
2366 3608 2423 3655 ut
2455 3597 2574 3652 auri
2629 3596 2751 3666 puri
2800 3583 3088 3649 dimidium
3144 3591 3414 3646 duntaxat

1837 3696 2065 3750 haberet
2100 3693 2334 3763 pondus,
2386 3691 2604 3760 reliquo
2649 3704 2681 3745 e
2726 3686 2985 3744 deteriori
3023 3685 3251 3740 materia
3284 3687 3413 3739 sub.

1839 3786 2007 3840 misto
2049 3784 2168 3857 (qui
2232 3799 2367 3839 usus
2434 3796 2611 3850 usque
2682 3780 2751 3835 ad
2818 3779 3103 3834 Michaelis
3163 3788 3412 3847 tempora

1836 3875 2250 3944 perseveravit),
2285 3874 2449 3943 hujus
2482 3874 2678 3943 primis
2730 3872 2913 3935 annis,
2946 3877 3162 3939 recepta
3196 3884 3226 3924 e
3266 3868 3411 3921 Lati-

189 3961 285 4011 tate
311 3961 678 4023 vendebatur,
716 3971 775 4017 ut
820 3961 982 4021 annis
1034 3963 1119 4016 vel
1177 3963 1418 4018 maxime
1469 3963 1737 4021 famelicis
1838 3970 1930 4024 nis
1972 3965 2479 4035 Constantinopoli,
2517 3979 2643 4019 cum
2699 3962 2843 4017 idem
2893 3960 3126 4015 Michael
3182 3959 3415 4031 pecunia

192 4059 570 4119 consueverat;
601 4053 744 4108 unde
789 4062 1035 4122 quaestus
1071 4055 1388 4110 aratoribus
1419 4065 1473 4110 et
1501 4054 1739 4110 dominis
1838 4066 2023 4128 egeret
2056 4055 2124 4110 ad
2174 4055 2499 4125 largitiones
2558 4051 2904 4109 necessarias
2931 4088 2947 4115 ,
3001 4050 3303 4119 praesertim
3339 4048 3417 4104 fa-

192 4155 428 4214 agrorum
477 4149 945 4205 cumulatissimus
989 4149 1224 4206 redibat.
1284 4151 1399 4207 Hoc
1442 4150 1740 4220 imperator
1841 4150 2064 4207 ciendas
2117 4146 2290 4207 Italis,
2332 4145 2524 4201 recudi
2575 4153 2853 4199 monetam
2909 4155 3129 4196 omnem
3189 4154 3413 4194 auream

197 4237 552 4297 animadverso
593 4241 771 4298 locum
826 4257 948 4297 esse
991 4243 1225 4298 credidit
1259 4243 1545 4299 indictioni
1574 4243 1741 4299 vecti—
1840 4241 2031 4314 jussit,
2089 4244 2359 4309 praetextu
2416 4234 2746 4291 immutandi
2796 4240 2958 4290 notas
2997 4240 3214 4288 veteres
3249 4245 3416 4283 :nam

197 4329 318 4395 galis
348 4334 496 4396 novi,
526 4349 639 4403 quo
679 4333 975 4401 plurimum
1018 4335 1210 4404 egebat
1241 4335 1439 4405 partim
1477 4334 1545 4391 ad
1583 4348 1740 4391 com-
1843 4350 1946 4406 pro
1993 4341 2156 4388 antea
2194 4330 2417 4388 usitatis
2447 4328 2616 4400 signis
2646 4327 2837 4383 urbem
2882 4322 3417 4392 Constantinopolim

199 4427 480 4489 timendas
526 4427 877 4484 mercedibus
931 4429 1395 4497 repraesentandis
1431 4443 1744 4484 murmura-
1846 4427 1902 4482 in
1944 4426 2155 4496 postica
2189 4423 2399 4480 nummi
2428 4422 2570 4478 facie
2600 4420 2775 4475 voluit
2802 4430 3042 4475 exstare.
3077 4416 3280 4472 Verum
3312 4415 3420 4470 ista

202 4516 357 4576 tiones
393 4523 810 4579 "contumacium
856 4521 1201 4584 Latinorum.
1249 4524 1446 4594 partim
1506 4524 1573 4578 ad
1611 4538 1745 4579 usus
1780 4592 1805 4594 μ
1846 4516 2136 4572 occasione
2165 4513 2388 4571 detrivit
2432 4511 2635 4567 metalli
2672 4510 2996 4579 probitatem
3044 4523 3111 4563 eo
3143 4521 3316 4574 usque
3359 4512 3421 4558 ut

202 4608 321 4667 alios
353 4616 786 4672 necessariorum
818 4624 1152 4686 sumptuum.
1181 4592 1324 4688 Ergo
1350 4617 1518 4673 edicit
1542 4626 1601 4671 ut
1628 4617 1747 4674 sin-
1774 4592 1822 4650 Ῑ)
1849 4626 1881 4666 e
1913 4608 2108 4678 viginti
2156 4618 2395 4678 quatuor
2442 4604 2696 4674 partibus
2749 4602 2898 4657 aurei
2930 4600 3092 4655 solidi
3128 4598 3250 4654 auri
3279 4596 3421 4652 duu-

206 4703 299 4768 ςυιῑ
327 4709 576 4778 agricolae
603 4723 918 4764 mensuram
942 4723 972 4763 e
995 4723 1093 4764 sua
1125 4724 1303 4765 messe
1335 4724 1443 4765 non
1469 4724 1744 4778 magnam,
1850 4710 2000 4759 taxat
2041 4701 2162 4772 puri
2200 4713 2395 4755 novem
2446 4704 2656 4760 essent,
2685 4693 3001 4765 quindecim
3056 4692 3303 4747 mistura:
3332 4704 3422 4745 se-

206 4791 406 4850 minime
451 4797 606 4866 gravi
664 4796 718 4851 in
781 4804 933 4852 tanta
982 4797 1140 4866 copia
1198 4798 1515 4861 collatione,
1553 4799 1746 4854 darent
1849 4794 2080 4864 quieris.
2124 4793 2256 4849 Post
2305 4788 2596 4846 Michaelis
2627 4796 2864 4860 mortem
2894 4787 3094 4856 exigua
3125 4793 3209 4839 est
3232 4798 3422 4838 emen-

208 4882 511 4953 reipublicae,
557 4903 738 4959 eoque
799 4889 1015 4945 modico
1073 4891 1249 4960 pretio
1308 4889 1745 4947 lucrosissimam
1851 4886 2003 4942 datio
2039 4878 2253 4950 secuta,
2297 4883 2489 4940 decem
2538 4881 2734 4939 saltem
2773 4879 3024 4949 partibus
3051 4877 3173 4933 auri
3205 4875 3422 4947 purgati

210 4971 297 5027 sibi
325 4974 634 5036 facultatem
671 4988 924 5034 emerent
950 4979 1209 5034 frumenti
1241 4980 1522 5049 suiatque
1553 4978 1747 5035 hordei
1848 4978 1915 5035 ad
1961 4978 2189 5034 vitiosas
2248 4973 2671 5048 quatuordecim
2729 4971 2981 5039 adjectis.
3036 4972 3109 5024 At
3138 4983 3286 5023 nunc
3332 4965 3425 5023 isti

213 5063 440 5130 plaustris
461 5073 740 5143 bigisque,
782 5086 1005 5143 quoquo
1038 5072 1263 5138 vellent,
1294 5072 1576 5128 venditum
1624 5070 1749 5127 mit-
1850 5071 1957 5142 ipsi
2004 5069 2163 5138 probi
2212 5069 2418 5124 metalli
2468 5065 2755 5137 particulae
2787 5063 3077 5119 dimidium
3110 5062 3422 5116 detractum

212 5158 358 5216 tendi.
404 5166 480 5220 Ad
522 5166 629 5220 hoc
658 5165 954 5235 unicuique
1001 5165 1169 5220 modii
1206 5180 1302 5220 sex
1331 5165 1526 5229 tritici,
1559 5164 1746 5220 hordei
1849 5162 2027 5219 scoria
2055 5170 2110 5217 et
2137 5160 2459 5216 retrimento
2503 5156 2813 5226 suppletum
2844 5163 2951 5220 est,
2998 5152 3146 5208 unde
3183 5147 3425 5206 securim
3497 5148 3502 5155 '

217 5258 434 5322 quatuor,
467 5273 567 5327 per
590 5257 712 5313 loca
749 5258 962 5328 singula
993 5257 1266 5327 pendendi
1311 5264 1440 5313 sunt
1472 5256 1746 5326 imperati.
1850 5252 2027 5324 indigi
2048 5265 2302 5321 magnam
2330 5249 2457 5305 ﬁdei
2490 5246 2994 5303 commutationum
3021 5252 3077 5299 et
3110 5239 3428 5298 necessario

217 5335 281 5395 Et
307 5343 400 5403 hac
426 5350 722 5406 collectitia
751 5365 970 5406 annona
1004 5365 1204 5419 magno
1231 5350 1413 5404 statim
1446 5349 1747 5418 divendita,
1853 5358 2037 5399 rerum
2105 5340 2273 5397 victui
2343 5347 2595 5409 aptarum
2637 5336 2970 5393 commercio
3022 5335 3275 5404 contigit,
3323 5344 3427 5385 nec

1854 5436 2062 5493 exteris
2092 5432 2254 5489 facile
2288 5432 2714 5500 importantibus
2768 5430 2835 5485 ad
2891 5444 2994 5485 nos
3035 5442 3157 5491 sua,
3196 5440 3295 5480 nec
3328 5439 3429 5478 no-

1855 5530 1987 5583 stris
2047 5525 2453 5580 invenientibus
2512 5524 2603 5578 cui
2667 5522 2783 5578 suis
2834 5520 3023 5577 usibus
3059 5512 3427 5571 redundantia

224 5627 349 5682 lianc
389 5604 1049 5699 itnperatorillpyrigerii
1092 5641 1314 5697 quoque
1354 5641 1453 5695 pro
1479 5625 1600 5696 ejus
1622 5633 1750 5680 voto
1857 5621 2182 5685 venderent,
2239 5616 2430 5686 utique
2482 5614 2592 5672 illis
2656 5612 2803 5669 haud
2863 5610 2999 5668 satis
3025 5604 3424 5674 accipientibus

224 5719 507 5773 munerandi
541 5717 931 5789 cogitationem
959 5718 1242 5786 ingressus
1263 5725 1369 5777 est.
1401 5716 1754 5785 decrevitque
1858 5727 1958 5782 pro
1995 5725 2178 5766 merce
2214 5710 2383 5778 proba
2436 5708 2671 5778 pretium
2731 5704 3122 5762 adulteratam,
3177 5710 3231 5753 et
3269 5714 3427 5776 suam

230 5797 368 5867 ipsum
390 5811 450 5866 ad
488 5826 550 5867 se
574 5810 880 5866 venientem
912 5808 1206 5863 admittere
1241 5824 1302 5863 ea
1328 5823 1490 5876 quam
1528 5823 1752 5878 sperare
1857 5802 2103 5860 melioris
2148 5811 2291 5856 nota:
2320 5808 2598 5855 monetam
2634 5797 2750 5865 pari
2779 5810 2904 5851 cum
2957 5801 3147 5845 nostra
3185 5790 3266 5843 sic
3297 5804 3431 5843 cor-

232 5889 353 5955 illum
378 5912 550 5971 norat,
605 5900 1044 5961 honorificentia.
1081 5899 1141 5957 ld
1176 5911 1235 5957 ut
1281 5900 1517 5967 faceret,
1550 5915 1748 5957 manus
1850 5906 2007 5969 rupta
2074 5894 2433 5953 aestimatione
2501 5890 2791 5962 profligare
2866 5881 3279 5943 recusantibus.
3349 5880 3429 5936 Ex

221 5436 315 5490 auri
364 5444 681 5514 argentique
737 5456 983 5498 summas
1031 5442 1282 5513 ingentes
1337 5441 1488 5497 reddi
1547 5455 1747 5510 magno

219 5521 320 5582 duci
340 5531 531 5602 jussit;
570 5536 790 5605 istoque
823 5536 902 5592 sic
931 5535 1151 5600 satiato,
1184 5535 1405 5604 quietus
1428 5535 1542 5604 jam
1587 5534 1656 5589 ab
1684 5548 1746 5588 ea
