3848 6618
433 451 538 518 ξιτ

1514 430 1519 436 ’
1618 451 1947 514 GEORGII
1983 449 2472 513 PACHYMERA!

3614 452 3709 517 548

434 570 825 641 μεγαλοπρεπῆ
857 569 955 639 τὴν
989 568 1256 640 ὑποδοχὴν
1301 568 1566 641 εὑρίσκει,
1600 571 1696 625 καὶ
1730 570 2002 641 ὁσημέραι
2034 575 2078 632 Α
2107 570 2258 641 παρὰ
2292 570 2558 641 βασιλέως
2593 572 2685 626 καὶ
2742 571 3179 641 μεγαλοπρεπῶς
3246 571 3706 645 πεφιλοτίμηντο,

430 665 627 733 πεῖραν
680 658 852 726 διδοὺς
909 662 1004 716 καὶ
1045 661 1359 732 λαμϐάνων,
1403 662 1510 715 τῶν
1560 662 1659 732 μὲν
1700 662 1845 733 νηῶν
1903 662 2005 714 οὐκ

428 758 735 826 ἀπέσχετο,
779 757 894 809 ἀλλ’
948 756 1024 820 ὡς
1084 755 1432 827 καταλύματι
1483 755 1710 819 ταύταις
1782 756 2002 826 ἐχρῆτο,

430 850 660 904 ἐδεστῶν
690 851 810 903 καθ’
839 850 1074 919 ἑκάστην
1098 850 1507 920 ἐμφορούμενος
1534 849 1628 920 τὴν
1655 849 1873 920 ἡμέραν
1920 845 2004 913 οἷς

426 940 604 992 εἱστία
628 940 814 993 τοῦτον
847 942 875 993 ὁ
904 940 1179 1009 βασιλεὺς,
1218 941 1313 993 καὶ
1348 942 1459 1003 τοῖς
1501 940 1627 1009 περὶ
1682 940 1845 993 αὐτὸν
1901 941 2002 1011 τὴν

429 1029 665 1099 εὐωχίαν
693 1033 905 1099 συχνοῖς
926 1028 1258 1100 νομίσμασιν
1301 1029 1676 1099 ίκανούμενος,
1730 1031 1921 1101 ἀνέδην
1955 1030 2002 1084 δ’
2080 1098 2085 1105 ,

424 1124 574 1192 ὅμως
622 1123 722 1187 τὰς
762 1124 900 1192 πρὸς
948 1122 1173 1194 βασιλέα
1228 1125 1464 1176 ἐποιεῖτο
1516 1123 1832 1194 προσόδους,
1907 1122 2002 1176 καὶ

426 1213 714 1268 ὲκυδνοῦτο
767 1216 885 1277 ταῖς
950 1216 1171 1285 συχναῖς
1222 1214 1506 1284 ἀλλαγαῖς,
1572 1216 1665 1269 καὶ
1716 1215 1875 1281 δῆλος
1933 1209 2001 1285 ἦν

425 1307 953 1378 ὑποταχθησόμενος.
988 1308 1173 1372 Τέλος,
1225 1309 1412 1377 ὲπεὶὴ
1454 1307 1615 1379 ἑορτὴ
1664 1308 1997 1378 ἐφειστήκει,

424 1399 530 1452 ἔδει
584 1400 639 1452 δὲ
689 1400 780 1452 καὶ
806 1399 968 1452 αὐτὸν
989 1399 1087 1453 ἕνα
1132 1398 1234 1469 ἤδη
1282 1398 1515 1469 φανέντα
1554 1399 1653 1467 τῆς
1705 1399 1999 1470 γερουσίας

425 1492 667 1562 ὀφφικίῳ
690 1493 782 1545 καὶ
818 1494 1170 1563 παρασήμοις
1201 1492 1486 1562 τιμᾶσθαι,
1512 1493 1708 1563 ὅρκους
1735 1496 1835 1561 τῆς
1865 1494 1999 1545 ὑπο-

422 1587 596 1653 ταγῆς
631 1584 1004 1654 παρασχόντα,
1040 1587 1246 1650 γίνεται
1295 1584 1475 1646 τοῦτο,
1528 1586 1620 1637 καὶ
1677 1586 1849 1654 μέγας
1898 1585 1998 1653 μὲν

424 1676 702 1746 παρευθὺς
735 1676 1003 1740 κλεῖζεται
1046 1674 1172 1740 δοὺξ
1206 1676 1508 1746 συγκλήτου
1539 1678 1718 1746 πάσης
1774 1679 1867 1730 καὶ
1898 1692 1999 1729 πο-

422 1770 629 1832 λιτείας
685 1771 1117 1840 παρισταμένης,
1165 1770 1259 1824 καὶ
1304 1772 1403 1838 τὴν
1458 1770 1761 1840 βακτηρίαν
1808 1771 1868 1821 τὸ
1897 1770 1996 1839 τῆς

423 1860 581 1926 ἀξίας
611 1859 876 1929 λαμϐάνει
895 1858 1157 1928 ξύμϐολον
1182 1860 1298 1924 (καὶ
1325 1858 1481 1911 τοῦτο
1522 1858 1628 1929 γὰρ
1662 1858 1739 1928 τῷ
1789 1857 1998 1927 βασιλεῖ

424 1949 877 2019 κεκαινούργητο,
910 1947 1347 2020 άργυροχρύσοις
1385 1946 1711 2017 βακτηρίαις
1739 1948 1866 2006 τοὺς
1898 1948 1996 2014 τῆς

424 2041 714 2112 γερουσίας
739 2041 1079 2111 πρωτίστους
1105 2039 1429 2108 ἀξιωμάτων
1460 2038 1838 2100 ἐπιϐαίνοντας
1868 2053 1999 2105 σεμο

422 2132 721 2201 νύνεσθαι),
754 2132 851 2201 τὴν
883 2130 994 2184 ἄνω
1017 2132 1074 2184 δὲ
1096 2129 1283 2201 χώραν
1307 2130 1599 2201 λαμϐάνει,
1634 2131 1727 2184 καλ⁸
1765 2128 1998 2199 ἑορτίοις

422 2225 596 2292 ἀξίοις
629 2225 979 2295 παρασήμοις
1006 2222 1480 2299 κατὰΪΡωμαίους
1531 2222 1852 2288 στολιζεται,
1906 2221 2000 2276 καὶ⁴

422 2318 483 2372 τὸ
514 2317 930 2387 σκαραμάγκιον
967 2315 1306 2385 ἐπιθέμενος.
1360 2315 1667 2369 Κᾶ-ιτεῦθεν
1715 2316 1999 2387 θαρρήσας

422 2406 592 2474 ἔξεισι
616 2410 713 2477 τῆς
739 2410 896 2471 νεὼς,
923 2407 1018 2460 καὶ
1042 2407 1126 2476 ἐφ’
1164 2408 1401 2476 ἡμέραις
1432 2408 1488 2459 ὲν
1513 2409 1578 2476 τῇ
1608 2411 1745 2478 μονῇ
1768 2406 1861 2460 τοῦ
1894 2408 2001 2460 Κο-

425 2494 641 2568 σμιδίου
669 2498 809 2569 μετὰ
841 2498 950 2550 τῶν
983 2496 1128 2550 ἰδίων
1162 2496 1443 2561 αὐλίζεται
1471 2512 1484 2526 ·
1527 2498 1745 2567 καὶγὰρ
1795 2497 1889 2551 καί
1917 2515 2003 2550 τι·

423 2608 513 2655 νες
571 2590 631 2658 ἐξ
676 2590 901 2645 ἐκείνων
958 2588 1388 2661 καϐαλλαρικαίς
1442 2590 1627 2656 τιμαῖς
1678 2589 2033 2660 ὲτετίμηντοθ

423 2777 795 2842 declarabant,
842 2776 1144 2831 delectatus
1180 2775 1459 2846 Augustus
1507 2778 1718 2834 crebris
1772 2779 2000 2850 insuper

422 2885 547 2925 eum
607 2870 971 2939 pretiosarum
1026 2869 1258 2923 vestium
1313 2867 1620 2924 honorabat
1673 2868 1853 2926 donis.
1915 2872 1996 2927 Ad

422 2962 570 3033 quod
625 2960 974 3016 liberalitatis
1041 2960 1307 3029 principis
1362 2969 1714 3030 augmentum
1764 2962 2000 3032 hospitis

420 3069 643 3126 quoque
698 3054 923 3122 antiqua
972 3054 1319 3107 contumacia
1372 3052 1426 3106 in
1476 3053 1652 3122 magis
1702 3054 1994 3109 obnoxiam

421 3148 630 3206 sensim
653 3162 713 3203 se
738 3147 1126 3201 verecundiam
1162 3159 1225 3198 ac
1253 3146 1663 3200 venerationem
1694 3148 1994 3212 molliente,

419 3257 488 3297 eo
533 3242 773 3311 denique
822 3248 1051 3295 .ventum
1109 3245 1195 3293 est
1249 3247 1309 3293 ut
1357 3236 1715 3309 Mpyrigerius
1762 3255 1823 3296 se
1883 3253 2061 3315 nonc

419 3335 720 3389 abhorrere
770 3330 1079 3387 declararet
1123 3344 1152 3383 a
1202 3331 1304 3384 rite
1340 3332 1641 3399 profitenda
1671 3331 1991 3401 imperatori

418 3426 786 3497 subjectionis
831 3425 974 3489 lide,
1028 3439 1195 3495 quam
1246 3418 1486 3493 primum
1544 3425 1590 3480 is
1635 3424 1876 3495 juberet.
1932 3424 1993 3480 ιιι

425 3532 556 3573 νει-ο
585 3527 646 3572 ut
671 3519 856 3572 statim
893 3517 1071 3580 ﬁeret,
1106 3516 1334 3586 urgebat
1360 3517 1481 3571 festi
1513 3524 1724 3571 tantutn
1752 3531 1861 3571 non
1882 3517 1991 3588 jam

421 3608 706 3679 praesentis
759 3608 997 3672 vicinia;
1059 3623 1169 3677 quo
1217 3622 1341 3661 cum
1397 3608 1464 3663 de
1514 3623 1668 3671 more
1714 3615 1997 3678 oporteret

419 3716 688 3771 apparere
739 3700 953 3770 publice
1012 3699 1319 3754 adstantem
1366 3700 1688 3770 imperatori
1741 3710 1992 3777 senatum

422 3792 740 3848 universum
770 3801 1113 3861 cunctosque
1145 3793 1496 3861 magistratus
1525 3809 1650 3847 cum
1686 3794 1994 3863 insignibus

421 3871 695 3954 quemque
727 3884 1017 3953 potestatis
1047 3900 1178 3947 sum.
1212 3898 1280 3938 ne
1315 3884 1442 3938 huic
1470 3888 1812 3941 caeremoniae
1843 3885 1996 3941 dees-

422 3988 503 4034 set
558 3992 732 4031 novus
780 3978 867 4032 hic
901 3988 1123 4032 senator
1171 3985 1226 4030 et
1269 3976 1620 4045 magistratus
1653 3976 1996 4047 designatus,

422 4067 517 4122 sed
552 4068 604 4120 in
636 4082 700 4121 ea
733 4066 993 4123 destinati
1022 4067 1071 4120 ci
1100 4064 1260 4121 oliicii
1288 4081 1561 4136 occupare
1593 4068 1773 4120 locum
1799 4076 1853 4121 et
1877 4068 1996 4138 ejus

422 4161 731 4230 insignibus
777 4174 1011 4215 ornatus
1047 4170 1231 4226 posset
1259 4158 1530 4227 conspici,
1567 4157 1995 4227 prtefeSIinanda

420 4253 537 4307 visa
560 4263 639 4308 est
667 4251 939 4321 professio
971 4251 1334 4321 subiectionis
1362 4251 1481 4319 ejus
1509 4252 1577 4304 ad
1606 4251 1995 4320 imperatorem

416 4342 781 4413 jurejurando
812 4341 1048 4408 firmata,
1079 4342 1283 4411 quippe
1317 4356 1440 4411 qua:
1465 4341 1532 4394 ad
1565 4340 1655 4393 illa
1696 4357 1818 4410 qua:
1849 4341 1998 4395 dicta

419 4446 549 4492 sunt
587 4433 734 4492 esset
787 4435 1100 4491 necessaria
1150 4434 1498 4504 praeparatio.
1546 4432 1655 4488 Isto
1683 4434 1849 4504 igitur
1887 4435 1997 4489 ritu

420 4530 621 4599 praevio
655 4526 998 4598 perfunctus,
1035 4529 1217 4581 statim
1240 4525 1603 4597 Mpyrigerius
1647 4527 1996 4581 renuntiatur

2110 662 2270 726 Ὄλος
2304 666 2484 718 τοίνυν
2516 665 2833 719 τούντεῦθεν
2878 665 3297 735 προσκείμενος
3365 666 3451 735 τῷ
3508 665 3710 736 βασιλεῖ

2107 757 2199 809 καὶ
2224 755 2291 809 τὰ
2314 758 2505 828 πρῶτα
2536 758 2644 812 τῶν
2676 758 3027 830 βουληφόρων
3051 759 3144 811 καὶ
3178 756 3509 830 κράτιστον
3535 756 3604 829 ἦν

2107 869 2195 942 ιβ’.
2239 870 2447 941 Ὀρκοι
2493 871 2599 926 τοῦ
2644 871 3049 941 Μπυριγερίου
3107 870 3347 934 Τέγτζα
3390 874 3501 927 καὶ
3544 874 3707 940 ἀξιῶ·

2791 959 2973 1011 ματα.

2176 1032 2263 1105 [Ρ.
2296 1032 2425 1105 54η
2462 1033 2608 1101 Πλὴν
2637 1034 2761 1088 ὅσον
2790 1034 2901 1087 τῶν
2924 1034 3033 1087 ἀπὸ
3055 1034 3260 1088 τούτου
3307 1033 3458 1105 πρὸς
3492 1035 3705 1105 βασιλέα

2102 1123 2374 1178 τελεῖσθαι
2402 1124 2710 1195 μελλουσῶν
2739 1125 3096 1196 ὁρκωμοσιῶν
3147 1126 3287 1178 ἐπεί
3326 1126 3380 1177 οξ
3419 1126 3579 1193 φίλον
3611 1129 3701 1197 μὲν

2105 1215 2202 1268 τοῦ
2228 1215 2495 1285 βασιλέως
2519 1218 2690 1284 φίλων
2717 1217 3009 1269 ἀντίπαλον
3031 1216 3088 1270 δὲ
3107 1217 3222 1269 τῶν
3249 1218 3604 1283 ἀντιπάλων,
3635 1221 3703 1283 ὡς

2101 1307 2324 1372 εἴθιστο,
2340 1311 2431 1361 καὶ
2451 1308 2611 1361 αὑτὸν
2630 1309 2858 1378 ὀμνύναι
2890 1309 3292 1369 καθίστασθαι.
3316 1311 3347 1363 ὁ
3388 1308 3451 1362 δὲ
3474 1315 3537 1362 τὸ
3559 1312 3701 1372 eaet;

2099 1404 2199 1469 τῆς
2228 1401 2454 1470 γνώμης
2481 1402 2537 1468 ἐξ
2570 1402 2744 1472 ἀρχῆς
2774 1403 2932 1471 δῆθεν
2962 1403 3443 1472 ὑποκρινόμενος,
3459 1402 3614 1472 δῆλος
3640 1401 3701 1475 ἦν

2100 1491 2332 1560 ἐξαιρῶν
2348 1494 2439 1544 τὸν
2462 1493 2782 1563 Θευδερίχον
2801 1494 2910 1548 τῶν
2936 1494 3139 1547 λοιπῶν
3158 1495 3303 1547 πολε
3312 1494 3487 1565 μεωνο
3508 1496 3697 1564 φθάσαι

2100 1583 2211 1652 γὰρ
2232 1582 2481 1651 καὶπρὸς
2504 1585 2709 1637 ἐκεῖνον
2738 1584 3003 1654 ὁρκώσεις
3027 1585 3239 1653 πρᾶξαι
3270 1585 3376 1639 καί
3409 1586 3461 1637 οί
3496 1584 3702 1637 δουλεῦ-

2102 1689 2212 1737 σαι,
2267 1673 2325 1726 ὃν
2364 1674 2423 1726 οὐ
2476 1673 2685 1727 δίκαιον
2722 1676 2890 1745 μηδὲν
2932 1674 3040 1728 τῶν
3089 1678 3499 1745 συγκειμένων
3529 1676 3697 1739 αὐτοῖς

2098 1764 2438 1835 άθετᾲταντα
2468 1765 2629 1828 εὐθὺς
2659 1767 2932 1837 άπαρτᾷν,
2962 1766 3225 1831 καθάπαξ
3249 1766 3369 1818 τῶν
3405 1766 3577 1834 φίλων
3604 1784 3696 1834 φα-

2097 1852 2255 1907 νέντα
2289 1861 2383 1907 καὶ
2412 1856 2710 1910 δεσποτῶν.
2746 1859 2856 1911 Καὶ
2886 1859 2974 1913 διὰ
3005 1857 3162 1912 ταῦτ’
3194 1858 3395 1929 ἠξίου,
3435 1858 3601 1912 αὑτοῦ
3646 1861 3692 1927 γ’

2100 1947 2475 2017 ἐξαιρεθέντος
2503 1952 2594 2003 καὶ
2630 1952 2812 2020 μόνου,
2839 1952 2931 2005 ἐπὶ
2962 1954 3073 2015 τοῖς
3106 1953 3471 2020 ὁπουδήποτε
3495 1952 3691 2023 ἐχθροῖς

2098 2058 2159 2094 τε
2177 2046 2268 2097 καὶ
2291 2042 2466 2110 φίλοις
2494 2046 2620 2107 τοὺς
2645 2045 2843 2115 ὅρκους
2877 2045 3215 2114 προϐαίνειν.
3237 2045 3417 2099 Τοῦτ’
3439 2044 3584 2110 εδοξε
3601 2047 3689 2115 μὲν

2099 2132 2246 2203 ἔχειν
2280 2135 2372 2187 καί
2402 2152 2453 2189 τι
2486 2135 2806 2207 βαθύτερον,
2839 2138 2915 2200 ὡς
2941 2139 3135 2208 ἐκείνῳ
3158 2139 3581 2210 προσκειμένου
3604 2136 3686 2190 τοῦ

2099 2225 2224 2289 τοὺς
2248 2226 2447 2290 ὅρκους
2476 2229 2897 2299 άπαιτουμένου,
2938 2228 3084 2294 ἔδοξε
3129 2230 3188 2283 δὲ
3239 2230 3344 2282 καὶ
3410 2229 3550 2282 κατά
3580 2245 3683 2281 τινα

2100 2316 2274 2388 θήραν
2292 2318 2537 2384 εὐδοξίας
2563 2320 2833 2388 γίνεσθαι,
2870 2323 2963 2374 καὶ
2999 2322 3241 2392 μάλιστα
3269 2323 3379 2394 τὴν
3432 2322 3567 2391 πρὸς
3598 2320 3685 2390 βα-

2102 2410 2314 2477 σιλέως,
2342 2410 2418 2474 ὡς
2444 2413 2655 2465 ἐκείνου
2684 2415 2778 2465 καὶ
2812 2413 2957 2482 μάλα
2980 2412 3040 2466 τὸ
3094 2414 3366 2467 πλεῖστον
3434 2413 3682 2482 φυλαττο-

2103 2500 2264 2570 μένου
2309 2501 2367 2553 τὸ
2390 2501 2526 2570 πρὸς
2556 2502 2684 2565 τοὺς
2710 2503 2906 2572 ὅρκους
2931 2502 3171 2572 ἕτοιμον,
3207 2501 3362 2556 ὥστε
3388 2502 3485 2556 καὶ
3515 2503 3675 2567 ἀσφαο

2100 2592 2209 2655 λείς
2238 2593 2634 2664 προσίστασθαι
2662 2596 2786 2658 τοὺς
2814 2593 3100 2672 δευτέρους
3120 2593 3310 2648 δοκεῖν
3333 2592 3427 2647 διὰ
3449 2592 3511 2646 τὸ
3534 2597 3677 2663 στερ-

2100 2774 2420 2846 dignitatem
2450 2791 2481 2832 e
2509 2791 2673 2831 manu
2702 2777 3060 2847 imperatoris
3094 2784 3466 2848 acceperunt,
3495 2789 3671 2830 omnes

2100 2870 2169 2921 ab
2194 2883 2262 2921 eo
2289 2869 2580 2938 magnifice
2606 2870 2902 2926 munerati.
2928 2868 3096 2941 £99
3116 2869 3255 2925 lude
3283 2879 3434 2924 totus
3460 2870 3666 2923 intintus

2101 2958 2489 3030 indivulseque
2511 2961 2767 3018 assiduus
2787 2962 3106 3032 imperatori
3133 2978 3319 3017 novus
3346 2962 3437 3016 hic
3460 2973 3667 3031 magnus

2099 3054 2211 3107 dux
2237 3056 2475 3122 primam
2506 3057 2949 3127 prmcipuatnque
2999 3058 3393 3114 auctoritatem
3422 3056 3475 3111 in
3504 3055 3663 3109 consi-

2098 3143 2189 3200 liis
2222 3146 2481 3203 habebat.

2168 3277 2255 3331 12.
2286 3276 2602 3333 Jurementa
2636 3278 2948 3351 Mpyrigert'i
2987 3254 3199 3337 Tentzte
3222 3292 3276 3337 et
3305 3281 3599 3352 dignitates.

2165 3418 2432 3475 Caeterum
2479 3434 2603 3474 cunt
2642 3431 2770 3490 post
2798 3420 2951 3476 illam
2980 3436 3142 3491 quam
3184 3421 3304 3476 dixi
3343 3421 3522 3476 obiter
3550 3417 3656 3474 festi

2094 3526 2263 3568 causa
2314 3510 2572 3566 instantis
2607 3512 3023 3582 deproperatam
3061 3512 3471 3582 professionem
3508 3509 3658 3564 ﬁdeli-

2095 3604 2249 3665 tatis,
2277 3609 2555 3671 oporteret
2588 3617 2652 3655 ex
2687 3617 2838 3657 more
2864 3603 3111 3673 quaedam
3144 3606 3332 3672 capita
3363 3603 3656 3657 distinctius

2095 3693 2404 3763 exprimere
2445 3694 2710 3764 jurando,
2760 3695 2851 3749 ubi
2904 3706 3127 3749 ventum
3171 3696 3245 3750 ad
3283 3695 3420 3750 illud
3456 3701 3535 3748 cst
3563 3706 3657 3760 quo

2096 3784 2422 3853 exigebatur
2450 3798 2480 3837 a
2512 3784 2840 3855 illpyrigerio
2880 3795 2939 3839 ttt
2975 3785 3198 3855 juratus
3233 3786 3655 3856 spondereteos-

2095 3873 2219 3929 dent
2251 3889 2309 3929 se
2331 3889 2455 3928 cum
2485 3875 2822 3944 imperatore
2852 3877 3060 3931 amicos
3084 3875 3438 3940 habiturum,
3462 3874 3650 3929 eosdem

2098 3963 2308 4031 hostes,
2369 3965 2526 4020 haesit
2578 3965 2689 4032 ille,
2738 3966 3367 4037 libereqne’respondit,
3412 3964 3559 4036 quasi
3594 3959 3651 4014 ad

2097 4066 2311 4114 mature
2345 4058 2586 4115 dandum
2625 4060 2783 4115 initio
2834 4060 2956 4131 ipso
3001 4062 3280 4129 specimen
3337 4058 3548 4130 ingenui
3575 4055 3648 4111 sui

2096 4140 2382 4219 cujusdam
2407 4150 2779 4221 simplicisqne
2802 4150 3077 4219 candoris;
3103 4153 3406 4221 respondit,
3428 4152 3647 4219 inquam,

2098 4243 2155 4298 in
2187 4258 2250 4299 eo
2272 4244 2414 4314 quod
2446 4259 2476 4299 a
2500 4258 2557 4299 se
2580 4244 2820 4314 exigeret
2845 4254 2903 4299 ut
2930 4260 3156 4300 numero
3182 4247 3418 4301 hostimn
3448 4244 3648 4299 haberet

2097 4350 2287 4391 omnes
2322 4336 2667 4407 imperatoris
2712 4337 2920 4401 hostes,
2980 4331 3352 4393 necessariam
3410 4334 3508 4391 sibi
3543 4345 3647 4387 esse

2099 4428 2473 4497 exceptionem
2540 4443 2702 4482 unam
2758 4437 3010 4498 respectu
3060 4428 3453 4492 Theuderichi,
3511 4424 3554 4481 si
3597 4433 3642 4476 et

2101 4520 2246 4576 hunc
2284 4535 2509 4576 exosum
2544 4520 2659 4574 fieri
2689 4520 2935 4591 Augusto
2970 4523 3349 4593 contingeret:
3383 4522 3571 4594 quippe
3588 4531 3639 4570 se

421 4636 656 4688 magnus
694 4622 831 4684 dux,
882 4622 1139 4674 universo
1191 4631 1383 4675 senatu
1420 4628 1473 4674 et
1504 4635 1734 4688 corpore
1784 4618 1986 4673 civium
2022 4602 2068 4656 ο
2096 4613 2173 4668 illi
2203 4612 2499 4682 antiquiori
2527 4612 2643 4695 jam
2669 4627 2792 4668 esse
2817 4613 3071 4668 amicitia:
3125 4630 3189 4670 ac
3220 4615 3496 4684 cujusdam
3530 4608 3639 4695 sub-

420 4722 656 4777 astante,
690 4713 1105 4783 scipionetnque
1143 4712 1425 4781 dignitatis
1465 4713 1585 4781 ejus
1618 4712 1820 4781 accipit
1844 4726 1993 4780 sym-

419 4806 628 4859 bolum.
663 4803 797 4859 Nam
840 4815 891 4859 et
933 4804 1035 4859 hoc
1063 4820 1261 4859 novum
1294 4804 1603 4858 institutum
1644 4801 1997 4872 imperatoris

418 4895 718 4949 Andronici
760 4902 868 4958 est,
914 4894 1128 4949 bacillis
1156 4909 1221 4947 ex
1259 4908 1395 4946 auro
1426 4900 1762 4960 argentoque
1789 4890 1995 4959 alfabre

420 4989 583 5043 fartis
612 4988 882 5040 honorare
909 4986 1201 5055 pritnarios
1232 4992 1571 5046 senatorum,
1606 4997 1714 5052 quo
1746 4983 1833 5037 die
1860 4998 1993 5053 pos-

418 5080 721 5135 sessionem
773 5079 964 5131 ineunt
1014 5076 1344 5147 dignitatum
1400 5075 1532 5143 ipsis
1575 5074 1990 5130 attrihtttarum.

415 5173 555 5227 Cum
589 5172 691 5225 hoc
724 5171 814 5224 ille
849 5170 1055 5240 insigni
1083 5166 1463 5238 praecessionis
1493 5176 1547 5221 et
1575 5167 1736 5236 primi
1767 5182 1994 5222 conses-

416 5280 513 5319 sus
545 5263 861 5332 impertitus
896 5261 1106 5315 honore
1148 5270 1255 5324 est,
1285 5268 1340 5313 et
1369 5259 1526 5329 juxta
1555 5274 1761 5313 morem
1792 5257 1995 5314 Roma-

416 5369 608 5409 norun
635 5354 871 5422 proprits
898 5349 1058 5406 ducis
1092 5350 1270 5419 magni
1300 5350 1391 5403 tali
1421 5349 1716 5405 iestivitate
1748 5350 1991 5404 vestibus

415 5456 645 5500 ornatus
686 5441 910 5513 prodiit,
953 5442 1332 5507 scaratnangio
1374 5454 1591 5511 quoque
1629 5441 1864 5510 desuper
1897 5441 1984 5495 itt-

414 5540 607 5596 ducto.
646 5537 772 5592 ilice
800 5536 1021 5593 tandem
1054 5535 1129 5589 illi
1160 5534 1415 5589 fiduciam
1446 5533 1720 5588 dederunt
1751 5535 1806 5587 iit
1847 5536 1984 5590 urbe

412 5630 750 5687 domicilium
777 5628 1052 5694 sumendi,
1085 5628 1310 5694 omisso,
1349 5626 1495 5696 quod
1526 5626 1793 5681 hactenus
1833 5629 1982 5683 onmi

358 5780 365 5787 ,
410 5739 639 5794 vespera
668 5724 983 5794 repetierat,
1024 5722 1180 5775 navis
1209 5734 1321 5776 suae
1350 5718 1677 5774 diversorio.
1710 5717 1988 5773 Habitavit

411 5823 555 5873 enim
603 5817 798 5872 diebus
845 5817 1053 5888 aliquot
1104 5814 1158 5869 in
1215 5815 1546 5869 monasterio
1578 5813 1841 5869 Cusmidii
1878 5829 1985 5868 una

413 5924 536 5966 cum
572 5909 689 5965 suis
729 5906 1128 5975 familiaribus;
1174 5922 1409 5978 quorum
1461 5906 1633 5976 aliqui
1678 5916 1982 5977 equestrem

2089 4704 2348 4774 jeCtionis
2374 4694 2690 4773 juramento
2712 4701 3064 4769 devinctum;
3115 4703 3275 4772 cujus
3331 4699 3540 4756 foederis
3588 4694 3635 4747 itt

2094 4792 2498 4849 conditionibus
2519 4808 2640 4848 cum
2664 4793 2801 4847 nihil
2826 4793 2869 4850 is
2893 4794 3208 4861 mutaverit,
3235 4793 3374 4849 haud
3399 4806 3454 4848 se
3480 4799 3636 4859 posse.

2096 4887 2201 4942 fide
2230 4902 2294 4941 ac
2344 4887 2605 4957 religione
2661 4885 2938 4958 integris,-
2964 4888 3030 4941 ab
3059 4902 3123 4943 eo
3179 4887 3499 4943 desciscere.
3541 4878 3638 4931 Hoc

2099 4981 2261 5035 unico
2284 4989 2589 5049 segregato.
2624 4980 2884 5035 adversus
2912 4980 3174 5050 reliquos,
3241 4980 3536 5045 ubicunque
3578 4981 3633 5021 ac

2093 5073 2408 5144 quicunque
2458 5074 2591 5138 sint,
2632 5089 2824 5129 omnes
2854 5089 3011 5130 suam
3045 5076 3281 5143 partium
3323 5064 3631 5140 imperatoris

2094 5167 2609 5237 propugnandarutn
2651 5170 2890 5223 alacrem
2924 5169 3271 5224 devotionem
3325 5148 3623 5222 sacramenti

2093 5258 2493 5313 contestatione
2522 5257 2882 5313 sanciturnm.
2922 5258 3039 5313 Non
3086 5260 3272 5315 aberat
3303 5260 3369 5312 ab
3416 5258 3495 5310 his
3546 5265 3623 5303 su-

2092 5352 2265 5420 spicio
2305 5351 2550 5408 tectioris
2584 5366 2685 5407 nec
2717 5351 2861 5407 forte
2907 5349 3167 5408 Romanis
3211 5352 3436 5408 innoxiae
3477 5343 3615 5412 hujus

2092 5460 2215 5499 cum
2246 5444 2340 5499 illo
2365 5454 2593 5499 externo
2639 5445 2883 5515 principe
2910 5445 3062 5499 inite
3108 5448 3403 5500 societatis.
3441 5438 3614 5492 Tamen

2094 5538 2395 5606 imperator
2423 5537 2473 5590 id
2497 5537 2552 5591 itt
2584 5553 2703 5592 eam
2734 5543 2917 5609 potius
2945 5549 3153 5609 partem
3188 5539 3381 5610 rapuit,
3405 5543 3455 5588 ut
3477 5537 3613 5583 autn-

2098 5637 2273 5683 ntaret
2302 5630 2693 5701 Mpyrigcrinm
2748 5633 3010 5700 cupidum
3064 5634 3273 5703 gloria),
3322 5620 3619 5687 ostentandae

2098 5721 2431 5775 sinceritatis
2471 5722 2652 5777 Studio
2692 5734 2744 5778 et
2781 5723 2938 5780 famae
2990 5727 3117 5781 inde
3169 5722 3485 5796 aucupandis
3512 5722 3613 5768 νοῑο

2097 5812 2176 5866 sic
2207 5828 2386 5881 agerc.
2420 5813 2559 5867 Hinc
2598 5826 2807 5880 autem,
2849 5818 2994 5887 quod
3026 5833 3139 5871 rem
3172 5819 3415 5873 attineret
3449 5810 3611 5877 ipsaIII.

2100 5906 2271 5973 ιηηϐῖδ
2327 5915 2536 5961 cerium
2587 5909 2878 5978 augurium
2934 5909 3059 5966 duci
3112 5911 3308 5965 debere
3350 5896 3607 5961 constantis
