3848 6580
132 442 227 505 54‘)

1034 430 1131 490 DE
1174 424 1616 488 ANDRONICO
1668 418 2134 483 PALAEOLOGO
2169 418 2321 478 LIB.
2364 417 2465 479 VI.

3262 408 3371 473 550

132 556 221 628 ῥῶς
257 550 358 605 τῶν
381 548 705 619 φθασάντων
736 544 1078 615 ἀντέχεσθαι,
1128 538 1519 608 ὁμολογοῦντος
1575 535 1665 588 καὶ
1698 537 1746 596 Α
1774 531 2025 602 καθάπερ
2051 547 2103 583 τι
2133 528 2335 599 πλῆθος
2368 526 2612 599 χαλάζης
2638 522 2904 628 τετρυγδς
2954 522 3203 628 ὀλέθριον
3261 525 3375 575 εἱσ-

129 626 274 700 ιαῦτα
293 643 387 713 τὴν
419 642 561 712 πρὸς
590 639 680 693 τὸν
714 637 1037 708 Θευδερίχον
1086 635 1297 703 φιλίαν.
1349 633 1412 685 Εἰ
1449 630 1556 699 γὰρ
1585 626 1684 697 τὴν

129 739 244 809 πρὸς
262 737 367 789 τῶν
389 734 607 788 πολλῶν
624 731 865 797 εὐδοξίαν
903 728 983 798 τῷ
1012 728 1139 783 νοῦν
1183 726 1361 797 ἔχοντι
1386 721 1683 793 προτιμᾷν,

131 835 202 907 [‘P.
229 829 348 902 548]
383 825 669 896 προῦργου
698 823 796 877 καὶ
825 821 936 875 τῶν
971 821 1212 888 εὐλόγων
1232 833 1245 847 ’
1273 815 1381 907 χρὴ
1409 814 1518 883 γὰρ
1550 813 1686 907 παν-

127 901 237 988 ιιως,
267 901 341 985 ὡς
378 917 609 972 Πλάτων
641 914 811 983 λέγει,
845 913 906 965 οὐ
957 911 1088 980 περὶ
1117 906 1353 979 σμικροῦ
1413 901 1685 958 ποιεῖσθαι

131 1019 179 1071 τὸ
200 1015 361 1068 δοκεῖν
382 1008 626 1078 ἀγαθοὺς
659 1002 798 1060 εἶναι
832 1006 947 1067 τοῖς
987 1002 1165 1064 ἄλλοις
1195 1000 1226 1071 ἢ
1260 1001 1335 1067 μὴ
1380 999 1581 1051 δοκεῖν.
1609 994 1683 1048 Οὐ

131 1111 218 1181 γὰρ
239 1109 353 1160 ὅσον
376 1102 573 1165 οὐσίας
618 1099 825 1170 ἀρετῆς
852 1094 1264 1165 ἀπεσφαλμένοι
1326 1090 1685 1181 τυγχάνουσιν

130 1180 170 1257 ei
207 1196 406 1258 πολλοὶ,
451 1192 717 1248 τοσοῦτον
775 1189 870 1244 καὶ
930 1187 1024 1240 τοῦ
1067 1185 1276 1254 κρίνειν
1307 1184 1434 1244 τοὺς
1466 1180 1684 1244 ἄλλους,

131 1295 245 1349 ὥστε
299 1289 386 1341 καὶ
416 1288 552 1348 τοὺς
609 1282 818 1353 σφόδρα.
856 1278 1060 1341 κακοὺς
1106 1276 1166 1330 εὖ
1201 1277 1317 1338 τοῖς
1364 1273 1543 1341 λόγοις
1591 1271 1686 1323 καὶ

129 1387 227 1447 sui;
256 1379 430 1444 δόξαις
470 1376 715 1444 διαιρεῖν
744 1373 871 1433 τοὺς
899 1367 1158 1437 ἀμείνους
1194 1365 1305 1417 τῶν
1345 1360 1557 1433 ἀνδρῶν
1589 1359 1685 1411 καὶ

129 1478 229 1538 τοὺς
257 1474 524 1545 χείρονας.
565 1470 629 1523 Ei
666 1465 800 1536 γοῦν
832 1466 931 1535 τὴν
967 1461 1122 1533 παρὰ
1149 1460 1259 1513 τῶν
1290 1457 1507 1514 πολλῶν
1530 1454 1686 1520 δόξαν

131 1571 330 1629 ἑπὶτοῖς
364 1562 673 1636 πρακτέοις
713 1559 862 1614 οὕτω
917 1559 1001 1613 δεῖ
1051 1557 1345 1626 θηρᾶσθαι,
1411 1551 1486 1614 ὼς
1536 1551 1688 1603 δοκεῖ

132 1662 366 1722 Πλάτωνι,
402 1654 595 1721 πολλῷ
627 1672 692 1724 γε
733 1654 935 1724 μᾶλλον
962 1651 1058 1721 τὴν
1084 1649 1218 1720 πρὸς
1253 1646 1539 1717 βασιλέως.
1590 1642 1686 1696 καὶ

132 1753 253 1809 ταῦτ’
290 1751 380 1804 ἐπὶ
405 1748 657 1803 πίστεων
709 1740 1078 1813 ἐμπεδώσεόι.
1111 1743 1211 1795 Διὰ
1252 1738 1408 1792 τοῦτο
1458 1736 1552 1790 καὶ
1597 1735 1686 1789 δέ·

132 1862 256 1915 χεται
288 1843 381 1910 μὲν
418 1844 447 1894 ὁ
475 1839 706 1911 κρατῶν
756 1837 855 1907 τὴν
882 1835 1129 1902 ἀξίωσιν,
1166 1833 1394 1903 ἄρχεται
1458 1829 1514 1881 δὲ
1555 1844 1688 1898 μαρ-

1792 624 2070 685 πεσόντες.
2114 624 2297 675 πᾶσαν
2328 622 2567 674 ἐκάκουν
2598 620 2666 691 ἣν
2701 617 2935 687 ἐπέσχον
2966 617 3059 670 καὶ
3082 610 3150 687 ἦς
3177 616 3375 671 ἐπελά-

1789 716 1971 777 σοντο,
2010 714 2221 774 οὐδενὸς
2251 712 2565 782 φειδόμενοι
2593 712 2700 764 τῶν
2726 712 2827 764 ὅσα
2865 708 3105 761 δείκνυσι
3137 713 3228 760 τὸν
3259 709 3375 777 sip—

1787 806 2062 876 γασμένον
2085 803 2399 874 κακοῦργον
2432 805 2529 858 καὶ
2555 802 2750 873 βίαιον,
2780 802 2855 863 ὡς
2886 800 3055 870 ἄλλην
3085 800 3207 853 τινὰ
3239 798 3377 870 βλρ-

1788 897 2022 968 ὄαρικὴν
2052 896 2405 965 καταδρομὴν
2432 897 2661 964 πάσχειν
2682 894 2781 964 τὴν
2820 893 2994 956 δύσιν,
3043 891 3376 946 ἀνύποιστον

1787 1004 1908 1041 τινα
1941 987 2096 1058 παρὰ
2125 987 2225 1056 τὴν
2256 986 2529 1057 προτέραν
2574 984 2759 1054 οἰστὴν
2808 982 2974 1037 οὖσαν
3024 981 3117 1036 καί
3151 997 3215 1048 γε
3247 997 3378 1051 φερ-

1787 1078 1909 1150 τὴν,
1942 1078 2037 1147 τὴν
2065 1077 2150 1130 ἐπ’
2177 1076 2466 1145 ἀνατολῆς,
2485 1076 2627 1128 κατὰ
2659 1072 2968 1144 σύγκρισιν,
3000 1072 3125 1126 ὅσον
3155 1073 3375 1135 ἐκείνην

1793 1171 1891 1241 μὲν
1920 1172 1996 1228 ὡς
2051 1169 2182 1241 παρ’
2215 1169 2427 1240 ἐχθρῶν
2470 1169 2519 1221 οἱ
2556 1166 2891 1237 πειρώμενοι
2939 1164 3278 1234 λογιζόμενοι
3325 1163 3378 1214 ἒ-

1794 1263 2009 1332 φθασαν
2041 1263 2134 1315 καί
2156 1279 2304 1323 τινες
2330 1261 2391 1312 τὸ
2419 1259 2593 1313 δεινὸν
2620 1260 3015 1331 προφυγόντες,
3043 1257 3121 1325 τῷ
3144 1256 3253 1309 τῶν
3281 1255 3375 1309 ἄλ-

1790 1354 1896 1407 λων
1923 1352 2580 1424 φόσῳσωφρονισθέντες,
2601 1351 2803 1419 ταύτην
2834 1351 2890 1404 δὲ
2925 1351 3024 1403 οὐκ
3054 1344 3196 1418 εἶχον
3227 1348 3377 1408 ὅπως

1791 1444 1858 1500 ἂν
1909 1446 2001 1498 καὶ
2041 1444 2330 1507 διάθοιντο,
2385 1443 2668 1514 δεχόμενοι
2716 1444 2815 1514 μὲν
2877 1442 2953 1506 ὡς
3010 1441 3199 1509 φίλους
3248 1439 3378 1499 τοὺς

1791 1538 2064 1599 ἐπιόντας.
2092 1536 2433 1608 πειρώμενοι
2461 1537 2518 1590 δὲ
2541 1539 2616 1598 ὡς
2641 1535 3139 1603 παλαμναιοτάτων
3168 1532 3376 1586 τούτων

1790 1630 2021 1702 ἐχθρῶν.
2070 1631 2186 1683 Ἐπ’
2215 1631 2334 1699 ίσης
2368 1629 2423 1682 δὲ
2472 1628 2569 1682 καὶ⁵
2617 1628 2829 1691 τούτοις
2882 1627 3158 1688 κάκείνοις
3197 1625 3264 1695 ἦν
3292 1638 3376 1685 τις

1790 1720 2110 1785 ἀντιϐαίνοι,
2141 1719 2200 1772 τὸ
2226 1719 2378 1788 ξίφος
2410 1721 2489 1781 εἰς
2522 1716 2737 1790 ἄμυναν
2764 1711 2853 1788 ἧν.
2906 1714 2989 1789 [Ρ.
3023 1712 3154 1784 349]
3206 1712 3378 1772 Μόλις

1791 1812 1942 1866 πόλλ’
1983 1814 2118 1867 ἄττα
2143 1811 2596 1882 διαπραξάμενοι,
2634 1809 2730 1861 καὶ
2763 1808 2929 1878 μηδὲν
2961 1806 3125 1860 πλέον
3156 1803 3379 1875 ἔχοντες

134 1900 639 2004 ξυρεῖνὲκείνῳάαὶ
660 1928 759 1998 τὴν
794 1900 941 1996 περι
972 1925 1071 1994 τὴν
1385 1921 1682 1989 εὐθύτητα.
1718 1930 1763 1985 Β
1789 1907 2051 2004 πράττειν
2081 1905 2200 2004 (τῆς
2233 1904 2340 2004 γδξρ
2371 1905 2426 2004 ἐξ
2451 1904 2740 2004 τὰιτξρόςξιξ»
2762 1902 2871 2004 κῆδε.
2891 1901 2971 1954 ἔτι
2990 1994 3002 2004 ί
3023 1900 3206 2004 ὁρμξῆς
3257 1900 3381 2004 ἀνεῖ-

137 2025 543 2094 ιαταλαμὸἁνων
597 2023 838 2084 ἐκεῖνον,
884 2019 961 2081 ὡς
1022 2017 1198 2085 ἔλεγε.
1245 2015 1416 2068 Τοῦτο
1473 2013 1529 2067 δὲ
1589 2010 1686 2064 καὶ

1789 2000 2085 2054 xémovro'
2122 1996 2213 2049 τὸν
2245 1996 2354 2067 γὰρ
2390 1996 2616 2067 βασιλέα
2667 1993 2886 2065 Μιχαὴλ
2916 1994 3012 2047 καὶ
3074 1990 3174 2055 τὰς
3242 1989 3375 2060 περὶ

141 2083 410 2187 ἀναγκαίως
444 2113 806 2186 προῦϐαινεν,
828 2107 1005 2180 οἶμαι,
1032 2083 1250 2178 autem
1282 2106 1419 2176 πρὸς
1435 2105 1525 2159 τδν
1549 2121 1684 2174 προ.
1754 2163 1760 2169 ι
1786 2091 1975 2144 τοῦτον
2020 2089 2275 2160 δυνάμεις
2302 2088 2377 2153 ὡς
2408 2088 2605 2187 αὑτίκμ
2636 2085 3157 2157 καταδραμουμένας
3196 2083 3380 2136 αὐτῶν

143 2210 450 2279 διηγησάμενον
487 2204 809 2275 σύγκρισιν.

194 2299 267 2367 ιγ’.
303 2297 680 2354 Ἀτασθαλία
701 2294 853 2349 κατὰ
884 2293 1067 2347 δύσιν
1092 2289 1213 2344 τῶν
1237 2286 1617 2343 Κατε.1ἀνων.

194 2393 245 2444 Οἱ
291 2393 472 2460 μέντοι
527 2404 594 2457 γε
659 2384 1032 2456 Ἀμογάόαροί
1100 2399 1159 2436 τε
1221 2385 1312 2434 καὶ
1365 2377 1685 2442 Κατελάνοι,

148 2658 303 2711 futura
324 2665 485 2726 atque
515 2654 797 2710 inviolata:
829 2652 883 2707 in
922 2651 1181 2706 omnibus
1231 2664 1352 2720 qtue
1400 2649 1692 2719 sponderet

148 2749 493 2820 promissionis
555 2748 696 2817 ejus.
754 2746 864 2801 Cur
920 2746 1069 2800 enim
1134 2758 1243 2798 non
1293 2741 1695 2796 inﬂexibilitate

148 2842 238 2911 pari
260 2857 289 2910 p
310 2842 551 2895 istcriori
583 2842 815 2893 haereret
842 2836 1056 2900 fmderi,
1095 2836 1217 2907 eius
1246 2850 1409 2903 quam
1451 2834 1505 2888 in
1539 2833 1691 2903 prio-

151 2949 245 2987 rum
265 2934 693 2988 convenlinnum
729 2931 1111 2985 observatione
1155 2927 1526 2984 monstraret?
1573 2926 1694 2981 Non

152 3026 298 3080 minus
324 3040 452 3095 ergo
508 3025 666 3079 illum
720 3021 885 3075 ﬁdum
934 3023 1039 3076 sibi
1089 3035 1250 3089 quam
1305 3018 1695 3074 Theudericho

154 3117 379 3169 futurum.
448 3117 633 3183 Atque
660 3112 823 3183 500
868 3112 1066 3166 ineam
1126 3110 1449 3165 sententiam
1510 3109 1694 3163 indul-

153 3223 257 3276 gens
281 3210 378 3263 sibi
407 3208 726 3263 disserebat
783 3204 1009 3274 largius,
1051 3204 1427 3274 praestantium
1457 3210 1513 3256 et
1538 3216 1695 3271 egre-

153 3303 219 3370 gie
236 3302 551 3371 prudentum
575 3302 817 3354 virorum
836 3312 958 3353 esse
979 3298 1111 3351 nihil
1135 3295 1407 3353 commodi
1440 3303 1535 3349 aut
1555 3309 1705 3348 cmo-
1729 3273 1771 3330 (ἶ

155 3393 345 3448 iumenti
392 3394 715 3465 praalrabere
762 3392 949 3462 gloria:
972 3390 1171 3445 illustri
1203 3389 1703 3460 cxistimationiquc

157 3487 418 3544 inoffensae.
475 3486 752 3557 Oportcre
784 3485 987 3554 quippe
1019 3482 1267 3546 omnino,
1320 3490 1380 3536 ut
1409 3481 1565 3535 Plato
1602 3479 1707 3551 ait,

158 3577 379 3634 arbitrari
423 3579 573 3633 haud
641 3591 818 3646 parvo
851 3577 1140 3640 interesse,
1195 3575 1397 3629 bonine
1438 3590 1505 3629 an
1543 3584 1704 3627 secus

161 3670 406 3726 videamur
438 3670 591 3724 aliis.
618 3667 737 3723 Non
773 3669 921 3723 enim
953 3676 1015 3722 ut
1039 3666 1260 3721 virtutis
1285 3680 1410 3721 vera
1444 3665 1700 3721 substano

161 3761 220 3813 tia
245 3771 291 3816 et
318 3762 671 3830 possessione
718 3760 963 3831 plerique
1017 3760 1304 3814 hominum
1363 3765 1578 3819 carent,
1626 3757 1707 3811 sic

163 3848 326 3905 horum
349 3853 412 3909 de
443 3839 570 3907 aliis
597 3850 963 3926 iudicantium
998 3848 1285 3904 sententia:
1336 3846 1579 3915 pondere
1608 3845 1706 3901 de-

163 3946 432 4005 stituuntur
466 3946 812 4025 auctoritatis
840 3943 1166 4012 omni.Quin
1200 3957 1441 4014 persa'pe
1466 3957 1578 3996 rem
1605 3956 1705 3996 acu

166 4038 312 4108 ipsam
341 4050 594 4112 tangunt,
623 4050 677 4095 et
704 4039 980 4094 subtiliter
1029 4039 1430 4108 distinguentes
1470 4039 1708 4103 speciem

168 4147 189 4181 a
220 4147 452 4201 corpore,
478 4148 606 4188 vere
646 4147 768 4187 cum
793 4132 1046 4187 sensibus
1075 4144 1187 4185 tum
1211 4130 1557 4185 sermonibus
1599 4129 1713 4184 dis-

168 4223 427 4281 criminant
487 4224 795 4280 melioresa
840 4223 1126 4293 peioribus
1172 4221 1457 4277 virorum?
1484 4221 1711 4288 Quodsi,

181 4323 371 4371 auctore
402 4316 653 4377 Platone,
681 4316 737 4370 in
795 4316 961 4371 rebus
984 4316 1199 4385 publice
1233 4314 1484 4385 gerendis
1521 4311 1716 4371 venari

174 4420 331 4463 auram
358 4410 631 4481 Opinionis
660 4410 824 4465 etiam
873 4410 1151 4480 popularis
1204 4411 1482 4475 convenit,
1508 4421 1714 4479 quanto

175 4499 318 4567 magis
338 4516 443 4556 non
468 4502 861 4571 ignoscendum
877 4501 1076 4565 solum,
1102 4501 1198 4556 sed
1231 4501 1518 4556 favendum
1537 4502 1714 4582 etiam

1787 2184 1853 2236 ὲκ
1875 2181 1966 2251 τοῦ
2000 2181 2228 2242 εἰκότος,
2263 2180 2296 2250 ἢ
2331 2182 2423 2231 καὶ
2453 2178 2511 2245 ἐξ
2556 2172 2633 2231 ὧν
2694 2178 2894 2247 ἤκουον
2953 2175 3175 2245 μᾶλλον,
3230 2173 3380 2227 ὑπώ-

1789 2274 2009 2345 πτευον)
2049 2273 2295 2341 εγνωσαν
2339 2271 2515 2333 ἄλλως
2544 2269 2825 2340 μετελθεῖν
2860 2267 2929 2322 τὰ
2978 2266 3304 2339 πράγματα.

1920 2625 2007 2680 l3.
2046 2622 2281 2696 Flagitia
2313 2621 2691 2676 Catelanorum
2720 2620 2772 2673 in
2805 2617 3038 2674 Occiduo
3077 2629 3272 2673 tractu.

1863 2760 1933 2812 At
1961 2757 2283 2828 Amogabari
2318 2765 2371 2810 et
2410 2757 2653 2809 Catelani
2698 2754 2847 2809 velut
2878 2754 3085 2810 eluvies
3123 2753 3378 2825 quaedam

1796 2850 2078 2922 grandinis
2153 2850 2374 2904 exitiale
2454 2857 2709 2917 strepens
2759 2848 3059 2912 irruentes,
3131 2861 3382 2908 onmem,

1797 2957 2189 3015 quamcunque
2237 2939 2598 3004 insederant,
2674 2954 3009 3008 quocunque
3058 2938 3382 3008 attigerant,

1797 3036 2078 3105 regionem
2133 3043 2230 3087 aut
2285 3033 2500 3097 locum,
2562 3031 2697 3084 nulli
2760 3045 2992 3100 prorsus
3065 3037 3384 3099 parcentes,

1799 3127 2014 3182 cunctis
2045 3126 2113 3180 iis
2137 3124 2358 3194 injuriis
2390 3130 2445 3177 et
2487 3122 2843 3177 contumeliis
2874 3120 3210 3185 adiciebant,
3263 3136 3385 3190 quae

1806 3230 2060 3272 auctores
2092 3230 2220 3272 suos
2264 3214 2797 3271 maleﬁcentissimos
2824 3225 2877 3267 et
2904 3213 3387 3282 itnpudentissime

1806 3309 2079 3364 violentos
2108 3307 2488 3369 ostenderent,
2528 3305 2668 3359 adeo
2714 3312 2775 3357 ut
2827 3304 2989 3357 aliam
3040 3303 3384 3357 barbaricam

1810 3400 2182 3455 incursionem
2208 3396 2366 3466 501
2392 3398 2564 3449 multo
2589 3396 2869 3449 tetriorem
2897 3392 3117 3448 Persica
3139 3392 3385 3449 Occidua

1807 3490 2101 3546 continens
2143 3489 2322 3543 abhis
2369 3496 2669 3557 pateretur,
2727 3486 2897 3556 priori
2945 3486 3060 3559 jam
3118 3484 3388 3541 Orientin

1808 3584 1926 3649 illa,
1959 3583 2051 3638 ubi
2073 3596 2197 3636 eum
2246 3581 2347 3634 hac
2373 3585 2807 3649 compararetur,
2852 3579 2995 3633 haud
3051 3587 3162 3632 tam
3214 3578 3387 3633 atroci

1810 3684 2129 3746 apparente,
2166 3673 2299 3743 quin
2328 3672 2440 3727 imo
2471 3672 2584 3727 visa
2626 3670 2924 3736 tolerabili,
2964 3686 3033 3726 cu
3058 3671 3255 3725 saltem
3286 3685 3391 3724 no-

1811 3770 1957 3823 mine
2005 3766 2152 3836 quod
2213 3765 2283 3820 ab
2325 3765 2574 3820 hostibus
2629 3763 2943 3827 inferretur,
3007 3764 3101 3834 qui
3160 3772 3215 3819 et
3262 3763 3399 3833 quid

1810 3860 1940 3915 alibi
1975 3859 2237 3914 iecissent
2258 3864 2313 3912 et
2334 3872 2499 3928 quam
2528 3871 2699 3926 prope
2758 3855 3222 3921 abessent,.l'ama
3248 3872 3394 3910 nun-

1810 3951 1959 4006 tians
1993 3949 2297 4005 incutiebat
2324 3959 2527 4002 metum
2557 3948 2769 4012 utilem,
2809 3962 2921 4017 quo
2966 3947 3221 4003 instincti
3269 3946 3391 4017 qui-

1811 4040 1937 4095 dam
1992 4042 2118 4110 l’uga
2148 4048 2363 4094 mature
2395 4046 2723 4110 praesumpta
2753 4039 2958 4093 malum
3014 4054 3263 4095 evasere.
3295 4038 3392 4095 Hic

1813 4135 1963 4190 nulla
2000 4132 2234 4188 facultas
2272 4131 2416 4187 talis.
2451 4131 2625 4185 Amici
2656 4130 2801 4184 enim
2837 4130 3099 4186 advenire
3130 4131 3392 4186 diceban-

1819 4236 1926 4289 tur,
1953 4232 2008 4279 et
2036 4223 2256 4290 excepti
2284 4231 2344 4277 ut
2398 4222 2559 4286 tales,
2601 4237 2661 4277 se
2697 4223 2943 4278 omnium
2995 4223 3159 4293 longe
3197 4222 3394 4276 imma-

1792 4318 2078 4374 .nissimos
2103 4316 2345 4372 hostium
2373 4332 2474 4371 usu
2506 4317 2628 4385 ipso
2653 4317 3053 4373 monstrabant.
3076 4316 3186 4371 Nec
3212 4315 3393 4370 minus

1817 4411 1871 4465 hi
1897 4425 2062 4481 quam
2103 4408 2286 4465 Persa:
2317 4408 2381 4462 ad
2414 4409 2797 4477 stringendum
2832 4409 2888 4462 in
2919 4408 3096 4463 caedes
3126 4406 3393 4477 gladium,

1819 4503 1865 4560 si
1892 4502 2015 4571 quis
2040 4511 2232 4556 contra
2297 4510 2489 4555 nutum
2543 4501 2786 4570 ipsorum
2851 4501 3064 4565 hiscere
3115 4499 3391 4570 quidpiam

176 4583 280 4641 huic
306 4591 390 4652 sit,
433 4592 526 4660 qui
560 4605 668 4645 non
709 4590 1016 4658 plebis,sed
1040 4591 1304 4661 principis
1334 4599 1385 4645 et
1412 4591 1713 4658 irnperatu-
1741 4621 1790 4675 υ
1821 4592 2068 4656 auderet,
2102 4592 2337 4661 prompti
2363 4606 2427 4646 ac
2468 4590 2654 4646 faciles
2713 4600 2893 4647 erant.
2932 4589 3006 4644 Ea
3044 4590 3265 4646 licentia
3301 4591 3392 4644 ubi

177 4676 239 4731 ris
265 4678 521 4737 demereri
558 4683 664 4737 sibi
712 4682 930 4753 laudem
970 4684 1073 4737 hoc
1099 4682 1244 4737 facto
1274 4682 1526 4737 voluerit.
1554 4680 1710 4747 Quod
1811 4684 1924 4754 jam
1954 4684 2111 4738 obvia
2142 4692 2340 4738 cuncta
2370 4683 2663 4751 praedando
2691 4683 3105 4748 exhausissent,
3159 4698 3271 4737 non
3306 4684 3394 4737 in-

177 4781 279 4823 cum
305 4785 417 4828 erat
446 4775 503 4829 in
536 4775 735 4844 quavis
770 4776 993 4830 actione
1025 4775 1330 4842 probabile,
1366 4783 1574 4842 quanto
1622 4779 1711 4827 est

178 4864 630 4919 commendandum
662 4866 836 4935 magis
868 4865 925 4920 in
970 4865 1204 4921 solemni
1237 4864 1569 4932 obligatione
1599 4876 1715 4917 suae

182 4945 547 5010 idei?Prolixe
578 4955 745 5025 igitur
774 4956 1047 5012 concessit
1075 4956 1355 5026 Angustus
1384 4953 1714 5024 Mpyrigcrio

182 5049 228 5093 ut
246 5046 388 5102 unius
420 5048 540 5117 ejus
566 5062 733 5118 quam
787 5048 1086 5103 indicasset
1146 5047 1485 5116 exceptionis
1525 5044 1713 5099 condio

91 5195 107 5209 κ
186 5131 305 5190 tione
345 5136 521 5193 ftedus
549 5148 887 5209 temperaret
907 5155 1087 5195 suum.
1119 5142 1198 5194 Ac
1224 5139 1487 5208 deinceps
1536 5137 1715 5191 homi-

188 5238 286 5279 nem
314 5229 453 5303 large
479 5231 662 5287 affecit
696 5231 862 5287 laude
890 5232 1155 5302 simplicis
1176 5240 1231 5287 et
1280 5232 1505 5287 minime
1549 5229 1716 5285 fucati

188 5317 343 5385 animi,
365 5325 665 5392 praedicans
695 5340 821 5379 eum
854 5326 997 5394 apud
1036 5325 1230 5383 obvios
1267 5340 1335 5380 eo
1389 5326 1631 5390 nomine,
1659 5331 1719 5377 ut

189 5410 316 5465 lacile
333 5430 487 5484 quam
511 5417 563 5472 id
591 5417 695 5471 sibi
722 5417 829 5471 alte
852 5431 1178 5487 persuasum
1204 5427 1369 5484 esset,
1408 5427 1514 5471 tam
1544 5431 1718 5486 prona

190 5506 535 5565 testiﬁcatione
568 5510 847 5578 proderet.
883 5512 1061 5581 Atque
1093 5513 1238 5567 hunc
1291 5508 1718 5566 existimationis

192 5590 335 5651 locum
383 5617 487 5657 non
544 5600 679 5665 alia,
735 5603 950 5670 opinor,
1001 5602 1361 5674 Mpyrigerius
1424 5601 1567 5670 apud
1610 5601 1721 5653 Au-

191 5697 369 5750 gustum
424 5703 542 5748 arte
578 5710 643 5748 ae
686 5693 833 5748 facto
883 5697 1211 5764 promeruit,
1253 5710 1415 5762 quam
1475 5694 1603 5756 ista,
1662 5701 1722 5745 ut

194 5773 316 5874 dixi.
363 5786 642 5843 conventis
722 5786 1010 5843 inserenda
1082 5787 1401 5857 exceptione
1475 5784 1723 5839 'l‘hcudc-

196 5865 290 5923 rici.
1279 5865 1285 5871 ’

1814 4774 2098 4828 venientes
2121 4773 2362 4841 amplius
2401 4773 2549 4843 quod
2584 4785 2866 4843 raperent.
2894 4770 3038 4828 Nam
3068 4789 3137 4829 ne
3171 4775 3225 4829 in
3259 4775 3397 4829 ulte—

1818 4867 1996 4921 riores
2025 4866 2486 4937 progrederemur
2521 4867 2797 4934 regiones,
2842 4875 2990 4921 metu
3036 4867 3395 4922 retardabam

1816 4966 1907 5013 tur
1950 4958 2332 5027 superventuri
2384 4957 2441 5011 in
2506 4958 2656 5026 ipsos
2713 4957 3065 5026 imperatoris
3117 4956 3398 5012 Michaelis

1817 5064 1940 5103 cum
1978 5049 2179 5103 infesto
2209 5046 2454 5102 exercitu
2486 5046 2721 5101 militum
2754 5045 3157 5113 Romanorum,
3206 5063 3397 5117 poenas
3485 5080 3490 5085 -

1820 5144 2122 5213 repetituro
2183 5141 2453 5196 scelerum
2517 5140 2718 5210 quibus
2767 5149 2910 5194 tecta
2981 5140 3273 5209 hospitalia
3321 5141 3398 5194 la-

1817 5251 2018 5305 resque
2067 5236 2311 5305 ipsorum
2367 5246 2430 5289 ac
2478 5233 2714 5289 farrilias
2748 5235 2998 5304 precario
3031 5235 3244 5304 excepti
3300 5234 3400 5288 ad-

1820 5342 1975 5383 venae
2036 5325 2422 5381 crudelissime
2481 5341 2544 5380 ac
2596 5326 3021 5396 ﬂagitiosissime
3081 5336 3396 5382 vexassent.

1822 5421 1961 5482 Hoc,
1987 5425 2044 5472 ut
2066 5416 2286 5472 deesset
2316 5418 2455 5473 alius
2485 5421 2608 5472 talis
2643 5419 2800 5474 index
2836 5419 3089 5488 periculi,
3116 5433 3213 5474 sua
3250 5421 3399 5488 ipsos

1821 5511 2041 5568 abunde
2097 5513 2435 5567 conscientia
2489 5514 2783 5577 monebat,
2835 5522 2891 5567 et
2922 5528 3124 5578 rerum,
3167 5522 3226 5565 ut
3285 5524 3398 5566 tum

1822 5596 2143 5670 erant,ex
2204 5602 2489 5656 verisimili
2548 5604 2911 5657 confirmabat
2960 5611 3154 5657 status.
3210 5600 3400 5671 Itaque

1822 5696 2094 5750 diversam
2127 5695 2196 5749 de
2231 5695 2443 5765 reliquo
2469 5695 2764 5749 ittettndatn
2796 5696 2898 5750 sibi
2943 5709 3126 5749 rerum
3172 5708 3400 5751 suarum

1823 5786 2382 5844 administrandarutn
2410 5789 2679 5844 rationem
2715 5786 3100 5842 decreverunt.

2028 6015 2058 6022 -
