3848 6594
191 484 276 548 557
838 512 845 523 κ
1082 486 1178 546 DE
1218 485 1660 546 ANDRONICO
1696 482 2158 545 PALJ‘IOLOGO
2184 485 2331 546 LIB.
2374 487 2475 550 VI.

3310 486 3415 552 558

190 600 300 655 Mra
326 597 464 663 ἔλεγε
490 596 794 667 πολυωρεῖν
818 598 915 651 καὶ
949 599 1199 670 χρήμασι
1228 604 1322 652 καὶ
1343 601 1637 662 δαπάναις,
1671 600 1719 651 εἰ
1751 606 1792 660 Α
1823 596 1955 665 γοῦν
1980 599 2169 669 συχνοὶ
2196 600 2285 652 ἐπὶ
2316 595 2529 663 τούτοις
2563 599 2900 669 ἐπέμποντο,
2929 597 3039 652 ἔδει
3065 597 3121 652 δὲ
3154 600 3417 653 κάκεῖθεν

192 693 325 761 μόνον
356 692 415 743 τὰ
441 688 603 741 πιστὰ
636 690 795 758 σχοίη
829 689 905 753 ὡς
921 690 1159 744 εὐνοοτεν
1178 694 1293 754 τοῖς
1321 693 1420 761 τῆς
1442 690 1721 761 βασιλείας

187 784 483 855 πράγμασιν.
520 781 731 834 Αὐτίκα
764 781 820 835 δὲ
848 782 1382 854 διαπεραιουμένους
1415 785 1502 837 ἐπ’
1525 786 1723 836 ἀνατο-

183 877 263 944 λῆς
286 875 439 928 εἴκοσι
470 873 677 943 χιλιάσι
710 875 938 943 χρυσίου
974 876 1070 928 καὶ
1097 877 1439 947 τριακοσίοις
1466 877 1721 945 χιλιάδων

190 967 358 1039 μοδίοις
389 969 629 1029 τοπικοῖς
652 968 805 1019 σίτου
826 967 1123 1038 δωρεῖσθαι
1153 968 1603 1038 καθυπισχνεῖτο,
1628 968 1723 1020 καὶ

182 1062 261 1115 τοῦ
282 1060 453 1113 λοιποῦ
503 1062 671 1130 μηδὲν
716 1063 922 1114 ἀνεῖναι
953 1063 1049 1114 καὶ
1088 1059 1245 1123 αὖθις
1292 1063 1360 1115 τά
1393 1062 1581 1114 εἰκότα
1626 1081 1723 1113 πο-

184 1156 395 1224 λυωρεῖν.
418 1153 604 1207 Ταῦτα
629 1158 814 1225 συχνοὶ
846 1155 1198 1225 πεμπόμενοι
1229 1154 1599 1225 παρεδήλουν,
1625 1156 1722 1208 καὶ

183 1249 358 1301 τούτων
383 1247 808 1317 προσανετίθουν
838 1248 906 1304 τὰ
934 1249 1166 1303 πλεῖστα
1199 1251 1265 1320 τῇ
1316 1248 1410 1301 τοῦ
1448 1249 1716 1319 βασιλέως

182 1340 354 1410 ἀδελφῇ
385 1338 466 1413 [Ρ.
491 1340 621 1412 555]
644 1343 823 1395 ἐκεῖσε
858 1343 953 1395 καὶ
976 1342 1060 1396 ἔτι
1088 1343 1362 1413 παρούσῃ.
1398 1342 1493 1395 καὶ
1519 1341 1651 1412 μᾶλ)
1663 1354 1723 1394 ον

184 1433 250 1486 ὅτι
274 1435 357 1487 καὶ
382 1436 434 1487 αί
464 1451 530 1486 πε
541 1434 595 1505 ρ).
620 1434 1009 1504 Φιλαδελφείας
1041 1434 1271 1498 πύστεις
1301 1435 1466 1507 μέχρι
1493 1435 1589 1487 καὶ
1614 1432 1725 1485 τῶν

186 1510 360 1597 νεκρῶν
382 1526 438 1592 ἐξ
484 1525 695 1589 ἐνδείας
743 1529 840 1581 καὶ
891 1527 988 1581 τοῦ
1023 1528 1439 1598 πολιορκεῖσθαι
1472 1526 1722 1598 ἅψασθαι

185 1621 605 1690 κατηγγέλλοντο.
637 1621 808 1676 Οὐδὲν
834 1623 880 1676 δ’
904 1623 1118 1676 ἐκεῖθεν
1152 1623 1284 1678 ἄλλο
1313 1624 1549 1693 ἠκούετο
1581 1624 1614 1694 ἢ
1666 1624 1720 1675 αἱ

188 1714 521 1785 μισθοφορίαι,
553 1715 649 1768 καὶ
679 1716 756 1778 ὡς
794 1717 855 1769 τὸ
889 1716 1099 1788 πλῆθος
1129 1716 1439 1771 ἀκάθεκτον
1470 1713 1530 1768 ὃν
1556 1716 1721 1777 αὐτὸς

182 1807 400 1876 κατέχειν
424 1808 517 1861 καὶ
541 1806 734 1876 ἄγχειν
754 1809 816 1861 ού
847 1808 1092 1875 δύναται,
1115 1810 1213 1864 καὶ
1248 1808 1323 1871 ὠς
1349 1811 1397 1862 εί
1430 1809 1506 1880 μὴ
1539 1808 1721 1879 δοθείη

182 1899 231 1952 τὸ
260 1901 674 1970 ἀπαιτούμενον,
705 1901 819 1955 οὐδ’
846 1902 1013 1965 αὐτὸς
1041 1903 1101 1955 ὲν
1134 1903 1372 1972 ἀσφαλεῖ
1398 1901 1577 1964 ἔσται,
1631 1904 1725 1954 καὶ

1827 691 1956 755 τοὺς
1988 691 2301 762 μηνύτορας
2334 690 2677 760 πέμπεσθαι,
2725 690 2906 753 οὐδεὶς
2950 687 3019 761 ἧν
3067 691 3206 756 πρὸς
3258 691 3415 743 ταῦθ’

1828 782 2022 854 ἕτερος
2069 784 2117 835 εἰ
2168 783 2243 852 μὴ
2289 783 2316 833 ὁ
2368 782 2588 845 οἰκείως
2616 782 2974 854 ἐξυπηρετῶν
3008 785 3076 854 τῇ
3108 783 3201 836 τοῦ
3250 785 3416 837 ’Λσὰν

1830 873 2262 945 Κανναόούριος,
2319 873 2380 936 ὃς
2429 876 2525 927 καὶ
2584 875 2710 927 ἐπεὶ
2759 874 3020 938 πολλάκις
3066 876 3283 928 ἐκεῖθεν
3313 870 3416 928 ὦδε

1829 964 2134 1018 κάντεῦθεν
2160 967 2277 1018 ἐκεῖ
2300 966 2686 1034 παραγένοιτο,
2722 966 2878 1030 τέλος
2917 967 3183 1035 ἀσφαλεῖς
3216 968 3302 1037 ἐφ’
3332 965 3416 1032 οἷς

1831 1059 2167 1129 προσέταττε
2203 1057 2459 1127 βασιλεὺς
2501 1059 2605 1121 τὰς
2634 1059 2850 1122 πίστεις
2883 1059 3069 1129 ζητεῖν
3123 1061 3416 1129 ἐφειμένον

1831 1150 2017 1218 ἔλεγεν
2049 1150 2217 1222 ἔχειν,
2242 1150 2412 1203 αὐτὸν
2441 1150 2489 1203 δ’
2517 1152 2729 1205 ἐκεῖνον
2754 1151 2854 1223 τὴν
2878 1152 3229 1223 ἀντωμοσίαν
3267 1171 3416 1223 παρ-

1832 1241 1979 1311 ἐχειν
2006 1242 2101 1293 ἐπὶ
2141 1242 2437 1309 προσώπου
2473 1242 2566 1295 τοῦ
2594 1242 3040 1309 ἀποστείλαντος,
3076 1246 3331 1313 γενέσθαι
3353 1247 3417 1299 δὲ

1831 1337 1928 1387 καὶ
1956 1334 2057 1396 τὰς
2082 1335 2433 1404 ὁρκωμοσίας
2475 1335 2571 1388 ἐπὶ
2606 1337 2884 1409 παρουσίᾳ
2925 1341 3027 1409 τῆς
3053 1339 3242 1409 τιμίας
3270 1341 3415 1394 εἰκός

1830 1442 1920 1487 νος
1944 1425 2045 1495 τῆς
2075 1424 2443 1498 Θεομήτορος,
2488 1428 2605 1497 Ἐφ’
2639 1424 2721 1491 οἷς
2752 1429 2953 1483 αὐτίκα
3000 1430 3096 1484 τοῦ
3143 1431 3416 1501 βασιλέως

1832 1520 2290 1587 κατανεύσαντος,
2311 1523 2406 1575 καὶ
2441 1521 2645 1592 μᾶλλον
2674 1523 2758 1577 ὅτι
2791 1526 2884 1577 καὶ
2910 1526 2938 1578 ὁ
2962 1524 3054 1577 τοῦ
3083 1525 3411 1598 Θευδερίχου

1832 1612 2059 1680 ἀδελφὸς
2092 1616 2159 1666 ἐκ
2183 1614 2395 1677 νοθείας
2415 1615 2473 1667 ἐν
2495 1615 2660 1669 ναυσὶ
2679 1616 3070 1686 τρεισκαίδεκα
3091 1618 3413 1689 περιπλέειν

1832 1705 2131 1774 ἠγγέλλετο
2151 1708 2243 1759 καί
2268 1724 2422 1770 τινας
2441 1709 2806 1779 κατατρέχειν
2840 1711 2952 1763 τῶν
2972 1710 3155 1781 νήσων
3184 1712 3281 1765 καὶ
3311 1714 3414 1766 ἀνὰ

1834 1801 2031 1871 κράτος
2057 1800 2284 1863 κακοῦν,
2317 1800 2558 1870 πέμπειν
2595 1815 2654 1854 τε
2704 1802 2799 1854 καὶ
2848 1802 2991 1874 πρὸς
3040 1804 3288 1868 ἐκείνους
3318 1810 3416 1860 καὶ

1834 1889 1989 1951 αὖθις
2021 1895 2151 1963 παρ’
2186 1892 2417 1945 ἐκείνων
2435 1890 2739 1961 λαμϐάνειν
2773 1888 3097 1964 μηνύματα,
3129 1897 3416 1952 τελοῦνται

185 1992 352 2062 μᾶλλον
380 1967 498 2063 ὅσῳ,
528 1995 640 2056 τοῖς
677 1993 989 2062 ἀξιώμασιν
1022 1967 1517 2065 ὑπερηιρανεύοιτο.
1538 1995 1725 2046 Ταῦτα
1760 1967 1801 2021 Β
1836 1984 1934 2049 μὲν
1965 1984 2140 2056 ὅρκοι,
2183 1983 2297 2055 (ιζ’)
2327 1985 2612 2052 πέμπεται
2634 1982 2690 2035 δὲ
2715 1984 2813 2037 καὶ
2839 1983 2925 2056 [Ρ.
2953 1986 3082 2059 εει]
3114 1991 3141 2041 ὁ
3166 1988 3418 2060 Χοῦμνος

181 2083 325 2151 λέγων
349 2083 508 2153 δῆλος
555 2080 625 2155 ἦν
654 2085 888 2149 ἐκείνοις
922 2087 1347 2157 προσκείμενος,
1384 2095 1481 2140 καὶ
1528 2086 1722 2156 θηρίου

183 2174 797 2248 δυσμεταχειριστὸτερον
816 2178 977 2248 ἔχων,
1010 2180 1078 2251 ἦν
1104 2198 1190 2243 τις
1229 2181 1585 2252 μεταπείθειν
1606 2183 1724 2233 ἐπι-

182 2272 380 2338 χειροίη,
412 2270 503 2324 διὰ
531 2270 631 2341 τὴν
676 2272 861 2345 πηγὴν
889 2272 986 2327 τοῦ
1014 2275 1238 2347 φρονεῖν
1283 2274 1505 2337 πάντως
1560 2274 1727 2343 μήπω

183 2369 569 2441 κατηρτυμένην
594 2369 680 2433 είς
732 2369 1001 2441 ὑπηκόοις
1048 2370 1370 2441 πρέπουσαν
1417 2367 1591 2431 τάξιν.
1638 2367 1726 2428 Ὠς

182 2544 333 2599 animo
404 2544 623 2600 illorum
693 2561 825 2617 erga
896 2562 1055 2602 suum
1140 2549 1431 2618 imperium
1514 2550 1727 2603 Itonia-

181 2652 387 2707 namque
463 2654 579 2694 rem
641 2639 863 2695 iudiciis
939 2641 1283 2709 persuaderi.
1342 2640 1438 2697 llis
1496 2651 1722 2705 autem,

182 2729 309 2802 507
332 2732 516 2786 statim
542 2747 605 2787 ac
625 2733 977 2801 trajecissent
996 2734 1048 2788 in
1072 2732 1410 2790 Orientalem
1436 2737 1729 2790 continen-

182 2829 285 2884 tem,
308 2824 496 2892 viginti
522 2839 583 2878 se
613 2826 781 2878 millia
813 2823 1162 2881 nummoﬂtm
1200 2842 1495 2881 aureorum
1529 2843 1726 2882 nume.

183 2912 587 2979 rarijussurum,
620 2915 895 2984 simulque
923 2916 1256 2971 donaturum
1285 2926 1528 2973 trecenta
1558 2918 1727 2972 millia

184 3007 461 3061 modiorum
497 3008 666 3062 tritici
699 3023 970 3064 incusum
1001 3011 1248 3065 locorum
1299 3011 1543 3074 illorum,
1575 3010 1730 3065 dein-

181 3112 387 3169 cepsque
432 3102 486 3155 in
538 3102 759 3157 cunctis
796 3105 1010 3159 ueteris
1042 3104 1236 3159 sedqu
1280 3114 1628 3166 curaturum,
1661 3117 1728 3156 ne

180 3191 447 3262 quidquam
499 3194 636 3262 ipsis
690 3197 1071 3250 necessarium
1121 3196 1355 3252 deesset.
1411 3195 1535 3252 Haec
1564 3196 1724 3259 varii,

181 3284 361 3345 utdixi,
390 3287 459 3339 ab
484 3287 816 3356 imperatore
832 3289 901 3343 ad
935 3290 1294 3345 ltontzerium
1313 3291 1547 3345 subinde
1574 3289 1727 3343 missi

180 3375 502 3435 nuntiabant.
558 3378 824 3448 pleraque
872 3384 1213 3449 deponentes
1272 3383 1416 3450 apud
1472 3396 1724 3437 sororem

182 3464 499 3535 imperatoris
548 3486 770 3526 socrum
822 3469 1125 3536 Rontzerii,
1169 3487 1237 3527 eo
1287 3474 1540 3529 videlicet
1596 3489 1732 3527 con-

181 3555 280 3610 silio
311 3573 375 3613 ac
403 3575 501 3628 spe
532 3569 591 3615 ut
633 3561 727 3616 illa
758 3577 1003 3631 praesens
1038 3578 1137 3633 pro
1169 3565 1582 3619 necessitudine
1612 3563 1725 3617 alli-

181 3652 344 3707 nilatis
390 3661 446 3706 et
492 3653 672 3721 gratia
722 3668 792 3707 ex
838 3667 900 3708 ea
951 3653 1205 3722 privatim
1257 3671 1383 3710 eum
1422 3657 1732 3724 impelleret

182 3760 273 3812 quo
305 3745 579 3816 Augustus
608 3746 859 3815 optabat.
905 3745 1031 3803 limo
1062 3755 1214 3803 tanta
1249 3747 1455 3805 oﬂ'erre
1484 3749 1632 3805 ultro
1665 3764 1730 3804 ac

182 3838 307 3892 velut
337 3852 597 3908 oggerere
627 3848 819 3893 extero
847 3854 951 3894 nec
979 3841 1028 3903 ei
1060 3840 1168 3895 ﬁdo
1196 3839 1406 3894 homini
1435 3843 1731 3913 cogebatur

185 3924 454 3995 imperator
483 3930 670 3984 multis
695 3932 1109 4000 urgentissimis
1137 3933 1346 3987 causis.
1383 3931 1520 3986 Nam
1553 3934 1730 4003 primo

185 4017 239 4071 de
287 4019 653 4091 Philadelphia
706 4024 1070 4078 nuntiabatur
1121 4038 1150 4076 a
1211 4025 1393 4078 Persis
1452 4025 1730 4080 artissime

185 4111 402 4178 obsessa,
445 4117 608 4183 cujus
658 4115 957 4172 liberanda:
988 4117 1138 4170 nulla
1173 4117 1390 4186 uspiam
1437 4119 1566 4173 alibi
1602 4134 1731 4188 spes

184 4214 306 4261 esset
344 4222 509 4274 quam
547 4207 603 4261 in
633 4210 807 4278 copiis
839 4206 1148 4272 Rontzerii,
1181 4217 1390 4263 tantam
1425 4210 1574 4264 intus
1619 4212 1731 4265 illic

184 4297 391 4360 grassari
426 4297 622 4352 fatiiem
648 4306 709 4351 ut
749 4314 779 4351 τι
810 4300 1171 4355 cadaveribus
1193 4307 1534 4354 mortuorum
1559 4302 1736 4355 homi-

187 4400 297 4439 num
354 4404 453 4458 pro
520 4391 649 4444 cibo
703 4391 1061 4447 absutnendis
1124 4407 1233 4446 non
1303 4404 1725 4464 temperaretur.

184 4480 386 4536 Aliunde
436 4483 505 4537 ab
534 4484 778 4539 exercitu
812 4484 1093 4540 Rontzerii
1125 4486 1261 4541 nihil
1294 4486 1441 4541 aliud
1473 4488 1577 4542 nisi
1610 4489 1730 4542 sine

188 4568 273 4625 line
306 4574 509 4629 iterata:
550 4576 953 4645 stipendiorum
1007 4578 1378 4648 ﬂagitationes
1426 4581 1730 4636 audieban-

187 4669 277 4716 tur.
309 4664 425 4734 lpSe
452 4668 706 4737 quotidie
735 4671 1015 4724 scribebat
1048 4671 1194 4726 haud
1227 4688 1310 4734 se,
1345 4674 1428 4727 vel
1462 4674 1506 4726 si
1538 4674 1729 4736 vellet,

188 4769 320 4820 posse
365 4760 675 4815 famelicam
702 4771 755 4815 et
781 4761 1575 4832 desperatam,multitudinem
1606 4781 1730 4834 pru-

190 4846 345 4904 bibere
370 4867 440 4906 ne
480 4853 713 4916 lurerct,
739 4868 803 4907 ac
831 4856 981 4908 velut
1013 4854 1269 4911 faucibus
1305 4856 1726 4912 vociferantium

188 4944 475 4999 constrictis
521 4944 795 5014 querelas
832 4948 951 5014 ejus
1004 4948 1295 5016 minasque
1337 4949 1727 5017 comprimere.

191 5031 304 5097 Quin
335 5048 389 5093 et
418 5039 770 5102 denuntiare,
802 5040 909 5094 nisi
938 5045 1164 5095 daretur
1192 5040 1326 5111 ipsis
1353 5042 1502 5112 quod
1535 5057 1731 5108 posce-

190 5122 312 5191 bant,
339 5129 482 5184 hami
517 5145 576 5184 se
611 5138 792 5184 tutum
822 5142 875 5184 et
901 5146 1157 5185 securum
1188 5132 1257 5185 ab
1287 5133 1478 5186 horum
1506 5134 1557 5186 vi
1591 5135 1726 5189 fore.

190 5215 279 5275 Nec
316 5223 416 5279 sibi
466 5224 739 5280 adversus
783 5224 1014 5280 istorum
1052 5225 1295 5279 insultas
1337 5226 1595 5294 przesidio
1647 5226 1731 5280 fu-

193 5316 341 5368 turam
387 5332 656 5371 summam
690 5331 805 5386 qua
829 5326 977 5372 esset
1024 5325 1257 5372 ornatus
1292 5319 1365 5372 ab
1393 5319 1734 5389 imperatore

195 5401 500 5473 dignitatem.
531 5408 674 5476 Quin
706 5423 771 5462 ea
811 5409 925 5478 ipsa
957 5409 1137 5476 magis
1179 5408 1385 5463 irritari
1434 5411 1732 5475 seditiosos

197 5508 356 5563 ausus,
396 5503 479 5555 vel
524 5502 737 5555 invidia
776 5502 1015 5571 quadam
1061 5509 1117 5555 et
1159 5506 1567 5569 comparatione
1612 5518 1730 5557 sua:

196 5600 297 5641 cum
327 5593 496 5648 aliena
528 5594 722 5658 sortis,
755 5594 840 5649 vel
872 5594 1158 5662 opinione,
1190 5609 1354 5663 posse
1392 5596 1496 5648 sibi
1530 5611 1732 5664 procu-

198 5692 298 5734 rare
322 5699 431 5751 qure
471 5686 640 5740 velint
668 5664 737 5739 ab
766 5687 1036 5755 Augusto,
1067 5701 1196 5739 eum
1225 5700 1388 5755 quem
1428 5695 1579 5740 tanta
1611 5688 1731 5754 pol-

200 5768 291 5825 lere
340 5778 471 5844 apud
527 5779 705 5846 ipsum
759 5790 1022 5848 appareat
1073 5780 1273 5848 gratia.
1329 5779 1404 5833 Ex
1464 5782 1731 5850 quibusa

204 5856 458 5923 Rontzerio
522 5871 725 5940 passim
794 5870 1040 5941 allegatis
1098 5882 1253 5925 certo
1313 5872 1733 5942 intelligebatur

204 5967 367 6014 vanam
407 5980 620 6020 omnem
653 5979 808 6035 spem
838 5980 962 6021 esse
995 5965 1303 6022 abducendi
1335 5980 1459 6021 eum
1492 5982 1522 6021 a
1555 5969 1729 6038 parti-

1834 2074 2134 2145 Θεόδωρος,
2155 2075 2298 2128 αὐτά
2326 2091 2384 2128 τε
2423 2074 2499 2128 τὰ
2517 2074 2613 2127 τοῦ
2645 2075 2925 2144 Καίσαρος
2955 2077 3202 2149 σύμϐολα
3232 2081 3417 2153 φέρων

1834 2167 1932 2219 καὶ
1944 2168 2043 2230 τὰς
2062 2165 2546 2237 χρυσοσουλλείους
2572 2166 2790 2229 πίστεις
2816 2168 2915 2219 καὶ
2939 2168 3258 2239 νομίσματα
3282 2189 3416 2242 χρυ-

1836 2257 2000 2310 σίνων
2032 2259 2281 2328 χιλιάδας
2309 2258 2629 2329 τριάκοντα,
2673 2258 2754 2312 Τά
2807 2258 2864 2311 δὲ
2891 2259 2986 2313 τοῦ
3028 2263 3180 2314 σίτου
3207 2279 3417 2332 προην-

1832 2350 2174 2423 τρεπισμένα
2228 2346 2317 2420 ἦν,
2353 2349 2429 2414 ὡς
2457 2348 2742 2420 ἠλπίζετο,
2789 2353 2853 2403 ἐκ
2887 2353 3231 2422 συναγωγῆς.
3272 2350 3331 2405 El
3369 2353 3416 2405 δ’

1836 2535 1942 2590 bus
1990 2546 2240 2593 suorum,
2293 2529 2659 2599 privatimque
2715 2528 2819 2597 ipsi
2877 2530 3253 2585 satisfaciendi
3308 2532 3418 2586 alia

1834 2629 2048 2684 ratione
2092 2639 2255 2692 quam
2293 2624 2457 2678 simul
2508 2623 2779 2693 explenda
2809 2623 3084 2678 desideria
3117 2624 3417 2679 Catelano~

1837 2739 1980 2788 rum,
2053 2718 2359 2790 praesertim
2397 2733 2518 2772 cum
2579 2724 2870 2788 appareret
2927 2717 3196 2788 judicium
3266 2720 3419 2774 arbi-

1837 2817 2116 2885 triumque
2155 2813 2412 2867 intimum
2460 2811 2741 2865 Rontzerii
2787 2810 3030 2866 nandum
3066 2811 3416 2867 irrevocabili

1835 2908 2118 2978 proposito
2148 2905 2363 2960 addicta
2398 2904 2679 2973 obsequiis
2715 2905 3092 2973 imperatoris,
3126 2904 3223 2959 sed
3259 2920 3411 2974 quie-

1837 3017 1958 3058 rere
1987 3001 2167 3059 adhuc
2196 3009 2251 3055 ct
2284 2998 2613 3063 deliberare,
2651 2997 2948 3066 ancipitem
2981 3012 3092 3067 quo
3141 3013 3199 3051 se
3242 3000 3418 3067 appli-

1834 3103 2009 3151 caret.
2092 3094 2220 3148 Ηιεο
2304 3091 2602 3146 durissima
2669 3091 2974 3146 necessitas
3055 3093 3412 3161 quantumvis

1836 3190 2065 3244 invitum
2112 3186 2296 3255 adegit
2340 3185 2712 3239 Andronicnm
2742 3184 2807 3237 ad
2838 3183 3004 3238 unius
3029 3183 3269 3238 heminis
3296 3200 3420 3251 gra-

1835 3283 1968 3337 tiam
2020 3290 2129 3334 tam
2180 3292 2311 3335 caro
2369 3278 2708 3335 licitandam.
2755 3277 2895 3333 Cum
2943 3277 3110 3347 igitur
3160 3278 3252 3332 ditt
3309 3293 3417 3332 non

1834 3382 2118 3430 cessarent
2148 3370 2463 3443 quotidiani
2494 3370 2667 3426 ferme
2696 3370 2765 3425 ab
2793 3370 2919 3424 aula
2947 3370 3245 3426 convenire
3273 3368 3423 3425 Ron-

1830 3467 2068 3522 tzcrium
2102 3481 2273 3535 super
2304 3465 2391 3521 his
2420 3465 2660 3519 ministri
2692 3464 2923 3535 publici,
2957 3472 3013 3519 et
3041 3464 3092 3519 ei
3135 3466 3420 3535 proposita

1833 3563 2134 3631 placerent,
2176 3558 2424 3627 oportuit
2453 3564 2507 3612 et
2548 3557 2615 3611 ab
2652 3557 2774 3627 ipso
2806 3555 2975 3628 508
3003 3557 3301 3627 aliquando
3336 3573 3424 3613 re-

1833 3654 2029 3726 sponsi
2079 3652 2364 3724 quidpiam
2415 3649 2592 3708 reddi.
2643 3651 2921 3718 Qumsitus
2970 3658 3055 3706 est
3090 3652 3323 3707 idoneus
3367 3655 3419 3708 ei

1833 3747 2200 3817 perferendo;
2263 3760 2367 3801 nec
2431 3745 2572 3798 alius
2636 3743 3108 3798 accommodatior
3167 3753 3421 3815 repertus

1830 3838 2209 3899 Cannaburio,
2250 3837 2520 3892 fidissimo
2551 3834 2759 3890 iamqu
2805 3835 2931 3891 ﬁliae
2974 3837 3200 3901 Asanis,
3231 3838 3421 3892 uvoris

1836 3932 2144 3988 Rontzerii.
2195 3929 2299 3986 llic
2329 3931 2420 3985 ubi
2469 3930 2674 3999 saepius
2717 3929 2845 3984 talia
2883 3939 3127 3986 tractans
3156 3932 3300 3988 ultro
3337 3934 3421 3988 ci-

1787 4076 1793 4081 .
1839 4035 2036 4095 troque
2075 4030 2467 4087 commcasset,
2515 4022 2740 4078 tandem
2774 4023 2887 4078 haec
2912 4026 3297 4080 conventionis
3328 4040 3421 4080 ca-

1837 4118 1947 4189 pita
1978 4125 2111 4172 sunt
2141 4130 2169 4169 a
2201 4114 2502 4170 Ronlzerio
2531 4115 2841 4193 proposita,
2870 4123 2930 4169 ut
2959 4115 3264 4186 imperator
3288 4133 3421 4187 pro-

1832 4210 2133 4264 missorum
2211 4219 2438 4263 suorum
2509 4215 2772 4277 quantam
2845 4209 3008 4265 vellet
3083 4209 3419 4266 liontzerius

1835 4298 2309 4352 conﬁrmationem
2364 4312 2430 4352 ac
2468 4298 2828 4353 securitatem
2874 4299 3053 4361 daret,
3085 4300 3205 4369 ipse
3232 4312 3417 4356 autem

1833 4390 2169 4446 Rontzcrins
2201 4390 2449 4446 vicissim
2498 4392 2660 4447 iidem
2707 4392 2955 4469 Augusto
2986 4394 3203 4462 juraret
3231 4410 3417 4450 coram

1836 4484 1905 4537 ab
1938 4483 2033 4537 illo
2078 4483 2253 4537 misso
2281 4483 2349 4538 ad
2379 4482 2432 4537 id
2474 4491 2885 4538 sacramentum
2928 4486 3298 4555 exigendum;
3328 4488 3418 4557 ju-

1836 4586 2053 4632 raretur
2092 4584 2278 4631 autem
2332 4578 2403 4628 ab
2453 4577 2706 4645 utrisque
2756 4577 2989 4632 seorsini
3037 4580 3090 4632 in
3122 4593 3416 4650 conspecti;

1838 4670 2164 4725 venerandae
2195 4670 2453 4740 imaginis
2494 4669 2590 4723 Dei
2622 4670 2830 4725 Matris.
2877 4670 3001 4727 llaec
3046 4687 3113 4727 eo
3143 4675 3416 4744 cupidius,

1837 4762 2090 4832 abruptis
2135 4762 2484 4816 tractationis
2531 4763 2815 4817 ulterioris
2859 4764 3055 4828 moris,
3102 4769 3291 4820 statim
3330 4782 3420 4819 ar-

1833 4854 2004 4923 ripuit
2034 4855 2341 4919 Augustus,
2369 4854 2514 4923 quod
2543 4854 2763 4909 interim
2793 4864 2972 4911 metus
2999 4857 3196 4928 ingens
3224 4860 3419 4914 admo-

1834 4948 2068 5003 vebatur
2097 4964 2166 5004 ne
2196 4949 2488 5003 formidata
2520 4947 2834 5019 conjuratio
2863 4950 3255 5007 Catelanorum
3289 4968 3416 5007 cum

1836 5042 2040 5096 Siculis
2098 5043 2152 5097 in
2216 5051 2457 5112 apertam
2521 5041 2900 5098 Romanorum
2937 5046 3416 5116 impugnationem

1792 5182 1796 5187 .
1833 5143 2168 5204 erumperet.
2221 5133 2357 5189 Nam
2402 5136 2772 5191 Theudorichi
2830 5138 3002 5194 l‘ratcr
3040 5139 3244 5195 nothus
3289 5153 3415 5193 cum

1837 5230 2070 5284 navibus
2104 5230 2367 5285 tredecim
2417 5230 2895 5302 clrcdmnavigare
2951 5241 3137 5287 terras
3196 5233 3414 5303 imperii

1835 5323 2209 5386 nuntiabatur,
2263 5322 2687 5392 incursasseque
2732 5323 2845 5391 jam
2891 5326 3156 5395 quasdam
3207 5325 3416 5379 insulas

1835 5421 2002 5481 atque
2031 5412 2307 5467 hostiliter
2344 5424 2612 5480 vastasse,
2649 5430 2749 5469 nec
2785 5431 3009 5472 cessare
3038 5422 3264 5471 tuintios
3296 5434 3418 5469 mu-

1833 5515 1962 5561 tuos
1987 5507 2109 5577 ejus
2149 5507 2216 5560 ad
2264 5506 2556 5564 Catelanos
2584 5522 2640 5563 et
2683 5511 2936 5567 vicissim
2975 5512 3041 5566 ad
3073 5514 3224 5567 illum
3255 5514 3417 5567 Cate-

1835 5597 2109 5653 lanorum.
2143 5598 2348 5655 Ultima
2398 5601 2510 5656 haec
2550 5616 2718 5658 causa
2772 5603 2872 5657 fuit
2912 5606 3143 5659 tollendi
3181 5618 3416 5661 cuncta-

1838 5692 2015 5746 tiones
2065 5706 2282 5755 omnes,
2339 5702 2392 5747 et
2433 5695 2618 5748 statim
2676 5697 2743 5750 ad
2796 5696 2975 5751 {trdus
3029 5713 3228 5751 novum
3258 5700 3415 5766 jure-

1832 5783 2066 5853 jurando
2083 5784 2210 5839 hinc
2231 5796 2284 5840 ct
2302 5786 2425 5840 inde
2440 5788 2797 5843 sanciendum
2821 5791 3096 5845 veniendi.
3119 5791 3233 5860 (l7)
3250 5795 3325 5844 Ac
3348 5807 3415 5846 ex

1837 5887 1992 5947 parte
2033 5878 2252 5947 quidem
2301 5894 2396 5933 sua
2438 5880 2567 5943 rite,
2623 5881 2678 5934 in
2732 5898 2854 5950 qua:
2900 5893 3234 5938 conventum
3292 5885 3413 5938 l'ue-
3454 5891 3463 5903 ’

1838 5978 1943 6033 rat,
1999 5970 2203 6040 juravit
2258 5972 2582 6043 imperator;
2633 5984 3006 6047 praetereaque
3057 5976 3412 6034 Theodorum
