3848 6550
166 427 259 493 δεῖ

1056 439 1636 502 DE‘ANDRONICO
1673 442 2138 510 PALtEOLOGO
2176 449 2323 515 LIB.
2368 447 2465 511 VI.

3292 451 3409 517 562‘

165 542 274 606 θοῦς
298 543 620 617 ἐδημηγόρει
660 549 751 601 τοῦ
784 552 1081 620 σχήματος,
1118 555 1293 624 ἀρχῆς
1319 554 1416 608 ἀπ’
1447 554 1624 626 ἄκρης
1647 556 1714 609 τὰ
1746 563 1789 616 Α
1830 559 2192 636 Ἀτταλειώτῃ
2233 566 2561 636 μαχόμενος,
2596 563 2692 619 καὶ
2721 565 2948 629 πολλοὺς
2979 566 3244 621 ἀποϐάλοι
3275 584 3401 622 γεν-

164 636 270 690 καθ’
296 638 448 692 αὑτὸν
495 642 766 695 συνιστῶν
796 644 892 697 καὶ
917 646 1014 709 τὰς
1061 648 1243 711 αἰτίας
1273 648 1383 701 τῶν
1433 648 1710 717 δυσχερῶν

167 729 326 797 σφίσιν
351 730 569 798 ἐπάγων
590 731 670 801 τῷ
702 735 934 802 βασιλεῖ,
979 737 1128 801 ὅπως
1159 755 1215 791 τε
1246 739 1459 807 γένοιτο
1481 741 1581 806 τὴν
1607 739 1709 809 ἀρ-

166 822 251 892 χὴν
277 824 365 877 καὶ
392 825 541 889 ὅπως
593 831 841 901 τραφειή¹
860 831 1289 902 διεξερχόμενος,
1349 835 1444 886 καὶ
1470 832 1546 896 ὡς
1587 833 1713 886 πολ-

166 916 259 979 λοῖς
282 917 555 985 διαγέγονε
582 924 698 985 τοῖς
728 923 832 992 μιν
861 925 1192 996 συμμαχῶν,
1227 928 1343 989 τοῖς
1371 925 1420 979 δ’
1452 921 1519 980 αὖ
1547 925 1710 978 πολεο
1739 904 1751 932 ³

78 1038 85 1047 -
169 1007 288 1074 μῶν,
313 1009 403 1061 καὶ
427 1009 574 1073 ὅπως
595 1010 769 1082 τύχης
799 1016 939 1086 ῥοπῇ
980 1018 1074 1068 καὶ
1110 1017 1351 1087 διηνεκεῖ
1379 1018 1609 1090 ἀσχολίᾳ
1628 1015 1714 1083 οἷς

170 1099 255 1166 μὲν
277 1105 646 1173 συμμαχήσων
675 1107 956 1178 ἐπισταίη,
982 1109 1044 1161 οὐ
1072 1109 1258 1176 σφίσιν
1284 1111 1467 1173 αὐτοῖς
1482 1113 1711 1182 παρεῖχε

165 1193 250 1258 τῆς
275 1193 651 1264 μετακλήσεως
682 1196 1023 1266 μέμψασθαι.
1059 1193 1137 1252 ὧν
1159 1198 1205 1250 δ’
1254 1198 1551 1268 ἀποσταίη.
1596 1202 1715 1269 μοι·

168 1301 251 1353 ραν
271 1286 326 1338 οὐ
351 1286 453 1354 τὴν
487 1289 762 1357 τυχοῦσαν
803 1291 1061 1362 βοηθείας
1101 1294 1275 1347 ἐδόκει
1305 1297 1711 1365 προσαᾳαιρεῖ-

169 1378 289 1432 σθαι.
316 1378 523 1451 Διεξῄει
550 1382 608 1435 δὲ
644 1382 739 1437 καὶ
766 1386 830 1440 τὰ
874 1386 1017 1440 κατὰ
1046 1387 1144 1458 τὴν
1175 1388 1446 1445 Σικελίαν.
1482 1392 1578 1442 καὶ
1628 1390 1713 1443 ὅτι

170 1470 282 1539 μεεά
305 1473 514 1543 χρόνιον
558 1476 795 1547 πόλεμον
842 1480 1070 1551 εἰρήνης
1110 1484 1224 1543 τοῖς
1252 1483 1371 1535 ἐκεῖ
1423 1482 1710 1553 ξυμϐἀσης

163 1567 301 1629 αὐτὸς
336 1568 643 1638 εἰθισμένον
682 1572 825 1641 εχων
879 1574 1136 1643 μελέταις
1166 1575 1513 1645 ἀσχολεῖσθαι
1553 1576 1712 1630 πολε-

161 1662 323 1728 μικαῖς
352 1660 570 1731 πέμψαι
594 1679 655 1716 τε
686 1665 822 1734 πρὸς
851 1664 1097 1735 βασιλέα,
1127 1667 1223 1720 καὶ
1250 1667 1603 1736 προσαμῦναι
1644 1669 1709 1738 τῇ

157 1751 292 1823 χώρᾳ
335 1753 523 1810 τούτου
556 1758 973 1831 κινδυνευούσῃ.
1032 1761 1082 1813 εί
1114 1761 1211 1813 καὶ
1242 1761 1406 1823 αὐτὸς
1446 1760 1708 1830 βούλοιτο.

157 1845 334 1916 ἀξιοὲη,
362 1849 454 1953 καὶ
484 1849 669 1919 μέντοι
695 1867 760 1919 γε
799 1853 891 1906 καὶ
911 1852 1127 1924 δεχθείη
1162 1853 1381 1915 αὐτίκα,
1406 1853 1502 1907 καὶ
1528 1869 1711 1925 γραμτ⁹
1743 1900 1788 1953 Β

162 1936 323 2005 μάτων
348 1936 552 2003 ἀξιοῖτο
586 1939 886 2009 βασιλικῶν
916 1943 1082 2014 κῆδος
1110 1943 1489 2016 βραϐευόντων
1517 1946 1582 1997 ὲκ
1601 1944 1712 1997 τῶν

159 2031 275 2103 πρὸς
320 2033 555 2104 αἵματος
603 2036 697 2088 καὶ
738 2035 913 2090 τὸτοῦ
958 2038 1201 2108 μεγάλου
1243 2037 1441 2101 ὁουκῆς
1473 2037 1713 2108 ἀξίωμα.

160 2126 426 2179 κάντεῦθεν
452 2126 571 2195 deos
596 2128 812 2198 ὀλίγους
844 2129 878 2200 ἢ
908 2131 1067 2193 ὅσους
1102 2133 1457 2200 μετεκαλεῖτο
1484 2131 1716 2201 γράφων

160 2217 193 2271 ἀ
213 2216 472 2285 βασιλεὺς,
498 2223 594 2273 καὶ
648 2221 821 2275 πολλά
862 2222 961 2292 μὲν
989 2222 1153 2276 πάθοι
1184 2224 1305 2275 κατ’
1334 2221 1621 2293 ἀνατολὴν,
1666 2222 1716 2274 εί

163 2313 237 2363 καὶ
260 2312 330 2382 μὴ
361 2313 599 2384 Πέρσαις
628 2315 977 2370 συσταλετσιν
1003 2315 1070 2370 ὲκ
1119 2316 1274 2381 δέους
1295 2358 1309 2382 ,
1345 2317 1458 2370 ἀλλ’
1506 2312 1601 2370 οὖν
1637 2315 1716 2387 τῷ

160 2506 298 2547 suum
327 2493 409 2549 ad
446 2503 628 2553 terras
660 2498 879 2567 imper-ii
923 2501 1216 2570 appulsum
1265 2500 1490 2556 sinistre
1530 2502 1715 2558 conti-

159 2582 361 2651 gissent,
399 2584 456 2640 in
491 2585 879 2655 imperatorem
929 2592 1230 2647 conferret.
1263 2591 1507 2648 Exorsus
1549 2595 1715 2649 nimi-

160 2688 264 2727 rIm
288 2676 355 2731 ab
392 2677 585 2734 ultima
613 2682 865 2750 pueritiae
896 2683 1184 2748 memoria,
1220 2700 1384 2753 quam
1426 2686 1592 2742 claris
1618 2703 1718 2741 nar

161 2766 363 2833 talibus,
397 2786 566 2842 quam
598 2774 886 2844 splendide
931 2777 1128 2834 fuisset
1176 2779 1445 2835 educatus
1478 2780 1715 2849 gloriose

156 2858 381 2927 iactavit.
432 2862 575 2920 Tum
611 2866 696 2924 his
746 2883 857 2924 non
902 2872 1086 2926 minus
1117 2880 1443 2943 arroganter
1481 2875 1719 2929 attexuit

162 2964 210 3007 ut
244 2969 658 3025 perseveranter
709 2963 852 3027 apud
891 2964 1097 3021 multos
1144 2964 1469 3036 fortiterque
1516 2968 1718 3036 perstio

161 3050 291 3112 terit,
327 3050 427 3108 bos
450 3052 598 3109 bello
624 3054 923 3125 adiuvans,
972 3058 1099 3114 illos
1133 3075 1491 3131 oppugnaris;
1527 3069 1588 3115 ut
1619 3077 1718 3133 per

160 3156 334 3199 carnes
387 3144 622 3204 fortunae
654 3152 971 3215 varietates,
1014 3154 1378 3224 occupatione
1428 3155 1713 3222 continua,

1814 652 2000 716 ναίους
2025 654 2244 725 ἄνδρας,
2285 650 2330 724 ᾧ
2366 658 2458 711 καὶ
2495 656 2572 720 ὡς
2604 658 2887 730 ἀντιπάλῳ
2922 657 3138 729 ἐπέχειν
3180 658 3396 730 ὀρμῴη,

1815 747 1911 800 καὶ
1942 746 2031 820 [Ρ.
2055 747 2184 822 556]
2202 749 2275 812 ὡς
2292 751 2351 803 ὲν
2376 750 2641 819 ὑπηκόοις
2671 751 2936 821 βασιλέως
2961 751 3315 821 λογιζομένου
3338 753 3402 806 τδ

1816 840 1984 894 πάλαι
2011 842 2104 895 καὶ
2155 843 2561 915 ἀφηνιάσᾱντος
2593 845 2717 918 ἢδη,
2752 846 2860 899 τῶν
2893 846 3028 917 πρὸς
3055 847 3262 899 ἀκεῖνον
3324 845 3401 917 μὴ

1813 932 2062 1003 ἀφειδοιη
2082 933 2330 1003 ἀγώνων.
2359 937 2468 990 Καὶ
2487 936 2640 1001 τέλος
2670 937 2840 991 ἐλθὼν
2863 937 2923 990 τὸ
2947 938 3187 1008 πόλισμα
3214 955 3400 1008 παραυ

1816 1026 2140 1094 στήσασθαι,
2194 1024 2479 1097 βασιλικὰς
2509 1029 2823 1101 ἒξεπίτηδες
2872 1028 3262 1095 διακωλύοντος
3299 1029 3402 1100 τὴν

1815 1119 2164 1187 παράστασιν
2194 1118 2407 1185 δέξαιτο
2454 1121 2724 1185 συλλαϐὰς
2748 1161 2765 1187 ,
2826 1120 3261 1186 ὲπισπευδούσας
3300 1123 3403 1189 τὴν

1812 1207 1909 1261 τοῦ
1958 1208 2358 1280 Ἑλλησπόντου
2393 1212 2809 1284 διαπεραίωσιν,
2840 1215 2915 1279 ὡς
2939 1215 3138 1268 αὐτίκα
3161 1214 3399 1284 ἑτοίμων

1814 1300 1986 1354 ὄντων
2017 1303 2113 1354 καὶ
2135 1303 2322 1356 ἳππων
2347 1305 2442 1358 καὶ
2490 1305 2674 1377 πάσης
2699 1306 2947 1376 δαπάνης
2976 1310 3070 1360 καὶ
3101 1306 3397 1377 μισθωμά-

1813 1408 1946 1460 των,
1973 1393 2058 1463 ἐφ’
2081 1387 2129 1463 ᾧ
2155 1396 2248 1449 ἐπὶ
2275 1396 2491 1461 Μυσίας
2523 1400 2673 1471 πρὸς
2708 1399 2932 1470 βασιλέα
2962 1399 3183 1470 Μιχαὴλ
3219 1417 3400 1471 παρα-

1813 1485 2059 1551 γένοιντο
2087 1487 2255 1558 μηδὲν
2292 1494 2800 1561 προσαργήσαντες.
2848 1493 2991 1546 οιδι
3026 1494 3123 1546 καὶ
3151 1509 3399 1562 περαιω-

1815 1576 1960 1633 Θεῐεν
1994 1579 2340 1646 ἐπιστάντες,
2373 1582 2603 1636 καὶτῶν
2636 1583 3009 1655 μισθωμάτων
3043 1585 3403 1656 ὑπερτιθεμέ-

1814 1688 1924 1723 νων
1974 1672 2043 1725 τά
2106 1673 2201 1727 καὶ
2248 1676 2317 1729 τὰ
2374 1675 2665 1747 πράξειαν.
2726 1678 2840 1731 Καὶ
2898 1676 3077 1731 ταῦτα
3134 1678 3310 1746 λέγων
3371 1680 3401 1730 ὁ

1819 1760 2094 1834 βάρϐαρος
2117 1769 2401 1837 προσῆπτε
2435 1768 2533 1832 τὰς
2556 1769 2736 1833 αἰτίας
2760 1770 2839 1840 τῷ
2861 1769 3075 1840 βασιλεῖ
3091 1768 3169 1834 ὡς
3188 1771 3400 1823 ἐκεῖθεν

1815 1853 1876 1906 τὸ
1908 1855 2017 1908 πᾶν
2048 1856 2331 1912 παθόντων
2380 1859 2627 1923 ἐκείνων,
2669 1859 3103 1930 σοϐαρευόμενος
3145 1860 3239 1912 ἐπὶ
3274 1858 3396 1913 τούς

1814 1960 1937 2008 τοις
1957 1946 2051 1998 καὶ
2087 1949 2599 2027 σεμνοποιούμενος,
2633 1949 2689 2003 εί
2713 1950 2768 2003 τί
2786 1967 2891 2004 που
2920 1949 3015 2005 καὶ
3041 1950 3232 2021 γέγονε
3273 1952 3409 2005 δυσ-

1815 2038 1997 2106 χερὲς,
2047 2040 2125 2103 είς
2181 2041 2362 2094 αἰτίαν
2394 2041 2616 2111 ἀνάγων
2663 2044 2999 2116 εὐσχήμονα,
3038 2047 3134 2099 καὶ
3196 2038 3273 2098 ὧν
3301 2045 3400 2114 τὴν

1815 2127 2001 2182 αἰτίαν
2049 2129 2346 2201 εἰλήφεσαν
2385 2133 2581 2188 Ἰταλοὶ
2622 2134 2681 2201 ἐξ
2725 2133 3060 2204 ἀλαστορίας
3110 2134 3399 2206 συνήθους.

1816 2220 1897 2283 είς
1930 2219 2031 2292 τὴν
2063 2222 2173 2275 ἀπὸ
2207 2222 2473 2293 βασιλέως
2511 2226 2786 2297 πρόφασιν
2827 2225 3172 2296 μεταφέρων.
3200 2226 3296 2279 καὶ
3325 2226 3405 2279 δι-

1817 2312 1981 2375 καίας
2009 2314 2135 2377 τοὺς
2177 2315 2577 2388 εἰργασμένους
2627 2316 2880 2372 ἀπολύων
2916 2317 3202 2390 μέμψεως.
3238 2318 3403 2381 Τέλος

1820 2505 2033 2553 teneret
2077 2498 2322 2555 cinctura
2360 2501 2485 2557 sine
2525 2516 2621 2571 spe
2680 2516 2746 2557 ac
2784 2502 3050 2559 facultate
3110 2504 3402 2565 evadendi,

1812 2590 2035 2661 jussum
2085 2605 2145 2644 se
2175 2590 2519 2648 instantibus
2564 2601 2729 2662 atque
2758 2593 3177 2665 increpantibus
3219 2608 3403 2649 moras

1819 2682 2196 2753 imperatoriis
2257 2684 2492 2749 litteris,
2546 2682 2787 2740 factione
2848 2684 3149 2741 faventium
3211 2684 3405 2740 rebelli

1819 2777 2124 2853 extvressis,
2168 2779 2388 2835 cunctis
2437 2780 2624 2835 statim
2668 2781 2781 2836 illic
2825 2782 3050 2836 omissis
3082 2779 3406 2851 lleileSpon.

1820 2881 1937 2926 tum
1973 2869 2254 2941 trajicere.
2291 2870 2467 2944 Cujus
2512 2875 2748 2931 adversa
2791 2874 2845 2931 in
2896 2890 2992 2931 ora
3030 2876 3207 2946 parati
3256 2882 3407 2931 stare

1822 2963 2143 3019 ferebantur
2173 2964 2239 3019 ad
2278 2983 2443 3021 usum
2485 2976 2757 3033 nostrum,
2801 2969 2965 3022 simul
2998 2968 3128 3023 illuc
3159 2968 3407 3038 appulis-

1821 3072 2030 3124 semus,
2057 3060 2206 3128 equi,
2238 3070 2582 3116 commeatus
2617 3070 2672 3116 et
2716 3062 2962 3130 pecuniae
3003 3061 3407 3131 stipendiorum

1823 3154 2051 3208 nomine
2079 3154 2297 3220 debitas,
2332 3164 2391 3209 ut
2427 3156 2497 3211 iis
2521 3155 2779 3211 instructi
2810 3157 3080 3211 continuo
3110 3158 3407 3227 progrede-

160 3233 216 3289 iis
250 3237 463 3305 quidem
507 3242 600 3311 qui
635 3258 693 3299 se
723 3244 779 3298 iu
807 3245 1076 3299 auxilium
1112 3248 1485 3316 periclitantes
1529 3262 1719 3304 accer-
1748 3251 1791 3310 ο
1824 3255 2012 3296 remur
2044 3242 2111 3297 ad
2150 3242 2471 3300 Micltaclem
2502 3244 2780 3314 iuniorem
2824 3247 3133 3318 Augustum
3184 3249 3234 3301 ei
3270 3262 3415 3317 ope--~

159 3332 362 3397 sissent,
389 3338 691 3405 paenitendi
716 3354 939 3396 causam
979 3342 1052 3396 ob
1082 3356 1142 3395 se
1175 3351 1432 3399 vocatum
1479 3359 1586 3398 non
1620 3347 1716 3399 de-

157 3426 321 3495 derit;
374 3441 569 3487 contra
622 3448 755 3489 vero
808 3434 879 3491 iis
936 3451 967 3489 a
1029 3437 1233 3505 quibus
1286 3438 1362 3492 sit
1409 3437 1719 3509 digressus,

158 3537 300 3589 quam
327 3523 521 3593 ingens
550 3527 635 3580 sui
672 3527 957 3597 reliquerit
998 3529 1362 3595 desiderium,
1398 3540 1718 3602 quantoque

159 3614 220 3668 illi
248 3618 496 3685 praesidio
541 3633 603 3673 sc
633 3620 870 3674 nudatos
902 3620 1024 3684 eius
1074 3620 1338 3677 abscessu:
1374 3622 1716 3694 experiendo

160 3709 618 3781 mmparandoqne
662 3721 850 3781 postea
903 3714 1204 3769 senserint.
1256 3713 1538 3771 Processit
1588 3714 1719 3771 hinc

161 3807 215 3853 ad
244 3819 339 3858 sua
392 3805 446 3857 in
500 3806 690 3859 Sicilia
742 3815 917 3875 gesta,
953 3822 1268 3865 memorans
1303 3808 1468 3879 longo
1507 3824 1567 3865 se
1607 3809 1720 3865 illic

161 3894 491 3959 perfunctum
523 3896 691 3960 bello,
733 3897 824 3951 ubi
859 3897 1057 3952 deinde
1088 3898 1231 3953 inter
1261 3899 1443 3968 capita
1474 3900 1718 3967 partium

160 3986 215 4039 de
237 4003 364 4055 pace
389 3998 724 4045 conventum
758 3990 975 4053 fuisset,
1010 3990 1190 4060 ipsum
1221 3991 1596 4060 impatientem
1622 3994 1719 4046 otii

160 4078 296 4151 5n
324 4083 696 4152 laborumque
729 4082 1055 4137 militarium
1093 4091 1373 4138 amantem
1405 4083 1625 4139 misisse
1650 4083 1720 4138 ad

161 4173 526 4244 imperatorem
559 4184 930 4248 oppugnatum
973 4190 1004 4231 a
1045 4173 1328 4243 Barbaris,
1369 4176 1719 4232 ostendisse-

161 4282 248 4338 que
274 4284 331 4322 se
366 4278 616 4338 paratum
650 4271 716 4323 ad
751 4269 1081 4325 veniendum
1110 4270 1160 4325 ci
1191 4284 1317 4323 cum
1349 4268 1527 4323 valida
1552 4284 1718 4324 manu

162 4362 437 4428 suppetias.
488 4361 792 4417 Adtnisisse
825 4361 1008 4417 oblata
1061 4360 1259 4431 cupide
1294 4362 1630 4431 Augustum,
1665 4371 1722 4417 et

162 4446 337 4510 litteris
370 4432 1037 4523 properanter'rcmissis
1065 4453 1330 4509 invitasse
1362 4451 1429 4508 ad
1470 4468 1553 4515 se,
1587 4468 1719 4524 pro-

164 4543 326 4599 missis
353 4545 664 4601 honoribus
706 4545 901 4617 quales
950 4544 1154 4601 deferri
1190 4546 1429 4616 propriis
1479 4561 1722 4601 consan-

166 4637 360 4700 guineis
389 4641 633 4703 solerent
667 4647 723 4694 et
756 4639 1027 4706 dignitate
1053 4639 1216 4693 ducis
1246 4640 1451 4709 magni.
1491 4638 1618 4695 Haec
1661 4657 1722 4696 se

165 4733 515 4794 act-aptantem
543 4727 904 4797 rescripsisse
937 4727 1235 4783 ducturum
1265 4744 1325 4785 se
1354 4745 1587 4800 parvum
1622 4742 1721 4786 aut

168 4817 371 4873 multum
403 4837 690 4875 munerum
738 4820 1002 4889 militum,
1036 4829 1201 4891 prout
1249 4824 1532 4892 Augustus
1581 4840 1723 4894 pne-

170 4913 457 4983 scripsisset
489 4932 504 4969 :
540 4932 606 4970 ex
643 4932 753 4985 quo
792 4924 974 4972 autem
1002 4919 1160 4987 juxta
1192 4919 1514 4973 condictum
1543 4935 1719 4990 appu-

171 4998 323 5070 lisset,
346 5021 671 5077 aggressum
710 5022 768 5061 se
795 5006 1055 5077 opitulari
1091 5009 1366 5064 laboranti
1419 5007 1587 5071 Asiae,
1624 5027 1724 5066 ex-

171 5106 320 5156 trema
368 5102 514 5157 bello
565 5101 897 5157 difﬁcillimo
952 5117 1309 5172 perpessum,
1359 5112 1473 5158 tum
1534 5105 1723 5161 Persis

175 5198 651 5268 coercendis,quos
692 5206 841 5253 metu
886 5212 1168 5252 armorum
1221 5213 1449 5252 suormu
1493 5206 1721 5254 contra-

175 5283 284 5343 here
313 5307 426 5347 sese
453 5308 519 5345 ac
552 5293 832 5347 licentiam
870 5293 1140 5362 evagandi
1190 5292 1424 5346 frtenare
1454 5293 1735 5360 coegerit,

176 5385 272 5437 tum
315 5387 607 5454 Attaleota,
669 5387 990 5457 imperatori
1047 5386 1301 5456 subjecto
1366 5384 1447 5440 illi
1498 5385 1722 5456 quidem

181 5471 307 5538 ﬁlim,
337 5480 425 5535 sed
482 5489 616 5534 tunc
669 5481 981 5547 rebellanti,
1025 5482 1361 5537 edomaudo.
1392 5480 1514 5546 Quo
1547 5480 1601 5533 in
1633 5496 1730 5534 nc-

183 5569 303 5636 gmio
340 5590 496 5645 quam
550 5574 687 5633 nulli
725 5591 905 5645 operae
952 5586 1048 5629 aut
1092 5575 1340 5645 periculo
1390 5575 1725 5644 pepercerit,

184 5669 591 5740 quotqualesque
614 5669 763 5725 viros
796 5667 1131 5725 fortissimos
1163 5654 1435 5735 amiserit,
1470 5668 1651 5722 adhuc
1673 5685 1733 5723 se

187 5767 463 5816 mterentem
488 5763 827 5826 meminisse,
848 5763 1143 5817 novissime
1161 5762 1393 5830 palmam
1447 5761 1571 5818 belli
1621 5759 1740 5825 ejus

187 5844 273 5910 iam
306 5867 459 5923 prope
504 5856 740 5912 confecti
793 5856 896 5911 sibi
949 5856 1019 5910 ab
1074 5857 1404 5925 imperatore
1448 5853 1516 5908 dc
1552 5856 1733 5908 maui-

192 5934 540 6004 ltusvxttirtam
579 5967 592 6006 :
629 5966 752 6007 cum
776 5951 921 6006 cuitu
942 5948 1273 6021 perduellem
1299 5958 1417 6004 arta
1444 5948 1732 6006 obsidione

1755 4616 1800 4665 η

1822 3348 1939 3389 ratu
1983 3335 2189 3401 daturi,
2224 3338 2367 3392 bello
2402 3338 2470 3392 ad
2510 3341 2659 3409 quod
2694 3350 2841 3394 stare
2896 3341 3219 3412 procinctus
3256 3340 3413 3397 dice-7

1821 3429 1985 3486 batur
2012 3442 2207 3487 contra
2234 3432 2461 3505 Mysiam
2491 3434 2755 3504 gerendo.
2788 3436 3039 3489 Addclmt
3064 3448 3123 3490 se
3160 3450 3224 3491 ac
3250 3451 3406 3504 suos,
3434 3490 3439 3493 _

1822 3524 1913 3580 ubi
1943 3525 2078 3580 nihil
2101 3528 2340 3582 cunctati
2370 3528 2743 3596 traiecissent,
2772 3528 2908 3582 nihil
2932 3543 3121 3582 eorum
3150 3536 3407 3600 paratum

1822 3617 2101 3675 invenisse
2130 3636 2252 3690 quze
2279 3620 2552 3687 promissa
2584 3619 2823 3673 fuerant.
2863 3620 3054 3691 Itaque
3105 3634 3232 3677 cum
3286 3622 3407 3676 sine

1823 3708 1931 3767 ﬁne
1982 3711 2415 3779 stipendiorum,
2460 3726 2695 3779 quorum
2745 3711 2866 3765 dies
2917 3710 3129 3781 pridem
3171 3710 3441 3771 exierat.,

1822 3804 2027 3859 solutio
2057 3804 2405 3860 elusioniims
2443 3802 2785 3870 diti‘errctur,
2818 3805 3153 3860 necessitate
3182 3808 3409 3860 adactos

1822 3898 2018 3953 ultima
2052 3913 2190 3951 suos
2218 3898 2421 3951 milites
2453 3898 2543 3950 illa
2575 3906 2628 3950 ct
2656 3896 2745 3950 illa
2773 3897 2975 3966 egisse,
3016 3913 3139 3968 quin
3171 3897 3410 3968 impera-

1821 3991 1947 4042 torii
2008 3989 2254 4043 solerent
2319 3986 2770 4043 invidiosissimis
2799 3986 2945 4056 apud
2999 4002 3134 4041 suos
3165 3988 3414 4058 querelis

1823 4082 2137 4137 traducere.
2173 4080 2328 4147 Quos
2372 4096 2438 4134 cx
2485 4094 2646 4150 atquo
2688 4089 2971 4134 aestimare
3002 4082 3291 4148 oportebat
3320 4081 3409 4135 cui

1822 4175 1984 4243 culpa
2014 4174 2216 4228 horum
2267 4173 2592 4244 imputanda
2639 4172 2734 4229 sit.
2774 4173 2831 4228 Si
2867 4172 3012 4228 enim
3058 4174 3208 4242 juste
3256 4171 3412 4228 arbiv

1826 4278 2061 4334 tremor,
2097 4269 2375 4337 reperient
2398 4274 2575 4322 totum
2625 4266 2954 4322 crimeu~ad
2987 4280 3085 4321 eos
3138 4265 3411 4336 pertinere

1822 4363 1920 4435 qui
1970 4360 2178 4417 milites
2226 4362 2395 4415 toties
2447 4360 2747 4429 promissa,
2816 4367 2927 4413 tam
2965 4357 3178 4426 pridem
3223 4355 3435 4411 debita-

1825 4453 2079 4510 mercede
2134 4452 2454 4507 frandantes
2504 4455 2557 4506 in
2605 4467 2727 4505 eam
2780 4459 3079 4520 egestatem
3130 4446 3414 4517 compule-

1828 4557 1978 4610 runt,
2019 4561 2145 4618 qnze
2195 4544 2356 4617 512
2400 4545 2687 4599 famelicos
2738 4550 2963 4617 cogeret
3008 4540 3191 4597 obviis
3236 4540 3443 4611 copiis.

1826 4639 2110 4707 rapieudis
2168 4653 2276 4692 non
2325 4638 2628 4692 abstinere.
2695 4636 2789 4691 Sic
2851 4635 3084 4704 loquens
3134 4632 3414 4691 Barbarus

1823 4748 1979 4787 reum
2023 4746 2285 4801 peragere
2334 4732 2721 4801 imperatorem
2773 4727 3083 4783 conabatur
3142 4729 3413 4785 scelerum

1823 4828 2073 4882 omnium
2111 4841 2234 4896 quae
2265 4825 2351 4881 sui
2390 4826 3128 4893 latronesperpetrasseut,
3167 4821 3427 4877 omnium

1825 4922 2156 4975 damnorum
2187 4933 2310 4989 quae
2343 4917 2491 4972 illata
2525 4917 2858 4971 miserrimis
2888 4925 3160 4970 tractuum
3196 4914 3421 4971 illorum

1827 5014 2067 5070 fuissent
2101 5012 2319 5067 incolis.
2349 5011 2495 5077 Quin
2528 5019 2583 5064 et
2606 5010 2798 5064 eadem
2827 5008 3169 5078 impudentia
3200 5005 3417 5075 jactan-

1835 5111 1924 5163 tiae
1957 5106 2202 5180 perrexit
2230 5105 2333 5161 sibi
2380 5105 2601 5173 quidem
2636 5118 2704 5158 ac
2733 5102 2853 5157 suis
2881 5117 3143 5171 arrogare
3193 5099 3413 5154 laudent

1834 5217 2053 5256 omnem
2082 5214 2343 5271 prospere
2380 5209 2689 5269 gestorum,
2721 5196 2882 5266 longe
2914 5209 3069 5251 vero.
3091 5195 3255 5263 plura
3295 5209 3418 5263 qua:

1837 5297 1978 5351 male
2009 5304 2395 5350 successerant
2417 5330 2432 5354 ,
2463 5300 2521 5346 et
2566 5289 2703 5345 illas
2736 5287 3087 5344 offensiones
3125 5285 3254 5342 belli
3286 5299 3419 5340 suc-

1834 5404 2139 5458 cessusque
2168 5387 2554 5451 barbarorum,
2607 5384 2771 5438 unice
2818 5380 3172 5451 imperatoris
3202 5379 3417 5447 impru,

1834 5486 2037 5537 demite
2080 5490 2183 5536 aut
2226 5478 2582 5549 parcitnonite
2628 5477 2894 5539 tribuere,
2926 5488 3034 5528 nou
3073 5470 3418 5544 argumentis

1837 5577 1890 5630 id
1931 5576 2021 5631 ille
2053 5576 2274 5644 quidem
2311 5572 2528 5627 idoneis
2555 5572 2844 5632 evincens.
2884 5567 2980 5623 sed
3010 5572 3278 5621 consueto
3307 5562 3415 5615 La-

1840 5670 1941 5723 tini
1979 5667 2198 5736 petieris
2239 5677 2292 5723 et
2331 5666 2474 5720 fastu
2515 5675 2569 5721 et
2615 5661 2905 5732 iniquitate
2948 5659 3003 5712 in
3039 5656 3286 5712 Grmcam
3321 5668 3435 5709 tta-.

1843 5762 2051 5818 tionem
2085 5775 2205 5812 cant
2251 5773 2487 5813 oncrans
2516 5753 2720 5811 invidia
2756 5766 2947 5806 eorum
2981 5763 3103 5818 quze
3137 5756 3421 5816 peccasset

1844 5852 1962 5922 ipse
1994 5866 2118 5905 cum
2144 5850 2281 5912 suis,
2308 5858 2358 5903 ct
2383 5861 2480 5901 eos
2506 5842 2862 5906 absolvendo,
2888 5854 2989 5895 nos
3016 5838 3418 5895 condemnatis.

1842 5946 1924 6001 Ad
1973 5954 2280 6002 extremum
2337 5939 2522 5999 intulit
2573 5955 2602 5994 a
2637 5952 2696 5994 sc
2744 5934 2881 5992 nihil
2922 5935 3106 5993 suisvc
3151 5934 3419 6007 iniuriosa
