3848 6556
476 404 584 466 563

1699 422 2025 482 GEORGII

2168 424 2266 483 Cll
2276 425 2495 484 YMER.
2513 424 2553 482 E
3623 432 3705 496 εει,

476 518 789 615 προσεξίοει
821 522 915 615 καὶ
961 523 1036 615 ti);
1079 524 1231 615 οὐδὲν
1284 526 1385 597 μὲν
1425 527 1578 583 αὐτοὶ
1627 530 1888 597 ἀδικοῖεν,
1924 535 2060 586 ἀπο·
2089 542 2133 594 Α
2168 535 2432 602 βασιλέως
2455 537 2675 609 Μιχαὴλ
2706 537 2892 602 δεδιὼς
2920 538 3265 607 ἐπεξίλευαιν
3294 541 3598 612 (ξγγέλλετο
3619 551 3707 615 γὰρ

480 607 826 680 στερούμενοι
844 612 899 664 δὲ
917 613 1024 667 τῶν
1048 614 1257 683 μισθῶν
1273 619 1651 690 ἀφαρπάζοιεν
1671 626 1788 679 κατ’
1811 627 2055 694 ἀνάγκην

476 699 577 769 τὴν
605 701 794 772 χώραν
825 704 1140 769 κακοῦντες.
1192 709 1296 762 Τὸν
1329 695 1514 780 μέντοι
1561 732 1625 782 γε
1688 715 1918 786 βασιλέα
1953 720 2057 772 Mt-

406 846 419 867 ,
477 791 619 864 χαὴλ
644 794 902 865 δυνάμεις
926 799 1059 870 περὶ
1087 801 1252 854 αὑτὸν
1278 802 1470 873 ἔχοντα
1504 808 1818 879 Ῥωμαϊκὰς
1839 811 2057 864 ἀκούειν

477 886 603 939 κατ’
632 886 810 941 αὐτῶν
848 890 985 944 ἰέναι
1027 892 1101 956 ὡς
1158 896 1492 954 ἀδικούντων
1536 900 1844 970 βούλεσθαι.
1880 896 1952 975 Ὦ
1992 903 2056 974 δὴ

476 980 569 1031 καὶ
598 979 686 1035 διὰ
706 982 829 1045 τοὺς
860 984 1059 1054 ὅρκους
1104 982 1186 1052 οἷς
1208 993 1347 1061 πρὸς
1385 995 1484 1064 τὴν
1521 994 1802 1063 βασιλείαν
1832 996 2055 1065 ἐπωμα-

476 1087 569 1135 τος
598 1066 688 1142 ἦν,
730 1074 823 1126 ἐπὶ
867 1076 1003 1130 πόδα
1033 1080 1128 1131 καὶ
1162 1081 1292 1149 γόνυ
1339 1087 1613 1155 χωρήσειν
1680 1089 1845 1159 μέχρι
1876 1090 1971 1143 καὶ
1999 1090 2056 1152 ὲς

472 1165 885 1236 τεσσαράκοντα
942 1168 1062 1241 ῐχνη
1104 1171 1445 1241 διεδεδαίου,
1505 1177 1824 1233 τούντεῦθεν
1869 1180 1925 1233 δὲ
1960 1180 2057 1233 καὶ

473 1254 624 1326 αὐτῷ
647 1256 909 1328 μελήσειν
926 1260 1025 1331 τῆς
1050 1265 1326 1334 σωτηρίας
1356 1268 1523 1321 αὐτοῦ
1542 1286 1600 1322 τε
1627 1271 1721 1324 καὶ
1748 1269 1856 1324 τῶν
1885 1271 2052 1326 ίδίων·

473 1350 578 1404 κᾶν
613 1352 774 1415 αὐτὸς
806 1355 1016 1420 πίπτοι,
1056 1360 1326 1423 πεσεῖται,
1380 1362 1483 1415 κᾶν
1513 1363 1740 1429 ἐκεῖνος,
1773 1365 1834 1417 τὸ
1865 1366 2057 1437 μόρσι·

475 1458 598 1509 μον.
624 1444 734 1501 Καὶ
758 1446 851 1507 τοῦ
877 1444 1064 1503 λοιποῦ
1091 1453 1166 1521 μὴ
1198 1453 1394 1522 χρῆναι
1429 1456 1572 1524 σφᾶς
1597 1457 1905 1525 φροντίζειν
1926 1460 2055 1530 περὶ

474 1533 688 1604 κυρίου,
723 1535 797 1599 ὡς
831 1537 1131 1607 ἀναγκαῖον
1164 1541 1224 1597 ὃν
1258 1544 1565 1615 ἀμύνεσθαι
1612 1548 1740 1612 τοὺς
1773 1548 2053 1620 ὑπάρξαν-

471 1646 595 1695 τας,
640 1635 733 1687 καὶ
774 1635 848 1705 μὴ
885 1636 1253 1706 καθυφεικότα
1298 1640 1401 1708 τῆς
1459 1641 1601 1713 ὑπὲρ
1646 1643 1747 1712 τῆς
1783 1643 2055 1712 σωτηρίας

474 1723 709 1795 σπουδῆς
736 1730 995 1794 ναυαγεῖν
1022 1732 1079 1783 ἐν
1102 1729 1299 1800 λιμένι.
1330 1728 1515 1784 Ταῦτα
1548 1734 1644 1787 καὶ
1656 1731 1863 1785 τοιαῦθ’
1891 1731 2054 1799 ἕτερα

472 1813 713 1887 κορύζης
754 1816 1019 1888 Ἰταλικῆς
1044 1820 1180 1874 πλέα
1206 1821 1696 1893 σοϐαριυσάμενος,
1726 1822 1797 1879 τὰ
1827 1825 1926 1894 μὲν
1946 1823 2056 1877 τῶν

484 1905 702 1962 Ἰταλῶν
726 1911 871 1965 κακᾶ
904 1913 1264 1984 παρατρέχων
1290 1915 1386 1969 καὶ
1406 1916 1487 1979 είς
1517 1916 1699 1980 αἰτίας
1727 1917 2055 1987 μεταφέρων

471 1998 747 2070 εὐλόγους,
779 2002 855 2066 ὡς
880 2003 1260 2075 ὑπελάμϐανε,
1312 2009 1382 2061 τα
1413 2008 1470 2062 δὲ
1493 2007 1602 2064 τῶν
1636 2008 1902 2079 βασιλέων
1930 2011 2062 2064 ὑπο-

471 2092 825 2161 κοριζόμενος
851 2096 1252 2168 ἀναισχύντως,
1279 2098 1484 2169 μᾶλλον
1513 2098 1696 2171 ἑαυτῷ
1727 2116 1787 2154 τε
1820 2102 1915 2154 καὶ
1947 2102 2062 2164 τοῖς

474 2184 628 2249 ἰδίοις
654 2185 880 2252 πιθανὸς
934 2189 967 2259 ῆ
1007 2193 1120 2253 τοῖς
1172 2190 1463 2246 ἀκούουσιν
1495 2191 1699 2257 ἔδοξεν.
1735 2192 1809 2244 Οὐ
1841 2191 2062 2253 πλείους

470 2275 531 2343 ἐξ
559 2279 767 2333 ἐκείνου
801 2280 908 2334 τῶν
935 2281 1067 2335 δέκα
1098 2282 1380 2352 παρῆλθον
1412 2283 1640 2354 ἡμέραι,
1666 2282 1763 2336 καὶ
1790 2282 1950 2351 γνοὺς
1980 2276 2062 2343 οἷς

470 2370 571 2425 οὐκ
610 2371 776 2443 ἐχρῆν
821 2374 999 2443 λόγοις
1034 2374 1381 2447 ἐξαμαρτὼν,
1413 2377 1445 2448 ἢ
1484 2378 1578 2430 καὶ
1610 2376 1709 2453 τὴν
1776 2375 1929 2446 παρὰ
1964 2373 2057 2431 τοῦ

472 2652 685 2708 actum,
742 2649 888 2717 quod
928 2648 1134 2717 injuste
1184 2648 1431 2705 fraudati
1495 2651 1794 2721 stipendiis
1834 2652 2058 2714 debitis.

472 2739 797 2810 redactique
830 2740 897 2795 ad
936 2741 1160 2807 incitas,
1199 2744 1342 2798 unde
1381 2744 1632 2805 viverent
1656 2760 1821 2800 manu
1855 2746 2059 2814 quiesi-

472 2832 686 2889 vissent
720 2873 734 2893 ,
769 2833 1076 2904 diripienda
1127 2837 1180 2891 in
1230 2851 1396 2905 quam
1446 2837 1622 2892 vocati
1683 2836 1923 2894 fuissent
1974 2854 2062 2893 re-

472 2926 655 2997 gione.
687 2926 895 2981 Audire
929 2943 987 2983 se
1024 2936 1205 2985 tamen
1239 2930 1562 2985 Michaelem
1597 2933 1907 3000 Augustum
1945 2930 2060 2985 Ro-

472 3035 669 3075 manas
691 3022 835 3077 circa
869 3038 928 3076 se
961 3023 1253 3079 habentem
1286 3024 1496 3091 copias,
1528 3025 1727 3079 minari
1753 3026 2058 3081 exercitum

472 3111 737 3168 infestum
786 3112 838 3167 in
879 3114 1030 3182 ipsos
1064 3113 1384 3169 immittere.
1423 3113 1563 3169 lluic
1597 3131 1751 3179 vero,
1797 3125 1856 3170 ut
1889 3115 2060 3183 impe~

2166 628 2258 679 καὶ
2287 627 2482 691 ταῦτα,
2510 628 2583 687 ὡς
2622 632 3007 703 στρατολογοίη
3042 634 3070 687 ὁ
3102 633 3381 703 βασιλεὺς,
3436 637 3536 689 κᾶν
3585 642 3708 706 παρὰ

2162 718 2255 769 τοῦ
2317 721 2526 790 πατρὸς
2578 724 2674 775 καὶ
2743 724 3012 792 βασιλέως
3072 727 3324 797 ἐπείχετο
3397 731 3705 797 γράφοντος),

2163 810 2420 878 πρύμναν
2456 814 2827 883 κρουσάμενος
2876 815 3034 880 αὖθις
3066 818 3375 888 γράμματα
3401 818 3573 891 πλήρη
3607 821 3709 873 anu.

2160 901 2309 963 λείας
2342 904 2626 971 πεπόμφει
2678 905 2815 975 πρὸς
2864 906 3114 977 βασιλέα,
3165 908 3593 976 ἀπολογούμενος
3631 912 3710 978 μὲν

2158 991 2331 1062 αὐτῷ.
2358 993 2413 1059 εί
2438 994 2490 1046 τί
2519 1011 2618 1047 πον
2643 995 2753 1064 ἄρα
2784 999 2878 1051 καὶ
2915 999 3288 1070 παρεξελέχθη
3316 1002 3513 1069 πικρὸν
3533 1002 3710 1053 καὶᾶλ-

2160 1086 2266 1149 λως
2296 1089 2544 1155 ἀπρεπὲς
2575 1088 2658 1159 [Ρ.
2689 1090 2818 1162 557]
2850 1094 2947 1159 τὴν
2970 1094 3077 1146 aut
3100 1094 3213 1146 τῶν
3245 1094 3464 1147 Ἰταλῶν
3491 1094 3707 1162 ἀνάγκην

2161 1180 2257 1232 καὶ
2288 1180 2379 1232 τὸν
2415 1181 2627 1235 ἐκεῖθεν
2659 1184 2904 1236 κίνδυνον
2928 1185 3333 1255 ὑπονοουμένῳ,
3363 1184 3523 1250 ἀξιῶν
3563 1186 3613 1239 δὲ
3639 1188 3711 1241 io—

2158 1270 2417 1334 γισασϐαι
2441 1274 2539 1342 μὲν
2570 1274 2661 1327 καὶ
2681 1276 2780 1345 τὴν
2809 1277 3160 1347 καινοτομίαν
3194 1277 3293 1347 τῆς
3351 1276 3528 1346 χώρας
3558 1276 3702 1344 ὁπόση

2161 1368 2610 1434 παρακατασχεῖν
2639 1367 2684 1420 δ’
2716 1368 2860 1436 ὑπὲρ
2889 1367 3093 1436 ταύτης
3131 1367 3329 1422 ὁπόσον
3362 1368 3458 1421 καὶ
3486 1366 3711 1436 βούλοιτο,

2160 1453 2293 1523 παρ’
2316 1453 2345 1506 ὃ
2374 1456 2468 1507 καὶ
2515 1456 2676 1525 μόνον
2701 1458 2762 1510 τὸ
2790 1458 2977 1511 λοιπὸν
3008 1459 3070 1524 ἒξ
3113 1452 3190 1513 ὧν
3220 1457 3476 1529 χιλιάδων
3502 1454 3714 1526 ἀπῄτουν

2165 1545 2392 1611 διδόναι,
2420 1546 2527 1603 κᾶν
2557 1548 2617 1602 οὐ
2641 1546 2737 1603 νῦν
2766 1550 2864 1612 τὰς
2901 1551 3109 1614 πάσας.
3148 1550 3265 1603 ἀλλ’
3299 1548 3393 1602 οὖν
3412 1548 3507 1608 τὰς
3528 1547 3712 1609 πλείους

2157 1638 2267 1690 τῶν
2289 1639 2427 1692 ὅλων
2450 1640 2717 1703 τέως,ὲπὶ
2744 1642 2801 1695 δὲ
2830 1642 2908 1711 τῷ
2927 1642 3173 1701 λείποντι
3204 1643 3287 1703 τίς
3315 1640 3539 1710 διωρίαν
3565 1656 3709 1709 προσ-

2158 1733 2419 1802 αναρτᾷν.
2452 1732 2514 1784 Ei
2540 1731 2585 1786 δ’
2614 1731 2729 1798 οὖν,
2754 1734 2873 1786 ἀλλ’
2908 1734 3072 1797 αὐτὸς
3110 1735 3212 1805 μὲν
3273 1731 3628 1801 ελεγεδοῦλος
3652 1726 3713 1783 εἷ-

2147 1838 2247 1875 ·ναι
2273 1822 2368 1875 καὶ
2383 1822 2545 1877 πάλιν
2575 1824 2672 1878 καὶ
2693 1826 2805 1889 τοίς
2837 1826 2918 1887 είς
2944 1827 3045 1894 τὴν
3060 1824 3351 1895 βασιλείαν
3376 1826 3550 1894 ὅρκοις
3574 1820 3713 1874 ὑπεύ-

2167 1912 2346 1975 θυνος.
2374 1912 2517 1982 ἔχειν
2543 1914 2598 1967 δὲ
2622 1916 2722 1989 καὶ
2751 1917 2852 1970 σὺν
2877 1916 3027 1987 αὐτῷ
3058 1917 3267 1986 χιλίους
3290 1917 3422 1975 τοὺς
3458 1913 3709 1976 εὐπειθεῖς,

2165 2005 2278 2065 τοῖς
2302 2004 2347 2076 δ’
2375 2005 2557 2070 ἄλλοις
2587 2006 2653 2060 ἂν
2681 2008 2833 2076 αὐτῷ
2950 2006 3264 2078 βουλομένῳ
3292 2007 3579 2077 μάχεσθαι,
3612 2005 3710 2055 ἐπεὶ

2167 2097 2441 2162 κάκείνοις
2472 2100 2677 2161 σκοπὸς
2708 2100 2741 2171 ἢ
2775 2098 3033 2153 λαϐοῦσιν
3061 2101 3297 2170 ἠρεμεῖν
3344 2100 3378 2167 ἢ
3424 2098 3494 2167 μὴ
3518 2095 3710 2149 λαδοῆσι

2165 2194 2264 2261 τὴν
2292 2192 2476 2264 χώραν
2496 2194 2890 2264 καταδραμεῖν,
2934 2197 3026 2248 καὶ
3054 2195 3220 2259 αὐτὸς
3258 2195 3481 2265 σύναμα
3498 2194 3605 2256 ταῖς
3632 2190 3710 2261 βα-

2168 2286 2403 2350 σιλικαῖς
2425 2287 2721 2363 δυνάμεσιν
2746 2288 3112 2348 ἐπιτίθεσθαι.

2163 2663 2249 2706 sto
2280 2650 2565 2716 Michaele,
2594 2651 2880 2721 impetum,
2910 2661 2969 2705 ut
2995 2650 3307 2715 dicebatur,
3332 2662 3456 2703 mox
3487 2646 3536 2700 in
3561 2643 3707 2714 ipsum

2161 2746 2382 2801 facturo
2416 2755 2473 2801 et
2507 2744 2575 2800 ad
2622 2745 2725 2800 hoc
2769 2745 3080 2800 exercitum
3121 2755 3363 2814 augente
3393 2742 3544 2796 nmis
3585 2738 3709 2793 dele-

2163 2840 2349 2895 ctibus
2381 2853 2704 2907 quanquam
2746 2839 2946 2893 litteris
2980 2839 3155 2908 patris
3195 2836 3267 2891 ab
3298 2851 3365 2892 eo
3398 2833 3612 2891 consilio
3637 2846 3705 2885 re-

2163 2932 2507 2987 trahebatur.
2559 2931 2693 2986 Utut
2736 2931 2834 2995 sit,
2892 2946 3079 2995 Cursu,
3119 2929 3266 3000 quod
3322 2929 3493 2994 aiunt,
3542 2923 3708 2978 reﬂexo

2161 3024 2497 3080 Rontzerius
2524 3025 2737 3080 litteras
2770 3025 2961 3095 plenas
2993 3023 3331 3079 humilitatis
3360 3038 3477 3078 cum
3509 3016 3707 3076 obnoxia

2162 3118 2517 3186 professione
2556 3116 2843 3172 servitutis
2888 3116 2956 3171 ad
2987 3119 3304 3186 Augustum
3356 3115 3614 3171 seniorem
3639 3110 3708 3161 de

471 3204 679 3260 ratoris
710 3204 821 3259 filio
850 3214 902 3259 et
929 3205 1145 3273 imperii
1174 3207 1443 3272 consorti,
1480 3208 1627 3262 scire
1662 3223 1784 3263 sese
1815 3223 1916 3262 nec
1941 3207 2057 3262 dis-
2088 3245 2130 3301 ε
2165 3208 2269 3275 dit,
2306 3225 2585 3264 excusans
2613 3208 2855 3265 sollicite
2887 3210 2931 3263 si
2963 3209 3096 3279 quid
3133 3210 3233 3279 ipsi
3264 3225 3397 3277 erga
3428 3206 3540 3276 ejus
3568 3201 3706 3270 majev

472 3297 744 3357 simulare
768 3297 896 3364 quid
932 3297 1179 3353 deberet.
1213 3299 1473 3368 Adeoque
1502 3309 1840 3369 perstantem
1869 3302 1921 3355 in
1955 3301 2060 3356 fide

474 3392 657 3447 debita
680 3392 881 3460 juratae
909 3391 983 3445 illi
1009 3391 1393 3461 subiectionis,
1431 3400 1682 3457 paratum
1719 3409 1842 3448 esse
1876 3395 2055 3462 ipsum

472 3485 730 3541 venerari
766 3484 1099 3555 procidendo
1130 3484 1196 3539 ad
1235 3485 1396 3554 pedes
1426 3485 1567 3540 flexo
1603 3497 1658 3540 et
1693 3487 1839 3541 humi
1881 3487 2059 3557 posito

473 3594 642 3650 genu,
670 3578 755 3633 vel
794 3593 972 3648 usque
1000 3577 1073 3642 ah
1096 3579 1528 3648 quadragesimo
1566 3581 1819 3649 vestigio.
1859 3580 1930 3636 De
1953 3597 2059 3634 oze-

475 3682 619 3737 tero,
654 3670 698 3725 si
736 3671 843 3724 vim
879 3670 1128 3736 inferret,
1163 3687 1226 3727 se
1262 3672 1406 3727 haud
1439 3682 1767 3728 cunctanter
1800 3675 2056 3744 repulsu-

471 3778 622 3826 rum,
678 3762 928 3834 nihilque
997 3766 1334 3823 omissurum
1372 3766 1516 3835 quod
1561 3783 1676 3822 sure
1732 3783 1795 3822 ac
1828 3783 2054 3822 suorum

474 3856 837 3928 expediendae
862 3859 1028 3913 saluti
1068 3859 1389 3915 necessario
1419 3860 1791 3915 adhibendum
1840 3861 2057 3915 videre-

473 3960 591 4008 tur.
640 3951 823 4006 Proelii
872 3966 1196 4007 successum
1229 3954 1285 4006 in
1335 3952 1504 4009 sortis
1530 3953 1764 4008 arbitrio
1796 3953 1912 4008 fore
1947 3971 1961 4007 :
1998 3971 2058 4008 se

473 4045 624 4102 enim
655 4054 716 4101 et
743 4046 944 4102 cadere
972 4047 1064 4101 tali
1096 4048 1405 4105 certamine
1439 4057 1718 4117 paratum,
1749 4057 1803 4105 et
1824 4046 2059 4114 quemli-

474 4137 570 4196 bet
614 4153 674 4195 se
717 4146 911 4192 contra
947 4137 1273 4196 inferentem
1304 4139 1577 4194 occidere.
1611 4138 1726 4194 Nec
1759 4140 1896 4194 velle
1925 4155 2058 4196 suos

473 4231 815 4302 augurandis
861 4232 1154 4287 eventibus
1211 4232 1481 4288 sollicitos
1523 4249 1646 4287 esse
1698 4232 1767 4287 de
1807 4233 2056 4287 domino.

472 4320 616 4376 Nam
646 4320 838 4375 talium
874 4336 1008 4378 cura
1037 4322 1172 4377 viris
1223 4321 1458 4377 fortibus
1491 4322 1543 4376 iu
1589 4322 1918 4377 discrimine
1965 4336 2059 4378 ne-

476 4413 731 4487 gligenda
788 4423 896 4478 est,
941 4430 1052 4471 uno
1102 4414 1385 4483 proposito
1428 4414 1739 4485 vigentibus
1784 4414 2059 4485 intrepide

475 4508 763 4580 pugnandi
814 4506 1230 4576 ulciscendique
1260 4521 1321 4561 se
1351 4522 1417 4561 ac
1449 4505 1734 4577 frangendi
1791 4507 2055 4561 intentam

2164 3310 2363 3356 Statem
2424 3303 2682 3357 acerbius
2741 3314 2835 3356 aut
2893 3301 3100 3372 alioqui
3136 3302 3322 3357 minus
3364 3303 3508 3356 dictu
3542 3309 3707 3352 conve-

2165 3393 2326 3447 niens
2372 3408 2584 3461 nupera
2640 3395 2910 3448 concione
2966 3394 3294 3449 excidisset.
3346 3392 3400 3446 Si
3454 3389 3573 3459 quid
3623 3385 3708 3440 tale

2162 3483 2326 3548 foret,
2368 3483 2476 3538 sibi
2512 3500 2730 3538 summa
2778 3484 2832 3539 vi
2860 3501 3215 3556 expressum,
3249 3484 3575 3541 necessitate
3597 3477 3709 3534 deli-

2164 3572 2352 3629 uiendi
2392 3574 2701 3630 concitatos
2746 3576 2800 3629 in
2865 3576 3199 3631 seditionem
3263 3576 3319 3630 in
3383 3589 3545 3644 seque
3598 3570 3708 3624 adeo

2165 3670 2344 3736 ilhIHII
2401 3667 2617 3721 irruere
2673 3668 2954 3724 hostiliter
3006 3681 3228 3741 paratos
3292 3670 3439 3724 feros
3488 3666 3706 3723 italorum

2162 3763 2400 3814 animos.
2435 3759 2510 3813 De
2542 3760 2764 3831 negotio
2811 3762 2931 3832 ipso
2964 3761 3340 3832 ﬂagitatorum
3377 3764 3445 3817 ab
3474 3760 3551 3815 his
3584 3766 3707 3811 tanto

2164 3856 2349 3910 furore
2405 3853 2831 3921 stipendiorum,
2891 3855 2973 3910 sic
3033 3870 3178 3910 nunc
3229 3856 3341 3911 sibi
3410 3852 3571 3909 videri
3615 3865 3703 3904 rem

2162 3963 2327 4017 posse
2400 3944 2619 4000 confici.
2674 3944 2962 4002 Aistimari
3029 3946 3227 4017 jubeat
3300 3948 3551 4015 majestzs
3611 3942 3706 4011 ejus

2162 4042 2366 4099 damna
2427 4055 2605 4110 nuper
2662 4040 2813 4093 illata
2886 4040 3097 4110 regioni
3164 4040 3368 4111 praedis
3431 4036 3706 4109 rapinisque

2161 4133 2572 4193 Catelanorum.
2606 4132 2737 4187 Eam
2780 4147 3057 4186 summam
3104 4131 3161 4185 in
3197 4130 3587 4202 stipendiorum
3634 4141 3705 4178 re-

2163 4239 2249 4282 tro
2309 4226 2622 4282 debitorum
2678 4234 2894 4296 partem
2953 4225 3227 4296 imputet,
3292 4239 3466 4294 eoque
3524 4217 3707 4275 nomine

2168 4318 2401 4375 retineat
2445 4332 2511 4371 ex
2558 4316 2668 4371 illis
2713 4331 2839 4388 qua:
2881 4326 3118 4387 poscunt
3170 4330 3521 4371 nummorum
3571 4309 3707 4367 milli-

2164 4412 2290 4473 bus,
2341 4423 2607 4480 quantum
2656 4425 2724 4465 ex
2770 4424 2929 4481 aequo
2961 4410 3258 4465 censuerit.
3312 4410 3588 4480 Reliquum
3633 4402 3709 4456 de-

2164 4504 2340 4559 bitum
2395 4512 2752 4574 repraesentet
2808 4504 2994 4570 modo,
3036 4504 3086 4560 si
3132 4518 3243 4559 non
3292 4512 3488 4568 totum,
3543 4498 3706 4555 saltem

475 4616 543 4656 ex
574 4601 807 4656 adverso
859 4600 989 4653 vim.
1026 4598 1221 4669 Itaque
1266 4613 1376 4653 non
1423 4597 1859 4662 committemus,
1891 4598 2061 4653 stulta
2093 4581 2139 4638 Ῑ)
2169 4612 2234 4651 ex
2285 4606 2437 4666 parte
2471 4596 2681 4667 majore
2711 4613 2727 4650 :
2758 4606 3013 4652 caeterum
3047 4596 3384 4652 solutionem
3425 4590 3704 4663 suspendat.

476 4695 679 4752 salutis
709 4694 1041 4764 objiciendze
1078 4694 1327 4763 periculo
1371 4692 1693 4758 formidine,
1739 4702 1797 4754 ut
1842 4692 2061 4763 injuria:

475 4789 912 4843 sucrumbentes
944 4787 1316 4856 servitutique
1364 4785 1555 4855 inique
1596 4786 1878 4854 nanciputi
1923 4803 2063 4843 nau-

476 4880 716 4951 fragium
771 4878 932 4949 513
975 4879 1030 4932 in
1078 4888 1238 4947 portu
1288 4877 1580 4932 faciamus.
1629 4876 1756 4931 Haec
1800 4888 1855 4932 et
1894 4879 2061 4949 hujus

474 4972 695 5041 generis
739 4971 897 5039 plura
940 4970 1088 5025 Italic
1121 4972 1282 5039 plana
1340 4968 1650 5024 insolentia:
1694 4969 2061 5026 licentissime

474 5064 787 5121 biaterabat
838 5062 1137 5128 barbarus,
1174 5062 1315 5117 ftcda
1349 5077 1577 5117 suorum
1627 5062 1947 5118 Latinorum
1978 5063 2055 5118 fa-

476 5156 670 5214 cinora
694 5155 988 5225 speciosis,
1020 5164 1080 5210 ut
1125 5156 1372 5224 putabat,
1416 5157 1663 5224 integens
1713 5155 2058 5218 obtentibus,

479 5265 572 5305 res
606 5250 1006 5319 imperatorum
1057 5258 1367 5304 extenuans
1404 5248 1830 5319 deprimensque
1880 5250 2060 5321 impu-

479 5341 700 5405 denter,
735 5342 830 5396 sed
860 5355 926 5394 eo
969 5339 1190 5399 dicendi
1225 5354 1513 5406 Successit,
1550 5349 1608 5393 ut
1648 5340 1751 5397 sibi
1786 5340 1963 5395 solum
1998 5356 2062 5395 ac

477 5434 618 5497 suis,
654 5434 789 5487 nulli
827 5443 1011 5488 autem
1048 5433 1283 5488 aliorum
1312 5435 1404 5502 qui
1433 5433 1712 5500 audirent,
1747 5432 2057 5504 probabilia

477 5524 630 5595 loqui
673 5526 747 5582 sit
798 5526 969 5580 visus.
1004 5523 1123 5581 Non
1170 5526 1358 5596 plures
1401 5528 1589 5582 decem
1635 5541 1703 5581 ex
1742 5526 1844 5581 hac
1872 5526 2054 5582 habita

478 5617 748 5672 concione
778 5617 900 5672 dies
928 5618 1273 5683 efﬂuxerant,
1306 5634 1430 5674 cum
1462 5619 1615 5674 visus
1637 5625 1724 5673 est
1754 5616 2061 5687 intelligere

480 5708 817 5764 Routzerius
851 5725 973 5764 sese
1007 5710 1148 5765 ultra
1177 5726 1343 5781 quam
1378 5712 1458 5765 fas
1490 5710 1636 5766 foret
1673 5710 1912 5766 dicendo
1938 5726 2065 5781 pro-

480 5815 721 5867 vectum,
751 5803 869 5857 sive
910 5802 962 5857 id
996 5804 1072 5858 illi
1101 5820 1201 5861 sua
1230 5804 1405 5874 ipsius
1438 5803 1730 5875 prudentia
1759 5805 2056 5874 suggessit,

482 5898 598 5960 sive
632 5898 791 5957 istam
818 5898 1107 5971 inspiravit
1136 5900 1517 5972 pq-nitentiam
1552 5908 1731 5957 metus
1772 5899 1845 5955 ab
1865 5899 2058 5975 Augu-

2166 4689 2478 4761 pollieendu
2525 4705 2584 4745 se
2634 4689 2689 4745 in
2724 4697 2972 4759 tempore
3003 4690 3382 4760 provisurum.
3417 4688 3543 4743 Sese
3585 4679 3708 4751 quod

2166 4785 2449 4846 attineret,
2481 4783 2679 4837 iterum
2715 4798 2780 4839 ex
2815 4783 2985 4839 animi
3021 4784 3109 4838 sui
3151 4784 3425 4839 sententia
3458 4778 3708 4835 verissimo

2170 4877 2368 4939 affectu
2410 4876 2654 4945 protiteri
2686 4876 2998 4946 subjectum
3032 4892 3093 4932 se
3123 4877 3401 4945 majestati
3434 4875 3544 4944 ejus
3574 4883 3698 4927 esse.

2166 4983 2230 5025 ac
2259 4983 2356 5036 pro
2380 4966 2755 5037 jurisjurandi
2790 4965 3058 5037 religione
3107 4961 3589 5035 obscquentissima
3628 4970 3707 5009 vo-

2166 5060 2378 5115 luntate
2432 5070 2800 5129 przeparatum
2858 5056 2928 5112 ad
2991 5057 3039 5112 ei
3091 5058 3465 5114 serviendum.
3527 5050 3708 5106 Habere

2166 5154 2327 5209 etiam
2356 5152 2458 5207 sibi
2485 5152 2621 5208 satis
2652 5152 2958 5222 morigeros
2992 5168 3022 5206 e
3053 5153 3172 5208 suis
3211 5151 3391 5217 mille;
3420 5162 3550 5218 quos
3579 5142 3620 5197 si
3649 5139 3708 5191 sit

2165 5260 2303 5315 opus
2330 5254 2385 5299 et
2409 5246 2708 5313 imperator
2735 5244 2946 5314 jubeat,
2979 5243 3146 5315 514
3178 5245 3382 5299 dueere
3404 5255 3501 5295 non
3524 5233 3707 5291 dubitet

2170 5339 2434 5399 adversus
2472 5338 2613 5394 alios
2661 5338 2717 5392 in
2760 5338 3108 5392 contumacia
3148 5344 3454 5407 perstantes
3480 5339 3529 5388 et
3552 5325 3705 5381 adhuc

2169 5429 2536 5486 vociferantes
2594 5445 2673 5496 se,
2725 5429 2773 5484 si
2825 5429 3117 5499 pecuniam
3147 5445 3312 5500 quam
3359 5433 3537 5498 petunt
3584 5412 3687 5470 θεοί

2170 5523 2345 5595 piant,
2379 5524 2691 5593 quieturos,
2722 5523 2807 5578 sin
2846 5522 3056 5591 minus,
3092 5523 3372 5594 regionem
3418 5520 3704 5572 incursuros

2171 5618 2469 5674 hostiliter.
2498 5619 2725 5672 Horum
2763 5617 2955 5673 ulcisci
3010 5618 3349 5690 proterviam
3398 5602 3704 5670 conserendo

2168 5727 2293 5766 cum
2337 5708 2424 5765 his
2483 5710 2670 5781 prndio
2729 5710 2783 5764 in
2820 5712 3006 5764 animo
3031 5711 3138 5766 sibi
3172 5727 3316 5777 esse,
3368 5707 3455 5762 ubi
3503 5706 3700 5758 suarum

2165 5817 2493 5863 eteterarum
2547 5805 2831 5875 copiarum
2880 5805 3137 5860 idonemn
3191 5804 3257 5860 ad
3303 5816 3449 5873 spem
3492 5787 3701 5853 νίειοτίίε

2166 5896 2476 5956 subsidium
2512 5897 2737 5969 adiungi
2766 5896 2869 5955 sibi
2908 5898 3189 5969 Augustus
3221 5891 3469 5969 jusserit.
