3848 6548
1175 302 1207 322 ..³

186 432 277 493 555

1059 438 1152 497 DE
1199 440 1640 519 Axnnomco
1674 422 2134 504 mneomoo
2161 444 2306 505 Lm.
2336 446 2429 507 vr.

3339 441 3449 500 {illi

188 542 262 597 ιδ’.
306 546 593 629 "gaudeam
650 546 747 629 καὶ
801 544 974 629 αὖθις
1024 549 1556 629 ςῶνηΚατελίξνων
1596 556 1744 623 πρὸς
1777 561 1819 613 Λ
1853 573 1987 624 γουν
2020 558 2163 612 κατά
2204 560 2311 614 τῶν
2334 558 2633 629 πολεμίων,
2673 557 2807 611 ἀλὶά
2854 555 2948 609 καὶ
2976 554 3126 609 πόλλ’
3176 557 3312 610 ἄττα
3344 557 3444 625 τὴν

337 616 604 679 ,ϐασιλέα
629 618 731 670 καὶ
772 619 877 673 τοῦ
904 620 1103 673 αὐτῶν
1130 620 1561 691 ἐξηγουμένου.

246 724 319 777 Τὰ
339 725 383 779 δ’
414 727 553 780 αὐτὰ
587 728 765 782 ταῦτα
794 731 890 783 καὶ
941 732 1247 787 Κατελάνοι
1303 736 1559 803 πρέσϐεις
1606 740 1741 807 προς

189 816 388 886 βασιλέα
416 821 565 886 τρεῖς
613 820 954 888 πέμψαντες,
992 825 1086 878 isti
1116 825 1309 898 διωρίᾳ
1342 829 1741 883 πεντεκαίδεκα

188 907 405 976 ἡμερῶν,
442 909 565 975 μετ’
599 908 685 981 [Ρ.
718 910 847 983 558]
897 914 1238 985 εὐσχήμονος
1285 920 1379 973 καὶ
1410 921 1615 989 τρόπου
1661 922 1739 994 τῷ

187 1000 339 1053 δοκεῖν
363 1003 453 1054 καὶ
492 1004 793 1083 προσῶπου
834 1006 1315 1076 διεπρεσϐεύοντοο
1360 1008 1442 1076 οἷς
1470 1014 1534 1084 δὴ
1567 1013 1741 1068 θέλων

191 1094 267 1145 tui.
293 1094 445 1155 αὐτὸς
480 1094 738 1163 βασιλεὺς
792 1099 884 1150 ὑπ’
931 1098 1052 1169 ὄψιν
1110 1102 1282 1155 θεῖναι
1316 1104 1384 1158 τὰ
1417 1107 1570 1174 σφίσι
1599 1124 1742 1179 πρα-

192 1182 381 1252 χθέντα,
412 1187 505 1238 καὶ
528 1186 699 1255 δεῖξαι
724 1188 797 1253 ὡς
822 1190 993 1244 πολλά
1025 1180 1141 1262 μὲν’
1172 1192 1334 1264 ἔσχον
1381 1199 1473 1250 καὶ
1496 1198 1743 1265 θέλοντος

190 1275 332 1330 αὐτού
356 1279 449 1331 καὶ
483 1278 559 1351 μὴ
583 1282 849 1349 θέλοντος,
869 1284 1024 1337 οὐδὲν
1053 1284 1098 1339 δ’
1121 1285 1364 1359 ἔπραξαν
1394 1289 1494 1343 ὅσα
1514 1291 1742 1359 μισθοῦς

191 1371 493 1438 ὲφέλκεσθαε
538 1372 819 1440 δύνανται,
877 1378 1041 1448 ἐνάτῃ
1100 1381 1334 1451 Κρονίου
1392 1384 1518 1445 τοὺς
1574 1385 1741 1449 ίδέους

191 1464 655 1535 συνεκκλησιάσας,
702 1469 993 1538 παρόντων
1039 1471 1139 1525 καὶ
1185 1472 1295 1525 τῶν
1335 1476 1435 1543 τῆς
1468 1476 1743 1541 πολιτείας

188 1555 446 1623 χρησίμων
475 1558 534 1609 ἐν
575 1559 763 1631 κοινῷ,
796 1563 891 1616 καὶ
915 1563 1076 1628 αὐτὸς
1108 1564 1286 1633 ἀρχῆς
1319 1564 1413 1617 ἀπ’
1450 1567 1629 1637 ἄκρης
1671 1566 1741 1621 τὰ

186 1647 287 1699 κατ’
318 1649 511 1712 αὐτοὺς
542 1651 768 1725 διεξῄει,
802 1656 927 1725 ἐμοὶ
953 1656 1140 1723 δοκεῖ,
1191 1657 1456 1728 ἀντίτομα
1493 1660 1589 1729 τῆς
1626 1661 1742 1713 ἐκεῖ

185 1739 495 1810 δημηγορίας
529 1748 1001 1818 συνεργαζόμενος
1044 1752 1328 1823 ἄντικρυς.
1375 1751 1589 1825 Διεξῄει
1632 1753 1740 1825 γὰρ

185 1832 261 1883 καὶ
303 1827 455 1895 οὗτος
487 1837 627 1905 πρὸς
663 1840 792 1903 τοὺς
847 1840 1110 1909 πρέσϐεις
1144 1842 1321 1910 λέγων
1368 1843 1606 1914 ἀρχῆθεν
1642 1845 1740 1916 τὴν
1790 1880 1795 1885 .

181 1922 270 1974 ἀπὺ
293 1924 389 1993 τῆς
421 1927 675 1993 Σικελίας
705 1931 797 1985 τοῦ
823 1933 1047 2000 ἄγοντος
1074 1936 1215 2001 σφᾶς
1250 1934 1498 2000 ἀξεωσιν,
1526 1938 1620 1988 καὶ
1644 1938 1745 2004 τὴν
1778 1918 1818 1973 Β

184 2015 326 2069 αξιτοῦ
354 2018 447 2071 ἐπὶ
470 2020 689 2085 τούτοις
720 2024 904 2078 νεῦσιν
928 2028 1023 2078 καὶ
1046 2027 1411 2098 πρόσκλησιν,
1452 2030 1547 2082 καὶ⁸
1576 2030 1656 2082 δτι
1682 2031 1744 2082 ού

182 2109 349 2171 simu;
382 2113 745 2180 μετεκαλεῖτο
795 2118 952 2180 ὅσους
982 2113 1052 2190 ἦν
1106 2119 1331 2186 ἀγαγὼν
1366 2121 1595 2185 ἐκεῖνος,
1652 2121 1747 2175 καὶ

187 2202 381 2270 ἀγαγὼν
412 2205 572 2275 ἠξίου
609 2209 745 2280 πρὸς
779 2212 972 2281 καιρὸν
1028 2212 1301 2282 δέχεσθαι,
1336 2213 1421 2267 ὅτι
1451 2231 1509 2267 τε
1541 2215 1745 2284 διαχει-

190 2297 481 2367 papilione;
508 2304 655 2355 κατὰ
689 2301 926 2367 Κύζικον
946 2304 1042 2358 καὶ
1071 2306 1127 2369 ἐς
1162 2306 1263 2377 ἔαρ
1290 2305 1390 2376 οὐχ
1413 2306 1563 2363 ὃπως
1581 2308 1744 2377 ἐνήρ-

186 2498 260 2552 l9.
292 2496 502 2569 Legario
526 2498 699 2555 altera
735 2500 1120 2584 (Zalelanorum
1146 2514 1194 2557 et
1226 2505 1377 2558 ducis
1409 2506 1647 2574 ipsorum
1678 2508 1747 2561 ad

761 2584 1154 2641 imperatorem.

243 2684 435 2740 Eadem
462 2700 628 2756 porro
663 2688 745 2743 vel
786 2689 871 2743 his
902 2688 1107 2745 similia
1145 2690 1403 2746 Catelani
1438 2701 1563 2762 post
1596 2708 1748 2748 sum-

190 2789 324 2848 ptum
357 2782 519 2850 quasi
563 2782 629 2835 ad
664 2780 1080 2838 deliberandum
1130 2785 1476 2840 intervallum
1512 2786 1749 2856 quinde-

188 2873 542 2936 cimdierum,
574 2877 740 2930 trium
783 2894 812 2933 e
844 2875 961 2932 suis
1007 2877 1285 2948 legatione
1331 2878 1399 2931 ad
1454 2878 1747 2949 imperato-

189 2981 284 3019 rem
324 2967 512 3032 missa,
551 2982 663 3022 non
711 2967 832 3023 sine
877 2969 1077 3024 decora
1113 2969 1303 3040 specie
1351 2970 1748 3026 submissionis

187 3058 564 3115 renerabunda:
594 3076 658 3115 ac
704 3063 1024 3130 compositae
1061 3050 1175 3133 jam
1227 3064 1427 3119 mentis
1478 3080 1751 3135 exposue-

183 3164 315 3209 runt.
346 3153 563 3220 Quibus
602 3155 792 3209 volens
840 3155 1141 3221 imperator
1196 3156 1267 3211 oh
1300 3158 1490 3212 oculos
1544 3174 1752 3227 ponere

181 3264 287 3317 eum
315 3248 600 3316 fecissent,
645 3258 702 3304 et
749 3249 1043 3304 ostendere
1098 3251 1332 3306 istorum
1384 3269 1505 3321 quae
1555 3269 1749 3323 posce-
1778 3283 1819 3338 ο

183 3351 291 3395 rent
318 3343 581 3413 pleraque
609 3343 721 3412 jam
763 3342 914 3412 ipsos
948 3343 1386 3411 praesumpsisse,
1428 3347 1629 3414 partim
1658 3363 1750 3402 vo-

183 3428 312 3483 lente
340 3432 537 3499 partim
573 3431 796 3485 uolente
828 3447 908 3493 se,
944 3431 1080 3486 nihil
1130 3447 1259 3487 vero
1294 3434 1347 3487 in
1388 3451 1543 3487 suum
1593 3438 1750 3492 obseo

182 3521 353 3591 quium
382 3524 560 3594 egisse
591 3525 840 3578 omnium
874 3542 997 3596 qua:
1030 3528 1311 3583 attrahere
1342 3529 1651 3585 mercedem
1692 3531 1747 3587 in

182 3615 385 3673 sedulos
432 3617 721 3673 ministros
755 3628 813 3672 ut
857 3634 1137 3676 merentes
1173 3630 1434 3691 possunt,
1485 3637 1627 3676 nona
1660 3624 1750 3677 die

183 3706 372 3763 mensis
403 3708 610 3768 Martii.
649 3712 998 3782 congregatis
1035 3712 1089 3766 in
1121 3723 1454 3768 conventum
1490 3714 1750 3785 palatinis

187 3799 552 3867 familiaribus,
584 3803 845 3859 adhibitis
882 3805 1049 3861 etiam
1088 3806 1280 3861 eodem
1318 3822 1347 3862 e
1395 3808 1599 3863 civium
1629 3824 1752 3863 cor-

186 3907 298 3960 pore
346 3910 581 3965 quorum
616 3898 711 3950 tali
768 3898 987 3966 negotio
1016 3901 1308 3968 praesentia
1342 3901 1494 3955 utilis
1535 3903 1754 3956 videre-

192 3996 290 4048 tur.
321 3988 437 4056 ipse
472 3988 601 4043 inde
633 4005 807 4060 usque
841 3990 910 4045 ab
938 3991 1128 4046 ultimo
1151 4006 1241 4047 res
1274 3992 1433 4045 initio
1468 4003 1747 4060 repetens,

187 4094 332 4147 super
361 4091 417 4136 et
444 4079 587 4136 actis
619 4090 673 4136 et
708 4083 1005 4153 postulatis
1037 4095 1091 4139 et
1123 4084 1336 4140 meritis
1361 4083 1749 4141 Catelanorum

186 4186 399 4227 exorsus
420 4184 505 4229 est
536 4174 740 4230 dicere.
793 4175 922 4230 Mihi
959 4177 1179 4232 videtur
1217 4187 1591 4249 opportunum
1633 4178 1754 4249 ejus

186 4266 432 4321 orationis
485 4283 758 4323 summam
792 4269 882 4324 hic
934 4271 990 4324 in
1046 4285 1221 4341 pauca
1284 4278 1623 4327 contractam
1655 4286 1753 4340 po-

187 4374 322 4414 nere.
378 4359 663 4430 Principio
713 4377 844 4431 ergo
892 4363 1026 4431 quid
1062 4363 1312 4419 scribens
1354 4380 1385 4418 e
1415 4363 1604 4419 Sicilia
1639 4364 1752 4418 dux

186 4468 353 4507 eorum
398 4455 644 4524 petierit.
694 4464 864 4525 utque
898 4458 1012 4524 ipse
1055 4471 1119 4513 ac
1165 4465 1443 4528 quatenus
1490 4456 1753 4512 annuerit

189 4550 460 4617 ipsumque
489 4549 791 4611 vocaverit.
818 4551 1167 4616 memoravit,
1202 4566 1537 4622 magnopere
1564 4552 1755 4604 obser-

1852 652 2036 721 χώραν
2070 655 2402 722 εἰργάσαντο
2437 652 2700 723 δυσχερῆ.
2738 646 2852 705 Εἶτ’
2886 649 3223 717 ὲπισυνῆπτε
3251 648 3347 701 καὶ
3372 647 3442 700 τά

1852 747 1977 798 κατ’
2009 745 2294 816 ἀνατολὴν,
2322 746 2415 798 καὶ
2446 744 2521 810 ὡς
2549 743 2701 797 πόλλ’
2733 743 2869 797 ἄττα
2897 743 2991 796 καὶ
3039 740 3191 794 δεινὰ
3224 741 3285 792 ού
3311 740 3440 801 τοὺς

1851 837 2101 906 ἐχθροὺς.
2154 836 2290 891 ἀλλὰ
2343 838 2472 900 τοὺς
2520 835 2828 905 Ῥωμαίους
2881 831 3273 888 διατεθείκασι.
3328 830 3441 883 Καὶ

1852 929 1949 981 νῦν
1987 930 2043 983 δὲ
2068 928 2586 997 διαπεραιωθέντες.
2626 928 2799 996 ἔλεγε,
2827 925 2980 980 πόλλ’
3009 925 3147 981 ἄττα
3184 923 3280 978 κοιῖ⁸
3302 924 3442 978 ἀτά-

1854 1022 2026 1075 σθαλα
2069 1022 2209 1077 κατὰ
2230 1022 2384 1075 δύσιν
2408 1020 2698 1092 πράξειαν,
2730 1012 2805 1075 ῶν
2827 1018 2979 1073 οὐδὲν
3011 1021 3075 1072 ἐκ
3100 1016 3195 1072 τοῦ
3224 1016 3434 1079 εἰκότος

1851 1114 2001 1184 αὑτῷ
2049 1116 2100 1169 οἱ
2140 1115 2379 1170 ἄπυστον
2413 1110 2575 1169 εἶναι.
2620 1111 2731 1181 Ἐξ,
2762 1107 2838 1167 ὧν
2896 1112 3100 1175 ἱκανῶς
3153 1110 3299 1185 ἔχειν
3327 1109 3439 1162 τῶν

1853 1207 2248 1278 μισοωμάτων.
2287 1208 2353 1279 ἧν
2382 1224 2465 1270 τις
2490 1206 2783 1275 λογίζοιτο,
2814 1207 2977 1275 σφᾶς,
3012 1204 3192 1275 Ἀπερ
3214 1202 3364 1267 ἄξιον
3381 1200 3442 1255 ὂν

1850 1300 2039 1364 δεινῶς
2064 1300 2344 1369 μετελθεῖν
2374 1301 2432 1353 οὗ
2469 1299 2735 1370 μετῆλθεν
2764 1299 2935 1369 ὅμως,
2982 1297 3119 1351 ἀλλά
3167 1298 3264 1350 καὶ
3303 1296 3437 1349 ἄλλα

1852 1396 2382 1466 προσφιλοτιμείται,
2409 1394 2503 1447 καὶ
2532 1393 2667 1463 πρὸς
2693 1392 2960 1463 ἀνατολὴν
2988 1392 3220 1461 πέμπει,
3250 1388 3463 1459 χώραν,

1852 1486 2054 1549 ἱκανῶς
2086 1486 2320 1558 ἔχουσαν
2366 1486 2509 1553 σφᾶς
2541 1485 2792 1555 τρέφειν.
2835 1472 3150 1538 Ἐκεῖνοιδὲ
3183 1480 3320 1537 ἀλλά
3349 1497 3443 1533 σου

1852 1577 2214 1649 ϐαρευόμενοι
2244 1576 2558 1641 ἀπειθοῦσι,
2605 1577 2700 1630 καὶ
2724 1576 2950 1647 προσέτι
2985 1573 3439 1644 προσαπειλοῦσι,

1853 1672 2019 1741 μηδὲν
2042 1671 2287 1741 ἀκριϐῶς
2314 1672 2516 1736 εἰδότες
2542 1674 2641 1743 τὴν
2669 1668 2952 1744 βασιλείαν
2996 1665 3290 1735 Ῥωμαίων
3313 1664 3441 1717 ὁπό-

1852 1780 1945 1815 σον
1981 1763 2155 1833 ίσχύει
2188 1766 2281 1817 καὶ
2302 1765 2377 1828 ὡς
2411 1764 2657 1828 εὐπετῶς
2687 1764 2801 1835 ἔχει
2827 1762 2923 1816 καὶ
2951 1761 3205 1831 τριήρεις
3227 1777 3440 1828 ναυπηο

1849 1855 2127 1925 γήσασθαι
2155 1857 2249 1910 καὶ
2273 1859 2542 1930 μαχηταῖς
2576 1856 3003 1929 ὲξαρτύσασθαι,
3026 1854 3194 1925 μηδὲν
3208 1853 3437 1923 δεομένη

1851 1951 2161 2023 συμμάχων
2196 1953 2444 2020 ἐκείνων,
2498 1953 2612 2009 ἀλλ’
2643 1954 2734 2006 ἐπὶ
2765 1953 3019 2007 τοσοῦτον
3050 1953 3147 2014 τάς
3175 1951 3440 2019 δυνάμεις

1850 2044 2179 2115 ἀποχρώσας
2230 2045 2429 2117 ἔχουσα
2477 2046 2615 2099 ὥστε
2649 2046 2909 2116 εὐμαρῶς
2962 2044 3107 2115 ἔχειν
3151 2044 3317 2113 φόϐον
3345 2043 3443 2096 καὶ

1850 2139 1963 2199 τοῖς
1996 2137 2216 2208 μακρὰν
2246 2137 2529 2208 ἐμϐαλεῖν,
2570 2136 2673 2192 κᾶν
2716 2138 2792 2208 τῷ
2818 2139 2955 2201 τέως
2983 2136 3175 2191 αἰτιῶν
3224 2134 3439 2189 πολλῶν

1849 2228 2248 2299 προσίστανται
2281 2231 2566 2302 ἁμαρτίαι.
2619 2230 2684 2285 Εἰ
2710 2228 2890 2284 τοίνυν
2929 2229 3189 2299 ἀγαπῷεν
3218 2225 3437 2297 λαμϐά-

1851 2339 2033 2386 νοντες
2069 2321 2138 2377 τὰ
2179 2321 2451 2393 διδόμενα.
2480 2322 2542 2375 Εἰ
2565 2322 2608 2374 δ’
2638 2318 2755 2387 οὖν,
2804 2324 2897 2374 xui.
2927 2321 3089 2375 αὑτὸν
3117 2319 3264 2391 ἔχειν
3295 2321 3442 2390 ἁμυιι

1851 2501 2243 2574 opinarentur,
2281 2502 2638 2561 vehementer
2671 2513 2938 2559 errarent.
2974 2505 3152 2572 Atque
3202 2502 3318 2558 haec
3358 2509 3441 2557 tot

1852 2596 1990 2651 locis
2014 2597 2084 2651 ab
2119 2596 2205 2653 his
2242 2582 2471 2651 corrasa
2512 2598 2556 2652 si
2591 2598 2715 2666 quis
2747 2596 3115 2651 aestimatione
3163 2596 3266 2651 rite
3301 2596 3466 2651 inita-

1850 2688 1905 2741 in
1940 2702 2214 2744 summam
2250 2688 2496 2757 colligat,
2537 2689 2779 2759 reperiet
2811 2688 2954 2743 haud
2990 2688 3154 2744 dubie
3193 2688 3313 2758 plus
3349 2705 3441 2743 sa-

1856 2782 1930 2835 tis
1956 2781 2070 2851 jam
2101 2797 2199 2838 eos
2228 2783 2632 2852 stipendiorum
2664 2798 2729 2838 ac
2768 2782 3092 2839 mercedum
3126 2782 3435 2851 accepisse.

1834 2870 1955 2931 'Uhi
1986 2891 2107 2929 rum
2141 2876 2462 2946 iudignandi
2494 2877 2647 2932 locus
2676 2888 2824 2934 esset
2846 2877 2990 2947 quod
3025 2892 3146 2947 qua:
3172 2866 3441 2939 violenth

1852 2969 2225 3025 extorsissent
2261 2969 2462 3024 iterum
2514 2972 2778 3025 seditiose
2814 2970 3216 3039 minaciterque
3275 2985 3441 3037 repo-
3484 3026 3493 3045 η

1852 3071 2097 3128 soerent,
2121 3062 2209 3118 bis
2233 3063 2288 3117 in
2315 3064 2505 3118 eodem
2537 3063 2702 3132 idque
2730 3060 3161 3116 intolerabiliter
3202 3076 3444 3133 peccan-

1853 3164 1959 3221 tes,
1991 3164 2174 3211 tamen
2204 3166 2465 3210 consueta
2492 3171 2552 3211 se
2583 3164 2827 3209 utentem
2864 3156 3110 3220 lenitate,
3136 3168 3245 3208 non
3277 3154 3459 3209 modo

1854 3259 2007 3318 rapta
2040 3263 2148 3303 non
2195 3260 2467 3319 repetere,
2514 3228 2609 3304 sed
2653 3264 2819 3319 super
2849 3250 2963 3303 haec
3000 3247 3201 3303 offerre
3227 3247 3435 3304 donum

1856 3339 2157 3411 gratuitum
2212 3341 2483 3410 pecuniaz,
2532 3342 2576 3397 si
2632 3357 2691 3397 se
2746 3340 2812 3394 ad
2847 3341 3169 3396 modestiam
3211 3358 3439 3413 COmpo-

1855 3442 2013 3500 nant,
2058 3434 2193 3505 ipsis
2232 3435 2607 3496 nunierandm.
2640 3435 3039 3505 assignareqne
3074 3438 3348 3505 regionem
3386 3438 3437 3491 in

1853 3542 1963 3596 qua
2007 3528 2299 3582 commode
2339 3530 2548 3593 vivant,
2598 3529 2839 3599 provisis
2884 3528 2994 3599 iam
3033 3544 3062 3582 a
3100 3544 3160 3584 se
3199 3531 3440 3600 copiosis

1854 3620 2158 3685 alimentis,
2207 3620 2263 3674 in
2308 3620 2581 3676 Orientali
2618 3622 2963 3688 continente,
3012 3638 3121 3692 quo
3172 3622 3439 3679 transfre-

1852 3720 1974 3767 tare
2002 3713 2154 3785 ipsos
2179 3714 2394 3783 jnbeat.
2427 3712 2571 3780 Quid
2606 3714 2674 3769 ad
2718 3715 2835 3770 haec
2874 3725 3056 3770 autem
3092 3714 3211 3770 illi?
3240 3714 3444 3786 Nempe

1854 3812 2121 3859 consueta
2157 3803 2394 3859 fremunt
2431 3803 2690 3868 audacia,
2725 3816 2779 3859 et
2822 3815 3190 3876 praeterquam
3245 3819 3440 3863 contu-

1855 3899 2090 3953 maciter
2149 3898 2474 3966 obsequium
2521 3898 2854 3963 detrectant,
2906 3900 3073 3955 etiam
3139 3901 3442 3959 insolenter

1857 3991 2054 4046 minari
2104 4006 2215 4045 non
2268 3999 2564 4055 verentur,
2620 4006 2730 4045 non
2785 4002 3103 4061 reputantes
3157 3996 3319 4063 quale
3377 4010 3460 4049 ac,
3529 4001 3537 4008 ‘

1855 4097 2019 4148 quam
2059 4090 2256 4151 potens
2301 4083 2375 4137 sit
2422 4081 2733 4136 Romanum
2768 4083 3083 4154 imperium,
3116 4101 3280 4154 quam
3334 4087 3438 4155 ipsi

1858 4172 2020 4231 facile
2066 4183 2122 4229 et
2167 4174 2421 4229 triremes
2476 4172 2753 4230 fabricare
2811 4183 2866 4230 et
2913 4174 3153 4232 fortibus
3212 4177 3436 4233 easdem

1857 4266 2138 4337 complere
2167 4267 2366 4339 copiis,
2401 4270 2592 4338 sicque
2622 4270 2917 4325 ostendere
2943 4285 3107 4339 quam
3143 4285 3249 4324 non
3282 4280 3438 4341 egeat

1857 4361 2081 4417 auxiliis
2105 4362 2390 4431 ipsorum;
2425 4363 2629 4433 quippe
2656 4363 2804 4433 quod
2838 4367 3047 4434 optimo
3078 4365 3314 4418 militum
3345 4380 3439 4439 ge-

1858 4469 1992 4508 nere
2034 4454 2131 4520 ita,
2183 4468 2307 4507 cum
2363 4456 2500 4517 vult,
2539 4456 2810 4519 abundat,
2852 4466 2910 4511 ut
2944 4466 3209 4512 terrorem
3248 4459 3333 4512 sui
3385 4458 3439 4511 in

1858 4547 2086 4602 dissitas
2128 4548 2321 4618 procul
2372 4559 2565 4618 gentes
2614 4528 2864 4619 proferre
2911 4550 3110 4613 soleat,
3163 4557 3442 4619 utcunque

188 4641 286 4692 vari
331 4640 529 4709 iubens
590 4656 710 4695 sese
762 4641 1188 4712 haudquaquam
1246 4651 1326 4697 tot
1397 4643 1755 4698 accersivisse
1794 4626 1835 4680 D
1871 4654 2019 4694 nunc
2055 4650 2346 4709 provocata
2396 4642 2639 4711 peccatis
2691 4642 2990 4696 multorum
3030 4641 3123 4697 Dei
3176 4644 3439 4709 vindicta,

188 4743 304 4797 quot
330 4734 417 4788 ille
444 4734 737 4799 duxisset;
771 4750 910 4803 quos
956 4745 1138 4789 tamen
1164 4734 1276 4804 jam
1304 4735 1575 4791 adductos
1614 4737 1744 4804 quia

189 4825 364 4881 durum
402 4835 553 4883 esset
605 4828 870 4881 continuo
922 4827 1226 4891 dimittere,
1280 4830 1541 4899 precibus
1589 4828 1749 4883 ducis

190 4915 436 4973 indultum
470 4935 499 4974 a
534 4936 595 4975 se
648 4927 709 4974 ut
760 4921 826 4975 ad
861 4921 1025 4976 breve
1070 4921 1339 4977 duntaxat
1368 4934 1585 4992 tempus
1620 4923 1749 4976 reti-

193 5028 450 5070 nerentur.
496 5014 815 5072 Exsecutus
849 5016 979 5070 hinc
1019 5024 1102 5071 est
1154 5025 1213 5070 ut
1265 5016 1343 5070 illi
1392 5016 1747 5069 ltiliernantes

195 5109 315 5171 apud
345 5109 599 5179 Cyzicum
636 5108 825 5177 ibique
862 5110 926 5162 ad
957 5124 1052 5164 ver
1077 5124 1254 5179 usque
1284 5109 1529 5164 adultum
1567 5108 1748 5162 diver-

196 5212 352 5257 sames
393 5218 498 5256 non
540 5204 707 5256 modo
740 5203 874 5257 nihil
919 5211 1114 5258 contra
1147 5203 1337 5259 hostes
1384 5203 1617 5272 egerint,
1652 5204 1745 5256 sed

199 5293 341 5347 multa
386 5294 606 5350 interim
665 5296 1105 5366 gravissimaque
1147 5295 1346 5349 damna
1387 5295 1588 5350 incolis
1626 5295 1748 5362 ejus

199 5384 411 5450 regionis
440 5385 751 5440 intulerint.
789 5385 1055 5454 Adjunxit
1088 5385 1174 5440 his
1206 5384 1366 5455 515
1414 5402 1538 5457 qua:
1582 5386 1745 5440 iidem

202 5473 371 5532 deinde
403 5480 456 5533 in
506 5486 692 5532 tractu
739 5476 1009 5532 Orientali
1055 5478 1338 5545 fecissent,
1380 5489 1438 5535 ut
1487 5481 1747 5534 nimirum

202 5567 390 5638 injuriis
447 5581 503 5626 et
556 5572 917 5626 contumeliis
968 5572 1224 5641 plurimis
1277 5590 1386 5628 non
1426 5575 1613 5629 hostes
1653 5575 1747 5628 sed

206 5656 449 5717 Romanos
474 5663 782 5719 aﬂecei'int.
819 5662 881 5716 Et
915 5678 1059 5717 nunc
1103 5680 1323 5730 quoque
1358 5661 1588 5733 trajectu
1627 5664 1751 5718 llel-

208 5748 426 5820 lesponto
460 5772 624 5825 quam
662 5771 807 5810 suave
831 5771 894 5809 ac
931 5755 1200 5825 ﬂagitiose
1232 5758 1553 5811 vexaverint
1586 5756 1751 5810 Occi-

208 5843 521 5905 duitlractus
562 5848 844 5903 Romanos
898 5848 1239 5904 habitatores
1289 5850 1556 5912 attexuit;
1614 5866 1749 5917 quo-

212 5950 310 5991 rum
342 5942 629 6011 quidquam
667 5940 914 6012 ignotum
951 5941 1370 6013 inauditumque
1407 5939 1511 5997 Sllll
1550 5954 1672 5995 esse
1702 5940 1745 5993 si

1857 4731 2108 4788 cladibus
2173 4733 2418 4787 attritum
2469 4735 2769 4803 inepinatis
2822 4735 3078 4805 langueat
3116 4736 3437 4806 paululum,

1858 4841 1965 4880 non
1997 4826 2118 4881 sine
2141 4842 2237 4895 Spe
2268 4835 2447 4881 tamen
2476 4828 2692 4896 pristini
2726 4826 2928 4897 rigoris
2957 4828 3069 4887 cito
3094 4830 3438 4886 resumendi.

1856 4918 2163 4973 Consulant
2190 4919 2284 4974 isti
2319 4935 2450 4989 ergo
2476 4919 2644 4975 rebus
2677 4919 2817 4985 suis,
2848 4929 2901 4975 et
2942 4924 3214 4989 contenti,
3254 4925 3302 4978 si
3349 4939 3440 4978 sa-

1858 5015 2038 5084 piunt,
2084 5012 2361 5069 donativis
2387 5029 2452 5069 ex
2503 5029 2650 5068 mera
2700 5030 2800 5069 sua
2853 5014 3189 5074 liberalitate
3238 5018 3442 5075 oblatis

1857 5114 2053 5177 pacate
2084 5121 2146 5163 se
2165 5106 2454 5161 conferant
2489 5122 2599 5178 quo
2625 5106 2916 5176 iubentur.
2950 5108 3047 5164 Sin
3096 5110 3279 5166 furere
3319 5126 3442 5181 per-

1859 5206 2014 5267 gunt,
2061 5212 2195 5251 sane
2236 5196 2418 5250 sciant
2453 5212 2511 5251 se
2559 5197 2702 5251 haud
2750 5206 3143 5255 cunctaturum
3176 5201 3436 5271 amplius,

1858 5292 2003 5362 quod
2052 5290 2214 5345 facile
2252 5297 2439 5357 queat,
2491 5291 2722 5345 rebelles
2753 5291 3055 5347 sceleratos
3104 5292 3281 5362 plenis
3323 5308 3441 5347 me-

1859 5385 1982 5439 ritis
2028 5383 2346 5451 subjicere;
2404 5398 2506 5437 nec
2547 5399 2840 5454 passurum
2879 5397 2960 5447 ut.
2993 5387 3135 5456 quod
3174 5388 3440 5443 hactenus

1860 5474 2129 5539 fecerunt,
2182 5474 2371 5527 hostes
2431 5489 2489 5526 se
2539 5473 2807 5531 Btnnanis
2860 5476 3301 5537 crudelissimos,
3334 5492 3437 5529 no-

1859 5569 2010 5621 mine
2028 5568 2307 5621 sociorum
2338 5566 2587 5628 admissi,
2621 5569 2914 5635 perfidiose
2944 5568 3245 5636 praebeant.
3275 5567 3441 5641 516

1859 5662 1991 5714 Sese
2020 5674 2185 5727 porro
2219 5659 2618 5730 facultatesque
2650 5660 3097 5725 circumspiciant
3146 5672 3296 5719 suas,
3336 5674 3439 5713 llt'c

1862 5753 2263 5807 obliviscantur
2297 5751 2439 5820 quod
2471 5754 2647 5820 palam
2686 5762 2789 5811 est.
2823 5755 2996 5819 ipsus,
3046 5747 3311 5821 quidquid
3343 5750 3441 5809 ha-

1863 5843 2013 5911 bent,
2058 5858 2165 5913 qno
2196 5843 2392 5896 vivunt
2422 5849 2476 5895 et
2504 5842 2739 5910 spirant,
2772 5858 2798 5894 a
2825 5837 3082 5892 Romanis
3115 5839 3435 5904 acet-pisse;

1860 5952 2001 6010 quos
2034 5936 2240 5994 dudum
2276 5933 2422 5988 fante
2461 5940 2512 5988 et
2539 5942 2782 6004 egestate
2814 5930 3025 6004 perisse
3050 5942 3272 5981 necesse
3324 5928 3443 5985 fne-
