3848 6550
450 390 559 457 567

1550 375 1563 384 ’
1663 397 1988 458 ῦΕΟΒῦῐῐ
2021 396 2507 460 Ριιοιιγιιειιιιι

3590 401 3685 464 56ὶ

448 503 660 557 νεῖσθαι
708 504 1083 576 ἀλιτηριώδεις
1137 508 1498 578 φαινομένους
1543 507 1661 561 ἀντὶ
1696 509 2021 578 συμμάχων,
2049 506 2099 567 Δ
2133 508 2233 576 μιν
2269 510 2332 564 τὸ
2363 514 2517 579 σφίσι
2564 514 3014 584 συνοῖσονάφῆκε
3052 512 3426 586 βουλεύεσθαι,
3460 511 3609 573 αὐτὸς
3635 510 3685 562 δὲ

449 601 503 654 εἰ
546 614 649 652 που
694 600 806 661 τοῖς
864 597 1169 659 καθεστῶσι
1225 604 1667 674 παρεγχειροῖεν.
1728 603 1878 673 Μηδὲ
1919 603 2027 673 γὰρ

443 692 662 761 ἀγνοεῖν
708 691 846 756 ὅλως
875 693 1097 756 ὁπόσοις
1127 696 1191 748 ὲκ
1220 696 1330 750 τῶν
1374 696 1665 768 Ῥωμαίων
1689 696 1875 764 ὀλίγου
1920 696 2029 747 sv:-

445 783 771 850 κανώθησαν
797 786 1015 856 χρόνου,
1051 786 1148 841 καὶ
1171 786 1326 844 ταῦτ’
1346 790 1435 857 ἐφ’
1465 788 1651 844 ἱκανὸν
1692 790 1750 850 ἐς
1770 787 2026 856 Θευδερί-

444 891 544 945 χου
578 874 838 946 πολέμοις
868 877 1116 949 συνεχέσι
1153 880 1685 953 ταλαιπωρούμενοι,
1713 881 1808 936 καὶ
1859 880 2026 951 μηδὲν

444 964 777 1037 ἁπονοὶμενοι
811 967 920 1020 τῶν
950 967 1052 1022 ὅσα
1091 968 1367 1025 δεικνῦσιν
1397 968 1648 1041 εὔπορον.
1704 971 1939 1040 Σημεῖον
1979 967 2025 1023 δ’

443 1055 585 1113 εἶναι
618 1057 679 1111 τὸ
702 1058 912 1115 ἐκεῖθεν
949 1060 1398 1125 ἀπαλλάττοντας
1435 1064 1601 1133 μηδὲν
1625 1064 1686 1127 ὲς
1711 1063 1885 1119 νέωτα
1912 1066 2029 1116 ὲπι-

444 1147 731 1218 φέρεσθαι,
763 1149 879 1205 ἀλλ’
907 1149 1097 1221 ὥσπερ
1134 1152 1193 1205 ἐν
1225 1152 1459 1222 ἐρήμοις
1493 1150 1802 1220 διάγοντας,
1852 1148 2028 1205 οὕτως

444 1239 654 1294 ἐκεῖθεν
680 1241 916 1311 φανῆναι
941 1243 1182 1312 γυμνούς
1215 1259 1368 1306 τινας
1386 1243 1478 1298 καὶ
1507 1241 1772 1306 ἀνόπλους
1798 1240 2027 1315 [P.359]

443 1328 541 1381 καὶ
568 1329 703 1397 μηδὲ
746 1330 854 1382 τῶν
890 1331 1010 1384 καθ’
1045 1332 1262 1404 ἡμέραν
1294 1334 1352 1398 ἐς
1396 1333 1602 1405 τροφὴν
1632 1331 2025 1405 εὐποροῦντας.

444 1419 563 1473 Νῦν
610 1420 660 1473 δ’
692 1422 808 1474 ἀλλ’
841 1423 1006 1493 ἀργοὶ
1039 1424 1308 1496 κάθηνται
1364 1426 1459 1478 καὶ
1497 1424 1884 1497 ὑπερηφάνους
1929 1428 2031 1486 τὰς

448 1511 809 1583 μισθοφορίας
861 1514 1176 1581 ἀπαιτοῦσι,
1236 1517 1290 1570 τί
1339 1517 1436 1571 καὶ⁵
1486 1517 1791 1588 πράξαντες
1819 1516 2029 1587 ἀγαθὸν

443 1608 541 1663 καὶ
598 1609 863 1681 μαχητῶν
910 1611 1071 1682 ἔργον
1125 1614 1424 1682 γενναίων,
1472 1615 1601 1679 τοὺς
1647 1613 1879 1687 ἐχθροὺς
1932 1612 2030 1667 καὶ

443 1699 615 1754 ταῦτα
666 1704 834 1771 ἔγγὺς
880 1704 1135 1774 δρῶντες.
1187 1705 1446 1777 πολέμοις
1489 1706 1889 1778 συντραφέντες
1936 1703 2032 1760 καὶ

445 1793 673 1863 μάχαις,
701 1794 778 1859 ὡς
804 1794 1076 1864 λέγουσιν.
1095 1791 1195 1851 Ὧν
1221 1797 1384 1870 χάριν
1406 1797 1852 1869 ὲγκαλύπτεσθαι
1885 1796 2026 1862 δέον,

443 1887 493 1938 oi
531 1885 588 1940 δὲ
618 1887 715 1941 καὶ
761 1888 1050 1944 ἀπειλοῦσι
1079 1890 1445 1962 κατατρέχειν
1475 1890 1573 1963 τὴν
1603 1891 1812 1963 χώραν,
1842 1890 2033 1960 ὥσπερ

444 1980 513 2033 ἂν
535 1978 745 2050 ἔρημος
774 1980 1077 2051 προῦκειτο
1102 1983 1199 2037 τοῦ
1232 1982 1669 2061 πολυωροῦντος,
1707 1984 1801 2035 καὶ
1827 1982 1903 2044 ὼς
1932 1980 2036 2035 οὒκ

442 2073 651 2127 οἴδασιν
689 2073 767 2137 ὡς
807 2075 955 2128 κατὰ
1002 2074 1178 2129 νώτου
1229 2075 1445 2140 τούτοις
1496 2076 1525 2129 ο
1555 2073 1810 2147 βασιλεὺς
1850 2074 1945 2126 καὶ
1972 2073 2031 2126 αἱ

443 2164 575 2234 περὶ
614 2163 778 2218 αὐτὸν
828 2165 1124 2237 δυνάμεις,
1166 2160 1245 2220 ὧν
1289 2164 1366 2238 μὴ
1411 2168 1496 2221 ὅτι
1545 2184 1609 2236 γε
1641 2166 1743 2238 τὴν
1792 2164 2034 2239 προσδο-

442 2252 541 2324 λὴν
567 2293 583 2316 ,
644 2253 764 2310 ἀλλ’
800 2256 922 2310 οὐδὲ
962 2256 1064 2313 τὴν
1112 2256 1306 2329 φήμην
1334 2256 1830 2328 προσπελαζόντων
1876 2257 2033 2328 ἐνέγ-

444 2361 628 2402 καιεν.

441 2444 512 2493 κ’.
545 2438 934 2512 Κατὰστασις
957 2440 1064 2512 τοῦ
1095 2442 1750 2512 πανυπερσεϐιιστικοῦ
1773 2441 2033 2510 ἀξιώμα-

605 2526 710 2575 τος
734 2511 835 2564 ἐπὶ
864 2510 945 2578 τῷ
976 2511 1087 2578 υιῷ
1124 2513 1232 2568 τοῦ
1271 2510 1867 2585 πόρφυρογεννήτου.

517 2622 705 2680 Ταῦτα
750 2631 847 2681 καὶ
895 2627 1120 2684 πλείονα
1151 2626 1360 2683 τούτων
1396 2629 1732 2702 διαλαλήσας
1794 2630 2030 2695 ἐκείνοις

439 2814 555 2874 rat,
617 2805 727 2862 nisi
780 2807 1028 2864 omnium
1084 2810 1281 2880 inopes
1315 2784 1772 2868 e'Tbeuderichi
1828 2813 2031 2872 castris

439 2894 751 2953 Romanum
800 2898 1091 2973 imperium
1137 2900 1400 2959 fomentis
1432 2913 1713 2961 recreatos
1759 2916 2030 2977 opportu-

440 2989 553 3053 nis,
582 2988 891 3049 incolumes
932 2994 1001 3050 ad
1034 2994 1140 3051 hoc
1176 3004 1400 3070 tempus
1443 2997 1820 3069 perduxisset.
1856 2998 2028 3054 Palli-

441 3070 568 3150 dos,
592 3099 925 3157 exsangues,
965 3088 1201 3145 miseras
1244 3091 1514 3161 reliquias
1546 3093 1673 3147 belli
1698 3092 1891 3155 Siculi,
1927 3110 2029 3148 nu-

2136 604 2229 657 τὸν
2266 605 2362 659 τοῦ
2410 606 2613 659 οἰκείου
2671 606 3009 673 αὖταδέλφου
3063 604 3157 658 τοῦ
3192 603 3687 673 πορφυρογεννήτου

2139 699 2559 754 Κωνσταντίνου
2608 698 2726 752 υἱὸν
2758 698 3024 769 ἀναδοχῆς
3081 697 3320 762 ἀξιώσας
3383 695 3618 763 μείζονος
3656 694 3686 763 ἧ

2139 791 2260 847 κατ’
2296 790 2692 860 ὸδελφόπαιδα.
2739 791 2856 860 ἃμα
2885 790 3062 859 δηλῶν
3095 789 3169 852 ὡς
3202 789 3341 857 τάχα
3390 788 3456 842 ἂν
3490 787 3578 839 καὶ
3622 786 3690 853 τῷ

2139 886 2308 953 πατρὶ
2338 882 2531 937 τούτου
2566 882 2748 947 καλῶς
2788 885 2845 948 ες
2880 885 3028 938 ἅπαν
3054 882 3253 953 εχρῆτο
3280 884 3377 934 καὶ
3407 880 3497 933 διὰ
3526 879 3690 942 τέλους

2137 974 2399 1044 ἧταλλεν,
2445 977 2497 1028 si
2546 976 2621 1046 μή
2653 977 2705 1046 γ’
2732 975 2940 1038 ἐκεῖνος
2972 972 3041 1028 τὰ
3070 974 3207 1043 πρὸς
3248 971 3418 1025 αὐτὸν
3454 968 3689 1040 ἐφωράθη

2135 1068 2401 1135 δύσνους,
2456 1071 2591 1140 τιμᾷ
2642 1068 2799 1122 οὔπω
2850 1068 3051 1131 τελέως
3101 1065 3196 1119 τοῦ
3245 1063 3691 1119 ἑπτακαιδεκάτου

2137 1161 2406 1218 ιπιδάντα
2429 1162 2584 1227 ἔτους
2618 1162 2697 1233 τῷ
2727 1160 2823 1215 τοῦ
2856 1158 3387 1232 πανυπερσεδάστου
3419 1155 3693 1228 ἀξιώματι.

2140 1256 2280 1326 πλὴν
2313 1257 2375 1310 οὐ
2409 1258 2550 1311 κατὰ
2580 1258 2644 1311 τὸ
2675 1255 2918 1328 ἀρχῆθεν
2939 1256 3039 1325 τῆς
3064 1253 3222 1323 ἀξίας
3248 1251 3483 1320 causam
3506 1250 3691 1321 σχῆμα.

2136 1347 2279 1402 ἀλλὰ
2304 1349 2399 1402 καὶ
2425 1351 2539 1412 τοῖς
2566 1351 2630 1402 ὲκ
2651 1349 2761 1405 τῶν
2788 1349 3000 1421 κιρρῶν
3033 1346 3393 1417 παρασήμοις
3435 1342 3693 1412 σεμνύνει,

2135 1438 2172 1493 ἃ
2190 1439 2256 1508 δὴ
2287 1442 2385 1508 τῆς
2417 1441 2685 1511 ἐπαρχίας
2713 1441 2979 1510 πρότερον
3003 1439 3089 1514 [Ρ.
3121 1437 3251 1510 560]
3277 1435 3525 1508 σύμϐολα
3550 1430 3694 1504 ἦσαν,

2135 1532 2374 1601 ἁξύμῦο)
2388 1551 2445 1587 ον
2478 1534 2604 1587 ὅσον
2629 1535 2720 1588 ἐπὶ
2755 1533 2968 1597 τούτοις
2999 1530 3325 1589 τούντεῦθεν
3351 1531 3449 1582 τὸν
3477 1528 3692 1596 ἔπαρχον

2139 1626 2387 1694 καταστή
2399 1643 2514 1688 τας.
2536 1626 2692 1681 Οὕτω
2709 1628 2818 1698 γὰρ
2842 1626 3110 1698 πρότερον
3134 1627 3236 1679 κὰν
3250 1623 3410 1678 δυσὶν
3433 1622 3693 1693 ἐπάρχοις,

2139 1718 2218 1789 τῷ
2241 1737 2301 1772 τε
2348 1719 2668 1790 ’Υπερτίμῳ
2701 1722 2799 1772 καὶ
2828 1720 2909 1791 τῷ
2930 1716 3357 1787 Χαλκεοπούλῳ,
3395 1714 3692 1785 πεποίηκεν,

2138 1811 2484 1882 ἀξυμϐὁλους
2534 1794 2890 1884 καταστήσας
2924 1815 3088 1880 σφᾶς,
3128 1812 3204 1877 ὡς
3239 1810 3392 1875 ἄξιον
3416 1808 3476 1862 ὃν
3501 1810 3586 1875 τὸν
3614 1811 3694 1875 ξτ-

2137 1905 2242 1974 γὺς
2274 1904 2542 1975 βασιλέως
2570 1906 2706 1961 δντα
2756 1906 2853 1960 καί
2901 1923 2965 1974 γε
3019 1907 3157 1976 πρὸς
3209 1905 3476 1971 αἳματος,
3506 1901 3690 1969 λέγων,

2135 1999 2492 2069 παρασήμοις
2518 1997 2783 2063 τοιούτοις
2811 1997 3195 2067 σεμνύνεσθαι.
3222 1997 3362 2060 Ταῖς
3389 1998 3446 2049 δὲ
3479 1997 3597 2064 περὶ
3616 1993 3693 2046 τὸν

2134 2090 2249 2145 υἱὸν
2275 2090 2372 2144 καὶ
2404 2090 2633 2159 βασιλέα
2658 2091 2927 2162 δυνάμεσι
2955 2090 3175 2160 πέμψας
3208 2089 3560 2159 προστάττει,
3587 2086 3692 2140 ἐπεὶ

2135 2180 2381 2244 ἐκείνους
2433 2180 2606 2246 οὖτως
2646 2182 2971 2253 ἀπέπεμπε,
3024 2180 3396 2251 συναχθείσας
3448 2179 3570 2249 περί
3603 2195 3691 2231 που

2132 2272 2235 2342 τὴν
2268 2273 2465 2344 ’Δπρω
2488 2275 3046 2345 στρατοπεδεύεσθαι,
3069 2276 3174 2330 κᾶν
3200 2291 3305 2328 που
3336 2271 3691 2342 συνιξορμῷεν

2137 2368 2237 2418 σὺν
2262 2365 2674 2437 Ἀμογαῦἀροις
2705 2369 3032 2431 Κατελάιοι,
3066 2370 3263 2440 τίειρᾷν
3310 2368 3531 2436 ἐπέχειν
3555 2366 3692 2417 πολέ-

2135 2476 2244 2529 μῳ.
2303 2462 2412 2515 Καὶ
2469 2461 2643 2515 ταῦτα
2679 2463 2781 2532 μὲν
2830 2463 3068 2535 ἔπραττε
3128 2463 3425 2532 βασιλεὺς,
3462 2460 3578 2515 οὐδὲ
3615 2459 3691 2512 τὸν

2130 2553 2385 2624 γαμδρδν
2417 2553 2602 2625 ἀφιεῖς
2629 2554 2768 2618 ὅλως
2794 2556 2893 2624 τῆς
2923 2554 3302 2626 προσπαθεξας
3333 2555 3429 2609 καὶ
3455 2549 3690 2620 ἀπαρτῶν

2130 2645 2231 2714 τῆς
2262 2643 2618 2716 κηδεμονίας,
2651 2645 2790 2700 ἀλλὰ
2817 2647 3094 2710 παντοίως
3124 2644 3592 2718 προσποιούμενος
3608 2643 3689 2696 καὶ

2126 2821 2218 2879 20.
2250 2821 2430 2879 Filius
2450 2822 2892 2896 Pnrphyrog’eniti
2969 2825 3446 2949 panhypersebasti
3463 2823 3690 2895 dignitate

2748 2910 2918 2949 conm
2945 2913 2981 2949 ιι
3010 2914 3091 2949 us.

2748 2910 3091 2953 constitutus.

2200 3006 2328 3063 flare
2415 3018 2471 3062 et
2558 3009 2714 3080 plura
2802 3012 2998 3065 horum
3070 3013 3400 3083 prolocutus
3478 3010 3689 3081 impera-

2129 3106 2221 3152 tor
2265 3098 2582 3163 Catelanos,
2630 3111 2690 3156 ut
2726 3099 2796 3156 de
2845 3102 3010 3159 rebus
3057 3104 3175 3157 suis
3224 3118 3415 3159 secum
3454 3100 3689 3158 delibera»

444 3171 549 3227 dos
590 3188 688 3230 vos
718 3183 883 3246 atque
921 3178 1162 3236 inermes
1206 3185 1549 3251 excepimus,
1587 3185 1847 3241 omnibus
1881 3186 2025 3240 indi-
2052 3210 2097 3270 ο
2135 3199 2277 3259 rent,
2319 3192 2548 3247 dimisit.
2611 3192 2731 3264 Ipse
2773 3205 2957 3250 autem
3010 3195 3223 3265 proprii
3275 3194 3521 3267 germani
3558 3195 3682 3250 Con-

443 3266 549 3321 ciis
583 3279 958 3328 monstrantes
985 3288 1148 3344 quam
1179 3276 1423 3332 sterilem
1449 3293 1511 3332 ac
1541 3278 1865 3334 damnosam
1897 3282 2028 3337 alibi

441 3360 699 3416 militiam
737 3364 1150 3425 militaveritis:
1186 3384 1251 3424 ex
1287 3386 1396 3442 qua
1429 3374 1622 3442 utique
1651 3374 1832 3436 vobis,
1861 3390 2029 3444 quan-

440 3461 559 3507 tum
592 3456 916 3525 apparebat,
953 3474 1024 3515 ne
1049 3461 1194 3516 unde
1218 3464 1440 3534 quidem
1477 3465 1531 3519 in
1560 3466 1704 3521 diem
1741 3477 2026 3536 posterum

441 3546 533 3601 vel
575 3548 777 3605 misere
809 3555 1177 3610 vesceremini
1228 3568 1540 3624 supererat.
1584 3556 1722 3613 Nam
1772 3561 1850 3619 ita
1888 3560 2031 3617 facie

439 3636 634 3706 luridi,
668 3639 745 3695 ita
788 3643 1041 3701 vestibus
1084 3646 1278 3712 laceri,
1331 3650 1405 3704 ita
1458 3652 1828 3723 professionis
1859 3654 2025 3709 etiam

440 3726 830 3788 instrumentis
878 3743 1101 3803 vestrae,
1155 3739 1350 3805 armis,
1387 3740 1637 3813 in’qnam,
1673 3742 1922 3801 destituti
1969 3743 2024 3797 in

439 3818 599 3876 littus
626 3824 763 3879 estis
791 3837 1041 3883 nostrum
1073 3831 1333 3902 expositi,
1377 3834 1538 3904 quasi
1573 3852 1605 3892 e
1637 3836 1858 3894 deserto
1888 3853 2026 3909 quo-

440 3911 569 3967 dam
622 3922 678 3970 et
710 3927 867 3973 vasta
907 3920 1209 3980 solitudine
1256 3924 1311 3980 in
1350 3935 1528 3982 terras
1580 3929 1804 3985 domum
1845 3932 2024 3987 cultas

440 4008 778 4065 transiretis.
835 4011 994 4069 Nunc
1039 4032 1173 4071 vero
1225 4018 1553 4090 impinguati
1608 4025 1815 4075 nostris
1846 4022 2024 4092 copiis

440 4102 604 4157 otiosi
642 4105 894 4160 videlicet
943 4107 1197 4163 desident
1235 4128 1248 4164 :
1284 4113 1417 4182 quin
1450 4119 1504 4166 et
1545 4112 1756 4169 feroces
1805 4117 2023 4169 tumidi-

434 4211 546 4268 que
584 4197 858 4264 laborum,
890 4215 1031 4270 quos
1077 4203 1271 4272 ignave
1300 4204 1565 4268 vitarunt,
1600 4211 1885 4262 mercedes
1923 4207 2023 4261 fla-

437 4291 635 4361 gitant.
682 4291 932 4359 Quanam
978 4310 1111 4350 vero
1150 4312 1245 4352 eas
1284 4298 1537 4353 navanda
1585 4314 1755 4370 opera
1798 4316 2020 4372 prome-

436 4386 570 4442 riti?
603 4390 784 4459 Agite,
819 4391 952 4461 quid
1002 4391 1363 4449 memorabile
1407 4395 1705 4465 gessistis?
1732 4412 1843 4467 quo
1893 4396 2019 4453 forti

435 4494 533 4536 vos
586 4480 834 4538 facinore
871 4499 1037 4538 manu
1086 4501 1203 4539 rem
1255 4489 1499 4557 gerendo
1546 4490 2020 4548 commendastis?

432 4574 589 4643 atqui
622 4576 814 4633 hostes
862 4592 970 4630 non
1001 4577 1253 4641 deerant,
1281 4594 1423 4650 quos
1457 4591 1584 4636 ante
1616 4583 1813 4637 oculos
1861 4584 2024 4639 babe-
2057 4576 2097 4629 ὓ

433 4665 600 4732 batis,
625 4683 841 4722 summo
867 4670 1037 4723 vesn'i
1066 4680 1387 4741 contemptu
1420 4672 1660 4729 ferentes
1685 4684 2022 4745 agentesque

432 4757 548 4814 late
582 4773 801 4815 cuncta.
852 4761 1107 4816 Haecine
1157 4762 1360 4817 decora
1409 4775 1591 4821 vestra
1641 4777 1790 4833 sunt,
1840 4768 2025 4823 homi-

433 4868 589 4915 num.
631 4854 678 4908 si
719 4854 853 4924 ipsis
879 4855 947 4909 de
991 4871 1050 4909 se
1096 4855 1529 4924 prmdicantibus
1560 4860 1828 4926 creditur,
1861 4861 2022 4919 bellis

434 4948 832 5003 innutritorum
888 4964 951 5004 ac
982 4950 1222 5019 prtcliis?
1254 4952 1349 5020 qui
1400 4951 1447 5006 si
1495 4968 1623 5006 vera
1675 4962 2016 5017 memorant,

433 5040 640 5109 pudere
666 5038 839 5109 ipsos,
872 5041 1017 5110 quod
1048 5055 1076 5094 a
1111 5043 1343 5111 pristina
1374 5044 1578 5101 virtute
1610 5056 1718 5098 tam
1754 5047 2019 5115 probrose

433 5131 910 5200 degeneraverint,
943 5131 1162 5200 deceat,
1201 5142 1256 5188 et
1289 5135 1531 5190 latebras
1566 5137 1877 5207 ignominiae
1906 5157 2018 5194 sua:

432 5236 700 5291 querere.
752 5225 930 5295 Atque
966 5225 1020 5278 hi
1059 5236 1242 5280 tamen
1277 5238 1574 5298 suntquos
1607 5230 1775 5286 audio
1818 5232 2013 5287 minari

433 5314 710 5371 hostiliter
742 5315 1069 5372 incursuros
1113 5326 1291 5373 terras
1344 5332 1549 5377 nostra:
1598 5322 1845 5386 ditionis,
1889 5336 2015 5378 tan-

2141 3284 2369 3339 stantini
2404 3285 2565 3359 517
2599 3284 3061 3362 Porphyrogeniti
3117 3288 3286 3343 filium
3351 3289 3407 3344 in
3453 3288 3685 3358 majorem

2140 3377 2404 3433 honorem
2433 3380 2746 3449 provehcns
2789 3393 2954 3451 qua‘m
2987 3396 3211 3453 sperare
3240 3395 3270 3435 a
3301 3393 3496 3452 patrno
3521 3380 3687 3434 verisi-

2137 3473 2346 3527 militer
2378 3483 2636 3545 potuerat
2672 3475 2862 3531 fratris
2898 3478 3043 3533 [ilius
3072 3477 3416 3551 (signiﬁcare
3439 3477 3686 3538 videlicet,

2137 3566 2361 3636 opinor,
2394 3566 2623 3633 volens,
2667 3583 2729 3622 se
2765 3569 2906 3639 patri
2960 3568 3125 3638 hujus
3161 3570 3532 3635 adolescentis
3561 3582 3687 3622 mor-

2138 3670 2233 3715 tuo
2285 3670 2552 3717 constans
2615 3661 2995 3717 exhibiturum
3055 3662 3250 3729 fuisse,
3298 3663 3433 3719 dum
3484 3664 3683 3722 viveret.

2135 3752 2380 3809 officium
2439 3754 2845 3812 benevolentiae
2895 3758 3172 3822 fraternae,
3220 3758 3327 3814 nisi
3369 3758 3460 3813 ille
3496 3774 3552 3814 se
3591 3754 3679 3810 sibi

2134 3848 2414 3905 infensum
2440 3849 2749 3907 manifestis
2783 3850 3007 3907 indiciis
3047 3856 3460 3918 monstrasset),
3491 3853 3679 3907 ornavit

2130 3956 2284 4013 eum,
2320 3939 2567 3999 nondum
2598 3956 2748 3996 anno
2791 3944 2970 4000 aetatis
3012 3946 3250 4016 septimo
3279 3946 3498 4002 decium
3524 3957 3684 4014 egres-

2133 4050 2292 4097 sum,
2366 4036 2859 4108 panhyperscbasti
2918 4038 3208 4107 dignitate,
3276 4054 3581 4109 quanquam
3640 4034 3680 4088 ei

2134 4144 2241 4180 non
2271 4132 2555 4184 conceSsit
2591 4145 2620 4182 a
2653 4129 2926 4200 principio
2958 4131 3203 4189 habitum
3240 4134 3369 4202 ejus
3418 4133 3548 4187 tituli
3577 4145 3682 4201 pro-

2130 4223 2335 4290 prium,
2371 4225 2466 4280 sed
2506 4224 2667 4294 gilvis
2700 4239 2826 4279 eum
2860 4224 3175 4296 insignibus
3224 4226 3550 4289 honoravit;
3579 4237 3681 4293 qua:

2131 4315 2405 4385 przotorite
2452 4316 2607 4383 prius
2662 4324 2824 4369 erant
2877 4317 3127 4390 symbols
3182 4319 3491 4389 potestatis.
3530 4317 3595 4370 ita
3632 4321 3681 4365 ιιι

2129 4409 2395 4487 deinceps
2445 4419 2648 4480 praeter
2706 4422 2965 4466 ornatum
3032 4428 3140 4468 non
3202 4415 3429 4469 haberet
3469 4414 3557 4481 qui
3601 4406 3677 4460 uni

2130 4500 2233 4567 ipsi
2260 4504 2585 4558 conveniret
2634 4505 2876 4575 proprie.
2910 4504 3001 4559 Sic
3041 4508 3190 4561 enim
3224 4515 3278 4562 et
3312 4509 3464 4577 prius
3492 4502 3677 4557 duulms

2128 4595 2461 4666 praetoribus
2533 4595 2859 4669 Hypertimo
2912 4608 2967 4653 et
3024 4599 3402 4669 Chalceopnln
3479 4600 3675 4659 fect-rat,

2130 4688 2371 4757 propriis
2406 4704 2503 4745 eos
2533 4691 2755 4758 privans
2786 4692 3121 4760 insignibus,
3148 4693 3278 4751 dum
3314 4695 3507 4747 horum
3535 4702 3672 4743 usum

2124 4783 2501 4837 communicat
2540 4783 2685 4839 aliis.
2714 4785 2914 4841 Aiebat
2939 4796 3123 4841 autem
3168 4787 3434 4841 rationem
3465 4782 3675 4837 reddens

2128 4874 2254 4930 faeti
2288 4875 2452 4946 huius
2480 4878 2782 4948 imperator
2800 4878 2976 4934 videri
3002 4879 3109 4937 sibi
3136 4880 3488 4951 peculiariter
3510 4885 3671 4945 aptum
3698 4929 3702 4935 .

2124 4969 2364 5022 colorem
2394 4970 2600 5041 gilvum
2634 4972 3007 5044 insigniendis
3030 4973 3123 5041 qui
3164 4973 3337 5043 gradu
3371 4987 3435 5027 ac
3462 4982 3674 5026 consan-

2122 5061 2399 5128 guinitate
2442 5063 2698 5132 proxime
2755 5064 3065 5134 imperanti-
3108 5074 3238 5118 sunt
3292 5061 3513 5118 admoti.
3568 5056 3670 5112 Jan!

2121 5157 2385 5223 quoniam
2431 5154 2759 5224 providebat
2805 5171 2834 5213 a
2868 5156 3170 5221 Catelanis,
3205 5173 3371 5226 super
3416 5152 3666 5222 repulsam

2120 5247 2290 5301 etiam
2320 5246 2704 5317 objurgatione
2732 5262 2763 5301 a
2802 5264 2861 5303 se
2897 5248 3128 5301 irritatis
3183 5262 3400 5318 aspera,
3429 5241 3665 5299 insultum

2113 5335 2242 5408 jure
2278 5338 2520 5407 aliquem
2574 5336 2751 5391 timeri
2807 5352 2991 5407 posse,
3029 5337 3352 5392 Michaelem
3387 5339 3665 5403 Augustum

431 5424 598 5480 quam
650 5408 902 5480 regiones
933 5420 1126 5466 nostro
1164 5411 1427 5482 subjecme
1475 5413 1704 5485 imperio
1738 5417 2014 5487 praesidiis

2143 5430 2316 5494 ussit,
2386 5429 2634 5484 collectis
2696 5431 2916 5485 cunctis
2976 5432 3030 5484 in
3097 5446 3267 5483 tinum
3321 5428 3490 5499 copiis
3534 5422 3663 5478 circa

433 5504 618 5559 tutelae
646 5490 1341 5576 ipsarum'invigilantibus
1390 5520 1640 5563 careant.
1680 5507 1870 5581 Neque
1912 5527 2011 5567 εο-

430 5592 609 5662 gitant
651 5594 941 5650 imminere
984 5596 1121 5666 ipsis
1150 5612 1180 5652 a
1235 5608 1389 5668 tergo
1418 5603 1724 5671 Augustum
1769 5604 2008 5661 Michae-

428 5687 559 5749 lem.
602 5694 685 5742 tot
722 5702 786 5743 ac
833 5687 1037 5743 talibus
1074 5686 1408 5746 instructum
1437 5694 1633 5763 copiis,
1668 5712 1901 5766 quarum
1944 5714 2011 5753 ne

429 5779 630 5836 famam
659 5783 881 5852 quidem
926 5781 1366 5847 adventantium,
1408 5789 1610 5842 nedum
1646 5787 1908 5860 impetum
1946 5809 2010 5848 ac

430 5874 537 5929 vim
559 5875 889 5933 irruentium
919 5886 1125 5946 queant
1160 5877 1459 5935 sustinere.

2118 5537 2302 5575 arcem
2340 5522 2486 5590 Apro
2516 5522 2718 5578 dictant
2750 5532 2932 5578 castra
2966 5523 3186 5583 metari.
3212 5538 3273 5577 ac
3299 5523 3341 5577 si
3370 5534 3473 5592 qua
3497 5529 3662 5572 erum'

2118 5631 2248 5685 pere
2287 5632 2411 5671 cum
2445 5616 2809 5686 Amogabaris
2840 5614 3084 5670 Catelani
3131 5622 3479 5678 conarentur,
3505 5609 3550 5661 vi
3577 5619 3662 5661 τοῦ

2117 5721 2415 5777 pugnaque
2461 5706 2744 5761 cohibere.
2772 5707 2953 5777 Atque
2999 5708 3113 5762 haec
3146 5708 3227 5761 sic
3260 5721 3423 5777 agens
3449 5703 3661 5771 impera-

2117 5810 2205 5853 tor
2236 5798 2666 5869 haudquaquam
2697 5800 2917 5854 affinem
2948 5815 3106 5855 Suum
3155 5799 3404 5854 intimum
3443 5804 3493 5851 et
3518 5786 3658 5862 quasi

2116 5908 2379 5958 generum
2414 5892 2772 5950 liontzcrium
2811 5893 2970 5963 plane
3024 5891 3335 5958 abdicabat,
3383 5895 3468 5943 aut
3515 5884 3656 5939 benc-
