3848 6548
486 402 588 468 ιτι

1706 405 2023 466 GEORGII
2076 404 2561 465 l‘ACllYlliEli:E

3634 410 3729 472 ΜΞ

473 518 584 590 ἢθη
619 519 753 590 πρὸς
784 518 853 572 τὰ
886 519 994 572 τῶν
1020 520 1194 574 ἄλλων
1223 520 1439 584 ἐξαίσια
1471 516 1617 591 ἦσαν
1655 527 1752 575 καὶ
1782 523 1891 575 οὐδ’
1922 525 2057 583 ὅλως
2090 523 2131 577 Α
2161 514 2249 587 ἦν.
2283 521 2653 590 διαφερόντως
2678 519 2735 572 δέ
2767 538 2828 587 γε
2853 523 2915 589 τῇ
2951 521 3177 588 ἀδεὶφῇο
3213 523 3299 581 Ὠς
3317 522 3374 575 δὲ
3403 524 3499 575 καὶ
3531 527 3731 594 πικρῶς

474 610 706 673 ἐκείνοις
761 611 1101 676 συνέϐαινον,
1135 615 1251 675 τοῖς
1303 615 1405 683 μὲν
1461 614 1521 678 ὲξ
1575 615 1836 685 ἐναρέτου
1890 617 2052 683 δῆοεν

470 700 770 771 δοκήσεως,
808 703 919 763 τοῖς
957 701 1002 754 δ’
1044 703 1104 767 ἐξ
1140 704 1386 773 ἐμφύτου
1435 706 1662 777 γνώμης
1692 707 1907 771 δοκοῦν,
1938 710 2086 775 τοῖς,

468 791 518 846 δ’
562 794 841 862 ὲμτεαϐοῦς
891 796 1183 857 διαθέσεως
1241 798 1384 851 κατά
1428 798 1655 869 γνώμην
1702 801 1810 853 τῶν
1855 803 2047 857 πάλαι.

481 885 711 940 Ὀπόθεν
742 890 798 942 δὲ
825 888 974 942 τοῦτ’
1002 886 1091 962 ἦν,
1133 891 1305 957 ἔξεστι
1336 893 1583 960 γίνεσθαι
1625 895 1719 948 τοῦ
1769 896 2049 958 πείθοντος

467 980 756 1049 λογισμοῦ.
824 983 1043 1049 Ἀμέλει
1087 1000 1168 1036 τοι
1214 985 1309 1037 καὶ
1348 986 1422 1054 μὴ
1469 984 1631 1056 μόνον
1659 989 1773 1052 τοῖς
1810 989 2051 1059 ἀρχῆθεν

467 1075 841 1144 σχιζομένοις,
876 1077 1010 1128 ἀλλὰ
1044 1079 1138 1129 καὶ
1181 1081 1295 1142 τοῖς
1342 1080 1524 1142 ἄλλοις
1556 1082 1830 1153 ἀγλευκὴς
1877 1084 2048 1139 ἐδόκει

470 1167 565 1220 καὶ
594 1168 819 1229 ἀτενοῦς
852 1168 1021 1239 ῆοους
1048 1170 1140 1223 καὶ
1176 1171 1316 1234 ὅλως
1347 1172 1753 1245 δυσπέμφελος.
1786 1176 2051 1241 Βασιλεὺς

464 1259 522 1312 δὲ
557 1260 619 1311 οὐ
656 1261 857 1330 μᾶλλον
890 1265 1101 1316 ἐκεῖνον
1149 1264 1181 1333 ἢ
1219 1264 1321 1331 τὴν
1355 1265 1562 1319 οἰκείαν
1616 1267 1883 1322 συνιστῶν
1912 1264 2044 1332 οἷον,

466 1353 543 1415 ὡς
578 1353 763 1423 ἐῴκει,
801 1354 1053 1426 γνώμην,
1088 1357 1175 1425 ἐφ’
1193 1353 1275 1420 οἷς
1303 1357 1400 1411 καὶ
1422 1358 1520 1429 τὴν
1545 1360 1723 1431 ἀρχὴν
1743 1361 2043 1432 ὲκεκρίκει,

464 1446 575 1499 οὐδ’
626 1448 687 1509 ἐς
735 1448 911 1518 βραχὺ
965 1451 1061 1518 τῆς
1098 1452 1186 1503 ἐπ’
1220 1451 1372 1523 αὐτῷ
1420 1453 1733 1525 πολυωρίας
1765 1455 2046 1523 καθυφίει.

477 1539 632 1592 Ἐπεὶ
662 1541 717 1593 δὲ
757 1541 852 1594 καὶ
890 1543 1128 1609 (pauenti
1181 1544 1320 1599 ἄττα
1381 1546 1611 1614 ῥιφέντα
1649 1547 1815 1619 μέχρι
1864 1549 1959 1603 καὶ
1990 1550 2046 1611 ἐς

465 1632 632 1685 αὐτοῦ
662 1635 854 1702 χεῖρας
880 1635 1176 1703 πεφοάκει,
1207 1637 1340 1691 δείν’
1366 1638 1505 1692 ἅττα
1529 1640 1760 1708 λέγοντα
1779 1641 1871 1696 καὶ
1901 1643 2045 1714 ἀπᾴ-

462 1725 644 1789 δοντα,
688 1727 788 1778 οὐκ
821 1728 1012 1798 ὀλίγην
1054 1731 1308 1793 κάκεῖνος
1343 1732 1592 1801 εὑρίσκει
1628 1733 2045 1802 σχεδιασοείσαν

463 1818 540 1889 τῷ
573 1821 1012 1891 πατριαρχοῦντι
1042 1823 1300 1878 σύστασιν
1339 1825 1399 1892 ἐξ
1429 1826 1609 1891 αίτίας
1634 1829 1873 1883 τοιᾶσδε.
1915 1827 2043 1900 Εἶχε

2156 607 2302 678 εἶχον
2334 612 2428 664 καὶ
2456 611 2823 681 ἐλοιδοροῦντο
2845 611 2924 680 τῷ
2953 613 3308 665 ἀποκλὶναντι
3326 615 3421 667 διὰ
3451 615 3552 683 τὴν
3575 618 3728 683 μετὰ·

2155 702 2326 767 οεσιν,
2362 703 2778 775 ἑνεπικρσίνετό
2808 706 2857 757 oi
2912 708 3005 757 καὶ
3040 707 3071 769 ἡ
3119 705 3404 774 ὁμαίμων,
3445 708 3542 758 καὶ
3580 708 3727 774 μέσον

2153 794 2363 849 τούτων
2395 795 2568 867 ἔχθρα
2628 799 2940 851 συνίστατο.
2977 793 3080 851 Ὧν
3130 800 3187 852 ὲν
3234 801 3331 870 μιᾷ
3366 798 3728 870 διαλοιδορου·

2157 886 2358 954 μένων,
2377 887 2636 941 κάκείνου
2654 888 3156 959 προσαπειλοῦντος
3178 890 3485 960 ἀναφέρειν
3507 888 3593 962 [ι’.
3612 890 3726 964 562]

2151 977 2233 1047 τῷ
2269 979 2589 1052 πατριάρχῃ
2614 983 2807 1036 καὶτὰ
2836 984 2970 1053 παρ’
3004 984 3188 1036 αὐτῶν
3203 984 3386 1053 ὀνείδη
3407 985 3725 1052 διεγκαλεῖν,

2154 1064 2235 1131 εἷς
2264 1071 2632 1139 παρευρεθεὶς
2679 1073 2915 1136 ἐκείνοις
2963 1073 3059 1126 καὶ
3104 1074 3560 1145 ἀναξιοπαθήσας
3602 1071 3725 1139 οἷον,

2150 1162 2251 1232 τὴν
2279 1160 2544 1233 ἔγκλησιν
2595 1164 2941 1235 ἐϐλασφήμει
2994 1166 3086 1219 καὶ
3119 1166 3304 1219 πίστιν
3330 1168 3433 1220 καὶ
3470 1169 3727 1238 πατριάρι

2155 1270 2281 1323 χην,
2302 1254 2391 1307 τὸν
2408 1257 2828 1326 καταφρονητὴν
2848 1258 3317 1327 ὑπεμφαίνων,ῶς
3340 1258 3551 1328 ἥκιστα
3580 1276 3725 1328 φρον-

2151 1346 2304 1412 τιῶν,
2352 1349 2402 1400 εί
2441 1349 2752 1418 ἐπικαλοίη.
2804 1350 3019 1419 Μικρὸν
3049 1350 3235 1422 διῆλθε
3279 1353 3381 1422 τῆς
3435 1350 3607 1423 ὥρας,
3639 1360 3723 1404 καὶ

2151 1443 2659 1517 ἀποστὰςὲκεῖθεν,
2687 1445 2894 1515 μεταξὺ
2917 1445 3016 1515 τὴν
3038 1446 3157 1499 ὁδὸν
3184 1445 3560 1516 διερχόμενος,
3586 1448 3722 1516 παρὰ

2154 1535 2430 1606 μηδεμίαν
2484 1537 2666 1592 αἰτίαν
2721 1538 2941 1609 ἔμφανῆ
2975 1539 3369 1607 ξυμποδίζεται
3408 1540 3504 1592 καὶ
3549 1541 3719 1592 πίπτει

2149 1629 2353 1700 πτῶμα
2382 1629 2581 1695 δεινὸν,
2603 1631 2699 1684 καὶ
2716 1629 2895 1695 ἔδοξεν
2916 1632 3172 1702 ὑποσχὼν
3190 1633 3349 1696 δίκας
3370 1635 3476 1702 τῆς
3497 1633 3693 1702 βλασφη
3707 1665 3720 1672 -

2153 1721 2306 1792 μίας,
2354 1721 2546 1785 δεινῶς
2574 1723 2909 1793 -συντριὸεὶς
2959 1722 3052 1776 τὸν
3103 1725 3262 1779 πόδα.
3311 1725 3504 1778 Ταῦτα
3552 1727 3718 1794 μαθὼν

2155 1813 2431 1883 βασιλεὺς,
2489 1816 2587 1868 καὶ
2637 1814 2716 1877 ὡς
2765 1816 2914 1879 εἰκὸς
2967 1816 3029 1869 τὸ
3084 1817 3329 1887 πραχθὲν
3387 1820 3717 1887 ἡγησάμενος

466 1876 608 1982 μὲτά
630 1876 855 1968 πολλῶιῖ
868 1916 1094 1988 ἀλλωνὴ
1118 1876 1399 1983 πόλιςκαζ
1421 1876 1746 1991 ’Χρμῗεῐνίους
1764 1876 2041 1987 ὲποίκουέ,
2078 1876 2119 1931 Β
2150 1906 2655 1978 Θαυματούργημα,
2674 1909 2736 1962 τὺ
2769 1910 2881 1962 πᾶν
2904 1908 2997 1961 τοῦ
3028 1909 3337 1979 παραδόξου
3358 1908 3441 1976 τῷ
3469 1927 3714 1980 πατριαρ-

460 2000 587 2057 Τῶν
608 2022 692 2067 τις
712 2006 806 2059 καὶ
837 2008 1255 2077 προεπεφθάκει
1280 2011 1653 2084 προσδραμὼν
1682 2016 1747 2084 τῇ
1780 2014 2043 2084 καθολικῇ

476 2096 776 2166 Ἐκκλησία
826 2102 920 2152 καὶ
979 2100 1136 2171 μύρῳ
1183 2102 1262 2171 τῷ
1296 2105 1439 2176 ἁγίῳ
1479 2106 1751 2176 χρισθείς.
1804 2110 1942 2177 Παρ*
1977 2111 2044 2180 ἢν

459 2188 643 2242 αἰτίαν
675 2191 767 2243 καὶ
798 2190 983 2255 ἄλλοις
1021 2195 1120 2265 μὲν
1171 2199 1287 2264 τοῖς
1334 2200 1656 2271 δμογενέσιν
1703 2205 2043 2277 ἀπόποργος

461 2377 582 2434 cat;
621 2371 770 2437 quali
825 2373 1121 2431 severitate
1167 2378 1378 2433 nullum
1418 2396 1609 2438 eorum
1650 2385 1743 2452 qui
1792 2389 2037 2443 omnium

460 2463 816 2519 confessione
865 2465 1202 2523 haberentur
1250 2471 1562 2531 divinarum
1610 2477 1789 2548 legum
1845 2481 2040 2538 obser-

462 2564 690 2611 vatores
721 2560 1083 2627 exactissimi,
1116 2579 1277 2620 usum
1325 2567 1503 2624 fuisse
1541 2575 1847 2631 constabat.
1889 2574 2039 2632 Inter

461 2645 563 2701 hos
608 2647 696 2703 ille
737 2650 891 2704 velut
932 2653 1126 2708 inanes
1158 2660 1518 2743 contemptim
1556 2662 1810 2723 fremitus
1847 2678 2035 2724 erecta

460 2736 665 2806 fronte,
717 2757 828 2821 quo
880 2744 1194 2802 intenderat
1264 2736 1637 2829 gradiebator,
1694 2758 1870 2814 fretus
1932 2761 2036 2816 sibi

458 2831 833 2897 paratissimo,
914 2847 969 2891 et
1025 2854 1137 2907 quo
1186 2843 1361 2911 magis
1418 2855 1694 2917 pergeret,
1744 2850 2035 2922 benignius

458 2935 677 2990 semper
711 2926 994 2995 aspirante
1043 2929 1234 2987 favore
1264 2935 1642 3005 imperatoris,
1678 2948 2035 3013 quantumvis

457 3011 677 3070 interim
724 3033 917 3075 omnes
977 3023 1350 3093 ringerentor,
1411 3034 1649 3089 maxime
1681 3047 1863 3093 autem
1900 3040 2036 3096 iusi-

459 3102 678 3170 gniores
704 3108 914 3176 quique
951 3114 1239 3179 aegerrime
1264 3115 1470 3175 ferrent
1501 3137 1625 3189 qua:
1652 3126 1720 3181 ab
1749 3128 1844 3184 illo
1877 3129 2033 3186 vide-

2147 1998 2344 2072 xoiivvt
2372 1999 2772 2070 προσανετίθει,
2803 2000 2922 2055 δέον
2952 2000 3032 2065 ὃν,
3065 1995 3243 2070 οἶμαι,
3265 2003 3365 2055 καὶ
3396 2001 3597 2071 μᾶλλον
3613 2001 3719 2069 θεῷ

2147 2092 2243 2145 καὶ
2272 2095 2338 2163 τῇ
2370 2092 2575 2157 πίστει,
2612 2094 2681 2164 ἢν
2715 2096 2925 2157 ἐκεῖνος
2952 2094 3205 2165 ἀφρόνως
3252 2095 3709 2166 βεδλασφημῆκει.

2149 2183 2260 2237 Καὶ
2297 2183 2497 2237 αὐτίκα
2551 2185 2768 2255 πρωῖας
2816 2185 3040 2249 σύναξιν
3089 2185 3275 2257 κοινὴν
3331 2185 3711 2257 παραγγέλλει,

2145 2368 2551 2439 spargebantnr
2586 2367 2753 2424 libelli
2774 2364 3055 2426 adversus
3086 2368 3457 2423 Athanasium
3504 2366 3705 2428 famosi,

2146 2471 2209 2515 ut
2276 2460 2503 2529 quidam
2538 2476 2729 2515 eorum
2763 2461 2949 2530 gravia
2998 2470 3054 2516 et
3092 2462 3250 2516 valde
3302 2461 3516 2518 absona
3549 2460 3706 2515 conti-

2144 2560 2338 2607 nentes
2390 2566 2564 2622 usque
2627 2552 2694 2605 ad
2754 2549 2904 2623 ipsas
2970 2553 3323 2622 imperatoris
3380 2552 3704 2621 pervenirent

2144 2658 2365 2709 manus,
2416 2645 2693 2699 inventam
2752 2645 2797 2700 is
2846 2644 3445 2716 occasioncm‘cuplde
3496 2642 3703 2713 arripuit

2141 2735 2477 2807 patriarcha:
2529 2736 2598 2791 de
2632 2748 2778 2791 novo
2817 2737 2885 2791 ad
2920 2737 3181 2806 populum
3206 2735 3624 2791 commendandi
3647 2748 3699 2787 es

2138 2844 2307 2886 causa
2343 2846 2508 2902 quam
2569 2846 2695 2885 mox
2750 2844 3046 2901 exponam.
3091 2830 3341 2887 llabebat
3395 2831 3528 2886 urbs
3576 2831 3700 2884 inter

2139 2924 2277 2978 alios
2314 2923 2594 2978 variarum
2640 2924 2887 2995 gentium
2950 2923 3257 2994 inquilinos
3314 2925 3507 2995 plures
3552 2921 3694 2978 etiam

2138 3016 2354 3087 aliquos
2387 3017 2680 3073 Armenes.
2710 3017 2915 3072 Horum
2946 3018 3221 3089 quispiam
3263 3019 3463 3073 relicto
3492 3030 3691 3072 suorum

2137 3109 2250 3164 ritu
2306 3119 2514 3164 nostrae
2563 3126 2623 3165 se
2656 3111 2950 3167 catholicae
3001 3120 3396 3181 aggregaverat
3439 3106 3691 3165 Ecclesia.

460 3195 589 3251 bant
613 3198 749 3265 fieri,
784 3210 1110 3275 tantumque
1139 3207 1399 3266 abessent
1431 3230 1459 3267 a
1496 3214 1793 3285 dignandis
1826 3238 2022 3277 assen-
2054 3218 2101 3282 C
2135 3217 2295 3258 ⁸³⁸το
2331 3202 2399 3256 ad
2438 3203 2540 3257 hoc
2578 3212 2780 3259 “"cws
2820 3203 3154 3269 Chrisma‘e;
3184 3218 3296 3273 q"°
3325 3202 3551 3258 nomine
3592 3213 3691 3252 ἠδ’

456 3305 521 3343 su
554 3292 634 3345 vel
674 3297 1069 3363 approbatione
1110 3316 1210 3355 sua
1262 3304 1369 3358 ulla
1402 3306 1525 3374 ejus
1556 3312 1714 3375 actis,
1743 3324 1802 3368 ut
1848 3331 2030 3374 mores

455 3382 631 3451 ipsius
678 3386 731 3439 in
792 3392 1209 3457 comparatione
1250 3412 1373 3451 cum
1416 3401 1537 3457 aliis
1578 3403 1738 3460 laude
1778 3412 2027 3464 omnium

454 3475 751 3533 celebratis
793 3481 1120 3549 praesidibus
1164 3485 1534 3546 I‘Icclesiarum
1586 3497 1744 3562 plane
1801 3500 1906 3555 sibi
1952 3502 2030 3555 vi-

453 3566 571 3620 deri
621 3578 964 3628 monstrosos
1007 3585 1173 3646 atque
1218 3580 1510 3639 horribiles
1546 3604 1653 3643 non
1706 3590 2049 3649 dissimula-’

453 3667 601 3714 rent.
652 3659 708 3715 In
757 3677 876 3717 eam
936 3667 1075 3723 alios
1130 3675 1456 3729 sententiam
1507 3680 1817 3737 adducebat
1875 3696 2028 3742 recta

450 3752 745 3808 msﬁmatio
776 3772 918 3811 verm
951 3759 1215 3818 virtutis:
1241 3766 1335 3820 alii
1367 3783 1532 3826 sensu
1564 3775 1803 3841 quodam
1833 3778 2027 3835 innato

450 3854 505 3896 et
534 3846 686 3911 quasi
735 3851 879 3916 genii
935 3853 1285 3913 abhorrentis
1334 3859 1709 3920 incitabantnr
1763 3869 2022 3938 impulsu.

449 3934 780 4005 Nonnullos,
827 3956 930 3996 nec
970 3943 1109 4000 forte
1164 3964 1390 4017 paucos,
1431 3954 1794 4014 stimulabant
1838 3964 1932 4017 ira:
1969 3965 2023 4019 in

445 4025 804 4083 Athanasium
844 4044 1077 4102 veteres,
1130 4041 1334 4108 prioris
1377 4046 1508 4100 olim
1558 4050 1680 4118 ejus
1739 4055 2026 4122 regiminis

445 4114 609 4188 520
667 4119 888 4190 injuriis
940 4143 1207 4196 accensae,
1255 4149 1490 4202 quarum
1529 4144 1850 4197 memoriam
1890 4163 2021 4216 pra:-

445 4226 572 4267 sens
633 4216 890 4272 similium
949 4225 1285 4289 experientia
1332 4228 1646 4288 refricabat.
1705 4235 2023 4306 Cujusmodi

443 4306 763 4374 prmjttdicia
830 4327 969 4380 quos
1022 4315 1324 4373 insederint
1373 4322 1607 4392 animos,
1656 4326 1724 4382 iis
1760 4329 2022 4387 nimirum

440 4492 695 4549 obnoxiis
738 4499 940 4552 moveri
995 4500 1156 4567 odiis,
1210 4503 1337 4560 dum
1385 4524 1481 4565 eos
1527 4523 1853 4571 aversantur
1880 4533 2018 4586 quos

2135 3310 2299 3365 gnum
2331 3296 2383 3349 in
2409 3312 2466 3351 se
2498 3297 2802 3350 concitarat
2853 3295 3037 3351 odium
3074 3295 3429 3367 popularium
3467 3306 3686 3348 suorum.

2135 3389 2437 3456 praesertim
2480 3402 2609 3441 vero
2654 3388 2885 3451 sororis,
2920 3388 3058 3443 adeo
3093 3395 3153 3443 ut
3196 3388 3407 3455 passim
3432 3401 3551 3443 eum
3583 3399 3689 3438 cum

2133 3482 2315 3535 caeteri
2347 3482 2748 3550 consanguinei
2799 3482 3066 3537 conviciis
3097 3481 3540 3552 proscinderent,
3564 3475 3703 3547 quod

2132 3586 2162 3626 e
2200 3571 2469 3642 religione
2503 3574 2680 3643 patria
2712 3572 2780 3627 ad
2820 3573 2982 3627 aliam
3016 3574 3376 3638 descivisset,
3413 3582 3523 3626 tum
3555 3583 3689 3622 emn-

2131 3664 2256 3720 dem
2315 3666 2664 3722 amarissime
2692 3665 2763 3720 ob
2799 3667 2852 3721 id
2894 3667 3072 3735 ipsum
3126 3682 3392 3738 germana
3426 3668 3685 3733 increpare

2133 3771 2244 3811 non
2287 3756 2582 3813 desineret.
2637 3757 2876 3828 Eratque
2930 3759 3027 3816 tali
3071 3776 3138 3815 ex
3173 3777 3341 3816 causa
3391 3760 3683 3817 continuum

2130 3850 2275 3907 inter
2325 3866 2423 3907 eos
2481 3855 2843 3909 commissum
2905 3854 3177 3925 jurgium.
3238 3853 3399 3922 Quod
3447 3855 3568 3910 dum
3612 3850 3683 3900 die

2129 3945 2369 4013 quadam
2406 3944 2711 4000 ferventius
2743 3946 3070 4018 agitaretur,
3110 3947 3238 4002 hinc
3273 3946 3340 4002 de
3391 3962 3537 4000 more
3565 3958 3682 3997 con-

2130 4033 2465 4090 viciantibus
2502 4033 2709 4089 homini
2759 4036 3105 4099 domesticis,
3161 4037 3287 4092 inde
3334 4036 3431 4091 illo
3466 4035 3680 4089 minante

2129 4142 2189 4182 se
2236 4125 2305 4181 ad
2349 4126 2723 4197 patriareham
2772 4128 3070 4183 relaturum
3101 4145 3224 4199 quae
3265 4128 3373 4185 sibi
3406 4126 3680 4195 exprobra-

2127 4227 2250 4274 rent
2273 4229 2326 4274 et
2351 4234 2447 4274 eos
2473 4218 2618 4289 apud
2646 4219 2827 4290 ipsum
2860 4233 3276 4286 accusaturum,
3312 4230 3557 4291 repertus
3582 4213 3675 4268 illis

2127 4310 2350 4380 quidam
2397 4310 2629 4380 estqui,
2677 4310 2826 4366 velut
2864 4327 2979 4366 rem
3020 4312 3300 4383 indignam
3349 4323 3503 4367 ratus
3538 4306 3671 4380 521

2128 4405 2391 4460 intentari
2452 4405 2589 4476 ipsis
2642 4407 3029 4462 auctoritatem
3075 4406 3238 4462 alieni
3290 4406 3601 4477 patriarcha:
3627 4408 3674 4454 et

2122 4496 2315 4566 jndicii
2357 4498 2476 4567 ejus
2511 4499 2815 4569 periculum
2855 4499 3199 4563 denuntiari,
3228 4500 3410 4568 erupit
3436 4501 3492 4553 in
3525 4496 3672 4569 ntale-

441 4594 547 4637 tatn
588 4590 802 4653 .merito
872 4594 1088 4648 cunctis
1162 4611 1360 4655 ειοεοε
1420 4601 1753 4675 intelligunt.
1814 4564 2014 4666 ve;um
2052 4564 2293 4656 Ddicta,
2353 4590 2490 4645 diris
2560 4588 2835 4646 devovens
2893 4600 2946 4645 et
2999 4592 3157 4646 ﬁdem
3216 4602 3272 4647 et
3330 4588 3667 4663 patriareham

440 4674 775 4732 Athanasius
807 4681 887 4735 vel
924 4683 1149 4752 ignarus
1179 4690 1261 4743 vel
1310 4690 1391 4745 sic
1440 4700 1701 4764 tanquam
1737 4699 2023 4770 ignoraret

439 4781 672 4824 securus
711 4772 848 4825 adeo
882 4772 1167 4844 flagrantis
1218 4784 1271 4835 in
1307 4783 1484 4852 ipsum
1528 4786 1765 4854 invidizr,
1800 4808 1907 4849 non
1942 4796 2015 4852 iis

439 4857 617 4910 solum
647 4875 788 4928 quos
826 4864 991 4931 priori
1024 4866 1306 4925 [unctione
1336 4874 1720 4940 patriarchalis
1767 4893 2010 4950 potesta-

439 4954 511 5005 tis
541 4953 851 5009 irritaverat
885 4960 1157 5027 vexaudo,
1187 4964 1552 5035 abscindique
1582 4984 1610 5022 a
1649 4971 1734 5025 sui
1760 4987 2012 5029 commu-

436 5044 605 5098 nione
653 5057 928 5116 coegerat,
968 5050 1165 5105 durum
1219 5053 1653 5125 indomitumque
1702 5074 1762 5115 se
1802 5063 2010 5131 praebe-

435 5137 549 5201 bat,
583 5140 677 5193 SCtl
713 5151 768 5195 et
799 5142 919 5197 sine
972 5142 1298 5200 discrimine
1343 5149 1559 5205 eunetis
1586 5152 1712 5208 aliis
1751 5156 2003 5223 acerbus,

433 5241 711 5299 austerus,
767 5249 1044 5301 morosus,
1082 5252 1145 5291 ae
1187 5239 1335 5293 velut
1392 5256 1542 5296 mare
1613 5246 2004 5313 procellosum,

434 5324 633 5377 minaci
692 5340 908 5393 semper
970 5341 1237 5397 apparere
1272 5332 1552 5403 pergebat,
1589 5335 1633 5389 si
1679 5351 1787 5390 non
1840 5337 2004 5392 etiam

432 5412 749 5480 allectabat,
796 5419 1057 5473 terribilis
1107 5423 1313 5489 specie.
1344 5423 1515 5479 Porro
1568 5427 1864 5499 imperator
1896 5446 2004 5485 non

431 5505 605 5574 magis
641 5505 790 5561 illum
840 5523 1005 5576 quam
1060 5512 1267 5580 proprii
1312 5528 1340 5566 a
1374 5515 1643 5584 principio
1689 5518 1757 5571 de
1789 5518 1882 5571 illo
1912 5519 2006 5574 dc-

430 5594 624 5647 clarati
658 5597 1046 5668 auctoritatem
1102 5599 1295 5668 judicii
1343 5607 1653 5659 constantia
1689 5622 2007 5676 persevera-

430 5683 525 5739 bat
574 5686 922 5742 irrevocabili
961 5693 1139 5759 tueri;
1184 5709 1284 5749 nec
1313 5698 1363 5749 ei
1417 5698 1741 5753 consulendi
1770 5699 2004 5769 ejusque

430 5778 752 5848 invigilandi
840 5784 1126 5839 securitati
1200 5787 1485 5856 providam
1568 5791 1996 5846 sollicitudinem

434 5869 765 5928 remittebat.
818 5872 1087 5939 Quoniam
1119 5893 1247 5934 vero
1278 5884 1388 5934 tam
1435 5878 1668 5936 licenter
1722 5881 1776 5936 in
1808 5882 2001 5954 vulgus

2119 4684 2306 4747 istum,
2348 4698 2507 4752 quem
2545 4692 2912 4739 contemnere
2943 4699 3139 4755 seutec
3168 4686 3328 4740 nauci
3362 4685 3552 4745 facere,
3586 4685 3675 4731 aut

2115 4775 2246 4848 quid
2281 4775 2349 4830 de
2383 4791 2444 4830 se
2470 4776 2806 4840 ccuseret,si
2829 4791 3018 4831 coram
3053 4793 3119 4832 eo
3144 4779 3432 4845 citaretur,
3460 4771 3663 4831 omnino

2116 4882 2313 4922 curare
2381 4867 2820 4923 demonstrabat.
2871 4867 3123 4924 Nondum
3178 4870 3305 4926 huic
3340 4880 3448 4926 tota
3490 4882 3520 4920 a
3557 4876 3667 4933 pro-

2115 4960 2244 5015 latis
2291 4961 2469 5016 verbis
2517 4960 2719 5015 talibus
2775 4960 2913 5013 hora
2966 4959 3282 5022 efﬂuxerat,
3333 4978 3455 5017 cttm
3492 4960 3661 5012 absce-

2118 5056 2255 5110 dens
2306 5054 2457 5119 inde,
2498 5055 2626 5109 dum
2679 5069 2776 5125 per
2808 5056 2997 5109 urbem
3057 5058 3395 5121 ambulabat,
3424 5072 3485 5112 ex
3530 5050 3660 5106 nulla

2115 5162 2237 5219 quae
2288 5157 2583 5216 appareret
2628 5163 2797 5201 causa
2859 5148 3252 5217 supplantatnr
3308 5148 3656 5212 sterniturque

2114 5238 2266 5293 humi
2291 5238 2409 5292 diro
2441 5254 2595 5304 casn,
2635 5237 2788 5291 visus
2814 5237 3170 5308 blasphemiae
3204 5254 3395 5307 pinnas
3424 5234 3653 5309 pendere.

2114 5331 2260 5403 quod
2310 5346 2376 5384 eo
2426 5329 2580 5398 lapsu
2617 5330 2815 5397 pedum
2875 5331 2952 5384 illi
2987 5332 3263 5387 contritus
3293 5334 3428 5388 alter
3457 5337 3552 5385 est.
3590 5321 3663 5376 Eo

2118 5427 2418 5495 imperator
2454 5423 2697 5491 cognito,
2729 5434 2983 5477 eventum
3028 5438 3095 5477 ex
3130 5426 3308 5493 prima
3348 5425 3520 5478 statim
3547 5428 3650 5481 spe-

2114 5517 2199 5571 cie
2231 5513 2525 5569 manifcsto
2554 5515 2821 5568 miraculo
2859 5515 3158 5584 imputans,
3200 5531 3298 5584 pro
3326 5524 3511 5570 caetera
3553 5518 3641 5561 sua

2112 5607 2475 5662 admiratione
2520 5608 2865 5675 patriarchae,
2901 5607 3211 5677 prodigium
3261 5608 3315 5663 id
3349 5621 3465 5663 esse
3488 5617 3516 5657 a
3551 5600 3645 5654 Deo

2114 5703 2426 5756 drrlaraute
2456 5716 2615 5754 suum
2640 5701 2694 5753 in
2735 5702 2910 5768 ipsum
2940 5715 3184 5754 amorem
3219 5709 3273 5753 et
3307 5701 3423 5769 ejus
3445 5689 3572 5764 apud
3594 5701 3646 5740 se

2114 5793 2309 5847 merita
2345 5791 2666 5845 mirabiliter
2718 5800 2993 5860 patratum
3035 5791 3153 5845 sine
3197 5792 3303 5846 ulla
3340 5784 3643 5881 dubitatione

2113 5884 2367 5951 credidit,
2426 5883 2818 5953 verisimilius,
2872 5885 2923 5939 ni
2981 5882 3166 5951 fallor,
3220 5884 3549 5955 opinaturus,
3599 5886 3639 5924 St
