3848 6560
214 411 301 473 5⁸13

1130 413 1227 472 DE
1275 411 1724 472 ANDRONICO
1752 410 2213 472 PALEOLOGO
2255 412 2402 471 LIB.
2442 412 2544 473 VI.

3324 401 3426 467 574

205 522 447 577 ἐπιτάττει
479 521 520 573 δ’
550 522 842 593 ἐνεχθῆναι
898 525 1007 579 καὶ
1047 524 1138 577 τὸν
1197 524 1616 595 διαταραχθέντα
1661 524 1736 586 ὼς
1768 527 1814 583 Α
1845 527 2038 595 σχόντα
2069 529 2197 590 τοὺς
2232 525 2428 590 ἄλλους
2459 523 2837 594 ἀποπέμπειν,
2886 521 2981 575 καὶ
3025 519 3224 575 αὐτίκα
3251 520 3429 589 περᾷν

202 611 323 683 εἶχεν
352 615 440 667 ἐπὶ
466 612 558 666 τοῦ
593 614 918 685 σκίμποδος.
951 610 1029 670 Οὖ
1053 616 1123 687 δὴ
1151 618 1249 669 καὶ
1278 618 1334 680 ἐς
1369 617 1536 688 μέσον
1554 619 1739 670 τεθέν-

199 724 293 773 τος,
328 708 515 778 πολλὴν
539 708 633 760 καὶ
657 708 946 777 διωλύγιον
971 710 1170 781 διεξῄει
1194 710 1542 781 δημηγορίαν
1560 753 1574 777 ,
1608 727 1736 763 συν-

201 801 338 855 ιστῶν
367 800 607 854 ἐντεῦθεν
633 801 691 855 δν
715 803 976 874 συνιστᾷν
1002 803 1185 874 ἠθελε,
1232 803 1342 858 τῶν
1367 804 1414 857 δ’
1444 805 1541 857 ἀπ’
1568 802 1736 856 αὐτοῦ

198 890 516 962 σχιζομνων,
572 894 901 962 καὶμᾶλλον
937 896 1050 948 τῶν
1105 896 1254 959 ίδίως
1303 895 1637 966 ζηλούντων,
1670 894 1739 947 τὰ

198 983 395 1034 πλεῖστα
427 984 762 1052 καθήπτετο.
802 984 907 1039 κᾶν
958 987 1160 1041 ἐκεῖνοι
1193 986 1293 1058 τὴν
1333 987 1566 1059 γνώμην
1593 987 1738 1053 ἅμε-

194 1076 390 1131 τάθετον
434 1073 582 1147 εἶχον
610 1080 697 1148 ἐφ’
731 1074 816 1145 οἷς
849 1081 1093 1151 ἀρχῆθεν
1127 1081 1574 1152 ἐπισχυρίζοντο.
1627 1079 1738 1133 Καὶ

193 1171 400 1241 ἔπασχον
430 1172 549 1241 μὲν,
583 1172 827 1245 ἔπασχον
852 1174 900 1228 δ’
929 1176 996 1229 ἂν
1031 1175 1127 1228 καὶ
1159 1176 1228 1228 τὰ
1265 1175 1522 1244 μέγιστα,
1552 1173 1602 1225 si
1635 1170 1738 1243 βα-

193 1265 344 1327 σιλεὺς
387 1265 532 1334 ύφίει
559 1268 656 1320 καὶ
681 1266 1003 1339 συνεχώρει.
1050 1267 1193 1321 Ἀλλ’
1218 1268 1434 1336 ἀνεῖχεν
1460 1266 1598 1330 ὅλως
1634 1264 1736 1328 τὰς

189 1358 260 1411 ἐπ’
284 1358 504 1423 ἐκείνοις
529 1359 641 1413 τῶν
668 1359 848 1414 ἄλλων
874 1360 1055 1432 ὁρμὰς
1082 1361 1307 1428 τρόποις
1334 1360 1732 1431 χρηστότητος.

318 1494 418 1565 κβ’.
466 1494 835 1567 Ἀνὰρῤησις
852 1498 961 1553 τοῦ
991 1499 1298 1567 Καίσαρος
1332 1496 1587 1552 Ἰταλοῦ.

242 1626 317 1699 [Ρ.
338 1627 467 1700 365]
510 1629 605 1683 Ἐν
651 1630 829 1702 τούτῳ
856 1632 954 1686 καὶ
1008 1632 1039 1686 δ
1088 1632 1198 1686 ἀπὸ
1249 1632 1492 1701 μεγάλου
1543 1632 1735 1697 δουκὺς

194 1721 366 1785 ἰτᾶλδς
394 1722 495 1791 μέν
525 1724 589 1777 τὸ
609 1724 788 1793 γένος,
820 1729 943 1789 ταῖς
973 1725 1021 1780 δ’
1053 1726 1162 1781 ἀπὸ
1187 1727 1283 1780 τοῦ
1324 1726 1591 1797 βασιλέως
1613 1728 1736 1780 ὀνο-

186 1814 382 1881 μασίαις
410 1814 488 1879 ὡς
518 1816 771 1887 γαμϐρὸς
800 1818 1172 1889 κλεῖςόμενος,
1204 1819 1445 1890 πέμπων
1471 1819 1737 1884 πολλάκις

1842 619 1963 672 κατ’
1994 619 2289 689 ἀνατολήν.
2324 617 2464 672 Ἀλλ’
2493 618 2645 687 ὅμως
2676 619 2741 670 ἐκ
2768 614 3072 685 σκαιωρίας
3118 613 3214 667 καὶ
3269 608 3431 673 αὖθις

1839 713 1937 781 οὐχ
1986 711 2318 765 ὑπελείπετο
2349 712 2658 781 πρόφασις,
2694 708 2833 763 ἀλλὰ
2887 706 3119 767 πολλοὺς
3176 705 3274 773 μὲν
3324 705 3430 758 δινὰ

1840 803 2086 867 Κύζικον
2114 805 2345 874 πέμπει,
2376 802 2611 866 πολλοὺς
2661 802 2706 856 δ’
2734 801 2840 854 ἀνὰ
2876 798 3071 869 Πηγὰς
3095 838 3109 860 ,
3147 795 3341 865 ἱκανὴν
3371 795 3429 847 δέ

1843 898 2043 966 μοῖραν
2085 898 2181 951 καὶ
2228 896 2308 966 τῷ
2363 896 2621 966 Δοπαδίῳ
2667 892 2989 962 προσνέμει.
3024 890 3195 951 Αὐτὸς
3228 889 3285 942 δὲ
3333 886 3427 940 καὶ

1837 988 1969 1052 τοὺς
1998 990 2131 1059 περ)⁸
2161 988 2255 1043 τὸν
2285 990 2668 1061 Μπυριγέριον
2709 988 2936 1042 θάλπων
2967 986 3071 1056 ήδη
3103 983 3425 1049 ἀποστατή-

1839 1099 2032 1147 σαντα,
2063 1083 2145 1136 ἐτι
2177 1082 2235 1136 δὲ
2266 1081 2516 1145 καὶτοὺς
2547 1081 2693 1153 ἀμφὶ
2724 1082 2818 1134 τὸν
2841 1079 3000 1133 νόθον
3023 1077 3254 1145 ἀδελφὸν
3291 1074 3428 1127 Θευ-

1837 1172 2055 1244 δερίχου
2083 1173 2536 1244 ὑποποιούμενος,
2561 1173 2773 1236 τούτοις
2798 1172 2897 1242 μέν
2930 1171 3091 1241 μέχρι
3124 1172 3220 1223 καὶ
3250 1168 3427 1221 Μιτυ-

1837 1267 2116 1338 λήνηςτδν
2133 1267 2305 1320 πλοῦν
2329 1284 2395 1320 πε
2406 1267 2685 1337 ριὼριζεν,
2708 1267 2946 1327 ἐκείνους
2966 1264 3023 1316 δὲ
3046 1262 3426 1331 παρακατεῖχε

1838 1362 1936 1414 καὶ
1966 1360 2272 1430 προφάσεις
2324 1360 2623 1414 ἐπλάττετο
2658 1359 2754 1413 καὶ
2804 1358 2978 1416 ἄλλας
3016 1339 3139 1425 μὲν,
3191 1354 3333 1414 τέως
3370 1352 3427 1404 δέ

1838 1469 1904 1521 γε
1936 1454 2039 1523 τὴν
2070 1454 2319 1524 ἔκδηλον,
2375 1456 2452 1518 ὡς
2486 1453 2832 1515 ἀκαθέκτους
2880 1451 3042 1513 ὄντας
3088 1447 3147 1501 ού
3198 1447 3427 1500 δύναται

1837 1547 2183 1617 καθυπάγειν
2216 1549 2299 1610 είς
2327 1548 2389 1600 τὸ
2430 1549 2634 1601 οἰκεῖον
2663 1545 2904 1617 θέλημα,
2945 1542 3042 1597 καὶ
3073 1540 3249 1595 ταῦτα
3285 1539 3424 1609 μηδὲ

1836 1641 1961 1702 ταῖς
2010 1640 2535 1709 κιχρεωστημέναις
2601 1637 2992 1707 μισθοφορίαις
3036 1631 3425 1693 ίκανωθέντας.

1849 1730 2199 1785 ’Υπεποιεϊτο
2232 1731 2291 1784 δὲ
2338 1733 2435 1787 καὶ
2490 1730 2591 1801 τὴν
2621 1731 2732 1783 τῶν
2765 1728 2965 1784 ἑκατὸν
3023 1727 3279 1798 χιλιάδων
3330 1725 3433 1778 τοῦ·

1840 1820 1988 1875 σίτου
2036 1822 2388 1893 συναγωγήν.
2425 1825 2540 1876 Καὶ
2574 1822 2679 1876 ἀνὰ
2719 1821 2886 1891 μέρος
2924 1821 3025 1890 μὲν
3050 1820 3099 1871 ei
3137 1816 3234 1870 τοῦ
3268 1816 3428 1886 βασιο

183 1907 296 1980 πρὸς
317 1881 548 1977 βασιλέα
580 1881 693 1965 καὶ-
715 1881 1046 1983 τεχνιτεύων
1069 1881 1168 1979 τὰς
1212 1881 1536 1987 σκαιωρίας,
1579 1881 1736 1980 τέλος
1765 1881 1814 1941 Β
1839 1910 1978 1975 λέως
2010 1881 2246 1981 συνῆγον
2272 1881 2365 1965 ’ἐκ
2394 1912 2497 1982 τῆς
2528 1881 2947 1982 χώραςέκείνιρ
2986 1911 3080 1963 τὸν
3124 1881 3296 1973 σῖτον,
3324 1908 3429 1961 ἁνὰ

184 2000 535 2056 ἀποσταλέντα
575 2004 674 2056 καὶ
718 2004 875 2068 αὖθις
921 2006 991 2059 τὰ
1036 2006 1133 2060 τοῦ
1172 2008 1454 2077 Καίσαρος
1490 2006 1739 2078 σύμϐολα

186 2097 300 2149 κατὰ
338 2096 437 2169 τὴν
471 2100 693 2170 ἡμέραν
724 2104 824 2171 τῆς
855 2102 949 2156 τοῦ
983 2102 1139 2170 ἁγίου
1172 2103 1428 2177 Λαζάρου
1465 2103 1740 2175 ἐγέρσεως

185 2187 473 2242 ὑποδέδεται
514 2192 609 2243 καὶ
639 2192 857 2264 Καῖσαρ
894 2192 1218 2265 φημίζεται,
1250 2192 1468 2265 δέχεταί
1493 2213 1554 2251 τι
1589 2196 1740 2265 παρά

183 2279 420 2349 βασιλέως
461 2284 560 2336 καὶ
610 2284 841 2355 χρυσίου
874 2286 1193 2357 νομίσματα
1236 2287 1555 2359 χιλιοστύας
1586 2292 1739 2360 τρεῖς

181 2372 291 2443 πρὸς
319 2376 643 2444 τριάκοντα.
688 2377 980 2433 Ξυνέκειτο
1017 2379 1074 2434 δὲ
1124 2381 1275 2448 σφίσι
1306 2379 1607 2451 λαμϐάνειν
1642 2383 1737 2435 καὶ

181 2463 306 2519 σίτου
348 2469 625 2531 τοπικοίδς
670 2470 887 2538 μοδίους
914 2473 1108 2527 ἑκατὸν
1138 2472 1407 2543 χιλιάδας,
1444 2475 1539 2527 καὶ
1572 2475 1735 2544 μέχρι

180 2559 255 2615 καὶ
290 2560 343 2624 ἐς
378 2563 531 2632 τρεῖς
580 2561 831 2632 χιλιάδας
866 2565 1130 2636 μαχίμων
1156 2547 1367 2634 ἀνδρῶν
1409 2583 1735 2635 παρακατα-

178 2740 282 2797 ﬁdei
314 2742 387 2798 ab
431 2742 539 2799 isto
596 2744 946 2813 blasphemia
1000 2746 1219 2801 violata:
1259 2748 1551 2819 repetitam
1599 2750 1733 2803 sica

176 2832 392 2893 Numine
424 2839 692 2893 ultionem
730 2838 925 2894 fuisset
976 2839 1403 2909 interpretatus.
1460 2841 1736 2898 Postridie

177 2931 320 3002 igitur
385 2948 548 2988 mane
623 2931 922 2988 Confestim
994 2935 1319 2989 concionem
1389 2934 1732 3003 frequentem

176 3027 413 3083 advocat.
442 3026 712 3095 Pracepit
748 3035 930 3081 autem
961 3043 1026 3081 eo
1057 3028 1110 3082 in
1143 3027 1348 3084 lectulo
1375 3029 1577 3084 deferri
1609 3046 1732 3085 eum

175 3119 251 3193 qui
282 3120 457 3191 pridie
495 3119 713 3190 pedem,
749 3128 810 3174 ut
842 3119 1048 3175 dictum
1093 3131 1198 3186 est,
1230 3121 1511 3191 fregerat;
1540 3137 1650 3192 quo
1678 3122 1731 3176 in

1845 2004 2011 2076 μέρος
2062 2004 2109 2058 δ’
2140 2007 2349 2068 ἐκεῖνος
2381 2005 2512 2068 τοὺς
2570 2006 2733 2068 ἰδίους
2790 2006 3028 2075 πέμπων
3082 2004 3334 2074 ἐξεφόρει
3367 2000 3432 2054 τὸ

1840 2098 2269 2170 εὑρισκόμενον,
2327 2100 2604 2170 προφάσει
2658 2101 2759 2170 μὲν
2814 2101 2890 2161 ὡς
2940 2097 3285 2166 ἐπιταχύνων
3328 2095 3429 2165 τὴν

1840 2191 2250 2256 ἀπανάστασιν,
2286 2194 2351 2245 τὸ
2369 2193 2414 2246 δ’
2439 2192 2645 2261 ἀληθὲς
2679 2192 2775 2246 καὶ
2800 2193 2829 2245 ὃ
2868 2191 3071 2262 μᾶλλον
3092 2190 3429 2253 κατενοείτο,

1839 2281 1942 2345 τὰς
1996 2283 2296 2351 ἐπιθυμίας
2350 2285 2647 2355 ἐμπιπλῶν
2700 2285 2795 2339 καὶ
2842 2282 3205 2354 καταφρονῶν
3248 2283 3307 2345 ἐς
3345 2282 3430 2335 ὃτι

1842 2374 2101 2446 μάλιστα.
2143 2376 2233 2430 Ἐν
2261 2377 2504 2449 τοσούτῳ
2532 2377 2593 2431 δέ
2628 2377 2718 2430 ἵνα
2759 2376 2825 2448 δὴ
2867 2377 2965 2430 καὶ
3011 2376 3178 2429 πλέον
3202 2376 3296 2428 τὸν
3327 2374 3430 2446 βα·

1841 2469 1999 2524 σιλέα
2029 2470 2467 2544 ὑποποιήσηται,
2498 2473 2617 2541 ἅμα
2642 2472 2697 2524 δὲ
2725 2473 2820 2525 καὶ
2853 2470 3001 2525 κατά
3046 2484 3201 2533 τινας
3232 2468 3432 2537 ἐτέρας

1841 2564 2168 2635 προφάσεις,
2198 2566 2299 2635 τὴν
2352 2568 2452 2635 μὲν
2485 2564 2755 2635 πενθερὰν
2802 2566 2897 2617 καὶ
2942 2564 3044 2633 τὴν
3085 2563 3320 2630 σύζυγον
3347 2560 3433 2630 τῷ

1840 2750 2109 2802 duntaxat
2158 2748 2488 2816 bellatorum
2543 2748 2770 2803 fortium
2823 2747 2995 2802 millia
3043 2762 3073 2802 e
3104 2746 3222 2801 suis
3256 2747 3434 2818 copiis

1839 2848 2211 2902 retenturum,
2243 2856 2307 2894 ac
2360 2822 2606 2895 dimissis
2654 2839 2889 2910 reliquis
2924 2853 3050 2893 curn
3093 2838 3204 2894 illis
3260 2837 3435 2906 traje-

1837 2942 2057 2987 cturum
2105 2932 2157 2987 in
2208 2931 2514 2986 Orientem.
2548 2931 2765 2998 Quibus
2839 2931 2892 2985 in
2937 2930 3149 2986 cunctis
3197 2929 3438 2983 admini-

1838 3021 2083 3077 strandis
2109 3033 2403 3079 consuetas
2446 3022 2743 3078 adhibebat
2770 3022 3022 3085 astutias,
3077 3020 3243 3076 variis
3291 3034 3436 3088 prea-

1839 3115 2087 3171 textibus
2121 3115 2382 3171 illudens.
2408 3115 2543 3171 Nam
2571 3133 2635 3170 ex
2670 3116 2780 3173 illis
2813 3130 2956 3185 quos
2986 3131 3047 3171 se
3074 3114 3435 3169 dimissurum

175 3215 336 3270 medio
371 3215 551 3285 posito
582 3229 717 3270 sane
747 3214 967 3285 longam
992 3225 1047 3269 et
1074 3215 1363 3269 verbosam
1396 3231 1426 3271 e
1452 3216 1735 3285 superiore
1761 3232 1806 3297 ρ
1840 3211 2198 3280 promiserat,
2234 3210 2436 3265 multos
2468 3210 2728 3281 Cyzicum
2763 3210 2938 3274 misit,
2976 3209 3179 3264 multos
3222 3208 3432 3277 Pegas;

174 3310 439 3377 Augustus
473 3307 595 3362 loco
649 3306 846 3362 eﬁ'udit
900 3298 1235 3373 orationem,
1282 3309 1579 3377 exquisitis
1613 3323 1739 3364 eve-

176 3400 295 3455 hens
319 3400 619 3470 praeconiis
647 3414 815 3470 quem
839 3400 1061 3454 volebat
1091 3402 1506 3465 commendare,
1531 3403 1737 3458 abscis-

176 3505 255 3546 sos
286 3501 467 3545 autem
503 3490 571 3545 ab
609 3505 700 3555 eo,
739 3499 834 3544 aut
884 3492 1069 3561 potius
1093 3491 1145 3547 ei
1193 3492 1451 3563 privatim
1489 3493 1738 3549 inviden-

176 3591 266 3644 tes,
290 3584 435 3639 haud
468 3599 635 3654 parce
662 3584 814 3639 omni
846 3584 1144 3641 occasione
1174 3586 1495 3649 lncursans,
1533 3586 1736 3642 frustra

177 3677 225 3733 id
272 3677 519 3747 quidem,
561 3684 829 3748 quantum
877 3678 946 3734 ad
991 3693 1088 3734 eos
1134 3677 1203 3733 de
1243 3681 1517 3734 sententia
1562 3662 1739 3736 dimo-

179 3771 372 3827 vendes
430 3772 719 3842 pertinuit.
755 3771 906 3827 Adeo
948 3770 1093 3827 enim
1123 3771 1389 3843 quidquid
1440 3772 1739 3842 imperator

181 3863 397 3930 diceret,
448 3864 657 3919 nullam
716 3863 827 3917 vim
895 3877 1090 3918 eorum
1145 3864 1360 3918 animos
1410 3861 1736 3918 imtnutandi

181 3955 379 4021 habuit,
401 3965 462 4011 ut
492 3965 687 4011 contra
724 3957 780 4011 in
812 3956 1053 4027 antiquis
1084 3956 1352 4011 adversus
1372 3956 1738 4011 Athanasium

177 4047 388 4115 judiciis
419 4059 471 4103 et
517 4049 661 4104 odiis
715 4049 894 4118 magis
929 4048 1215 4118 magisque
1254 4047 1735 4102 confirmarentur.

182 4139 237 4194 Et
263 4141 609 4212 patiebantur
658 4141 737 4199 illi
779 4141 1004 4211 quidem
1055 4141 1124 4195 ab
1172 4139 1481 4195 Athanasio
1546 4141 1739 4206 multa,

150 4233 344 4287 -multo
383 4234 537 4303 plura
577 4242 631 4287 et
667 4232 994 4303 gravissima
1029 4231 1275 4303 passuri,
1307 4232 1353 4286 si
1396 4232 1744 4301 permitteret

181 4343 293 4380 eum
342 4328 639 4397 imperator
691 4327 757 4380 ad
818 4336 1126 4381 extremum
1162 4325 1447 4394 indulgere
1499 4325 1740 4395 maligno

183 4435 271 4490 suo
312 4422 491 4489 genio.
533 4420 819 4474 lnhibebat
856 4417 1002 4473 enim
1040 4417 1131 4471 ille
1173 4416 1403 4470 omnino
1432 4428 1489 4471 et
1524 4416 1596 4470 ab
1632 4417 1742 4471 illis

184 4512 411 4575 arcebat,
460 4511 665 4563 innatre
718 4506 1161 4561 mansuetudinis
1218 4502 1510 4567 instinctu,
1568 4516 1742 4558 saevos

1847 3321 1949 3362 nec
1994 3304 2268 3365 modicam
2329 3319 2522 3359 eorum
2581 3311 2792 3373 partem
2844 3302 3072 3373 Lopadii
3121 3301 3432 3358 collocavit.

1846 3398 2072 3453 Interim
2104 3399 2223 3466 ipse
2255 3398 2654 3468 Mpyrigerium
2691 3398 2871 3466 palam
2906 3396 3225 3462 imperatori
3250 3395 3434 3451 rebel-

1848 3494 1956 3548 lem
1989 3492 2229 3557 fovebat,
2264 3502 2322 3546 et
2353 3506 2479 3545 eum
2499 3490 2671 3545 fratre
2691 3489 2862 3545 notho
2892 3488 2932 3542 Τ
2940 3487 3260 3544 beuderichi
3286 3486 3438 3556 ejus-

1846 3602 1955 3658 que
1984 3587 2165 3643 classe
2198 3585 2428 3657 piratica
2459 3584 2732 3640 familiare
2755 3582 3146 3638 commercium
3172 3580 3436 3646 habebat,

1846 3680 2062 3735 idoneis
2085 3694 2180 3734 eos
2208 3679 2403 3734 ciliciis
2424 3679 2717 3733 deliniens.
2754 3678 2829 3732 Ac
2853 3676 3052 3731 Siculis
3075 3675 3296 3741 quidem
3322 3674 3435 3728 illis

1849 3777 2093 3847 spatium
2124 3775 2448 3832 incursandi
2476 3774 2647 3830 maris
2669 3788 2843 3842 usque
2866 3775 2932 3826 ad
2955 3770 3271 3841 Mytilenem
3294 3782 3435 3840 pra-

1848 3866 2060 3923 ﬁuivit:
2102 3867 2402 3923 Catelauos
2434 3874 2620 3920 autem
2651 3878 2792 3933 quos
2829 3861 3191 3917 dimissurum
3221 3873 3282 3913 se
3307 3872 3437 3928 pro-

1850 3961 2077 4016 miserat
2118 3967 2312 4014 contra
2351 3967 2505 4027 pacta
2542 3958 2813 4018 retinens,
2865 3955 3027 4010 ﬁctas
3061 3952 3301 4023 perﬁdiae
3336 3968 3437 4007 ex-

1848 4052 2167 4109 cusationes
2209 4050 2568 4114 obtendebat,
2619 4065 2742 4102 cum
2780 4049 2938 4108 alias,
2985 4055 3102 4101 tum
3134 4046 3282 4100 illam
3319 4045 3435 4113 jam

1851 4144 2196 4209 tralatitiam,
2237 4143 2381 4198 haud
2411 4157 2573 4211 posse
2605 4156 2666 4195 se
2696 4141 2915 4210 adigere
2941 4153 3052 4207 quo
3088 4147 3311 4206 cuperet
3339 4136 3439 4191 ho-

1850 4240 2030 4293 mines
2066 4238 2347 4300 infrtenes,
2383 4238 2477 4307 qui
2513 4236 2812 4305 praesertim
2856 4234 3043 4288 debita
3077 4232 3286 4287 dudum
3331 4230 3437 4285 sibi

1850 4346 1953 4388 nec
2025 4332 2206 4386 adhuc
2270 4334 2663 4399 repraesentata
2714 4326 2993 4396 stipendia
3059 4331 3434 4392 reposcerent.

1850 4422 1965 4478 Nec
2000 4423 2349 4491 temperabat
2391 4422 2525 4489 quin
2559 4419 2853 4475 fraudandi
2898 4417 3249 4472 occasionem
3292 4415 3438 4468 arri-

1852 4527 2005 4588 peret
2038 4533 2106 4572 ex
2145 4518 2413 4586 imperata
2458 4516 2527 4570 de
2560 4530 2664 4583 qua
2708 4514 2952 4568 diximus
2999 4509 3438 4581 comportatione

185 4600 423 4672 ferosque
446 4600 854 4656 imminentium
888 4599 958 4654 iis
1006 4597 1304 4669 perdendis
1334 4596 1742 4652 Athanasiano—
1777 4597 1818 4651 D
1851 4611 2133 4669 frumenti,
2170 4609 2273 4677 ipsi
2322 4608 2477 4676 prius
2514 4620 2681 4675 quam
2729 4606 3113 4659 transit-claret
3157 4604 3214 4657 in
3247 4602 3434 4655 Asiam

187 4710 296 4748 rutn
318 4696 577 4765 impetus.

484 4834 578 4889 22.
611 4834 941 4891 Acclamatio
987 4830 1219 4887 Ca'saris
1272 4829 1426 4885 Itali.

154 4953 163 4961 ’
252 4967 388 5023 inter
408 4968 527 5024 Inec
551 4968 596 5022 is
613 4968 702 5035 qui
731 4981 961 5035 magnus
985 4966 1092 5019 dux
1122 4964 1319 5030 fuerat,
1338 4963 1503 5018 italus
1532 4965 1749 5033 quidem

191 5076 393 5125 genere,
428 5060 523 5115 sed
554 5060 714 5129 522
746 5059 839 5129 qui
868 5057 1053 5127 generi
1085 5057 1449 5126 appellatione
1478 5056 1548 5110 ab
1579 5058 1751 5126 impe-

192 5164 360 5209 ratore
398 5155 794 5217 honorabatur,
827 5154 1052 5207 mittens
1087 5152 1320 5207 subinde
1346 5151 1411 5203 ad
1446 5150 1750 5220 Augustum

193 5245 512 5301 ctiraudum
550 5245 700 5300 illum
746 5261 972 5301 suarum
1017 5243 1267 5300 artiﬁciis
1307 5244 1616 5312 implicatus,
1657 5244 1752 5298 de-

196 5338 344 5407 nique
377 5355 570 5394 rursus
596 5341 667 5395 ab
699 5354 765 5396 eo
803 5342 970 5395 missa
1002 5341 1266 5395 Cresareat
1287 5337 1575 5410 dignitatis
1612 5338 1751 5393 insi-

195 5430 325 5494 guia,
352 5430 443 5486 die
467 5446 576 5501 qua
616 5431 809 5485 Lazari
840 5432 1179 5487 resurrectio
1206 5430 1539 5493 celebratur,
1569 5430 1753 5483 induit

193 5528 246 5571 et
267 5521 448 5576 Caesar
473 5523 830 5577 acclamatur.
858 5522 1084 5592 Accepit
1105 5531 1285 5577 autem
1317 5523 1387 5577 ab
1422 5522 1751 5588 imperatore

200 5611 289 5667 tria
320 5626 375 5669 et
407 5616 633 5686 triginta
667 5630 1021 5670 nummorum
1053 5629 1344 5669 aureorum
1380 5614 1574 5668 millia.
1609 5612 1752 5667 Con-

200 5716 520 5779 veneratque
569 5709 714 5763 inter
758 5708 883 5763 illos
916 5709 1178 5762 tradenda
1221 5715 1485 5775 prztcrea
1526 5707 1602 5762 illi
1638 5705 1753 5761 fore

203 5799 487 5856 modiorum
535 5803 797 5858 frumenti
850 5816 1123 5859 mensura:
1176 5802 1316 5859 locis
1365 5803 1472 5857 illis
1537 5804 1753 5856 usitatae

205 5899 407 5950 centum
464 5895 653 5952 millia.
706 5895 831 5965 ipse
884 5904 1066 5951 autem
1117 5897 1487 5968 spoponderat
1541 5894 1639 5959 tria
1692 5911 1753 5951 se

1854 4700 2217 4754 admetiendi.
2251 4698 2328 4754 Ne
2355 4700 2503 4753 enim
2549 4713 2788 4767 unquam
2836 4697 3176 4752 constitutus
3225 4696 3437 4751 modio-

1854 4808 1975 4847 rum
2002 4806 2268 4846 numerus
2288 4793 2443 4861 plene
2462 4798 2650 4860 posset
2668 4789 2889 4852 conﬁci,
2914 4800 2974 4844 ut
2995 4804 3270 4858 quamque
3292 4788 3438 4843 illius

1854 4892 2061 4953 partem
2094 4885 2229 4953 regii
2265 4883 2501 4937 ministri
2533 4882 2773 4939 conferri
2808 4882 2989 4936 locum
3029 4880 3083 4933 in
3117 4878 3277 4949 523
3298 4894 3436 4949 pra:-

1854 4977 2122 5044 scriptum
2169 4983 2501 5029 curaverant
2553 4990 2586 5029 e
2640 4973 2807 5028 variis
2857 4972 3174 5041 regionibus
3225 4982 3439 5027 tractus

1853 5065 2107 5130 Occidui,
2136 5082 2257 5121 eam
2288 5065 2473 5121 statim
2513 5080 2609 5134 per
2640 5081 2671 5119 a
2712 5080 2774 5120 se
2811 5066 3016 5119 missos
3040 5064 3272 5135 jubebat
3319 5063 3439 5119 tolli

1855 5159 2249 5230 exportarique
2309 5168 2574 5227 pmteXtu
2643 5158 3021 5213 acceleranda:
3085 5157 3438 5226 migrationis

1857 5252 2106 5320 Augusto
2125 5258 2394 5319 exoptata:
2410 5249 2824 5316 Catelanorum,
2842 5265 3036 5305 revera
3053 5261 3261 5314 autem,
3286 5251 3435 5318 quod

1860 5345 1996 5400 satis
2018 5343 2166 5397 clare
2195 5341 2508 5411 pellucebat
2532 5344 2725 5411 peritis
2748 5359 2956 5408 rerum,
2982 5343 3297 5412 inexplebili
3325 5359 3437 5397 sua:

1857 5434 2146 5503 indulgens
2169 5433 2458 5503 cupiditati
2489 5444 2546 5489 et
2582 5433 2893 5491 Romanum
2932 5436 3223 5505 imperium
3263 5436 3437 5490 licen-

1858 5524 2072 5579 tissime
2097 5524 2407 5580 ludiﬁcans.
2451 5523 2567 5580 Sub
2595 5527 2734 5589 haec,
2769 5536 2830 5581 ut
2864 5529 3251 5596 imperatorem
3282 5536 3436 5582 tanto

1858 5617 2226 5686 adstringeret
2256 5620 2454 5685 artius,
2500 5631 2663 5689 prout
2706 5622 2755 5674 ei
2795 5630 2914 5676 erat
2954 5628 3325 5690 opportunum
3364 5622 3433 5676 ad

1856 5711 2040 5765 varios
2060 5713 2348 5780 quospiam
2373 5715 2755 5780 perplexarum
2780 5712 3250 5767 machinationum
3275 5712 3433 5781 ﬁnes,

1855 5819 2078 5858 socrum
2111 5819 2268 5858 suam
2300 5814 2359 5860 et
2393 5821 2517 5860 cum
2567 5820 2630 5860 ea
2664 5819 2890 5859 uxorem
2925 5803 3209 5874 gravidam
3241 5805 3295 5857 in
3335 5821 3434 5859 nr-

1855 5896 1976 5952 bcm
2007 5896 2072 5952 ad
2111 5897 2497 5967 imperatorem
2523 5913 2585 5954 sc
2611 5898 2863 5955 conferre
2895 5896 3072 5967 jubet,
3105 5896 3436 5968 allegaturas
