3848 6554
488 390 598 451 57]

1666 426 1675 439 .
1720 388 2039 447 GEORGII
2086 388 2561 451 PACIIYMEILE
3630 400 3713 458 5330

491 506 734 572 μείζοσιν
784 507 985 573 ὁρμαῖς
1037 504 1295 573 ἀλλήλους
1355 505 1882 575 παρακροτήσαντες
1906 546 1919 569 ,
1973 506 2068 558 καὶ
2101 511 2141 564 Α
2175 505 2301 573 περὶ
2329 506 2420 555 τὶν
2448 505 2605 558 νόθον
2641 504 2872 571 sane».
2920 504 3240 573 Θευῖερίχου
3275 505 3448 573 ἐγγύς
3484 524 3575 562 που
3605 527 3712 563 ναυ-

492 598 694 664 μᾶλλον
734 595 971 657 Ἀλανοὶ,
1004 595 1291 657 ὲπιόἇιντες
1322 596 1431 649 τῶν
1462 595 1649 650 ἵππων
1690 597 1903 663 ἐξέθεον
1938 616 2073 649 παν-

485 689 676 760 ταχοῦ,
695 690 829 741 ὅπου
862 690 928 741 ἂν
951 688 1045 741 καὶ
1081 687 1491 758 καταλήψαιντο
1521 690 1890 749 Κατελὰνους.
1924 689 2065 743 Ἀλλ’

484 782 515 834 ὁ
551 781 804 850 βασιλεὺς
840 778 1028 849 μαθὼν
1067 780 1169 848 τὴν
1194 780 1473 849 ἐκδρομὴν
1505 780 1634 849 ὃλην
1664 782 1772 833 τῶν
1805 798 2070 849 στρατευ-

488 874 696 940 μάτων,
719 872 814 926 καὶ
833 872 1018 936 δείσας
1041 875 1170 943 περὶ
1199 873 1442 936 ἐκείνους
1467 876 1541 943 μή
1572 890 1688 935 πως
1710 875 2069 936 ἀσυντάκτως

485 969 770 1030 ἐκθέοντες
806 966 1084 1037 ἡττηθῶσι
1120 966 1217 1019 καὶ
1246 969 1326 1029 εἰς
1358 966 1605 1020 κίνδυνον
1647 967 1835 1029 αὐτοῖς
1865 968 1897 1034 ἡ
1923 966 2070 1036 ὁρμὴ

485 1063 741 1131 περιστῇ,
768 1059 991 1130 πέμψας
1023 1060 1116 1113 τὸν
1148 1059 1292 1112 θεῖον
1323 1058 1492 1113 αὑτοῦ
1525 1058 1805 1129 Θεόδωρον
1848 1058 2066 1127 σύναμα

483 1155 579 1206 καὶ
603 1152 783 1215 ἄλλοις
809 1151 1179 1222 ὑποστρέφειν
1210 1151 1430 1222 ἐπείρα.
1460 1150 1537 1205 Οὐ
1569 1152 1676 1222 μὴν
1705 1151 1763 1203 δὲ
1786 1152 1881 1204 καὶ
1904 1150 2068 1222 ἥνυτε

479 1244 541 1297 τὺ
597 1246 882 1315 παράπαν,
933 1243 1054 1298 ἀλλ’
1097 1243 1258 1307 εὐθὺς
1307 1242 1523 1308 ἐξέθεον
1563 1244 1658 1297 καὶ
1704 1244 1893 1306 τόποις
1924 1244 2068 1295 τισὶν

480 1337 836 1406 ἐφιστάμενοι
863 1337 1086 1399 Ἰταλοῖς
1120 1336 1217 1406 μὲν
1261 1337 1405 1407 (οὐδὲ
1428 1338 1535 1407 γὰρ
1565 1337 1787 1391 ἄπυστά
1809 1353 1897 1390 πω
1915 1336 2069 1403 σφίσι

478 1430 547 1483 τὰ
576 1429 673 1483 τοῦ
716 1432 1001 1501 Καίσαρος
1046 1427 1211 1502 ἦσαν)
1265 1431 1426 1500 φόνον
1478 1430 1726 1500 ἐπῆγον,
1778 1430 1983 1492 ἵππους
2022 1429 2066 1481 δ’

477 1524 702 1577 ἐκείνων
737 1526 832 1577 καὶ
865 1524 1007 1577 ὅπλα
1054 1525 1150 1577 καὶ
1201 1525 1463 1595 χρήματα
1493 1525 1620 1585 τοὺς
1668 1523 1769 1593 μὲν
1820 1523 2063 1593 ἀπῆγον,

476 1616 544 1668 τὰ
573 1616 630 1669 δὲ
663 1616 974 1683 συνέλεγον.
1015 1616 1214 1670 Φθάνει
1258 1618 1303 1671 δ’
1346 1620 1440 1670 ἐπὶ
1475 1618 1686 1681 τούτοις
1729 1620 1821 1673 καὶ
1855 1619 1924 1673 τὰ
1967 1620 2065 1689 τῆς

477 1709 670 1777 φήμης
727 1709 1132 1780 ἐντελέττερον,
1184 1712 1282 1764 καὶ
1337 1713 1537 1783 ἀκαρεῖ
1593 1713 1710 1781 ἅμα
1762 1712 2064 1768 Κατελάνοι

477 1804 680 1864 παντες
712 1800 810 1872 τὴν
840 1803 1075 1855 Καλλίου
1101 1804 1435 1866 εἰσελθόντες
1463 1800 1553 1875 (ἦν
1577 1805 1686 1876 γὰρ
1709 1807 1774 1859 ὲκ
1799 1805 2055 1860 πλείστου

483 1867 990 1961 κατησφαλ-ισμένον
1011 1892 1075 1945 τὸ
1097 1894 1377 1965 φρούριον)
1403 1867 1623 1959 ἑαυτοῖς
1644 1867 1746 1966 μὲν
1766 1898 2059 1967 προνοοῦσι
2088 1867 2136 1927 Β

484 1981 574 2052 τὴν
598 1984 892 2054 σωτηρίαν,
920 1987 1047 2049 τοὺς
1068 1986 1113 2040 δ’
1143 1988 1200 2040 ἐν
1222 1988 1360 2058 αὐτῇ
1389 1988 1702 2058 Ῥωμαίους
1730 1989 2059 2060 παμπληθεῖ

480 2077 773 2139 κτείνουσι,
811 2075 933 2147 μηδ’
955 2077 1138 2129 αὐτῶν
1168 2077 1476 2148 φειδόμενοι
1501 2080 1610 2132 τῶν
1630 2081 1864 2147 νηπίων.
1891 2082 2060 2146 Τέλος

480 2169 608 2237 περὶ
646 2167 755 2221 τῶν
794 2169 963 2234 ἰδίων,
994 2162 1070 2222 ὧν
1098 2187 1157 2223 τε
1192 2172 1410 2241 Καῖσαρ
1438 2172 1681 2242 ἐπήγετο
1722 2174 1820 2227 καὶ
1859 2175 1970 2228 τῶν
1999 2176 2058 2227 ἐν

483 2261 544 2328 τῇ
575 2258 727 2312 πόλει
765 2260 996 2313 καὶτῶν
1026 2260 1333 2331 ἑκασταχοῦ
1365 2262 1754 2332 πεμφθέντων,
1779 2264 2059 2328 δείσαντες

481 2350 558 2422 μὴ
586 2351 862 2415 κάκείνοις
913 2354 1155 2416 κίνδυνος
1202 2358 1477 2426 περιστῇ,
1514 2359 1885 2428 κατασχόντες
1929 2360 2058 2419 τοὺς

482 2447 768 2516 περιόντας
804 2445 1075 2515 φυλακαῖς
1099 2449 1351 2517 ἐτήρουν.
1416 2449 1685 2519 Ἐμελλον
1714 2450 1771 2503 δὲ
1807 2454 1900 2504 καὶ
1932 2454 2057 2515 τοὺς

479 2610 790 2684 diosissime
814 2630 869 2684 in
897 2631 1170 2699 Angustos
1189 2630 1621 2699 machinarctur,
1648 2642 1808 2704 prout
1832 2635 2057 2689 eviden-

480 2722 625 2777 tibus
664 2730 782 2776 erat
818 2721 1039 2777 indiciis
1076 2733 1444 2793 compertum.
1498 2725 1723 2780 Interim
1755 2742 1884 2782 vero
1923 2732 2054 2781 totis

479 2814 853 2884 trepidabatur
890 2814 1111 2877 castris,
1148 2816 1256 2870 alio
1294 2816 1463 2874 alium
1503 2814 1783 2875 Michaelis
1818 2818 2052 2872 militum

476 2906 681 2977 passim
742 2907 1070 2962 adhortante
1128 2907 1195 2961 ad
1250 2907 1650 2977 erumpendum
1725 2909 1775 2962 in
1832 2908 2054 2965 Latinos

474 3006 652 3054 morte
702 2999 860 3055 ducis
895 3000 1139 3070 ipsorum
1194 3007 1451 3071 superate
1493 3000 1766 3059 faciliores
1818 3003 2050 3061 futuros.

472 3089 532 3146 In
566 3092 760 3160 primis
784 3091 944 3162 527
975 3093 1134 3148 Alani
1169 3095 1492 3150 conscensis
1523 3095 1722 3165 raptim
1748 3096 1903 3167 equis
1925 3111 2048 3153 cum

2177 596 2539 667 λοχουμένους
2599 598 3033 667 εἰσφρήσεσθαιο
3072 596 3147 656 ὡς
3195 596 3240 648 δ’
3288 597 3391 666 οὐχ
3436 598 3711 668 ὡμολόγουν

2175 690 2302 759 περὶ
2337 691 2403 744 τὰ
2436 692 2894 760 συμφωνούμενα.
2927 688 3014 761 [Ρ.
3047 686 3174 760 56η
3209 690 3440 750 ἐκείνοις
3484 693 3575 759 μὲν
3600 695 3709 762 ἐφῆ-

2173 800 2277 836 καν
2310 783 2671 853 κατατρέχειν
2720 784 2818 846 τὰς
2867 787 3085 853 νήσους,
3130 781 3322 851 κωφὴν
3372 784 3576 847 ἑαυτοῖς
3603 802 3712 854 συμ-

2175 876 2378 944 μαχξαν
2432 877 2525 929 καὶ
2564 875 2720 929 ταῦθ’
2769 875 3088 944 ἡγούμενοι,
3133 876 3289 929 αὐτοὶ
3321 876 3366 928 δ’
3393 877 3473 934 εἰς
3510 881 3711 950 στερῥὶν

2174 970 2655 1036 παρεσκευάζοντο
2687 970 2894 1038 μάχην.

2173 1076 2269 1131 κε’.
2313 1078 2442 1131 Ὅτι
2490 1081 2815 1134 Κατελάνοι
2850 1080 3329 1144 ὐποκνισθέντες
3363 1081 3435 1134 τὰ
3473 1082 3608 1134 κατὰ
3635 1080 3694 1136 δύ

2750 1169 2859 1203 σιν
2888 1152 3186 1219 ἠρήμουν.

2255 1242 2417 1296 Ἀλλὰ
2450 1242 2560 1312 μὴν
2582 1243 2690 1296 οὐδ’
2723 1246 2751 1296 ό
2783 1244 3039 1314 βασιλεὺς
3062 1242 3281 1314 Μιχαὴλ
3310 1242 3501 1313 ἡμέλει
3528 1244 3582 1297 τὸ
3603 1246 3692 1312 σύμ

2175 1354 2302 1399 παν,
2333 1336 2470 1390 ἀλλά
2498 1337 2566 1391 τὰ
2589 1336 2701 1389 τῶν
2728 1336 3059 1409 ὼυλγάρων
3086 1339 3144 1391 ὲν
3168 1338 3483 1406 ἀνακωχαῖς
3512 1337 3707 1405 θέμενος

2171 1432 2297 1491 τοὺς
2331 1431 2474 1500 ἀμφὶ
2518 1431 2609 1484 τὸν
2641 1430 2819 1499 μέγαν
2850 1431 3217 1502 πριμικήριον
3270 1431 3500 1500 ἐξορμᾷ.
3546 1429 3597 1491 ὃς
3636 1432 3712 1483 καὶ

2172 1524 2539 1594 περικαθίσας
2570 1528 2629 1577 τὸ
2666 1523 2930 1596 φρούριον
2982 1524 3295 1595 πολιορκῶν
3335 1523 3411 1583 ὡς
3442 1519 3575 1592 εἶχεν
3596 1524 3708 1593 ἐμά-

2170 1633 2316 1687 χετο.
2373 1616 2490 1669 ἐστι
2537 1616 2584 1670 δ’
2620 1613 2680 1672 οὗ
2722 1618 2818 1670 καὶ
2866 1617 3296 1687 κατετροποῦτο.
3354 1613 3708 1685 Πληθονμίνων

2169 1709 2213 1760 δ’
2261 1709 2487 1763 ἑκείνων
2533 1710 2631 1764 καὶ
2686 1710 2788 1780 ήδη
2843 1707 3196 1781 θαρρούντων
3233 1708 3333 1772 τὰς
3365 1709 3617 1779 ἐκδρομὰς
3638 1707 3706 1760 διὰ

2167 1802 2265 1871 τὴι
2323 1802 2486 1871 κενὴν
2518 1801 2629 1854 τῶν
2669 1802 2999 1871 Ῥωμαϊκῶν
3055 1802 3345 1872 δυνάμεων
3396 1800 3631 1868 ἀσχολίαν
3670 1797 3706 1865 (ὁ

2165 1894 2274 1963 γὰρ
2319 1893 2703 1964 Μπυριγὲριος
2764 1892 3182 1964 περιεϐουκόλει
3232 1892 3335 1953 τὰς
3387 1889 3598 1951 ἐλπίδας
3643 1889 3704 1958 τῷ

2164 1985 2393 2054 βασιλεῖ,
2421 1985 2516 2040 καὶ
2547 1986 2783 2055 πέμπων
2809 1985 2940 2057 παρ’
2968 1985 3133 2039 αὑτὸν
3160 1984 3263 2055 τὴν
3279 1982 3522 2038 δουλείαν
3551 1980 3634 2034 καὶ
3654 1979 3701 2031 τό

2163 2080 2406 2151 ὑπήκοον
2463 2078 2787 2150 ὑπεκρίνετο
2817 2077 2896 2143 ὡς
2934 2080 2993 2132 ὲν
3034 2080 3211 2161 κενοῖς
3269 2076 3368 2130 καλ⁸
3411 2075 3515 2129 τῶν
3558 2073 3703 2143 φόνων

2163 2173 2503 2243 γενομένων,
2541 2172 2618 2236 ὡς
2655 2174 2864 2240 ἔλεγεν,
2913 2173 3203 2240 ἀνακωχὰς
3239 2166 3525 2238 σκαιωρῶν
3553 2163 3701 2217 ὲντεῦ·

2162 2265 2278 2335 θεν)
2312 2264 2679 2336 κατοχυροῦσι
2741 2266 2842 2331 μὲν
2893 2265 3096 2317 ἐκεῖνοι
3132 2264 3226 2316 καὶ
3269 2255 3428 2319 αὖθις
3461 2259 3546 2312 ini
3568 2254 3700 2307 πλέον

2161 2362 2220 2415 τὸ
2247 2360 2530 2431 φρούριον,
2562 2361 2808 2429 μακραῖς
2838 2357 2885 2410 δ’
2913 2356 3056 2410 ἑπτὰ
3079 2355 3238 2410 ναυσὶ
3260 2356 3356 2407 καὶ
3381 2352 3558 2411 ἄλλαις
3576 2347 3702 2401 ivvit

2164 2457 2391 2524 μικραῖς
2425 2454 2668 2523 μάχιμον
2710 2452 3041 2521 ἐμϐαλόντες
3079 2450 3207 2502 λαὸν
3237 2450 3322 2510 εἰς
3350 2448 3439 2500 τὸν
3470 2444 3594 2496 κατὰ
3614 2440 3701 2493 τῶι

2160 2635 2366 2702 legatos
2397 2640 2526 2687 sunt
2567 2629 2902 2700 persuadere
2946 2626 3100 2682 fratri
3148 2627 3323 2681 natho
3368 2620 3694 2681 Theudorici.

2159 2724 2391 2780 classem
2421 2739 2528 2778 non
2573 2724 2737 2794 longe
2766 2720 3010 2784 babenti,
3047 2728 3107 2775 ut
3139 2721 3345 2775 inl’este
3381 2715 3690 2774 exscendens

2160 2815 2212 2867 in
2252 2823 2429 2869 terras
2456 2813 2672 2883 imperii
2702 2827 2827 2868 sese
2857 2811 2994 2880 ipsis
3016 2810 3365 2882 adiungeret.
3388 2807 3499 2884 ‘Sed
3528 2820 3696 2875 propo-

2155 2908 2278 2963 sitis
2307 2908 2437 2962 hinc
2466 2906 2593 2962 inde
2609 2905 3017 2961 conditionibus
3042 2905 3186 2959 haud
3212 2904 3523 2959 coalescere
3551 2899 3695 2953 ftedus

2159 2998 2302 3053 inter
2330 2998 2496 3069 528
2523 3000 2670 3068 ipsos
2699 2998 2894 3069 potuit.
2924 2996 3279 3065 Tandemque
3306 2993 3504 3050 Siculis
3526 2990 3695 3043 infecto

2157 3089 2438 3159 societatis
2486 3089 2818 3145 Catelanica:
2871 3089 3113 3159 negotio.
3160 3087 3340 3142 libera
3389 3087 3441 3140 in
3495 3083 3693 3136 fructum

472 3183 576 3238 alia
624 3200 787 3239 manu
830 3187 883 3239 in
941 3186 1098 3241 istam
1146 3188 1514 3245 incursionem
1559 3188 1829 3245 feruntur.
1879 3191 2051 3261 Cujus
2080 3211 2122 3269 ο
2158 3182 2324 3243 cessit
2354 3182 2655 3238 incursalio
2690 3182 3133 3253 ιιθρτωιιοιίοψιο
3172 3179 3511 3242 insularum;
3552 3171 3696 3269 ΜΨ

470 3276 675 3332 certior
706 3279 785 3333 rei
814 3279 1096 3348 Augustus
1133 3277 1332 3344 factus,
1363 3294 1427 3335 ac
1467 3282 1677 3339 veritus
1709 3296 1817 3337 non
1858 3284 2049 3339 imme~

469 3368 580 3424 rlto
603 3385 674 3425 ne
701 3384 816 3425 sua:
843 3370 955 3424 fere
984 3372 1255 3427 universa:
1278 3374 1446 3442 copia:
1474 3373 1684 3445 injnssu
1707 3375 2049 3444 inexplorato

470 3462 776 3533 solutisque
811 3463 1096 3519 Ordinibus
1132 3474 1354 3521 ruentes
1377 3506 1394 3529 ,
1431 3466 1649 3522 insidiis
1677 3480 1919 3539 excepta:
1950 3480 2047 3523 aut

470 3558 661 3629 iniquo
695 3557 905 3627 uspiam
938 3559 1293 3628 deprehensae
1324 3560 1466 3627 loco,
1505 3562 1663 3618 clade
1695 3562 1880 3634 aliqua
1913 3565 2047 3621 insi-

468 3650 563 3721 gni
606 3653 973 3706 temeritatem
1024 3651 1295 3722 privatam
1330 3653 1529 3709 damno
1573 3669 1775 3725 magno
1819 3656 2042 3725 publico

470 3744 703 3808 luerent,
738 3745 909 3800 misso
942 3754 1068 3815 post
1099 3760 1195 3802 eos
1231 3746 1469 3802 sollicite
1497 3755 1692 3817 patruo
1733 3764 1835 3805 suo
1867 3749 2047 3806 Theo-

470 3835 609 3890 doro
641 3850 766 3891 cum
809 3837 957 3901 aliis,
1013 3852 1274 3895 revocare
1312 3840 1637 3904 conabatur,
1676 3841 2043 3913 nequidquam

467 3928 521 3983 id
541 3927 784 4001 quidem,
804 3929 910 3985 obii
920 3932 1110 3986 rmatis
1136 3930 1508 3988 inflexibiliter
1523 3932 1742 3989 cunctis
1771 3937 1825 3990 in
1849 3936 2044 3992 audaci

468 4023 779 4093 proposito;
810 4033 1176 4095 praeterquam
1217 4025 1332 4093 jam
1364 4025 1490 4094 plus
1524 4025 1692 4096 aliqui
1736 4043 2046 4098 praecurre-

467 4123 594 4169 rant
619 4131 782 4185 quam
824 4126 881 4171 ut
903 4131 999 4172 eos
1032 4116 1259 4185 assequi
1287 4118 1468 4175 serius
1494 4120 1703 4187 egressi
1736 4121 2042 4186 potuerint.

467 4206 654 4277 itaque
681 4209 736 4263 in
780 4224 977 4262 manus
1008 4208 1221 4273 aliquas
1257 4210 1572 4279 stativaque
1600 4212 1840 4280 sparsim
1865 4216 2044 4283 posita

466 4300 720 4355 Italorum
760 4298 1073 4355 inciderunt
1106 4298 1304 4358 nostri.
1344 4308 1400 4355 et
1442 4300 1727 4368 perculsos
1765 4314 1861 4356 eos
1900 4303 2042 4356 nacti

468 4392 612 4445 fama
639 4392 875 4460 quadam
911 4390 1064 4445 necis
1101 4389 1336 4446 Cscsaris
1383 4390 1542 4447 facile
1588 4392 1847 4448 fuderunt
1881 4394 2042 4463 fuga-

465 4492 722 4551 runtque.
767 4482 925 4548 equis
968 4494 1160 4535 eorum
1209 4480 1441 4541 abactis.
1479 4484 1652 4535 armis
1691 4492 1747 4538 et
1799 4486 2042 4551 pecuniis

2171 3274 2409 3331 zerianis
2458 3274 2698 3331 exclusis
2753 3275 2844 3330 illa
2894 3289 3016 3344 spe,
3052 3283 3223 3329 totam
3264 3270 3515 3327 ﬁduciam
3551 3266 3692 3322 collo-

2153 3366 2409 3422 cantibus
2440 3365 2493 3420 in
2530 3366 2836 3421 munitione
2860 3364 3269 3436 Callipolitanze
3297 3365 3440 3418 arcis
3468 3378 3483 3414 :
3512 3360 3562 3414 in
3588 3371 3693 3426 qua.

2153 3458 2196 3512 εί
2221 3469 2689 3529 οΡΡυΒηοιὌηιιιτ.
2719 3461 2832 3514 acri
2853 3468 3019 3528 atque
3046 3457 3263 3513 invicta:
3293 3469 3354 3511 se
3375 3450 3693 3523 accingebant

2154 3548 2448 3605 resistendi
2480 3550 2832 3605 constantiae.

2150 3683 2239 3737 25.
2283 3681 2346 3736 Ut
2395 3684 2599 3737 irritati
2657 3684 2901 3739 Catelam‘
2941 3695 3161 3769 .tmclus
3217 3685 3465 3738 occiduas
3521 3676 3693 3733 desola-

2843 3772 3037 3811 υθηηι.

2221 3847 2291 3902 At
2325 3862 2510 3918 neque
2531 3847 2765 3903 Michael
2783 3851 3065 3919 Angustus
3086 3849 3140 3904 in
3164 3857 3274 3902 tam
3304 3844 3519 3915 ancipiti
3538 3852 3686 3895 rerum

2148 3939 2376 3994 cardine
2403 3940 2508 3995 sibi
2530 3956 2596 3996 ac
2623 3940 2940 4009 reipublicze
2960 3943 3173 4006 deerat,
3198 3940 3296 3995 sed
3326 3938 3559 3999 indutiis,
3580 3945 3689 4000 qua-

2148 4031 2291 4085 libus
2322 4045 2420 4100 pro
2444 4041 2692 4102 tempore
2714 4032 2888 4093 licuit,
2921 4047 3149 4102 pausam
3178 4031 3415 4102 adeptus
3447 4027 3563 4085 belli
3588 4022 3690 4076 Bul-

2149 4123 2346 4195 garici,
2380 4138 2638 4193 magnum
2662 4125 3040 4193 primicerium
3066 4139 3193 4181 cum
3226 4125 3330 4194 ipsi
3359 4121 3565 4194 proprie
3587 4115 3717 4170 sub-0

2142 4216 2287 4285 jccta
2353 4226 2510 4285 parte
2569 4232 2680 4271 non
2739 4206 2954 4273 modica
3007 4218 3292 4288 copiarum
3353 4219 3686 4287 oppugnatum

2149 4322 2329 4363 arcem
2354 4307 2637 4378 Callipolis
2666 4309 2834 4363 misit.
2862 4310 3044 4378 Atque
3076 4310 3167 4364 ille
3204 4310 3490 4364 obsidione
3515 4302 3689 4372 ample-

2145 4414 2247 4453 xus
2290 4400 2489 4466 locum,
2539 4409 2762 4455 strenue
2790 4416 2905 4456 rem
2951 4402 3217 4456 adversus
3246 4400 3485 4456 inclusos
3521 4396 3618 4450 illic
3644 4400 3688 4446 et

2148 4508 2254 4546 non
2282 4508 2409 4546 raro
2441 4508 2734 4563 erumpere
2772 4504 3042 4549 conantes
3070 4493 3301 4550 Latinos
3337 4495 3569 4564 gerebat,
3597 4502 3684 4541 non

461 4573 714 4642 direptis.
780 4571 1027 4626 Pleniore
1068 4580 1253 4627 autem
1307 4580 1544 4628 cunctus
1590 4573 1704 4642 jam
1762 4574 2041 4631 imbuente
2075 4561 2118 4616 θ
2148 4584 2267 4637 sine
2297 4598 2557 4653 prospero
2578 4561 2845 4640 successu
2882 4587 3253 4641 secundorum
3282 4561 3546 4641 interdum
3568 4592 3684 4649 νινε·

460 4665 751 4719 Catelanos
777 4662 950 4717 tristis
976 4672 1205 4719 eventus
1236 4665 1450 4727 notitia,
1486 4674 1765 4720 momento
1800 4683 2032 4723 cencnr-

462 4761 656 4808 rerunt
691 4752 928 4808 universi
967 4753 1274 4822 Callipolim
1302 4792 1317 4817 ,
1351 4770 1514 4824 quam
1568 4756 1676 4811 sibi
1730 4773 1910 4813 arcem
1968 4776 2035 4814 ex

462 4846 624 4917 longo
653 4846 876 4915 provide
921 4846 976 4900 in
1027 4846 1334 4916 perfugium
1385 4847 1679 4903 dubiorum
1732 4858 2037 4919 temporum

462 4947 811 5008 paraverant.
873 4935 989 4993 Huc
1037 4940 1214 5010 primo
1263 4940 1467 5005 impetu
1516 4940 1707 5003 delati,
1752 4942 2037 5013 ﬂagrantis

461 5033 554 5087 ira:
588 5032 694 5085 vim
736 5046 935 5087 smvam
975 5034 1027 5087 in
1066 5034 1341 5087 Romanos
1374 5033 1485 5087 illic
1533 5042 1782 5104 repertos
1823 5036 2038 5093 ell‘ude-

462 5132 609 5185 runt.
636 5124 924 5179 universos
953 5124 1312 5188 trncidantes,
1339 5125 1483 5179 nulla
1513 5128 1594 5181 vel
1627 5130 1805 5184 atatis
1833 5138 2034 5188 tenera:

457 5216 544 5269 vel
579 5215 822 5269 infantia:
853 5215 1249 5269 misericordia.
1282 5216 1543 5286 Deinceps
1569 5226 1751 5273 tamen
1781 5230 2035 5289 reputan-

458 5315 541 5360 tes
566 5322 662 5361 eos
694 5323 726 5361 e
758 5308 875 5361 suis
906 5308 998 5374 qui
1035 5308 1304 5375 Caesarem
1354 5309 1603 5364 comitati
1650 5320 1870 5366 euntem
1911 5314 2030 5367 fne—

458 5406 608 5461 rnnt.
670 5409 783 5453 tum
848 5402 1115 5470 quosdam
1168 5401 1644 5474 Constantinopoli
1692 5404 1953 5476 degentes
1974 5418 2029 5462 et

453 5493 635 5543 varias
685 5492 737 5545 in
786 5503 970 5561 partes
1031 5495 1099 5549 ad
1165 5496 1451 5551 tractanda
1496 5498 1713 5567 negotia
1770 5514 2029 5555 comnm-

451 5583 542 5636 nia
600 5584 899 5647 dimissos.
966 5586 1107 5641 hami
1158 5587 1321 5644 dubie
1372 5588 1653 5644 detentum
1695 5607 1725 5644 a
1764 5591 2025 5649 Romanis

451 5676 543 5738 iri,
593 5675 795 5744 quibus
850 5680 1251 5745 permutatione
1296 5681 1636 5737 redimendis
1688 5684 1836 5739 utile.
1883 5686 2023 5739 l'orct

452 5763 652 5818 habere
688 5767 962 5822 ltomanos
997 5769 1049 5823 in
1087 5769 1359 5833 custodia,
1389 5787 1528 5841 quos
1567 5772 1693 5828 inde
1722 5784 2025 5843 potuerunt

450 5866 663 5921 capere,
716 5858 1015 5915 incolumes
1042 5860 1444 5915 custodierunt.
1488 5860 1683 5916 Conati
1716 5864 1879 5918 etiam
1919 5883 2018 5936 per

2146 4672 2366 4727 libi-mn.
2408 4674 2747 4731 Procedente
2792 4686 2975 4733 tamen
3004 4688 3270 4747 tempore,
3310 4693 3374 4733 ac
3420 4676 3541 4730 hinc
3580 4670 3681 4739 qui-

2144 4768 2266 4821 dem
2298 4766 2558 4822 Romanis
2592 4768 2755 4840 longo
2782 4769 2925 4824 irriti
2945 4770 3146 4825 obsidii
3173 4771 3332 4825 tzedio
3363 4769 3684 4838 languescen-

2146 4863 2322 4927 tibus,
2361 4864 2601 4919 Catelani
2645 4865 2968 4935 accipiendo
3017 4866 3250 4923 subinde
3294 4866 3442 4921 illata
3482 4859 3683 4916 navibus

2139 4955 2383 5008 subsidia
2416 4971 2638 5011 suorum
2668 4958 2806 5013 adeo
2835 4958 2948 5028 jam
2992 4961 3141 5016 aucti
3185 4975 3416 5015 numero
3446 4964 3591 5015 sunt,
3631 4956 3680 4998 ιιι

2136 5048 2301 5116 potiri
2335 5063 2529 5118 campo
2574 5050 2888 5121 inferrcque
2933 5054 3081 5108 ultro
3129 5054 3333 5110 bellum
3378 5048 3581 5107 emissis
3617 5040 3674 5095 ad

2137 5142 2390 5210 regiones
2430 5144 2781 5200 circumsitas
2816 5149 3116 5203 vastandas
3165 5158 3253 5203 sat
3300 5145 3486 5201 validis
3530 5137 3677 5207 ωρίῖε

2137 5236 2421 5289 auderent.
2451 5234 2630 5291 Causa
2672 5238 2795 5304 ejus
2828 5240 3160 5295 incommodi
3205 5241 3307 5294 fuit
3335 5252 3469 5293 nova
3502 5228 3678 5301 "pffi'

2140 5327 2274 5394 gerii
2299 5325 2470 5391 fraus,
2492 5329 2584 5395 qui
2610 5339 2735 5382 nota
2762 5329 2864 5382 sibi
2887 5330 3187 5386 Andronici
3219 5331 3474 5385 facilitate
3503 5326 3673 5378 iterum

2140 5421 2194 5472 in
2229 5435 2458 5474 suorum
2496 5421 2923 5488 periclitantium
2964 5428 3195 5492 gratiam
3254 5423 3401 5478 abuti
3440 5413 3673 5474 tentavit.

2138 5526 2204 5566 eo
2250 5514 2408 5577 plane
2439 5528 2601 5581 quem
2657 5528 2972 5584 speraverat
3004 5517 3211 5572 fructu.
3257 5517 3381 5571 Post
3423 5515 3505 5569 illa
3546 5508 3669 5562 enim

2136 5621 2258 5676 qme
2291 5607 2360 5660 de
2392 5607 2483 5658 illo
2518 5607 2762 5661 diximus
2783 5647 2798 5670 ,
2831 5617 2884 5661 ct
2935 5624 3122 5664 necem
3160 5606 3452 5669 Rontzerii,
3499 5596 3671 5655 litteris

2135 5697 2203 5750 ad
2238 5698 2621 5765 imperatorem
2657 5700 2846 5753 missis
2871 5715 2930 5753 se
2967 5701 3067 5769 ipsi
3103 5701 3350 5756 videlicet
3385 5695 3659 5762 subjecwm

2134 5799 2234 5839 nec
2280 5801 2309 5837 a
2356 5786 2539 5853 iurata
2600 5787 2706 5843 lide
2763 5790 3018 5855 obsequii
3077 5790 3379 5846 desciscere
3427 5786 3665 5842 volentem

2132 5878 2287 5930 vanis
2311 5880 2600 5935 verborum
2623 5880 2815 5936 ciliciis
2834 5884 3105 5940 exhibuit.
3130 5883 3268 5939 Tum
3298 5883 3448 5953 hujus
3470 5879 3665 5933 obtentu
