3848 6548
155 359 230 424 SIBI

1033 365 1130 425 DE
1175 362 1614 426 ANDRONICO
1659 364 2126 426 PALJEOLOGO
2158 366 2309 428 LIB.
2351 365 2456 428 VI.

3269 367 3376 433 582

149 479 508 550 παραιγιαλίων
562 479 874 552 σκυλευμὸν
917 482 1288 555 ἐκπέμπουσι.
1348 486 1456 538 Καὶ
1493 483 1680 553 ἐπειδὴ
1717 490 1757 542 Α
1787 484 2048 547 δὸκλειος·
2073 485 2119 537 οἱ
2143 486 2252 554 γὰρ
2279 486 2420 538 κατὰ
2451 486 2550 556 τὴν
2574 484 2812 556 περαίαν
2845 489 3026 542 πᾶσαν
3058 489 3370 559 ἐσκευαγώ-

150 571 506 642 προςϐειλόντες
543 573 645 642 μὲν
683 573 928 648 ’Λρτάκῃ
965 578 1188 646 ἐπινείῳ
1213 577 1482 642 Κυζίκου,
1511 593 1682 644 προσ-

148 665 364 725 ϐαλόντες
398 663 452 715 δὲ
486 665 876 736 Προικοννήσῳ
893 666 1046 720 οὐδὲν
1078 669 1294 738 ἤνυτον,
1327 669 1683 721 ὑποστάντων

149 757 357 827 στερρῶς
385 757 489 809 τῶν
520 752 780 820 ἐποίκων,
818 759 912 812 τοῦ
943 761 1106 814 αὖτοῦ
1140 761 1485 824 Πναντιῶνος
1519 761 1686 831 μηνὸς

149 850 334 917 εξκοπτῇ
377 849 533 918 ὀγδόῃ
583 850 856 920 Πειρενθῳ
915 853 1316 921 προσϐάλλουσι
1357 858 1450 905 καὶ
1489 851 1687 922 ἡϐηδὸν

147 941 252 1001 τοὺς
293 941 344 990 ὲν
397 939 535 1008 αὖτῇ
595 943 1058 1010 uacuae-irrepat.
1119 941 1320 1012 Χώρας
1353 941 1396 994 δ’
1432 942 1688 1010 ἠρήμουν

148 1036 230 1098 τᾶς
257 1035 372 1103 παρ’
401 1035 661 1102 ἑκὲτερτ,
699 1037 808 1089 τῶν
844 1037 944 1105 μὲν
979 1037 1465 1106 ἀπανισταμένων,
1503 1035 1610 1088 τῶν
1643 1035 1688 1088 δ’

145 1127 424 1195 ἁλωμένων,
457 1119 532 1178 ὧν
565 1127 693 1190 τοὺς
733 1127 830 1196 μὲν
865 1129 1129 1190 ἔκτεινον,
1165 1129 1292 1190 τοὺς
1329 1127 1374 1180 δ’
1409 1129 1688 1197 ἐλαφυρο-

144 1219 346 1273 πώὶονν.
394 1220 494 1272 Διὰ
525 1219 696 1272 ταῦτα
724 1221 918 1284 vox-rb;
943 1222 1424 1292 ἀναπεπταμένων
1455 1221 1564 1274 τῶν
1589 1220 1690 1289 τῆς

109 1360 118 1384 λ
146 1311 518 1365 Κωνσταντινου
569 1313 780 1377 πυλῶν,
813 1316 1085 1368 παντοίων
1128 1313 1444 1384 ποταμείων
1479 1313 1691 1368 ὑδάτων

147 1405 296 1474 ῥεῦμα
339 1403 678 1474 μιμούμενον
718 1408 1014 1477 εἰσεχέετο,
1063 1407 1248 1475 ὀλίγον
1277 1407 1374 1460 καὶ
1416 1405 1592 1460 ταῦτα
1627 1406 1694 1458 ὲκ

117 1492 120 1537 ἶ
146 1497 224 1550 τοῦ
254 1500 476 1568 τυχαίως
509 1499 568 1563 ἐξ
596 1492 671 1552 ὧν
701 1499 787 1572 [Ρ.
811 1499 942 1573 568]
965 1496 1108 1570 εἶχον
1135 1502 1554 1571 ἐπιφερόμενοι.
1588 1500 1695 1553 Καὶ

144 1597 199 1642 τὶ
234 1592 320 1662 μὲν
348 1591 454 1656 ἔξω
484 1593 802 1665 αὐθημερὸν
829 1595 938 1647 ἀπὸ
971 1595 1249 1666 θαλάσσης
1279 1596 1430 1658 ἐντὸς
1457 1595 1692 1666 ἠπείρου

145 1686 283 1755 μέχρι
320 1688 409 1738 καὶ
462 1686 521 1747 ἐς
567 1686 703 1739 πολὺ
743 1688 942 1759 ἀνέδην
974 1687 1083 1742 τῶν
1116 1689 1256 1742 νεῶν
1300 1689 1694 1752 ἁπνιὸαξνοντες

145 1778 455 1848 ἐπυρπόλουν
490 1779 588 1843 τὰς
636 1778 821 1851 χώρας
849 1783 943 1835 καὶ
977 1783 1045 1836 τὰ
1082 1783 1344 1837 πάνδεινα
1393 1785 1693 1854 κατειργά-

1791 593 1950 642 γουν,
2007 579 2099 630 καὶ
2161 579 2602 648 ὅποι·νησιδίοις
2657 579 2978 652 προσῴκουν
3039 585 3376 652 ἀποδράντες

1795 667 2032 737 Πέρσας,
2094 671 2224 738 μῗαν
2281 665 2427 740 εἶχον
2461 671 2560 742 τὴν
2604 672 2760 726 πόλιν
2793 672 2852 739 ἐξ
2879 675 3102 730 εἰκαίων
3143 676 3374 747 ἐφοδίων

1789 764 2144 831 καταφυγήν.

1787 901 1813 964 ἱ
1849 897 1961 964 κςῖ
1995 901 2136 967 Περὶ
2161 899 2286 954 τῶν
2305 902 2405 957 διὰ
2435 903 2544 956 τὸν
2567 905 2892 974 ἀμηραλῆν
2915 870 3323 976 πραχθένοτων.

1869 1035 2112 1103 Ἔφθασε
2143 1036 2345 1102 asini.
2409 1037 2669 1108 βασιλεὺς
2725 1041 2825 1096 ἕνα
2884 1041 2998 1095 τῶν
3056 1043 3383 1096 Κατελάνων

1792 1130 2186 1200 προτφυγόντα
2211 1131 2352 1200 μετὰ
2375 1122 2484 1184 τῶν
2511 1133 2656 1186 ἰδίων
2691 1135 2772 1198 εἶς
2819 1137 3112 1206 ἀμηρα).ῆν
3143 1138 3384 1206 τιμήσας

1793 1223 1888 1276 καὶ
1909 1227 1984 1286 ὡς
2012 1225 2209 1294 πιστῷ,
2229 1226 2306 1289 ὡς
2331 1226 2396 1278 ὲκ
2421 1227 2636 1279 πολλῶν
2659 1227 2834 1280 ἐδίδου
2856 1227 3055 1292 δοκεῖν,
3075 1229 3382 1298 χρώμενος,

1794 1315 1876 1369 δτι
1927 1331 1992 1384 γε
2026 1316 2122 1371 καὶ
2171 1319 2254 1382 εἰς
2285 1313 2552 1388 ’Έλληνος
2613 1321 2708 1372 καὶ
2765 1320 2992 1390 γνώμην
3030 1321 3123 1374 καὶ
3187 1321 3385 1388 στολὴν

1799 1411 2178 1480 μετετάττετο.
2233 1411 2468 1476 Πολλαῖς
2497 1413 2554 1465 δὲ
2587 1415 2684 1466 καὶ
2730 1414 3074 1482 φιλοτησίαις
3113 1414 3252 1483 πρὸς
3287 1413 3384 1467 τοῦ

1797 1502 2134 1571 κρατοῦντος
2185 1503 2482 1572 ὲκυδροῦτο
2541 1506 2664 1566 ταῖς
2691 1503 3058 1574 εὐεργεσίαις.
3091 1503 3232 1572 Πρὸς
3264 1504 3388 1556 tod-

1796 1613 1913 1660 τοις
1969 1597 2063 1649 καὶ
2125 1596 2346 1664 εὖγενεί
2397 1596 2539 1667 κόρῃ
2588 1598 2655 1666 τῇ
2694 1595 2785 1648 τοῦ
2825 1597 3027 1666 παχέος
3079 1595 3274 1650 Ῥαοὺλ
3305 1601 3388 1661 εἰς

1798 1690 1980 1758 γάμον
2014 1687 2250 1758 νόμιμον
2287 1686 2644 1758 συνῳκὶζετο,
2697 1687 2888 1758 Τούτῳ
2940 1687 3202 1759 βασιλεὺς
3234 1689 3389 1740 ἑκτόο

1802 1801 1916 1844 πως
1951 1781 2250 1846 πιστεύων,
2311 1780 2368 1847 ἐξ
2415 1781 2638 1834 Ἰταλῶν
2685 1781 3066 1853 ἀρτυσάμενος
3099 1781 3235 1834 ναῦν
3291 1781 3389 1834 καὶ

145 1867 294 1934 (orso,
339 1869 607 1924 πλείστων
640 1849 810 1926 "eam
859 1875 1029 1945 πυρὸς
1063 1877 1158 1928 καὶ
1195 1876 1476 1947 μαχαίρας
1533 1849 1697 1944 ἔνρῖον
1729 1849 1772 1907 Β
1803 1877 1993 1948 ρὁαις
2021 1873 2363 1943 ὲξικανὼσας
2413 1875 2542 1938 τοὺς
2572 1876 2633 1928 ἐν
2662 1849 2802 1946 αὐτῇ
2851 1876 2994 1946 πρὸς
3023 1876 3084 1928 τὸ
3111 1873 3390 1930 ἀποστελ-

147 1961 444 2032 γενομένων,
485 1962 553 2016 τὰ
582 1963 628 2016 δ’
663 1965 815 2030 ἐντὸς
847 1969 1081 2038 σφαίρος
1119 1963 1189 2040 ἦν
1221 1969 1382 2034 ἄλλος
1424 1971 1451 2022 ὁ
1493 1969 1699 2038 Ἐμπε-

151 2146 498 2200 auctoritatem
533 2146 768 2202 consilio
797 2148 1004 2210 addens
1032 2189 1047 2212 ,
1079 2151 1470 2206 commendare
1500 2151 1700 2206 institit

152 2237 452 2292 indutiarum
491 2248 548 2292 et
585 2241 962 2296 conventionis
1008 2258 1134 2298 cum
1192 2241 1306 2296 Call
1333 2244 1610 2314 politanis,
1643 2253 1702 2298 ttt

151 2329 382 2385 Romanis
431 2332 706 2386 utiliorem
755 2348 919 2402 quam
971 2344 1173 2404 apertae
1225 2335 1697 2406 impugnationis,

150 2423 316 2476 riam:
360 2434 540 2479 seram
593 2425 740 2479 enim
787 2435 841 2480 ct
889 2429 1063 2479 multo
1113 2428 1399 2480 eruendam
1453 2425 1700 2480 Romano

150 2519 388 2588 sanguine
415 2527 526 2571 tam
549 2521 935 2575 tttunittearcis
966 2521 1432 2591 expugnationem
1460 2525 1698 2578 ostendi.

147 2608 308 2676 Quare
355 2619 450 2676 ut,
503 2628 643 2680 quas
705 2614 920 2670 audiret
974 2617 1092 2670 sine
1143 2631 1320 2685 operte
1363 2617 1536 2685 pretio
1596 2618 1706 2672 fte-

151 2704 658 2786 quetttari,ctetlibus
693 2719 917 2760 suetum
953 2717 1219 2776 parceret.
1261 2707 1462 2778 pacist‘i
1519 2709 1701 2762 utrin-

148 2809 233 2862 que
283 2798 489 2862 aliquot
536 2797 749 2851 dierum
795 2801 1161 2854 cessationem
1215 2815 1244 2854 a
1298 2801 1350 2854 vi
1399 2801 1697 2862 Suadebat,

153 2903 272 2956 spem
305 2887 514 2942 faciens
547 2890 648 2942 ista
681 2903 832 2942 mora
869 2889 1249 2944 conditionum
1277 2891 1700 2959 digerendarum

152 2985 422 3038 commoda:
447 2985 807 3054 honestaeque
834 2985 1107 3040 ambabus
1141 3001 1294 3055 reque
1328 2985 1576 3055 partibus
1603 3000 1701 3054 pa-

153 3076 229 3129 cis.
270 3075 381 3129 Hac
411 3076 504 3130 ille
555 3075 748 3130 dolosa
785 3077 1161 3146 negotiatione
1199 3077 1320 3145 plus
1364 3075 1488 3129 ﬁdei
1534 3091 1698 3146 quam

1802 1968 1917 2021 λειν
1945 1964 2033 2040 ἦν,
2061 1966 2538 2040 τριηραρχοῦντος
2578 1967 2772 2022 αὐτοῦ.
2813 1967 3050 2039 Ἔμελλε
3075 1968 3132 2022 δὲ
3155 1967 3266 2040 ἄρα
3292 1967 3390 2022 καὶ

1807 2161 1954 2212 runt,
1988 2149 2248 2218 omnique
2289 2158 2484 2202 caetera
2534 2147 2752 2202 hostilis
2793 2147 3000 2205 furoris
3046 2149 3388 2206 immanitate

1807 2245 1861 2298 in
1922 2243 2080 2297 obvia
2135 2253 2334 2297 cuncta
2387 2242 2706 2306 saevierunt,
2755 2243 3086 2298 mortalibus
3125 2245 3385 2314 plurimis

1809 2353 1916 2406 qua
1953 2337 2096 2390 ferro
2123 2348 2228 2404 qua
2276 2333 2492 2386 ﬂamma
2528 2335 2900 2404 consumptis.
2951 2335 3222 2392 Interiora
3260 2353 3391 2392 vero

1807 2426 2199 2482 infelicissima:
2229 2426 2374 2480 Asiae
2401 2425 2562 2479 aliam
2595 2427 2970 2495 patiebantur,
3001 2429 3159 2498 quasi
3185 2430 3252 2484 ab
3278 2432 3391 2485 illic

1808 2521 2020 2574 incluso
2055 2535 2196 2572 novo
2236 2517 2608 2588 Etttpedocleo
2651 2529 2771 2575 utre
2815 2533 3190 2591 erumpentem
3253 2534 3394 2577 tem-

1805 2622 2073 2682 pestatem
2106 2625 2135 2664 a
2171 2609 2357 2665 Persis
2387 2609 2694 2667 Orientales
2722 2613 3014 2670 universos
3056 2623 3261 2670 tractus
3289 2617 3387 2670 de-

1811 2703 2102 2776 prtcdando
2146 2706 2382 2758 scrutari
2422 2705 2774 2774 pergentibus
2805 2715 2860 2760 et
2897 2721 3070 2775 usque
3099 2707 3150 2761 itt
3183 2708 3392 2763 insulas

1807 2801 1872 2853 ad
1907 2799 2012 2854 hoc
2062 2801 2246 2870 ipsum
2309 2800 2840 2856 transutittentihtts.
2897 2799 3052 2856 Unde
3107 2811 3188 2856 tot
3244 2807 3394 2856 varie

1807 2890 2243 2945 tttiserrimornm
2281 2907 2310 2946 e
2343 2892 2663 2948 continente
2697 2902 2966 2962 utraque,
3001 2909 3032 2948 e
3068 2893 3268 2948 vicinis
3306 2895 3391 2948 in-

1805 2983 1961 3048 sulis,
1982 2984 2274 3039 Persarum
2299 2986 2368 3039 ab
2397 2987 2630 3052 oriente,
2656 2985 3044 3042 Catelattorutu
3077 2989 3146 3041 ab
3175 3003 3384 3041 Occasu

1807 3077 2192 3147 sangttinnrias
2242 3094 2438 3133 manus
2490 3079 2739 3134 dimissis
2787 3081 3045 3134 domibus
3095 3081 3388 3134 declinan-

149 3167 438 3222 tnerebatur
483 3177 703 3233 nactus,
741 3169 982 3239 spatium
1025 3169 1270 3224 obsessis
1297 3155 1550 3238 Gallipoli
1597 3168 1702 3223 Ca-
1729 3191 1772 3249 c
1807 3173 1964 3236 tium,
2023 3187 2188 3226 unum
2243 3187 2540 3228 commune
2586 3174 2896 3244 perfugium
2947 3173 3080 3228 urbs
3125 3183 3265 3235 erat.
3317 3175 3387 3230 ad

145 3263 325 3318 telanis
359 3263 600 3332 providit
637 3261 762 3330 ejus
794 3263 938 3316 arcis
975 3263 1386 3333 oppugnatione
1432 3262 1548 3317 acri
1585 3278 1695 3317 non

149 3370 310 3423 parum
370 3369 654 3410 concussa:
693 3354 1011 3424 reparanda:
1059 3355 1498 3420 indttccndisque
1549 3369 1700 3409 cont-

152 3447 387 3501 meatibus
435 3455 493 3500 et
535 3446 824 3514 praesidiis,
859 3445 1134 3500 tutissime
1161 3445 1473 3500 'litmandtc.
1503 3443 1697 3516 Neque

151 3537 217 3591 Itis
241 3539 502 3601 contenti,
539 3538 714 3608 longis
745 3549 958 3605 septem
989 3537 1222 3592 navibus
1255 3537 1488 3608 a‘liisqtte
1517 3538 1698 3591 mino-

149 3631 271 3685 ribus
300 3647 494 3686 novem
527 3631 728 3686 lectum
759 3629 967 3684 militia:
1002 3631 1346 3700 imponentes
1377 3629 1568 3694 robur,
1596 3629 1698 3686 hos

152 3725 202 3778 ad
227 3726 527 3781 accolarum
577 3740 688 3780 ora:
725 3726 852 3780 hinc
902 3725 1030 3780 inde
1065 3723 1229 3796 529
1262 3723 1550 3778 maritima:
1590 3722 1695 3779 Ro-

151 3833 404 3872 manorum
468 3817 830 3872 vastationem
887 3817 1194 3873 immisere.
1265 3815 1437 3870 Primi
1501 3815 1698 3870 horum

147 3922 350 3966 conatus
385 3909 538 3966 [ut-re
577 3911 914 3980 oppugnatio
949 3909 1168 3965 Artacm
1189 3951 1204 3976 ,
1239 3907 1388 3978 quod
1431 3919 1514 3964 est
1547 3909 1700 3964 urbis

151 4000 298 4072 Cyzici
328 4005 543 4070 navale,
569 4011 623 4059 et
649 4003 1028 4068 Prmconnesi,
1047 4011 1280 4072 utraque
1299 4001 1454 4056 irrita
1487 4001 1556 4058 ob
1581 4001 1698 4057 for-

151 4103 236 4148 tetu
261 4097 571 4151 incolarum
606 4094 1010 4150 defensionem.
1055 4095 1218 4150 Sorte
1261 4101 1444 4148 tamen
1485 4091 1699 4162 dispari

150 4187 389 4255 ejus-Maii
429 4190 634 4244 mensis
673 4197 863 4244 octava
883 4196 938 4244 et
959 4187 1223 4244 vicesima
1254 4188 1344 4243 die
1370 4184 1697 4240 Perinthum

151 4283 358 4348 aggressi
400 4281 771 4353 subegerunt,
815 4279 1112 4352 puberibus
1145 4279 1256 4334 illic
1285 4277 1501 4336 cunctis
1529 4278 1700 4334 inter-

152 4369 300 4440 iettis,
335 4374 700 4446 regionesque
729 4376 782 4430 in
824 4385 1062 4444 utraque
1119 4373 1438 4430 continente
1472 4373 1550 4429 illi
1585 4373 1698 4430 cir-

153 4469 388 4524 cumsitas
429 4467 550 4522 urbi
595 4466 949 4532 desolarunt,
997 4468 1192 4522 barum
1248 4467 1446 4523 incolis
1496 4469 1695 4544 partim

1807 3280 1972 3335 quam
2005 3264 2156 3320 nullo
2184 3272 2276 3318 aut
2309 3266 2560 3336 pertenui
2599 3267 2798 3322 viatico
2829 3267 3081 3322 instructi
3114 3267 3344 3323 convola
3369 3297 3390 3312 -

1809 3359 1960 3412 bant.

2021 3495 2110 3550 26.
2151 3495 2226 3551 De
2253 3499 2385 3550 artis
2411 3513 2504 3566 per
2539 3509 2589 3552 et
2617 3506 2832 3568 propter
2856 3501 3168 3556 ameralem.

1879 3633 2080 3702 Aliquo
2111 3641 2292 3686 autem
2340 3631 2488 3700 prius
2521 3638 2772 3702 tempore
2802 3647 2966 3702 quam
2998 3635 3112 3688 lucc
3159 3635 3351 3690 ﬂerent
3373 3675 3391 3703 ,

1807 3736 2101 3794 exceperat
2132 3726 2434 3794 imperator
2461 3723 2781 3778 Catelanum
2808 3726 3098 3794 quemda-n
3125 3741 3249 3780 cum
3273 3729 3391 3782 suis

1806 3817 2240 3886 confugientent,
2268 3825 2323 3870 et
2347 3816 2508 3870 titulo
2529 3816 2791 3872 anteralis
2817 3818 3206 3875 Itonorarerat.
3230 3819 3396 3892 530

1810 3911 1966 3964 Hune
1997 3909 2101 3965 sibi
2153 3908 2334 3962 (ldum
2361 3915 2416 3962 et
2455 3923 2579 3964 esse
2608 3918 2662 3966 et
2694 3910 2813 3966 fore
2845 3925 2972 3966 cum
3015 3913 3140 3967 aliis
3176 3915 3390 3971 idoneis

1807 4019 1838 4059 e
1867 4003 2042 4074 signis
2082 4003 2428 4067 autumabat,
2465 4011 2580 4056 tttttt
2607 4004 2752 4073 quod
2787 4003 2985 4076 dogma
3017 4007 3390 4077 vestitumque

1805 4093 2128 4151 Latinorum
2151 4096 2344 4152 Grzcco
2371 4105 2697 4162 mutaverat,
2719 4099 2772 4152 in
2801 4107 3052 4153 nostrum
3091 4115 3200 4154 non
3228 4103 3392 4155 modo

1809 4202 2092 4245 Sacrorum
2129 4189 2296 4243 ritum
2325 4189 2422 4244 sed
2463 4199 2519 4246 et
2557 4192 2764 4245 cultum
2811 4193 3025 4247 civilem
3057 4208 3117 4248 se
3149 4195 3392 4247 transfe-

1807 4301 1958 4358 rens,
2004 4285 2192 4342 multis
2225 4284 2350 4340 ideo
2391 4283 2460 4338 ab
2501 4285 2832 4354 imperatore
2869 4287 3076 4342 amoris
3107 4285 3392 4357 signiﬁca.

1806 4379 2054 4436 tionibus
2084 4379 2333 4444 amtctus,
2378 4374 2564 4434 multis
2599 4387 2830 4434 ornatus
2873 4379 3178 4441 beneficiis.
3207 4389 3262 4434 et
3295 4395 3393 4436 su-

1809 4488 1906 4544 per
1931 4472 2114 4528 omnia
2151 4472 2434 4542 praznobili
2473 4473 2672 4542 virgini
2707 4471 2828 4526 lilia:
2862 4471 3056 4527 Baulis
3085 4470 3270 4528 Crassi
3311 4473 3392 4528 le-

155 4569 271 4615 mcttt
306 4559 493 4632 lugere
524 4561 853 4632 compulsis,
893 4561 1092 4632 partim
1145 4561 1200 4614 in
1249 4568 1576 4631 potestatem
1609 4575 1696 4615 re-
1723 4555 1776 4614 D
1804 4565 1995 4636 gitimo
2039 4564 2392 4619 matrimonio
2437 4565 2790 4632 coniunctus.
2839 4563 2934 4617 Isti
2989 4575 3066 4618 tot
3121 4565 3264 4619 datis
3309 4572 3392 4619 tot

153 4652 318 4717 dnctis,
347 4668 585 4724 quorum
627 4654 898 4724 quosdam
935 4651 1280 4718 occiderunt,
1309 4651 1446 4706 alios
1483 4653 1536 4705 in
1570 4667 1696 4706 ser-

155 4751 348 4805 ritutem
377 4751 767 4806 vendiderunt.
793 4747 968 4803 Porro
1004 4749 1072 4804 iis
1099 4765 1238 4820 quos
1271 4748 1384 4804 dixi
1412 4763 1475 4804 ex
1493 4746 1698 4802 Orien-

157 4844 226 4894 ιλιι
260 4843 507 4898 Perintho
544 4843 772 4898 adversa
825 4843 1148 4898 continente
1178 4841 1382 4896 caedem
1417 4856 1482 4896 ac
1515 4839 1693 4908 capti-

160 4929 345 4988 ritatem
378 4934 498 5004 fuga
525 4935 890 5005 praevertisse,
913 4935 1156 4988 maxime
1190 4933 1434 5004 nudique
1463 4947 1694 4986 numero

159 5035 208 5074 ex
235 5033 369 5081 tanta
403 5027 605 5082 vicinia
635 5027 1100 5082 concurrentibus
1144 5027 1212 5081 ad
1263 5028 1452 5082 urbem
1485 5068 1500 5093 ,
1531 5025 1694 5093 cujus

160 5113 324 5174 adhoc
353 5121 529 5190 ipsum
563 5131 736 5190 porta:
769 5129 939 5174 noctu
974 5131 1176 5190 aperta:
1215 5121 1569 5185 tenebantur,
1613 5123 1695 5174 vi-

161 5209 289 5267 deres
310 5212 626 5270 immensam
664 5214 880 5271 turbam
913 5215 1090 5283 plebis
1121 5218 1358 5279 miserae,
1389 5214 1538 5269 velut
1587 5213 1692 5266 llu-

162 5300 257 5356 rios
272 5317 447 5363 auctos
479 5306 846 5371 torrentibus,
876 5307 1132 5374 inﬂuere,
1180 5321 1357 5378 pauca
1393 5305 1696 5362 inferentes

165 5398 343 5466 ccupia
393 5399 735 5464 domestica,
793 5400 1132 5469 quantulum
1192 5400 1456 5454 nimirum
1497 5401 1694 5468 raptim

165 5485 360 5557 quisque
398 5497 562 5549 domo
611 5491 826 5564 fugiens
869 5493 1090 5550 auferre
1140 5501 1420 5564 potuerat,
1481 5503 1694 5550 terrore

167 5589 504 5640 consternatus
533 5585 962 5652 (Iatelanorutn;
995 5587 1087 5658 qni
1121 5586 1310 5642 eadem
1337 5587 1424 5642 die
1459 5602 1566 5658 qua
1601 5602 1697 5656 po-

169 5670 233 5722 titi
261 5671 502 5732 Perintho
538 5677 792 5742 fuerant,
829 5681 1094 5748 promotis
1123 5683 1175 5733 itt
1213 5683 1517 5750 oppositam
1554 5682 1696 5734 Asize

171 5774 291 5820 erant
325 5771 564 5836 navibus,
621 5781 675 5828 et
707 5788 772 5827 ex
809 5773 876 5827 iis
906 5774 1382 5830 continentissime
1426 5773 1695 5827 militibus

171 5849 212 5904 ιιι
233 5855 366 5913 littus
391 5865 670 5933 expositis,
713 5863 890 5934 ignem
923 5863 1080 5920 tectis
1114 5879 1208 5935 per
1245 5879 1465 5934 campos
1493 5864 1693 5934 injecc-

1809 4658 2052 4728 acceptis
2084 4668 2284 4711 mutuae
2314 4657 2713 4712 benevolentia:
2745 4656 3066 4727 pignoribus
3093 4657 3254 4728 plane
3283 4657 3387 4712 sibi

1807 4759 1960 4803 certo
1983 4791 1998 4812 ,
2033 4759 2087 4804 et
2121 4757 2281 4816 prout
2328 4749 2680 4802 securissitne
2723 4747 2981 4803 credebat
3011 4785 3027 4811 ,
3059 4749 3390 4804 constantis-

1806 4843 1944 4898 sime
1977 4841 2118 4896 ﬁdeli
2145 4840 2549 4912 armatami’ex.
2569 4841 2716 4896 italis
2746 4857 2940 4897 navem
2969 4851 3028 4898 et
3071 4823 3389 4898 auctoratos

1805 4933 2160 5003 pensionibus
2217 4931 2454 5000 idoneis,
2498 4949 2638 5004 quos
2687 4933 3022 5004 imposuerat
3065 4935 3138 5000 ei,
3185 4935 3389 4989 milites

1800 5028 2146 5084 committere
2205 5027 2549 5091 decreverat,
2613 5031 3059 5098 praemittereque
3119 5028 3386 5082 adversus

1801 5121 1992 5175 hostes
2025 5121 2340 5175 trierarebae
2376 5126 2664 5190 potestate,
2712 5118 2978 5190 pollicens
3025 5135 3084 5174 se
3126 5119 3261 5173 alias
3304 5119 3386 5173 illi

1802 5213 2210 5269 submissurtttn
2246 5229 2434 5280 naves,
2465 5213 2668 5283 quibus
2715 5213 2920 5282 piratas
2959 5221 3014 5268 et
3041 5212 3245 5268 classes
3283 5212 3384 5265 lto-

1803 5309 1956 5361 stiles
1990 5322 2139 5360 mare
2181 5315 2430 5360 nostrum
2465 5305 2791 5362 infestantes
2820 5318 3124 5362 coerceret.
3159 5305 3296 5360 Dum
3329 5306 3382 5360 itt

1803 5399 1909 5454 hoc
1933 5407 2198 5468 apparatu
2229 5413 2316 5453 res
2345 5397 2570 5453 stabant
2599 5406 2652 5454 et
2675 5397 2788 5468 jam
2826 5401 3144 5468 procinctus
3169 5411 3385 5450 emera-

1807 5493 1884 5546 les
1919 5498 2180 5560 tanquam
2219 5505 2344 5544 mox
2384 5491 2672 5546 soluturus
2710 5491 2831 5546 vale
2870 5490 3078 5545 diceret
3113 5490 3384 5557 Angusto,

1804 5601 1936 5640 ecce
1969 5586 2094 5639 huic
2131 5587 2381 5648 nuntiat,
2433 5601 2596 5655 quem
2653 5591 2848 5640 vocant
2903 5584 3058 5639 navis
3093 5581 3385 5644 comitem,

1807 5679 2154 5748 magisteret
2191 5680 2505 5733 moderator
2550 5679 2814 5746 remigum
2841 5717 2856 5741 ,
2905 5691 3026 5732 sese
3077 5673 3388 5743 deprelten-

1805 5770 1954 5824 disse
1981 5769 2086 5824 sub
2115 5769 2360 5824 taltulato
2391 5770 2635 5826 triremis
2661 5770 2946 5830 insidiose,
2974 5775 3030 5820 ut
3059 5764 3382 5837 apparebat,

1807 5867 1873 5916 ab
1912 5862 2150 5916 attterale
2200 5861 2312 5916 illic
2349 5861 2704 5916 absconditos
2741 5858 2863 5927 plus
2901 5873 3059 5928 quam
3106 5857 3384 5926 quinqua-

3428 1021 3448 1050 I
