3738 6578
903 426 1000 485 DE
1039 423 1479 484 ANDRO’NILO
1522 421 1980 482 PAL/EOLOGO
2023 423 2167 483 LIB.
2213 423 2313 483 Vl.

3136 418 3242 481 586

94 577 178 626 γειν
219 551 329 606 κατὰ
355 547 437 616 τὴν
468 543 687 613 περαίαν
717 546 830 604 τοῖς
860 541 1228 602 Γεννουτταις,
1263 539 1364 590 οὐκ
1403 535 1547 607 εἶχον
1583 548 1622 597 Α
1655 555 1907 609 στρεφεν.
1944 540 2172 610 ’Ὠρμων
2207 539 2251 592 δ’
2282 539 2482 592 αὐτίκα
2519 538 2616 592 καὶ
2652 537 2842 598 ἄλλαις
2881 535 3083 596 οἰκίαις
3117 537 3242 586 ἐπι-

93 653 173 704 ἐκεῖ
197 643 432 712 γενόμεναι
453 637 731 705 τιμωρεῖν·
786 634 1051 704 μαθόντες
1093 631 1151 684 δὲ
1184 631 1558 701 τηρουμένους

89 741 216 800 τινὰς,
257 728 394 793 ἐνοῖς
419 733 444 781 ὁ
485 725 766 798 ἀμηραλῆς
809 723 1134 794 ἐπεφέρετο,
1168 723 1310 776 κατὰ
1330 723 1430 791 τὴν
1461 720 1556 774 τοῦ

90 832 236 896 παχέος
295 822 467 876 Ῥαοὺλ
521 819 714 884 οἰκίαν,
766 815 1097 887 παμπληθεῖ.
1151 813 1560 886 συρρεύσαντες

89 892 295 991 ἐμϐᾗθώς
318 912 539 982 ἀπῄτουν
576 910 837 972 ἐκείνους.
902 910 992 972 Ὠς
1013 907 1058 962 δ’
1089 908 1189 960 οὐκ
1217 903 1284 978 ἦν
1312 907 1559 967 ἐκείνους

87 1019 131 1066 ἐκ
161 1010 233 1064 τοῦ
265 1009 415 1077 ῥᾷστα
451 1003 804 1074 προδοθέντας
840 1004 1109 1072 ἀναιρεῖν,
1165 999 1252 1074 [Ρ.
1277 1001 1404 1072 370]
1449 1001 1558 1068 πῦρ

87 1102 234 1154 ἐνιᾶσιν
253 1095 421 1148 αὐτίκα
445 1095 534 1144 καὶ
562 1091 738 1143 οἰκίαν
771 1089 1149 1160 πυρπολοῦσιν
1190 1093 1431 1154 ἐκείνην,
1465 1090 1560 1140 καὶ

89 1197 211 1247 πάντα
241 1206 288 1242 τε
335 1184 543 1254 τάκείνῃ
593 1183 915 1254 διαφέρουσι
965 1183 1060 1236 καὶ
1089 1184 1190 1235 οὐκ
1219 1182 1379 1250 ὀλίγα
1409 1183 1559 1234 δεινὰ

88 1285 184 1340 κατὰ
208 1283 288 1351 τὴν
328 1279 488 1332 οὶκίαν
518 1277 624 1329 τῶν
653 1275 986 1347 τολμώντων
1037 1275 1272 1343 ἐγίνετο.
1309 1277 1557 1328 Κατελά-

86 1376 229 1438 νςυςὸὲ
264 1373 404 1441 μέχρι
437 1371 528 1422 καὶ
576 1369 745 1422 αὑτοῦ
791 1371 1022 1424 Θανάτου
1054 1368 1301 1438 στερρῶς
1340 1371 1556 1436 ἀντεχο-

85 1472 222 1534 μένους
253 1465 334 1516 σὺν
360 1463 528 1532 πολλῷ
572 1461 651 1532 τῷ
682 1462 835 1532 πόνῳ
888 1461 1006 1532 ἅμα
1043 1462 1146 1531 μὲν
1180 1461 1409 1530 σιδήρῳ,
1444 1461 1560 1528 ἅμα

84 1562 205 1612 δὲκαὶ
227 1557 338 1625 πυρὶ
376 1555 720 1623 καθαιροῦσι,
761 1556 993 1624 μηδενὸς
1050 1555 1163 1607 οἴου
1199 1556 1246 1607 τ’
1275 1553 1426 1615 ὄντος
1457 1552 1560 1624 τὴν

83 1653 204 1720 ὁρμὴν
221 1651 405 1718 ἐπέχειν
421 1648 513 1700 τοῦ
538 1649 802 1718 πλήθους.
840 1647 952 1699 Καὶ
984 1648 1095 1717 γὰρ
1118 1648 1211 1701 καὶ
1233 1649 1260 1700 ὁ
1287 1662 1558 1716 πατριαρ-

84 1745 201 1813 χευων
231 1741 431 1802 ἐπιστὰς
466 1740 652 1808 λόγοις
687 1740 1093 1811 μειλικτηρίοις
1145 1742 1410 1809 ἐπειρᾶτο
1460 1741 1560 1810 τὴν

1663 635 1888 702 χειρεῖν,
1917 635 2010 686 καὶ
2039 636 2275 702 μάλιστα
2297 633 2665 704 μεγιστάνων,
2694 635 2806 692 τοῖς
2829 631 3242 700 δημαγωγικοίς

1662 725 1843 794 λόγοις
1894 729 2004 779 τῶν
2040 729 2382 781 ἐπιστάντων
2412 728 2507 780 καὶ
2546 726 2748 796 μᾶλλον
2784 721 3242 794 παρακροτούμε-

1662 835 1762 870 vos.
1788 819 1897 871 Kal.
1927 819 2081 890 παρὰ
2107 820 2206 890 τὴν
2256 820 2365 873 τῶν
2395 818 2728 872 Κατελάνων
2765 818 2949 870 αἰτίαν
2973 815 3047 878 ὡς
3079 815 3242 884 δῆθεν

1663 910 1721 960 ἐν
1753 913 1944 970 αὑταῖς
1977 912 2397 980 κρυπτομένων,
2453 913 2701 982 ἐχειρουν
2733 910 2826 962 καὶ
2857 904 2937 971 οἷς
2971 909 3060 978 ἄρ’
3095 902 3244 976 εἶχον

1661 1002 1724 1053 ἐκ
1755 1019 1916 1056 τινων
1954 1005 2296 1073 αἰτιαμάτων
2334 1004 2675 1075 μέμφεσθαι.

1662 1112 1765 1176 κζ’.
1800 1115 1934 1180 Περὶ
1972 1114 2090 1168 τῶν
2114 1117 2182 1170 ἐκ
2214 1119 2264 1169 Γ
2265 1118 2527 1197 εννούςις
2564 1116 2872 1188 φανεισῷν
2900 1114 2975 1182 ις’
2999 1113 3249 1186 μακρῶν

2360 1205 2543 1255 νηων.

1732 1272 1819 1343 μ’.
1857 1274 2009 1347 371]]
2069 1276 2186 1330 Κᾶν
2237 1278 2296 1330 τὸ
2335 1279 2508 1331 κακὸν
2563 1279 2799 1349 προέϐη,
2835 1281 2882 1332 εί
2917 1279 2992 1350 μή
3025 1295 3087 1346 γε
3121 1288 3244 1330 κατ’

1661 1365 1876 1434 ἐκείνην
1904 1366 2000 1436 τὴν
2026 1367 2197 1421 νύκτα
2233 1370 2296 1422 ἐκ
2329 1370 2596 1433 Γεννούας
2642 1371 2855 1440 μακραὶ
2889 1372 3016 1438 νῆες
3057 1368 3251 1422 ἑκκαί-

1660 1454 1816 1520 δεκα,
1856 1457 2179 1528 ἐμπορικῶν
2234 1460 2524 1529 ὲπίφορτοι
2576 1461 3051 1532 προσδοκώμεναι,
3095 1460 3246 1512 νότου

1662 1548 1924 1612 πεσόντος
1961 1551 2189 1620 μετρίου
2246 1555 2344 1605 καὶ
2404 1553 2556 1622 παρὰ
2609 1554 2701 1606 τὸν
2756 1554 2858 1623 τῆς
2915 1552 3253 1624 προσδοκίας

1663 1642 1858 1711 καιρὸν
1888 1643 2202 1709 ἐφίσταντο,
2240 1640 2347 1696 Ἦν
2377 1645 2474 1715 μὲν
2505 1641 2598 1698 οὗν
2636 1649 2751 1707 τοῖς
2783 1644 3121 1706 Κατελάνοις
3150 1647 3251 1696 καὶ

1674 1733 2078 1804 ’Δμογαϐάροις
2127 1736 2630 1807 ναυλοχησαμ.ἑνοις
2686 1739 2828 1791 κατὰ
2887 1737 2950 1790 τὸ
3030 1736 3255 1804 Ῥήγιον

84 1834 201 1904 ὁρμὴν
251 1832 599 1898 ἀναστέλλειν,
654 1832 712 1896 ὃς
775 1833 870 1886 καὶ
919 1834 1020 1902 τὴν
1061 1833 1562 1900 παρακινδύνευσιν
1594 1854 1638 1908 Β
1666 1826 2026 1896 πραττόμενα
2051 1827 2116 1881 τά
2141 1828 2311 1891 δεινὰ,
2344 1831 2438 1882 καὶ
2463 1831 2538 1892 ὡς
2575 1831 2802 1902 φοϐεροὶ
2853 1831 2992 1884 κατά
3015 1830 3076 1882 τὸ
3106 1828 3255 1890 εἶκδῖ

86 1929 364 1990 ὖποτοπὰσας,
415 1926 594 1990 ἄλλως
649 1929 842 1997 φανεὶς
873 1927 1106 1990 ἐκείνοις
1137 1927 1216 1998 τῷ
1245 1925 1568 1993 καθυφεῖναι

87 2022 182 2088 ἢὼς
217 2019 398 2071 οἴκοθεν
429 2018 620 2088 ὥρμα,
671 2021 768 2072 καὶ
799 2019 973 2072 πολλὰ
1024 2019 1283 2085 ἐλπίζων,
1321 2017 1569 2072 καθυπέ-

90 2209 297 2278 cauuudze.
345 2203 564 2259 interim
622 2203 948 2259 Genuenses
1001 2205 1197 2260 orabat
1244 2204 1566 2275 imperator,

93 2299 379 2368 aliquotetiam
412 2311 771 2350 nummorum
809 2296 978 2351 millia
1010 2297 1158 2350 ultro
1193 2296 1437 2366 largiens
1461 2335 1476 2358 ,
1510 2303 1570 2350 ut

91 2394 204 2443 esuis
227 2389 312 2443 sibi
357 2389 654 2442 navarcliis
688 2387 756 2442 ad
790 2389 841 2441 id
887 2397 1075 2456 aptum
1127 2387 1365 2457 aliquem
1403 2387 1567 2443 classi

88 2482 265 2534 Romanis
307 2481 712 2550 praeﬁciendum
770 2478 991 2534 darent.
1056 2477 1352 2532 Multitudo
1405 2494 1570 2548 porro

82 2590 350 2629 oinveiiirum
392 2582 603 2628 temere
638 2587 737 2642 per
768 2573 958 2627 urbem
1015 2587 1241 2641 vagans,
1283 2585 1465 2625 causa:
1501 2587 1564 2624 ac

80 2671 239 2723 luriuua:
260 2669 502 2722 societate
543 2667 600 2720 in
636 2681 805 2720 unum
833 2674 1022 2721 coacta
1053 2673 1283 2730 coetum,
1316 2665 1569 2734 querulis

81 2780 116 2816 se
133 2773 289 2827 mutuo,
311 2772 364 2814 ut
389 2762 502 2814 ﬁeri
533 2761 701 2826 solet,
727 2759 1056 2815 incendebat
1083 2759 1338 2820 vocibus,
1364 2759 1571 2812 iterans

78 2865 156 2922 quae
179 2853 228 2908 de
247 2852 634 2907 vastationibus
659 2852 944 2922 regionum
971 2860 1124 2904 extra
1158 2850 1347 2904 urbem
1375 2850 1561 2918 gravia

79 2949 111 2996 in
151 2948 279 2999 horas
319 2955 368 3000 et
419 2945 764 2999 miserabilia
810 2945 1232 2999 nuntiabantur.
1285 2944 1572 2997 Addebant

80 3033 236 3099 quidam
265 3036 554 3104 provinciis
583 3035 814 3104 perditis
846 3037 1125 3090 civitatem
1167 3051 1315 3090 nunc
1352 3036 1526 3104 ipsam
1553 3075 1568 3099 ,

79 3131 231 3181 unicum
257 3131 475 3185 cladium
512 3130 852 3200 perfugium,
888 3145 1056 3199 prepe
1094 3145 1123 3181 a
1153 3129 1438 3182 dominatu
1468 3129 1570 3182 ho-

1668 1916 1902 1983 δοκοῖεν,
1931 1919 2100 1989 νήπια
2134 1920 2231 1990 μὲν
2258 1919 2316 1985 ἐξ
2339 1922 2654 1990 ἁφεδρῶνος
2677 1924 2732 1984 ἐς
2761 1921 2938 1991 στόμα
2963 1923 3077 1982 τοῖς
3101 1917 3253 1980 ίδίοις

1674 2009 1900 2073 παλτοῖς
1961 2011 2346 2082 ἐμπείρουσιν,
2387 2014 2601 2085 ἀνδρῶν
2645 2014 2703 2068 δὲ
2733 2015 2856 2074 τοὺς
2904 2011 3004 2082 μὲν
3039 2026 3256 2080 πυρπο-

1672 2188 1781 2254 nis,
1830 2191 2001 2245 inulta
2043 2206 2292 2261 sperans,
2339 2199 2392 2248 et
2437 2205 2625 2264 parata
2670 2210 2794 2265 qua:
2833 2193 3044 2249 diceret
3087 2193 3254 2248 domo

1671 2281 1944 2347 atterens,
1991 2285 2164 2339 turbae
2209 2298 2357 2338 nunc
2385 2301 2549 2355 quam
2595 2298 2756 2351 antea
2805 2287 3006 2342 saevius
3046 2284 3254 2338 furenti

1676 2389 1848 2428 ausus
1881 2389 2204 2443 occurrere,
2243 2379 2468 2434 minime
2509 2377 2623 2447 jam
2667 2379 3035 2433 familiaribus
3067 2388 3256 2432 astan-

1676 2469 1808 2522 tium
1837 2470 2122 2525 obtutibus
2157 2472 2376 2527 territus
2408 2488 2471 2526 ac
2498 2473 2602 2527 sibi
2631 2474 2743 2529 vim
2787 2475 2884 2544 ipsi
2929 2475 3154 2538 timens,
3197 2476 3253 2529 in

1674 2561 1828 2618 lucro
1859 2564 2041 2632 posuit
2063 2564 2210 2634 quod
2238 2581 2268 2619 a
2296 2565 2450 2633 plebe
2485 2565 2598 2635 jam
2639 2568 2846 2621 imbuta
2871 2583 3069 2622 cruore
3100 2568 3252 2625 civili

1673 2653 2008 2712 incolumem
2041 2673 2353 2727 regressum
2388 2659 2711 2714 humillimis
2741 2662 3013 2716 eblandiri
3043 2664 3250 2717 valuis-

1675 2757 1757 2802 set
1783 2749 2085 2818 obsequiis.
2114 2748 2254 2804 llinc
2281 2742 2499 2819 jam'illi
2529 2753 2678 2806 velut
2712 2769 2890 2807 rerum
2921 2755 3062 2809 haud
3087 2754 3255 2811 dubio

1674 2848 1952 2909 potentes,
2010 2842 2364 2897 destinabant
2418 2843 2711 2913 direptioni
2757 2853 2928 2914 atque
3001 2845 3254 2900 incendio

1674 2931 1810 2985 alias
1843 2932 2058 2997 domos,
2093 2935 2400 3003 praesertim
2439 2951 2571 2990 vero
2605 2950 2938 3006 magnatum,
2968 2951 3126 3006 prout
3157 2953 3254 2994 eos

1675 3027 1876 3082 ducum
1912 3041 2164 3090 suorum,
2202 3027 2419 3082 cuidam
2455 3043 2746 3098 procerum
2783 3031 3134 3098 peculiariter
3165 3034 3254 3085 in-

1677 3117 1974 3173 videntium
2011 3127 2106 3172 aut
2139 3120 2243 3173 alia
2272 3119 2338 3173 de
2364 3135 2526 3174 causa
2555 3121 2924 3190 infensorum,
2960 3123 3252 3181 malitiosa:

77 3224 189 3275 Sliltlll
213 3222 398 3278 abesse.
423 3221 482 3276 ln
502 3238 569 3278 ea
601 3224 824 3292 impune
857 3222 1084 3288 versari,
1114 3224 1461 3290 indulgenter
1493 3220 1576 3272 fo-
1605 3201 1646 3258 (ἶ
1681 3211 2062 3283 ὶηδιὶεειιίοιιθδ
2082 3212 2136 3264 in
2161 3225 2286 3265 eum
2313 3213 2865 3283 concilabanl,quasi
2895 3217 3012 3272 suis
3042 3220 3096 3271 in
3124 3219 3257 3272 tedi-

78 3315 149 3365 reri
175 3312 451 3378 Catelanos,
484 3315 657 3368 etiam
689 3323 978 3383 postquam
1011 3315 1066 3366 in
1091 3313 1338 3381 ﬂagranti
1364 3312 1574 3367 scelere

71 3407 339 3461 consiliorum
409 3406 793 3477 opprimendae
862 3407 1180 3474 reipublicae
1223 3405 1570 3474 ,deprehensi

74 3498 181 3549 modo
205 3499 314 3553 sint.
338 3498 485 3554 Haud
510 3516 660 3566 aegre
695 3499 823 3553 hinc
853 3499 1150 3552 deventum
1182 3500 1250 3552 ad
1274 3501 1568 3553 vehemens

71 3591 326 3654 propositum
376 3589 825 3644 ulciscendorum
879 3605 1044 3642 manu
1093 3590 1432 3643 nefariorum
1470 3589 1570 3645 ho-

71 3686 180 3728 Siilllll
213 3681 452 3746 urbisque
487 3679 712 3734 funesta
746 3680 1055 3735 colluvione
1082 3681 1397 3750 purgandae.
1428 3681 1564 3734 Cum

69 3778 193 3820 autem
225 3769 598 3826 Catelanorum
637 3770 931 3839 plerosque
968 3780 1249 3839 receptum
1289 3770 1432 3839 apud
1468 3771 1572 3826 Pe-

69 3876 178 3913 rnam
211 3863 333 3916 inter
357 3864 685 3920 Genuenses
721 3864 989 3934 quaesisse
1012 3874 1432 3933 cognoscerent,
1461 3863 1576 3919 illic

69 3966 207 4011 inlusa
238 3960 402 4028 plebis
432 3960 1069 4028 Constantinopolitanae
1105 3959 1177 4022 vi,
1206 3968 1262 4011 at
1291 3973 1386 4012 eos
1423 3967 1571 4012 certe

69 4054 128 4114 uui
151 4053 315 4103 servati
357 4054 498 4106 intra
535 4053 730 4106 urbem
764 4051 1006 4121 contigui
1043 4050 1162 4105 suis
1204 4050 1328 4104 telis
1365 4057 1571 4112 essent,

71 4141 166 4191 haud
193 4140 376 4196 inultos
413 4144 780 4198 dimittendos
815 4151 1155 4198 statuerunt.
1193 4140 1306 4196 Hoc
1350 4141 1575 4212 impulsi

69 4231 199 4285 lurore
237 4249 392 4288 manu
425 4253 628 4302 Insignia
678 4236 823 4290 facta
873 4238 1021 4291 ardes
1069 4237 1341 4292 invadunt
1386 4235 1578 4290 ltaulis

69 4324 214 4389 Crassi,
245 4327 324 4387 ubi
358 4330 502 4398 apud
545 4344 799 4382 socerum
843 4330 1114 4384 amerales
1142 4328 1405 4382 custodiri
1437 4327 1577 4384 fere-

66 4415 194 4470 liatur.
225 4420 276 4473 ln
319 4437 435 4474 eam
480 4436 718 4475 numero
759 4423 1038 4486 maximo,
1075 4421 1464 4476 vociferatione
1509 4437 1575 4478 ac

66 4520 210 4576 tmpetu
245 4516 470 4569 vtesanis
503 4515 876 4583 irrumpentes
905 4513 1154 4578 domum,
1201 4513 1323 4569 dedi
1359 4515 1462 4570 sibi
1494 4517 1573 4568 la-

1677 3306 1784 3362 bus
1814 3307 2103 3361 Catelaunos
2131 3307 2535 3373 occultantem;
2565 3323 2799 3377 quarum
2836 3311 3089 3366 videlicet
3115 3328 3256 3382 prae-

1679 3412 1830 3458 textu
1868 3404 2319 3466 scrutandarum,
2352 3404 2418 3456 ad
2451 3419 2547 3458 eas
2574 3404 2773 3458 deinde
2809 3406 3162 3474 diripiendas,
3192 3424 3257 3462 ac

1676 3495 1722 3549 si
1755 3496 1920 3550 ferret
1946 3499 2201 3566 impetus,
2235 3513 2358 3550 mox
2415 3496 2786 3550 incendendas
2827 3501 3140 3554 occasionis
3177 3500 3258 3553 fa-

1675 3588 1904 3654 cilitate,
1934 3589 2130 3658 praeda:
2153 3589 2404 3658 pellacia,
2431 3591 2730 3644 securitate
2760 3591 3103 3661 impunitatis
3139 3593 3260 3648 elle-
3305 3570 3317 3581 ’

1678 3688 1794 3733 rata
1825 3679 1975 3748 plebs
2007 3680 2401 3749 impelleretur.

1675 3795 1768 3849 27.
1816 3795 1894 3848 De
1933 3797 2310 3866 apparentibus
2350 3812 2378 3850 ι
2411 3796 2592 3850 Genua
2632 3800 2908 3865 sexdecim
2947 3800 3115 3870 longis
3159 3818 3260 3854 na-

2382 3870 2549 3922 uibus.

1751 3958 1818 4012 Et
1853 3962 2217 4028 processisset
2246 3962 2298 4014 in
2329 3963 2624 4015 maximam
2667 3963 2968 4031 perniciem
2997 3965 3255 4019 inchoata

1675 4060 1730 4105 et
1784 4062 2063 4106 auctorata
2098 4069 2356 4108 successu
2408 4057 2587 4124 primo
2645 4071 2860 4110 vmsana
2894 4042 3116 4111 licentia
3149 4059 3250 4111 de-

1679 4162 1869 4202 mnum
1919 4151 2433 4220 expugnandarum,
2480 4151 2534 4204 ni
2587 4162 2814 4220 repente
2844 4167 2984 4206 nova
3021 4171 3106 4208 res
3159 4170 3257 4223 ap-

1680 4258 1881 4312 parens
1935 4244 2177 4297 civitatis
2215 4245 2484 4298 universaa
2539 4245 2825 4314 ipsiusque
2856 4246 3119 4299 concitati
3155 4261 3254 4315 po-

1679 4338 1794 4407 puli
1824 4337 2297 4406 exspectationem
2329 4347 2384 4391 et
2417 4339 2784 4405 cogitationes
2813 4340 2866 4391 in
2892 4355 2949 4392 se
2977 4340 3254 4392 vertisset.

1677 4428 1771 4482 Illa
1821 4428 2084 4482 nimirum
2123 4431 2238 4496 ipsa
2292 4438 2453 4482 nocte
2507 4430 2559 4482 in
2604 4438 2960 4495 conspectum
3006 4430 3162 4483 urbis
3202 4445 3261 4484 se

1680 4519 1948 4574 dederunt
1982 4521 2221 4574 sedecim
2263 4535 2430 4574 naves
2479 4519 2650 4587 longae
2682 4529 2898 4574 onusta:
2928 4522 3204 4574 mercibus
3231 4538 3260 4577 e

64 4610 191 4657 tentes
231 4607 335 4662 illic
388 4607 688 4663 Catelanos
736 4606 1010 4680 flagitant.
1052 4608 1290 4680 Moxque
1342 4610 1574 4666 incertis
1607 4591 1652 4647 Ῑ)
1682 4614 1896 4677 Genua,
1927 4621 2250 4682 exspectatas
2276 4614 2381 4666 ilhc
2415 4613 2660 4681 quidem,
2704 4614 2797 4667 sed
2829 4613 3096 4668 beneficio
3123 4615 3263 4670 lenis

68 4696 222 4748 consilii
256 4700 570 4756 domesticis
601 4701 750 4755 haud
782 4713 865 4756 sat
896 4705 1010 4758 cito
1040 4705 1462 4769 expedientibus
1493 4722 1582 4763 re-

66 4801 283 4856 Slionsum,
310 4805 402 4848 aut
452 4797 640 4864 potius
677 4796 818 4863 quod
852 4797 1230 4864 imperabatur
1269 4812 1575 4867 exsequen-

64 4880 180 4945 libus,
208 4884 320 4954 igne
349 4890 512 4941 tectis
543 4887 798 4950 subiecto
836 4889 1175 4943 domicilium
1231 4888 1283 4944 id
1315 4899 1488 4945 totum
1519 4892 1574 4946 in

63 4971 236 5028 cinerem
267 4980 537 5049 redigunt,
584 4979 794 5041 multis,
841 4979 1060 5034 interim
1085 4983 1214 5035 dum
1251 4983 1566 5037 incendium

62 5079 296 5133 grassatur,
327 5074 675 5126 crudelitatis
715 5082 769 5128 et
803 5075 1047 5128 avaritiae
1081 5077 1134 5129 in
1167 5077 1571 5146 direptionibus

66 5171 195 5212 rerum
227 5174 276 5218 ct
303 5167 562 5220 resistere
584 5181 844 5220 ausorum
871 5169 1023 5237 gravi
1059 5170 1378 5224 multatione
1413 5169 1569 5224 fami-

65 5246 224 5306 larium
249 5258 404 5310 editis
440 5259 730 5328 exemplis.
770 5261 827 5314 ιη
875 5262 962 5315 his
1008 5261 1256 5316 Catelani
1309 5265 1430 5318 sine
1475 5279 1571 5333 spe

65 5343 189 5398 venia:
235 5364 324 5416 pro
385 5351 565 5418 capite
611 5363 777 5420 atque
829 5354 1011 5406 anima
1065 5365 1375 5423 pugnantes
1428 5355 1571 5409 haud

67 5432 179 5488 iuulti
205 5438 347 5510 533
378 5447 722 5505 ceciderunt,
758 5448 956 5513 partim
999 5447 1144 5500 ferro
1175 5451 1373 5516 partim
1409 5447 1569 5501 llam-

65 5540 140 5591 uia,
170 5546 193 5581 a
231 5549 438 5588 summa
474 5537 523 5589 vi
569 5541 959 5592 annitentibus
991 5541 1272 5595 seditiosis
1328 5542 1570 5612 denique

66 5628 332 5693 consumpti,
366 5630 582 5683 nemine
629 5630 740 5698 jam
775 5631 1015 5700 amplius
1058 5636 1333 5687 sustinere
1366 5646 1461 5686 aut
1495 5634 1574 5687 si-

67 5720 166 5764 uere
191 5717 283 5766 vim
307 5716 542 5772 efferatae
573 5720 940 5774 multitudinis
971 5721 1203 5776 valente.
1231 5723 1365 5776 Nam
1391 5734 1446 5777 et
1473 5725 1578 5779 hoc

68 5814 237 5858 tltiualus
271 5813 574 5876 patriarcha
629 5828 687 5864 re
741 5811 943 5866 Infecta
982 5823 1208 5869 coactus
1242 5826 1328 5870 est
1371 5819 1572 5872 redire.

69 5890 217 5967 Nempe
243 5901 326 5956 ille
356 5918 615 5956 successu
659 5905 924 5960 invitatus
967 5909 1168 5974 prioris
1200 5925 1310 5963 suae
1354 5913 1577 5967 concio-

328 6001 598 6061 l’aruoc.
643 6003 757 6063 Gn.
793 6005 1056 6070 CXLIV.

1685 4709 1858 4763 austri
1917 4709 2081 4762 citius
2129 4722 2292 4776 quam
2349 4709 2677 4777 sperabatur
2730 4708 3088 4777 appellentes.
3149 4709 3261 4762 Sub

1682 4810 1808 4848 eum
1864 4795 2126 4862 temporis
2179 4797 2472 4850 articulum
2526 4795 2771 4850 Catelani
2820 4805 2873 4849 et
2930 4796 3262 4866 Amogabari

1683 4887 1889 4942 nostris
1922 4888 2270 4942 institoribus
2300 4888 2444 4956 apud
2480 4889 2848 4958 propinquum
2889 4888 3010 4942 urbi
3050 4891 3263 4955 navale,

1679 4978 1948 5048 Rhegium
1987 4982 2220 5044 dictum,
2251 4985 2629 5036 onerariarum
2669 4980 2964 5036 stationem
2999 4982 3259 5037 habenti-

1681 5075 1808 5136 bus.
1843 5090 1988 5130 smvo
2019 5076 2470 5144 supervenientes
2503 5075 2710 5142 impetu
2749 5083 2800 5128 et
2825 5075 2948 5127 loco
2983 5091 3045 5128 ac
3083 5077 3262 5144 praeda

1682 5166 1732 5214 vi
1767 5164 1950 5231 potiti,
1983 5181 2093 5232 quo
2122 5176 2386 5217 terrorem
2407 5165 2490 5217 sui
2527 5166 2638 5216 late
2672 5164 2884 5218 scilicet
2915 5178 3261 5237 spargerent,

1684 5259 1803 5312 dira
1829 5259 2172 5314 crudelitatis
2204 5260 2498 5328 plusiluam
2540 5259 2752 5311 hostilis
2783 5262 3028 5328 exempla
3068 5261 3258 5314 edide-

1689 5358 1838 5404 runt.
1892 5349 2160 5404 Parvulos
2197 5350 2342 5403 enim
2411 5351 2523 5404 illic
2585 5358 2840 5420 repertos,
2887 5352 3117 5419 tragulis
3170 5367 3266 5420 per

1689 5443 1940 5512 podicem
1975 5445 2026 5496 in
2060 5459 2122 5497 os
2166 5444 2432 5498 innuissis
2475 5445 2622 5498 velut
2659 5461 2790 5498 veru
2839 5445 3264 5510 translixerant;

1683 5539 1990 5593 adultiores
2041 5547 2246 5603 autem,
2279 5537 2440 5610 534
2477 5539 2564 5591 ubi
2612 5540 2766 5607 prius
2801 5547 3089 5607 coegerant
3133 5553 3266 5606 pro-

1686 5630 1819 5697 priis
1855 5629 2097 5682 humeris
2129 5644 2218 5682 res
2251 5631 2493 5698 ipsorum
2529 5629 2674 5683 ferre
2708 5645 2818 5697 quo
2849 5644 3003 5682 suam
3035 5629 3264 5698 congeri

1685 5722 1924 5790 praedam
1979 5722 2077 5774 feri
2128 5720 2369 5774 latrones
2403 5723 2677 5786 volebant,
2709 5724 2906 5776 deinde
2955 5721 3268 5775 immaniter

1689 5814 2118 5878 truculaverant,
2156 5825 2464 5883 (solemque
2493 5815 2579 5867 his
2612 5823 2979 5866 consentanea
3017 5814 3264 5866 fecerant

1686 5908 1958 5965 barbaria:
2010 5907 2250 5963 furorem
2302 5909 2484 5962 Omnis
2535 5909 2692 5978 longe
2741 5917 3035 5974 superante
3077 5903 3262 5975 Stygia

2759 6002 2831 6062 19
