3738 6542
398 354 497 416 ενι

1609 361 1947 424 GEORGII
1995 363 2479 424 PACHYMElle

3558 376 3650 438 5"!

403 473 504 542 μὲν
532 472 792 543 ἀμηραλῇ
835 472 928 525 τδν
972 472 1139 527 τόπον
1180 474 1574 546 ἀπεχαρίζετο,
1608 479 1738 541 τοὺς
1765 477 1824 532 δὲ
1852 495 1983 548 φρε-
2013 487 2060 544 Α
2089 477 2253 545 θεῖεν,
2286 478 2517 549 μηδενὸς
2570 479 2630 532 τὸ
2681 480 2947 550 παράπαν
3012 481 3446 553 ἐσκυλευμένου,
3471 486 3590 550 τοὺς
3619 489 3657 541 δ’

401 567 553 640 ρίους
606 567 782 634 ἀξίοις
830 567 1222 638 ἀποτιμήμασι
1267 569 1597 643 θεραπεύειν
1640 573 1845 645 ᾑρεῖτο,
1877 572 1980 628 κᾶν

398 660 554 713 αὐτοὶ
607 658 669 712 τὸ
703 659 968 729 παράπαν
1017 661 1459 729 ἀποστυγοῦντες
1504 663 1600 717 τοῦ
1638 667 1712 734 μὴ
1746 667 1983 736 μεταπί-

399 768 560 805 πτειν
614 753 869 822 προεῖντο
917 752 1014 805 καὶ
1054 751 1154 823 τὴν
1204 751 1375 825 ζωήν.
1411 755 1559 825 Πλὴν
1590 756 1637 810 δ’
1666 757 1765 827 οὐχ
1796 752 1899 812 οἷοί
1931 759 1981 813 τ’

399 844 553 907 ὄντες
576 844 713 913 πρὸς
750 843 1043 914 βασιλικὰς
1080 845 1331 917 ἀντέχειν
1365 847 1654 916 διαταγὰς,
1692 850 1830 922 πρὸς
1886 852 1983 922 μό-

400 957 491 994 νον
536 941 602 993 τὸ
653 940 882 1003 εὐλαϐὲς
936 941 1066 1011 περὶ
1102 940 1172 993 τὰ
1210 941 1349 994 θεῖα
1395 941 1491 994 τοῦ
1541 945 1982 1012 προστάσσοντος

400 1035 692 1105 ἀφεώρων.
718 1036 829 1088 Καὶ
850 1035 974 1104 ίερά
1000 1034 1101 1104 μὲν
1124 1035 1313 1089 ἐκεῖνα
1331 1036 1427 1089 καὶ
1455 1035 1637 1090 πᾶσαν
1666 1035 1768 1106 τὴν
1798 1035 1982 1091 αὐτῶν

403 1128 726 1199 ἑτοιμασίαν
773 1128 1120 1197 ἀμετάθετον
1170 1128 1445 1194 εἰακότες,
1486 1130 1641 1183 οὐδὲν
1686 1124 1850 1203 ἦττον
1887 1134 1983 1183 καὶ

402 1221 537 1292 περὶ
556 1221 666 1273 τῶν
696 1219 901 1275 λοιπῶν
935 1219 1080 1274 οὕτω
1099 1219 1437 1285 διατεθέντες
1460 1220 1538 1285 ὡς
1570 1221 1739 1293 μηδὲν
1769 1221 1984 1275 ἐκεῖθεν

402 1314 510 1367 τῶν
543 1313 640 1368 τοῦ
680 1314 811 1368 ναοῦ
844 1314 1184 1384 μεταθεῖναι,
1221 1314 1461 1385 ἠμέλουν
1496 1314 1571 1380 ὡς
1603 1316 1677 1386 μὴ
1711 1315 1777 1369 ἂν
1814 1332 1981 1386 μεταο

403 1408 747 1479 θησομένων,
775 1408 851 1472 ὥς
886 1426 952 1477 γε
987 1413 1127 1478 σφᾶς
1152 1410 1388 1465 οἴεσθαι.
1435 1411 1592 1464 Ἐπεὶ
1617 1412 1673 1466 δὲ
1705 1413 1799 1465 καὶ
1822 1410 1984 1475 αὖθις

403 1502 434 1554 ὁ
466 1502 692 1573 κρατῶν
722 1503 1024 1574 ἠνωχλεῖτο
1058 1509 1154 1558 καὶ
1190 1504 1571 1576 ἀπαραίτητον
1604 1504 1853 1558 κατενόει
1882 1504 1984 1575 τὴν

407 1593 554 1664 βίαν,
585 1594 811 1665 πέμψας
842 1595 921 1665 τῷ
947 1594 1058 1648 τῶν
1102 1598 1341 1650 Πισαίων
1376 1597 1592 1667 ὲξάρχῳ
1646 1598 1983 1669 προστάσσει

406 1689 470 1740 ὲκ
508 1687 768 1755 γειτόνων
795 1685 912 1739 ὄντι
940 1687 1449 1757 συμπαραλαὸόντα
1489 1688 1620 1751 τοὺς
1648 1689 1706 1742 ὲν
1740 1686 1819 1758 τῷ
1858 1686 1982 1740 καθ’

410 1776 558 1848 ἱεροῦ
591 1775 684 1829 τοῦ
722 1776 1023 1830 ἀποστόλου
1044 1776 1253 1846 Πέτρου
1279 1778 1445 1847 ἱερεῖς
1473 1775 1559 1848 [Ρ.
1595 1773 1725 1848 574]
1759 1776 1987 1845 ἐπιστῆ-

2093 572 2260 643 ίερείς
2289 573 2538 636 εὐλαϐῶς
2557 572 2929 637 ἀναλαϐόντας
2950 575 3110 629 τάκεῖ
3133 578 3364 646 κείμενα
3392 581 3451 631 ἐν
3479 577 3557 648 τῷ
3576 579 3657 634 τοῦ

2091 666 2395 735 κορυφαίου
2436 666 2545 719 τῶν
2594 664 2919 720 ἀποστόλων
2957 666 3280 736 μεταθεῖναι
3314 668 3454 739 ναῷ.
3501 668 3586 734 Ὧς
3613 672 3661 725 δὲ

2088 752 2283 822 γέγονε
2333 753 2508 808 ταῦτα
2557 759 2652 808 καὶ
2706 756 2959 827 ἐπράχθη
3010 758 3044 827 ἡ
3076 757 3187 810 τῶν
3221 758 3386 827 ἱερῶν
3434 760 3658 814 καὶτῶν

2089 844 2265 907 ἀλλων
2301 847 2614 915 μετάθεσις,
2651 849 2702 901 οξ
2729 848 2948 920 φρέριοι
2982 849 3149 919 μηδὲν
3178 850 3401 921 ἔχοντες
3429 851 3458 904 ὃ
3482 868 3536 903 τι
3565 855 3661 914 τοῖς

2090 938 2273 1002 ἄλλοις
2302 944 2629 1012 χρήσαιντο,
2672 942 2812 1012 πρὸς
2861 942 2956 996 τὸν
2986 944 3290 998 ἐπιστάντα
3322 944 3385 996 τὸ
3428 945 3540 997 πᾶν
3581 946 3663 1009 τῆς

2090 1030 2264 1099 ὀργῆς
2322 1031 2636 1100 ὲξεκένουν,
2695 1033 2793 1084 καὶ
2842 1033 3144 1088 ἀνεκάλουν
3194 1035 3331 1105 πρὸς
3362 1034 3667 1098 Γεννουῐτας

2094 1125 2238 1176 κατά
2272 1122 2372 1193 τὴν
2433 1124 2701 1195 Περαίαν,
2755 1126 2847 1178 καὶ
2902 1124 3092 1195 ἠξίουν
3125 1126 3218 1181 τὸν
3258 1129 3665 1197 καταφρονητην

2103 1214 2447 1283 ἀμύνασθαι.
2506 1216 2615 1269 Καὶ
2672 1218 2700 1269 ὁ
2742 1216 3101 1287 ὲξουσιαστὴς
3151 1219 3405 1283 ἐκείνων,
3456 1218 3556 1287 τὴν
3590 1220 3666 1270 ἐπὶ

2091 1308 2305 1371 τούτοις
2349 1308 2571 1378 ἄμυναν
2611 1307 2720 1360 τῶν
2759 1309 2942 1361 καλῶν
2991 1311 3378 1379 ἡγησάμενος,
3407 1310 3666 1378 ἐκπέμπει

2092 1398 2278 1470 κρύφα
2328 1399 2458 1464 τοὺς
2512 1400 2723 1453 ἐκεῖνον
2783 1401 2955 1469 ἐγγὺς
3004 1400 3241 1453 θανάτου
3314 1403 3664 1470 ποιήσοντας·
3736 1440 3738 1443 -

2093 1495 2312 1548 κτανεῖν
2365 1494 2473 1563 γὰρ
2528 1493 2630 1547 οὐκ
2685 1493 2977 1561 ἐδικαίουν,
3028 1495 3168 1549 ἀλλά
3207 1495 3452 1560 σπάθαις
3487 1497 3666 1561 estiam
3736 1538 3738 1545 .

2094 1588 2359 1657 ἐσχάτως.
2409 1586 2863 1657 Ἐνεδρεύσαντες
2891 1589 3073 1643 τοίνυν
3108 1589 3451 1660 ἐξεπλήρουν
3495 1590 3562 1641 τὰ
3588 1589 3665 1642 τοῦ
3736 1600 3738 1607 ·

2095 1676 2485 1749 βουλεύματος.
2517 1678 2614 1731 καὶ
2638 1678 2863 1742 πολλαῖς
2892 1680 2982 1733 τὸν
3004 1679 3295 1751 ἄνθρωπον
3314 1682 3663 1734 ὲπεισπεσόν-
3736 1664 3738 1679 ³

2092 1786 2184 1833 τες
2223 1771 2287 1822 ὲκ
2335 1769 2431 1823 τοῦ
2489 1770 2753 1839 αἰφνηδδν
2784 1770 3071 1842 ᾐκίσαντο,
3126 1771 3200 1834 ὡς
3255 1771 3513 1841 φοράδην
3548 1772 3663 1824 οἴκοι

406 1888 496 1923 ναι
525 1868 604 1941 τῷ
640 1870 812 1939 τόπῳ,
837 1868 932 1923 καί
960 1885 1021 1937 γε
1040 1869 1166 1930 τοὺς
1194 1867 1295 1937 μὲν
1333 1870 1463 1938 περὶ
1488 1869 1654 1921 αὑτὸν
1678 1870 1737 1921 ὲν
1765 1867 1984 1933 άξιοπί-
2012 1854 2060 1915 Β
2091 1859 2247 1927 μόλις
2269 1859 2660 1928 πιστευόμενον
2692 1858 2794 1929 ζῇν
2821 1860 3159 1929 ἀπαχθῆναι·
3214 1860 3394 1913 Τοῦτο
3434 1859 3663 1930 βασιλεὺς

410 1979 560 2024 στοις
593 1961 854 2031 τετάχθαι
880 1964 1150 2032 μάρτυσιν
1180 1959 1258 2026 ὦς
1297 1960 1350 2014 θ’
1378 1960 1594 2033 εὕροιεν
1625 1961 1721 2015 καὶ
1747 1959 1783 2014 ἃ
1821 1977 1989 2029 μετα-

412 2143 577 2211 nique
609 2152 839 2209 corpora
867 2138 1313 2195 Christianorum
1375 2136 1769 2195 defunctorum
1823 2138 1991 2210 depo-

411 2235 518 2288 sita
554 2235 608 2287 in
632 2231 976 2300 sepulturam
1002 2234 1137 2296 sint,
1165 2231 1434 2287 resecrari
1458 2245 1654 2285 rursus
1677 2231 1993 2300 mutarique

415 2330 468 2379 in
507 2327 730 2397 vulgare
760 2324 1154 2380 diversorium.
1194 2325 1375 2393 Atque
1409 2325 1525 2379 hac
1549 2338 1669 2393 quae
1693 2338 1723 2378 a
1775 2323 1992 2378 nemine

414 2428 640 2491 possent
679 2419 823 2483 fieri,
852 2418 1077 2473 minime
1113 2418 1337 2472 aiebant
1366 2419 1666 2473 convenire
1689 2417 1759 2471 ab
1787 2417 1856 2471 iis
1904 2422 1992 2469 at-

413 2513 613 2567 tentari
637 2513 730 2582 qui
762 2511 1005 2567 studium
1038 2510 1341 2566 ferventius
1380 2526 1510 2583 erga
1551 2525 1642 2565 res
1676 2509 1843 2565 divini
1872 2509 1994 2563 cul-

413 2615 504 2662 tus
533 2605 945 2677 profiterentur.
1009 2602 1163 2658 Talia
1203 2602 1281 2657 illi
1306 2603 1613 2672 quamlibet
1669 2612 1994 2657 constanter

411 2699 779 2754 ohtcndentcs
811 2696 947 2751 nihil
981 2697 1237 2766 agebant,
1290 2695 1482 2764 utique
1512 2694 1656 2765 apud
1688 2694 1991 2760 hominem,

412 2792 595 2860 qualis
632 2799 753 2845 erat
778 2790 1119 2859 patriarcha,
1151 2788 1592 2843 irrevocabiliter
1644 2802 1756 2857 quo
1812 2787 1994 2842 inten-

412 2884 588 2938 disset
635 2896 797 2935 ruere
857 2880 1104 2934 solitum.
1160 2877 1304 2950 Ergo
1340 2879 1387 2933 is
1444 2878 1820 2949 pracjudicatis
1876 2880 1995 2934 suis

364 2990 372 2997 ·
410 2974 710 3044 indulgens
771 2972 1088 3038 affectibus,
1132 2981 1187 3026 et
1231 2987 1531 3042 persuasus
1583 2972 1703 3027 zelo
1752 2972 1847 3026 illo
1886 2986 1995 3042 quo

415 3073 695 3126 ferebatur
745 3077 957 3124 exactae
1019 3067 1327 3136 religionis,
1374 3066 1585 3131 debere
1647 3081 1709 3122 se
1770 3067 1996 3120 omnino

412 3165 856 3231 qualemcunque
903 3161 1106 3225 aliam,
1142 3159 1382 3213 maxime
1415 3166 1601 3212 autem
1645 3155 1919 3220 Latinam,
1965 3169 1994 3209 a

414 3257 586 3310 libero
611 3253 896 3319 exercitio,
917 3252 971 3305 in
999 3250 1121 3303 loco
1146 3248 1452 3319 praesertim
1489 3258 1595 3301 tam
1626 3248 1849 3318 publico
1881 3263 1998 3302 me-

413 3349 646 3417 tropolis
683 3347 768 3403 sui
795 3344 1232 3415 patriarchatus,
1260 3343 1575 3412 prohibere,
1632 3343 1867 3408 urgebat
1902 3343 1993 3395 ni-

406 3442 526 3497 hilo
556 3440 845 3495 remissius
864 3437 1015 3508 quod
1046 3443 1317 3507 creperat,
1349 3444 1404 3489 et
1444 3450 1603 3505 Opem
1647 3434 1995 3505 imperatoris

410 3536 483 3591 ad
518 3531 923 3605 perrumpenda
953 3544 1075 3600 quae
1115 3528 1335 3584 amoliri
1360 3542 1457 3597 per
1489 3542 1549 3582 se
1584 3528 1705 3597 ipse
1738 3527 1994 3595 nequiret

414 3625 700 3683 obstacula
771 3623 1125 3694 implorabat.
1169 3619 1453 3675 Pendehat
1512 3618 1870 3672 Andronicus
1924 3631 1992 3671 ex

411 3723 534 3794 ejus
571 3731 729 3786 nutu,
764 3734 867 3774 nec
913 3731 1015 3772 suo
1077 3714 1406 3786 patriarcha:
1458 3728 1559 3784 pro
1608 3714 1727 3767 viro
1779 3711 1993 3766 eximia:

409 3814 720 3871 sanctitatis
747 3811 1048 3882 gratiaeque
1074 3809 1216 3878 apud
1253 3809 1420 3862 Deum
1457 3805 1709 3860 maxima:
1737 3819 1767 3859 a
1803 3819 1864 3858 se
1892 3804 1993 3857 du-

411 3914 540 3965 dum
568 3908 718 3963 culto
749 3920 949 3975 negare
973 3903 1273 3973 quidquam
1301 3909 1399 3955 aut
1419 3907 1610 3955 contra
1638 3899 1852 3954 hiscere
1883 3896 1992 3950 ulla

412 4006 465 4058 in
502 4017 561 4057 re
596 4007 830 4071 poterat.
885 3996 1069 4067 Itaque
1101 3988 1435 4050 amotionem
1492 3993 1618 4047 inde
1649 3991 1988 4056 Freriorum,

408 4110 573 4166 quam
610 4095 655 4147 is
683 4090 960 4161 cupiebat,
996 4089 1116 4158 ipse
1150 4086 1487 4141 auctoritate
1536 4085 1822 4140 mandavit
1867 4100 1989 4148 sua,

408 4202 527 4243 earn
559 4188 612 4241 in
645 4182 1004 4241 exsecutione
1044 4180 1316 4236 invidiosa
1346 4178 1782 4234 moderationem
1830 4177 1991 4232 adhi-

410 4282 567 4341 hens,
601 4287 660 4331 ut
684 4277 787 4331 loci
839 4274 1056 4345 quidem
1110 4287 1174 4327 ac
1196 4271 1300 4327 soli
1336 4272 1728 4341 pr0prietatem
1776 4268 1987 4325 Latinis

409 4367 676 4438 eripiendi
732 4364 942 4420 homini
994 4361 1204 4416 Latino
1273 4362 1613 4417 condonaret
1670 4360 1937 4414 Amerala:
1969 4400 1985 4426 ,

410 4461 615 4516 Freriis
647 4469 829 4513 autem
872 4469 1147 4527 expensas
1172 4470 1312 4526 quas
1355 4454 1774 4523 inemptionem
1810 4462 1865 4507 et
1890 4469 1985 4507 or-

2092 1950 2172 2014 είς
2207 1949 2401 2004 ἑαυτὸν
2447 1948 2741 2020 ἀναφέρων
2786 1949 2897 2003 ἀπὸ
2954 1949 3256 2021 προσώπου
3306 1952 3355 2003 τ’
3386 1951 3565 2005 ἐποίει
3593 1951 3664 2003 τὸν
3736 1988 3738 2003 ι

2095 2156 2187 2213 tali
2217 2156 2454 2220 fiducita,
2489 2155 2641 2211 vasis
2668 2156 2848 2211 sacris
2882 2173 2947 2210 ac
2974 2157 3224 2212 vestibus
3253 2157 3437 2226 palam
3472 2158 3530 2210 in
3561 2173 3665 2226 pro-

2096 2248 2286 2318 patulo
2312 2246 2523 2301 relictis
2555 2246 2882 2311 assidentes,
2909 2253 2970 2301 ut
2999 2247 3135 2301 nihil
3168 2248 3354 2304 minus
3382 2262 3549 2316 quam
3579 2254 3663 2301 viui

2094 2343 2165 2395 ah
2228 2340 2603 2411 imperatoriis
2661 2341 2933 2396 ministris
2985 2340 3287 2396 formidare
3346 2343 3665 2397 viderentur.

2095 2433 2319 2490 Interim
2351 2434 2441 2506 qui
2471 2435 2640 2489 semel
2666 2433 3049 2489 Andronicum
3089 2439 3155 2489 ad
3188 2434 3241 2488 id
3278 2438 3562 2506 negotium
3593 2451 3666 2489 ca-

2096 2527 2427 2596 pessendum
2462 2525 2819 2595 impulerant,
2871 2542 2979 2581 non
3026 2526 3363 2581 desistentes
3422 2528 3663 2582 eidetnut
3736 2525 3738 2573 i

2095 2625 2337 2687 emptum
2365 2617 2674 2672 absolveret
2704 2618 2937 2683 instare,
2966 2632 3031 2673 eo
3055 2618 3297 2689 denique
3328 2621 3668 2690 perpulerunt

2096 2714 2431 2784 principem,
2465 2713 2612 2767 clare
2636 2715 2749 2783 jam
2783 2713 3063 2768 videntem
3114 2729 3403 2784 nunquam
3464 2713 3666 2772 Latinos

2099 2788 2400 2860 monachos
2454 2806 2767 2859 voluntarie
2817 2821 3117 2870 cessuros.
3186 2822 3292 2861 nec
3336 2808 3533 2878 perlici
3576 2825 3667 2863 rem

2098 2897 2239 2953 citra
2278 2897 2389 2951 vim
2426 2913 2612 2966 posse,
2644 2906 2702 2952 ut
2732 2899 3059 2954 Pisanorum
3102 2901 3374 2966 exarcho,
3416 2901 3563 2958 aedes
3605 2903 3670 2955 in—

2098 2990 2303 3045 colenti
2330 2990 2540 3045 vicinas
2565 2988 2893 3045 Latinorum
2946 2992 3321 3058 monasterio,
3377 2995 3667 3050 mandatum

2098 3082 2314 3138 dederit
2347 3093 2664 3153 assumptos
2688 3099 2717 3138 e
2745 3084 2947 3153 templo
2972 3093 3026 3139 et
3054 3087 3175 3153 ipso
3208 3086 3529 3157 prapinquo
3566 3102 3669 3141 san-
3736 3084 3738 3157 ᾗ

2023 3201 2067 3259 C
2101 3174 2171 3227 cti
2222 3172 2370 3228 Petri
2404 3173 2636 3244 apostoli
2694 3174 3016 3230 sacerdotes
3049 3174 3277 3232 Grtécos
3332 3178 3389 3231 in
3433 3180 3667 3249 templum

2105 3265 2426 3320 Latinorum
2458 3266 2773 3330 inducendi,
2822 3267 3001 3337 iisque
3054 3268 3159 3323 loci
3196 3270 3578 3339 prazfecturam
3622 3272 3665 3324 in

2107 3366 2428 3428 perpetuam
2479 3360 2782 3429 deinceps
2870 3361 3121 3415 tradendi
3231 3364 3667 3431 possessionem,

2104 3451 2285 3522 ipsum
2317 3451 2597 3521 imperans
2656 3450 2709 3505 in
2740 3466 2967 3506 censum
3003 3461 3259 3507 exactum
3316 3454 3549 3521 referre,
3582 3456 3667 3510 sub

2105 3544 2425 3599 testimonio
2473 3545 2577 3601 (ide
2629 3544 2918 3613 dignorum
2964 3534 3268 3612 hominum,
3335 3558 3444 3602 tam
3477 3564 3538 3602 ea
3568 3564 3667 3618 qua:

2102 3641 2378 3695 inveniret
2416 3640 2473 3695 in
2526 3641 2730 3710 templo
2763 3640 3115 3707 Latinorum,
3173 3657 3344 3712 quam
3379 3658 3502 3713 quae
3562 3645 3667 3697 inde

2101 3735 2208 3788 alio
2242 3731 2589 3801 transferret,
2639 3734 2929 3804 diligenter
2980 3737 3226 3790 cavendo
3282 3752 3354 3792 ne
3389 3741 3660 3806 quisquam

2099 3834 2293 3873 eorum
2338 3834 2397 3872 re
2453 3821 2562 3873 ulla
2611 3835 2713 3875 sua
2769 3820 3163 3883 fraudaretur;
3218 3839 3420 3881 curare
3471 3841 3663 3896 quoque
3736 3820 3738 3893 ξ

2101 3918 2359 3978 praeterea
2393 3917 2453 3965 ut
2500 3925 2716 3965 sacrant
2750 3928 2968 3969 omnem
3006 3915 3418 3985 supellectilem
3456 3920 3510 3973 iu
3558 3918 3665 3974 Frc-
3736 3902 3738 3977 ἱ

2105 4003 2313 4057 riorum
2352 4002 2688 4058 monasterio
2742 4003 3023 4061 inventam
3055 4016 3111 4063 et
3145 4020 3441 4067 numerato
3495 4027 3663 4082 accep-
3736 4014 3738 4079 ξ

2102 4105 2211 4149 tam
2243 4093 2418 4150 Graeci
2445 4097 2762 4154 sacerdotes
2795 4109 3114 4157 reverenter
3139 4103 3493 4172 deportatam
3520 4110 3663 4176 depo—

2100 4196 2294 4244 nercnt
2316 4189 2370 4242 in
2404 4203 2712 4244 memorato
2736 4192 3008 4264 principis
3035 4196 3420 4265 apostolorum
3458 4202 3659 4269 templo.

2095 4280 2166 4337 Ut
2232 4295 2414 4337 autem
2470 4283 2589 4338 haec
2638 4282 2789 4339 facta
2848 4296 2980 4341 sunt
3013 4296 3068 4342 et
3118 4293 3472 4347 exsecutioni
3524 4294 3661 4363 plene

2092 4374 2349 4429 mandata
2384 4389 2673 4430 sacrorum
2744 4392 3026 4445 vasorum,
3081 4380 3379 4449 librorum,
3448 4386 3657 4439 vestium

2095 4467 2444 4538 aliarumque
2476 4469 2527 4524 id
2560 4485 2737 4541 genus
2761 4472 3056 4528 translatio
3087 4490 3300 4543 rerum,
3326 4493 3450 4549 qua:
3471 4477 3657 4534 Latinis

410 4562 595 4606 "mm"
634 4551 734 4604 ¹⁰⁰ί
768 4551 1011 4605 feceram
1066 4546 1357 4602 refundere
1405 4562 1465 4602 3°
1513 4546 1681 4616 538
1736 4554 1988 4615 Paratum
2025 4541 2155 4613 Din
2211 4576 2317 4615 usu
2366 4559 2629 4627 fuerant,
2691 4564 2931 4633 perculsi
2956 4582 3090 4621 casu
3140 4541 3433 4639 inopinato
3484 4569 3657 4631 Frerii.
3736 4564 3738 4639 ξ

410 4646 794 4716 profiteretur;
821 4642 966 4711 quod
998 4640 1217 4710 quidem
1252 4639 1355 4709 ipsi
1411 4647 1767 4703 recusarunt,
1838 4639 1988 4692 nulla

409 4755 469 4794 se
503 4738 697 4792 adduci
729 4736 1047 4791 conditione
1081 4749 1246 4804 posse
1274 4748 1386 4804 prae
1412 4748 1472 4788 se
1502 4734 1741 4789 ferentes
1769 4732 1835 4787 ad
1866 4746 1988 4787 ces-

407 4835 617 4886 sionem
647 4829 832 4899 templi
864 4827 1094 4898 proprii,
1122 4826 1270 4897 quod
1331 4826 1397 4879 ad
1458 4836 1765 4880 extremum
1798 4825 1986 4879 defert-

408 4922 586 4976 dendo
613 4922 776 4976 vitam
813 4922 977 4974 etiam
1008 4933 1114 4972 non
1158 4918 1478 4972 dubitarent.
1538 4916 1875 4984 impendere.
1910 4917 1987 4968 Ac

408 5016 667 5070 videbant
700 5014 774 5067 illi
804 5012 1024 5083 quidem
1063 5011 1220 5065 facile
1271 5010 1412 5064 haud
1452 5023 1680 5063 suarum
1739 5025 1862 5064 esse
1910 5011 1983 5063 vi-

406 5113 548 5163 rium
604 5107 879 5162 mandatis
933 5104 1286 5174 imperatoris
1364 5102 1566 5166 obniti,
1630 5101 1987 5157 confidebant

407 5216 585 5255 tamen
615 5215 680 5254 ex
709 5214 772 5252 ea
800 5214 963 5271 quam
1017 5195 1283 5251 celebrari
1334 5195 1623 5250 audierant
1683 5196 1986 5251 Andronici

349 5283 356 5292 ’
406 5306 648 5358 t-rgares
675 5306 864 5345 sacras
919 5289 1251 5353 reverentia,
1300 5301 1650 5357 nequaquam
1712 5286 1863 5342 illum
1920 5303 1986 5342 eo

406 5401 583 5455 usque
613 5385 915 5443 ruiturum.
942 5390 1001 5434 ut
1037 5394 1202 5433 manu
1246 5379 1363 5448 rapi
1393 5394 1457 5434 ac
1496 5379 1733 5449 dispergi
1762 5379 1988 5448 jubere:

405 5494 621 5534 sacram
654 5475 842 5545 templi
875 5472 1180 5528 Christiani
1218 5472 1636 5543 supellectilem.
1670 5471 1854 5538 Quare
1879 5473 1983 5542 ipsi

382 5582 752 5635 ,reeusantes,
787 5567 1330 5640 proutjubebantur,
1359 5581 1450 5622 res
1485 5581 1616 5621 snas
1646 5567 1753 5620 alio
1799 5578 1985 5620 trans-

406 5666 584 5726 l’crre,
645 5662 749 5716 sibi
793 5660 1137 5731 spondebant
1180 5659 1455 5712 neminem
1508 5657 1673 5710 alium
1721 5657 1855 5727 ipsis
1889 5675 1982 5715 eas

405 5755 593 5810 invitis
630 5756 749 5810 loco
774 5763 1075 5819 moturum,
1111 5753 1363 5822 Augusto
1390 5750 1443 5804 id
1476 5748 1692 5804 scilicet
1726 5752 1979 5821 praescri-

405 5852 535 5909 bere
586 5867 695 5908 non
757 5864 982 5908 ausuro.
1029 5849 1271 5919 TamQue
1334 5861 1529 5902 secure
1570 5845 1977 5905 indormicbant

2092 4651 2256 4723 539
2292 4667 2395 4707 nec
2449 4652 2592 4723 quid
2654 4666 2883 4725 agerent
2937 4657 3087 4712 aliud
3152 4634 3445 4728 habentes,
3508 4672 3655 4717 tatam

2092 4745 2231 4798 iram
2266 4746 2320 4801 in
2353 4747 2660 4801 exarcltum
2698 4749 2990 4817 Pisanum,
3028 4753 3121 4821 qui
3172 4756 3397 4825 negotio
3453 4755 3659 4827 prafuc-
3736 4736 3738 4779 ⁵

2094 4849 2209 4901 rat,
2243 4836 2587 4894 effuderunt.
2631 4839 2793 4896 Hunc
2821 4840 2992 4912 igitur
3042 4847 3243 4902 acerbe
3274 4860 3655 4921 conquerentes
3736 4836 3738 4909 ἶ

2094 4943 2437 4987 accusarunt
2473 4932 2621 5003 apud
2655 4932 2982 4990 Genuenses
3023 4935 3342 4994 habitantes
3370 4942 3425 4995 in
3472 4939 3651 4999 Pera-3,
3736 4922 3738 4993 ἶ

2091 5035 2316 5080 orantes
2359 5036 2420 5080 ut
2459 5025 2513 5081 in
2552 5038 2989 5099 contemptorem
3036 5036 3349 5090 communis
3404 5036 3652 5106 religionis
3736 5022 3738 5049 ⁵

2092 5117 2420 5189 sacrilegum
2475 5137 2575 5191 pro
2655 5123 2868 5179 meritis
2938 5126 3267 5183 vindicaret.
3330 5130 3653 5186 Existimavit
3736 5124 3738 5127 ’

2094 5204 2453 5273 magistratus
2503 5208 2883 5265 Genuensiutu
2940 5229 3153 5284 aequam
3212 5232 3243 5272 a
3279 5234 3343 5275 se
3366 5235 3476 5273 rem
3525 5220 3645 5288 peti.

2097 5297 2544 5368 praeclarumque
2570 5303 2672 5355 sibi
2706 5303 2825 5358 fore
2848 5304 3065 5361 facinus
3093 5310 3359 5365 ultionem
3386 5312 3452 5367 de
3473 5311 3648 5366 Pisano
3736 5314 3738 5319 '

2094 5406 2312 5459 gravem
2341 5408 2580 5449 sumere.
2619 5396 2889 5452 Submisit
2931 5401 3100 5470 igitur
3130 5402 3389 5468 sicarios,
3414 5406 3494 5476 qui
3518 5410 3645 5458 clam
3736 5392 3738 5401 ’

2094 5486 2530 5541 circumventum
2588 5491 2763 5561 plagis
2794 5495 3079 5551 atrocibus
3111 5498 3379 5553 medendo
3421 5499 3645 5570 proxime

2095 5592 2281 5629 necent
2338 5580 2673 5635 adducerent
2710 5600 2724 5637 :
2765 5600 2871 5639 non
2938 5587 3083 5642 enim
3140 5594 3308 5647 certis
3360 5594 3422 5648 de
3476 5591 3643 5646 causis

2094 5669 2255 5737 plane
2304 5670 2539 5728 interfici
2598 5675 2838 5743 volebat,
2887 5680 2987 5735 sed
3046 5684 3229 5754 gladio
3258 5686 3391 5740 citra
3437 5694 3642 5740 mortem

2094 5762 2415 5820 vulneribus
2471 5770 2684 5823 exarari
2715 5770 3032 5831 luculentis.
3096 5776 3364 5833 Fecerunt
3393 5778 3637 5834 emissarii

2096 5856 2243 5926 quod
2293 5856 2434 5927 jussi
2500 5859 2743 5931 fuerant,
2779 5876 2848 5937 get
2885 5866 3164 5927 irruentes
3224 5887 3291 5927 ex
3323 5871 3546 5946 -insidiis
3587 5872 3635 5923 in
