  <div class='ocr_page' id='page_1' title='image "/cluster/home/n/w/nwhite01/storage/ocr_20150623/144/hvd.32044019208339/304.png"; bbox 0 0 3848 6542; ppageno 0'>
   <div class='ocr_carea' id='block_1_1' title="bbox 206 444 308 509">
    <p class='ocr_par' dir='ltr' id='par_1_1' title="bbox 206 444 308 509">
     <span class='ocr_line' id='line_1_1' title="bbox 206 444 308 509; baseline -0.02 -1"><span class='ocrx_word' id='word_1_1' title='bbox 206 444 308 509; x_wconf 68' lang='lat'><strong>593</strong></span> 
     </span>
    </p>
   </div>
   <div class='ocr_carea' id='block_1_2' title="bbox 1000 449 2518 517">
    <p class='ocr_par' dir='ltr' id='par_1_2' title="bbox 1000 449 2518 517">
     <span class='ocr_line' id='line_1_2' title="bbox 1000 449 2518 517; baseline 0.006 -9"><span class='ocrx_word' id='word_1_2' title='bbox 1000 460 1022 483; x_wconf 80' lang='lat'><strong>&#39;</strong></span> <span class='ocrx_word' id='word_1_3' title='bbox 1093 449 1191 509; x_wconf 88' lang='lat' dir='ltr'><strong>DE</strong></span> <span class='ocrx_word' id='word_1_4' title='bbox 1233 450 1681 516; x_wconf 77' lang='lat' dir='ltr'><strong>ANDRONICO</strong></span> <span class='ocrx_word' id='word_1_5' title='bbox 1714 454 2183 516; x_wconf 82' lang='lat' dir='ltr'><strong>PAL/EOLOGO</strong></span> <span class='ocrx_word' id='word_1_6' title='bbox 2227 458 2373 516; x_wconf 87' lang='lat' dir='ltr'><strong>LIB.</strong></span> <span class='ocrx_word' id='word_1_7' title='bbox 2419 458 2518 517; x_wconf 82' lang='lat' dir='ltr'><strong>Vl.</strong></span> 
     </span>
    </p>
   </div>
   <div class='ocr_carea' id='block_1_3' title="bbox 3361 464 3469 529">
    <p class='ocr_par' dir='ltr' id='par_1_3' title="bbox 3361 464 3469 529">
     <span class='ocr_line' id='line_1_3' title="bbox 3361 464 3469 529; baseline 0.009 -1"><span class='ocrx_word' id='word_1_8' title='bbox 3361 464 3469 529; x_wconf 64' lang='lat'><strong>594</strong></span> 
     </span>
    </p>
   </div>
   <div class='ocr_carea' id='block_1_4' title="bbox 202 561 3470 646">
    <p class='ocr_par' dir='ltr' id='par_1_4' title="bbox 202 561 3470 646">
     <span class='ocr_line' id='line_1_4' title="bbox 202 561 3470 646; baseline 0.01 -42"><span class='ocrx_word' id='word_1_9' title='bbox 202 561 305 615; x_wconf 74' lang='grc' dir='ltr'><strong>τῶν</strong></span> <span class='ocrx_word' id='word_1_10' title='bbox 334 561 661 615; x_wconf 52' lang='lat' dir='ltr'><strong>revocet-:5”</strong></span> <span class='ocrx_word' id='word_1_11' title='bbox 691 564 955 635; x_wconf 71' lang='grc' dir='ltr'><strong>ἄρχοντα,</strong></span> <span class='ocrx_word' id='word_1_12' title='bbox 982 568 1078 622; x_wconf 74' lang='grc' dir='ltr'><strong>καί</strong></span> <span class='ocrx_word' id='word_1_13' title='bbox 1111 586 1237 639; x_wconf 70' lang='grc' dir='ltr'><strong>σφιν</strong></span> <span class='ocrx_word' id='word_1_14' title='bbox 1271 572 1358 641; x_wconf 67' lang='grc' dir='ltr'><strong>ἐφ’</strong></span> <span class='ocrx_word' id='word_1_15' title='bbox 1389 572 1632 644; x_wconf 74' lang='grc' dir='ltr'><strong>ἡμέραις</strong></span> <span class='ocrx_word' id='word_1_16' title='bbox 1657 573 1785 628; x_wconf 81' lang='grc' dir='ltr'><strong>ὲπι-</strong></span> <span class='ocrx_word' id='word_1_17' title='bbox 1810 573 1865 632; x_wconf 78' lang='grc' dir='ltr'><strong>Δ</strong></span> <span class='ocrx_word' id='word_1_18' title='bbox 1890 570 2130 626; x_wconf 76' lang='grc' dir='ltr'><strong>κλιθείιν</strong></span> <span class='ocrx_word' id='word_1_19' title='bbox 2153 573 2574 646; x_wconf 85' lang='grc' dir='ltr'><strong>ἀντιμαχοῦσιν,</strong></span> <span class='ocrx_word' id='word_1_20' title='bbox 2600 575 2650 629; x_wconf 81' lang='grc' dir='ltr'><strong>εί</strong></span> <span class='ocrx_word' id='word_1_21' title='bbox 2695 576 2741 629; x_wconf 82' lang='grc' dir='ltr'><strong>δ’</strong></span> <span class='ocrx_word' id='word_1_22' title='bbox 2770 576 3138 644; x_wconf 84' lang='grc' dir='ltr'><strong>ἀνθίσταιντο,</strong></span> <span class='ocrx_word' id='word_1_23' title='bbox 3172 580 3334 643; x_wconf 73' lang='grc' dir='ltr'><strong>εὐθὺς</strong></span> <span class='ocrx_word' id='word_1_24' title='bbox 3364 600 3470 638; x_wconf 80' lang='grc' dir='ltr'><strong>πο-</strong></span> 
     </span>
    </p>
   </div>
   <div class='ocr_carea' id='block_1_5' title="bbox 200 649 1785 733">
    <p class='ocr_par' dir='ltr' id='par_1_5' title="bbox 200 649 1785 733">
     <span class='ocr_line' id='line_1_5' title="bbox 200 649 1785 733; baseline 0.009 -30"><span class='ocrx_word' id='word_1_25' title='bbox 200 649 487 719; x_wconf 77' lang='grc' dir='ltr'><strong>ζυγοῦσθαι</strong></span> <span class='ocrx_word' id='word_1_26' title='bbox 503 652 606 715; x_wconf 73' lang='grc' dir='ltr'><strong>τὰς</strong></span> <span class='ocrx_word' id='word_1_27' title='bbox 630 654 731 723; x_wconf 80' lang='grc' dir='ltr'><strong>τῆς</strong></span> <span class='ocrx_word' id='word_1_28' title='bbox 756 655 968 720; x_wconf 81' lang='grc' dir='ltr'><strong>πόλεως</strong></span> <span class='ocrx_word' id='word_1_29' title='bbox 989 657 1166 724; x_wconf 68' lang='grc' dir='ltr'><strong>πύλας</strong></span> <span class='ocrx_word' id='word_1_30' title='bbox 1194 662 1586 732; x_wconf 83' lang='grc' dir='ltr'><strong>προσέταττεν.</strong></span> <span class='ocrx_word' id='word_1_31' title='bbox 1610 663 1785 733; x_wconf 83' lang='grc' dir='ltr'><strong>ἀναρ-</strong></span> 
     </span>
    </p>
   </div>
   <div class='ocr_carea' id='block_1_6' title="bbox 198 741 1802 829">
    <p class='ocr_par' dir='ltr' id='par_1_6' title="bbox 198 741 1802 829">
     <span class='ocr_line' id='line_1_6' title="bbox 198 741 1802 829; baseline 0.008 -32"><span class='ocrx_word' id='word_1_32' title='bbox 198 741 298 797; x_wconf 83' lang='grc' dir='ltr'><strong>τῶν</strong></span> <span class='ocrx_word' id='word_1_33' title='bbox 326 744 385 796; x_wconf 80' lang='grc' dir='ltr'><strong>τὸ</strong></span> <span class='ocrx_word' id='word_1_34' title='bbox 416 745 662 816; x_wconf 83' lang='grc' dir='ltr'><strong>πραχθὲν</strong></span> <span class='ocrx_word' id='word_1_35' title='bbox 688 750 772 812; x_wconf 75' lang='grc' dir='ltr'><strong>είς</strong></span> <span class='ocrx_word' id='word_1_36' title='bbox 796 750 981 821; x_wconf 78' lang='grc' dir='ltr'><strong>κρίσιν</strong></span> <span class='ocrx_word' id='word_1_37' title='bbox 1012 751 1106 806; x_wconf 85' lang='grc' dir='ltr'><strong>τοῦ</strong></span> <span class='ocrx_word' id='word_1_38' title='bbox 1140 756 1500 824; x_wconf 83' lang='grc' dir='ltr'><strong>κουμουνίου,</strong></span> <span class='ocrx_word' id='word_1_39' title='bbox 1539 757 1770 829; x_wconf 79' lang='grc' dir='ltr'><strong>μέλλον·</strong></span> <span class='ocrx_word' id='word_1_40' title='bbox 1798 822 1802 826; x_wconf 90' lang='lat'><strong><em>_</em></strong></span> 
     </span>
    </p>
   </div>
   <div class='ocr_carea' id='block_1_7' title="bbox 194 837 1783 921">
    <p class='ocr_par' dir='ltr' id='par_1_7' title="bbox 194 837 1783 921">
     <span class='ocr_line' id='line_1_7' title="bbox 194 837 1783 921; baseline 0.01 -33"><span class='ocrx_word' id='word_1_41' title='bbox 194 853 279 897; x_wconf 79' lang='grc' dir='ltr'><strong>τος</strong></span> <span class='ocrx_word' id='word_1_42' title='bbox 327 837 519 910; x_wconf 77' lang='grc' dir='ltr'><strong>ἐτέρου</strong></span> <span class='ocrx_word' id='word_1_43' title='bbox 573 841 721 895; x_wconf 78' lang='grc' dir='ltr'><strong>κατὰ</strong></span> <span class='ocrx_word' id='word_1_44' title='bbox 762 842 963 897; x_wconf 78' lang='grc' dir='ltr'><strong>πύστιν</strong></span> <span class='ocrx_word' id='word_1_45' title='bbox 1014 846 1142 900; x_wconf 80' lang='grc' dir='ltr'><strong>ὅσον</strong></span> <span class='ocrx_word' id='word_1_46' title='bbox 1199 848 1302 902; x_wconf 78' lang='grc' dir='ltr'><strong>οὐκ</strong></span> <span class='ocrx_word' id='word_1_47' title='bbox 1336 847 1439 919; x_wconf 71' lang='grc' dir='ltr'><strong>ἤδη</strong></span> <span class='ocrx_word' id='word_1_48' title='bbox 1469 849 1569 921; x_wconf 75' lang='grc' dir='ltr'><strong>τὴν</strong></span> <span class='ocrx_word' id='word_1_49' title='bbox 1604 850 1783 921; x_wconf 79' lang='grc' dir='ltr'><strong>ἀρχὴν</strong></span> 
     </span>
    </p>
   </div>
   <div class='ocr_carea' id='block_1_8' title="bbox 193 928 1781 1015">
    <p class='ocr_par' dir='ltr' id='par_1_8' title="bbox 193 928 1781 1015">
     <span class='ocr_line' id='line_1_8' title="bbox 193 928 1781 1015; baseline 0.011 -34"><span class='ocrx_word' id='word_1_50' title='bbox 193 928 553 1001; x_wconf 74' lang='grc' dir='ltr'><strong>διαδέχεσθαι.</strong></span> <span class='ocrx_word' id='word_1_51' title='bbox 605 934 794 988; x_wconf 84' lang='grc' dir='ltr'><strong>Ταῦτα</strong></span> <span class='ocrx_word' id='word_1_52' title='bbox 851 938 1237 1010; x_wconf 82' lang='grc' dir='ltr'><strong>Μπυριγέριος</strong></span> <span class='ocrx_word' id='word_1_53' title='bbox 1298 945 1422 995; x_wconf 84' lang='grc' dir='ltr'><strong>τότε</strong></span> <span class='ocrx_word' id='word_1_54' title='bbox 1475 943 1553 1007; x_wconf 83' lang='grc' dir='ltr'><strong>ὡς</strong></span> <span class='ocrx_word' id='word_1_55' title='bbox 1603 943 1781 1015; x_wconf 73' lang='grc' dir='ltr'><strong>λαόὴν</strong></span> 
     </span>
    </p>
   </div>
   <div class='ocr_carea' id='block_1_9' title="bbox 193 1019 1781 1105">
    <p class='ocr_par' dir='ltr' id='par_1_9' title="bbox 193 1019 1781 1105">
     <span class='ocr_line' id='line_1_9' title="bbox 193 1019 1781 1105; baseline 0.009 -32"><span class='ocrx_word' id='word_1_56' title='bbox 193 1019 475 1091; x_wconf 70' lang='grc' dir='ltr'><strong>προῦτεινε</strong></span> <span class='ocrx_word' id='word_1_57' title='bbox 530 1026 857 1092; x_wconf 75' lang='grc' dir='ltr'><strong>σκανδάλου,</strong></span> <span class='ocrx_word' id='word_1_58' title='bbox 912 1030 1009 1082; x_wconf 77' lang='grc' dir='ltr'><strong>καὶ</strong></span> <span class='ocrx_word' id='word_1_59' title='bbox 1035 1030 1357 1103; x_wconf 80' lang='grc' dir='ltr'><strong>ἀλλοτριοῦν</strong></span> <span class='ocrx_word' id='word_1_60' title='bbox 1383 1032 1478 1087; x_wconf 91' lang='grc' dir='ltr'><strong>τοῦ</strong></span> <span class='ocrx_word' id='word_1_61' title='bbox 1510 1034 1781 1105; x_wconf 86' lang='grc' dir='ltr'><strong>βασιλέως</strong></span> 
     </span>
    </p>
   </div>
   <div class='ocr_carea' id='block_1_10' title="bbox 192 1113 1779 1195">
    <p class='ocr_par' dir='ltr' id='par_1_10' title="bbox 192 1113 1779 1195">
     <span class='ocr_line' id='line_1_10' title="bbox 192 1113 1779 1195; baseline 0.011 -31"><span class='ocrx_word' id='word_1_62' title='bbox 192 1113 282 1176; x_wconf 69' lang='grc' dir='ltr'><strong>τὰς</strong></span> <span class='ocrx_word' id='word_1_63' title='bbox 330 1114 561 1169; x_wconf 64' lang='grc' dir='ltr'><strong>δκείνων</strong></span> <span class='ocrx_word' id='word_1_64' title='bbox 593 1118 822 1188; x_wconf 81' lang='grc' dir='ltr'><strong>γνώμας</strong></span> <span class='ocrx_word' id='word_1_65' title='bbox 856 1121 1078 1192; x_wconf 60' lang='grc' dir='ltr'><strong>ἐπείρα,</strong></span> <span class='ocrx_word' id='word_1_66' title='bbox 1110 1123 1188 1195; x_wconf 81' lang='grc' dir='ltr'><strong>μὴ</strong></span> <span class='ocrx_word' id='word_1_67' title='bbox 1214 1123 1392 1189; x_wconf 74' lang='grc' dir='ltr'><strong>εἰδὼς,</strong></span> <span class='ocrx_word' id='word_1_68' title='bbox 1432 1126 1466 1195; x_wconf 85' lang='grc' dir='ltr'><strong>ἢ</strong></span> <span class='ocrx_word' id='word_1_69' title='bbox 1506 1131 1603 1181; x_wconf 70' lang='grc' dir='ltr'><strong>καὶ</strong></span> <span class='ocrx_word' id='word_1_70' title='bbox 1635 1129 1779 1182; x_wconf 80' lang='grc' dir='ltr'><strong>ἑκὼν</strong></span> 
     </span>
    </p>
   </div>
   <div class='ocr_carea' id='block_1_11' title="bbox 195 1205 1779 1288">
    <p class='ocr_par' dir='ltr' id='par_1_11' title="bbox 195 1205 1779 1288">
     <span class='ocr_line' id='line_1_11' title="bbox 195 1205 1779 1288; baseline 0.012 -33"><span class='ocrx_word' id='word_1_71' title='bbox 195 1205 565 1274; x_wconf 81' lang='grc' dir='ltr'><strong>παραλείπων,</strong></span> <span class='ocrx_word' id='word_1_72' title='bbox 582 1208 662 1272; x_wconf 85' lang='grc' dir='ltr'><strong>ὡς</strong></span> <span class='ocrx_word' id='word_1_73' title='bbox 683 1210 937 1279; x_wconf 76' lang='grc' dir='ltr'><strong>βασιλεὺς</strong></span> <span class='ocrx_word' id='word_1_74' title='bbox 960 1213 1175 1281; x_wconf 85' lang='grc' dir='ltr'><strong>φθάσας</strong></span> <span class='ocrx_word' id='word_1_75' title='bbox 1194 1216 1380 1285; x_wconf 85' lang='grc' dir='ltr'><strong>σφίσιν</strong></span> <span class='ocrx_word' id='word_1_76' title='bbox 1397 1217 1779 1288; x_wconf 76' lang='grc' dir='ltr'><strong>ἐξευμενίζετο</strong></span> 
     </span>
    </p>
   </div>
   <div class='ocr_carea' id='block_1_12' title="bbox 190 1295 1776 1378">
    <p class='ocr_par' dir='ltr' id='par_1_12' title="bbox 190 1295 1776 1378">
     <span class='ocr_line' id='line_1_12' title="bbox 190 1295 1776 1378; baseline 0.013 -31"><span class='ocrx_word' id='word_1_77' title='bbox 190 1296 279 1349; x_wconf 70' lang='grc' dir='ltr'><strong>καὶ</strong></span> <span class='ocrx_word' id='word_1_78' title='bbox 316 1295 651 1369; x_wconf 78' lang='grc' dir='ltr'><strong>ξυμμάχους</strong></span> <span class='ocrx_word' id='word_1_79' title='bbox 702 1303 1183 1375; x_wconf 78' lang='grc' dir='ltr'><strong>προσελάμϐανεν,</strong></span> <span class='ocrx_word' id='word_1_80' title='bbox 1229 1308 1614 1378; x_wconf 81' lang='grc' dir='ltr'><strong>ἀγγελθέντων</strong></span> <span class='ocrx_word' id='word_1_81' title='bbox 1660 1313 1776 1368; x_wconf 83' lang='grc' dir='ltr'><strong>τῶν</strong></span> 
     </span>
    </p>
   </div>
   <div class='ocr_carea' id='block_1_13' title="bbox 1886 662 3465 742">
    <p class='ocr_par' dir='ltr' id='par_1_13' title="bbox 1886 662 3465 742">
     <span class='ocr_line' id='line_1_13' title="bbox 1886 662 3465 742; baseline 0.008 -28"><span class='ocrx_word' id='word_1_82' title='bbox 1886 662 2095 731; x_wconf 78' lang='grc' dir='ltr'><strong>λεμεῖν,</strong></span> <span class='ocrx_word' id='word_1_83' title='bbox 2130 665 2226 718; x_wconf 73' lang='grc' dir='ltr'><strong>καὶ</strong></span> <span class='ocrx_word' id='word_1_84' title='bbox 2257 666 2500 736; x_wconf 79' lang='grc' dir='ltr'><strong>πλήθους</strong></span> <span class='ocrx_word' id='word_1_85' title='bbox 2522 667 2723 738; x_wconf 84' lang='grc' dir='ltr'><strong>συχνοῦ</strong></span> <span class='ocrx_word' id='word_1_86' title='bbox 2758 670 2977 740; x_wconf 79' lang='grc' dir='ltr'><strong>πρωῖας</strong></span> <span class='ocrx_word' id='word_1_87' title='bbox 3026 670 3340 742; x_wconf 68' lang='grc' dir='ltr'><strong>Ῥωμαϊκοῦ</strong></span> <span class='ocrx_word' id='word_1_88' title='bbox 3368 674 3465 728; x_wconf 86' lang='grc' dir='ltr'><strong>τοῦ</strong></span> 
     </span>
    </p>
   </div>
   <div class='ocr_carea' id='block_1_14' title="bbox 1889 756 3464 836">
    <p class='ocr_par' dir='ltr' id='par_1_14' title="bbox 1889 756 3464 836">
     <span class='ocr_line' id='line_1_14' title="bbox 1889 756 3464 836; baseline 0.009 -28"><span class='ocrx_word' id='word_1_89' title='bbox 1889 756 1989 825; x_wconf 81' lang='grc' dir='ltr'><strong>μὲν</strong></span> <span class='ocrx_word' id='word_1_90' title='bbox 2019 758 2162 813; x_wconf 78' lang='grc' dir='ltr'><strong>κατὰ</strong></span> <span class='ocrx_word' id='word_1_91' title='bbox 2207 758 2307 819; x_wconf 80' lang='grc' dir='ltr'><strong>τὰς</strong></span> <span class='ocrx_word' id='word_1_92' title='bbox 2329 761 2505 824; x_wconf 82' lang='grc' dir='ltr'><strong>ἀκτὰς</strong></span> <span class='ocrx_word' id='word_1_93' title='bbox 2559 763 2896 833; x_wconf 81' lang='grc' dir='ltr'><strong>στησομένου</strong></span> <span class='ocrx_word' id='word_1_94' title='bbox 2934 765 3072 836; x_wconf 76' lang='grc' dir='ltr'><strong>πρὸς</strong></span> <span class='ocrx_word' id='word_1_95' title='bbox 3098 767 3337 836; x_wconf 77' lang='grc' dir='ltr'><strong>ἄμυναν,</strong></span> <span class='ocrx_word' id='word_1_96' title='bbox 3369 768 3464 823; x_wconf 89' lang='grc' dir='ltr'><strong>τοῦ</strong></span> 
     </span>
    </p>
   </div>
   <div class='ocr_carea' id='block_1_15' title="bbox 1882 849 3549 929">
    <p class='ocr_par' dir='ltr' id='par_1_15' title="bbox 1882 849 3549 929">
     <span class='ocr_line' id='line_1_15' title="bbox 1882 849 3549 929; baseline 0.006 -26"><span class='ocrx_word' id='word_1_97' title='bbox 1882 849 1929 903; x_wconf 86' lang='grc' dir='ltr'>δ’</span> <span class='ocrx_word' id='word_1_98' title='bbox 1951 850 2136 904; x_wconf 80' lang='grc' dir='ltr'><strong>ἁλιάσι</strong></span> <span class='ocrx_word' id='word_1_99' title='bbox 2163 850 2477 907; x_wconf 81' lang='grc' dir='ltr'><strong>διαποντίου</strong></span> <span class='ocrx_word' id='word_1_100' title='bbox 2500 857 2871 925; x_wconf 81' lang='grc' dir='ltr'><strong>γενησομένου</strong></span> <span class='ocrx_word' id='word_1_101' title='bbox 2895 875 2910 891; x_wconf 79' lang='grc' dir='ltr'><strong><em>ο</em></strong></span> <span class='ocrx_word' id='word_1_102' title='bbox 2946 859 3071 914; x_wconf 79' lang='grc' dir='ltr'><strong>οὐδὲ</strong></span> <span class='ocrx_word' id='word_1_103' title='bbox 3097 861 3206 929; x_wconf 80' lang='grc' dir='ltr'><strong>γὰρ</strong></span> <span class='ocrx_word' id='word_1_104' title='bbox 3231 861 3466 915; x_wconf 78' lang='grc' dir='ltr'><strong>ἀπέϐλε-</strong></span> <span class='ocrx_word' id='word_1_105' title='bbox 3546 893 3549 895; x_wconf 93' lang='grc'><strong><em>-</em></strong></span> 
     </span>
    </p>
   </div>
   <div class='ocr_carea' id='block_1_16' title="bbox 1879 940 3466 1021">
    <p class='ocr_par' dir='ltr' id='par_1_16' title="bbox 1879 940 3466 1021">
     <span class='ocr_line' id='line_1_16' title="bbox 1879 940 3466 1021; baseline 0.008 -27"><span class='ocrx_word' id='word_1_106' title='bbox 1879 940 2004 1011; x_wconf 73' lang='grc' dir='ltr'><strong>ψεν,</strong></span> <span class='ocrx_word' id='word_1_107' title='bbox 2031 942 2109 1004; x_wconf 86' lang='grc' dir='ltr'><strong>ὡς</strong></span> <span class='ocrx_word' id='word_1_108' title='bbox 2143 943 2307 1007; x_wconf 75' lang='grc' dir='ltr'><strong>αὐτὸς</strong></span> <span class='ocrx_word' id='word_1_109' title='bbox 2335 946 2434 1014; x_wconf 68' lang='grc' dir='ltr'><strong>μὲν</strong></span> <span class='ocrx_word' id='word_1_110' title='bbox 2465 946 2525 1000; x_wconf 76' lang='grc' dir='ltr'><strong>οὐ</strong></span> <span class='ocrx_word' id='word_1_111' title='bbox 2553 948 2822 1017; x_wconf 81' lang='grc' dir='ltr'><strong>ποιήσων,</strong></span> <span class='ocrx_word' id='word_1_112' title='bbox 2858 951 2997 1021; x_wconf 74' lang='grc' dir='ltr'><strong>πρὸς</strong></span> <span class='ocrx_word' id='word_1_113' title='bbox 3036 953 3282 1013; x_wconf 73' lang='grc' dir='ltr'><strong>ἐκείνους</strong></span> <span class='ocrx_word' id='word_1_114' title='bbox 3306 954 3363 1007; x_wconf 79' lang='grc' dir='ltr'><strong>δὲ</strong></span> <span class='ocrx_word' id='word_1_115' title='bbox 3403 953 3466 1007; x_wconf 81' lang='grc' dir='ltr'><strong>τὸ</strong></span> 
     </span>
    </p>
   </div>
   <div class='ocr_carea' id='block_1_17' title="bbox 1881 1035 3460 1118">
    <p class='ocr_par' dir='ltr' id='par_1_17' title="bbox 1881 1035 3460 1118">
     <span class='ocr_line' id='line_1_17' title="bbox 1881 1035 3460 1118; baseline 0.01 -32"><span class='ocrx_word' id='word_1_116' title='bbox 1881 1036 1990 1088; x_wconf 82' lang='grc' dir='ltr'><strong>πᾶν</strong></span> <span class='ocrx_word' id='word_1_117' title='bbox 2012 1035 2345 1106; x_wconf 77' lang='grc' dir='ltr'><strong>πράξοντας.</strong></span> <span class='ocrx_word' id='word_1_118' title='bbox 2384 1038 2546 1109; x_wconf 80' lang='grc' dir='ltr'><strong>Σφίσι</strong></span> <span class='ocrx_word' id='word_1_119' title='bbox 2600 1044 2699 1113; x_wconf 80' lang='grc' dir='ltr'><strong>μὲν</strong></span> <span class='ocrx_word' id='word_1_120' title='bbox 2721 1042 2815 1097; x_wconf 83' lang='grc' dir='ltr'><strong>οὖν</strong></span> <span class='ocrx_word' id='word_1_121' title='bbox 2853 1043 2914 1099; x_wconf 74' lang='grc' dir='ltr'><strong>τὸ</strong></span> <span class='ocrx_word' id='word_1_122' title='bbox 2941 1046 3070 1110; x_wconf 82' lang='grc' dir='ltr'><strong>δάος</strong></span> <span class='ocrx_word' id='word_1_123' title='bbox 3093 1042 3164 1118; x_wconf 83' lang='grc' dir='ltr'><strong>ἦν</strong></span> <span class='ocrx_word' id='word_1_124' title='bbox 3192 1048 3251 1100; x_wconf 73' lang='grc' dir='ltr'><strong>έν</strong></span> <span class='ocrx_word' id='word_1_125' title='bbox 3281 1048 3460 1118; x_wconf 69' lang='grc' dir='ltr'><strong>χερσὶ,</strong></span> 
     </span>
    </p>
   </div>
   <div class='ocr_carea' id='block_1_18' title="bbox 1880 1130 2371 1203">
    <p class='ocr_par' dir='ltr' id='par_1_18' title="bbox 1880 1130 2371 1203">
     <span class='ocr_line' id='line_1_18' title="bbox 1880 1130 2371 1203; baseline 0.014 -21"><span class='ocrx_word' id='word_1_126' title='bbox 1880 1130 1974 1183; x_wconf 84' lang='grc' dir='ltr'><strong>καὶ</strong></span> <span class='ocrx_word' id='word_1_127' title='bbox 2003 1130 2371 1203; x_wconf 81' lang='grc' dir='ltr'><strong>ὑπέστρεφον.</strong></span> 
     </span>
    </p>
   </div>
   <div class='ocr_carea' id='block_1_19' title="bbox 1877 1246 3465 1324">
    <p class='ocr_par' dir='ltr' id='par_1_19' title="bbox 1877 1246 3465 1324">
     <span class='ocr_line' id='line_1_19' title="bbox 1877 1246 3465 1324; baseline 0.01 -24"><span class='ocrx_word' id='word_1_128' title='bbox 1877 1246 1982 1302; x_wconf 72' lang='grc' dir='ltr'><strong>κθν.</strong></span> <span class='ocrx_word' id='word_1_129' title='bbox 2015 1247 2220 1317; x_wconf 82' lang='grc' dir='ltr'><strong>Ὅπως</strong></span> <span class='ocrx_word' id='word_1_130' title='bbox 2250 1252 2639 1324; x_wconf 74' lang='grc' dir='ltr'><strong>Ἀμογάϐαροί</strong></span> <span class='ocrx_word' id='word_1_131' title='bbox 2670 1272 2734 1310; x_wconf 76' lang='grc' dir='ltr'><strong>τε</strong></span> <span class='ocrx_word' id='word_1_132' title='bbox 2777 1257 2876 1312; x_wconf 75' lang='grc' dir='ltr'><strong>καὶ</strong></span> <span class='ocrx_word' id='word_1_133' title='bbox 2925 1258 3255 1315; x_wconf 77' lang='grc' dir='ltr'><strong>Κατελὰνοι</strong></span> <span class='ocrx_word' id='word_1_134' title='bbox 3293 1278 3465 1316; x_wconf 83' lang='grc' dir='ltr'><strong>κατε-</strong></span> 
     </span>
    </p>
   </div>
   <div class='ocr_carea' id='block_1_20' title="bbox 2442 1324 2903 1395">
    <p class='ocr_par' dir='ltr' id='par_1_20' title="bbox 2442 1324 2903 1395">
     <span class='ocr_line' id='line_1_20' title="bbox 2442 1324 2903 1395; baseline 0.017 -20"><span class='ocrx_word' id='word_1_135' title='bbox 2442 1324 2903 1395; x_wconf 71' lang='grc' dir='ltr'><strong>πολεμήθησαν.</strong></span> 
     </span>
    </p>
   </div>
   <div class='ocr_carea' id='block_1_21' title="bbox 191 1388 3463 1494">
    <p class='ocr_par' dir='ltr' id='par_1_21' title="bbox 191 1388 3463 1494">
     <span class='ocr_line' id='line_1_21' title="bbox 191 1388 3463 1494; baseline 0.012 -54"><span class='ocrx_word' id='word_1_136' title='bbox 191 1388 368 1453; x_wconf 74' lang='grc' dir='ltr'><strong>αὐτοῖς</strong></span> <span class='ocrx_word' id='word_1_137' title='bbox 399 1393 824 1462; x_wconf 84' lang='grc' dir='ltr'><strong>πραττομένων.</strong></span> <span class='ocrx_word' id='word_1_138' title='bbox 866 1395 954 1459; x_wconf 80' lang='grc' dir='ltr'><strong>Ὠς</strong></span> <span class='ocrx_word' id='word_1_139' title='bbox 991 1398 1135 1469; x_wconf 75' lang='grc' dir='ltr'><strong>ἀωρὶ</strong></span> <span class='ocrx_word' id='word_1_140' title='bbox 1173 1400 1282 1455; x_wconf 83' lang='grc' dir='ltr'><strong>τῶν</strong></span> <span class='ocrx_word' id='word_1_141' title='bbox 1320 1403 1539 1458; x_wconf 83' lang='grc' dir='ltr'><strong>νυκτῶν</strong></span> <span class='ocrx_word' id='word_1_142' title='bbox 1569 1407 1602 1475; x_wconf 79' lang='grc' dir='ltr'><strong>ἡ</strong></span> <span class='ocrx_word' id='word_1_143' title='bbox 1639 1411 1773 1472; x_wconf 83' lang='grc' dir='ltr'><strong>ναῦς</strong></span> <span class='ocrx_word' id='word_1_144' title='bbox 1948 1414 2217 1478; x_wconf 77' lang='grc' dir='ltr'><strong>Βασιλεὺς</strong></span> <span class='ocrx_word' id='word_1_145' title='bbox 2273 1415 2361 1488; x_wconf 78' lang='lat' dir='ltr'><strong>[P‘.</strong></span> <span class='ocrx_word' id='word_1_146' title='bbox 2411 1388 2677 1492; x_wconf 64' lang='lat' dir='ltr'><strong>375-3&#39;i6j</strong></span> <span class='ocrx_word' id='word_1_147' title='bbox 2721 1388 2778 1473; x_wconf 60' lang='lat' dir='ltr'><strong>de</strong></span> <span class='ocrx_word' id='word_1_148' title='bbox 2830 1421 3063 1493; x_wconf 75' lang='grc' dir='ltr'><strong>μυρίους</strong></span> <span class='ocrx_word' id='word_1_149' title='bbox 3111 1425 3281 1494; x_wconf 79' lang='grc' dir='ltr'><strong>ἑξήλα</strong></span> <span class='ocrx_word' id='word_1_150' title='bbox 3341 1424 3463 1493; x_wconf 81' lang='grc' dir='ltr'><strong>μεθ’</strong></span> 
     </span>
    </p>
   </div>
   <div class='ocr_carea' id='block_1_22' title="bbox 189 1482 3460 1587">
    <p class='ocr_par' dir='ltr' id='par_1_22' title="bbox 189 1482 3460 1587">
     <span class='ocr_line' id='line_1_22' title="bbox 189 1482 3460 1587; baseline 0.012 -54"><span class='ocrx_word' id='word_1_151' title='bbox 189 1482 385 1555; x_wconf 79' lang='grc' dir='ltr'><strong>ἐπέστη</strong></span> <span class='ocrx_word' id='word_1_152' title='bbox 430 1488 530 1542; x_wconf 74' lang='grc' dir='ltr'><strong>καὶ</strong></span> <span class='ocrx_word' id='word_1_153' title='bbox 559 1487 662 1558; x_wconf 71' lang='grc' dir='ltr'><strong>ήδη</strong></span> <span class='ocrx_word' id='word_1_154' title='bbox 704 1489 1049 1556; x_wconf 73' lang='grc' dir='ltr'><strong>Γεννουΐταις</strong></span> <span class='ocrx_word' id='word_1_155' title='bbox 1082 1495 1115 1564; x_wconf 83' lang='grc' dir='ltr'><strong>ἡ</strong></span> <span class='ocrx_word' id='word_1_156' title='bbox 1144 1494 1252 1547; x_wconf 84' lang='grc' dir='ltr'><strong>τῶν</strong></span> <span class='ocrx_word' id='word_1_157' title='bbox 1291 1497 1439 1565; x_wconf 84' lang='grc' dir='ltr'><strong>νηῶν</strong></span> <span class='ocrx_word' id='word_1_158' title='bbox 1468 1500 1772 1569; x_wconf 74' lang='grc' dir='ltr'><strong>ἠγγέλλετο</strong></span> <span class='ocrx_word' id='word_1_159' title='bbox 1871 1503 2074 1569; x_wconf 84' lang='grc' dir='ltr'><strong>ὃπλων,</strong></span> <span class='ocrx_word' id='word_1_160' title='bbox 2112 1482 2359 1577; x_wconf 68' lang='grc' dir='ltr'><strong>πορθμὸς</strong></span> <span class='ocrx_word' id='word_1_161' title='bbox 2398 1509 2445 1562; x_wconf 78' lang='grc' dir='ltr'>δ’</span> <span class='ocrx_word' id='word_1_162' title='bbox 2474 1503 2630 1573; x_wconf 77' lang='grc' dir='ltr'><strong>οὗτος</strong></span> <span class='ocrx_word' id='word_1_163' title='bbox 2658 1482 3168 1587; x_wconf 42' lang='grc' dir='ltr'><strong>νηῶν-ἐπληροῦτο</strong></span> <span class='ocrx_word' id='word_1_164' title='bbox 3193 1482 3460 1573; x_wconf 67' lang='grc' dir='ltr'><strong>θιαπλωῖ-</strong></span> 
     </span>
    </p>
   </div>
   <div class='ocr_carea' id='block_1_23' title="bbox 188 1573 3461 1682">
    <p class='ocr_par' dir='ltr' id='par_1_23' title="bbox 188 1573 3461 1682">
     <span class='ocr_line' id='line_1_23' title="bbox 188 1573 3461 1682; baseline 0.012 -56"><span class='ocrx_word' id='word_1_165' title='bbox 188 1573 388 1642; x_wconf 77' lang='grc' dir='ltr'><strong>ἄφιξις,</strong></span> <span class='ocrx_word' id='word_1_166' title='bbox 416 1577 649 1646; x_wconf 79' lang='grc' dir='ltr'><strong>προσέτι</strong></span> <span class='ocrx_word' id='word_1_167' title='bbox 678 1579 735 1632; x_wconf 79' lang='grc' dir='ltr'><strong>δὲ</strong></span> <span class='ocrx_word' id='word_1_168' title='bbox 763 1582 856 1634; x_wconf 73' lang='grc' dir='ltr'><strong>καὶ</strong></span> <span class='ocrx_word' id='word_1_169' title='bbox 877 1581 939 1635; x_wconf 80' lang='grc' dir='ltr'><strong>τὸ</strong></span> <span class='ocrx_word' id='word_1_170' title='bbox 960 1586 1216 1653; x_wconf 85' lang='grc' dir='ltr'><strong>ποιητέον</strong></span> <span class='ocrx_word' id='word_1_171' title='bbox 1232 1587 1480 1655; x_wconf 73' lang='grc' dir='ltr'><strong>ἐζητεῖτο</strong></span> <span class='ocrx_word' id='word_1_172' title='bbox 1500 1590 1577 1654; x_wconf 82' lang='grc' dir='ltr'><strong>ὡς</strong></span> <span class='ocrx_word' id='word_1_173' title='bbox 1605 1592 1771 1657; x_wconf 83' lang='grc' dir='ltr'><strong>εὐθὺς</strong></span> <span class='ocrx_word' id='word_1_174' title='bbox 1875 1596 2119 1665; x_wconf 81' lang='grc' dir='ltr'><strong>σομένων</strong></span> <span class='ocrx_word' id='word_1_175' title='bbox 2149 1573 2285 1669; x_wconf 80' lang='grc' dir='ltr'><strong>πρὸς</strong></span> <span class='ocrx_word' id='word_1_176' title='bbox 2326 1600 2567 1672; x_wconf 74' lang='grc' dir='ltr'><strong>Ῥήγιον.</strong></span> <span class='ocrx_word' id='word_1_177' title='bbox 2613 1573 2787 1659; x_wconf 67' lang='lat' dir='ltr'><strong>(lan</strong></span> <span class='ocrx_word' id='word_1_178' title='bbox 2836 1607 2894 1660; x_wconf 64' lang='lat' dir='ltr'><strong>es</strong></span> <span class='ocrx_word' id='word_1_179' title='bbox 2924 1573 3109 1672; x_wconf 66' lang='grc' dir='ltr'><strong>ιὶαλῶς</strong></span> <span class='ocrx_word' id='word_1_180' title='bbox 3147 1611 3461 1682; x_wconf 71' lang='grc' dir='ltr'><strong>ἐπέστησαν</strong></span> 
     </span>
    </p>
   </div>
   <div class='ocr_carea' id='block_1_24' title="bbox 188 1664 3459 1775">
    <p class='ocr_par' dir='ltr' id='par_1_24' title="bbox 188 1664 3459 1775">
     <span class='ocr_line' id='line_1_24' title="bbox 188 1664 3459 1775; baseline 0.013 -61"><span class='ocrx_word' id='word_1_181' title='bbox 188 1664 640 1736; x_wconf 72' lang='grc' dir='ltr'><strong>ὑποστρεψάντων</strong></span> <span class='ocrx_word' id='word_1_182' title='bbox 670 1672 764 1725; x_wconf 75' lang='grc' dir='ltr'><strong>καὶ</strong></span> <span class='ocrx_word' id='word_1_183' title='bbox 791 1674 1136 1741; x_wconf 80' lang='grc' dir='ltr'><strong>κομισόντων</strong></span> <span class='ocrx_word' id='word_1_184' title='bbox 1166 1678 1266 1741; x_wconf 77' lang='grc' dir='ltr'><strong>τὰς</strong></span> <span class='ocrx_word' id='word_1_185' title='bbox 1293 1680 1582 1749; x_wconf 85' lang='grc' dir='ltr'><strong>ἀγγελίας,</strong></span> <span class='ocrx_word' id='word_1_186' title='bbox 1606 1684 1769 1750; x_wconf 78' lang='grc' dir='ltr'><strong>εὐθὺς</strong></span> <span class='ocrx_word' id='word_1_187' title='bbox 1870 1690 1921 1742; x_wconf 78' lang='lat' dir='ltr'><strong>oi</strong></span> <span class='ocrx_word' id='word_1_188' title='bbox 1956 1664 2325 1760; x_wconf 79' lang='grc' dir='ltr'><strong>πεμφθέντες,</strong></span> <span class='ocrx_word' id='word_1_189' title='bbox 2384 1664 2664 1762; x_wconf 65' lang='grc' dir='ltr'><strong>ιιαιιείνοις</strong></span> <span class='ocrx_word' id='word_1_190' title='bbox 2690 1698 2751 1765; x_wconf 64' lang='grc' dir='ltr'><strong>ἒξ</strong></span> <span class='ocrx_word' id='word_1_191' title='bbox 2801 1701 3027 1757; x_wconf 72' lang='grc' dir='ltr'><strong>ἑωθινοῦ</strong></span> <span class='ocrx_word' id='word_1_192' title='bbox 3085 1664 3292 1775; x_wconf 74' lang='grc' dir='ltr'><strong>στερρὰ</strong></span> 
     </span>
    </p>
   </div>
   <div class='ocr_carea' id='block_1_25' title="bbox 186 1759 3459 1869">
    <p class='ocr_par' dir='ltr' id='par_1_25' title="bbox 186 1759 3459 1869">
     <span class='ocr_line' id='line_1_25' title="bbox 186 1759 3459 1869; baseline 0.014 -62"><span class='ocrx_word' id='word_1_193' title='bbox 186 1759 376 1811; x_wconf 72' lang='grc' dir='ltr'><strong>ἐκεῖνοι</strong></span> <span class='ocrx_word' id='word_1_194' title='bbox 436 1762 591 1829; x_wconf 85' lang='grc' dir='ltr'><strong>παρὰ</strong></span> <span class='ocrx_word' id='word_1_195' title='bbox 625 1759 853 1831; x_wconf 76' lang='grc' dir='ltr'><strong>βασιλέα</strong></span> <span class='ocrx_word' id='word_1_196' title='bbox 909 1766 1018 1819; x_wconf 63' lang='lat' dir='ltr'><strong>one</strong></span> <span class='ocrx_word' id='word_1_197' title='bbox 1072 1768 1433 1841; x_wconf 81' lang='grc' dir='ltr'><strong>λαμπτῆρσιν</strong></span> <span class='ocrx_word' id='word_1_198' title='bbox 1463 1775 1767 1846; x_wconf 82' lang='grc' dir='ltr'><strong>ἀφιγμένοι</strong></span> <span class='ocrx_word' id='word_1_199' title='bbox 1874 1781 2061 1837; x_wconf 83' lang='grc' dir='ltr'><strong>ίστατο</strong></span> <span class='ocrx_word' id='word_1_200' title='bbox 2083 1786 2258 1857; x_wconf 83' lang='grc' dir='ltr'><strong>μάχη.</strong></span> <span class='ocrx_word' id='word_1_201' title='bbox 2289 1788 2452 1843; x_wconf 81' lang='grc' dir='ltr'><strong>τοῦτο</strong></span> <span class='ocrx_word' id='word_1_202' title='bbox 2480 1792 2582 1860; x_wconf 77' lang='grc' dir='ltr'><strong>μὲν</strong></span> <span class='ocrx_word' id='word_1_203' title='bbox 2610 1759 2704 1846; x_wconf 77' lang='grc' dir='ltr'><strong>καὶ</strong></span> <span class='ocrx_word' id='word_1_204' title='bbox 2733 1759 2827 1848; x_wconf 52' lang='grc' dir='ltr'><strong>διὰ</strong></span> <span class='ocrx_word' id='word_1_205' title='bbox 2867 1794 2967 1866; x_wconf 76' lang='grc' dir='ltr'><strong>τὴν</strong></span> <span class='ocrx_word' id='word_1_206' title='bbox 2997 1759 3253 1850; x_wconf 39' lang='grc' dir='ltr'><strong>ὲντεῦθιεν</strong></span> <span class='ocrx_word' id='word_1_207' title='bbox 3283 1799 3459 1869; x_wconf 79' lang='grc' dir='ltr'><strong>δήλω-</strong></span> 
     </span>
    </p>
   </div>
   <div class='ocr_carea' id='block_1_26' title="bbox 185 1849 3457 1975">
    <p class='ocr_par' dir='ltr' id='par_1_26' title="bbox 185 1849 3457 1975">
     <span class='ocr_line' id='line_1_26' title="bbox 185 1849 3457 1975; baseline 0.014 -73"><span class='ocrx_word' id='word_1_208' title='bbox 185 1849 274 1912; x_wconf 74' lang='grc' dir='ltr'><strong>τὰς</strong></span> <span class='ocrx_word' id='word_1_209' title='bbox 298 1851 521 1905; x_wconf 78' lang='grc' dir='ltr'><strong>ἐκεῖθεν</strong></span> <span class='ocrx_word' id='word_1_210' title='bbox 561 1854 907 1928; x_wconf 77' lang='grc' dir='ltr'><strong>ἑκχωρήσεις</strong></span> <span class='ocrx_word' id='word_1_211' title='bbox 940 1858 1274 1931; x_wconf 76' lang='grc' dir='ltr'><strong>ὲλάμόανον,</strong></span> <span class='ocrx_word' id='word_1_212' title='bbox 1309 1865 1386 1930; x_wconf 79' lang='grc' dir='ltr'><strong>ὡς</strong></span> <span class='ocrx_word' id='word_1_213' title='bbox 1406 1868 1455 1922; x_wconf 77' lang='grc' dir='ltr'><strong>εί</strong></span> <span class='ocrx_word' id='word_1_214' title='bbox 1493 1869 1595 1936; x_wconf 89' lang='grc' dir='ltr'><strong>μὲν</strong></span> <span class='ocrx_word' id='word_1_215' title='bbox 1628 1871 1757 1927; x_wconf 80' lang='grc' dir='ltr'><strong>ὑπο·</strong></span> <span class='ocrx_word' id='word_1_216' title='bbox 1799 1917 1841 1975; x_wconf 73' lang='grc' dir='ltr'><strong>Β</strong></span> <span class='ocrx_word' id='word_1_217' title='bbox 1870 1890 1977 1941; x_wconf 83' lang='grc' dir='ltr'><strong>σιν,</strong></span> <span class='ocrx_word' id='word_1_218' title='bbox 2004 1849 2246 1931; x_wconf 40' lang='grc' dir='ltr'><strong>τοῦτο-δέ</strong></span> <span class='ocrx_word' id='word_1_219' title='bbox 2278 1880 2374 1934; x_wconf 73' lang='grc' dir='ltr'><strong>καὶ</strong></span> <span class='ocrx_word' id='word_1_220' title='bbox 2413 1849 2617 1952; x_wconf 57' lang='lat' dir='ltr'><strong>apo-nov</strong></span> <span class='ocrx_word' id='word_1_221' title='bbox 2648 1849 2934 1958; x_wconf 60' lang='grc' dir='ltr'><strong>ἀνάγκηςέΙ</strong></span> <span class='ocrx_word' id='word_1_222' title='bbox 2960 1888 3067 1943; x_wconf 86' lang='grc' dir='ltr'><strong>Τοῦ</strong></span> <span class='ocrx_word' id='word_1_223' title='bbox 3099 1889 3210 1961; x_wconf 79' lang='grc' dir='ltr'><strong>γὰρ</strong></span> 
     </span>
    </p>
   </div>
   <div class='ocr_carea' id='block_1_27' title="bbox 186 2033 1765 2114">
    <p class='ocr_par' dir='ltr' id='par_1_27' title="bbox 186 2033 1765 2114">
     <span class='ocr_line' id='line_1_27' title="bbox 186 2033 1765 2114; baseline 0.018 -28"><span class='ocrx_word' id='word_1_224' title='bbox 186 2033 309 2088; x_wconf 81' lang='lat' dir='ltr'><strong>nihil</strong></span> <span class='ocrx_word' id='word_1_225' title='bbox 345 2036 543 2095; x_wconf 90' lang='lat' dir='ltr'><strong>minus</strong></span> <span class='ocrx_word' id='word_1_226' title='bbox 573 2041 897 2109; x_wconf 78' lang='lat' dir='ltr'><strong>opinantem</strong></span> <span class='ocrx_word' id='word_1_227' title='bbox 951 2048 1255 2104; x_wconf 84' lang='lat' dir='ltr'><strong>exarchum</strong></span> <span class='ocrx_word' id='word_1_228' title='bbox 1290 2050 1620 2112; x_wconf 88' lang='lat' dir='ltr'><strong>Pisanorum</strong></span> <span class='ocrx_word' id='word_1_229' title='bbox 1684 2066 1765 2114; x_wconf 88' lang='lat' dir='ltr'><strong>tot</strong></span> 
     </span>
    </p>
   </div>
   <div class='ocr_carea' id='block_1_28' title="bbox 183 2137 1764 2218">
    <p class='ocr_par' dir='ltr' id='par_1_28' title="bbox 183 2137 1764 2218">
     <span class='ocr_line' id='line_1_28' title="bbox 183 2137 1764 2218; baseline 0.017 -39"><span class='ocrx_word' id='word_1_230' title='bbox 183 2141 295 2180; x_wconf 85' lang='lat' dir='ltr'><strong>eum</strong></span> <span class='ocrx_word' id='word_1_231' title='bbox 350 2139 714 2188; x_wconf 88' lang='lat' dir='ltr'><strong>cruentatum</strong></span> <span class='ocrx_word' id='word_1_232' title='bbox 749 2137 970 2192; x_wconf 87' lang='lat' dir='ltr'><strong>ensium</strong></span> <span class='ocrx_word' id='word_1_233' title='bbox 1028 2139 1233 2199; x_wconf 89' lang='lat' dir='ltr'><strong>ictibus</strong></span> <span class='ocrx_word' id='word_1_234' title='bbox 1290 2146 1660 2218; x_wconf 88' lang='lat' dir='ltr'><strong>reliquerunt,</strong></span> <span class='ocrx_word' id='word_1_235' title='bbox 1704 2160 1764 2206; x_wconf 85' lang='grc' dir='ltr'><strong>ιιι</strong></span> 
     </span>
    </p>
   </div>
   <div class='ocr_carea' id='block_1_29' title="bbox 187 2219 1765 2316">
    <p class='ocr_par' dir='ltr' id='par_1_29' title="bbox 187 2219 1765 2316">
     <span class='ocr_line' id='line_1_29' title="bbox 187 2219 1765 2316; baseline 0.021 -45"><span class='ocrx_word' id='word_1_236' title='bbox 187 2219 337 2276; x_wconf 82' lang='lat' dir='ltr'><strong>miser</strong></span> <span class='ocrx_word' id='word_1_237' title='bbox 368 2238 401 2276; x_wconf 93' lang='lat' dir='ltr'><strong>a</strong></span> <span class='ocrx_word' id='word_1_238' title='bbox 441 2228 557 2280; x_wconf 89' lang='lat' dir='ltr'><strong>suis</strong></span> <span class='ocrx_word' id='word_1_239' title='bbox 613 2242 644 2282; x_wconf 94' lang='lat' dir='ltr'><strong>e</strong></span> <span class='ocrx_word' id='word_1_240' title='bbox 696 2231 1039 2289; x_wconf 70' lang='lat' dir='ltr'><strong>carniﬁcina:</strong></span> <span class='ocrx_word' id='word_1_241' title='bbox 1070 2234 1195 2293; x_wconf 92' lang='lat' dir='ltr'><strong>loco</strong></span> <span class='ocrx_word' id='word_1_242' title='bbox 1226 2251 1351 2294; x_wconf 89' lang='lat' dir='ltr'><strong>eum</strong></span> <span class='ocrx_word' id='word_1_243' title='bbox 1389 2243 1599 2300; x_wconf 83' lang='lat' dir='ltr'><strong>modica</strong></span> <span class='ocrx_word' id='word_1_244' title='bbox 1665 2261 1765 2316; x_wconf 88' lang='lat' dir='ltr'><strong>spe</strong></span> 
     </span>
    </p>
   </div>
   <div class='ocr_carea' id='block_1_30' title="bbox 186 2311 1763 2407">
    <p class='ocr_par' dir='ltr' id='par_1_30' title="bbox 186 2311 1763 2407">
     <span class='ocr_line' id='line_1_30' title="bbox 186 2311 1763 2407; baseline 0.02 -44"><span class='ocrx_word' id='word_1_245' title='bbox 186 2311 298 2367; x_wconf 68' lang='lat' dir='ltr'><strong>vitae</strong></span> <span class='ocrx_word' id='word_1_246' title='bbox 328 2316 598 2374; x_wconf 82' lang='lat' dir='ltr'><strong>manibus</strong></span> <span class='ocrx_word' id='word_1_247' title='bbox 643 2320 867 2377; x_wconf 89' lang='lat' dir='ltr'><strong>domum</strong></span> <span class='ocrx_word' id='word_1_248' title='bbox 929 2326 1257 2387; x_wconf 77' lang='lat' dir='ltr'><strong>referretur.</strong></span> <span class='ocrx_word' id='word_1_249' title='bbox 1306 2331 1442 2398; x_wconf 84' lang='lat' dir='ltr'><strong>Hoc,</strong></span> <span class='ocrx_word' id='word_1_250' title='bbox 1501 2344 1559 2390; x_wconf 91' lang='lat' dir='ltr'><strong>ut</strong></span> <span class='ocrx_word' id='word_1_251' title='bbox 1619 2348 1763 2407; x_wconf 84' lang='lat' dir='ltr'><strong>erat,</strong></span> 
     </span>
    </p>
   </div>
   <div class='ocr_carea' id='block_1_31' title="bbox 186 2403 1765 2488">
    <p class='ocr_par' dir='ltr' id='par_1_31' title="bbox 186 2403 1765 2488">
     <span class='ocr_line' id='line_1_31' title="bbox 186 2403 1765 2488; baseline 0.02 -30"><span class='ocrx_word' id='word_1_252' title='bbox 186 2403 234 2458; x_wconf 92' lang='lat' dir='ltr'><strong>in</strong></span> <span class='ocrx_word' id='word_1_253' title='bbox 268 2408 351 2461; x_wconf 82' lang='lat' dir='ltr'><strong>sui</strong></span> <span class='ocrx_word' id='word_1_254' title='bbox 399 2412 798 2468; x_wconf 77' lang='lat' dir='ltr'><strong>contumeliam</strong></span> <span class='ocrx_word' id='word_1_255' title='bbox 870 2416 1276 2478; x_wconf 88' lang='lat' dir='ltr'><strong>intolerabilem</strong></span> <span class='ocrx_word' id='word_1_256' title='bbox 1346 2428 1553 2483; x_wconf 76' lang='lat' dir='ltr'><strong>factum</strong></span> <span class='ocrx_word' id='word_1_257' title='bbox 1589 2430 1765 2488; x_wconf 83' lang='lat' dir='ltr'><strong>inter-</strong></span> 
     </span>
    </p>
   </div>
   <div class='ocr_carea' id='block_1_32' title="bbox 187 2503 1764 2586">
    <p class='ocr_par' dir='ltr' id='par_1_32' title="bbox 187 2503 1764 2586">
     <span class='ocr_line' id='line_1_32' title="bbox 187 2503 1764 2586; baseline 0.02 -35"><span class='ocrx_word' id='word_1_258' title='bbox 187 2507 429 2565; x_wconf 80' lang='lat' dir='ltr'><strong>pretatus</strong></span> <span class='ocrx_word' id='word_1_259' title='bbox 483 2503 786 2574; x_wconf 79' lang='lat' dir='ltr'><strong>imperator</strong></span> <span class='ocrx_word' id='word_1_260' title='bbox 836 2511 1107 2568; x_wconf 90' lang='lat' dir='ltr'><strong>continuo</strong></span> <span class='ocrx_word' id='word_1_261' title='bbox 1170 2525 1461 2586; x_wconf 66' lang='lat' dir='ltr'><strong>praetorem</strong></span> <span class='ocrx_word' id='word_1_262' title='bbox 1504 2521 1764 2583; x_wconf 84' lang='lat' dir='ltr'><strong>Galaten-</strong></span> 
     </span>
    </p>
   </div>
   <div class='ocr_carea' id='block_1_33' title="bbox 185 2591 1755 2676">
    <p class='ocr_par' dir='ltr' id='par_1_33' title="bbox 185 2591 1755 2676">
     <span class='ocr_line' id='line_1_33' title="bbox 185 2591 1755 2676; baseline 0.02 -32"><span class='ocrx_word' id='word_1_263' title='bbox 185 2591 333 2659; x_wconf 87' lang='lat' dir='ltr'><strong>sium,</strong></span> <span class='ocrx_word' id='word_1_264' title='bbox 380 2594 440 2649; x_wconf 85' lang='lat' dir='ltr'><strong>in</strong></span> <span class='ocrx_word' id='word_1_265' title='bbox 488 2598 753 2655; x_wconf 85' lang='lat' dir='ltr'><strong>comitatu</strong></span> <span class='ocrx_word' id='word_1_266' title='bbox 795 2602 863 2657; x_wconf 89' lang='lat' dir='ltr'><strong>ad</strong></span> <span class='ocrx_word' id='word_1_267' title='bbox 900 2619 991 2661; x_wconf 91' lang='lat' dir='ltr'><strong>res</strong></span> <span class='ocrx_word' id='word_1_268' title='bbox 1018 2605 1263 2676; x_wconf 89' lang='lat' dir='ltr'><strong>ipsorum</strong></span> <span class='ocrx_word' id='word_1_269' title='bbox 1310 2616 1590 2672; x_wconf 91' lang='lat' dir='ltr'><strong>curandas</strong></span> <span class='ocrx_word' id='word_1_270' title='bbox 1631 2635 1755 2674; x_wconf 84' lang='lat' dir='ltr'><strong>ver-</strong></span> 
     </span>
    </p>
   </div>
   <div class='ocr_carea' id='block_1_34' title="bbox 186 2682 1756 2777">
    <p class='ocr_par' dir='ltr' id='par_1_34' title="bbox 186 2682 1756 2777">
     <span class='ocr_line' id='line_1_34' title="bbox 186 2682 1756 2777; baseline 0.022 -43"><span class='ocrx_word' id='word_1_271' title='bbox 186 2682 283 2736; x_wconf 83' lang='lat' dir='ltr'><strong>sari</strong></span> <span class='ocrx_word' id='word_1_272' title='bbox 315 2685 567 2750; x_wconf 74' lang='lat' dir='ltr'><strong>solitum,</strong></span> <span class='ocrx_word' id='word_1_273' title='bbox 621 2706 887 2760; x_wconf 81' lang='lat' dir='ltr'><strong>apparere</strong></span> <span class='ocrx_word' id='word_1_274' title='bbox 919 2694 1187 2771; x_wconf 85' lang='lat' dir='ltr'><strong>deinceps</strong></span> <span class='ocrx_word' id='word_1_275' title='bbox 1219 2717 1407 2760; x_wconf 89' lang='lat' dir='ltr'><strong>coram</strong></span> <span class='ocrx_word' id='word_1_276' title='bbox 1435 2723 1497 2763; x_wconf 91' lang='lat' dir='ltr'><strong>se</strong></span> <span class='ocrx_word' id='word_1_277' title='bbox 1557 2713 1756 2777; x_wconf 89' lang='lat' dir='ltr'><strong>vetuit,</strong></span> 
     </span>
    </p>
   </div>
   <div class='ocr_carea' id='block_1_35' title="bbox 186 2772 1761 2873">
    <p class='ocr_par' dir='ltr' id='par_1_35' title="bbox 186 2772 1761 2873">
     <span class='ocr_line' id='line_1_35' title="bbox 186 2772 1761 2873; baseline 0.025 -50"><span class='ocrx_word' id='word_1_278' title='bbox 186 2772 423 2873; x_wconf 77' lang='lat' dir='ltr'><strong>ipsisque</strong></span> <span class='ocrx_word' id='word_1_279' title='bbox 452 2778 519 2833; x_wconf 92' lang='lat' dir='ltr'><strong>ad</strong></span> <span class='ocrx_word' id='word_1_280' title='bbox 573 2781 695 2839; x_wconf 92' lang='lat' dir='ltr'><strong>dies</strong></span> <span class='ocrx_word' id='word_1_281' title='bbox 726 2784 936 2856; x_wconf 87' lang='lat' dir='ltr'><strong>aliquot</strong></span> <span class='ocrx_word' id='word_1_282' title='bbox 981 2795 1240 2864; x_wconf 62' lang='lat' dir='ltr'><strong>praecepit</strong></span> <span class='ocrx_word' id='word_1_283' title='bbox 1269 2797 1537 2857; x_wconf 85' lang='lat' dir='ltr'><strong>obserari&#39;</strong></span> <span class='ocrx_word' id='word_1_284' title='bbox 1570 2772 1761 2873; x_wconf 85' lang='lat' dir='ltr'><strong>portas</strong></span> 
     </span>
    </p>
   </div>
   <div class='ocr_carea' id='block_1_36' title="bbox 183 2870 1755 2963">
    <p class='ocr_par' dir='ltr' id='par_1_36' title="bbox 183 2870 1755 2963">
     <span class='ocr_line' id='line_1_36' title="bbox 183 2870 1755 2963; baseline 0.024 -44"><span class='ocrx_word' id='word_1_285' title='bbox 183 2870 353 2933; x_wconf 75' lang='lat' dir='ltr'><strong>urbis,</strong></span> <span class='ocrx_word' id='word_1_286' title='bbox 406 2890 507 2931; x_wconf 88' lang='lat' dir='ltr'><strong>nec</strong></span> <span class='ocrx_word' id='word_1_287' title='bbox 564 2876 618 2931; x_wconf 91' lang='lat' dir='ltr'><strong>in</strong></span> <span class='ocrx_word' id='word_1_288' title='bbox 679 2894 801 2935; x_wconf 90' lang='lat' dir='ltr'><strong>eam</strong></span> <span class='ocrx_word' id='word_1_289' title='bbox 836 2883 930 2937; x_wconf 87' lang='lat' dir='ltr'><strong>ulli</strong></span> <span class='ocrx_word' id='word_1_290' title='bbox 992 2900 1189 2943; x_wconf 89' lang='lat' dir='ltr'><strong>eorum</strong></span> <span class='ocrx_word' id='word_1_291' title='bbox 1245 2891 1453 2948; x_wconf 81' lang='lat' dir='ltr'><strong>aditum</strong></span> <span class='ocrx_word' id='word_1_292' title='bbox 1490 2870 1755 2963; x_wconf 79' lang='lat' dir='ltr'><strong>permitti.</strong></span> 
     </span>
    </p>
   </div>
   <div class='ocr_carea' id='block_1_37' title="bbox 185 2957 1759 3062">
    <p class='ocr_par' dir='ltr' id='par_1_37' title="bbox 185 2957 1759 3062">
     <span class='ocr_line' id='line_1_37' title="bbox 185 2957 1759 3062; baseline 0.02 -46"><span class='ocrx_word' id='word_1_293' title='bbox 185 2957 299 3061; x_wconf 73' lang='lat' dir='ltr'><strong>llaec</strong></span> <span class='ocrx_word' id='word_1_294' title='bbox 357 2966 439 3021; x_wconf 88' lang='lat' dir='ltr'><strong>sic</strong></span> <span class='ocrx_word' id='word_1_295' title='bbox 502 2968 809 3039; x_wconf 84' lang='lat' dir='ltr'><strong>Augustus</strong></span> <span class='ocrx_word' id='word_1_296' title='bbox 856 2977 994 3048; x_wconf 87' lang='lat' dir='ltr'><strong>egit,</strong></span> <span class='ocrx_word' id='word_1_297' title='bbox 1031 2994 1257 3037; x_wconf 90' lang='lat' dir='ltr'><strong>sensum</strong></span> <span class='ocrx_word' id='word_1_298' title='bbox 1290 2957 1513 3054; x_wconf 82' lang='lat' dir='ltr'><strong>quidem</strong></span> <span class='ocrx_word' id='word_1_299' title='bbox 1542 2990 1759 3062; x_wconf 67' lang='lat' dir='ltr'><strong>injuriae</strong></span> 
     </span>
    </p>
   </div>
   <div class='ocr_carea' id='block_1_38' title="bbox 182 3049 1757 3138">
    <p class='ocr_par' dir='ltr' id='par_1_38' title="bbox 182 3049 1757 3138">
     <span class='ocr_line' id='line_1_38' title="bbox 182 3049 1757 3138; baseline 0.023 -35"><span class='ocrx_word' id='word_1_300' title='bbox 182 3049 519 3121; x_wconf 77' lang='lat' dir='ltr'><strong>signiﬁcans,</strong></span> <span class='ocrx_word' id='word_1_301' title='bbox 549 3060 672 3129; x_wconf 85' lang='lat' dir='ltr'><strong>ejus</strong></span> <span class='ocrx_word' id='word_1_302' title='bbox 728 3073 911 3121; x_wconf 85' lang='lat' dir='ltr'><strong>tamen</strong></span> <span class='ocrx_word' id='word_1_303' title='bbox 950 3068 1218 3127; x_wconf 87' lang='lat' dir='ltr'><strong>ultionem</strong></span> <span class='ocrx_word' id='word_1_304' title='bbox 1285 3077 1532 3135; x_wconf 89' lang='lat' dir='ltr'><strong>nondum</strong></span> <span class='ocrx_word' id='word_1_305' title='bbox 1595 3049 1757 3138; x_wconf 72' lang='lat' dir='ltr'><strong>exse-</strong></span> 
     </span>
    </p>
   </div>
   <div class='ocr_carea' id='block_1_39' title="bbox 183 3149 1753 3244">
    <p class='ocr_par' dir='ltr' id='par_1_39' title="bbox 183 3149 1753 3244">
     <span class='ocr_line' id='line_1_39' title="bbox 183 3149 1753 3244; baseline 0.021 -45"><span class='ocrx_word' id='word_1_306' title='bbox 183 3160 393 3215; x_wconf 87' lang='lat' dir='ltr'><strong>quens;</strong></span> <span class='ocrx_word' id='word_1_307' title='bbox 418 3149 581 3219; x_wconf 86' lang='lat' dir='ltr'><strong>cujus</strong></span> <span class='ocrx_word' id='word_1_308' title='bbox 618 3157 992 3225; x_wconf 78' lang='lat' dir='ltr'><strong>cognitionem</strong></span> <span class='ocrx_word' id='word_1_309' title='bbox 1050 3170 1447 3224; x_wconf 89' lang='lat' dir='ltr'><strong>reservandam</strong></span> <span class='ocrx_word' id='word_1_310' title='bbox 1481 3172 1753 3244; x_wconf 79' lang='lat' dir='ltr'><strong>integram</strong></span> 
     </span>
    </p>
   </div>
   <div class='ocr_carea' id='block_1_40' title="bbox 1868 2060 3455 2142">
    <p class='ocr_par' dir='ltr' id='par_1_40' title="bbox 1868 2060 3455 2142">
     <span class='ocr_line' id='line_1_40' title="bbox 1868 2060 3455 2142; baseline 0.01 -28"><span class='ocrx_word' id='word_1_311' title='bbox 1868 2060 2115 2129; x_wconf 90' lang='lat' dir='ltr'><strong>ipsorum</strong></span> <span class='ocrx_word' id='word_1_312' title='bbox 2165 2061 2523 2133; x_wconf 76' lang='lat' dir='ltr'><strong>imperatoris</strong></span> <span class='ocrx_word' id='word_1_313' title='bbox 2580 2068 2883 2134; x_wconf 71' lang='lat' dir='ltr'><strong>voluntate,</strong></span> <span class='ocrx_word' id='word_1_314' title='bbox 2933 2082 3208 2142; x_wconf 83' lang='lat' dir='ltr'><strong>negarunt</strong></span> <span class='ocrx_word' id='word_1_315' title='bbox 3247 2073 3455 2130; x_wconf 84' lang='lat' dir='ltr'><strong>delibe-</strong></span> 
     </span>
    </p>
   </div>
   <div class='ocr_carea' id='block_1_41' title="bbox 1866 2152 3451 2235">
    <p class='ocr_par' dir='ltr' id='par_1_41' title="bbox 1866 2152 3451 2235">
     <span class='ocr_line' id='line_1_41' title="bbox 1866 2152 3451 2235; baseline 0.011 -29"><span class='ocrx_word' id='word_1_316' title='bbox 1866 2152 2099 2209; x_wconf 80' lang='lat' dir='ltr'><strong>randum</strong></span> <span class='ocrx_word' id='word_1_317' title='bbox 2158 2171 2284 2212; x_wconf 89' lang='lat' dir='ltr'><strong>esse</strong></span> <span class='ocrx_word' id='word_1_318' title='bbox 2336 2160 2595 2229; x_wconf 81' lang='lat' dir='ltr'><strong>amplius,</strong></span> <span class='ocrx_word' id='word_1_319' title='bbox 2648 2176 2774 2218; x_wconf 89' lang='lat' dir='ltr'><strong>cum</strong></span> <span class='ocrx_word' id='word_1_320' title='bbox 2810 2164 3033 2235; x_wconf 76' lang='lat' dir='ltr'><strong>~ipsone</strong></span> <span class='ocrx_word' id='word_1_321' title='bbox 3063 2182 3133 2221; x_wconf 88' lang='lat' dir='ltr'><strong>an</strong></span> <span class='ocrx_word' id='word_1_322' title='bbox 3175 2182 3298 2222; x_wconf 83' lang='lat' dir='ltr'><strong>cum</strong></span> <span class='ocrx_word' id='word_1_323' title='bbox 3329 2170 3451 2231; x_wconf 79' lang='lat' dir='ltr'><strong>eius</strong></span> 
     </span>
    </p>
   </div>
   <div class='ocr_carea' id='block_1_42' title="bbox 1865 2244 3453 2330">
    <p class='ocr_par' dir='ltr' id='par_1_42' title="bbox 1865 2244 3453 2330">
     <span class='ocr_line' id='line_1_42' title="bbox 1865 2244 3453 2330; baseline 0.011 -32"><span class='ocrx_word' id='word_1_324' title='bbox 1865 2244 2119 2305; x_wconf 85' lang='lat' dir='ltr'><strong>hostibus</strong></span> <span class='ocrx_word' id='word_1_325' title='bbox 2182 2250 2544 2322; x_wconf 88' lang='lat' dir='ltr'><strong>Amogabaris</strong></span> <span class='ocrx_word' id='word_1_326' title='bbox 2618 2269 2770 2311; x_wconf 88' lang='lat' dir='ltr'><strong>arma</strong></span> <span class='ocrx_word' id='word_1_327' title='bbox 2842 2258 3269 2330; x_wconf 75' lang='lat' dir='ltr'><strong>coniungerent.</strong></span> <span class='ocrx_word' id='word_1_328' title='bbox 3346 2261 3453 2316; x_wconf 87' lang='lat' dir='ltr'><strong>Pro</strong></span> 
     </span>
    </p>
   </div>
   <div class='ocr_carea' id='block_1_43' title="bbox 1866 2338 3449 2421">
    <p class='ocr_par' dir='ltr' id='par_1_43' title="bbox 1866 2338 3449 2421">
     <span class='ocr_line' id='line_1_43' title="bbox 1866 2338 3449 2421; baseline 0.009 -31"><span class='ocrx_word' id='word_1_329' title='bbox 1866 2338 2026 2403; x_wconf 85' lang='lat' dir='ltr'><strong>urbe,</strong></span> <span class='ocrx_word' id='word_1_330' title='bbox 2073 2355 2196 2409; x_wconf 75' lang='lat' dir='ltr'><strong>quae</strong></span> <span class='ocrx_word' id='word_1_331' title='bbox 2251 2341 2388 2412; x_wconf 86' lang='lat' dir='ltr'><strong>ipsis</strong></span> <span class='ocrx_word' id='word_1_332' title='bbox 2440 2345 2752 2402; x_wconf 87' lang='lat' dir='ltr'><strong>communis</strong></span> <span class='ocrx_word' id='word_1_333' title='bbox 2787 2360 2915 2402; x_wconf 90' lang='lat' dir='ltr'><strong>cum</strong></span> <span class='ocrx_word' id='word_1_334' title='bbox 2974 2348 3238 2405; x_wconf 80' lang='lat' dir='ltr'><strong>Romanis</strong></span> <span class='ocrx_word' id='word_1_335' title='bbox 3289 2354 3449 2421; x_wconf 85' lang='lat' dir='ltr'><strong>quasi</strong></span> 
     </span>
    </p>
   </div>
   <div class='ocr_carea' id='block_1_44' title="bbox 1866 2429 3452 2511">
    <p class='ocr_par' dir='ltr' id='par_1_44' title="bbox 1866 2429 3452 2511">
     <span class='ocr_line' id='line_1_44' title="bbox 1866 2429 3452 2511; baseline 0.006 -28"><span class='ocrx_word' id='word_1_336' title='bbox 1866 2429 2045 2499; x_wconf 86' lang='lat' dir='ltr'><strong>patria</strong></span> <span class='ocrx_word' id='word_1_337' title='bbox 2070 2443 2235 2497; x_wconf 83' lang='lat' dir='ltr'><strong>esset,</strong></span> <span class='ocrx_word' id='word_1_338' title='bbox 2271 2434 2394 2490; x_wconf 86' lang='lat' dir='ltr'><strong>sine</strong></span> <span class='ocrx_word' id='word_1_339' title='bbox 2426 2435 2535 2490; x_wconf 89' lang='lat' dir='ltr'><strong>ulla</strong></span> <span class='ocrx_word' id='word_1_340' title='bbox 2561 2438 2918 2494; x_wconf 84' lang='lat' dir='ltr'><strong>cunctatione</strong></span> <span class='ocrx_word' id='word_1_341' title='bbox 2945 2443 3303 2511; x_wconf 84' lang='lat' dir='ltr'><strong>pugnandum</strong></span> <span class='ocrx_word' id='word_1_342' title='bbox 3329 2458 3452 2497; x_wconf 66' lang='lat' dir='ltr'><strong>essu.</strong></span> 
     </span>
    </p>
   </div>
   <div class='ocr_carea' id='block_1_45' title="bbox 1865 2524 3450 2601">
    <p class='ocr_par' dir='ltr' id='par_1_45' title="bbox 1865 2524 3450 2601">
     <span class='ocr_line' id='line_1_45' title="bbox 1865 2524 3450 2601; baseline 0.009 -25"><span class='ocrx_word' id='word_1_343' title='bbox 1865 2524 2132 2582; x_wconf 87' lang='lat' dir='ltr'><strong>adversus</strong></span> <span class='ocrx_word' id='word_1_344' title='bbox 2212 2525 2365 2583; x_wconf 90' lang='lat' dir='ltr'><strong>illius</strong></span> <span class='ocrx_word' id='word_1_345' title='bbox 2420 2540 2852 2601; x_wconf 78' lang='lat' dir='ltr'><strong>oppugnatores.</strong></span> <span class='ocrx_word' id='word_1_346' title='bbox 2920 2532 3036 2589; x_wconf 85' lang='lat' dir='ltr'><strong>Hoc</strong></span> <span class='ocrx_word' id='word_1_347' title='bbox 3097 2537 3294 2591; x_wconf 90' lang='lat' dir='ltr'><strong>nuntio</strong></span> <span class='ocrx_word' id='word_1_348' title='bbox 3380 2537 3450 2592; x_wconf 87' lang='lat' dir='ltr'><strong>ad</strong></span> 
     </span>
    </p>
   </div>
   <div class='ocr_carea' id='block_1_46' title="bbox 1863 2615 3452 2698">
    <p class='ocr_par' dir='ltr' id='par_1_46' title="bbox 1863 2615 3452 2698">
     <span class='ocr_line' id='line_1_46' title="bbox 1863 2615 3452 2698; baseline 0.006 -28"><span class='ocrx_word' id='word_1_349' title='bbox 1863 2615 2099 2672; x_wconf 82' lang='lat' dir='ltr'><strong>classem</strong></span> <span class='ocrx_word' id='word_1_350' title='bbox 2150 2619 2489 2690; x_wconf 88' lang='lat' dir='ltr'><strong>operientem</strong></span> <span class='ocrx_word' id='word_1_351' title='bbox 2538 2623 2676 2680; x_wconf 79' lang='lat' dir='ltr'><strong>foris</strong></span> <span class='ocrx_word' id='word_1_352' title='bbox 2734 2623 2788 2679; x_wconf 90' lang='lat' dir='ltr'><strong>in</strong></span> <span class='ocrx_word' id='word_1_353' title='bbox 2851 2627 2972 2682; x_wconf 91' lang='lat' dir='ltr'><strong>salo</strong></span> <span class='ocrx_word' id='word_1_354' title='bbox 3033 2643 3132 2698; x_wconf 88' lang='lat' dir='ltr'><strong>per</strong></span> <span class='ocrx_word' id='word_1_355' title='bbox 3193 2629 3452 2685; x_wconf 83' lang='lat' dir='ltr'><strong>celeriter</strong></span> 
     </span>
    </p>
   </div>
   <div class='ocr_carea' id='block_1_47' title="bbox 1863 2713 3450 2789">
    <p class='ocr_par' dir='ltr' id='par_1_47' title="bbox 1863 2713 3450 2789">
     <span class='ocr_line' id='line_1_47' title="bbox 1863 2713 3450 2789; baseline 0.008 -28"><span class='ocrx_word' id='word_1_356' title='bbox 1863 2723 2142 2766; x_wconf 85' lang='lat' dir='ltr'><strong>reversam</strong></span> <span class='ocrx_word' id='word_1_357' title='bbox 2197 2713 2364 2769; x_wconf 88' lang='lat' dir='ltr'><strong>allato</strong></span> <span class='ocrx_word' id='word_1_358' title='bbox 2417 2717 2687 2772; x_wconf 88' lang='lat' dir='ltr'><strong>triremim</strong></span> <span class='ocrx_word' id='word_1_359' title='bbox 2746 2718 2931 2773; x_wconf 87' lang='lat' dir='ltr'><strong>subito</strong></span> <span class='ocrx_word' id='word_1_360' title='bbox 2961 2735 3026 2774; x_wconf 86' lang='lat' dir='ltr'><strong>ex</strong></span> <span class='ocrx_word' id='word_1_361' title='bbox 3094 2735 3158 2775; x_wconf 89' lang='lat' dir='ltr'><strong>ea</strong></span> <span class='ocrx_word' id='word_1_362' title='bbox 3218 2721 3450 2789; x_wconf 74' lang='lat' dir='ltr'><strong>delegati</strong></span> 
     </span>
    </p>
   </div>
   <div class='ocr_carea' id='block_1_48' title="bbox 1862 2803 3445 2883">
    <p class='ocr_par' dir='ltr' id='par_1_48' title="bbox 1862 2803 3445 2883">
     <span class='ocr_line' id='line_1_48' title="bbox 1862 2803 3445 2883; baseline 0.007 -27"><span class='ocrx_word' id='word_1_363' title='bbox 1862 2803 2088 2871; x_wconf 87' lang='lat' dir='ltr'><strong>quidam</strong></span> <span class='ocrx_word' id='word_1_364' title='bbox 2138 2805 2209 2861; x_wconf 90' lang='lat' dir='ltr'><strong>ad</strong></span> <span class='ocrx_word' id='word_1_365' title='bbox 2272 2807 2665 2877; x_wconf 86' lang='lat' dir='ltr'><strong>imperatorem</strong></span> <span class='ocrx_word' id='word_1_366' title='bbox 2719 2810 2951 2881; x_wconf 83' lang='lat' dir='ltr'><strong>profecti</strong></span> <span class='ocrx_word' id='word_1_367' title='bbox 2984 2822 3147 2867; x_wconf 90' lang='lat' dir='ltr'><strong>nocte</strong></span> <span class='ocrx_word' id='word_1_368' title='bbox 3204 2813 3321 2883; x_wconf 79' lang='lat' dir='ltr'><strong>ipsa</strong></span> <span class='ocrx_word' id='word_1_369' title='bbox 3357 2813 3445 2867; x_wconf 81' lang='lat' dir='ltr'><strong>in-</strong></span> 
     </span>
    </p>
   </div>
   <div class='ocr_carea' id='block_1_49' title="bbox 1863 2900 3449 2969">
    <p class='ocr_par' dir='ltr' id='par_1_49' title="bbox 1863 2900 3449 2969">
     <span class='ocr_line' id='line_1_49' title="bbox 1863 2900 3449 2969; baseline 0.008 -21"><span class='ocrx_word' id='word_1_370' title='bbox 1863 2901 2162 2965; x_wconf 83' lang='lat' dir='ltr'><strong>tempesta,</strong></span> <span class='ocrx_word' id='word_1_371' title='bbox 2209 2900 2640 2968; x_wconf 68' lang='lat' dir='ltr'><strong>praelucentibus</strong></span> <span class='ocrx_word' id='word_1_372' title='bbox 2699 2903 2937 2969; x_wconf 74' lang='lat' dir='ltr'><strong>facibus,</strong></span> <span class='ocrx_word' id='word_1_373' title='bbox 3005 2905 3233 2960; x_wconf 84' lang='lat' dir='ltr'><strong>admissi</strong></span> <span class='ocrx_word' id='word_1_374' title='bbox 3262 2906 3331 2961; x_wconf 92' lang='lat' dir='ltr'><strong>ab</strong></span> <span class='ocrx_word' id='word_1_375' title='bbox 3383 2921 3449 2960; x_wconf 84' lang='lat' dir='ltr'><strong>eo</strong></span> 
     </span>
    </p>
   </div>
   <div class='ocr_carea' id='block_1_50' title="bbox 1861 2990 3450 3063">
    <p class='ocr_par' dir='ltr' id='par_1_50' title="bbox 1861 2990 3450 3063">
     <span class='ocr_line' id='line_1_50' title="bbox 1861 2990 3450 3063; baseline 0.004 -19"><span class='ocrx_word' id='word_1_376' title='bbox 1861 2990 2200 3060; x_wconf 87' lang='lat' dir='ltr'><strong>perbenigne</strong></span> <span class='ocrx_word' id='word_1_377' title='bbox 2253 3003 2404 3048; x_wconf 90' lang='lat' dir='ltr'><strong>sunt.</strong></span> <span class='ocrx_word' id='word_1_378' title='bbox 2462 2995 2543 3050; x_wconf 89' lang='lat' dir='ltr'><strong>Eo</strong></span> <span class='ocrx_word' id='word_1_379' title='bbox 2589 2995 2870 3063; x_wconf 82' lang='lat' dir='ltr'><strong>colloquio</strong></span> <span class='ocrx_word' id='word_1_380' title='bbox 2924 2999 3290 3053; x_wconf 84' lang='lat' dir='ltr'><strong>constitutum</strong></span> <span class='ocrx_word' id='word_1_381' title='bbox 3363 3005 3450 3053; x_wconf 82' lang='lat' dir='ltr'><strong>est</strong></span> 
     </span>
    </p>
   </div>
   <div class='ocr_carea' id='block_1_51' title="bbox 1859 3084 3443 3156">
    <p class='ocr_par' dir='ltr' id='par_1_51' title="bbox 1859 3084 3443 3156">
     <span class='ocr_line' id='line_1_51' title="bbox 1859 3084 3443 3156; baseline 0.004 -18"><span class='ocrx_word' id='word_1_382' title='bbox 1859 3084 2097 3140; x_wconf 87' lang='lat' dir='ltr'><strong>classem</strong></span> <span class='ocrx_word' id='word_1_383' title='bbox 2133 3085 2593 3156; x_wconf 84' lang='lat' dir='ltr'><strong>Amogabaricam</strong></span> <span class='ocrx_word' id='word_1_384' title='bbox 2623 3099 2678 3144; x_wconf 89' lang='lat' dir='ltr'><strong>et</strong></span> <span class='ocrx_word' id='word_1_385' title='bbox 2708 3088 3103 3153; x_wconf 81' lang='lat' dir='ltr'><strong>Catelanicam,</strong></span> <span class='ocrx_word' id='word_1_386' title='bbox 3156 3091 3262 3146; x_wconf 89' lang='lat' dir='ltr'><strong>nisi</strong></span> <span class='ocrx_word' id='word_1_387' title='bbox 3298 3091 3443 3147; x_wconf 88' lang='lat' dir='ltr'><strong>ultro</strong></span> 
     </span>
    </p>
   </div>
   <div class='ocr_carea' id='block_1_52' title="bbox 1859 3164 3444 3256">
    <p class='ocr_par' dir='ltr' id='par_1_52' title="bbox 1859 3164 3444 3256">
     <span class='ocr_line' id='line_1_52' title="bbox 1859 3164 3444 3256; baseline 0.003 -23"><span class='ocrx_word' id='word_1_388' title='bbox 1859 3177 2087 3247; x_wconf 83' lang='lat' dir='ltr'><strong>eligeret</strong></span> <span class='ocrx_word' id='word_1_389' title='bbox 2118 3177 2315 3233; x_wconf 83' lang='lat' dir='ltr'><strong>cedere</strong></span> <span class='ocrx_word' id='word_1_390' title='bbox 2359 3164 2712 3250; x_wconf 84' lang='lat' dir='ltr'><strong>acceptisque</strong></span> <span class='ocrx_word' id='word_1_391' title='bbox 2772 3184 2925 3253; x_wconf 85' lang='lat' dir='ltr'><strong>pacis</strong></span> <span class='ocrx_word' id='word_1_392' title='bbox 2984 3184 3201 3256; x_wconf 82' lang='lat' dir='ltr'><strong>legibus</strong></span> <span class='ocrx_word' id='word_1_393' title='bbox 3267 3185 3444 3248; x_wconf 89' lang='lat' dir='ltr'><strong>abire,</strong></span> 
     </span>
    </p>
   </div>
   <div class='ocr_carea' id='block_1_53' title="bbox 184 3240 3446 3353">
    <p class='ocr_par' dir='ltr' id='par_1_53' title="bbox 184 3240 3446 3353">
     <span class='ocr_line' id='line_1_53' title="bbox 184 3240 3446 3353; baseline 0.012 -62"><span class='ocrx_word' id='word_1_394' title='bbox 184 3240 389 3305; x_wconf 80' lang='lat' dir='ltr'><strong>putavit</strong></span> <span class='ocrx_word' id='word_1_395' title='bbox 454 3246 614 3302; x_wconf 90' lang='lat' dir='ltr'><strong>novis</strong></span> <span class='ocrx_word' id='word_1_396' title='bbox 670 3250 1094 3321; x_wconf 80' lang='lat' dir='ltr'><strong>magistratibus</strong></span> <span class='ocrx_word' id='word_1_397' title='bbox 1153 3258 1556 3322; x_wconf 86' lang='lat' dir='ltr'><strong>Galatensium.</strong></span> <span class='ocrx_word' id='word_1_398' title='bbox 1599 3240 1753 3326; x_wconf 48' lang='lat' dir='ltr'><strong>—Nam</strong></span> <span class='ocrx_word' id='word_1_399' title='bbox 1783 3289 1831 3353; x_wconf 75' lang='grc' dir='ltr'>ο</span> <span class='ocrx_word' id='word_1_400' title='bbox 1860 3240 2041 3338; x_wconf 69' lang='lat' dir='ltr'><strong>primo</strong></span> <span class='ocrx_word' id='word_1_401' title='bbox 2074 3282 2236 3324; x_wconf 85' lang='lat' dir='ltr'><strong>mane</strong></span> <span class='ocrx_word' id='word_1_402' title='bbox 2287 3240 2510 3339; x_wconf 70' lang='lat' dir='ltr'><strong>junctis</strong></span> <span class='ocrx_word' id='word_1_403' title='bbox 2551 3240 2789 3326; x_wconf 50' lang='lat' dir='ltr'><strong>viribus.</strong></span> <span class='ocrx_word' id='word_1_404' title='bbox 2819 3240 3192 3329; x_wconf 66' lang='lat' dir='ltr'><strong>Romanorum</strong></span> <span class='ocrx_word' id='word_1_405' title='bbox 3228 3285 3282 3330; x_wconf 92' lang='lat' dir='ltr'><strong>et</strong></span> <span class='ocrx_word' id='word_1_406' title='bbox 3334 3274 3446 3331; x_wconf 87' lang='lat' dir='ltr'><strong>Ge-</strong></span> 
     </span>
    </p>
   </div>
   <div class='ocr_carea' id='block_1_54' title="bbox 185 3333 1756 3424">
    <p class='ocr_par' dir='ltr' id='par_1_54' title="bbox 185 3333 1756 3424">
     <span class='ocr_line' id='line_1_54' title="bbox 185 3333 1756 3424; baseline 0.022 -41"><span class='ocrx_word' id='word_1_407' title='bbox 185 3333 487 3402; x_wconf 86' lang='lat' dir='ltr'><strong>respublica</strong></span> <span class='ocrx_word' id='word_1_408' title='bbox 516 3336 737 3395; x_wconf 92' lang='lat' dir='ltr'><strong>illorum</strong></span> <span class='ocrx_word' id='word_1_409' title='bbox 769 3346 1005 3402; x_wconf 75' lang='lat' dir='ltr'><strong>concilio</strong></span> <span class='ocrx_word' id='word_1_410' title='bbox 1030 3350 1272 3418; x_wconf 89' lang='lat' dir='ltr'><strong>quodam</strong></span> <span class='ocrx_word' id='word_1_411' title='bbox 1302 3356 1524 3424; x_wconf 88' lang='lat' dir='ltr'><strong>publico</strong></span> <span class='ocrx_word' id='word_1_412' title='bbox 1580 3360 1756 3417; x_wconf 86' lang='lat' dir='ltr'><strong>lecto-</strong></span> 
     </span>
    </p>
   </div>
   <div class='ocr_carea' id='block_1_55' title="bbox 183 3436 1752 3520">
    <p class='ocr_par' dir='ltr' id='par_1_55' title="bbox 183 3436 1752 3520">
     <span class='ocr_line' id='line_1_55' title="bbox 183 3436 1752 3520; baseline 0.022 -46"><span class='ocrx_word' id='word_1_413' title='bbox 183 3436 293 3476; x_wconf 91' lang='lat' dir='ltr'><strong>rum</strong></span> <span class='ocrx_word' id='word_1_414' title='bbox 323 3441 357 3481; x_wconf 89' lang='lat' dir='ltr'><strong>e</strong></span> <span class='ocrx_word' id='word_1_415' title='bbox 384 3438 546 3496; x_wconf 88' lang='lat' dir='ltr'><strong>gente</strong></span> <span class='ocrx_word' id='word_1_416' title='bbox 586 3447 878 3500; x_wconf 87' lang='lat' dir='ltr'><strong>procerum</strong></span> <span class='ocrx_word' id='word_1_417' title='bbox 912 3437 1345 3513; x_wconf 88' lang='lat' dir='ltr'><strong>gubernabatur,</strong></span> <span class='ocrx_word' id='word_1_418' title='bbox 1406 3449 1567 3520; x_wconf 85' lang='lat' dir='ltr'><strong>cujus</strong></span> <span class='ocrx_word' id='word_1_419' title='bbox 1632 3463 1752 3510; x_wconf 89' lang='lat' dir='ltr'><strong>erat</strong></span> 
     </span>
    </p>
   </div>
   <div class='ocr_carea' id='block_1_56' title="bbox 185 3518 1753 3615">
    <p class='ocr_par' dir='ltr' id='par_1_56' title="bbox 185 3518 1753 3615">
     <span class='ocr_line' id='line_1_56' title="bbox 185 3518 1753 3615; baseline 0.023 -47"><span class='ocrx_word' id='word_1_420' title='bbox 185 3518 429 3587; x_wconf 77' lang='lat' dir='ltr'><strong>regimini</strong></span> <span class='ocrx_word' id='word_1_421' title='bbox 477 3531 696 3579; x_wconf 83' lang='lat' dir='ltr'><strong>certum</strong></span> <span class='ocrx_word' id='word_1_422' title='bbox 725 3531 994 3599; x_wconf 90' lang='lat' dir='ltr'><strong>temporis</strong></span> <span class='ocrx_word' id='word_1_423' title='bbox 1050 3535 1292 3604; x_wconf 85' lang='lat' dir='ltr'><strong>spatium</strong></span> <span class='ocrx_word' id='word_1_424' title='bbox 1347 3518 1753 3615; x_wconf 67' lang='lat' dir='ltr'><strong>praescriptum.</strong></span> 
     </span>
    </p>
   </div>
   <div class='ocr_carea' id='block_1_57' title="bbox 186 3607 1752 3708">
    <p class='ocr_par' dir='ltr' id='par_1_57' title="bbox 186 3607 1752 3708">
     <span class='ocr_line' id='line_1_57' title="bbox 186 3607 1752 3708; baseline 0.021 -48"><span class='ocrx_word' id='word_1_425' title='bbox 186 3607 288 3666; x_wconf 91' lang='lat' dir='ltr'><strong>lloc</strong></span> <span class='ocrx_word' id='word_1_426' title='bbox 303 3622 498 3671; x_wconf 83' lang='lat' dir='ltr'><strong>exacto</strong></span> <span class='ocrx_word' id='word_1_427' title='bbox 528 3615 677 3674; x_wconf 85' lang='lat' dir='ltr'><strong>aliud</strong></span> <span class='ocrx_word' id='word_1_428' title='bbox 696 3625 1059 3680; x_wconf 80' lang='lat' dir='ltr'><strong>communium</strong></span> <span class='ocrx_word' id='word_1_429' title='bbox 1083 3628 1190 3699; x_wconf 92' lang='lat' dir='ltr'><strong>(sic</strong></span> <span class='ocrx_word' id='word_1_430' title='bbox 1202 3607 1431 3688; x_wconf 29' lang='lat' dir='ltr'><strong>enim‘id</strong></span> <span class='ocrx_word' id='word_1_431' title='bbox 1459 3607 1752 3708; x_wconf 78' lang='lat' dir='ltr'><strong>collegium</strong></span> 
     </span>
    </p>
   </div>
   <div class='ocr_carea' id='block_1_58' title="bbox 186 3712 1751 3802">
    <p class='ocr_par' dir='ltr' id='par_1_58' title="bbox 186 3712 1751 3802">
     <span class='ocr_line' id='line_1_58' title="bbox 186 3712 1751 3802; baseline 0.02 -44"><span class='ocrx_word' id='word_1_432' title='bbox 186 3721 266 3763; x_wconf 84' lang='lat' dir='ltr'><strong>res</strong></span> <span class='ocrx_word' id='word_1_433' title='bbox 336 3712 514 3777; x_wconf 82' lang='lat' dir='ltr'><strong>gentis</strong></span> <span class='ocrx_word' id='word_1_434' title='bbox 572 3714 1083 3777; x_wconf 88' lang='lat' dir='ltr'><strong>administrantium</strong></span> <span class='ocrx_word' id='word_1_435' title='bbox 1167 3726 1495 3800; x_wconf 84' lang='lat' dir='ltr'><strong>vocabatur)</strong></span> <span class='ocrx_word' id='word_1_436' title='bbox 1576 3733 1751 3802; x_wconf 89' lang='lat' dir='ltr'><strong>priori</strong></span> 
     </span>
    </p>
   </div>
   <div class='ocr_carea' id='block_1_59' title="bbox 189 3803 1757 3890">
    <p class='ocr_par' dir='ltr' id='par_1_59' title="bbox 189 3803 1757 3890">
     <span class='ocr_line' id='line_1_59' title="bbox 189 3803 1757 3890; baseline 0.02 -37"><span class='ocrx_word' id='word_1_437' title='bbox 189 3803 525 3859; x_wconf 82' lang='lat' dir='ltr'><strong>succedebat.</strong></span> <span class='ocrx_word' id='word_1_438' title='bbox 552 3806 689 3863; x_wconf 89' lang='lat' dir='ltr'><strong>Cum</strong></span> <span class='ocrx_word' id='word_1_439' title='bbox 725 3811 892 3883; x_wconf 88' lang='lat' dir='ltr'><strong>igitur</strong></span> <span class='ocrx_word' id='word_1_440' title='bbox 923 3815 1170 3872; x_wconf 90' lang='lat' dir='ltr'><strong>audisset</strong></span> <span class='ocrx_word' id='word_1_441' title='bbox 1201 3818 1503 3890; x_wconf 89' lang='lat' dir='ltr'><strong>imperator</strong></span> <span class='ocrx_word' id='word_1_442' title='bbox 1546 3825 1757 3884; x_wconf 90' lang='lat' dir='ltr'><strong>instare</strong></span> 
     </span>
    </p>
   </div>
   <div class='ocr_carea' id='block_1_60' title="bbox 188 3891 1757 3991">
    <p class='ocr_par' dir='ltr' id='par_1_60' title="bbox 188 3891 1757 3991">
     <span class='ocr_line' id='line_1_60' title="bbox 188 3891 1757 3991; baseline 0.022 -46"><span class='ocrx_word' id='word_1_443' title='bbox 188 3891 338 3951; x_wconf 81' lang='lat' dir='ltr'><strong>istius</strong></span> <span class='ocrx_word' id='word_1_444' title='bbox 387 3901 711 3957; x_wconf 88' lang='lat' dir='ltr'><strong>mutationis</strong></span> <span class='ocrx_word' id='word_1_445' title='bbox 764 3903 935 3970; x_wconf 86' lang='lat' dir='ltr'><strong>diem,</strong></span> <span class='ocrx_word' id='word_1_446' title='bbox 984 3919 1040 3964; x_wconf 88' lang='lat' dir='ltr'><strong>et</strong></span> <span class='ocrx_word' id='word_1_447' title='bbox 1070 3926 1200 3966; x_wconf 86' lang='lat' dir='ltr'><strong>mox</strong></span> <span class='ocrx_word' id='word_1_448' title='bbox 1248 3930 1425 3972; x_wconf 85' lang='lat' dir='ltr'><strong>novos</strong></span> <span class='ocrx_word' id='word_1_449' title='bbox 1470 3918 1757 3991; x_wconf 81' lang='lat' dir='ltr'><strong>delegatos</strong></span> 
     </span>
    </p>
   </div>
   <div class='ocr_carea' id='block_1_61' title="bbox 184 3987 1758 4087">
    <p class='ocr_par' dir='ltr' id='par_1_61' title="bbox 184 3987 1758 4087">
     <span class='ocr_line' id='line_1_61' title="bbox 184 3987 1758 4087; baseline 0.019 -46"><span class='ocrx_word' id='word_1_450' title='bbox 184 3987 438 4061; x_wconf 83' lang='lat' dir='ltr'><strong>abrogato</strong></span> <span class='ocrx_word' id='word_1_451' title='bbox 465 3995 748 4053; x_wconf 83' lang='lat' dir='ltr'><strong>veteribus</strong></span> <span class='ocrx_word' id='word_1_452' title='bbox 789 3998 1026 4071; x_wconf 88' lang='lat' dir='ltr'><strong>imperio</strong></span> <span class='ocrx_word' id='word_1_453' title='bbox 1057 4003 1305 4063; x_wconf 88' lang='lat' dir='ltr'><strong>habenas</strong></span> <span class='ocrx_word' id='word_1_454' title='bbox 1337 4026 1519 4065; x_wconf 90' lang='lat' dir='ltr'><strong>rerum</strong></span> <span class='ocrx_word' id='word_1_455' title='bbox 1563 3987 1758 4087; x_wconf 77' lang='lat' dir='ltr'><strong>sump-</strong></span> 
     </span>
    </p>
   </div>
   <div class='ocr_carea' id='block_1_62' title="bbox 187 4085 1760 4172">
    <p class='ocr_par' dir='ltr' id='par_1_62' title="bbox 187 4085 1760 4172">
     <span class='ocr_line' id='line_1_62' title="bbox 187 4085 1760 4172; baseline 0.02 -37"><span class='ocrx_word' id='word_1_456' title='bbox 187 4088 333 4139; x_wconf 90' lang='lat' dir='ltr'><strong>turos</strong></span> <span class='ocrx_word' id='word_1_457' title='bbox 356 4085 413 4140; x_wconf 90' lang='lat' dir='ltr'><strong>in</strong></span> <span class='ocrx_word' id='word_1_458' title='bbox 461 4102 680 4155; x_wconf 89' lang='lat' dir='ltr'><strong>manus,</strong></span> <span class='ocrx_word' id='word_1_459' title='bbox 724 4094 870 4162; x_wconf 91' lang='lat' dir='ltr'><strong>apud</strong></span> <span class='ocrx_word' id='word_1_460' title='bbox 925 4095 1052 4161; x_wconf 90' lang='lat' dir='ltr'><strong>hos,</strong></span> <span class='ocrx_word' id='word_1_461' title='bbox 1096 4100 1188 4155; x_wconf 84' lang='lat' dir='ltr'><strong>ubi</strong></span> <span class='ocrx_word' id='word_1_462' title='bbox 1227 4102 1616 4172; x_wconf 85' lang='lat' dir='ltr'><strong>magistratum</strong></span> <span class='ocrx_word' id='word_1_463' title='bbox 1648 4085 1760 4166; x_wconf 81' lang='lat' dir='ltr'><strong>ini-</strong></span> 
     </span>
    </p>
   </div>
   <div class='ocr_carea' id='block_1_63' title="bbox 189 4174 1760 4267">
    <p class='ocr_par' dir='ltr' id='par_1_63' title="bbox 189 4174 1760 4267">
     <span class='ocr_line' id='line_1_63' title="bbox 189 4174 1760 4267; baseline 0.02 -40"><span class='ocrx_word' id='word_1_464' title='bbox 189 4174 408 4244; x_wconf 76' lang='lat' dir='ltr'><strong>vissent,</strong></span> <span class='ocrx_word' id='word_1_465' title='bbox 432 4183 790 4251; x_wconf 83' lang='lat' dir='ltr'><strong>expostulare</strong></span> <span class='ocrx_word' id='word_1_466' title='bbox 823 4186 892 4243; x_wconf 90' lang='lat' dir='ltr'><strong>de</strong></span> <span class='ocrx_word' id='word_1_467' title='bbox 907 4186 1097 4245; x_wconf 84' lang='lat' dir='ltr'><strong>Pisani</strong></span> <span class='ocrx_word' id='word_1_468' title='bbox 1123 4195 1349 4249; x_wconf 82' lang='lat' dir='ltr'><strong>exarcbi</strong></span> <span class='ocrx_word' id='word_1_469' title='bbox 1398 4200 1760 4267; x_wconf 79' lang='lat' dir='ltr'><strong>Oppressione</strong></span> 
     </span>
    </p>
   </div>
   <div class='ocr_carea' id='block_1_64' title="bbox 186 4268 1756 4363">
    <p class='ocr_par' dir='ltr' id='par_1_64' title="bbox 186 4268 1756 4363">
     <span class='ocr_line' id='line_1_64' title="bbox 186 4268 1756 4363; baseline 0.019 -43"><span class='ocrx_word' id='word_1_470' title='bbox 186 4268 511 4330; x_wconf 84' lang='lat' dir='ltr'><strong>decreverat.</strong></span> <span class='ocrx_word' id='word_1_471' title='bbox 568 4274 728 4332; x_wconf 83' lang='lat' dir='ltr'><strong>&#39;l‘alia</strong></span> <span class='ocrx_word' id='word_1_472' title='bbox 764 4294 933 4348; x_wconf 86' lang='lat' dir='ltr'><strong>porro</strong></span> <span class='ocrx_word' id='word_1_473' title='bbox 986 4281 1359 4355; x_wconf 83' lang='lat' dir='ltr'><strong>Mpyrigerius</strong></span> <span class='ocrx_word' id='word_1_474' title='bbox 1385 4289 1441 4344; x_wconf 92' lang='lat' dir='ltr'><strong>in</strong></span> <span class='ocrx_word' id='word_1_475' title='bbox 1473 4306 1538 4346; x_wconf 88' lang='lat' dir='ltr'><strong>ea</strong></span> <span class='ocrx_word' id='word_1_476' title='bbox 1590 4310 1756 4363; x_wconf 88' lang='lat' dir='ltr'><strong>quam</strong></span> 
     </span>
    </p>
   </div>
   <div class='ocr_carea' id='block_1_65' title="bbox 188 4362 1761 4444">
    <p class='ocr_par' dir='ltr' id='par_1_65' title="bbox 188 4362 1761 4444">
     <span class='ocr_line' id='line_1_65' title="bbox 188 4362 1761 4444; baseline 0.021 -34"><span class='ocrx_word' id='word_1_477' title='bbox 188 4362 339 4416; x_wconf 89' lang='lat' dir='ltr'><strong>retuli</strong></span> <span class='ocrx_word' id='word_1_478' title='bbox 368 4363 436 4418; x_wconf 90' lang='lat' dir='ltr'><strong>ad</strong></span> <span class='ocrx_word' id='word_1_479' title='bbox 466 4363 797 4422; x_wconf 86' lang='lat' dir='ltr'><strong>Genuenses</strong></span> <span class='ocrx_word' id='word_1_480' title='bbox 825 4384 1061 4442; x_wconf 87' lang='lat' dir='ltr'><strong>peregre</strong></span> <span class='ocrx_word' id='word_1_481' title='bbox 1108 4372 1471 4435; x_wconf 86' lang='lat' dir='ltr'><strong>adventantes</strong></span> <span class='ocrx_word' id='word_1_482' title='bbox 1502 4385 1761 4444; x_wconf 82' lang='lat' dir='ltr'><strong>oratione</strong></span> 
     </span>
    </p>
   </div>
   <div class='ocr_carea' id='block_1_66' title="bbox 187 4451 1750 4536">
    <p class='ocr_par' dir='ltr' id='par_1_66' title="bbox 187 4451 1750 4536">
     <span class='ocr_line' id='line_1_66' title="bbox 187 4451 1750 4536; baseline 0.02 -36"><span class='ocrx_word' id='word_1_483' title='bbox 187 4451 368 4519; x_wconf 90' lang='lat' dir='ltr'><strong>cupide</strong></span> <span class='ocrx_word' id='word_1_484' title='bbox 400 4463 459 4508; x_wconf 91' lang='lat' dir='ltr'><strong>ut</strong></span> <span class='ocrx_word' id='word_1_485' title='bbox 489 4471 681 4513; x_wconf 87' lang='lat' dir='ltr'><strong>ansam</strong></span> <span class='ocrx_word' id='word_1_486' title='bbox 702 4468 1069 4529; x_wconf 88' lang='lat' dir='ltr'><strong>opportunam</strong></span> <span class='ocrx_word' id='word_1_487' title='bbox 1089 4465 1401 4536; x_wconf 89' lang='lat' dir='ltr'><strong>arripuerat</strong></span> <span class='ocrx_word' id='word_1_488' title='bbox 1442 4473 1750 4532; x_wconf 86' lang='lat' dir='ltr'><strong>alienandis</strong></span> 
     </span>
    </p>
   </div>
   <div class='ocr_carea' id='block_1_67' title="bbox 191 4539 1749 4638">
    <p class='ocr_par' dir='ltr' id='par_1_67' title="bbox 191 4539 1749 4638">
     <span class='ocr_line' id='line_1_67' title="bbox 191 4539 1749 4638; baseline 0.024 -50"><span class='ocrx_word' id='word_1_489' title='bbox 191 4539 253 4592; x_wconf 84' lang='lat' dir='ltr'><strong>ab</strong></span> <span class='ocrx_word' id='word_1_490' title='bbox 279 4543 544 4614; x_wconf 85' lang='lat' dir='ltr'><strong>obsequio</strong></span> <span class='ocrx_word' id='word_1_491' title='bbox 596 4547 951 4619; x_wconf 88' lang='lat' dir='ltr'><strong>imperatoris</strong></span> <span class='ocrx_word' id='word_1_492' title='bbox 982 4553 1205 4610; x_wconf 89' lang='lat' dir='ltr'><strong>illorum</strong></span> <span class='ocrx_word' id='word_1_493' title='bbox 1231 4560 1435 4620; x_wconf 88' lang='lat' dir='ltr'><strong>animis</strong></span> <span class='ocrx_word' id='word_1_494' title='bbox 1459 4568 1749 4638; x_wconf 89' lang='lat' dir='ltr'><strong>atrocique</strong></span> 
     </span>
    </p>
   </div>
   <div class='ocr_carea' id='block_1_68' title="bbox 1863 3359 3442 3435">
    <p class='ocr_par' dir='ltr' id='par_1_68' title="bbox 1863 3359 3442 3435">
     <span class='ocr_line' id='line_1_68' title="bbox 1863 3359 3442 3435; baseline 0.004 -20"><span class='ocrx_word' id='word_1_495' title='bbox 1863 3359 2156 3416; x_wconf 90' lang='lat' dir='ltr'><strong>nuensium</strong></span> <span class='ocrx_word' id='word_1_496' title='bbox 2185 3361 2635 3432; x_wconf 84' lang='lat' dir='ltr'><strong>oppugnandam.</strong></span> <span class='ocrx_word' id='word_1_497' title='bbox 2671 3362 2933 3421; x_wconf 89' lang='lat' dir='ltr'><strong>Promisit</strong></span> <span class='ocrx_word' id='word_1_498' title='bbox 2971 3366 3271 3435; x_wconf 88' lang='lat' dir='ltr'><strong>imperator</strong></span> <span class='ocrx_word' id='word_1_499' title='bbox 3316 3384 3442 3422; x_wconf 90' lang='lat' dir='ltr'><strong>cum</strong></span> 
     </span>
    </p>
   </div>
   <div class='ocr_carea' id='block_1_69' title="bbox 1864 3451 3443 3529">
    <p class='ocr_par' dir='ltr' id='par_1_69' title="bbox 1864 3451 3443 3529">
     <span class='ocr_line' id='line_1_69' title="bbox 1864 3451 3443 3529; baseline 0.004 -24"><span class='ocrx_word' id='word_1_500' title='bbox 1864 3451 2043 3522; x_wconf 90' lang='lat' dir='ltr'><strong>prima</strong></span> <span class='ocrx_word' id='word_1_501' title='bbox 2079 3453 2202 3508; x_wconf 89' lang='lat' dir='ltr'><strong>luce</strong></span> <span class='ocrx_word' id='word_1_502' title='bbox 2257 3455 2612 3524; x_wconf 89' lang='lat' dir='ltr'><strong>apparituras</strong></span> <span class='ocrx_word' id='word_1_503' title='bbox 2643 3455 2926 3514; x_wconf 84' lang='lat' dir='ltr'><strong>Romanas</strong></span> <span class='ocrx_word' id='word_1_504' title='bbox 2959 3459 3174 3528; x_wconf 88' lang='lat' dir='ltr'><strong>copias,</strong></span> <span class='ocrx_word' id='word_1_505' title='bbox 3243 3460 3443 3529; x_wconf 88' lang='lat' dir='ltr'><strong>partim</strong></span> 
     </span>
    </p>
   </div>
   <div class='ocr_carea' id='block_1_70' title="bbox 1863 3544 3444 3619">
    <p class='ocr_par' dir='ltr' id='par_1_70' title="bbox 1863 3544 3444 3619">
     <span class='ocr_line' id='line_1_70' title="bbox 1863 3544 3444 3619; baseline 0.004 -20"><span class='ocrx_word' id='word_1_506' title='bbox 1863 3544 2165 3614; x_wconf 87' lang='lat' dir='ltr'><strong>dispositas</strong></span> <span class='ocrx_word' id='word_1_507' title='bbox 2211 3560 2312 3616; x_wconf 87' lang='lat' dir='ltr'><strong>per</strong></span> <span class='ocrx_word' id='word_1_508' title='bbox 2373 3561 2531 3602; x_wconf 91' lang='lat' dir='ltr'><strong>oram</strong></span> <span class='ocrx_word' id='word_1_509' title='bbox 2566 3548 2735 3604; x_wconf 88' lang='lat' dir='ltr'><strong>maris</strong></span> <span class='ocrx_word' id='word_1_510' title='bbox 2787 3549 2858 3605; x_wconf 85' lang='lat' dir='ltr'><strong>ad</strong></span> <span class='ocrx_word' id='word_1_511' title='bbox 2914 3549 3273 3619; x_wconf 87' lang='lat' dir='ltr'><strong>jaculandum</strong></span> <span class='ocrx_word' id='word_1_512' title='bbox 3316 3551 3444 3605; x_wconf 89' lang='lat' dir='ltr'><strong>inde</strong></span> 
     </span>
    </p>
   </div>
   <div class='ocr_carea' id='block_1_71' title="bbox 1863 3635 3446 3715">
    <p class='ocr_par' dir='ltr' id='par_1_71' title="bbox 1863 3635 3446 3715">
     <span class='ocr_line' id='line_1_71' title="bbox 1863 3635 3446 3715; baseline 0.005 -24"><span class='ocrx_word' id='word_1_513' title='bbox 1863 3638 1922 3692; x_wconf 89' lang='lat' dir='ltr'><strong>in</strong></span> <span class='ocrx_word' id='word_1_514' title='bbox 1954 3635 2269 3705; x_wconf 86' lang='lat' dir='ltr'><strong>Catelanos,</strong></span> <span class='ocrx_word' id='word_1_515' title='bbox 2330 3640 2530 3707; x_wconf 88' lang='lat' dir='ltr'><strong>partim</strong></span> <span class='ocrx_word' id='word_1_516' title='bbox 2581 3655 2616 3697; x_wconf 89' lang='lat' dir='ltr'><strong>e</strong></span> <span class='ocrx_word' id='word_1_517' title='bbox 2678 3641 2798 3713; x_wconf 90' lang='lat' dir='ltr'><strong>ripa</strong></span> <span class='ocrx_word' id='word_1_518' title='bbox 2855 3653 3074 3700; x_wconf 88' lang='lat' dir='ltr'><strong>evectas</strong></span> <span class='ocrx_word' id='word_1_519' title='bbox 3124 3644 3446 3715; x_wconf 84' lang='lat' dir='ltr'><strong>piscatoriis</strong></span> 
     </span>
    </p>
   </div>
   <div class='ocr_carea' id='block_1_72' title="bbox 1861 3729 3441 3809">
    <p class='ocr_par' dir='ltr' id='par_1_72' title="bbox 1861 3729 3441 3809">
     <span class='ocr_line' id='line_1_72' title="bbox 1861 3729 3441 3809; baseline 0.006 -26"><span class='ocrx_word' id='word_1_520' title='bbox 1861 3729 2124 3795; x_wconf 79' lang='lat' dir='ltr'><strong>navibus,</strong></span> <span class='ocrx_word' id='word_1_521' title='bbox 2155 3739 2217 3786; x_wconf 94' lang='lat' dir='ltr'><strong>ut</strong></span> <span class='ocrx_word' id='word_1_522' title='bbox 2238 3731 2428 3801; x_wconf 68' lang='lat' dir='ltr'><strong>praelia</strong></span> <span class='ocrx_word' id='word_1_523' title='bbox 2462 3732 2646 3788; x_wconf 85' lang='lat' dir='ltr'><strong>navali</strong></span> <span class='ocrx_word' id='word_1_524' title='bbox 2685 3748 2788 3803; x_wconf 86' lang='lat' dir='ltr'><strong>pro</strong></span> <span class='ocrx_word' id='word_1_525' title='bbox 2816 3734 2962 3791; x_wconf 87' lang='lat' dir='ltr'><strong>virili</strong></span> <span class='ocrx_word' id='word_1_526' title='bbox 2999 3751 3115 3792; x_wconf 90' lang='lat' dir='ltr'><strong>rem</strong></span> <span class='ocrx_word' id='word_1_527' title='bbox 3140 3746 3397 3809; x_wconf 82' lang='lat' dir='ltr'><strong>gererent</strong></span> <span class='ocrx_word' id='word_1_528' title='bbox 3424 3757 3441 3793; x_wconf 91' lang='lat'><strong>:</strong></span> 
     </span>
    </p>
   </div>
   <div class='ocr_carea' id='block_1_73' title="bbox 1863 3822 3444 3902">
    <p class='ocr_par' dir='ltr' id='par_1_73' title="bbox 1863 3822 3444 3902">
     <span class='ocr_line' id='line_1_73' title="bbox 1863 3822 3444 3902; baseline 0.004 -23"><span class='ocrx_word' id='word_1_529' title='bbox 1863 3823 2013 3879; x_wconf 88' lang='lat' dir='ltr'><strong>nolle</strong></span> <span class='ocrx_word' id='word_1_530' title='bbox 2047 3822 2254 3894; x_wconf 90' lang='lat' dir='ltr'><strong>quippe</strong></span> <span class='ocrx_word' id='word_1_531' title='bbox 2293 3841 2352 3880; x_wconf 90' lang='lat' dir='ltr'><strong>se</strong></span> <span class='ocrx_word' id='word_1_532' title='bbox 2375 3825 2519 3881; x_wconf 80' lang='lat' dir='ltr'><strong>dixit</strong></span> <span class='ocrx_word' id='word_1_533' title='bbox 2546 3841 2678 3883; x_wconf 90' lang='lat' dir='ltr'><strong>suos</strong></span> <span class='ocrx_word' id='word_1_534' title='bbox 2700 3828 2913 3887; x_wconf 88' lang='lat' dir='ltr'><strong>otiosos</strong></span> <span class='ocrx_word' id='word_1_535' title='bbox 2941 3831 3133 3885; x_wconf 84' lang='lat' dir='ltr'><strong>sedere</strong></span> <span class='ocrx_word' id='word_1_536' title='bbox 3164 3840 3444 3902; x_wconf 81' lang='lat' dir='ltr'><strong>spectato-</strong></span> 
     </span>
    </p>
   </div>
   <div class='ocr_carea' id='block_1_74' title="bbox 1865 3917 3444 3992">
    <p class='ocr_par' dir='ltr' id='par_1_74' title="bbox 1865 3917 3444 3992">
     <span class='ocr_line' id='line_1_74' title="bbox 1865 3917 3444 3992; baseline 0.005 -22"><span class='ocrx_word' id='word_1_537' title='bbox 1865 3931 1954 3972; x_wconf 88' lang='lat' dir='ltr'><strong>res</strong></span> <span class='ocrx_word' id='word_1_538' title='bbox 1989 3917 2315 3972; x_wconf 84' lang='lat' dir='ltr'><strong>eertaminis</strong></span> <span class='ocrx_word' id='word_1_539' title='bbox 2346 3919 2649 3983; x_wconf 90' lang='lat' dir='ltr'><strong>sociorum,</strong></span> <span class='ocrx_word' id='word_1_540' title='bbox 2674 3920 2772 3974; x_wconf 85' lang='lat' dir='ltr'><strong>sed</strong></span> <span class='ocrx_word' id='word_1_541' title='bbox 2796 3929 3004 3989; x_wconf 88' lang='lat' dir='ltr'><strong>partem</strong></span> <span class='ocrx_word' id='word_1_542' title='bbox 3033 3923 3185 3992; x_wconf 89' lang='lat' dir='ltr'><strong>ipsos</strong></span> <span class='ocrx_word' id='word_1_543' title='bbox 3243 3924 3444 3979; x_wconf 85' lang='lat' dir='ltr'><strong>laboris</strong></span> 
     </span>
    </p>
   </div>
   <div class='ocr_carea' id='block_1_75' title="bbox 1866 4011 3446 4086">
    <p class='ocr_par' dir='ltr' id='par_1_75' title="bbox 1866 4011 3446 4086">
     <span class='ocr_line' id='line_1_75' title="bbox 1866 4011 3446 4086; baseline 0.006 -22"><span class='ocrx_word' id='word_1_544' title='bbox 1866 4024 1934 4065; x_wconf 89' lang='lat' dir='ltr'><strong>ac</strong></span> <span class='ocrx_word' id='word_1_545' title='bbox 1960 4011 2218 4080; x_wconf 88' lang='lat' dir='ltr'><strong>periculi,</strong></span> <span class='ocrx_word' id='word_1_546' title='bbox 2258 4020 2317 4066; x_wconf 91' lang='lat' dir='ltr'><strong>ut</strong></span> <span class='ocrx_word' id='word_1_547' title='bbox 2348 4023 2784 4069; x_wconf 81' lang='lat' dir='ltr'><strong>consentaneum</strong></span> <span class='ocrx_word' id='word_1_548' title='bbox 2810 4024 2954 4079; x_wconf 90' lang='lat' dir='ltr'><strong>erat,</strong></span> <span class='ocrx_word' id='word_1_549' title='bbox 2990 4031 3090 4086; x_wconf 90' lang='lat' dir='ltr'><strong>pro</strong></span> <span class='ocrx_word' id='word_1_550' title='bbox 3134 4019 3244 4073; x_wconf 88' lang='lat' dir='ltr'><strong>aris</strong></span> <span class='ocrx_word' id='word_1_551' title='bbox 3277 4018 3446 4074; x_wconf 84' lang='lat' dir='ltr'><strong>focis-</strong></span> 
     </span>
    </p>
   </div>
   <div class='ocr_carea' id='block_1_76' title="bbox 1860 4103 3445 4179">
    <p class='ocr_par' dir='ltr' id='par_1_76' title="bbox 1860 4103 3445 4179">
     <span class='ocr_line' id='line_1_76' title="bbox 1860 4103 3445 4179; baseline 0.004 -23"><span class='ocrx_word' id='word_1_552' title='bbox 1860 4117 1972 4172; x_wconf 89' lang='lat' dir='ltr'><strong>que</strong></span> <span class='ocrx_word' id='word_1_553' title='bbox 2025 4103 2289 4159; x_wconf 88' lang='lat' dir='ltr'><strong>certando</strong></span> <span class='ocrx_word' id='word_1_554' title='bbox 2321 4118 2633 4172; x_wconf 83' lang='lat' dir='ltr'><strong>capessere.</strong></span> <span class='ocrx_word' id='word_1_555' title='bbox 2669 4103 2756 4160; x_wconf 89' lang='lat' dir='ltr'><strong>Ab</strong></span> <span class='ocrx_word' id='word_1_556' title='bbox 2806 4105 2893 4161; x_wconf 91' lang='lat' dir='ltr'><strong>his</strong></span> <span class='ocrx_word' id='word_1_557' title='bbox 2921 4108 3208 4162; x_wconf 82' lang='lat' dir='ltr'><strong>conventis</strong></span> <span class='ocrx_word' id='word_1_558' title='bbox 3264 4109 3445 4179; x_wconf 85' lang='lat' dir='ltr'><strong>digre-</strong></span> 
     </span>
    </p>
   </div>
   <div class='ocr_carea' id='block_1_77' title="bbox 1859 4197 3444 4270">
    <p class='ocr_par' dir='ltr' id='par_1_77' title="bbox 1859 4197 3444 4270">
     <span class='ocr_line' id='line_1_77' title="bbox 1859 4197 3444 4270; baseline 0.003 -19"><span class='ocrx_word' id='word_1_559' title='bbox 1859 4197 2078 4254; x_wconf 84' lang='lat' dir='ltr'><strong>dientes</strong></span> <span class='ocrx_word' id='word_1_560' title='bbox 2103 4199 2174 4252; x_wconf 88' lang='lat' dir='ltr'><strong>ab</strong></span> <span class='ocrx_word' id='word_1_561' title='bbox 2202 4198 2452 4269; x_wconf 84' lang='lat' dir='ltr'><strong>Augusto</strong></span> <span class='ocrx_word' id='word_1_562' title='bbox 2472 4198 2635 4269; x_wconf 85' lang='lat' dir='ltr'><strong>legati</strong></span> <span class='ocrx_word' id='word_1_563' title='bbox 2667 4197 2992 4255; x_wconf 88' lang='lat' dir='ltr'><strong>Genuenses</strong></span> <span class='ocrx_word' id='word_1_564' title='bbox 3013 4216 3111 4270; x_wconf 89' lang='lat' dir='ltr'><strong>per</strong></span> <span class='ocrx_word' id='word_1_565' title='bbox 3141 4210 3444 4256; x_wconf 79' lang='lat' dir='ltr'><strong>nocturnas</strong></span> 
     </span>
    </p>
   </div>
   <div class='ocr_carea' id='block_1_78' title="bbox 1857 4288 3438 4365">
    <p class='ocr_par' dir='ltr' id='par_1_78' title="bbox 1857 4288 3438 4365">
     <span class='ocr_line' id='line_1_78' title="bbox 1857 4288 3438 4365; baseline 0.003 -19"><span class='ocrx_word' id='word_1_566' title='bbox 1857 4290 2043 4346; x_wconf 89' lang='lat' dir='ltr'><strong>adhuc</strong></span> <span class='ocrx_word' id='word_1_567' title='bbox 2099 4290 2385 4359; x_wconf 86' lang='lat' dir='ltr'><strong>tenebras,</strong></span> <span class='ocrx_word' id='word_1_568' title='bbox 2442 4305 2571 4347; x_wconf 86' lang='lat' dir='ltr'><strong>cum</strong></span> <span class='ocrx_word' id='word_1_569' title='bbox 2607 4288 2784 4348; x_wconf 79' lang='lat' dir='ltr'><strong>funali</strong></span> <span class='ocrx_word' id='word_1_570' title='bbox 2830 4292 3073 4365; x_wconf 90' lang='lat' dir='ltr'><strong>quisque</strong></span> <span class='ocrx_word' id='word_1_571' title='bbox 3132 4295 3191 4350; x_wconf 91' lang='lat' dir='ltr'><strong>in</strong></span> <span class='ocrx_word' id='word_1_572' title='bbox 3248 4309 3438 4362; x_wconf 87' lang='lat' dir='ltr'><strong>manu,</strong></span> 
     </span>
    </p>
   </div>
   <div class='ocr_carea' id='block_1_79' title="bbox 1855 4384 2548 4453">
    <p class='ocr_par' dir='ltr' id='par_1_79' title="bbox 1855 4384 2548 4453">
     <span class='ocr_line' id='line_1_79' title="bbox 1855 4384 2548 4453; baseline 0.006 -14"><span class='ocrx_word' id='word_1_573' title='bbox 1855 4385 2095 4453; x_wconf 79' lang='lat' dir='ltr'><strong>regressi</strong></span> <span class='ocrx_word' id='word_1_574' title='bbox 2128 4384 2198 4440; x_wconf 90' lang='lat' dir='ltr'><strong>ad</strong></span> <span class='ocrx_word' id='word_1_575' title='bbox 2234 4400 2370 4442; x_wconf 89' lang='lat' dir='ltr'><strong>suos</strong></span> <span class='ocrx_word' id='word_1_576' title='bbox 2396 4393 2548 4443; x_wconf 90' lang='lat' dir='ltr'><strong>sunt.</strong></span> 
     </span>
    </p>
   </div>
   <div class='ocr_carea' id='block_1_80' title="bbox 1933 4517 3367 4592">
    <p class='ocr_par' dir='ltr' id='par_1_80' title="bbox 1933 4517 3367 4592">
     <span class='ocr_line' id='line_1_80' title="bbox 1933 4517 3367 4592; baseline 0.001 -17"><span class='ocrx_word' id='word_1_577' title='bbox 1933 4519 2024 4577; x_wconf 74' lang='lat'><strong>29.</strong></span> <span class='ocrx_word' id='word_1_578' title='bbox 2060 4517 2127 4576; x_wconf 84' lang='lat' dir='ltr'><strong>Ut</strong></span> <span class='ocrx_word' id='word_1_579' title='bbox 2155 4518 2484 4591; x_wconf 82' lang='lat' dir='ltr'><strong>Amogabari</strong></span> <span class='ocrx_word' id='word_1_580' title='bbox 2506 4530 2552 4575; x_wconf 80' lang='lat' dir='ltr'><strong>et</strong></span> <span class='ocrx_word' id='word_1_581' title='bbox 2576 4519 2824 4576; x_wconf 86' lang='lat' dir='ltr'><strong>Catelani</strong></span> <span class='ocrx_word' id='word_1_582' title='bbox 2851 4520 3039 4592; x_wconf 72' lang='lat' dir='ltr'><strong>prlelio</strong></span> <span class='ocrx_word' id='word_1_583' title='bbox 3084 4523 3205 4576; x_wconf 81' lang='lat' dir='ltr'><strong>victi</strong></span> <span class='ocrx_word' id='word_1_584' title='bbox 3235 4522 3367 4577; x_wconf 81' lang='lat' dir='ltr'><strong>sint.</strong></span> 
     </span>
    </p>
   </div>
   <div class='ocr_carea' id='block_1_81' title="bbox 191 4630 3434 4729">
    <p class='ocr_par' dir='ltr' id='par_1_81' title="bbox 191 4630 3434 4729">
     <span class='ocr_line' id='line_1_81' title="bbox 191 4630 3434 4729; baseline 0.008 -44"><span class='ocrx_word' id='word_1_585' title='bbox 191 4630 253 4688; x_wconf 86' lang='lat' dir='ltr'><strong>iis</strong></span> <span class='ocrx_word' id='word_1_586' title='bbox 274 4634 564 4694; x_wconf 88' lang='lat' dir='ltr'><strong>inserendo</strong></span> <span class='ocrx_word' id='word_1_587' title='bbox 598 4640 652 4695; x_wconf 92' lang='lat' dir='ltr'><strong>in</strong></span> <span class='ocrx_word' id='word_1_588' title='bbox 687 4642 866 4711; x_wconf 89' lang='lat' dir='ltr'><strong>ipsum</strong></span> <span class='ocrx_word' id='word_1_589' title='bbox 897 4647 1048 4703; x_wconf 91' lang='lat' dir='ltr'><strong>odio.</strong></span> <span class='ocrx_word' id='word_1_590' title='bbox 1070 4646 1279 4720; x_wconf 87' lang='lat' dir='ltr'><strong>Nempe</strong></span> <span class='ocrx_word' id='word_1_591' title='bbox 1307 4664 1402 4710; x_wconf 87' lang='lat' dir='ltr'><strong>aut</strong></span> <span class='ocrx_word' id='word_1_592' title='bbox 1435 4630 1746 4729; x_wconf 77' lang='lat' dir='ltr'><strong>nesciebat,</strong></span> <span class='ocrx_word' id='word_1_593' title='bbox 1780 4651 1826 4706; x_wconf 83' lang='grc' dir='ltr'><strong>Ῑ)</strong></span> <span class='ocrx_word' id='word_1_594' title='bbox 1927 4660 2329 4717; x_wconf 86' lang='lat' dir='ltr'><strong>Eduxitautem</strong></span> <span class='ocrx_word' id='word_1_595' title='bbox 2353 4659 2653 4728; x_wconf 85' lang='lat' dir='ltr'><strong>imperator</strong></span> <span class='ocrx_word' id='word_1_596' title='bbox 2670 4658 2858 4714; x_wconf 84' lang='lat' dir='ltr'><strong>decem</strong></span> <span class='ocrx_word' id='word_1_597' title='bbox 2877 4666 3216 4714; x_wconf 87' lang='lat' dir='ltr'><strong>armatorum</strong></span> <span class='ocrx_word' id='word_1_598' title='bbox 3242 4659 3434 4722; x_wconf 76' lang='lat' dir='ltr'><strong>millia,</strong></span> 
     </span>
    </p>
   </div>
   <div class='ocr_carea' id='block_1_82' title="bbox 190 4731 1752 4826">
    <p class='ocr_par' dir='ltr' id='par_1_82' title="bbox 190 4731 1752 4826">
     <span class='ocr_line' id='line_1_82' title="bbox 190 4731 1752 4826; baseline 0.02 -49"><span class='ocrx_word' id='word_1_599' title='bbox 190 4736 277 4780; x_wconf 89' lang='lat' dir='ltr'><strong>aut</strong></span> <span class='ocrx_word' id='word_1_600' title='bbox 300 4731 483 4786; x_wconf 82' lang='lat' dir='ltr'><strong>sciens</strong></span> <span class='ocrx_word' id='word_1_601' title='bbox 516 4732 936 4803; x_wconf 87' lang='lat' dir='ltr'><strong>dissimulabat,</strong></span> <span class='ocrx_word' id='word_1_602' title='bbox 973 4739 1251 4808; x_wconf 88' lang='lat' dir='ltr'><strong>placatum</strong></span> <span class='ocrx_word' id='word_1_603' title='bbox 1282 4746 1553 4817; x_wconf 90' lang='lat' dir='ltr'><strong>ultrojam</strong></span> <span class='ocrx_word' id='word_1_604' title='bbox 1584 4750 1752 4826; x_wconf 61' lang='lat'><strong>540</strong></span> 
     </span>
    </p>
   </div>
   <div class='ocr_carea' id='block_1_83' title="bbox 190 4822 1747 4916">
    <p class='ocr_par' dir='ltr' id='par_1_83' title="bbox 190 4822 1747 4916">
     <span class='ocr_line' id='line_1_83' title="bbox 190 4822 1747 4916; baseline 0.021 -46"><span class='ocrx_word' id='word_1_605' title='bbox 190 4828 333 4876; x_wconf 84' lang='lat' dir='ltr'><strong>antea</strong></span> <span class='ocrx_word' id='word_1_606' title='bbox 362 4822 1223 4900; x_wconf 80' lang='lat' dir='ltr'><strong>Genuensibus.imperatorem,</strong></span> <span class='ocrx_word' id='word_1_607' title='bbox 1282 4840 1496 4909; x_wconf 85' lang='lat' dir='ltr'><strong>prolixa</strong></span> <span class='ocrx_word' id='word_1_608' title='bbox 1548 4822 1747 4916; x_wconf 36' lang='lat' dir='ltr'><strong>perpev-</strong></span> 
     </span>
    </p>
   </div>
   <div class='ocr_carea' id='block_1_84' title="bbox 192 4920 1745 4993">
    <p class='ocr_par' dir='ltr' id='par_1_84' title="bbox 192 4920 1745 4993">
     <span class='ocr_line' id='line_1_84' title="bbox 192 4920 1745 4993; baseline 0.021 -32"><span class='ocrx_word' id='word_1_609' title='bbox 192 4924 292 4966; x_wconf 87' lang='lat' dir='ltr'><strong>ram</strong></span> <span class='ocrx_word' id='word_1_610' title='bbox 345 4925 594 4972; x_wconf 88' lang='lat' dir='ltr'><strong>actorum</strong></span> <span class='ocrx_word' id='word_1_611' title='bbox 651 4920 949 4990; x_wconf 89' lang='lat' dir='ltr'><strong>impertitis</strong></span> <span class='ocrx_word' id='word_1_612' title='bbox 977 4926 1166 4992; x_wconf 88' lang='lat' dir='ltr'><strong>venia,</strong></span> <span class='ocrx_word' id='word_1_613' title='bbox 1205 4930 1373 4985; x_wconf 92' lang='lat' dir='ltr'><strong>etiam</strong></span> <span class='ocrx_word' id='word_1_614' title='bbox 1443 4938 1745 4993; x_wconf 87' lang='lat' dir='ltr'><strong>renovandi</strong></span> 
     </span>
    </p>
   </div>
   <div class='ocr_carea' id='block_1_85' title="bbox 196 4998 1752 5104">
    <p class='ocr_par' dir='ltr' id='par_1_85' title="bbox 196 4998 1752 5104">
     <span class='ocr_line' id='line_1_85' title="bbox 196 4998 1752 5104; baseline 0.019 -46"><span class='ocrx_word' id='word_1_615' title='bbox 196 4998 398 5063; x_wconf 57' lang='lat' dir='ltr'><strong>[uideris</strong></span> <span class='ocrx_word' id='word_1_616' title='bbox 424 5009 919 5084; x_wconf 72' lang='lat' dir='ltr'><strong>instaurattdaeque</strong></span> <span class='ocrx_word' id='word_1_617' title='bbox 945 5018 1232 5077; x_wconf 88' lang='lat' dir='ltr'><strong>societatis</strong></span> <span class='ocrx_word' id='word_1_618' title='bbox 1266 5024 1527 5093; x_wconf 89' lang='lat' dir='ltr'><strong>probatas</strong></span> <span class='ocrx_word' id='word_1_619' title='bbox 1552 5044 1752 5104; x_wconf 88' lang='lat' dir='ltr'><strong>accep-</strong></span> 
     </span>
    </p>
   </div>
   <div class='ocr_carea' id='block_1_86' title="bbox 194 5102 1750 5181">
    <p class='ocr_par' dir='ltr' id='par_1_86' title="bbox 194 5102 1750 5181">
     <span class='ocr_line' id='line_1_86' title="bbox 194 5102 1750 5181; baseline 0.019 -29"><span class='ocrx_word' id='word_1_620' title='bbox 194 5102 363 5177; x_wconf 83' lang='lat' dir='ltr'><strong>tasque</strong></span> <span class='ocrx_word' id='word_1_621' title='bbox 390 5102 527 5172; x_wconf 87' lang='lat' dir='ltr'><strong>ipsis</strong></span> <span class='ocrx_word' id='word_1_622' title='bbox 558 5105 911 5165; x_wconf 90' lang='lat' dir='ltr'><strong>conditiones</strong></span> <span class='ocrx_word' id='word_1_623' title='bbox 943 5111 1237 5170; x_wconf 88' lang='lat' dir='ltr'><strong>obtulisse.</strong></span> <span class='ocrx_word' id='word_1_624' title='bbox 1289 5114 1350 5171; x_wconf 88' lang='lat' dir='ltr'><strong>Id</strong></span> <span class='ocrx_word' id='word_1_625' title='bbox 1382 5118 1476 5176; x_wconf 89' lang='lat' dir='ltr'><strong>ille</strong></span> <span class='ocrx_word' id='word_1_626' title='bbox 1523 5102 1750 5181; x_wconf 83' lang='lat' dir='ltr'><strong>strenue</strong></span> 
     </span>
    </p>
   </div>
   <div class='ocr_carea' id='block_1_87' title="bbox 194 5198 1746 5283">
    <p class='ocr_par' dir='ltr' id='par_1_87' title="bbox 194 5198 1746 5283">
     <span class='ocr_line' id='line_1_87' title="bbox 194 5198 1746 5283; baseline 0.018 -39"><span class='ocrx_word' id='word_1_627' title='bbox 194 5201 650 5263; x_wconf 73' lang='lat' dir='ltr'><strong>pmoccupaverat</strong></span> <span class='ocrx_word' id='word_1_628' title='bbox 712 5198 939 5266; x_wconf 77' lang='lat' dir='ltr'><strong>facere,</strong></span> <span class='ocrx_word' id='word_1_629' title='bbox 1015 5207 1293 5283; x_wconf 31' lang='lat' dir='ltr'><strong>nuntiato‘</strong></span> <span class='ocrx_word' id='word_1_630' title='bbox 1322 5210 1428 5280; x_wconf 91' lang='lat' dir='ltr'><strong>ipsi</strong></span> <span class='ocrx_word' id='word_1_631' title='bbox 1504 5215 1746 5272; x_wconf 86' lang='lat' dir='ltr'><strong>adventu</strong></span> 
     </span>
    </p>
   </div>
   <div class='ocr_carea' id='block_1_88' title="bbox 196 5285 1749 5370">
    <p class='ocr_par' dir='ltr' id='par_1_88' title="bbox 196 5285 1749 5370">
     <span class='ocr_line' id='line_1_88' title="bbox 196 5285 1749 5370; baseline 0.019 -34"><span class='ocrx_word' id='word_1_632' title='bbox 196 5285 370 5353; x_wconf 72' lang='lat' dir='ltr'><strong>saepius</strong></span> <span class='ocrx_word' id='word_1_633' title='bbox 393 5298 826 5348; x_wconf 89' lang='lat' dir='ltr'><strong>memoratarum</strong></span> <span class='ocrx_word' id='word_1_634' title='bbox 855 5310 885 5349; x_wconf 90' lang='lat' dir='ltr'><strong>e</strong></span> <span class='ocrx_word' id='word_1_635' title='bbox 942 5295 1134 5353; x_wconf 85' lang='lat' dir='ltr'><strong>Genua</strong></span> <span class='ocrx_word' id='word_1_636' title='bbox 1159 5304 1486 5370; x_wconf 85' lang='lat' dir='ltr'><strong>triremium,</strong></span> <span class='ocrx_word' id='word_1_637' title='bbox 1536 5316 1591 5363; x_wconf 93' lang='lat' dir='ltr'><strong>et</strong></span> <span class='ocrx_word' id='word_1_638' title='bbox 1618 5310 1749 5366; x_wconf 89' lang='lat' dir='ltr'><strong>inde</strong></span> 
     </span>
    </p>
   </div>
   <div class='ocr_carea' id='block_1_89' title="bbox 198 5379 1746 5469">
    <p class='ocr_par' dir='ltr' id='par_1_89' title="bbox 198 5379 1746 5469">
     <span class='ocr_line' id='line_1_89' title="bbox 198 5379 1746 5469; baseline 0.019 -43"><span class='ocrx_word' id='word_1_639' title='bbox 198 5385 298 5432; x_wconf 88' lang='lat' dir='ltr'><strong>orto</strong></span> <span class='ocrx_word' id='word_1_640' title='bbox 345 5393 494 5438; x_wconf 89' lang='lat' dir='ltr'><strong>metu</strong></span> <span class='ocrx_word' id='word_1_641' title='bbox 525 5386 760 5453; x_wconf 88' lang='lat' dir='ltr'><strong>provido</strong></span> <span class='ocrx_word' id='word_1_642' title='bbox 812 5387 1222 5446; x_wconf 85' lang='lat' dir='ltr'><strong>imminentium</strong></span> <span class='ocrx_word' id='word_1_643' title='bbox 1277 5395 1397 5450; x_wconf 90' lang='lat' dir='ltr'><strong>urbi</strong></span> <span class='ocrx_word' id='word_1_644' title='bbox 1448 5379 1746 5469; x_wconf 72' lang='lat' dir='ltr'><strong>malorum,</strong></span> 
     </span>
    </p>
   </div>
   <div class='ocr_carea' id='block_1_90' title="bbox 198 5467 1745 5548">
    <p class='ocr_par' dir='ltr' id='par_1_90' title="bbox 198 5467 1745 5548">
     <span class='ocr_line' id='line_1_90' title="bbox 198 5467 1745 5548; baseline 0.016 -23"><span class='ocrx_word' id='word_1_645' title='bbox 198 5467 235 5520; x_wconf 82' lang='lat' dir='ltr'><strong>si</strong></span> <span class='ocrx_word' id='word_1_646' title='bbox 280 5485 369 5537; x_wconf 67' lang='lat' dir='ltr'><strong>eae,</strong></span> <span class='ocrx_word' id='word_1_647' title='bbox 422 5475 636 5544; x_wconf 82' lang='lat' dir='ltr'><strong>junctis</strong></span> <span class='ocrx_word' id='word_1_648' title='bbox 700 5482 1006 5548; x_wconf 65' lang='lat' dir='ltr'><strong>praesertim</strong></span> <span class='ocrx_word' id='word_1_649' title='bbox 1044 5497 1169 5537; x_wconf 85' lang='lat' dir='ltr'><strong>cum</strong></span> <span class='ocrx_word' id='word_1_650' title='bbox 1215 5485 1391 5542; x_wconf 89' lang='lat' dir='ltr'><strong>classe</strong></span> <span class='ocrx_word' id='word_1_651' title='bbox 1426 5467 1745 5548; x_wconf 84' lang='lat' dir='ltr'><strong>Catelanica</strong></span> 
     </span>
    </p>
   </div>
   <div class='ocr_carea' id='block_1_91' title="bbox 197 5562 1746 5654">
    <p class='ocr_par' dir='ltr' id='par_1_91' title="bbox 197 5562 1746 5654">
     <span class='ocr_line' id='line_1_91' title="bbox 197 5562 1746 5654; baseline 0.017 -38"><span class='ocrx_word' id='word_1_652' title='bbox 197 5562 619 5641; x_wconf 67' lang='lat' dir='ltr'><strong>viribus,.aperto</strong></span> <span class='ocrx_word' id='word_1_653' title='bbox 638 5572 789 5629; x_wconf 88' lang='lat' dir='ltr'><strong>bello</strong></span> <span class='ocrx_word' id='word_1_654' title='bbox 815 5572 1097 5631; x_wconf 82' lang='lat' dir='ltr'><strong>Romanos</strong></span> <span class='ocrx_word' id='word_1_655' title='bbox 1131 5574 1502 5635; x_wconf 84' lang='lat' dir='ltr'><strong>adorirentur.</strong></span> <span class='ocrx_word' id='word_1_656' title='bbox 1550 5581 1746 5654; x_wconf 88' lang='lat' dir='ltr'><strong>Itaque</strong></span> 
     </span>
    </p>
   </div>
   <div class='ocr_carea' id='block_1_92' title="bbox 200 5660 1745 5739">
    <p class='ocr_par' dir='ltr' id='par_1_92' title="bbox 200 5660 1745 5739">
     <span class='ocr_line' id='line_1_92' title="bbox 200 5660 1745 5739; baseline 0.017 -32"><span class='ocrx_word' id='word_1_657' title='bbox 200 5660 351 5726; x_wconf 79' lang='lat' dir='ltr'><strong>navis,</strong></span> <span class='ocrx_word' id='word_1_658' title='bbox 380 5678 541 5732; x_wconf 88' lang='lat' dir='ltr'><strong>quam</strong></span> <span class='ocrx_word' id='word_1_659' title='bbox 570 5664 841 5732; x_wconf 78' lang='lat' dir='ltr'><strong>diximus,</strong></span> <span class='ocrx_word' id='word_1_660' title='bbox 873 5668 942 5723; x_wconf 91' lang='lat' dir='ltr'><strong>ad</strong></span> <span class='ocrx_word' id='word_1_661' title='bbox 970 5667 1368 5739; x_wconf 81' lang='lat' dir='ltr'><strong>explorandum</strong></span> <span class='ocrx_word' id='word_1_662' title='bbox 1389 5673 1557 5729; x_wconf 88' lang='lat' dir='ltr'><strong>missa</strong></span> <span class='ocrx_word' id='word_1_663' title='bbox 1577 5676 1745 5733; x_wconf 90' lang='lat' dir='ltr'><strong>simul</strong></span> 
     </span>
    </p>
   </div>
   <div class='ocr_carea' id='block_1_93' title="bbox 201 5756 1740 5833">
    <p class='ocr_par' dir='ltr' id='par_1_93' title="bbox 201 5756 1740 5833">
     <span class='ocr_line' id='line_1_93' title="bbox 201 5756 1740 5833; baseline 0.012 -27"><span class='ocrx_word' id='word_1_664' title='bbox 201 5756 379 5819; x_wconf 75' lang='lat' dir='ltr'><strong>appulit</strong></span> <span class='ocrx_word' id='word_1_665' title='bbox 402 5756 720 5831; x_wconf 62' lang='lat' dir='ltr'><strong>Galatampt</strong></span> <span class='ocrx_word' id='word_1_666' title='bbox 746 5761 951 5818; x_wconf 88' lang='lat' dir='ltr'><strong>missos</strong></span> <span class='ocrx_word' id='word_1_667' title='bbox 983 5762 1053 5817; x_wconf 90' lang='lat' dir='ltr'><strong>ad</strong></span> <span class='ocrx_word' id='word_1_668' title='bbox 1081 5765 1525 5833; x_wconf 85' lang='lat' dir='ltr'><strong>cognoscendum</strong></span> <span class='ocrx_word' id='word_1_669' title='bbox 1554 5783 1740 5827; x_wconf 88' lang='lat' dir='ltr'><strong>rerum</strong></span> 
     </span>
    </p>
   </div>
   <div class='ocr_carea' id='block_1_94' title="bbox 203 5852 1743 5927">
    <p class='ocr_par' dir='ltr' id='par_1_94' title="bbox 203 5852 1743 5927">
     <span class='ocr_line' id='line_1_94' title="bbox 203 5852 1743 5927; baseline 0.018 -34"><span class='ocrx_word' id='word_1_670' title='bbox 203 5852 373 5901; x_wconf 87' lang='lat' dir='ltr'><strong>statum</strong></span> <span class='ocrx_word' id='word_1_671' title='bbox 419 5853 679 5922; x_wconf 78' lang='lat' dir='ltr'><strong>exposuit</strong></span> <span class='ocrx_word' id='word_1_672' title='bbox 723 5854 783 5909; x_wconf 87' lang='lat' dir='ltr'><strong>in</strong></span> <span class='ocrx_word' id='word_1_673' title='bbox 841 5855 1024 5927; x_wconf 88' lang='lat' dir='ltr'><strong>littus,</strong></span> <span class='ocrx_word' id='word_1_674' title='bbox 1073 5855 1368 5913; x_wconf 81' lang='lat' dir='ltr'><strong>confestim</strong></span> <span class='ocrx_word' id='word_1_675' title='bbox 1416 5857 1454 5913; x_wconf 87' lang='lat' dir='ltr'><strong>ii</strong></span> <span class='ocrx_word' id='word_1_676' title='bbox 1485 5860 1670 5918; x_wconf 87' lang='lat' dir='ltr'><strong>edocti</strong></span> <span class='ocrx_word' id='word_1_677' title='bbox 1711 5879 1743 5920; x_wconf 92' lang='lat' dir='ltr'><strong>a</strong></span> 
     </span>
    </p>
   </div>
   <div class='ocr_carea' id='block_1_95' title="bbox 204 5937 1736 6028">
    <p class='ocr_par' dir='ltr' id='par_1_95' title="bbox 204 5937 1736 6028">
     <span class='ocr_line' id='line_1_95' title="bbox 204 5937 1736 6028; baseline 0.013 -35"><span class='ocrx_word' id='word_1_678' title='bbox 204 5937 610 6007; x_wconf 85' lang='lat' dir='ltr'><strong>moderatoribus</strong></span> <span class='ocrx_word' id='word_1_679' title='bbox 668 5946 989 6022; x_wconf 81' lang='lat' dir='ltr'><strong>reipublicae</strong></span> <span class='ocrx_word' id='word_1_680' title='bbox 1042 5941 1121 6010; x_wconf 83' lang='lat' dir='ltr'><strong>de</strong></span> <span class='ocrx_word' id='word_1_681' title='bbox 1172 5950 1382 6024; x_wconf 81' lang='lat' dir='ltr'><strong>Optima</strong></span> <span class='ocrx_word' id='word_1_682' title='bbox 1426 5952 1485 6010; x_wconf 91' lang='lat' dir='ltr'><strong>in</strong></span> <span class='ocrx_word' id='word_1_683' title='bbox 1516 5964 1736 6028; x_wconf 75' lang='lat' dir='ltr'><strong>gentem</strong></span> 
     </span>
    </p>
   </div>
   <div class='ocr_carea' id='block_1_96' title="bbox 1857 4748 3438 4823">
    <p class='ocr_par' dir='ltr' id='par_1_96' title="bbox 1857 4748 3438 4823">
     <span class='ocr_line' id='line_1_96' title="bbox 1857 4748 3438 4823; baseline -0.002 -16"><span class='ocrx_word' id='word_1_684' title='bbox 1857 4767 2000 4823; x_wconf 91' lang='lat' dir='ltr'><strong>quos</strong></span> <span class='ocrx_word' id='word_1_685' title='bbox 2035 4766 2156 4822; x_wconf 69' lang='lat' dir='ltr'><strong>quat</strong></span> <span class='ocrx_word' id='word_1_686' title='bbox 2195 4750 2447 4807; x_wconf 79' lang='lat' dir='ltr'><strong>ferebant</strong></span> <span class='ocrx_word' id='word_1_687' title='bbox 2511 4765 2680 4807; x_wconf 86' lang='lat' dir='ltr'><strong>naves</strong></span> <span class='ocrx_word' id='word_1_688' title='bbox 2709 4748 2980 4821; x_wconf 81' lang='lat' dir='ltr'><strong>Rhegium</strong></span> <span class='ocrx_word' id='word_1_689' title='bbox 3030 4762 3227 4806; x_wconf 87' lang='lat' dir='ltr'><strong>euntes</strong></span> <span class='ocrx_word' id='word_1_690' title='bbox 3285 4761 3438 4807; x_wconf 87' lang='lat' dir='ltr'><strong>tanto</strong></span> 
     </span>
    </p>
   </div>
   <div class='ocr_carea' id='block_1_97' title="bbox 1856 4843 3441 4912">
    <p class='ocr_par' dir='ltr' id='par_1_97' title="bbox 1856 4843 3441 4912">
     <span class='ocr_line' id='line_1_97' title="bbox 1856 4843 3441 4912; baseline -0.003 -11"><span class='ocrx_word' id='word_1_691' title='bbox 1856 4853 2017 4901; x_wconf 89' lang='lat' dir='ltr'><strong>erant</strong></span> <span class='ocrx_word' id='word_1_692' title='bbox 2084 4858 2332 4909; x_wconf 90' lang='lat' dir='ltr'><strong>numero,</strong></span> <span class='ocrx_word' id='word_1_693' title='bbox 2375 4851 2434 4898; x_wconf 90' lang='lat' dir='ltr'><strong>ut</strong></span> <span class='ocrx_word' id='word_1_694' title='bbox 2471 4851 2646 4899; x_wconf 88' lang='lat' dir='ltr'><strong>totum</strong></span> <span class='ocrx_word' id='word_1_695' title='bbox 2675 4843 2780 4900; x_wconf 90' lang='lat' dir='ltr'><strong>hoc</strong></span> <span class='ocrx_word' id='word_1_696' title='bbox 2811 4844 2983 4898; x_wconf 91' lang='lat' dir='ltr'><strong>maris</strong></span> <span class='ocrx_word' id='word_1_697' title='bbox 3039 4844 3277 4912; x_wconf 89' lang='lat' dir='ltr'><strong>spatium</strong></span> <span class='ocrx_word' id='word_1_698' title='bbox 3330 4859 3441 4912; x_wconf 85' lang='lat' dir='ltr'><strong>quo</strong></span> 
     </span>
    </p>
   </div>
   <div class='ocr_carea' id='block_1_98' title="bbox 1790 4935 3437 5008">
    <p class='ocr_par' dir='ltr' id='par_1_98' title="bbox 1790 4935 3437 5008">
     <span class='ocr_line' id='line_1_98' title="bbox 1790 4935 3437 5008; baseline -0.002 -15"><span class='ocrx_word' id='word_1_699' title='bbox 1790 4976 1795 4993; x_wconf 88' lang='lat'><strong>.</strong></span> <span class='ocrx_word' id='word_1_700' title='bbox 1857 4938 1992 4993; x_wconf 88' lang='lat' dir='ltr'><strong>urbs</strong></span> <span class='ocrx_word' id='word_1_701' title='bbox 2028 4952 2058 4991; x_wconf 88' lang='lat' dir='ltr'><strong>a</strong></span> <span class='ocrx_word' id='word_1_702' title='bbox 2100 4936 2312 5008; x_wconf 79' lang='lat' dir='ltr'><strong>Rhegio</strong></span> <span class='ocrx_word' id='word_1_703' title='bbox 2338 4936 2622 4992; x_wconf 88' lang='lat' dir='ltr'><strong>dirimitur</strong></span> <span class='ocrx_word' id='word_1_704' title='bbox 2665 4936 2734 4992; x_wconf 89' lang='lat' dir='ltr'><strong>iis</strong></span> <span class='ocrx_word' id='word_1_705' title='bbox 2762 4935 2971 5006; x_wconf 83' lang='lat' dir='ltr'><strong>expleri</strong></span> <span class='ocrx_word' id='word_1_706' title='bbox 3025 4936 3325 4991; x_wconf 87' lang='lat' dir='ltr'><strong>videretur.</strong></span> <span class='ocrx_word' id='word_1_707' title='bbox 3354 4935 3437 4990; x_wconf 84' lang='lat' dir='ltr'><strong>Ex</strong></span> 
     </span>
    </p>
   </div>
   <div class='ocr_carea' id='block_1_99' title="bbox 1856 5028 3436 5100">
    <p class='ocr_par' dir='ltr' id='par_1_99' title="bbox 1856 5028 3436 5100">
     <span class='ocr_line' id='line_1_99' title="bbox 1856 5028 3436 5100; baseline 0 -16"><span class='ocrx_word' id='word_1_708' title='bbox 1856 5038 2014 5100; x_wconf 89' lang='lat' dir='ltr'><strong>parte</strong></span> <span class='ocrx_word' id='word_1_709' title='bbox 2038 5046 2204 5099; x_wconf 81' lang='lat' dir='ltr'><strong>porro</strong></span> <span class='ocrx_word' id='word_1_710' title='bbox 2238 5028 2641 5092; x_wconf 82' lang='lat' dir='ltr'><strong>Genuensium,</strong></span> <span class='ocrx_word' id='word_1_711' title='bbox 2708 5028 2927 5084; x_wconf 79' lang='lat' dir='ltr'><strong>vixdum</strong></span> <span class='ocrx_word' id='word_1_712' title='bbox 2987 5029 3147 5098; x_wconf 88' lang='lat' dir='ltr'><strong>plene</strong></span> <span class='ocrx_word' id='word_1_713' title='bbox 3196 5029 3436 5084; x_wconf 84' lang='lat' dir='ltr'><strong>reversis</strong></span> 
     </span>
    </p>
   </div>
   <div class='ocr_carea' id='block_1_100' title="bbox 1857 5121 3438 5194">
    <p class='ocr_par' dir='ltr' id='par_1_100' title="bbox 1857 5121 3438 5194">
     <span class='ocr_line' id='line_1_100' title="bbox 1857 5121 3438 5194; baseline -0.003 -14"><span class='ocrx_word' id='word_1_714' title='bbox 1857 5139 2000 5194; x_wconf 91' lang='lat' dir='ltr'><strong>quos</strong></span> <span class='ocrx_word' id='word_1_715' title='bbox 2030 5124 2100 5177; x_wconf 87' lang='lat' dir='ltr'><strong>ab</strong></span> <span class='ocrx_word' id='word_1_716' title='bbox 2132 5122 2203 5177; x_wconf 89' lang='lat' dir='ltr'><strong>iis</strong></span> <span class='ocrx_word' id='word_1_717' title='bbox 2228 5121 2297 5176; x_wconf 85' lang='lat' dir='ltr'><strong>ad</strong></span> <span class='ocrx_word' id='word_1_718' title='bbox 2329 5123 2638 5193; x_wconf 81' lang='lat' dir='ltr'><strong>Augustum</strong></span> <span class='ocrx_word' id='word_1_719' title='bbox 2667 5122 2863 5177; x_wconf 84' lang='lat' dir='ltr'><strong>missos</strong></span> <span class='ocrx_word' id='word_1_720' title='bbox 2892 5121 3157 5184; x_wconf 85' lang='lat' dir='ltr'><strong>diximus,</strong></span> <span class='ocrx_word' id='word_1_721' title='bbox 3189 5135 3219 5174; x_wconf 90' lang='lat' dir='ltr'><strong>a</strong></span> <span class='ocrx_word' id='word_1_722' title='bbox 3259 5123 3438 5190; x_wconf 86' lang='lat' dir='ltr'><strong>primo</strong></span> 
     </span>
    </p>
   </div>
   <div class='ocr_carea' id='block_1_101' title="bbox 1818 5212 3432 5284">
    <p class='ocr_par' dir='ltr' id='par_1_101' title="bbox 1818 5212 3432 5284">
     <span class='ocr_line' id='line_1_101' title="bbox 1818 5212 3432 5284; baseline -0.001 -13"><span class='ocrx_word' id='word_1_723' title='bbox 1818 5226 1831 5233; x_wconf 81' lang='lat'><em>’</em></span> <span class='ocrx_word' id='word_1_724' title='bbox 1856 5216 2102 5273; x_wconf 90' lang='lat' dir='ltr'><strong>diluculo</strong></span> <span class='ocrx_word' id='word_1_725' title='bbox 2154 5227 2282 5269; x_wconf 90' lang='lat' dir='ltr'><strong>acer</strong></span> <span class='ocrx_word' id='word_1_726' title='bbox 2313 5226 2397 5269; x_wconf 90' lang='lat' dir='ltr'><strong>est</strong></span> <span class='ocrx_word' id='word_1_727' title='bbox 2438 5215 2682 5284; x_wconf 85' lang='lat' dir='ltr'><strong>impetus</strong></span> <span class='ocrx_word' id='word_1_728' title='bbox 2736 5212 2792 5267; x_wconf 92' lang='lat' dir='ltr'><strong>in</strong></span> <span class='ocrx_word' id='word_1_729' title='bbox 2822 5214 3198 5281; x_wconf 81' lang='lat' dir='ltr'><strong>Amogabaros</strong></span> <span class='ocrx_word' id='word_1_730' title='bbox 3229 5213 3432 5269; x_wconf 83' lang='lat' dir='ltr'><strong>factus.</strong></span> 
     </span>
    </p>
   </div>
   <div class='ocr_carea' id='block_1_102' title="bbox 1853 5306 3437 5380">
    <p class='ocr_par' dir='ltr' id='par_1_102' title="bbox 1853 5306 3437 5380">
     <span class='ocr_line' id='line_1_102' title="bbox 1853 5306 3437 5380; baseline -0.003 -14"><span class='ocrx_word' id='word_1_731' title='bbox 1853 5310 2032 5366; x_wconf 86' lang='lat' dir='ltr'><strong>Causa</strong></span> <span class='ocrx_word' id='word_1_732' title='bbox 2066 5308 2398 5379; x_wconf 86' lang='lat' dir='ltr'><strong>properandi</strong></span> <span class='ocrx_word' id='word_1_733' title='bbox 2416 5306 2540 5370; x_wconf 74' lang='lat' dir='ltr'><strong>fuit,</strong></span> <span class='ocrx_word' id='word_1_734' title='bbox 2580 5306 2739 5380; x_wconf 62' lang='grc'><strong>54],</strong></span> <span class='ocrx_word' id='word_1_735' title='bbox 2774 5317 2973 5378; x_wconf 62' lang='lat' dir='ltr'><strong>praeter</strong></span> <span class='ocrx_word' id='word_1_736' title='bbox 2999 5307 3195 5362; x_wconf 81' lang='lat' dir='ltr'><strong>allatas</strong></span> <span class='ocrx_word' id='word_1_737' title='bbox 3224 5323 3256 5363; x_wconf 86' lang='lat' dir='ltr'><strong>a</strong></span> <span class='ocrx_word' id='word_1_738' title='bbox 3288 5308 3437 5375; x_wconf 80' lang='lat' dir='ltr'><strong>lega-</strong></span> 
     </span>
    </p>
   </div>
   <div class='ocr_carea' id='block_1_103' title="bbox 1853 5400 3432 5471">
    <p class='ocr_par' dir='ltr' id='par_1_103' title="bbox 1853 5400 3432 5471">
     <span class='ocr_line' id='line_1_103' title="bbox 1853 5400 3432 5471; baseline -0.002 -14"><span class='ocrx_word' id='word_1_739' title='bbox 1853 5405 1927 5458; x_wconf 90' lang='lat' dir='ltr'><strong>tis</strong></span> <span class='ocrx_word' id='word_1_740' title='bbox 1983 5402 2379 5457; x_wconf 87' lang='lat' dir='ltr'><strong>conventiones</strong></span> <span class='ocrx_word' id='word_1_741' title='bbox 2441 5416 2567 5455; x_wconf 93' lang='lat' dir='ltr'><strong>cum</strong></span> <span class='ocrx_word' id='word_1_742' title='bbox 2631 5402 2962 5471; x_wconf 88' lang='lat' dir='ltr'><strong>imperatore</strong></span> <span class='ocrx_word' id='word_1_743' title='bbox 3017 5400 3208 5464; x_wconf 90' lang='lat' dir='ltr'><strong>initas,</strong></span> <span class='ocrx_word' id='word_1_744' title='bbox 3267 5400 3432 5455; x_wconf 78' lang='lat' dir='ltr'><strong>etiam</strong></span> 
     </span>
    </p>
   </div>
   <div class='ocr_carea' id='block_1_104' title="bbox 1855 5492 3434 5564">
    <p class='ocr_par' dir='ltr' id='par_1_104' title="bbox 1855 5492 3434 5564">
     <span class='ocr_line' id='line_1_104' title="bbox 1855 5492 3434 5564; baseline -0.003 -14"><span class='ocrx_word' id='word_1_745' title='bbox 1855 5511 1996 5551; x_wconf 90' lang='lat' dir='ltr'><strong>nova</strong></span> <span class='ocrx_word' id='word_1_746' title='bbox 2037 5494 2339 5550; x_wconf 83' lang='lat' dir='ltr'><strong>necessitas</strong></span> <span class='ocrx_word' id='word_1_747' title='bbox 2365 5494 2495 5550; x_wconf 85' lang='lat' dir='ltr'><strong>inde</strong></span> <span class='ocrx_word' id='word_1_748' title='bbox 2523 5503 2644 5549; x_wconf 88' lang='lat' dir='ltr'><strong>orta</strong></span> <span class='ocrx_word' id='word_1_749' title='bbox 2668 5494 2815 5564; x_wconf 92' lang='lat' dir='ltr'><strong>quod</strong></span> <span class='ocrx_word' id='word_1_750' title='bbox 2853 5509 2948 5564; x_wconf 89' lang='lat' dir='ltr'><strong>per</strong></span> <span class='ocrx_word' id='word_1_751' title='bbox 2979 5503 3195 5549; x_wconf 89' lang='lat' dir='ltr'><strong>noctem</strong></span> <span class='ocrx_word' id='word_1_752' title='bbox 3225 5492 3434 5562; x_wconf 81' lang='lat' dir='ltr'><strong>Mpyri-</strong></span> 
     </span>
    </p>
   </div>
   <div class='ocr_carea' id='block_1_105' title="bbox 1852 5586 3433 5657">
    <p class='ocr_par' dir='ltr' id='par_1_105' title="bbox 1852 5586 3433 5657">
     <span class='ocr_line' id='line_1_105' title="bbox 1852 5586 3433 5657; baseline -0.001 -14"><span class='ocrx_word' id='word_1_753' title='bbox 1852 5588 2064 5657; x_wconf 80' lang='lat' dir='ltr'><strong>geriutn</strong></span> <span class='ocrx_word' id='word_1_754' title='bbox 2128 5597 2535 5656; x_wconf 83' lang='lat' dir='ltr'><strong>compererant,</strong></span> <span class='ocrx_word' id='word_1_755' title='bbox 2585 5589 2871 5657; x_wconf 85' lang='lat' dir='ltr'><strong>desperata</strong></span> <span class='ocrx_word' id='word_1_756' title='bbox 2923 5601 3050 5641; x_wconf 82' lang='lat' dir='ltr'><strong>cum</strong></span> <span class='ocrx_word' id='word_1_757' title='bbox 3103 5586 3433 5641; x_wconf 86' lang='lat' dir='ltr'><strong>ductoribus</strong></span> 
     </span>
    </p>
   </div>
   <div class='ocr_carea' id='block_1_106' title="bbox 1851 5678 3435 5752">
    <p class='ocr_par' dir='ltr' id='par_1_106' title="bbox 1851 5678 3435 5752">
     <span class='ocr_line' id='line_1_106' title="bbox 1851 5678 3435 5752; baseline -0.002 -17"><span class='ocrx_word' id='word_1_758' title='bbox 1851 5679 2053 5735; x_wconf 86' lang='lat' dir='ltr'><strong>classis</strong></span> <span class='ocrx_word' id='word_1_759' title='bbox 2082 5678 2394 5736; x_wconf 87' lang='lat' dir='ltr'><strong>Genuensis</strong></span> <span class='ocrx_word' id='word_1_760' title='bbox 2445 5695 2604 5752; x_wconf 88' lang='lat' dir='ltr'><strong>pace,</strong></span> <span class='ocrx_word' id='word_1_761' title='bbox 2639 5688 2901 5735; x_wconf 66' lang='lat' dir='ltr'><strong>tentasse.</strong></span> <span class='ocrx_word' id='word_1_762' title='bbox 2927 5679 3170 5734; x_wconf 84' lang='lat' dir='ltr'><strong>alienare</strong></span> <span class='ocrx_word' id='word_1_763' title='bbox 3201 5678 3435 5732; x_wconf 88' lang='lat' dir='ltr'><strong>classia-</strong></span> 
     </span>
    </p>
   </div>
   <div class='ocr_carea' id='block_1_107' title="bbox 1854 5771 3430 5842">
    <p class='ocr_par' dir='ltr' id='par_1_107' title="bbox 1854 5771 3430 5842">
     <span class='ocr_line' id='line_1_107' title="bbox 1854 5771 3430 5842; baseline -0.003 -14"><span class='ocrx_word' id='word_1_764' title='bbox 1854 5773 1967 5830; x_wconf 90' lang='lat' dir='ltr'><strong>rios</strong></span> <span class='ocrx_word' id='word_1_765' title='bbox 1988 5772 2059 5827; x_wconf 88' lang='lat' dir='ltr'><strong>ab</strong></span> <span class='ocrx_word' id='word_1_766' title='bbox 2088 5772 2259 5842; x_wconf 90' lang='lat' dir='ltr'><strong>ipsis:</strong></span> <span class='ocrx_word' id='word_1_767' title='bbox 2297 5773 2918 5829; x_wconf 79' lang='lat' dir='ltr'><strong>circumvectumenim</strong></span> <span class='ocrx_word' id='word_1_768' title='bbox 2945 5771 3198 5826; x_wconf 78' lang='lat' dir='ltr'><strong>triremes</strong></span> <span class='ocrx_word' id='word_1_769' title='bbox 3228 5785 3430 5824; x_wconf 80' lang='lat' dir='ltr'><strong>navar-</strong></span> 
     </span>
    </p>
   </div>
   <div class='ocr_carea' id='block_1_108' title="bbox 1850 5865 3419 5939">
    <p class='ocr_par' dir='ltr' id='par_1_108' title="bbox 1850 5865 3419 5939">
     <span class='ocr_line' id='line_1_108' title="bbox 1850 5865 3419 5939; baseline -0.001 -16"><span class='ocrx_word' id='word_1_770' title='bbox 1850 5867 1988 5924; x_wconf 89' lang='lat' dir='ltr'><strong>chos</strong></span> <span class='ocrx_word' id='word_1_771' title='bbox 2015 5866 2359 5938; x_wconf 80' lang='lat' dir='ltr'><strong>singularum</strong></span> <span class='ocrx_word' id='word_1_772' title='bbox 2391 5882 2601 5939; x_wconf 72' lang='lat' dir='ltr'><strong>magna:</strong></span> <span class='ocrx_word' id='word_1_773' title='bbox 2630 5867 2874 5936; x_wconf 71' lang='lat' dir='ltr'><strong>pecunia:</strong></span> <span class='ocrx_word' id='word_1_774' title='bbox 2920 5865 3419 5937; x_wconf 81' lang='lat' dir='ltr'><strong>pollicitationibus</strong></span> 
     </span>
    </p>
   </div>
   <div class='ocr_carea' id='block_1_109' title="bbox 1850 5954 3429 6034">
    <p class='ocr_par' dir='ltr' id='par_1_109' title="bbox 1850 5954 3429 6034">
     <span class='ocr_line' id='line_1_109' title="bbox 1850 5954 3429 6034; baseline -0.001 -16"><span class='ocrx_word' id='word_1_775' title='bbox 1850 5961 2084 6021; x_wconf 85' lang='lat' dir='ltr'><strong>delinire</strong></span> <span class='ocrx_word' id='word_1_776' title='bbox 2107 5961 2410 6030; x_wconf 85' lang='lat' dir='ltr'><strong>studuisse,</strong></span> <span class='ocrx_word' id='word_1_777' title='bbox 2439 5971 2496 6019; x_wconf 90' lang='lat' dir='ltr'><strong>ut</strong></span> <span class='ocrx_word' id='word_1_778' title='bbox 2532 5976 2719 6034; x_wconf 78' lang='lat' dir='ltr'><strong>pugna</strong></span> <span class='ocrx_word' id='word_1_779' title='bbox 2748 5954 3121 6031; x_wconf 72' lang='lat' dir='ltr'><strong>temperat-cut</strong></span> <span class='ocrx_word' id='word_1_780' title='bbox 3144 5958 3429 6030; x_wconf 80' lang='lat' dir='ltr'><strong>navesque</strong></span> 
     </span>
    </p>
   </div>
  </div>
