3738 6546
414 334 524 399 .599

416 540 531 597 θειν
558 545 650 598 ἐπ’
687 548 1119 624 Ἀμογαόάρους,
1153 558 1227 623 ὡς
1258 557 1403 631 εἶχον
1433 540 1991 641 εὐθὺς-ἀρείῖήσαντες,

415 633 534 687 ἀλλ’
565 635 713 706 ὅμως
752 639 880 709 περὶ
910 644 1012 706 τὰς
1039 645 1212 708 δόσεις
1246 650 1412 715 φειδὼ
1441 669 1561 707 τινα
1594 633 1995 731 καὶ-ὑπερημέ-

415 731 542 801 ρίαν
593 735 973 807 ἐνδειξάμενον
1023 741 1119 794 νῦν
1166 746 1258 799 ἐπὶ
1301 751 1414 813 τοῖς
1469 750 1738 822 ξυμϐἇσιν
1786 757 1992 825 ἀλγεῖν.

424 822 652 879 Ἐκεῖνοι
685 827 793 900 γὰρ
827 832 884 882 ἐν
941 831 999 898 ἒξ
1039 834 1272 902 χιλιάσιν
1306 840 1468 894 ἴστων
1522 846 1747 913 χρυσίου
1795 822 1876 901 τὸ*
1903 848 1994 916 μί-

413 914 607 986 σθωμα
640 918 895 973 ἀπελθεῖν
955 926 1210 987 συνόλους
1249 931 1342 983 καὶ
1379 935 1719 1003 μαχέσασθαι
1768 939 1866 1008 τὴν
1898 914 1995 993 ταν

409 1006 625 1078 χίστην,
665 1011 774 1063 τῶν
802 1016 932 1086 περὶ
964 1018 1057 1071 τὸν
1091 1021 1470 1095 Μπυριγέριον
1510 1027 1610 1097 ἤδη
1648 1006 1991 1086 ἐαλιιηιὸτωνο

413 1100 668 1170 βασιλεὺς
693 1106 748 1159 δὲ
781 1108 1021 1178 πέμπων
1051 1113 1128 1183 τῷ
1160 1116 1351 1187 μέτρῳ
1386 1119 1533 1190 μόνῳ
1568 1123 1819 1176 ἐπίστευε
1855 1141 1992 1193 συμ-

410 1189 658 1261 πληροῦν
700 1194 760 1247 τὸ
803 1198 915 1251 τῶν
949 1201 1368 1273 ἀπαιτουμένων
1404 1211 1591 1264 ποσόν.
1637 1213 1723 1275 Ὠς
1762 1214 1818 1268 δὲ
1864 1217 1993 1286 στή-

412 1300 609 1353 σαντες
663 1289 860 1344 ἐκείνοι
894 1295 1079 1361 ζυγοῖς
1112 1299 1174 1351 τὸ
1215 1300 1493 1373 διδόμενον
1538 1305 1862 1377 ἐδοκίμαζον
1896 1313 1990 1365 καὶ

408 1378 546 1431 πολὺ
599 1380 659 1433 τὸ
713 1383 984 1456 ἔλλειμμα
1019 1387 1109 1460 ἦν,
1158 1392 1518 1464 ἐξωργίζοντο
1557 1399 1650 1453 καὶ
1710 1402 1885 1466 ἄλλως
1932 1405 1989 1457 ἐν

409 1475 705 1568 μεταμέλῳ
756 1494 874 1543 πως
900 1471 1082 1546 Eva-ec.
1137 1486 1233 1541 καὶ
1267 1489 1690 1548 ἀντεπέστελλον
1721 1495 1850 1561 τοὺς
1900 1514 1991 1568 μι-

408 1560 598 1627 σθούς.
648 1568 959 1639 Πάτροκλος
987 1576 1033 1629 δ’
1077 1573 1146 1650 ἦν
1186 1580 1255 1633 τὰ
1303 1581 1642 1654 ἐλλείμματα
1676 1560 1985 1658 πρόφασιςο

413 1656 501 1753 ὡς
530 1660 642 1729 γὰρ
693 1663 787 1718 καὶ
821 1667 993 1721 ταῦτα
1030 1669 1284 1739 βασιλεὺς
1331 1677 1571 1749 ἐπλήρου
1624 1656 1988 1753 καὶγπέμπων

405 1747 733 1822 ἐξώτρυνεν,
766 1759 813 1810 al
859 1759 915 1814 δὲ
953 1762 1064 1818 ἀπὸ
1111 1767 1205 1819 τοῦ
1249 1768 1408 1838 λόγου
1605 1747 1987 1848 βουλευμάτων

406 1845 780 1914 κρουσάμενοι
824 1852 959 1917 ἰδίας
1008 1856 1329 1928 προῠτεινον
1375 1864 1669 1934 ἐμπορίας,
1703 1845 1812 1922 καὶ⁷
1845 1871 1981 1941 πρὸς
2018 1846 2062 1903 Β

404 1935 598 2002 αὑταῖς
624 1935 769 2013 ἦσαν
824 1946 1049 2013 εὐθέως,
1086 1952 1183 2005 καὶ
1234 1953 1645 2025 ἀπηλλάττοντο
1690 1962 1790 2026 τὴν
1829 1935 1983 2034 ταχί-

405 2046 561 2102 στην.
581 2033 638 2087 Ὀ
668 2035 724 2090 δὲ
759 2037 1016 2108 βασιλεὺς
1035 2044 1262 2101 τοιαῦτα
1294 2049 1482 2118 μαθὼν
1510 2055 1623 2115 τοῖς
1652 2054 1803 2117 ἰδίοις
1835 2072 1983 2126 παρ-

404 2120 638 2179 έϐαλετά
726 2130 1057 2202 μισθώματα
1142 2138 1236 2191 καὶ
1299 2142 1547 2212 τριήρεις
1648 2120 1979 2217 ἐξηρτύετο,

404 2303 566 2378 545
619 2318 675 2364 et
726 2321 942 2383 captam
1009 2315 1326 2389 Mpyrigerii
1383 2322 1617 2379 classem
1668 2303 1982 2384 adoriendai

408 2400 646 2467 pretium
687 2419 783 2459 sex
812 2407 984 2463 millia
1020 2425 1397 2469 nummorum.
1460 2416 1761 2487 imperator
1814 2435 1983 2489 pecu-

407 2493 515 2551 nim
548 2496 615 2551 ad
664 2511 785 2553 eam
830 2501 1167 2559 solutionem
1218 2505 1446 2578 signatae
1485 2520 1738 2580 parcens,
1783 2527 1980 2568 aurum

404 2585 671 2643 infectum
702 2589 826 2648 loco
851 2604 1085 2651 monetae
1108 2598 1173 2651 ad
1199 2598 1354 2668 ipsos
1393 2601 1643 2669 miserat,
1675 2619 1808 2658 cura
1862 2605 1981 2661 suis

402 2678 532 2733 data
559 2690 619 2736 nt
651 2684 941 2752 explorato
980 2702 1078 2757 per
1124 2699 1389 2746 stateram
1412 2693 1797 2765 azstimatoquo
1849 2712 1985 2766 pon-

398 2771 531 2828 dere
561 2790 833 2832 summam
868 2779 1006 2849 ipsis
1043 2781 1205 2838 istam
1255 2786 1614 2868 conﬁcerent.
1667 2788 1726 2844 ω
1770 2790 1978 2846 lentum

396 2866 812 2936 pensitandiac
859 2876 1196 2945 supputandi
1231 2879 1359 2935 dum
1418 2866 1698 2947 negotium
1750 2884 1983 2940 alterca-

396 2959 673 3019 tiunculis
696 2967 959 3033 trahitur,
986 2970 1231 3039 dumque
1262 2972 1343 3028 illi
1373 2984 1686 3045 queruntur
1708 2977 1801 3031 tali
1833 2993 1983 3033 com-

395 3057 705 3114 mutatione
736 3072 970 3117 moneta:
1000 3063 1055 3118 in
1090 3080 1326 3121 massam
1372 3067 1523 3123 haud
1576 3068 1685 3125 levi
1735 3070 1981 3125 intertri-

394 3157 587 3204 mento
622 3151 877 3206 contrahi
921 3154 1026 3209 sibi
1075 3156 1315 3212 rructnm
1374 3161 1628 3229 pecuniae
1667 3162 1977 3230 promissae.

395 3239 570 3294 otium
602 3243 817 3299 scilicet
870 3246 979 3300 alia
1040 3248 1320 3318 cogitandi
1362 3252 1643 3315 habuere:
1683 3270 1750 3308 ac
1788 3270 1984 3325 sugge-

396 3334 651 3391 rentibus
677 3339 962 3392 contraria
998 3339 1311 3399 fautoribus
1335 3343 1725 3402 Catelanorum
1759 3357 1817 3401 nt
1847 3348 1983 3404 faci-

395 3424 568 3482 liores
604 3442 875 3496 persnasu
900 3442 1110 3498 essent,
1146 3434 1619 3505 indignatiuncnla
1647 3439 1827 3495 ell'vcit
1857 3441 1978 3509 ipsa

396 3519 492 3575 illa
515 3538 629 3591 qua
648 3524 1014 3580 moVebantur
1038 3541 1069 3582 e
1107 3527 1474 3584 diminutione
1498 3532 1705 3601 sperati
1741 3535 1976 3602 prmmii.

307 3654 315 3663 .
398 3617 738 3674 Pcenitentes
768 3619 939 3689 igitur
964 3628 1205 3678 ostensze
1242 3621 1546 3680 voluntatis
1586 3635 1867 3695 portatum
1907 3630 1973 3685 ad

395 3724 456 3766 se
496 3711 767 3767 mercedis
794 3714 1019 3768 nomine
1041 3729 1236 3769 aurum
1267 3716 1591 3786 imperatori
1623 3720 1977 3777 remiserunt.

396 3802 701 3860 Praetextns
731 3816 915 3860 autem
945 3794 1135 3862 merus
1154 3808 1258 3863 fuit
1282 3808 1387 3864 ista
1412 3824 1573 3879 quam
1605 3815 1980 3870 causabantur

393 3911 462 3950 ex
520 3897 826 3953 mutatione
879 3907 1116 3955 moneta:
1174 3900 1228 3954 iu
1284 3916 1521 3957 massam
1573 3918 1862 3973 emergens
1921 3907 1986 3961 iur

393 3988 656 4046 damnum
683 4005 875 4046 eorum
900 3989 1137 4061 jactura.
1172 3992 1311 4046 Nam
1338 3992 1488 4048 istud
1515 3995 1784 4065 quidquid
1832 3996 1977 4054 foret

390 4082 711 4139 detrimenti
763 4096 1252 4155 compensaturum
1317 4102 1378 4142 se
1423 4089 1645 4146 aliunde
1686 4091 1974 4162 Augustus

292 4226 315 4231 ._
387 4177 621 4246 recepit.
648 4177 908 4246 Misitque
939 4178 1079 4233 adeo
1126 4178 1221 4247 qui
1262 4179 1709 4250 supplementum
1755 4184 1860 4238 hoc
1894 4200 1979 4239 re-

386 4277 789 4337 praesentarent
848 4277 905 4323 et
959 4270 1239 4336 negatimn
1301 4272 1679 4338 absolverent,
1736 4275 1975 4330 remotis

388 4362 650 4417 omnibus
675 4361 955 4431 abruptis.
983 4361 1076 4420 At.
1109 4370 1169 4417 ut
1196 4362 1337 4422 diri.
1371 4378 1556 4419 serum
1602 4365 1656 4426 id
1686 4365 1811 4431 fuit,
1863 4367 1975 4424 illis

386 4456 502 4526 jam
531 4455 787 4513 alienatis
818 4464 872 4509 et
902 4456 958 4514 in
995 4456 1211 4511 diversa
1239 4457 1471 4511 consilia
1526 4456 1776 4513 deﬂexis.
1827 4458 1971 4527 Ergo

392 4562 493 4606 sua
551 4549 919 4605 obtendentes
967 4549 1329 4627 ntercimonia
1358 4591 1374 4614 .
1440 4566 1675 4623 quorum
1726 4553 1970 4610 rationes

356 4634 664 4701 ~maturam
741 4648 991 4716 ipsorum
1052 4647 1365 4715 ﬂagitarent.
1435 4649 1831 4716 profectionem
1904 4653 1970 4708 ad

386 4740 603 4806 Lazos,
649 4757 846 4797 vacare
885 4757 1035 4797 nunc
1086 4743 1195 4798 sibi
1236 4743 1365 4801 aliis
1407 4744 1687 4799 attendere
1737 4748 1968 4814 praecise

386 4845 686 4907 negarunt,
711 4834 1114 4905 confestimque
1147 4836 1452 4892 solverunt.
1493 4836 1617 4903 Quo
1661 4839 1963 4908 imperator

388 4936 702 5000 comperto,
740 4928 794 4982 in
828 4944 960 4984 suos
1001 4927 1236 4983 Romam
1268 4929 1489 4999 generis
1539 4930 1816 4987 destinata
1858 4933 1963 4991 Ge~

389 5023 696 5079 nuensibus
724 5017 1005 5092 stipendia
1025 5021 1317 5090 impendit,
1350 5022 1610 5079 triremes
1632 5039 1962 5094 comparans

386 5130 620 5185 quarum
677 5128 782 5183 ope
841 5112 1105 5167 damnum
1164 5110 1338 5166 cladis
1370 5123 1607 5183 accepta
1656 5127 1958 5186 repararet.

380 5212 509 5267 Non
529 5211 678 5267 enim
729 5221 958 5263 summa!
1019 5204 1241 5275 imperii
1288 5206 1371 5260 vis
1426 5222 1491 5261 ac
1539 5210 1708 5263 robur
1746 5209 1963 5279 deerat,

382 5306 480 5362 sed
511 5319 639 5359 cum
665 5303 871 5358 valeret
890 5300 1212 5369 vigeretque
1232 5300 1394 5370 quasi
1426 5311 1590 5371 caput
1615 5304 1959 5372 reipublicae,

384 5414 588 5456 manus
639 5403 695 5451 et
750 5394 1029 5451 actionum
1081 5401 1217 5449 tunc
1265 5397 1704 5453 necessariarum
1754 5401 1965 5455 instrua

380 5500 566 5550 menta
616 5488 991 5559 languebant,
1036 5485 1304 5554 inﬁrmae,
1362 5488 1620 5560 inquam,
1691 5493 1961 5551 militares

378 5587 756 5643 Romanorum
789 5580 990 5652 copim,
1023 5595 1142 5649 quae
1200 5582 1352 5638 velut
1408 5598 1607 5654 corpus
1659 5585 1955 5653 faciebant,

379 5679 471 5736 cui
507 5687 627 5733 erat
656 5674 777 5728 vice
803 5673 1000 5728 animae
1036 5681 1277 5744 potestas
1304 5674 1627 5744 imperantis
1661 5678 1952 5748 principis,

380 5765 755 5838 nequidquam
793 5761 908 5832 ipsa
946 5776 1183 5833 operaus
1230 5770 1285 5817 et
1349 5773 1625 5834 satagens,
1676 5765 1806 5821 dum
1857 5782 1953 5821 co-

384 5871 546 5918 natus
584 5857 734 5915 illius
759 5871 951 5939 omnes
985 5859 1358 5915 membrorum
1392 5858 1711 5931 reipublicae
1759 5862 1948 5931 praci-

1635 362 1960 426 GEORGII
1998 367 2484 437 PACHYMERJE

418 465 584 567 [:GGL‘:
617 447 699 566 οἷς
736 453 981 529 ἀπῄτουν
1010 461 1488 537 ἑξικανωσάμενον
1525 479 1835 547 συμμαχεῖν
1874 478 1998 532 πεί·
2025 487 2071 542 Α
2099 484 2459 546 ἀναπαλαίειν
2487 491 2587 562 τὴν
2631 487 2805 565 ἦτταν
2854 495 3202 567 αίρούμενος.
3234 498 3310 553 Οὐ

3569 388 3664 451 600

3356 498 3470 570 γὰρ
3526 504 3666 573 ἰσχὺς

2104 576 2440 636 ἐπιλελοίπει
2476 587 2540 655 τῇ
2572 584 2844 659 βασιλείᾳ,
2875 588 3013 642 ἀλλὰ
3043 589 3102 643 τὸ
3132 592 3231 661 τῆς
3261 593 3440 664 ἀρχῆς
3474 595 3666 650 τέλειον

2100 665 2195 739 ἦν,
2228 671 2332 727 κᾶν
2381 675 2641 743 ἠσθένουν
2685 680 2754 732 τὰ
2799 680 3004 748 ὄργανα
3041 682 3136 735 καὶ
3177 683 3391 746 ἀτελεῖς
3426 688 3481 739 αἱ
3525 685 3668 755 λόγον

2103 762 2324 832 ἔχουσαι
2354 765 2607 836 σώματος
2635 771 3029 838 στρατιωτικαὶ
3071 772 3350 843 δυνάμεις,
3392 775 3492 845 τῆς
3531 776 3669 846 βασι-

2102 854 2251 918 λείας
2276 857 2434 926 λόγον
2483 859 2715 930 ἐχούσης
2742 861 2941 934 ψυχῆς,
2973 864 3072 934 τῆς
3116 865 3559 939 ὲπεισπεσούσης
3585 868 3667 921 αὐ-

2100 950 2221 1011 ταίς
2246 949 2459 1014 ἐνδείας
2507 952 2821 1022 ἐφαίνοντο·
2858 955 2988 1025 παρ’
3039 956 3105 1027 ἣν
3139 957 3320 1011 αἰτίαν
3369 959 3466 1011 καὶ
3503 977 3666 1028 mp:-

2101 1043 2331 1113 φέροντο
2367 1045 2475 1097 κάκ
2502 1046 2702 1115 μικρᾶς
2724 1048 2993 1116 κινήσεως
3016 1043 3163 1117 εἶχον
3191 1049 3509 1116 σφαδάζειν.
3538 1055 3666 1105 κατά

2098 1131 2258 1200 λόγον
2318 1135 2553 1202 νεογνῶν
2597 1136 2777 1201 ζώων,
2825 1136 2864 1191 ἃ.
2910 1138 2975 1209 δὴ
3012 1138 3224 1201 τελείας
3264 1139 3436 1211 οὔσης
3475 1143 3580 1210 τῆς
3619 1145 3667 1196 ἐν

2099 1226 2287 1288 αὐτοῖς
2334 1226 2516 1297 ψυχῆς
2558 1228 2723 1296 ἀτελῆ
2770 1229 2842 1282 τά
2896 1230 3105 1300 δργανα
3140 1232 3377 1303 φέροντα
3437 1233 3540 1299 τὴν
3580 1235 3665 1304 μὲν

2098 1317 2312 1385 κίνησιν
2368 1318 2584 1381 πάντως
2632 1318 2929 1375 ἐνδεικνῦσι
2983 1324 3078 1376 καὶ
3107 1323 3208 1393 τὴν
3256 1325 3352 1378 τοῦ
3400 1325 3666 1391 κινοῦντος

2097 1406 2383 1476 ἐνέργειαν
2412 1409 2828 1478 παριστάνουσι.
2857 1411 2927 1465 τὰ
2948 1413 3005 1466 δὲ
3030 1414 3253 1478 είκαίως
3277 1417 3371 1468 καὶ
3392 1416 3469 1480 ὡς
3492 1416 3663 1488 ἔχουσι

2097 1500 2356 1571 φέρονται
2401 1503 2497 1556 καὶ
2545 1504 2998 1577 παραϐολώτερον
3051 1506 3293 1579 ᾄττουσι.
3339 1510 3449 1563 Καὶ
3503 1512 3664 1567 ταῦτα

2096 1596 2204 1647 εἱσι
2236 1593 2304 1647 τὰ
2338 1594 2609 1665 λεγόμενα
2657 1599 2905 1665 παίγνια,
2956 1597 3139 1671 ψυχῆς
3171 1602 3387 1665 τελείας
3424 1603 3663 1672 ἐνέργεια

2095 1683 2154 1737 ἐν
2181 1684 2244 1737 οὐ
2275 1684 2500 1748 τελείοις
2525 1688 2644 1750 τοϊς
2675 1688 2915 1741 σκεύεσι.

2095 1791 2199 1849 λα’.
2230 1794 2571 1871 Δημηγορζα
2598 1799 2705 1871 τοῦ
2733 1799 3042 1867 ,βασιλέως
3072 1802 3202 1871 περὶ
3236 1802 3346 1871 τῆς
3378 1804 3485 1859 τοῦ
3516 1806 3659 1862 λαοῦ

2490 1868 2746 1936 ἀταξίας
2771 1872 2870 1924 καὶ
2899 1873 3033 1938 περὶ
3064 1868 3279 1942 ὄρᾶιων.

2161 1955 2253 2028 Τῷ
2281 1975 2366 2013 τοι
2406 1960 2504 2013 καὶ
2534 1962 2751 2031 πρῶτον
2782 1964 2917 2026 τέως
2945 1967 3124 2034 ὁρμὴν
3163 1967 3291 2024 ἰδὼν
3321 1968 3655 2022 ἀτακτηῦσαν

2089 2047 2223 2102 λαοῦ
2282 2053 2362 2116 είς
2408 2047 2812 2125 νε⁶ωτερισμοὺς
2859 2057 3302 2130 ὲξεγειρομένην,
3335 2062 3403 2132 ἦν
3450 2079 3537 2125 τις
3575 2066 3660 2115 καὶ

2088 2140 2353 2215 ἀμηγέπη
2391 2151 2746 2217 παρακινοίη,
2773 2150 2985 2217 είσάγει
3019 2152 3119 2221 μὲν
3150 2153 3245 2206 καὶ
3276 2148 3660 2223 στρατιωτικὸν

2092 2334 2330 2391 puorum
2391 2323 2646 2382 debilitas
2709 2336 2764 2382 et
2828 2328 3071 2386 deiectus
3135 2330 3403 2388 reddebat
3458 2333 3656 2389 irritos.

2091 2412 2358 2472 Debilitas
2384 2427 2565 2473 autem
2600 2423 2893 2491 apparebat
2923 2424 3052 2485 ista.
3104 2425 3194 2480 ubi
3227 2441 3586 2484 commovere
3610 2444 3658 2483 se
3736 2500 3738 2515 Ι

2092 2503 2434 2577 inciperent:
2469 2509 2657 2566 statim
2716 2514 2860 2568 enim
2913 2516 3056 2572 sicut
3108 2517 3439 2575 animalcula
3491 2524 3657 2578 atatis

2091 2603 2315 2665 tenera,
2348 2616 2599 2671 gressum
2640 2613 2768 2661 ante
2801 2604 2967 2678 δάε
2997 2608 3140 2664 vires
3168 2610 3348 2665 moliri
3385 2613 3654 2679 audentia,

2090 2692 2477 2748 concidebant.
2514 2696 2692 2767 Atque
2724 2707 2783 2753 ut
2838 2700 2891 2754 in
2939 2701 3090 2758 hisce
3120 2719 3315 2760 recens
3364 2709 3512 2764 natis
3546 2710 3654 2765 ani.
3736 2690 3738 2709 Ι

2092 2787 2371 2843 ulantibus
2416 2805 2484 2845 ex
2522 2802 2669 2847 motu
2700 2794 3072 2866 qualicunque
3105 2799 3198 2854 illo
3240 2802 3521 2858 imbecillo
3571 2819 3645 2858 ar.
3736 2804 3738 2821 '

2090 2891 2409 2947 gumeutum
2438 2885 2662 2952 quidem
2688 2895 2897 2942 certum
2927 2892 3162 2967 sumitur
3184 2893 3375 2949 indita:
3426 2895 3562 2965 ipsis
3606 2907 3652 2953 et

2091 2972 2309 3038 penitus
2338 2973 2629 3032 insidentis
2662 2981 2880 3047 animae,
2920 2984 3038 3039 suis
3099 2988 3341 3053 praeditas
3383 2988 3651 3044 facultati-
3736 3030 3738 3039 .

2090 3063 2213 3129 bus,
2241 3067 2336 3122 sed
2362 3084 2595 3138 quarum
2617 3072 3051 3130 exercendarum
3071 3076 3458 3151 instrumentis
3482 3082 3649 3136 adhuc
3736 3120 3738 3163 λ

2089 3156 2410 3213 destituitur
2460 3161 2532 3217 ob
2583 3161 2785 3219 ﬂuxam
2870 3168 3152 3225 mollitiem
3203 3173 3445 3228 nondum
3495 3178 3648 3230 robo-

2088 3261 2337 3306 ratorum
2372 3253 2715 3311 incremento
2753 3258 2942 3314 debito
2978 3269 3224 3327 artuum,
3260 3264 3333 3318 ita
3393 3267 3650 3337 intellige-
3736 3262 3738 3305 ε

2084 3341 2284 3400 bamus
2314 3360 2416 3400 nos
2439 3362 2573 3403 sane
2594 3363 2658 3402 ex
2693 3358 2840 3405 motu
2866 3359 3104 3423 actuque
3131 3355 3371 3411 in'varia
3398 3359 3643 3416 micatis

2082 3449 2280 3490 exorsa
2325 3436 2594 3507 principis
2621 3439 2856 3497 subesse
2885 3444 3076 3514 utique
3109 3446 3366 3515 spiritum
3391 3450 3640 3519 imperio:

2081 3537 2341 3583 caeterum
2395 3532 2752 3590 exsecutione
2818 3543 2967 3591 recte
3028 3540 3474 3609 pmscriptorum
3524 3545 3645 3600 vitio

2081 3619 2320 3676 invalide
2352 3622 2773 3693 obsequentium
2816 3639 3075 3697 corrupta
3140 3629 3539 3699 ministrorum,
3567 3648 3646 3688 res

2079 3728 2293 3768 summa
2358 3715 2726 3773 nihilominus
2774 3719 2830 3774 in
2865 3720 3134 3792 praecipiti
3183 3725 3481 3793 pendebat,
3518 3728 3644 3784 nihil
3736 3758 3738 3763 -

2077 3804 2319 3860 eﬂicaeis
2355 3807 2587 3864 remedii
2618 3809 2778 3864 malis
2810 3811 3108 3866 adhibente
3139 3816 3380 3883 publicis
3436 3819 3528 3873 illa
3577 3822 3644 3875 in-
3736 3838 3738 3889 ;

2077 3896 2233 3952 ﬁrma
2313 3900 2470 3966 quasi
2552 3900 2909 3971 palpitatione
2982 3908 3262 3962 enervium
3345 3911 3642 3981 reipublic:

2078 3990 2480 4055 membrorum,
2514 4009 2635 4062 qua:
2671 3994 2766 4050 illo
2802 3996 3071 4054 titubante
3119 4000 3465 4069 lapsabunde
3496 4014 3636 4060 motu
3736 4048 3738 4077 ί

2075 4098 2327 4151 gressum
2353 4085 2638 4141 molientis
2670 4089 2910 4159 singulis
2939 4093 3100 4162 quasi
3146 4095 3491 4153 oﬂ‘ensabant
3525 4115 3639 4170 pas-

2074 4174 2253 4239 sibus.
2307 4178 2556 4248 nihilque
2615 4181 2721 4236 nisi
2791 4183 2963 4239 risum
3023 4186 3278 4245 hostibus
3325 4194 3637 4259 movebant;

2073 4270 2280 4338 quippe
2355 4272 2784 4329 cursitationum
2867 4287 2963 4331 aut
3031 4278 3443 4339 aﬂectationum
3510 4269 3640 4341 serio

2073 4361 2273 4429 agendi
2317 4371 2651 4422 tentatarum
2685 4382 2712 4419 a
2753 4370 2997 4437 parvulis
3046 4373 3248 4429 similia
3280 4392 3469 4431 earum
3516 4395 3637 4448 quas

2076 4456 2287 4524 paegnia
2313 4456 2572 4524 dicimus.
2607 4459 2713 4515 hoc
2741 4470 2827 4517 est
2867 4463 3082 4523 ludicra
3125 4469 3386 4535 puerilia,
3438 4482 3637 4540 specta-

2078 4550 2201 4604 cula
2231 4550 2319 4605 sui
2349 4551 2593 4607 ludibrio
2639 4553 2815 4611 visum
2868 4557 3222 4627 oblectantia,
3256 4563 3384 4617 dum
3440 4565 3632 4631 incepta
3736 4550 3738 4613 ῗ

2079 4658 2218 4697 vana
2246 4643 2528 4706 exhibent.
2570 4660 2671 4699 nec
2723 4647 3026 4717 quidquam
3070 4654 3387 4725 'satagentis
3436 4657 3632 4729 Operari
3736 4700 3738 4725 ξ

2078 4735 2277 4791 animae
2306 4735 2563 4807 perfectae
2593 4737 2646 4792 in
2675 4740 2897 4809 organis
2940 4743 3295 4813 imperfectis.
3736 4734 3738 4741 l

2075 4852 2164 4908 51.
2204 4851 2398 4908 Concio
2455 4853 2795 4925 imperatoris
2850 4854 2916 4909 de
2955 4858 3137 4925 populi
3192 4878 3307 4917 sese
3354 4866 3630 4920 inordinate

2146 4922 2515 5003 commoverat}
2535 4922 3140 5006 .t'mmodestliat'deqtte
3169 4933 3274 5001 ﬁde
3309 4936 3364 4989 in
3393 4939 3627 5006 prim-ipes

2149 5009 2278 5048 novo
2306 4993 2493 5047 civium
2515 4993 2871 5061 jurejurando
2902 4993 3143 5066 ﬁrmata.

2147 5103 2292 5155 Ante
2358 5101 2540 5154 omnia
2581 5104 2934 5172 conspicatus
2992 5108 3296 5179 imperator
3356 5119 3621 5173 excitatum

2073 5194 2130 5248 in
2168 5192 2419 5249 ρπτωηεε
2462 5207 2635 5248 ausus
2669 5195 2927 5265 impetum
2967 5204 3174 5272 populi,
3208 5206 3290 5262 sic
3349 5219 3459 5265 tum
3496 5226 3621 5265 com-

2070 5297 2245 5365 parati
2282 5302 2365 5359 ut,
2417 5295 2669 5365 quisquis
2701 5297 2755 5350 iu
2811 5312 3041 5367 pravum
3097 5309 3296 5357 auctor
3328 5304 3616 5373 impelleret,

2068 5389 2363 5444 additurus
2396 5404 2463 5444 eo
2492 5404 2616 5445 sese
2646 5389 2786 5442 haud
2818 5391 3152 5447 reluctanter
3180 5395 3476 5459 videretur,
3498 5410 3614 5463 pra-

2040 5470 2347 5538 °vertendis
2384 5483 2729 5537 novitatibus
2754 5494 3125 5553 opportunum
3166 5487 3433 5557 judicavit
3488 5488 3611 5541 mili-

2067 5587 2216 5630 tares
2244 5576 2434 5649 copias
2494 5575 2547 5629 in
2609 5576 2796 5631 urbem
2838 5578 3120 5634 inducere.
3180 5578 3288 5634 Sed
3338 5591 3393 5635 et
3443 5590 3611 5651 praeter

2065 5670 2214 5725 istud
2241 5672 2400 5741 quasi
2438 5669 2668 5726 frenum
2713 5671 2939 5740 plebeiae
2970 5672 3205 5727 inditum
3259 5674 3604 5733 contumaciae,

2063 5765 2329 5820 Kalendis
2376 5765 2513 5835 ipsis
2569 5762 2741 5827 Junii,
2801 5780 2922 5831 quae
2980 5775 3201 5835 postera
3261 5768 3430 5823 illuxit
3452 5767 3601 5822 diesa

2057 5856 2339 5914 debellatis
2376 5871 2472 5928 per
2499 5854 2821 5915 Genuenses
2852 5855 3237 5928 Aruogabaris,
3277 5858 3457 5929 primis
3485 5871 3595 5913 con-
