3848 6586
187 400 274 464 θυι
1113 399 1208 458 DE
1249 401 1701 461 ANDRONICO
1738 403 2199 468 PALIEOLOGO
2238 409 2382 469 LIB.
2426 407 2526 471 VI.

3319 399 3429 461 εἶιλὲ

189 513 257 572 είς
282 524 393 562 τινα
431 506 590 577 δῆθεν
623 506 949 579 ἁναστολὴν,
986 508 1136 580 ὅμως
1177 511 1234 565 δὲ
1283 507 1377 564 καὶ
1411 511 1742 581 Μαιμακτη-
1768 518 1816 573 Λ
1845 516 2071 583 ἀταξῐαν
2119 520 2490 591 ἀνείργοντας,
2520 517 2647 572 καθ’
2675 518 2741 590 ἢν
2783 514 2968 571 πολλοὶ
3012 513 3316 585 δυσχερῶς,
3347 515 3425 578 ὼς

191 603 360 675 ριῶνος
389 599 576 672 πρώτη
630 600 691 653 τὸ
733 599 1015 669 πρωτεῦον
1065 600 1165 671 τῆς
1231 603 1507 666 πολιτείας
1575 621 1738 674 συνη-

191 691 394 766 θροικὼς
421 694 636 762 μακρὰν
664 694 946 748 κατέτεινε
979 695 1348 767 δημηγορίαν,
1373 698 1441 750 τὰ
1472 698 1601 768 περὶ
1628 698 1737 750 τῶν

189 786 485 841 Κατελάνων
526 784 992 855 ἀπολογούμενος,
1044 788 1146 842 καὶ
1192 787 1268 852 ὡς
1300 786 1738 860 ὲξησθενηκυιῶν

185 881 279 933 τῶν
304 879 618 948 Ῥωμαῖκῶν
635 881 923 949 δυνάμεων
950 882 1134 950 ξένους
1161 881 1553 939 ἀνακαλεῖσθαι
1569 884 1742 952 ἀναγ-

186 972 389 1043 κασθείη
431 972 590 1028 τοῦτο
642 974 744 1044 μὲν
806 975 1086 1039 Ἀλανοὺς.
1137 975 1297 1029 τοῦτο
1353 977 1409 1030 δὲ
1476 977 1737 1041 Ἰταλοὺς,

185 1064 360 1127 καὶὼς
404 1065 523 1117 οὐδὲ
561 1066 723 1136 μόνος
772 1068 866 1123 καὶ
909 1067 1128 1138 πρῶτος
1172 1069 1281 1121 τῶν
1318 1068 1484 1134 ξένων
1531 1069 1740 1135 δέξαιτό

183 1175 289 1210 τινα
312 1157 399 1209 καὶ
425 1158 734 1229 τιμήσειεν,
759 1159 895 1213 ἀλλὰ
920 1160 1011 1212 καὶ
1049 1161 1301 1231 Ἰωάννης
1324 1162 1351 1212 ὁ
1374 1159 1583 1224 Δούκας
1609 1161 1743 1213 Γου-

186 1248 378 1317 λίελμόν
416 1266 537 1302 τινα
586 1251 1035 1322 προσλαϐόμενος
1087 1252 1174 1305 ἐπ’
1209 1252 1388 1317 ἀξίαις
1444 1252 1566 1305 ’ἔσται
1606 1251 1741 1306 Ῥω-

188 1341 406 1410 μαῖκαῖς,
454 1342 551 1393 καὶ
598 1343 625 1395 ὁ
650 1339 742 1415 [Ρ.
770 1342 898 1415 380]
941 1342 1124 1415 πατὴρ
1159 1343 1327 1397 αὐτοῦ
1380 1344 1471 1398 τὸν
1511 1343 1741 1414 Ἰκάριον

183 1429 252 1499 τῷ
277 1430 713 1504 μεγαλοδουκικῷ
743 1434 1041 1507 τετίμηκεν
1070 1434 1368 1505 ἀξιώματι,
1400 1436 1497 1488 καὶ
1525 1436 1601 1498 ὡς
1628 1435 1739 1488 οὐδ’

185 1522 324 1584 αὐτὸς
350 1523 532 1592 ἀνίησι
588 1524 836 1578 σπεύδων
866 1526 960 1578 ἐπὶ
988 1526 1065 1596 τῷ
1098 1526 1207 1589 σῶς
1234 1520 1375 1581 εἶναι
1416 1525 1739 1597 Ῥωμαίους,

183 1615 224 1666 εἰ
260 1613 346 1667 καὶ
375 1614 519 1668 θεῖον
564 1618 780 1686 μήνιμα
836 1619 934 1681 τὰς
983 1619 1164 1688 ἡμῶν,
1225 1619 1410 1689 φησὶν,
1464 1619 1741 1689 ἁμαρτίας

186 1708 506 1780 μετέρχεται,
547 1712 644 1764 καὶ
678 1712 754 1776 ὡς
780 1713 1064 1783 ἡγεμόνων
1093 1714 1162 1767 τὰ
1192 1714 1423 1768 πλεῖστα
1475 1715 1741 1783 κακότητι

184 1804 520 1873 παραπόλωλε
552 1807 622 1860 τὰ
657 1808 831 1862 πολλὰ
877 1810 1244 1880 ἀμελούντων.
1284 1813 1395 1865 Καὶ
1427 1812 1573 1865 πόλλ’
1605 1812 1741 1866 ἄττα

186 1898 471 1967 συνυφάνας
518 1901 769 1967 τοιαῦτα,
809 1902 964 1964 τέλος
1009 1901 1099 1971 ἐφ’
1126 1903 1359 1973 ήσυχέας
1407 1903 1505 1973 μὲν
1543 1904 1741 1964 αὐτοὺς

183 1990 365 2056 διάγειν
397 1993 663 2047 ἐπέταττε
711 1995 804 2048 καὶ
837 1998 948 2060 τοῖς
980 1996 1163 2065 ἔργοις
1216 1996 1508 2067 προσέχειν
1537 1996 1639 2050 καὶτ
1667 1995 1742 2068 μὴ

185 2081 662 2154 πολυπραγμονεῖν.
691 2086 877 2151 ἀξίους
911 2088 1072 2157 μόνον
1114 2078 1357 2152 ἑαυτοὺς⁹
1383 2090 1740 2155 καθιστάντας

186 2175 257 2245 ἐφ’
296 2177 411 2231 ὅσον
437 2178 865 2252 δυνατὸν,ἀύτῷ
892 2181 949 2235 δὲ
980 2184 1073 2235 καὶ
1104 2185 1221 2245 τοῖς
1256 2183 1424 2237 αὐτοῦ
1453 2186 1522 2237 τὰ
1563 2184 1744 2254 πράγ-

189 2284 311 2337 ματα
365 2270 782 2342 ἐπιτρέποντας,
814 2273 917 2327 κᾶν
972 2291 1076 2328 που
1117 2276 1212 2329 καὶ
1251 2274 1607 2346 θορυϐηθείη,
1639 2274 1741 2347 τὴν

184 2455 368 2506 vocatis
408 2451 609 2506 civium
656 2452 878 2523 longam
922 2454 1190 2525 explicuit
1233 2455 1564 2519 orationem,
1619 2466 1739 2513 acta

183 2558 288 2598 cum
317 2544 591 2601 Catalenis
637 2560 915 2604 excusans
946 2562 1065 2610 sua,
1098 2548 1600 2619 demonstransque
1659 2549 1743 2604 ul-

185 2638 297 2691 lima
329 2653 387 2693 se
416 2639 670 2693 adactum
702 2642 1056 2707 necessitate,
1082 2641 1154 2697 ob
1189 2642 1445 2699 redactas
1467 2644 1522 2697 in
1554 2651 1741 2698 extre-

186 2743 312 2781 mam
343 2728 714 2787 inﬁrmitatem
754 2731 1036 2788 Romanas
1065 2733 1283 2803 copias,
1344 2744 1491 2790 recte
1520 2750 1586 2790 ac
1613 2751 1742 2806 pru-

181 2817 349 2874 denter
383 2820 706 2892 (utcunque
756 2824 903 2878 bono
966 2824 1199 2879 consilio
1236 2825 1383 2880 haud
1418 2840 1518 2894 par
1561 2826 1742 2884 exitus

182 2913 551 2982 responderit)
607 2922 810 2970 exterae
860 2916 1240 2986 supplementa
1297 2916 1508 2972 militiae
1545 2918 1744 2986 quaesi-

179 3004 328 3070 visse,
366 3008 617 3061 mercede
666 3006 1042 3064 conducendis
1086 3009 1454 3065 auxiliaribus
1501 3011 1739 3081 primum

177 3095 476 3158 Alanorum,
506 3098 708 3153 deinde
728 3099 1019 3154 ltalorum.
1049 3099 1239 3170 Neque
1265 3100 1319 3155 id
1345 3115 1404 3156 se
1433 3101 1609 3154 solum
1644 3110 1740 3154 aut

1842 613 1937 663 καὶ
1969 610 2194 679 ὲαυτοίρς
2242 612 2387 681 ἔχειν
2424 612 2644 674 εἰδέναι,
2675 610 2818 664 κατὰ
2854 608 3142 679 διαφόρους
3197 608 3426 673 καιροὺς

1842 701 2249 774 ἀπηλλάχασιν,
2298 704 2373 766 ὡς
2429 703 2687 773 μεγίστου
2737 700 2980 771 πολέμου
3029 701 3125 768 τῆς
3186 700 3427 760 στάσεως

1841 796 2011 866 οὔσης
2044 796 2144 864 τῆς
2176 798 2234 850 ὲν
2271 799 2392 859 ταῖς
2424 796 2631 860 πόλεσι,
2664 795 2789 848 καθ’
2818 796 2883 865 ἢν
2930 796 3099 849 οὐκ...
3132 793 3223 846 καὶ
3256 808 3430 862 πραγ-

1844 890 2054 960 μάτων.
2098 889 2214 942 ἀλλ’
2262 890 2486 960 εἰρήνης
2518 888 2658 941 εἶναι
2697 890 2791 942 καὶ
2840 886 3093 955 ὁμονοίας
3136 877 3426 958 ζημίαν,ᾖ

1841 981 1912 1034 τὰ
1944 982 2123 1034 πάντα
2173 981 2515 1050 συγχέονται.
2566 980 2654 1043 Ὠς
2677 970 2786 1052 γὰρ
2825 979 2887 1031 τὸ
2925 978 3017 1047 ὑφ’
3050 979 3263 1039 ἑαυτοῖς
3302 976 3425 1040 eget.

1845 1073 2123 1128 πατᾶσθαι
2156 1074 2374 1128 πάντων
2404 1074 2680 1144 χείριστον
2700 1072 2787 1127 διά
2819 1073 2880 1125 τὸ
2909 1072 3168 1126 καθυ.....
3196 1067 3428 1138 σμικρθιν

1842 1167 2194 1224 ἀποστατεῖν,
2227 1164 2342 1217 ἀλλ’
2381 1165 2472 1219 ἀεὶ
2511 1166 2765 1236 παρεῖναι
2797 1164 2888 1216 τὸν
2938 1160 3301 1229 ἐξαπατῶντα
3335 1160 3429 1212 καὶ

1845 1258 2068 1321 πειθοῦς
2115 1259 2384 1328 ἀνάγκαις
2424 1256 2891 1326 δουλαγωγεῖσθαι
2930 1255 3022 1308 τὸν
3071 1252 3430 1322 ἐξαπατώμεο

1845 1370 1957 1417 νον,
2012 1351 2153 1406 οὕτω
2202 1352 2298 1406 καὶ
2345 1353 2408 1405 τὸ
2452 1350 2543 1421 ὑφ’
2596 1352 2810 1414 ἑαυτοῖς
2863 1349 3220 1419 πολεμεῖσθαι
3274 1348 3430 1420 πόλιν

1844 1444 2165 1515 δεινότερον,
2202 1444 2277 1508 ὡς
2313 1444 2462 1507 ἐντὸς
2490 1443 2602 1496 τῶν
2646 1440 3092 1510 ὑπεκκαυμάτων
3122 1439 3310 1503 ὄντων,
3350 1440 3431 1502 είς

1849 1537 2027 1609 βιαίας
2061 1540 2258 1609 ἕτοιμα
2291 1537 2495 1602 κακίας
2542 1536 2758 1606 ἄναψιν.
2810 1537 2908 1589 Διά
2952 1535 3122 1588 ταῦτα
3152 1536 3248 1588 καὶ
3301 1533 3431 1601 περὶ

1846 1630 2095 1693 πλείονος
2141 1631 2379 1682 ἐποιεῖτο
2419 1630 2481 1683 τὸ
2513 1630 2613 1699 τῆς
2648 1630 2859 1692 πόλεως
2910 1627 3296 1690 ἀστασίαστον,
3338 1626 3431 1678 καὶ

1849 1720 2054 1790 μᾶλλον
2096 1721 2152 1773 ἐν
2181 1720 2413 1791 τοιούτῳ
2454 1720 2633 1791 καιρῷ
2663 1720 2788 1773 καθ’
2812 1720 2871 1773 δν
2900 1720 3011 1776 τῶν
3042 1719 3199 1783 ἐκτὸς
3231 1720 3430 1789 ἀνεγη-

1772 1860 1816 1915 B
1845 1810 2134 1882 γερμένων
2175 1811 2235 1878 ἐξ
2285 1810 2588 1879 ἀναγκαίου
2630 1815 2725 1864 καὶ
2748 1811 2809 1864 τὸ
2854 1810 3006 1875 ὲντδς
3041 1808 3435 1880 συγκραδαίνε-

1849 1903 1997 1957 σθαι.
2042 1903 2205 1955 Ὥστε
2232 1904 2326 1955 καὶ
2352 1902 2582 1972 ὁρᾶσθαι
2611 1904 2752 1973 σφᾶς
2778 1902 3261 1971 ἀνεγηγερμένους
3284 1898 3435 1968 πρῶ-

1845 2012 1939 2048 τον
1972 1994 2071 2065 μὲν
2104 1994 2213 2047 τῶν
2243 1993 2650 2063 ξυμϐαινόντων
2688 1992 2849 2065 χάριν
2879 1994 2944 2045 ὲκ
2973 1991 3075 2060 τῆς
3105 1989 3434 2049 στασιώδους

1846 2086 2098 2156 ταραχῆς
2122 2084 2361 2155 ἐκείνης,
2399 2084 2475 2147 ὡς
2510 2084 3090 2156 πορακινησειομένων
3116 2084 3179 2136 ἐκ
3221 2081 3320 2150 τῆς
3343 2098 3437 2133 τυ-

1849 2179 2055 2250 χούσης
2098 2178 2446 2249 προφάσεως.
2484 2179 2884 2250 στρατιωτικὰς
2940 2177 3131 2246 εἰσῆγε
3176 2176 3436 2244 δυνάμεις

1846 2270 1972 2326 κατ’
2026 2270 2428 2341 ἀναχαιτισμὺν
2476 2270 2584 2324 τῶν
2639 2269 3110 2342 προσδοκωμένων
3163 2268 3433 2339 θορύϐων.

1845 2469 2139 2529 promptus
2169 2454 2457 2527 adjutores
2515 2456 2761 2511 habituri
2810 2470 2952 2526 quos
3001 2453 3066 2509 ad
3121 2453 3227 2509 hoc
3258 2454 3432 2524 ipsum

1850 2552 2259 2610 introduxisset
2287 2552 2338 2605 in
2375 2550 2563 2605 urbem
2595 2550 2818 2604 milites.
2880 2545 3085 2603 Horum
3141 2561 3246 2616 ope
3300 2545 3435 2599 ﬁdes

1847 2646 2097 2719 ipsorum
2141 2645 2404 2699 roborata
2438 2657 2715 2714 magnam,
2770 2641 2817 2695 si
2866 2649 3134 2708 quantum
3172 2654 3273 2709 par
3318 2650 3435 2693 erat

1847 2738 2221 2799 anniteretur,
2257 2752 2287 2789 a
2319 2734 2541 2789 civitate
2584 2732 2955 2787 calamitatem
3007 2739 3305 2792 averteret,
3348 2745 3437 2781 se-

1847 2831 2139 2895 ditionem,
2167 2846 2273 2897 qua
2324 2829 2530 2884 multos
2561 2824 2798 2882 diversis
2847 2824 3194 2894 temporibus
3225 2823 3280 2877 in
3312 2837 3433 2877 ma-

1844 2924 2023 2979 lorum
2063 2931 2311 2977 extrema
2343 2921 2632 2975 devenisse
2662 2918 2895 2990 populos
2924 2916 3121 2987 partim
3154 2916 3257 2985 ipsi
3305 2930 3420 2969 me-

1846 3017 2183 3080 minissent,
2239 3014 2436 3086 partim
2488 3011 2695 3066 indicio
2747 3009 3025 3064 annalium
3078 3023 3108 3062 θ
3168 3007 3435 3062 memoria

1846 3106 2017 3162 veteri
2042 3111 2270 3175 possent
2314 3088 2587 3172 repetere.
2627 3101 2718 3156 Sic
2745 3115 2877 3156 sane
2906 3099 3193 3164 haberent,
3220 3097 3429 3151 nullam

179 3188 391 3255 primum
416 3186 636 3254 fecisse,
689 3204 815 3244 cum
843 3199 899 3245 et
923 3189 1167 3246 Joannes
1197 3191 1374 3247 Ducas
1407 3190 1738 3247 Gulielmum
1769 3209 1813 3267 ο
1846 3196 2204 3270 quantumvis
2234 3193 2450 3251 cruenti
2478 3198 2533 3247 et
2563 3190 2899 3247 internecini
2936 3187 3111 3243 exteri
3141 3187 3269 3243 belli
3311 3197 3433 3240 tan-

179 3280 448 3348 quemdam
476 3296 539 3337 ex
572 3281 779 3337 exteris
810 3292 1155 3351 assumptum
1190 3282 1449 3352 Romanae
1484 3283 1622 3339 aula:
1654 3284 1739 3338 di-

178 3371 457 3440 gnitatibus
489 3373 797 3441 ornaverit,
826 3380 881 3427 et
914 3373 1209 3428 recentiori
1258 3373 1527 3429 memoria
1582 3381 1741 3442 pater

180 3476 300 3515 suus
325 3462 553 3518 Michael
584 3460 819 3517 Icarium
854 3464 1038 3533 magni
1067 3463 1228 3520 ducis
1254 3463 1543 3534 splendido
1581 3465 1743 3519 titulo

180 3553 324 3626 547
355 3557 827 3611 cohonestaverit.
894 3556 1039 3612 Sane
1067 3558 1215 3613 nulla
1252 3559 1309 3614 in
1346 3569 1508 3630 parte
1564 3575 1750 3614 cessa-

179 3655 332 3699 tuma
363 3663 442 3713 se,
479 3663 582 3702 nec
634 3649 935 3718 quidquam
1004 3666 1250 3720 unquam
1311 3652 1746 3721 praetermissum

181 3756 279 3809 quo
306 3742 556 3795 Stt~tiueri
606 3757 770 3811 posse
821 3742 1098 3797 labantem
1139 3745 1544 3815 rempublicam
1596 3745 1750 3799 salu-

181 3841 379 3902 temque
428 3836 613 3905 pepuli
652 3836 915 3891 constitui
954 3852 1081 3907 spes
1109 3838 1510 3909 qualiscunque
1542 3840 1743 3894 suade-

181 3935 269 3983 ret.
294 3927 446 3984 Unde
493 3946 604 3983 non
646 3929 903 3999 imputari
962 3931 1082 4000 ejus
1141 3932 1487 4002 negligentiae
1545 3932 1746 3987 debere

181 4019 351 4073 ruinas
379 4035 499 4089 qua)
533 4030 897 4074 cernerentur
927 4036 1110 4075 rerum
1139 4037 1153 4076 :
1206 4023 1299 4077 sed
1352 4022 1448 4077 ira:
1503 4022 1745 4092 primum

184 4112 361 4167 divina:
390 4122 611 4182 peccata
644 4122 838 4170 nostra
904 4114 1223 4181 ulciscenti,
1271 4125 1458 4184 postea
1516 4116 1748 4186 ignavia:

188 4204 496 4275 incuriaeque
532 4205 916 4283 praefectorum
972 4208 1233 4278 negotiis,
1278 4222 1378 4276 per
1426 4223 1563 4277 quas
1610 4209 1748 4265 satis

187 4308 437 4351 constaret
470 4298 731 4368 pleraque
753 4300 1039 4355 materiam
1097 4300 1319 4369 publico
1373 4302 1544 4356 luctui
1606 4319 1745 4372 prm-

186 4389 344 4445 bentia
377 4391 545 4445 luisse
578 4400 803 4461 accepta
843 4394 1193 4447 detrimenta.
1249 4390 1346 4448 His
1387 4392 1482 4447 ubi
1537 4391 1740 4448 similia

190 4484 332 4538 multa
356 4483 670 4549 subtexuit,
698 4482 920 4537 tandem
959 4498 1025 4537 eo
1057 4482 1280 4552 collegit
1310 4499 1582 4539 summam
1617 4499 1745 4537 ora-

189 4576 363 4640 tionis,
428 4584 491 4630 ut
551 4590 887 4646 magnopere
949 4577 1169 4630 cunctis
1227 4576 1555 4646 praeciperet
1603 4584 1742 4631 testu

188 4671 471 4729 animorum
503 4684 827 4739 compresso
851 4669 1162 4738 quiescere,
1204 4670 1602 4739 attendereque
1624 4670 1743 4726 suis

191 4775 431 4833 quemque
468 4761 794 4818 domesticis
835 4761 1018 4824 rebus,
1046 4776 1146 4816 nec
1184 4770 1394 4817 temere
1425 4776 1486 4817 se
1534 4763 1590 4816 in
1643 4778 1743 4816 cu-

192 4866 279 4907 ram
318 4854 522 4924 publici
554 4853 838 4922 regiminis
874 4852 1144 4922 ingerere.
1174 4851 1413 4907 Tantum
1457 4869 1557 4925 pro
1587 4852 1740 4908 virili

195 4944 252 5000 sic
276 4950 457 5004 vivere
511 4955 797 5011 curarent,
841 4958 901 5001 ut
952 4947 1384 5002 commutatione
1414 4962 1630 5001 morum
1684 4945 1739 5000 in

197 5039 360 5096 melius
390 5042 587 5112 dignos
611 5055 671 5095 se
699 5038 1034 5108 prosperiori
1066 5038 1306 5103 fortuna,
1325 5038 1540 5108 judicio
1562 5039 1753 5093 mode-

196 5134 341 5188 rantis
367 5133 605 5187 humana
635 5132 917 5197 Numinis,
957 5130 1272 5193 redderent,
1304 5130 1408 5185 sibi
1458 5139 1661 5193 autem,
1695 5137 1751 5184 et

198 5222 363 5289 quibus
394 5226 464 5278 ad
513 5222 568 5276 id
609 5222 883 5276 ministris
944 5221 1026 5275 uti
1080 5223 1264 5286 vellet,
1321 5221 1612 5275 arbitrium
1643 5236 1748 5290 pu-

200 5314 321 5371 blicae
351 5321 427 5374 rei
460 5317 833 5387 gubernanda:
869 5317 1246 5383 permitterent
1278 5316 1577 5384 integrum,
1603 5316 1743 5369 nihil

201 5411 379 5466 curiose
444 5410 790 5467 sciscitando
841 5426 1006 5479 super
1062 5409 1310 5465 consiliis
1342 5419 1611 5472 actorum,
1651 5417 1745 5462 aut

204 5500 316 5558 circa
348 5504 721 5560 successusin
766 5503 1011 5558 futurum
1039 5503 1282 5556 incertos
1327 5501 1480 5556 inani
1531 5500 1745 5555 divina-

204 5592 317 5653 tione
341 5598 729 5654 conllictando.
755 5596 942 5664 Neque
966 5597 1019 5651 in
1047 5596 1149 5652 ista
1177 5612 1237 5651 se
1266 5597 1504 5666 quisque
1540 5593 1741 5647 viritim

204 5690 447 5746 continere
508 5691 777 5746 modestia
833 5689 969 5744 satis
1024 5688 1320 5743 haberent:
1362 5701 1552 5741 verum
1604 5684 1743 5740 etsi

208 5792 313 5846 quos
340 5785 550 5838 initium
580 5783 953 5838 tumultuandi
999 5780 1181 5836 facere
1207 5788 1522 5841 cernerent,
1553 5788 1743 5832 contra

210 5879 354 5935 statim
417 5880 752 5952 iusurgcntlo
806 5880 1065 5937 cohibere
1112 5885 1494 5943 conarentur,
1556 5874 1612 5931 in
1678 5889 1744 5929 co

1845 3290 1955 3344 tam
1989 3304 2112 3344 esse
2139 3287 2466 3359 perniciem,
2491 3299 2612 3353 quae
2638 3282 2857 3339 damnis
2883 3291 2938 3338 et
2963 3281 3155 3335 exitiis
3188 3280 3432 3334 civilium

1845 3382 2209 3439 certaminum
2263 3388 2581 3449 comparata
2634 3390 2742 3431 non
2816 3374 3126 3442 reperiatur
3177 3372 3433 3428 tolerabi-

1847 3474 1954 3530 lior
1979 3490 2044 3530 ac
2069 3474 2263 3530 levior.
2285 3473 2579 3542 Nunquam
2599 3470 2745 3525 enim
2780 3467 3059 3524 seditiosis
3084 3465 3435 3522 conﬂictibus

1855 3575 1951 3622 aut
1987 3566 2150 3623 saluti
2189 3564 2472 3620 hominum
2505 3562 2814 3617 consulitur
2840 3570 2931 3615 aut
2958 3559 3142 3614 tutela:
3167 3557 3431 3613 domuum

1854 3676 1920 3718 ac
1953 3676 2165 3725 rerum,
2200 3659 2293 3714 sed
2330 3665 2523 3713 contra
2556 3670 2655 3726 per
2684 3669 2780 3708 eos
2824 3655 2974 3722 pacis
3023 3659 3080 3706 et
3120 3649 3438 3705 consensio-

1855 3754 1940 3809 nis
1971 3751 2173 3816 civilis,
2215 3763 2339 3819 qua)
2382 3755 2511 3801 sunt
2549 3749 2725 3816 prima
2758 3744 3116 3798 fundamenta
3162 3743 3434 3795 bonorum

1855 3846 2125 3908 omnium,
2176 3843 2395 3911 jactura
2458 3838 2806 3909 irreparabili
2871 3837 3016 3890 facta
3069 3836 3326 3889 universa
3382 3833 3437 3887 in

1855 3938 2236 3995 confusionem
2272 3931 2641 3987 miserrimam
2680 3931 2930 3985 veniunt.
2962 3928 3037 3982 Ac
3079 3926 3438 3992 quemadmo-

1857 4032 1988 4087 dum
2018 4027 2407 4098 deceptionum
2441 4038 2503 4078 ea
2562 4023 2724 4093 longe
2776 4021 3022 4075 omnium
3064 4019 3302 4086 pessima
3353 4026 3439 4072 est

1855 4138 1963 4193 qua
1999 4121 2124 4191 quis
2163 4134 2191 4172 a
2224 4133 2283 4173 se
2311 4118 2432 4187 ipso
2459 4113 2754 4184 decipitur,
2791 4120 3014 4182 propter
3048 4110 3244 4164 intime
3274 4120 3463 4176 atque,

1857 4212 2302 4285 inseparabiliter
2326 4208 2607 4264 admotum
2642 4207 2872 4277 decet)to
2904 4204 3251 4273 ἀθεοριοτθτη
3277 4199 3442 4272 548

1854 4318 1910 4365 et
1939 4316 2162 4378 propter
2216 4303 2506 4359 obnoxiam
2561 4300 2774 4370 decepti
2829 4297 3145 4352 facilitatem
3192 4294 3257 4347 ad
3313 4309 3441 4348 suc-

1850 4396 2218 4456 cumbendum
2238 4390 2725 4463 insuspicabilibus
2744 4390 2881 4444 adeo
2903 4388 3054 4441 chari
3072 4402 3135 4439 ac
3156 4384 3435 4453 conjuncti

1852 4491 2171 4561 deceptoris
2204 4487 2515 4551 fraudibus,
2548 4485 2622 4539 ita
2648 4484 2778 4538 belli
2810 4496 2973 4551 supra
3006 4480 3189 4533 omnia
3226 4477 3434 4547 capita-

1852 4585 2124 4641 lissimum
2161 4595 2334 4651 genus
2366 4588 2471 4639 est.
2496 4592 2612 4646 quo
2637 4578 2784 4630 cives
2812 4574 2966 4628 urbis
2997 4574 3164 4627 unius
3200 4570 3436 4624 invicem

1851 4678 2302 4737 committuntur,
2365 4671 2513 4741 quod
2551 4671 2598 4726 is
2651 4668 3022 4745 exardescens
3075 4667 3228 4720 furor
3289 4662 3441 4719 faces

1853 4771 2096 4841 applicet
2126 4773 2318 4838 parato
2356 4765 2507 4819 intus
2546 4772 2602 4817 et
2630 4769 2896 4831 congesto
2932 4758 3131 4822 fomiti,
3178 4756 3325 4811 unde
3357 4756 3444 4809 in-

1854 4862 2118 4919 cendium
2150 4863 2405 4926 erumpat
2459 4855 2720 4911 universa
2771 4860 3259 4922 consumpturum.
3314 4847 3440 4904 Haec

1855 4970 1981 5010 cum
2015 4955 2089 5007 ita
2125 4951 2257 5015 sint,
2286 4964 2396 5019 prae
2425 4946 2683 5003 omnibus
2709 4959 2912 5016 cupere
2965 4959 3025 4998 se
3057 4958 3121 4998 ac
3177 4951 3439 5011 tanquam

1856 5045 2187 5120 nptabilium
2216 5043 2514 5097 maximum
2551 5053 2770 5094 summo
2805 5036 2991 5092 studio
3009 5051 3255 5106 quaerere
3289 5042 3443 5087 tran-

1854 5140 2088 5210 quillum
2146 5135 2392 5191 civitatis
2426 5131 2723 5209 concordis,
2779 5138 3007 5185 statum.
3060 5127 3254 5194 Qualis
3314 5141 3440 5180 cutn

1856 5231 2035 5303 expeti
2068 5243 2287 5295 semper
2320 5226 2540 5290 debeat,
2568 5224 2675 5279 hoc
2712 5223 3022 5293 prresertim
3060 5221 3294 5275 maxime
3339 5236 3441 5273 ne-

1854 5323 2158 5382 cessariqu
2209 5325 2470 5389 appareat
2522 5326 2792 5386 tempere,
2836 5331 2947 5385 quo
2991 5315 3155 5368 rebus
3195 5312 3443 5367 exterius

1858 5416 2098 5474 turbatis
2134 5412 2453 5469 inevitabile
2483 5410 2552 5466 sit
2614 5426 2720 5463 non
2773 5410 2964 5464 urbem
3013 5407 3223 5477 pariter
3262 5405 3435 5473 ipsam

1855 5511 1977 5581 ipso
2000 5509 2209 5565 circum
2260 5505 2505 5574 undique
2561 5501 2918 5556 titubantium
2955 5500 3239 5568 regionum
3288 5506 3439 5548 ttmttt

1859 5619 1922 5658 ac
1953 5599 2189 5669 strepitu
2249 5596 2508 5660 concuti;
2564 5598 2654 5649 cui
2690 5596 2735 5650 si
2796 5600 3035 5648 externae
3083 5586 3439 5659 impressioni

1855 5689 2130 5746 tumultus
2163 5688 2397 5742 interior
2416 5686 2668 5749 accedat,
2697 5685 2873 5756 palam
2900 5682 2969 5736 sit
2997 5690 3193 5735 cuncta
3222 5680 3277 5732 in
3300 5693 3443 5748 prte-

1856 5799 1986 5854 ceps
2022 5778 2463 5837 irrevocabilitcr
2496 5779 2746 5849 lapsura.
2785 5766 2916 5830 Tam
2948 5772 3163 5828 lubrico
3193 5780 3248 5826 et
3275 5770 3435 5825 anci—

1851 5875 1950 5949 piti
1984 5882 2285 5938 momento,
2316 5886 2374 5926 se
2397 5885 2496 5949 pro
2530 5868 2789 5943 vigilandi
2821 5864 3002 5923 oliicio
3035 5864 3089 5918 in
3128 5865 3442 5922 communis
