3848 6550
425 393 534 455 603

1622 404 1942 463 GEORGII
1991 405 2473 470 PACIIl’liEH/li

3575 424 3665 486 θοι

428 510 564 563 Τότε
613 509 711 581 τὴν
750 512 997 567 ἐνταυθοῖ
1032 514 1182 585 σφῶν
1234 515 1491 586 ἀσχολίαν
1537 519 1795 589 περιττὸν
1829 518 2006 582 ἄλλως
2037 524 2076 580 Λ
2110 518 2269 588 λόγον
2295 524 2452 591 ἀφεὶς
2489 522 2813 597 ἐπισυνάγει
2856 532 2916 583 τὸ
2957 533 3292 604 στράτευμα,
3337 533 3431 588 καὶ
3479 542 3675 592 καταλι-

431 600 634 671 κρίνων
666 604 755 657 καὶ
784 604 890 659 τῶν
926 605 1242 673 ἀναγκαίων
1289 608 1602 680 ὑπερόριον,
1636 610 1810 675 ἄλλως
1840 613 2013 681 ἐγνω-

429 691 543 756 κὼς
577 695 978 764 ἀσφαλίσασθαι
1004 698 1104 767 τὴν
1150 699 1429 770 ὁμόνοιαν,
1464 703 1559 756 καὶ
1598 705 1655 771 ἐξ
1688 705 1860 775 αὐτῆς
1888 707 2014 770 τοὺς

430 788 883 858 συνειλεγμένους
933 791 1195 847 ἐπέταττε
1248 799 1439 866 χεῖρας
1505 797 1847 862 ἐπιτιθέντας
1902 803 2015 864 τοῖς

431 878 596 948 ἱεροῖς
624 880 974 948 Εὑαγγελίοις
1001 885 1224 953 ὀμνύειν
1257 882 1292 959 ἧ
1331 889 1439 958 μὴν
1466 890 1650 943 πίστιν
1683 891 1784 961 μὲν
1812 892 2015 959 φυλάτ-

428 987 541 1025 τειν
563 975 643 1036 είς
684 973 941 1044 βασιλεῖς,
966 980 1144 1032 πάντα
1169 980 1224 1033 δὲ
1252 981 1518 1051 διχονοίας
1541 983 1744 1052 τρόπον
1766 985 1859 1037 καὶ
1886 983 2016 1039 erai-

429 1081 568 1127 σεως
600 1066 730 1136 μήτ’
751 1070 947 1133 αὐτοὺς
982 1070 1067 1140 [Ρ.
1102 1072 1232 1144 581]
1258 1075 1522 1144 ἐνεργεῖν,
1546 1076 1770 1140 καὶτοῖς
1810 1079 2013 1145 ἄλλοις,

429 1155 600 1211 εἵπου
626 1161 721 1212 καὶ
753 1160 1056 1232 Θορυϐοἶεν,
1080 1164 1253 1231 δυσὶν,
1283 1167 1310 1220 ὃ
1333 1167 1575 1235 λέγεται,
1618 1170 1808 1238 χερσὶν
1842 1173 2017 1225 ἀντω-

430 1249 564 1303 θεῖν.
596 1251 703 1303 Καί
745 1268 809 1320 γε
836 1256 939 1308 ἀνὰ
969 1255 1069 1325 τὴν
1111 1257 1265 1310 πόλιν
1308 1261 1487 1313 πᾶσαν
1522 1258 1758 1333 [ἀνάγκη
1792 1259 1860 1334 ἦν
1890 1266 2015 1327 τοὺς

429 1347 1005 1419 παρευρισκομένους]
1034 1346 1173 1412 εἶδες
1212 1350 1278 1404 ἂν
1314 1354 1768 1423 παρερχομένους
1802 1356 2015 1425 βασιλι-

428 1437 579 1499 κοὺς,
610 1438 703 1489 καὶ
729 1440 856 1502 τοὺς
882 1444 1423 1512 παρευρισκομένους
1458 1447 1780 1515 ὁμνύοιτας.
1814 1451 1925 1505 Καὶ
1950 1452 2018 1506 τὰ

432 1526 530 1594 μὲν
564 1529 713 1594 ἐντὸς
746 1530 850 1601 τῆς
879 1534 1085 1596 πόλεως
1114 1537 1450 1606 ὲπράττοντο
1478 1538 1629 1609 τῇδε.

429 1641 529 1713 λβ’.
558 1644 699 1714 Περὶ
733 1647 847 1716 τῆς
884 1650 1333 1730 τοῦλβασιλέῳς
1367 1655 1609 1725 Μιχαὴλ
1633 1658 1837 1728 μάχης
1868 1662 2020 1730 πρὸς

1008 1725 1472 1794 Ἀμογαόάρους.

517 1806 577 1860 Ὀ
607 1808 663 1862 δὲ
695 1809 953 1879 βασιλεὺς
1007 1815 1228 1887 Μιχαὴλ
1261 1819 1361 1872 οὐκ
1416 1820 1645 1890 ἠρεμῶν
1683 1816 1752 1893 ἦν
1780 1822 1877 1894 τὴν
1914 1824 2015 1894 μά-

2116 608 2235 664 πὼν
2279 614 2377 681 τὴν
2421 615 2744 685 ὐρεστιάδα
2796 621 2924 691 περὶ
2956 621 3053 691 τὴν
3092 623 3287 694 Ἀπρω
3341 626 3561 696 πλησίον
3589 648 3674 684 κα-

2121 708 2401 771 τασκηνοῑ,
2454 707 2529 770 ὡς
2582 708 2700 781 ἅμα
2750 711 2827 783 ἕῳ
2880 714 3195 784 προσμίξων
3249 719 3365 779 τοῖς
3438 720 3671 784 Ἰταλοῖς·

2119 796 2301 850 ἐκεῖσε
2335 801 2446 869 γὰρ
2471 802 2703 871 πλησίον
2733 806 2828 858 καὶ
2859 808 3008 859 αὐτοὶ
3034 811 3432 880 κατεσκήνουν.
3460 810 3536 883 Τῇ
3562 813 3676 879 γοῦν

2119 885 2379 961 ὑστεραία
2422 893 2825 963 συνταξάμενος
2875 900 3019 952 κατὰ
3056 902 3148 953 τὸν
3196 901 3288 955 τοῦ
3334 904 3506 974 Ἱμέρι
3540 904 3676 973 λεγόο

2120 997 2283 1048 μενον
2336 983 2502 1036 τόπον
2540 986 2798 1051 Ἀλανοὺς
2848 990 2949 1059 μὲν
3002 994 3094 1045 καὶ
3162 993 3598 1063 τουρκοπούλους
3628 1001 3674 1050 ἐν

2118 1074 2452 1145 ἡγουμέναις
2482 1079 2801 1145 συντάξεσιν
2834 1083 2979 1146 ἵστα,
3016 1102 3079 1136 πε
3092 1085 3144 1154 pl.
3166 1087 3259 1139 τὸν
3292 1088 3552 1145 Βοσσΰαν
3574 1091 3679 1144 τοῦ⁴

2117 1181 2246 1229 τους
2280 1168 2625 1238 ποιούμενος,
2660 1173 2961 1244 ἑπομένους
3007 1177 3063 1229 δὲ
3094 1178 3219 1241 τοὺς
3254 1180 3386 1248 περὶ
3408 1180 3499 1233 τὸν
3528 1182 3679 1250 μέγαν

2119 1261 2483 1329 πριμικήριον
2517 1264 2835 1329 Μακεδόνας
2879 1266 3149 1334 διέταττε,
3181 1272 3277 1323 καὶ
3313 1272 3450 1339 μετά
3482 1272 3680 1337 τούτους

2118 1351 2248 1419 περὶ
2302 1352 2393 1405 τὶν
2430 1354 2575 1407 θεῖον
2627 1357 2793 1411 αὐτοῦ
2852 1360 3131 1431 Θεόδωρον
3199 1364 3329 1426 τοὺς
3392 1365 3681 1434 ἀντολξηοεν

2118 1443 2467 1512 ἀπηρκότας,
2498 1447 2558 1499 τὸ
2591 1446 2854 1519 Βλαχικὸν
2895 1452 2951 1505 δὲ
2984 1455 3077 1507 καὶ
3110 1456 3235 1510 ὅσον
3268 1455 3397 1510 ἄλλο
3449 1459 3511 1511 ὲκ
3541 1458 3677 1522 θεληο

2124 1535 2410 1606 ματαρίων
2453 1551 2925 1611 συγκροτούμενον
2976 1541 3065 1615 ἦν,
3100 1549 3193 1600 καὶ
3239 1548 3371 1601 αὐτὸ
3409 1551 3545 1603 κατὰ
3570 1550 3677 1620 τρό-

2122 1642 2225 1680 πον
2264 1631 2391 1701 περὶ
2434 1633 2525 1685 τὸν
2558 1635 2732 1703 μέγαν
2764 1637 3155 1710 ἑταιρειάρχην
3191 1641 3589 1710 συνταξάμενος
3605 1643 3681 1695 οὖα

2123 1719 2349 1789 ραγοῦν,
2382 1725 2545 1786 αὐτὸς
2591 1724 2809 1794 σύναμα
2852 1729 2944 1780 καὶ
2990 1731 3391 1802 Κωνσταντίνῳ
3419 1732 3494 1800 τῷ
3538 1733 3682 1785 αὑτα-

2121 1808 2303 1880 δέλφῳ
2329 1829 2388 1865 τε
2414 1815 2510 1867 καὶ
2538 1816 2798 1889 δεσπότῃ.
2831 1820 2925 1885 καὶ
2957 1820 3035 1890 τῷ
3062 1822 3344 1896 πιγκέρνῃ
3366 1823 3680 1894 Σεναχηρεὶμ

432 1915 559 1970 χην,
597 1902 732 1955 ἀλλά
761 1904 942 1959 πάντα
988 1884 1137 1961 λίθον
1185 1884 1374 1977 κινῶν,
1412 1884 1471 1965 τε
1518 1884 1611 1967 τοῦ
1649 1884 2017 1982 nam...“
2048 1884 2093 1941 θ’
2117 1901 2196 1973 τῷ
2231 1903 2513 1976 Ἀγγέλῳ·
2551 1908 2675 1962 οὐδὲ
2698 1884 2808 1980 γᾶρ
2836 1911 2945 1964 οὐδ’
2975 1884 3291 1976 almam
3315 1884 3470 1981 ἆγειν
3498 1918 3678 1986 ᾑρεῖτο.

432 1992 529 2063 τὴν
555 1990 726 2067 ἧτταν
768 1999 1178 2069 ἀνακαλέσηται
1202 2019 1216 2035 ’
1247 2004 1369 2057 οὐδὲ
1398 2007 1507 2075 γὰρ
1552 2007 1792 2076 ὑπέμενε
1827 2010 1886 2063 τὸ
1915 2011 2014 2081 τῆς

432 2084 613 2156 ψυχῆς
656 2088 822 2143 αὑτοῦ
867 2091 1086 2158 εὐγενὲς
1129 2095 1224 2148 καὶ
1275 2097 1519 2167 ἀνδρεῖον
1553 2101 1774 2154 ἀκούειν
1819 2120 1878 2156 τε
1918 2105 2015 2157 καὶ

433 2180 565 2250 ὁρᾷν
596 2179 661 2233 τὰ
700 2182 849 2237 δεινὰ
895 2183 1038 2256 ειπερ
1086 2188 1326 2259 ἔπασχον
1373 2192 1420 2244 οἱ
1470 2192 1700 2248 ὲλεειναὶ
1753 2196 2016 2265 Ῥωμαῖοι

435 2272 541 2325 ὑπὸ
575 2274 680 2326 τῶν
728 2276 1049 2350 αἱμοχαρῶν
1095 2265 1445 2339 Κατελάνων.
1484 2285 1649 2340 Ὅθεν
1697 2286 1794 2341 καὶ
1836 2288 2017 2343 πάντα.

436 2461 633 2517 salutis
665 2464 977 2520 custodiam
1028 2466 1324 2533 intentum,
1359 2485 1483 2526 cum
1537 2473 2020 2531 animadvertisset

436 2554 740 2623 inquietum
768 2561 1133 2627 quorumdam
1180 2574 1371 2618 a-stum
1403 2564 1456 2618 in
1515 2564 1751 2636 impetus
1793 2584 2020 2625 Strmmte

436 2666 620 2705 rerum
672 2654 944 2721 exitiales,
999 2657 1132 2727 quin
1199 2659 1306 2714 levi
1369 2670 1635 2729 przetextu
1680 2675 2017 2732 erumperet,

436 2745 528 2799 vix
571 2760 692 2801 sese
743 2763 905 2817 posse
963 2755 1278 2817 continere,
1341 2754 1663 2809 necessario
1723 2757 2024 2812 advoeasse

439 2853 580 2906 quas
617 2853 905 2896 cernerent
936 2843 1204 2898 militares
1229 2846 1369 2899 intra
1399 2847 1588 2902 urbem
1622 2850 1830 2915 copias,
1864 2851 2026 2908 bouis

437 2932 693 2997 przesidio
723 2933 963 2996 futuras,
993 2936 1207 2992 levibus
1238 2953 1300 2989 ac
1329 2954 1523 3007 parum
1559 2941 1712 2994 sanis
1749 2942 2022 2997 licentiam

437 3036 561 3076 Sese
597 3038 701 3076 una
731 3026 896 3078 simul
934 3043 1056 3081 cum
1088 3030 1343 3085 omnibus
1375 3031 1638 3100 perdendi
1678 3033 2022 3090 friettattlras.

435 3114 570 3168 Boni
600 3120 1130 3191 consulerentquod
1189 3131 1342 3178 esset
1394 3124 1448 3178 in
1482 3141 1774 3180 commune
1818 3129 2027 3181 saluta-

435 3206 574 3262 riter
603 3209 884 3265 decretum
916 3229 930 3278 ;
960 3221 1015 3267 et
1066 3213 1168 3269 hoc
1204 3216 1381 3285 ipsum
1428 3216 1674 3272 indicare
1708 3235 1777 3275 ne
1826 3236 2021 3291 grava-

439 3305 656 3363 rentur,
684 3311 739 3356 et
775 3302 963 3369 fidem,
1017 3321 1179 3374 quam
1242 3325 1369 3377 erga
1422 3311 1697 3381 principes
1751 3314 2018 3383 integram

2118 1996 2237 2050 ἀλλ’
2273 1999 2703 2070 ἀμνριπονεῖσοαι
2740 2005 2868 2073 περὶ
2902 2005 2995 2058 τὸν
3032 2007 3241 2060 ἄνακτα
3271 2008 3368 2061 καί
3409 2012 3457 2062 οἱ
3499 2009 3681 2061 πολυω-

2121 2088 2235 2158 ρεῖν
2264 2088 2363 2159 τὴν
2392 2091 2702 2160 ἀσφάλειαν
2730 2095 2947 2167 ἤθελεν.
2984 2096 3071 2163 ιΡ.
3108 2098 3239 2171 582]
3274 2099 3464 2162 Οὕτως
3503 2102 3679 2161 ἐκεῖνος

2115 2181 2214 2242 τὰς
2245 2182 2528 2249 συντάξεις
2567 2185 2865 2252 ἀποτάξας,
2901 2189 2962 2243 τὸ
3003 2191 3204 2245 οἰκεῖον
3232 2192 3381 2246 ἅπαν
3418 2194 3511 2246 καὶ
3540 2209 3679 2263 μαχι-

2122 2272 2374 2343 μώτατον
2422 2276 2774 2347 προσλαόὼν,
2823 2281 2916 2335 τὸν
2964 2281 3194 2337 ὕστατον
3230 2284 3539 2355 ἀνεπλήρου
3574 2284 3683 2337 σύλ-

2126 2472 2298 2529 prope
2344 2460 2706 2517 tabernacula
2761 2463 3056 2519 habebant.
3092 2465 3372 2521 Postridie
3425 2466 3580 2536 igitur
3614 2465 3684 2519 in-

2128 2561 2345 2607 structo
2380 2569 2709 2624 progressus
2736 2559 2979 2625 agmine,
3014 2559 3103 2613 ubi
3138 2559 3208 2614 ad
3264 2561 3446 2614 locum
3483 2559 3563 2614 cui
3595 2572 3679 2611 no-

2135 2661 2261 2700 men
2302 2656 2387 2701 est
2412 2645 2571 2701 lmeri
2598 2652 2869 2718 pervenit,
2919 2651 3109 2722 copias
3135 2652 3420 2706 ordinavit
3465 2654 3516 2705 in
3563 2650 3683 2703 hunc

2133 2740 2379 2792 modum.
2418 2739 2625 2794 Alanos
2645 2753 2699 2796 et
2723 2742 3068 2813 Turcopulos
3095 2744 3149 2798 in
3182 2745 3372 2799 fronte
3399 2740 3681 2804 constituit.

2122 2830 2263 2886 duce
2299 2832 2429 2911 illis.
2462 2833 2757 2903 [imposito
2788 2832 3022 2892 Bossila.
3057 2836 3186 2891 Post
3237 2837 3342 2890 hos
3386 2833 3680 2890 Macedonas

2123 2925 2439 2987 collocavit,
2506 2928 2710 2995 quibus
2762 2944 3001 2998 magnus
3052 2929 3403 2999 primicerius
3453 2937 3675 2997 pta'erat.

2124 3017 2222 3072 llis
2265 3018 2553 3090 subjunin
2580 3024 2728 3089 ’quos
2761 3022 3023 3076 ductabat
3053 3037 3115 3075 ex
3158 3019 3391 3076 Oriente
3428 3020 3676 3089 profectos

2129 3125 2363 3181 patruus
2399 3114 2573 3183 ipsius
2597 3112 2943 3175 Theodorus.
2976 3111 3236 3168 Ultimum
3273 3116 3328 3167 in
3382 3116 3542 3169 aciem
3566 3114 3679 3166 sub-

2131 3206 2300 3260 movit
2333 3217 2605 3276 quantum
2647 3224 2676 3261 e
2710 3206 2979 3261 Blachico
3022 3222 3225 3276 genere
3273 3206 3685 3273 voluntariisque

2129 3300 2417 3353 collectum
2462 3300 2676 3360 aderat,
2730 3313 2792 3355 ac
2829 3309 3100 3370 quantum
3137 3300 3684 3356 subesse‘consueve-

438 3382 629 3437 animo
661 3384 932 3453 foverent,
968 3390 1213 3458 protiteri
1257 3408 1477 3448 rursum
1506 3396 1774 3460 exterius,
1814 3414 1875 3451 ea
1912 3400 2020 3455 Deo

2130 3400 2213 3445 rat
2240 3408 2436 3453 maan
2464 3392 2859 3458 betteriarchze,
2883 3408 3046 3460 quem
3062 3408 3123 3447 ea
3148 3394 3238 3448 die
3254 3408 3321 3448 cu
3334 3410 3453 3448 rare
3470 3404 3682 3448 extrema

439 3482 580 3529 teste
616 3477 1015 3535 confirmanda.
1064 3480 1167 3538 llic
1205 3485 1421 3555 prolato
1450 3488 1594 3542 sacri
1621 3489 1907 3560 Evangelii
1932 3507 2024 3547 co-

436 3567 581 3632 dice,
619 3570 901 3640 sigillatim
927 3576 1078 3630 citati
1124 3581 1308 3633 cuncti
1370 3581 1462 3650 qui
1517 3580 1767 3648 aderant,
1809 3595 1862 3638 et
1911 3601 2027 3638 ma-

436 3675 567 3713 num
610 3660 893 3732 imponere
925 3677 1057 3722 sunt
1097 3669 1264 3740 jussi,
1299 3682 1492 3729 sancte
1524 3660 1768 3744 jurando
1795 3686 1848 3731 et
1900 3693 2026 3734 sese

437 3756 600 3809 tidem
630 3774 798 3827 quam
834 3762 1097 3818 deberent
1124 3766 1376 3836 Augusto
1405 3768 1632 3840 utrique
1680 3778 2021 3838 servaturos,

436 3858 491 3902 et
524 3850 593 3905 ab
629 3855 780 3907 omni
823 3855 1174 3913 dissensione
1224 3874 1288 3914 ac
1322 3861 1483 3915 turba
1525 3878 1649 3917 cum
1689 3872 2022 3933 temperatu-

436 3955 532 3994 ros
561 3944 737 4013 ipsus,
770 3952 882 3998 tum
916 3948 1074 4012 alios,
1098 3950 1143 4004 si
1168 3951 1259 4019 qui
1301 3950 1441 4005 forte
1472 3952 1770 4007 tumultum
1795 3952 2024 4009 inchoa-

434 4046 580 4096 rent,
612 4045 872 4108 utraque,
905 4043 1054 4109 quod
1086 4044 1265 4107 aiunt,
1301 4060 1467 4099 manu
1509 4044 1856 4116 repulsuros.
1892 4046 2023 4104 Inde

378 4116 395 4136 ⁸
435 4146 463 4179 a
500 4131 764 4188 rtmcione
790 4146 1089 4207 propagata
1130 4154 1226 4207 per
1269 4141 1461 4194 urbem
1506 4141 1799 4198 confestim
1854 4155 2023 4200 totam

432 4222 625 4278 eadem
682 4227 983 4283 renovandi
1020 4228 1318 4297 juramenti
1351 4233 1665 4289 caerimonia
1713 4247 1817 4303 est,
1857 4238 2023 4291 mini-

443 4316 579 4372 stris
622 4321 775 4374 varie
821 4320 1196 4390 imperatoriis
1258 4340 1382 4380 cum
1448 4341 1609 4382 sacro
1662 4328 1717 4383 in
1765 4332 2023 4387 manibus

435 4411 626 4469 codice
679 4416 1063 4480 cursantibus,
1105 4415 1271 4488 549
1302 4426 1358 4472 et
1406 4434 1501 4489 per
1555 4434 1751 4476 omnes
1810 4423 2021 4492 plateas

436 4518 502 4558 ac
563 4505 848 4561 hominum
914 4510 1305 4565 conventicula
1361 4527 1726 4583 quoscunque
1777 4516 2020 4585 reperis-

2128 3484 2221 3539 illa
2257 3485 2311 3539 in
2337 3497 2489 3556 parte
2512 3488 2697 3554 jussit.
2731 3487 2855 3556 ipse
2884 3486 3113 3542 Michael
3136 3487 3272 3541 [ldos
3302 3488 3439 3542 hinc
3465 3487 3579 3540 inde
3602 3487 3678 3538 ha-

2127 3577 2293 3633 bebat
2322 3579 2623 3649 stipatores
2663 3580 3095 3634 Constantinum
3145 3582 3436 3650 despotam
3489 3581 3681 3633 fratrem

2128 3688 2288 3727 suum
2322 3682 2376 3727 et
2429 3673 2924 3727 Sennacherimum
2986 3673 3254 3743 Angelum
3322 3675 3626 3742 pincernam
3668 3685 3680 3723 :

2128 3782 2254 3820 nam
2302 3783 2480 3838 neque
2524 3768 2615 3821 hic
2664 3768 2921 3838 proprios
2961 3767 3167 3822 ducere
3208 3766 3439 3822 ordines
3491 3765 3677 3828 voluit,

2132 3857 2229 3913 sed
2255 3870 2507 3928 satagere
2562 3858 2708 3912 circa
2753 3858 3141 3928 imperatorem
3198 3867 3251 3912 et
3292 3860 3415 3927 ejus
3458 3856 3603 3912 saluti
3631 3866 3683 3906 ac

2132 3953 2419 4006 securitati
2456 3952 2774 4023 prospicere
2800 3953 3015 4005 maluit.
3054 3950 3147 4006 Sic
3195 3951 3428 4007 Ilicbael
3471 3950 3581 4004 acie
3611 3949 3681 4000 in-

2132 4054 2372 4107 structa,
2398 4056 2623 4114 sumpto
2655 4061 2843 4101 secum
2878 4044 3029 4115 quod
3092 4045 3289 4100 habuit
3347 4044 3681 4101 fortissimum

2133 4139 2479 4210 prastorianae
2506 4137 2668 4208 550
2712 4152 2776 4193 ac
2822 4136 3080 4209 palatium
3112 4136 3436 4191 domesticae
3480 4129 3681 4188 militiae.

2131 4229 2496 4285 novissimum
2521 4229 2698 4283 ellecit
2727 4244 2945 4300 agmen.
2966 4232 3025 4284 In
3053 4239 3228 4285 totum
3254 4228 3515 4284 Romanm
3538 4225 3683 4293 copia:

2130 4322 2379 4391 qttinque
2416 4320 2685 4391 majorum
2718 4320 2998 4389 legionum
3039 4335 3335 4386 numerum
3393 4319 3682 4389 explebant,

2129 4414 2573 4469 adversariorum
2606 4421 2789 4469 autem
2828 4414 3100 4469 duntaxat
3158 4426 3420 4481 quatuor,
3475 4428 3680 4482 quarum

2128 4524 2236 4564 una
2278 4507 2570 4563 Persarum
2605 4506 2708 4561 fuit
2752 4526 2767 4563 :
2808 4506 3007 4563 Persas
3044 4506 3193 4561 enim
3226 4507 3477 4562 Catelani
3517 4515 3685 4557 evoca-

435 4603 559 4650 sent
588 4597 655 4650 ad
692 4610 1103 4654 sacramentum
1147 4599 1524 4673 adigentibus.
1579 4602 1709 4662 Haec
1745 4613 1881 4661 tunc
1928 4607 2019 4663 in-
2050 4602 2095 4658 Ι)
2125 4611 2339 4658 verant.
2378 4598 2496 4667 Sub
2546 4599 2662 4654 haec
2725 4598 2839 4653 acri
2912 4602 3217 4653 certamine
3269 4615 3436 4654 manu
3487 4609 3683 4667 quoque

436 4694 520 4740 trs
544 4687 820 4745 civitatem
861 4700 1003 4747 acta.

435 4825 528 4881 32.
565 4824 644 4881 De
669 4841 849 4898 pugna
889 4828 1173 4885 Michaelis
1225 4831 1454 4902 Augusti
1487 4847 1609 4886 cum
1644 4834 2019 4905 Amogabarie.

504 4965 577 5017 At
602 4958 903 5031 imperator
931 4963 1162 5020 Michael
1188 4966 1337 5022 haud
1364 4968 1733 5023 cunctabatur
1761 4969 1815 5025 in
1846 4986 2018 5041 appa-

434 5064 561 5111 ratu
591 5071 793 5126 pugna:
820 5072 986 5125 quam
1014 5058 1247 5112 omnino
1273 5074 1523 5129 pugnare
1544 5061 1894 5120 decreverat,
1924 5064 2020 5118 sed

436 5164 685 5212 omnem,
736 5150 886 5219 quod
915 5150 1028 5206 dici
1067 5151 1230 5219 solet,
1261 5152 1519 5207 movebat
1557 5151 1795 5222 lapidem
1824 5157 1889 5209 ad
1918 5174 2023 5209 uu-

434 5259 624 5314 peram
660 5244 793 5300 belli
848 5243 1212 5301 offensionem
1250 5245 1677 5301 emendandam.
1710 5244 1829 5302 Non
1875 5249 2020 5302 enim

435 5340 757 5396 sustinebat
783 5341 991 5398 nobilis
1014 5343 1135 5409 ejus
1182 5349 1239 5396 et
1283 5339 1446 5395 fortis
1476 5341 1698 5395 animus
1730 5342 1923 5397 audire
1958 5358 2024 5399 ac

435 5433 627 5487 videre.
652 5434 891 5506 injurias
915 5445 1138 5492 atroces
1173 5450 1313 5505 quas
1344 5436 1533 5491 miseri
1573 5434 1805 5489 Romani
1851 5438 2027 5506 patie-

435 5526 643 5583 bantur
666 5545 693 5581 a
721 5530 1104 5599 sanguinariis
1124 5529 1432 5587 Catelanis.
1464 5528 1648 5584 Missis
1683 5529 1868 5599 itaque
1892 5545 2026 5584 cun.

438 5625 546 5679 etis
571 5626 813 5694 querelis
854 5625 1133 5695 minisque
1168 5625 1468 5682 verborum
1523 5624 1671 5695 cogit
1698 5625 2026 5690 exercitum,

438 5724 497 5769 et
527 5716 816 5771 Orestiade
842 5717 1032 5773 relicta
1079 5718 1289 5774 circum
1328 5727 1577 5773 castrum
1614 5719 1762 5787 Apro
1791 5717 2026 5779 dictum,

440 5807 565 5862 loco
600 5807 678 5863 illi
711 5810 983 5878 proximo,
1028 5812 1139 5884 figit
1171 5812 1407 5868 tentorio
1450 5821 1716 5882 tauquam
1778 5808 2025 5864 diluculo

440 5903 843 5962 commissurus
896 5922 1016 5963 cum
1054 5908 1205 5965 italis
1256 5909 1506 5981 przelium
1565 5921 1580 5963 :
1649 5919 1777 5960 nam
1817 5914 1870 5961 et
1918 5902 2025 5974 ipsi

2132 4699 2383 4751 cominus
2415 4703 2689 4757 conserto,
2728 4693 2858 4748 hinc
2887 4694 3113 4764 quidem
3141 4694 3327 4764 Alani,
3360 4697 3487 4751 inde
3518 4703 3678 4747 autem

2131 4784 2427 4857 Turc0puli
2485 4796 2909 4853 concurrentes,
2960 4787 3014 4842 in
3064 4789 3274 4858 primos
3325 4789 3680 4843 (Iatelanorum

2131 4880 2445 4951 impingunt
2477 4879 2725 4947 ordines,
2754 4884 2971 4950 excepti
3005 4882 3074 4936 ab
3104 4881 3190 4934 his
3212 4880 3489 4951 intrepide
3520 4893 3578 4933 ac
3604 4876 3683 4929 llr-

2129 4975 2314 5037 miter,
2367 4974 2543 5028 instar
2586 4975 2758 5029 turris
2791 4973 3050 5029 videlicet
3107 4975 3545 5044 persistentibus,
3597 4982 3681 5023 nec

2131 5069 2495 5136 quantumvis
2522 5065 2731 5121 circum
2762 5066 3100 5121 assultantes
3121 5069 3470 5128 molirentur,
3496 5064 3571 5118 vel
3590 5072 3681 5113 uno

2131 5158 2389 5226 cuiquam
2422 5158 2653 5228 vestigio
2679 5159 3030 5214 cedentibus.
3064 5157 3231 5214 Gravi
3278 5161 3479 5228 quippe
3522 5164 3678 5206 arma-

2131 5258 2253 5303 tura
2294 5251 2530 5318 protecti
2572 5251 2823 5320 undique
2858 5266 3117 5317 corpora,
3148 5266 3276 5306 cum
3310 5251 3426 5304 suis
3466 5245 3560 5317 ipsi
3606 5256 3679 5297 se-

2131 5342 2250 5398 curi
2309 5342 2645 5412 tegminibus
2696 5344 3128 5412 contemnebant
3179 5352 3413 5411 utraque
3445 5355 3506 5393 cx
3543 5343 3678 5405 [mle

2132 5435 2379 5489 immissa
2398 5434 2605 5505 jacula,
2624 5410 2987 5490 tum‘suorum
3011 5438 3288 5505 utrimque
3306 5432 3677 5503 dispositorum

2133 5544 2242 5583 non
2277 5527 2554 5583 deiuturis
2584 5528 2640 5581 in
2678 5536 2921 5597 tempore
2970 5527 3194 5581 auxiliis
3252 5528 3388 5583 satis
3444 5522 3677 5577 lidebant.

2133 5618 2312 5689 Atque
2345 5619 2417 5672 ita
2444 5635 2580 5674 sane
2606 5618 2823 5674 fortiter
2863 5620 3151 5693 obstantes
3188 5621 3479 5675 tuebantur
3502 5616 3675 5668 Inrum.

2131 5714 2404 5768 Caeterum
2462 5713 2556 5782 qui
2615 5723 3021 5783 praecurrerant
3065 5710 3367 5781 Tui-copuli
3401 5718 3454 5766 et
3518 5702 3677 5767 Alani,

2133 5806 2278 5861 haud
2308 5820 2495 5875 parem
2544 5807 2737 5877 prima:
2793 5806 2868 5860 illi
2914 5807 3187 5863 alacritati
3235 5808 3424 5863 vivida:
3474 5806 3677 5871 impres-

2131 5897 2310 5957 siouis
2365 5900 2593 5971 urgendi
2645 5901 3113 5972 persevcrantiam
3164 5903 3541 5972 adjunxcrunt,
3592 5884 3676 5948 sed
