3848 6606
407 438 519 500 ΗΠ

407 642 691 695 ποιοῦνται
714 641 882 711 ζζωήν
905 656 920 672 ο
968 640 1156 695 πολλοὶ
1184 642 1294 711 γὰρ
1329 644 1427 698 ἅτε
1471 644 1740 714 βασιλέως
1777 648 1841 699 ἐκ
1884 644 1994 697 τῶν

406 735 652 802 σημείων
708 735 968 804 φανέντος
1016 737 1488 808 ἐπεισφρήσαντες
1542 738 1806 803 οὔταζον,
1866 736 1993 791 ὥστ’

405 825 744 890 ἐξικνεῖσθαι
779 829 875 881 καὶ
897 829 1043 881 κατά
1074 828 1169 883 τοῦ
1199 829 1454 901 σώματος
1488 832 1588 895 τὰς
1622 833 1860 901 πληγὰς,
1892 831 1995 885 κᾶν

405 921 502 971 καὶ
534 918 787 987 βασιλεὺς
825 920 1225 990 ἁγχιστρόφους
1274 923 1450 977 ἐποίει
1480 924 1577 988 τὰς
1624 924 1992 993 μετακλίσεις,

404 1010 456 1062 εί
490 1010 583 1097 μὴ.
608 1011 718 1065 τῶν
744 1011 923 1065 ἄλλων
957 1015 1426 1084 φυγομαχούντων
1471 1016 1634 1080 αὐτὸς
1663 1017 1762 1070 σὺν
1794 1016 1994 1082 ὀλίγοις

404 1102 463 1155 ἐν
485 1103 771 1175 ἀναγκαίῳ
806 1105 1039 1176 κινδύνῳ
1063 1102 1133 1176 ἦν
1171 1109 1268 1163 καὶ
1296 1110 1676 1180 παρακληθεὶς
1722 1110 1994 1178 ὑπέστρε-

406 1213 526 1264 φεν.
558 1196 701 1249 Ἀλλ’
731 1198 778 1251 οί
809 1199 908 1268 μὲν
960 1200 1323 1270 ἐπισπόμενοι
1361 1196 1463 1256 οὐκ
1492 1203 1704 1273 ἀνῆκαν
1744 1203 1848 1269 ἔτι,
1877 1206 1906 1257 ὁ
1935 1203 1995 1257 δέ

411 1289 610 1358 μικρὸν
662 1291 1027 1361 ἀναχωρήσας
1070 1293 1166 1347 τοῦ
1215 1294 1479 1362 κυδοιμοῦ
1531 1296 1743 1362 δάκρυά
1775 1314 1834 1351 τε
1884 1297 1996 1350 τῶν

405 1381 725 1454 ὀφθαλμῶν,
760 1379 847 1437 οἷα
873 1384 1029 1453 λόγος
1054 1386 1147 1439 τὸν
1169 1388 1578 1458 ’Δγαμέμνονα,
1609 1388 1780 1461 ἐρρει,
1806 1389 1996 1443 ἕλκετο

405 1473 453 1527 δ’
487 1474 551 1527 ἐκ
594 1477 841 1545 κεφαλῆς
889 1478 1301 1550 προθελύμνους
1331 1480 1433 1545 τὰς
1480 1482 1693 1553 τρίχας,
1738 1485 1851 1545 τοῖς
1882 1481 1995 1535 τῶν

421 1566 710 1635 Ῥωμαίων
759 1570 1205 1641 ἐποικτιζόμενος
1244 1572 1559 1643 πράγμασι,
1592 1576 1688 1628 καὶ
1725 1574 1995 1645 ὑποστρέ-

410 1670 532 1723 φειν
572 1656 868 1723 ἐσφάδαζε,
923 1659 1028 1713 κᾶν
1054 1661 1157 1712 οὐκ
1212 1657 1361 1732 εἶχεν
1402 1662 1561 1726 ὅλως.
1594 1663 1784 1727 Ἔλεος
1832 1664 1879 1718 δ’
1925 1662 1995 1738 ἦν

409 1745 659 1800 ἐντεῦθεν
698 1747 858 1813 Θεοῦ,
910 1751 1003 1803 καὶ
1039 1752 1217 1806 ἐννοιά
1246 1769 1332 1816 τις
1376 1754 1551 1827 είσῄει
1594 1755 1722 1819 τοὺς
1760 1756 1995 1811 emne-

409 1834 538 1900 λους
565 1837 640 1900 ὡς
684 1840 808 1894 κατ’
847 1843 1066 1913 ἀπάτην
1098 1844 1447 1916 ἀναχωροῦσι
1500 1847 1595 1900 καὶ
1623 1846 1698 1909 ὥς
1747 1847 1997 1916 ἐνέδραις

412 1928 823 2001 προλοχίζουσιν
870 1935 1045 1998 ἄλλοι,
1100 1944 1196 1991 καί.
1242 1936 1420 2002 οὕτως
1474 1939 1827 2010 ἀνείργονται
1886 1940 1989 2010 τῆς

411 2020 669 2089 διώξεως.
706 2025 872 2080 Ὅθεν
902 2029 997 2081 καὶ
1025 2021 1173 2083 οὗτοι
1210 2030 1307 2099 μὲν
1337 2034 1438 2102 τῆς
1469 2031 1559 2084 ἐπὶ
1587 2032 1649 2084 τὸ
1680 2034 1869 2102 πρόσω
1900 2049 1995 2099 φο·

1631 438 1953 503 GEORGII
1994 439 2299 499 PACHYM
2314 437 2485 498 EIVS

409 551 613 622 ρεσκων
655 548 903 620 δέχονται
955 548 1051 603 καὶ
1095 549 1194 620 τὴν
1225 550 1511 623 βασιλικὴν
1544 551 1630 625 [Ρ.
1668 551 1798 624 585]
1832 568 1989 622 περι·
2017 554 2063 609 Α
2098 570 2244 622 ματα
2271 552 2394 606 τότε
2421 549 2566 604 κατά
2597 564 2721 603 τινα
2752 546 2983 617 ἐνεδρῶν
3012 545 3285 614 ὑποψίαν,
3319 545 3445 599 ἀλλ’
3483 541 3576 600 οὖν
3600 550 3689 603 οὒκ
3721 567 3725 571 υ
3793 620 3803 631 .

3587 435 3682 497 GM

2096 644 2253 712 ὀλίγα
2293 643 2402 696 τῶν
2430 643 2748 713 ἀνηκέστων
2779 638 3015 711 πράξασι
3045 638 3140 692 καὶ
3194 637 3275 691 τά
3322 640 3687 708 προστυχόντα

2097 736 2455 809 ληῖσαμένοις
2505 736 2668 808 ἐπῇει
2714 733 2818 805 τὴν
2859 733 3057 803 ’Δπρω
3107 729 3541 803 περικαθῆσθαι
3590 731 3688 786 τῶν

2099 830 2484 884 είσδεδυκότων
2525 828 2711 892 ἓνεκα,
2744 827 2838 880 καὶ
2882 824 3186 894 ἐπειρῶντο
3232 823 3592 892 πολιορκεϊνο
3622 826 3711 894 ὡς,

2096 922 2142 977 δ’
2172 924 2272 976 οὐκ
2313 921 2509 991 ἧνυτον
2555 920 2616 974 τδ
2668 919 2953 989 παράπαν,
3005 918 3260 985 ἔγνωσαν
3308 915 3687 985 ὑποστρέφειν.

2110 1016 2358 1080 ’Δλανοῖς
2383 1017 2428 1069 δ’
2466 1012 2614 1080 ἅπαξ
2638 1013 2892 1082 ἀφεικόσι
2922 1010 3021 1083 τὴν
3049 1013 3189 1081 πρδς
3214 1009 3353 1071 τοὺς
3391 1007 3688 1077 βασιλεύον-

2096 1129 2200 1175 τας
2225 1112 2437 1166 ἔννοιαν
2481 1109 2767 1165 σκυλεύειν
2789 1109 2857 1162 τὰ
2887 1109 2948 1161 ἐν
3004 1107 3164 1160 ποσὶν
3196 1104 3382 1170 ἔδοξε,
3422 1101 3520 1155 καὶ
3554 1104 3684 1169 φίλοι

2102 1205 2201 1276 μὲν
2248 1205 2561 1273 ἐφίσταντο,
2594 1202 2779 1274 ἐχθροὶ
2816 1201 2861 1255 δ’
2917 1188 3321 1253 ἀπανίσταντο.
3366 1195 3555 1250 Ταῦτα
3594 1214 3686 1264 μαι

2099 1299 2209 1354 θὼν
2237 1300 2266 1354 ὁ
2306 1298 2580 1370 βασιλεὺς,
2608 1296 2704 1351 καὶ
2749 1294 2826 1359 ὡς
2868 1292 3016 1356 είκδς
3075 1291 3419 1361 ἐπαλγήσας
3448 1291 3515 1359 τῇ
3559 1305 3683 1359 συμ-

2099 1393 2264 1463 φορᾷ,
2306 1390 2386 1462 τῷ
2421 1392 2522 1458 μέν
2549 1388 2653 1460 υἱῷ
2690 1405 2751 1441 τε
2781 1388 2877 1441 καὶ
2913 1384 3129 1457 βασιλεῖ
3163 1383 3303 1445 τοὺς
3335 1380 3687 1451 παρακλητη-

2100 1488 2248 1558 ρίους
2276 1485 2352 1549 ὡς
2387 1480 2536 1555 εῖχεν
2564 1481 2927 1553 ἐνεσχεδίαζε,
2956 1480 3049 1533 τὸν
3100 1475 3534 1546 Κουτζίμπαξιν
3563 1476 3686 1528 ἀποο

2097 1580 2219 1635 λύει
2271 1580 2409 1648 πρὸς
2437 1577 2720 1639 Ἀλανοὺς.
2764 1576 2882 1645 ἅμα
2916 1572 3017 1645 μὲν
3051 1572 3309 1632 ἐκείνους
3364 1569 3686 1638 ἐγκαθεστήι

2100 1672 2279 1739 ξοντα,
2315 1673 2435 1742 ἅμα
2462 1671 2534 1745 δέ.
2554 1674 2649 1725 καὶ
2671 1666 3136 1739 Τουρκοπούλους
3160 1663 3680 1731 δουλαγωγήσοντιν

2096 1766 2176 1837 τῷ
2214 1765 2326 1835 γὰρ
2352 1763 2601 1834 ὁμοεθνεῐ
2630 1780 2690 1815 τε
2735 1762 2829 1815 καὶ
2854 1746 3218 1831 ὁμογλώσσιρ,
3260 1756 3365 1811 καὶ
3407 1757 3492 1809 ὃτι
3533 1756 3681 1823 συνήο

2100 1859 2201 1926 θης
2232 1853 2302 1928 ἦν
2328 1856 2578 1917 ’Λλανοῖς
2606 1854 2663 1907 ἐν
2692 1852 2865 1923 Νογᾷ.
2896 1851 2991 1906 καὶ
3016 1851 3098 1905 ὅτι
3124 1850 3232 1923 τὴν
3262 1849 3408 1918 πρὸς
3431 1847 3689 1901 Τουκτάῖν

2097 1949 2398 2019 πρεσόείαν
2429 1948 2594 2009 αὐτὸς
2624 1946 2883 2007 ἐποιεῖτο,
2916 1944 2997 2006 είς
3028 1941 3164 1996 αίδὼ
3200 1940 3533 2011 πρέπουσαν
3556 1938 3682 2006 ὁπη-

2096 2042 2248 2107 κόοις
2274 2039 2654 2108 ἐπαγαγέσθαι
2684 2040 2827 2107 σφᾶς
2858 2034 3201 2091 ἐπιστεύετο.
3235 2032 3417 2094 Αὐτὸς
3446 2032 3491 2086 δ’
3522 2031 3577 2095 ἐξ
3599 2030 3682 2081 αῦ-

414 2114 517 2184 ρᾶς
548 2108 819 2183 ἵστανται,
846 2120 1124 2175 ἐκείνοιδὲ
1157 2121 1312 2185 ἄλλος
1336 2122 1572 2193 ἀλλαχοῦ
1597 2123 1995 2195 διασπαρέντες
2093 2135 2196 2206 τῆς
2250 2133 2634 2206 στρατολογεῖν
2673 2149 2732 2185 τε
2787 2132 2881 2185 καὶ
2933 2129 3185 2200 ἐφορμᾷν
3241 2126 3513 2193 ἠϐούλετο
3572 2125 3675 2193 μὲν,

414 2207 838 2274 περισώζονται.
876 2211 935 2263 '0
966 2215 1150 2280 μέντοι
1177 2229 1241 2281 γε
1285 2213 1541 2284 βασιλεὺς
1580 2215 1999 2285 καταλαμϐάνει

418 2298 574 2377 μδλις
605 2303 664 2351 τὸ
695 2299 1014 2368 Πάμφυλον.
1060 2303 1171 2355 Καὶ
1203 2301 1268 2373 δὴ
1297 2305 1398 2374 τῆς
1440 2304 1633 2375 φήμης
1657 2305 2001 2376 διαδοθείσης

416 2390 515 2456 οὐκ
544 2386 611 2462 ἦν
641 2392 790 2456 ὅστις
825 2393 935 2446 τῶν
961 2394 1249 2465 γεωργῶν,
1292 2396 1353 2448 ἐν
1381 2396 1533 2468 ἀκμῇ
1576 2399 1669 2451 καὶ
1703 2398 1876 2453 ταῦτα
1902 2397 2005 2451 τοῦ

419 2485 635 2556 θέρους,
668 2485 774 2551 ἔξω
808 2486 909 2556 τῆς
949 2488 1363 2541 Κωνσταντίνου
1407 2488 1849 2552 ἐναπολέλειπτο,
1881 2490 2000 2544 ἀλλ’

414 2575 532 2645 ἅμα
560 2577 824 2632 πάντοθεν
858 2580 1188 2650 μυρμηκιὰν
1219 2579 1551 2651 μιμούμενοι
1577 2581 2003 2651 ἐσκευαγώγουν

416 2670 503 2740 ἐφ’
530 2669 777 2740 ἁμαξῶν,
809 2670 942 2742 θέρη
975 2674 1071 2726 καὶ
1097 2671 1390 2744 δράγματα
1425 2675 1521 2728 καὶ
1548 2674 1755 2737 σωροὺς
1786 2675 2000 2745 χαίρειν

414 2762 635 2828 ἐῶντες.
665 2764 793 2828 Τοῖς
824 2765 922 2835 μὲν
960 2764 1055 2818 οὖν
1084 2766 1371 2835 ἐναντίοις,
1402 2766 1507 2821 κάν
1541 2767 1702 2821 ἴστων
1732 2768 1800 2821 τά
1823 2769 2000 2838 ὁρμήο

416 2944 557 2999 hosti
597 2944 792 3009 victori
815 2944 1067 3013 obiectus
1101 2953 1282 3002 terror
1329 2952 1420 3002 est
1463 2944 1794 3002 insidiarum
1830 2963 1858 2999 a
1895 2962 1999 3002 no-

419 3038 553 3093 stris
592 3038 921 3107 positarum,
960 3039 1014 3093 in
1047 3054 1185 3108 quas
1214 3039 1366 3110 ipsos
1387 3038 1649 3094 videlicet
1680 3038 2002 3108 pertrahere

417 3130 720 3187 artiﬁciosa
786 3131 928 3202 fugae
959 3131 1317 3187 simulatione
1352 3132 1689 3203 cogitarent.
1720 3130 1847 3188 Hice
1875 3134 2000 3189 illos

2097 2228 2347 2298 ἐπείχετο
2395 2227 2453 2281 δὲ
2494 2228 2551 2293 ἐξ
2599 2226 2916 2293 ἀναγκαίων
2968 2222 3181 2276 πολλῶν
3248 2218 3679 2285 ἀντισπώμενος.

2098 2319 2200 2374 Διά
2248 2317 2425 2373 ταῦτα
2472 2318 2567 2371 καὶ
2598 2317 2707 2370 ἀπὸ
2749 2316 2855 2385 γῆς
2892 2316 2991 2386 μὲν
3040 2314 3311 2384 δυνάμεις
3362 2309 3677 2371 ἀποστόλους

2100 2409 2558 2483 προσετοιμάζει,
2606 2405 2687 2472 οἷς
2723 2406 3058 2479 θαρροῦντες
3103 2407 3155 2459 οἱ
3204 2401 3678 2473 πρόσχωροιὼρό-

2099 2504 2211 2567 6m;
2241 2502 2548 2573 ἐργάζοιντ⁹
2578 2501 2645 2555 ἂν
2682 2500 2767 2573 [Ρ.
2801 2497 2928 2570 584]
2968 2498 3038 2552 τά
3062 2497 3157 2551 τοῦ
3193 2497 3416 2568 θέρους,
3459 2496 3674 2563 Ἀμογα-

2101 2597 2293 2669 ὀάροις
2345 2596 2404 2649 δὲ
2434 2595 2574 2657 τέως
2621 2592 2911 2663 ἀνακωχὰς
2960 2590 3138 2652 διδοὺς
3183 2588 3263 2650 ὡς
3296 2587 3500 2642 αὐτίκα
3529 2600 3676 2637 κατα·

2098 2687 2486 2759 δραμούμενος
2522 2683 2894 2756 συναχθεισῶν
2927 2682 3036 2736 τῶν
3070 2681 3387 2752 δυνάμεων,
3418 2681 3600 2732 ἔπειτα
3624 2678 3673 2727 ἐν

2099 2783 2250 2853 τρισὶ
2307 2781 2405 2837 καὶ
2451 2780 2583 2834 δέκα
2633 2779 2793 2834 ναυσὶ
2850 2778 3175 2839 Γεννουῖτας
3226 2778 3296 2829 ἐκ
3341 2774 3453 2828 τῶν
3501 2771 3673 2836 Λαζῶν

2102 2978 2161 3020 se
2210 2963 2342 3019 feris
2387 2960 2674 3017 maleﬁciis
2719 2960 3127 3017 monstrabant.
3173 2960 3276 3015 His
3331 2955 3667 3013 Andronicus

2103 3060 2322 3115 cunctis
2344 3058 2605 3128 cognitis,
2630 3065 2684 3111 et
2707 3070 2867 3126 quem
2894 3070 2992 3125 par
3020 3064 3142 3110 erat
3169 3070 3239 3108 ex
3275 3053 3436 3109 clade
3464 3058 3663 3118 accepta

2105 3151 2349 3207 dolorem
2385 3160 2443 3205 et
2485 3149 2732 3204 sentiens
2762 3158 2817 3202 et
2850 3148 3138 3216 prolitens,
3173 3147 3291 3202 tilio
3322 3147 3542 3217 quidem
3572 3144 3667 3197 Au-

419 3223 487 3278 ab
511 3222 747 3278 ulterius
780 3225 1164 3294 persequendo
1222 3224 1489 3279 cohibens
1543 3240 1708 3281 causa
1762 3227 1997 3295 spatium
2028 3239 2077 3303 c
2107 3253 2271 3315 μειο
2296 3240 2701 3297 οοηεοιθιοηη
2725 3255 2889 3308 quam
2917 3238 3154 3308 primum
3175 3239 3430 3309 scripsit,
3458 3235 3668 3291 (ςυηῖηι,

422 3317 675 3373 Michaeli
697 3317 850 3373 dedit
881 3334 1075 3374 manus
1107 3334 1300 3373 eorum
1335 3319 1631 3375 evadendi.
1663 3320 1740 3374 Ac
1767 3319 1997 3374 Romani

418 3412 639 3482 quidem
665 3412 849 3467 caeteri
884 3412 1035 3466 varie
1062 3396 1303 3481 dispersi
1346 3412 1605 3474 salutem,
1636 3410 1726 3465 ubi
1761 3412 1999 3481 quisque

420 3504 617 3573 potuit,
665 3505 957 3573 quaesiere.
982 3503 1290 3572 Imperator
1329 3517 1475 3572 aegre
1516 3501 1878 3575 Pamphylum
1906 3504 2000 3557 de-

420 3600 570 3652 latus
599 3597 674 3651 ibi
708 3597 943 3666 quievit.
991 3594 1161 3651 Fama
1214 3593 1391 3651 cladis
1438 3594 1605 3665 hujus
1664 3594 1775 3649 late
1805 3595 1999 3662 didita,

420 3693 607 3749 nullus
644 3692 1039 3762 agricolarum,
1090 3688 1192 3743 etsi
1253 3703 1496 3754 summa,
1556 3698 1616 3741 ut
1665 3697 1798 3742 tunc
1857 3699 2000 3753 erat,

420 3796 615 3843 aestate
640 3787 722 3842 vel
761 3784 999 3840 maxime
1051 3796 1217 3851 opera
1248 3794 1441 3836 eorum
1476 3779 1705 3833 maturis
1734 3780 2002 3846 colligen-

421 3880 509 3936 dis
546 3878 824 3949 segetibus
853 3890 985 3931 rure.
1018 3875 1416 3944 requireretnr,
1470 3881 1628 3929 extra
1678 3872 2001 3929 Constanti-

423 3973 667 4043 nopolim
699 3971 1001 4027 subsistere
1029 3968 1226 4023 voluit.
1250 3966 1458 4037 Longis
1490 3965 1735 4036 undique
1761 3965 2004 4035 agmini.

422 4066 526 4121 bus
555 4065 730 4119 instar
778 4062 1159 4128 formicarum,
1208 4060 1568 4117 domesticam
1605 4060 2004 4130 supellectilem

422 4156 688 4230 plaustris
714 4155 1032 4224 impositam
1069 4167 1181 4224 pra:
1209 4168 1270 4208 se
1305 4160 1558 4222 agentes,
1590 4151 1642 4206 in
1702 4151 1892 4206 urbem
1925 4150 2007 4206 fe-

423 4252 712 4315 rebantur,
749 4247 929 4304 securi
966 4246 1254 4306 messium.
1283 4258 1425 4313 quas
1470 4243 1672 4312 partim
1707 4242 1761 4296 in
1794 4243 2007 4313 campis

422 4345 671 4400 nondum
704 4342 958 4397 desectas
996 4339 1157 4400 falce.
1206 4336 1411 4408 partim
1458 4336 1514 4389 in
1571 4335 1722 4390 areis
1755 4336 2009 4405 manipu-

424 4439 575 4491 latim
625 4437 679 4490 in
733 4444 920 4489 strues
958 4437 1264 4502 congestas
1328 4428 1746 4497 relinquebant,
1800 4429 2009 4482 condo-

429 4536 623 4581 nantes
658 4524 937 4588 hostibus,
966 4529 1023 4575 et
1060 4522 1113 4575 in
1146 4522 1303 4575 lucro
1335 4529 1604 4589 ponentes
1636 4519 1784 4588 quod
1814 4518 2009 4573 barba-

2040 4577 2089 4638 Ι)

2107 3336 2289 3408 paxim
2322 3344 2507 3389 autem
2534 3332 2746 3387 dimisit
2787 3330 2852 3385 ad
2902 3329 3135 3395 Alanos,
3171 3345 3410 3400 aperans
3463 3338 3665 3383 revoca-

2104 3437 2289 3483 turum
2317 3441 2415 3481 eos
2437 3424 2505 3479 ad
2529 3423 2802 3487 ofﬁcium,
2836 3423 3002 3478 simul
3033 3430 3088 3476 et
3111 3421 3465 3492 TurcOpulos
3489 3416 3666 3474 delini-

2103 3531 2317 3584 turum,
2341 3519 2542 3589 quibus
2563 3526 2713 3573 esset
2736 3516 2957 3586 generis
2982 3523 3037 3572 et
3069 3514 3275 3584 lingua:
3302 3510 3667 3569 communione

2104 3612 2546 3675 commendatus,
2582 3610 2774 3664 Alanis
2831 3610 2998 3663 etiam
3043 3607 3336 3663 familiaris
3365 3621 3431 3662 ex
3478 3618 3539 3660 eo
3566 3601 3662 3671 jam

2105 3710 2221 3757 tum
2287 3714 2560 3770 tempore,
2591 3716 2704 3770 quo
2747 3699 2962 3754 militiae
3006 3714 3133 3753 cum
3183 3700 3327 3767 ipsis
3374 3696 3662 3754 societatem

2104 3794 2270 3865 Nega:
2299 3792 2612 3848 communis
2635 3790 2794 3845 ducis
2818 3789 3078 3859 auspiciis
3110 3787 3420 3854 habuerat;
3462 3791 3664 3853 praeter-

2105 3902 2282 3956 eaque
2308 3886 2584 3956 legatione
2625 3883 2851 3938 functus
2900 3881 2971 3935 ad
2997 3880 3328 3936 Tuctainem
3358 3888 3471 3937 erat
3502 3874 3662 3931 :unde

2107 3979 2437 4034 credebatur
2507 3984 2705 4031 auctor
2790 3975 3027 4030 idoneus
3105 3974 3332 4029 futurus
3396 3966 3663 4027 suadenda:

2107 4070 2247 4142 ipsis
2281 4067 2693 4125 emendationis
2736 4067 2953 4123 ostendi
2996 4066 3068 4120 ab
3107 4065 3194 4120 his
3250 4074 3446 4134 coeptae
3491 4067 3662 4114 contu-

2107 4163 2303 4218 macia:
2331 4172 2384 4217 et
2414 4160 2627 4217 reditus
2653 4159 2723 4215 ad
2752 4159 2964 4230 frugem
2989 4158 3304 4224 meliorem,
3337 4150 3659 4212 resumenda.

2108 4255 2258 4325 quod
2319 4255 2482 4311 decet
2532 4252 2808 4316 subditos,
2868 4265 3002 4323 erga
3060 4249 3349 4321 principes
3397 4243 3658 4313 obsequio.

2110 4345 2234 4417 Ipse
2276 4356 2461 4402 autem
2521 4347 2819 4417 imperator
2863 4346 3053 4401 senior
3090 4344 3453 4399 conscribere
3505 4334 3664 4392 conie-

2110 4443 2239 4496 stim
2269 4440 2579 4497 exercitum
2603 4447 2661 4495 et
2688 4439 2955 4509 impetum
2986 4438 3041 4493 in
3076 4439 3267 4494 hostes
3293 4438 3469 4493 facere
3496 4429 3660 4499 cupie-

2112 4535 2208 4591 bat
2237 4534 2481 4605 quidem,
2515 4532 2907 4590 retardabatur
2944 4540 3127 4587 autem
3155 4529 3482 4586 necessariis
3509 4521 3659 4594 pluri-

424 4622 604 4675 ricum
638 4617 923 4672 servitium
959 4623 1052 4670 aut
1101 4613 1310 4669 ferrum
1337 4613 1424 4668 vel
1472 4610 1606 4668 nudi
1662 4623 1718 4667 et
1761 4612 2002 4667 omnium

2115 4627 2223 4683 mis
2256 4627 2312 4681 in
2349 4626 2568 4681 diversa
2601 4625 2971 4681 trahentibus.
3004 4622 3141 4680 Illud
3175 4626 3438 4680 continuo
3464 4611 3658 4685 expedi-

426 4714 622 4781 inopes
645 4710 971 4780 eifugerent.
1003 4707 1261 4764 Victores
1293 4705 1550 4771 Barbari,
1586 4705 1681 4761 ubi
1720 4707 1858 4762 satis
1893 4706 2011 4763 dis-

425 4812 728 4860 cusserunt
771 4801 1149 4871 suspicionem
1182 4797 1516 4854 insidiarum
1553 4812 1677 4866 quae
1703 4797 1826 4853 illos
1863 4812 1893 4851 a
1928 4798 2011 4852 vi-

427 4908 548 4949 ctos
572 4894 917 4963 insequendo
952 4893 1355 4957 retardaverat,
1398 4904 1498 4945 nec
1528 4904 1703 4960 pauca
1741 4904 1845 4945 nec
1865 4890 2008 4946 levia

427 4989 607 5045 obviis
641 4987 801 5059 553
831 4986 1131 5041 crudeliter
1170 4983 1456 5039 vastandis
1502 4981 1755 5052 exempla
1804 4985 2010 5052 passim

428 5096 607 5136 avara:
641 5081 880 5135 feritatis
908 5078 1234 5135 ediderunt.
1264 5077 1427 5132 Arcis
1458 5074 1660 5131 deinde
1684 5076 1835 5146 Apro
1856 5077 2018 5132 dictae

429 5173 808 5243 oppugnandae
862 5187 930 5226 ex
993 5187 1061 5226 eo
1109 5170 1247 5240 ipsis
1304 5168 1606 5224 consilium
1668 5180 1857 5223 natum
1906 5178 2013 5237 est,

427 5265 579 5336 quod
613 5267 665 5319 in
697 5280 818 5319 eam
862 5280 922 5319 se
949 5264 1232 5332 recepisse
1256 5262 1458 5315 multos
1483 5276 1514 5316 e
1537 5261 1725 5331 prmlio
1745 5276 2018 5331 cognove-

427 5370 574 5435 rant,
607 5359 755 5412 unde
784 5357 966 5427 praeda
1017 5354 1283 5411 refertam
1337 5354 1778 5410 arbitrabantur.
1827 5353 2018 5424 Cupiis

427 5467 561 5524 ergo
606 5453 846 5508 admotis
894 5467 1017 5506 cum
1044 5450 1261 5521 egregie
1301 5450 1507 5520 repulsi
1544 5464 1736 5521 parum
1775 5450 2011 5521 proiice-

426 5556 574 5608 rent,
609 5561 711 5600 nec
744 5544 867 5615 plus
910 5559 977 5598 ex
1021 5543 1434 5613 perseverantia
1480 5553 1788 5611 sperarent,
1824 5544 2006 5597 soluta

426 5636 716 5692 obsidione
750 5636 950 5690 reverti
975 5641 1320 5689 statuerunt.
1357 5633 1578 5689 Interim
1611 5632 1804 5688 Alanis
1832 5632 2006 5688 semel

430 5729 638 5785 amissa
668 5744 799 5800 erga
834 5730 1174 5799 imperantes
1199 5725 1580 5782 benevolentia
1614 5729 1814 5796 passim
1846 5726 2009 5781 obvia

432 5822 675 5892 diripere
702 5835 766 5875 ac
796 5820 1027 5876 licenter
1077 5818 1396 5873 latrocinari
1430 5817 1633 5873 bonum
1668 5816 1811 5871 factu
1836 5816 2015 5872 visum

374 5956 385 5967 .
438 5920 545 5968 est.
577 5910 718 5983 Ergo
749 5919 807 5967 ct
829 5910 941 5978 isti,
990 5926 1114 5967 cum
1150 5919 1210 5965 ut
1234 5907 1397 5965 amici
1431 5906 1789 5974 haberentur,
1829 5906 2019 5965 hostes

2109 4721 2212 4786 vit,
2241 4719 2390 4791 quod
2434 4720 2739 4775 instantius
2796 4720 3052 4788 urgebat,
3101 4726 3329 4788 propter
3371 4716 3542 4785 fugam
3578 4705 3657 4760 tali

2109 4814 2357 4878 tempore
2391 4807 2760 4878 perniciosam
2795 4821 2859 4862 ex
2892 4808 3041 4877 agris
3061 4809 3418 4871 rusticorum.
3451 4796 3642 4858 Paravit

2109 4895 2368 4950 videlicet
2400 4901 2547 4950 terra
2585 4894 2990 4951 submittendas
3017 4895 3231 4963 capias,
3286 4894 3399 4950 illis
3442 4891 3560 4945 dum
3588 4898 3661 4937 se-

2112 4999 2268 5063 getes
2320 4997 2595 5047 meterent
2623 4999 2679 5046 et
2708 5002 2905 5047 caetera
2941 5000 3135 5047 aestate
3170 4998 3436 5049 consueta
3465 4987 3514 5039 in
3545 4993 3654 5052 ["0"

2115 5082 2407 5138 curatione
2439 5097 2673 5139 annonas
2714 5097 2883 5152 opera
2926 5092 3279 5149 exercerent,
3337 5077 3651 5138 securitatem

2114 5172 2383 5230 allaturas
2432 5174 2785 5244 requisitam.
2819 5173 3184 5248 Amogabaris
3242 5172 3478 5231 indutias
3528 5162 3653 5216 vel“!

2116 5260 2384 5332 quasdam
2414 5261 2734 5333 indulgebat
2755 5263 3001 5329 interim,
3028 5263 3122 5318 sed
3154 5262 3319 5334 555
3338 5274 3468 5332 quas
3488 5256 3654 5311 breves

2120 5354 2241 5411 fore
2273 5356 2601 5420 minaretur,
2635 5353 2924 5410 afﬁrmans
2955 5369 3015 5409 se
3064 5356 3251 5410 statim
3283 5363 3439 5422 atque
3456 5354 3651 5412 congre'

2120 5458 2309 5518 gasset
2332 5447 2545 5516 copias,
2588 5446 2644 5501 in
2689 5447 2810 5502 illos
2856 5446 3114 5502 infestum
3172 5426 3654 5502 incnrsurumfPosi

2122 5534 2237 5589 hac
2259 5549 2514 5590 reversos
2540 5550 2571 5589 e
2601 5534 2762 5590 Lazis
2804 5532 3128 5590 Genuenses
3169 5552 3293 5591 cum
3326 5530 3535 5590 navibus
3563 5532 3646 5573 Ire-

2120 5625 2298 5683 decim
2354 5626 2422 5681 ad
2484 5641 2763 5682 armorum
2798 5640 2987 5681 secum
3042 5628 3359 5683 societatem
3396 5613 3647 5678 iucundam

2101 5728 2205 5781 .est
2241 5719 2498 5790 pellicere
2544 5708 2801 5775 conatus.
2843 5718 2949 5775 Sed
3004 5728 3218 5775 tantum
3260 5718 3426 5775 abfuit
3453 5723 3504 5766 ut
3527 5704 3572 5761 id
3608 5698 3647 5753 ei

2119 5812 2415 5868 consilium
2460 5811 2785 5868 succederet
2836 5828 2906 5868 ex
2943 5822 3095 5881 voto,
3159 5823 3217 5870 nt
3262 5815 3393 5868 duas
3425 5798 3647 5861 continuo

2124 5922 2294 5979 naves
2326 5906 2574 5961 omnium
2619 5906 2856 5977 Optimas
2888 5905 3083 5963 viderit
3130 5906 3367 5981 expediri
3399 5900 3460 5955 ab
3506 5893 3561 5947 iis
3602 5886 3673 5965 ίη.
