3848 6540
140 359 221 421 60'.)
822 384 832 388 -
1010 354 1111 415 DE
1147 350 1597 415 ANDRONICO
1629 348 2094 410 PALEOLOGO
2122 350 2269 411 LIB.
2305 348 2405 409 VI.

3239 347 3346 412 ιιι)

141 470 537 542 ὑποστρέψαντας
574 472 887 542 συμμαχεῖν
920 471 1200 542 ἐπεχείρει
1226 469 1458 524 πείθειν.
1504 466 1671 522 Ἀλλὰ
1698 474 1745 527 Α
1773 465 2286 537 δουλαγωγηθέντες
2332 466 2896 539 ἐγκατεκλείσθησαν,
2944 469 3054 523 οὐδ’
3095 469 3253 522 αὐτοί
3293 485 3359 538 γε

138 557 348 613 τοτοῦτον
400 558 506 612 τῶν
563 559 955 631 βουλευμάτων
1004 560 1227 630 ἐδέησεν
1284 560 1428 616 ὥστε
1474 559 1573 613 καὶ
1612 558 1673 624 ἐξ

138 651 282 703 αὐτῶν
305 650 394 703 δύο
428 652 561 714 ναῦς
608 652 709 715 τὰς
742 654 1042 716 καλλίστας
1097 652 1397 707 ἐκπλεῦσαι
1428 651 1670 721 ἀγούσας

137 743 244 811 πρὸς
269 742 469 797 Ἰταλῶν
514 744 622 815 ἢθη
678 747 771 800 καὶ
821 747 1226 818 Μπυριγέριον.
1253 746 1318 800 Οἱ
1365 727 1411 799 δ⁴
1442 749 1502 798 ἐν
1551 747 1673 808 ταῖς

135 833 309 893 λοιπαῖς
333 832 645 889 Γεννουῖται
673 835 734 888 τὸ
762 836 1068 906 ἐμπορικὸν
1094 838 1480 908 προϊσχόμενοι
1507 836 1675 889 ἀπαί-

136 942 227 993 ρειν
247 925 331 977 καὶ
360 925 512 977 αὐτοὶ
563 927 947 998 ἡτοιμάζοντο.
975 929 1145 992 Μόλις
1194 928 1478 994 ἀξιώσεως
1511 930 1673 1000 χάριν

134 1017 403 1085 ἐκλέγονται
434 1017 549 1081 δύο,
614 1022 806 1090 μισθοῦ
853 1022 1210 1092 νομισμάτων
1262 1020 1672 1093 ἑξακισχιλίων,

135 1108 243 1178 πλὴν
269 1110 351 1160 ἐπὶ
384 1111 597 1180 ῥητοῖς,
642 1110 783 1166 ὥστε
816 1114 904 1182 ὑφ’
932 1115 1082 1184 ὅρκῳ
1133 1113 1336 1185 βεϐαίῳ
1365 1114 1458 1168 δύο
1497 1114 1674 1185 μῆνας

134 1201 434 1255 ὲκδουλεῦσαι
462 1204 541 1274 τῷ
575 1203 809 1275 βασιλεῖ,
842 1208 1301 1277 συμπράττοντας
1329 1209 1442 1270 τοῖς
1466 1206 1674 1287 λοιποῖς

136 1296 206 1346 καὶ
238 1295 601 1365 πολεμοῦντας
654 1300 715 1362 ἐς
749 1298 894 1352 ἅπαν
933 1300 1009 1363 ὡς
1046 1299 1263 1371 ἐχθροῖς
1313 1300 1579 1370 βασιλέως
1614 1316 1675 1352 τε

136 1390 207 1441 καὶ
224 1388 305 1441 τοῦ
343 1391 681 1460 περιφανοῦς
735 1393 888 1463 σφῶν
942 1394 1244 1464 ξυνεδρίου.
1277 1395 1340 1447 Oi
1372 1394 1416 1447 δ’
1464 1395 1521 1445 ἐν
1554 1394 1675 1457 ταῖς

138 1482 388 1545 ἑπιλοίποις
442 1485 605 1538 ἐννέα
633 1476 952 1556 ὡμολόγουν
996 1487 1074 1557 τῷ
1121 1486 1337 1556 βασιλεῖ
1379 1489 1472 1540 καὶ
1519 1487 1678 1540 αὐτοὶ⁵

135 1577 378 1646 ἐπιστῆναι
412 1579 651 1649 δωρεὰν,
713 1584 804 1634 καὶ
844 1583 929 1652 ἐφ’
963 1582 1202 1652 ἡμέραις
1256 1582 1677 1652 προσκαρτερή-

136 1685 285 1733 σαντες
315 1671 455 1724 κατά
485 1688 614 1725 τινα
661 1674 768 1727 τῶν
803 1675 1015 1745 ἐχθρῶν
1070 1675 1274 1728 δειλίαν
1326 1674 1534 1745 πρᾶξαι
1581 1672 1680 1727 καὶ

135 1757 243 1830 intra
269 1757 368 1813 τῶν
401 1758 734 1830 Ῥωμαϊκῶν
762 1763 1107 1835 πραγμάτων
1136 1764 1525 1836 πειράσασθαι,
1553 1765 1682 1818 κάν-

135 1818 285 1904 τεῦθεν
307 1818 639 1926 ἀναχωρεῖν,
684 1856 788 1911 κᾶν
808 1818 1052 1912 ⁵εὐοδολὶεν
1083 1858 1189 1912 κᾶν
1223 1818 1323 1929 μή.
1351 1818 1540 1912 Ταῦτα
1564 1859 1681 1913 δια·
1711 1818 1754 1878 Β

135 1944 430 2015 πραξάμενος
452 1947 737 2018 βασιλεὺς,
756 1953 873 2016 πῶς
893 1952 959 2006 ἂν
979 1952 1041 2006 τὸ
1058 1951 1315 2007 ἐντεῦθεν
1336 1952 1448 2006 τῶν
1470 1952 1682 2023 ἐχθρῶν

136 2040 464 2111 περιγένηται,
495 2042 898 2114 βουλευόμενος
927 2045 1231 2102 διεσκόπει.

138 2150 212 2217 λτσ.
243 2152 370 2219 Περὶ
429 2152 558 2207 τῶν
702 2157 780 2226 τῇ
818 2156 1335 2230 γἊδριανουπόλει
1372 2158 1679 2230 ἐγκεκλει-

532 2227 783 2295 σμένων
814 2229 1254 2300 Ἀμογαϐάρων.

189 2313 260 2386 [Ρ.
288 2314 410 2388 585]
459 2320 540 2372 Οὐ
597 2319 708 2389 μὴν
762 2320 816 2374 δὲ
870 2323 967 2375 καὶ
1024 2324 1073 2375 oi
1107 2324 1210 2375 ἀνά
1256 2323 1358 2394 τὴν
1400 2321 1681 2393 Ἀδριανοῦ

143 2408 537 2481 ἐγκεκλεισμένοι
572 2413 897 2476 Κατελάνοι,
948 2417 1080 2485 περὶ
1118 2412 1390 2486 ἐξήκοντα
1423 2414 1601 2482 ὄντες,
1631 2415 1682 2468 οἳ

142 2500 309 2555 καὶτοῦ
347 2503 635 2576 Καίσαρος
661 2506 906 2562 ἐκποδὼν
940 2509 1229 2577 γεγονότος
1259 2507 1453 2562 ἔπειτα
1497 2509 1685 2580 ὅρκοις

146 2681 331 2749 Iuliam,
372 2695 763 2756 reportaturas
805 2687 937 2744 illuc
979 2686 1371 2760 Mpyrigerium
1418 2688 1487 2742 ad
1525 2688 1684 2745 sedes

146 2778 360 2844 ipsorum.
407 2779 515 2848 Qui
555 2790 741 2838 autem
780 2791 1107 2852 supererant
1160 2783 1214 2837 in
1274 2783 1398 2838 aliis
1450 2784 1686 2839 navibus

146 2867 436 2937 Genuenses,
470 2877 543 2929 ad
587 2878 910 2931 solvendum
961 2886 1017 2931 et
1056 2876 1161 2945 ipsi
1198 2877 1683 2946 comparabantur,

148 2963 466 3021 obtendentes
500 2970 582 3021 ita
615 2969 701 3023 sui
748 2970 1093 3024 mercimonii
1149 2972 1396 3024 rationes
1431 2985 1687 3038 poscere.

149 3052 274 3123 .Egre
295 3059 509 3113 tandem
539 3060 728 3115 multis
762 3063 1019 3130 precibus
1048 3062 1100 3114 in
1132 3077 1328 3132 magna
1360 3074 1513 3131 parte
1560 3077 1685 3131 gra-

1758 558 1835 609 ·τὺ
1864 555 1997 626 περὶ
2031 557 2121 609 τὸν
2153 555 2380 626 βασιλέα
2409 557 2722 612 ἀνάποστον
2749 559 2971 627 γεγονὸς
3000 559 3062 612 τὺ
3096 561 3361 629 παράπαν

1775 648 2032 718 ἠμέλουν,
2063 649 2204 703 ἀλλὰ
2251 649 2443 721 φήμης
2493 649 2831 721 διαδοθείσης
2861 653 2938 716 ὼς
2986 652 3129 706 κατά
3160 652 3361 722 κράτος

1775 739 2123 809 ἡττηθέντων
2150 740 2260 794 τῶν
2293 741 2578 813 ἡμετέρων
2608 743 2702 795 καὶ
2732 744 2781 795 οἱ
2827 743 2922 795 τοῦ
2952 744 3149 811 γένους
3179 743 3362 799 αὐτῶν

1780 832 1944 903 μέχρι
1974 834 2072 886 καὶ
2122 833 2304 886 αὐτῶν
2333 834 2498 900 ἴασιν,
2531 835 2830 906 ἀρήξοντες
2879 837 3051 905 σφίσι,
3099 836 3363 907 ῥήξαντες

1776 924 1845 978 τὰ
1874 925 2074 997 δεσμά,
2125 927 2249 979 ἐπεὶ
2283 929 2654 996 ἐκφυγγάνειν
2685 928 2787 981 οὐκ
2818 924 2963 998 εἶχον
3010 928 3363 982 δυσανοίκτου

1774 1019 1930 1082 ὄντος
1980 1018 2075 1072 τοῦ
2128 1019 2342 1091 πύργου
2395 1020 2484 1075 ἴνα
2525 1022 2620 1074 καὶ
2654 1020 3067 1092 ἐγκαθίδρυντο,
3098 1022 3212 1076 ἄνω
3261 1037 3362 1073 που

1777 1110 2156 1182 ἁνερῤηφότες
2197 1111 2340 1165 κατὰ
2370 1111 2433 1165 τὸ
2469 1109 2739 1186 ὕπαιθρον
2770 1112 2983 1166 ἐκεῖθεν
3016 1112 3367 1181 παρακειμέ-

1776 1219 1899 1262 ναις
1928 1203 2158 1272 πέτραις
2188 1202 2609 1274 ἠκροϐολίζοντο
2644 1205 2741 1257 καὶ
2772 1205 2898 1266 τοὺς
2931 1203 3184 1266 ἐπιόντας
3217 1202 3365 1273 ἠμύ-

1778 1309 1950 1356 νοντο,
2011 1295 2376 1364 σκοπούμενοι
2430 1295 2802 1350 καταπίπτειν
2856 1295 2975 1366 μετ’
3038 1295 3362 1362 ἀσφαλείας.

1792 1385 1933 1439 Ἀλλ’
1972 1387 2072 1441 οὐκ
2097 1387 2295 1457 ἤνυτον
2334 1387 2394 1439 τὸ
2436 1388 2720 1460 παράπαν,
2760 1387 2871 1442 τῶν
2898 1387 3134 1440 πολιτῶν
3177 1386 3364 1457 ἐκείνῃ

1780 1497 1855 1550 πη
1911 1482 2306 1550 περιστάντων.
2343 1482 2504 1535 Ὅθεν
2553 1483 2649 1536 καὶ
2693 1481 2891 1547 ὀλίγων
2941 1482 3368 1551 φυγομοχησιὶν-
3440 1494 3447 1503 ‘

1780 1588 1888 1625 των
1917 1571 2014 1624 καὶ
2053 1572 2283 1636 ἑαυτοὺς
2328 1572 2707 1643 παραδόντων,
2747 1574 2796 1626 οἱ
2846 1574 3025 1628 λοιποὶ
3074 1575 3235 1644 μέχρι
3270 1576 3369 1627 καὶ

1781 1663 1948 1718 αὑτοῦ
1982 1663 2220 1719 θανάτου
2251 1666 2642 1736 ἐνεργέστερον
2680 1665 2985 1737 ἐπολέμουν
3017 1666 3110 1720 καὶ
3148 1666 3370 1737 βάλλον·

1781 1774 1873 1820 τες
1904 1757 2321 1828 ἐτιτρώσκοντο.
2373 1758 2544 1822 Τέλος
2576 1757 2709 1828 ὕλην
2758 1759 3108 1830 παντοδαπὴν
3155 1775 3368 1828 συμφο-

1787 1851 2054 1922 ρήσαντες
2090 1851 2142 1904 oi
2188 1850 2405 1904 πολῖται
2438 1851 2552 1922 πῦρ
2586 1853 2795 1906 ἐνιᾶσιν
2824 1851 2901 1915 ὡς
2942 1850 3369 1920 καταφλέξοντες

1782 1943 1878 1997 καὶ
1907 1941 2119 2013 πύργον
2167 1941 2420 2006 καὶτοὺς
2468 1944 2527 1996 ἐν
2572 1943 2769 2015 τούτῳ.
2797 1945 2908 1999 Καὶ
2959 1944 3022 1998 τὸ
3071 1946 3169 2015 μὲν
3207 1944 3371 2015 ᾔρετο

1785 2032 1953 2103 μέγα,
1995 2034 2044 2085 oi
2078 2031 2134 2085 δέ
2160 2035 2226 2103 τῇ
2256 2034 2418 2103 φλογὶ
2450 2033 2821 2105 ἐνειλούμενοι
2847 2035 2960 2090 οὐδ’
2983 2037 3042 2099 ἐς
3077 2035 3251 2106 βραχὺ
3272 2033 3370 2089 τοῦ

1784 2126 2050 2196 εὐτόλμου
2086 2126 2490 2196 καθυφείκεσαν
2521 2128 2785 2199 λήματος,
2809 2130 2946 2183 ἀλλὰ
2970 2129 3186 2200 πρῶτον
3217 2145 3374 2200 περι-

1781 2218 2031 2287 δυόμενοι
2072 2221 2349 2290 ἐσθῆταςἸ
2380 2222 2525 2276 κατὰ
2578 2223 2752 2291 πυρὸς
2807 2221 3115 2293 βάλλοντες,
3162 2222 3221 2274 τὸ
3256 2220 3373 2293 πῦρ

1783 2307 1894 2367 οἷον
1922 2313 2236 2385 ἠμύνοντο,
2282 2316 2476 2369 ἔπειτα
2526 2316 2650 2370 κατ’
2698 2316 2878 2384 ὀλίγον
2937 2314 3373 2389 κραταιουμένου

1784 2406 1881 2460 τοῦ
1913 2408 2205 2477 φλέγοντος
2255 2409 2615 2479 ἀνηλίσκοντο
2646 2413 2705 2477 ἐς
2740 2413 2872 2465 αὐτὸ
2906 2412 3189 2481 πηδῶντες
3214 2409 3372 2463 ἐκόν-

1785 2516 1897 2567 τες,
1933 2501 2236 2573 φιλήμασιν
2279 2503 2542 2574 ἀλλήλους
2583 2504 2974 2575 ἀφοσιούμενοι
3009 2506 3103 2557 καὶ
3150 2504 3374 2576 σταυρῷ

1789 2696 1990 2753 magno
2020 2684 2208 2752 praelio
2247 2682 2626 2739 Romanorum
2651 2698 2681 2738 a
2714 2684 2832 2738 suis
2864 2683 3267 2738 contribulibus
3299 2684 3369 2739 ad

1789 2774 1941 2843 ipsos
1974 2791 2199 2845 quoque
2247 2776 2613 2844 pervenisset,
2649 2776 2881 2829 audacia
2920 2777 3217 2831 confestim
3250 2777 3375 2834 inde

1790 2879 2008 2938 sumpta
2042 2884 2141 2924 sua
2180 2869 2416 2937 primum
2446 2871 2548 2938 ipsi
2580 2869 2803 2923 vincula
2841 2884 3059 2938 rupere.
3096 2867 3390 2947 Quoniam.

1790 2972 1973 3018 autem
2010 2978 2077 3015 ne
2118 2962 2198 3015 sic
2225 2963 2448 3032 quidem
2480 2961 2723 3032 eliugere
2766 2962 3045 3021 valebant,
3097 2973 3250 3018 turre
3287 2957 3391 3027 ἱηοῖ

1790 3062 1877 3109 tra
1903 3071 2066 3123 quam
2094 3064 2254 3110 erant
2275 3054 2451 3110 clausi
2477 3069 2603 3109 cum
2637 3055 2808 3109 muris
2834 3055 3156 3109 solidissimi
3193 3054 3375 3125 operis

150 3146 213 3198 lia:
243 3147 587 3218 impetratum
625 3164 733 3220 est,
774 3165 831 3207 ut
862 3153 987 3210 duae
1018 3168 1186 3209 naves
1221 3156 1539 3225 imperatori
1586 3155 1689 3209 mi-
1714 3183 1759 3240 ο
1791 3164 1895 3203 nec
1926 3148 2141 3218 eiii-iugi
2174 3163 2339 3201 manu
2370 3170 2375 3175 ι
2404 3148 2687 3212 lacilibus,
2733 3159 2845 3201 tum
2893 3148 3068 3202 valvis
3126 3150 3391 3227 securis-1

149 3236 339 3296 maturae
385 3255 818 3315 segregarentur
862 3261 892 3300 e
934 3248 1114 3301 classe
1162 3246 1398 3314 reliqua,
1433 3247 1688 3302 mercede

148 3339 267 3393 pacta
299 3349 387 3387 sex
424 3338 663 3391 millium
717 3354 1097 3403 nummorum,
1138 3339 1304 3409 idque
1343 3340 1446 3395 sub
1496 3339 1688 3394 condi-

150 3436 267 3479 tmne
303 3428 512 3484 diserte
564 3429 822 3499 stipulata
862 3439 911 3485 et
965 3430 1330 3501 jurejurando
1380 3431 1688 3488 inriolabili

151 3519 345 3585 lirtnata,
391 3523 538 3578 haud
588 3524 729 3576 ultra
767 3540 989 3581 menses
1023 3527 1168 3582 duos
1204 3526 1329 3582 illas
1366 3527 1685 3599 imperatori

152 3614 436 3680 servituras,
468 3617 569 3670 sed
601 3617 708 3671 isto
748 3617 994 3672 bimestri
1023 3619 1292 3674 duntaxat
1322 3622 1499 3690 spatio
1524 3623 1692 3690 impe-

153 3710 327 3761 ratoria:
350 3710 483 3765 istas
508 3717 883 3766 accensendas
923 3714 1113 3779 classi,
1141 3716 1509 3784 navigaturas‘
1527 3726 1579 3770 et
1606 3717 1689 3771 ci-

154 3804 214 3845 tra
246 3803 623 3869 exceptionem
657 3812 996 3872 pugnaturas
1029 3805 1196 3859 ullam
1242 3809 1509 3863 adversus
1536 3809 1691 3863 Cate-

155 3885 274 3943 laeos
317 3902 367 3945 et
417 3892 802 3963 Antogaharos
847 3895 924 3949 uti
984 3898 1170 3953 hostes
1211 3899 1565 3969 imperatoris
1635 3912 1690 3957 et

153 3978 438 4042 perillustris
467 3996 695 4039 senatus
722 3985 995 4054 ipsorum.
1024 3989 1274 4044 Aliarum
1306 4007 1429 4060 quae
1467 4008 1693 4065 supere-

156 4081 249 4124 rant
280 4091 468 4131 novem
502 4082 728 4131 navium
766 4090 1012 4136 vectores
1038 4082 1265 4150 polliciti
1301 4094 1432 4138 sunt
1483 4084 1692 4141 substi-

156 4171 277 4219 tutos
303 4182 354 4222 se
383 4169 454 4224 ad
491 4171 611 4225 dies
636 4170 848 4240 aliquot
882 4173 1078 4241 gratis,
1104 4183 1158 4229 et
1189 4175 1256 4231 ad
1287 4183 1557 4233 terrorem
1589 4180 1690 4233 ho-

156 4256 296 4310 stihus
350 4259 729 4316 incutiendum
804 4265 1043 4331 speciem
1126 4268 1453 4334 przebituros
1530 4272 1689 4341 quasi

158 4344 465 4405 militantium
490 4354 759 4423 auspiciis
782 4356 1035 4426 Augusti,
1060 4359 1194 4427 quin
1218 4369 1272 4413 ct
1303 4361 1348 4415 si
1376 4377 1436 4416 se
1470 4362 1689 4418 interim

159 4436 303 4508 aliqua
333 4445 552 4500 oﬂ‘erret
587 4451 808 4501 occasio
844 4448 921 4501 rei
955 4447 1098 4502 bene
1129 4452 1407 4520 gerendae,
1457 4454 1694 4509 collatu-

162 4544 231 4586 m:
257 4549 343 4601 pro
371 4538 512 4591 virili
550 4553 772 4608 Operam
817 4540 1153 4609 adjuvandis
1198 4541 1488 4611 Romanis,
1537 4548 1688 4603 salva
1724 4548 1767 4602 D
1799 4544 1998 4598 bantur
2039 4542 2116 4596 illi
2160 4543 2385 4612 quidem
2444 4544 2612 4597 noxio
2665 4560 2679 4596 :

163 4638 340 4696 setnper
369 4632 583 4699 integra
624 4632 878 4687 libertate
909 4634 1133 4702 quando
1165 4637 1376 4691 vellent
1427 4638 1688 4706 abeundi,

165 4715 253 4768 sive
279 4721 474 4793 aliquid
504 4722 756 4778 enectum
800 4723 913 4793 jant
973 4739 1120 4781 esset
1157 4726 1275 4783 sive
1314 4741 1447 4781 non.
1486 4728 1581 4783 His
1611 4731 1694 4786 sic

168 4818 418 4874 transactis
454 4819 754 4889 imperator
789 4828 941 4873 totus
971 4829 1092 4874 erat
1127 4820 1182 4874 in
1217 4820 1571 4890 disquirenda
1605 4838 1696 4879 ra-

168 4904 283 4964 tione
315 4914 552 4968 victoria:
574 4913 644 4968 de
675 4914 927 4971 hostibus
960 4917 1326 4984 reportandae.

275 5048 352 5105 55.
388 5050 458 5106 Dc
495 5051 755 5106 conclusis
789 5052 1142 5119 Adrianopoli
1180 5053 1559 5124 Amogabaris.

224 5184 347 5259 Inter
375 5193 484 5247 haec
520 5207 587 5246 ne
614 5190 715 5261 ipsi
754 5191 975 5260 quidem
1027 5192 1291 5247 eustoditi
1322 5192 1689 5264 Adrianopoli

172 5274 611 5340 Catelanicirciter
643 5286 947 5354 sexaginta,
984 5298 1122 5354 quos
1149 5286 1444 5339 interfecm
1478 5286 1700 5341 Caesare

174 5370 454 5432 deditionem
486 5378 599 5429 vita
621 5375 1151 5445 salvajurejurando
1190 5386 1383 5446 pactos
1433 5378 1545 5432 illic
1577 5393 1700 5433 car-

177 5477 271 5520 cere
310 5472 550 5526 conditos
615 5470 879 5532 diximus,
922 5477 1017 5524 aut
1076 5485 1303 5541 prorsus
1370 5472 1701 5542 ignorarunt

178 5558 275 5623 qnid
302 5563 607 5632 imperatori
642 5561 803 5632 555
846 5571 1043 5617 contra
1079 5580 1238 5619 suam
1275 5566 1521 5635 ipsorum
1565 5583 1701 5636 gen-

183 5657 262 5704 tem
299 5656 546 5728 pugnanti
581 5656 896 5718 accidisset,
932 5666 1113 5711 antea
1150 5660 1228 5711 uti
1264 5661 1460 5713 notitia
1496 5659 1563 5713 ad
1593 5662 1698 5716 sibi

180 5753 466 5818 quoqueper
498 5762 559 5803 se
616 5747 1018 5803 consulendum
1081 5750 1389 5818 neglexere,
1428 5750 1697 5820 siquidem

183 5847 275 5889 cum
301 5844 429 5894 tanta
463 5840 576 5895 late
632 5855 945 5912 pervagatis
984 5841 1232 5898 lusorum
1273 5842 1698 5916 fugatorumque

1797 3244 1935 3298 sime
1997 3242 2300 3297 obstructis
2356 3242 2789 3297 ineluctabilitcr
2850 3241 3060 3296 exitum
3113 3236 3391 3311 negante,"

1797 3345 2054 3406 superato
2088 3335 2210 3405 ejus
2245 3335 2491 3404 fastigio,
2529 3334 2623 3389 ubi
2656 3337 2943 3390 subdivale
2994 3335 3218 3403 patebat
3245 3348 3379 3403 spa-

1797 3429 1958 3493 tium,
1993 3427 2119 3482 inde
2147 3436 2396 3498 repertas
2424 3426 2535 3481 illic
2587 3436 2774 3497 petras
2802 3427 2857 3480 in
2896 3434 3123 3482 nostros
3151 3427 3373 3494 dejicie-

1797 3523 1953 3588 hant,
1989 3523 2069 3578 sic
2102 3527 2391 3577 studentes
2417 3530 2747 3590 praevertere
2778 3536 2847 3576 ne
2888 3523 3190 3576 descensus
3216 3535 3284 3575 ex
3313 3534 3378 3576 eo

1799 3615 1922 3668 loco
1978 3615 2253 3685 ipsorum,
2314 3613 2370 3666 in
2419 3627 2531 3682 quo
2580 3628 2744 3685 quam
2790 3611 3150 3667 securissime
3191 3610 3381 3664 liceret

1800 3706 2124 3761 adornando
2157 3705 2383 3759 interim
2423 3705 2701 3760 industria
2735 3721 2931 3775 magna
2961 3704 3311 3772 satagebant,
3346 3716 3377 3753 a

1799 3798 2121 3853 custodibus
2190 3798 2408 3853 inferne
2467 3798 2908 3867 repugnantibus
2963 3796 3380 3866 prohiberetur.

1800 3890 2004 3946 Verum
2034 3891 2553 3960 Adrianopolitanis
2585 3891 2654 3945 ad
2683 3891 2981 3944 tumultum
3037 3890 3384 3945 accurrenti.

1798 3990 1904 4043 bus
1925 3986 2363 4057 juvantibusque
2388 3985 2673 4049 custodes,
2704 4000 2894 4054 parum
2935 3984 3071 4052 ipsis
3119 3998 3254 4038 suus
3285 3992 3383 4036 aut

1802 4093 2031 4150 prorsus
2106 4079 2242 4132 nihil
2301 4078 2689 4148 quantuslibet
2742 4086 2981 4130 conatus
3033 4076 3379 4145 proﬁciebat.

1803 4173 1959 4230 Unde
1988 4172 2309 4243 paucis‘qui
2343 4172 2568 4227 demissi
2617 4186 2681 4227 ex
2723 4172 2834 4225 alto
2868 4169 3100 4232 frustra,
3141 4168 3385 4237 undique

1800 4266 2012 4332 ambiti,
2047 4265 2234 4336 fugere
2261 4264 2691 4328 contenderant,
2746 4264 2989 4331 denique
3022 4277 3148 4318 sese
3181 4262 3383 4318 dedere

1801 4358 2032 4422 coactis,
2086 4356 2283 4427 reliqui
2339 4372 2584 4428 pugnare
2627 4373 2806 4426 usque
2856 4356 2922 4410 ad
2987 4366 3238 4420 mortem,
3273 4371 3384 4425 qua

1801 4453 1984 4508 solent
2034 4451 2311 4522 desperati
2358 4450 2585 4518 ferocia,
2638 4462 3021 4522 perrexerunt.
3064 4451 3132 4505 Et
3172 4451 3387 4519 jacula-

2736 4555 2997 4596 caeterum
3054 4539 3297 4610 undique
3328 4548 3387 4593 et

1805 4637 1908 4703 ipsi
1944 4635 2069 4690 telis
2121 4636 2347 4706 appetiti
2410 4636 2871 4691 vulnerabantur.
2938 4634 3276 4690 Procedente
3330 4632 3387 4688 in

1807 4730 2026 4799 longum
2051 4728 2384 4795 certamine,
2426 4732 2641 4799 ρει-ιιθεί
2681 4744 2850 4784 morte
2877 4730 3031 4784 cives
3077 4737 3232 4784 strue
3273 4728 3389 4782 cir-

1807 4837 1933 4876 cum
1965 4822 2209 4892 ttndique
2246 4824 2491 4878 materiae
2539 4833 2802 4893 congesta
2832 4824 3015 4893 ignem
3060 4820 3388 4892 subjiciunt,

1806 4927 1864 4972 ut
1895 4917 2088 4971 turrim
2121 4916 2288 4970 simul
2316 4931 2446 4970 cum
2473 4931 2537 4970 ea
2562 4916 2794 4970 inclusis
2822 4913 3192 4971 combusturi.
3220 4911 3393 4967 Exar-

1801 5011 1875 5066 sit
1935 5010 2281 5065 luculentum
2347 5008 2696 5074 incendium,
2764 5007 2928 5077 cujus
2984 5007 3214 5061 involuti
3262 5006 3392 5060 licet

1803 5104 2035 5160 ﬂammis
2086 5104 2442 5176 Amogabari,
2474 5101 2668 5156 ne‘vel
2720 5101 3010 5155 minimum
3045 5100 3268 5167 quidem
3320 5098 3387 5153 de

1808 5215 2075 5269 generosa
2122 5196 2400 5269 pugnandi
2455 5194 2686 5249 audacia
2730 5194 3015 5255 remisere,
3049 5194 3144 5247 sed
3180 5190 3389 5260 princi-

1809 5292 1897 5362 pio
1929 5291 2148 5361 quidem
2183 5297 2451 5344 exuentes
2500 5302 2560 5343 se
2598 5286 2845 5340 vestibus
2876 5300 2972 5339 eas
3005 5286 3058 5338 in
3093 5285 3273 5353 ignem
3307 5283 3392 5337 in-

1807 5381 2149 5453 dignabundi
2209 5394 2272 5434 ac
2338 5379 2486 5432 velut
2535 5377 2812 5432 ﬂammam
2891 5376 3054 5433 ferire
3097 5376 3390 5430 studentes

1804 5472 2106 5540 jaciebant,
2143 5470 2347 5526 deinde
2395 5470 2660 5540 paulatim
2700 5480 2835 5525 azstu
2883 5484 2944 5525 se
2992 5469 3391 5525 corroborante

1812 5567 2305 5629 consumebantur,
2346 5566 2492 5621 ultro
2527 5567 2580 5621 in
2625 5567 2820 5636 globos
2864 5564 3210 5619 ﬂammarum
3254 5561 3391 5615 insi-

1813 5661 2030 5725 lientes,
2066 5670 2355 5729 postquam
2384 5661 2590 5713 mutuis
2619 5659 2722 5713 sibi
2774 5660 2952 5713 oculis
2984 5659 3103 5711 vale
3132 5656 3390 5709 dixerant

1810 5763 1864 5807 et
1890 5753 2046 5826 signo
2073 5757 2258 5811 crucis
2279 5771 2443 5809 manu
2470 5754 2705 5808 formato
2728 5768 2848 5807 sese
2874 5752 3243 5805 muniverunt.
3273 5749 3390 5803 υιιο

1813 5847 1951 5902 inter
1988 5848 2089 5903 hos
2142 5847 2395 5919 juvenes,
2444 5855 2499 5903 et
2538 5845 2811 5917 sanguine
2870 5844 3070 5901 fratres
3118 5852 3175 5900 ct
3228 5842 3394 5916 556
