3848 6620
390 414 509 480 (15

393 541 556 598 μενον
605 523 762 583 δίκας
792 513 866 572 ὧν
906 511 1165 585 ἐμφανῶς

392 594 908 689 τελημμελημάτων,
956 611 1004 663 εί
1044 607 1138 662 καὶ
1181 606 1210 657 ὁ
1243 607 1343 675 τῆς
1394 601 1607 662 πόλεως
1661 598 1841 689 ἱερεὺς

390 684 521 765 τῶηῖ
553 684 993 778 εἱσττραττόντων
1033 698 1362 772 ἐργολαϐίας
1417 693 1702 765 έπῃτιᾶτο,
1739 685 1817 741 ὧν
1867 684 1978 778 οῦδ*

394 803 546 874 αὑτῷ
572 804 627 866 ὲς
664 802 834 861 ἅπαν,
863 798 940 861 ὼς
968 798 1093 858 τοὺς
1121 794 1327 853 πάντας
1355 790 1579 852 εἰδέναι,
1606 787 1669 839 οὐ
1699 783 1860 852 μετὸν
1887 776 1977 850 ἦν,

393 898 491 952 καὶ
521 895 720 965 μᾶλλον
751 893 843 945 ἐπὶ
871 890 985 952 τοῖς
1017 887 1114 957 τῆς
1150 882 1475 952 Ἐκκλησίας
1506 878 1850 949 πράγμασιν.
1878 874 1982 926 Ob-

394 992 483 1044 δὲν
511 986 622 1058 γὰρ
670 981 740 1057 ἦν
775 979 1057 1051 ἐλλειφθὲν
1084 977 1193 1031 τῶν
1236 974 1524 1047 προτέρων
1573 969 1796 1023 ἐκείνων
1844 966 1981 1035 ὅπερ

397 1083 498 1135 οὐκ
532 1078 694 1140 αὐτὸς
749 1078 911 1146 ἔχων,
960 1073 1055 1127 καὶ
1104 1069 1245 1123 αὐτὰ
1291 1067 1355 1136 δὴ
1385 1065 1456 1118 τὰ
1503 1064 1613 1117 τῶν
1653 1059 1983 1129 ἀξιωμάτων

400 1174 672 1244 προνόμια
705 1167 952 1238 ἀκριϐῶς
988 1164 1170 1224 αὐτοῖς
1196 1157 1587 1229 ἐνεργούμενα,
1625 1153 1700 1215 ὡς
1726 1153 1980 1205 ἀπαυανο

401 1262 561 1330 θῆναι
590 1260 788 1322 τελέως
834 1256 1048 1318 τούτοις
1100 1253 1195 1304 καὶ
1242 1253 1341 1312 τὰς
1387 1249 1575 1317 τιμὰς,
1619 1244 1850 1314 πτωχῶν
1885 1243 1983 1312 μὲν

400 1351 714 1421 πολυωρίαν
741 1348 1056 1420 προΐσχετο,
1085 1342 1299 1411 τιμίους
1340 1340 1393 1393 δ’
1431 1338 1632 1407 ἄνδρας
1667 1338 1761 1389 καὶ
1803 1332 1986 1396 αἰδοῦς

402 1444 665 1506 tractator;
715 1440 899 1506 ἀξίους
951 1438 1084 1504 παρ’
1130 1436 1283 1489 οὐδὲν
1313 1434 1476 1502 ἔχων,
1533 1430 1699 1499 μηδὲν
1754 1426 1984 1489 ἐκείνοις

403 1539 548 1608 ζωῆς
576 1534 847 1607 προνοῶν,
881 1530 1020 1585 ἀλλὰ
1042 1529 1135 1582 καὶ
1168 1526 1491 1595 ἀναλγήτως
1519 1523 1596 1587 ὡς
1638 1523 1765 1588 ὲνῆν
1815 1535 1986 1591 προσ-

405 1633 706 1704 φερόμενος
739 1631 802 1681 ὲκ
829 1624 1031 1696 πικροῦ
1072 1622 1167 1676 καὶ
1209 1620 1429 1679 ἀτενοῦς
1471 1618 1656 1690 ἦθους,
1683 1614 1987 1682 πτωχεύειν

406 1725 605 1789 ἐποίει,
638 1721 684 1775 ὣ
716 1719 1004 1790 συμφορᾶς
1035 1716 1134 1788 οὐχ
1177 1714 1292 1776 οἵας
1324 1712 1373 1765 τ’
1409 1712 1651 1777 ἐνεγκεῖν
1681 1707 1987 1778 ἐλευθέροις

406 1818 580 1881 ὅλωςῑ
635 1812 935 1884 πανταχόθι
983 1814 1080 1881 τῆς
1111 1809 1341 1871 πόλεως.
1376 1806 1468 1875 Τῷ
1511 1804 1619 1873 γὰρ
1652 1802 1773 1873 ἤθει
1806 1799 1989 1870 πικρῷ

407 1924 470 1974 γε
525 1905 636 1959 δντι
677 1907 704 1957 ὁ
748 1902 856 1956 τῶν
916 1899 1082 1954 πάλαι
1146 1897 1533 1966 ξυμπεσόντων
1576 1894 1715 1946 κατὰ
1769 1891 1990 1961 μνήμην

410 1998 700 2058 συντακεὶς
724 1996 882 2056 κότος
910 1992 1096 2061 κοινὴν
1123 1990 1372 2058 Ἑριννὺν
1403 1988 1660 2056 ἄντικρυς
1690 1983 1865 2036 ἐποίει
1899 1981 1992 2033 τὸν

409 2090 721 2160 ἄνθρωπον,
779 2085 901 2154 μηδ’
963 2080 1126 2138 αὑτοῦ
1180 2079 1440 2149 βασιλέως
1498 2078 1632 2140 ὅλως
1684 2074 1992 2143 δυναμένου

415 2180 785 2254 μεταϐάλλειν
808 2178 867 2229 τὸ
888 2173 1040 2248 ἦθος,
1066 2174 1117 2225 εί
1145 2172 1245 2226 πού
1272 2189 1333 2239 γε
1369 2172 1463 2224 καὶ
1484 2168 1794 2233 οἰκτίζοιτο.
1836 2165 1997 2235 Ὀση-

417 2274 583 2344 μέραι
614 2272 724 2343 γὰρ
756 2268 1045 2339 ἀναφορῶν
1079 2267 1214 2337 πρὸς
1261 2265 1423 2318 αὑτὸν
1456 2263 1794 2331 γιγνομένων
1844 2258 1996 2313 οὐδὲν

411 2365 473 2416 τὸ
524 2363 792 2430 παράπαν
846 2359 1063 2430 ἠνύετο.
1102 2359 1209 2409 Καὶ
1250 2355 1324 2416 ὼς
1358 2353 1504 2415 εἰκὸς
1542 2351 1852 2404 κατενοεῑτο
1900 2348 1996 2400 καὶ

358 2496 365 2501 .
415 2456 683 2528 πρότερον
715 2452 891 2507 ταῦτα
923 2451 1188 2522 πράττειν
1236 2447 1427 2511 θέλων,
1466 2447 1516 2497 εί
1543 2446 1637 2497 καὶ
1676 2443 1826 2513 παρὰ
1865 2441 1997 2495 πολ-

417 2591 560 2645 citas
608 2588 1017 2648 criminaretur,
1064 2584 1132 2638 iis
1179 2597 1400 2636 causam
1446 2581 1724 2640 imputans
1763 2576 1858 2630 irae
1886 2589 2001 2629 cm-

419 2680 597 2745 lestis,
644 2680 807 2748 paris
840 2678 957 2747 ipse
1012 2684 1219 2735 tamen,
1263 2673 1314 2725 id
1354 2670 1498 2739 quod
1548 2682 1741 2723 omnes
1777 2676 1998 2731 nerant,

419 2772 566 2826 haud
607 2786 806 2838 expers
840 2769 1036 2837 culpae,
1074 2765 1309 2818 maxime
1342 2765 1396 2816 in
1444 2760 1834 2816 ecclesiasticis
1871 2772 2000 2827 pos-

419 2862 763 2915 scssionibus
813 2867 867 2912 et
916 2857 1288 2926 proventibus.
1336 2853 1483 2908 Nihil
1532 2853 1676 2906 enim
1726 2853 1837 2919 jam
1883 2859 2002 2904 erat

421 2950 585 3004 istius
644 2948 864 3019 generis
921 2962 951 3001 e
998 2946 1276 3015 prioribus
1329 2944 1437 2999 illis
1490 2940 2003 3011 depcculationibus

425 3040 932 3111 reliquumquod
993 3052 1102 3091 non
1161 3038 1276 3107 ipse
1338 3045 1652 3105 usurparet.
1710 3049 1883 3104 usque
1935 3038 2002 3088 ad

420 3135 572 3205 ipsos
596 3133 957 3202 dignitatibus
983 3130 1371 3184 ecclesiasticis
1390 3127 1731 3184 sustinendis
1755 3127 2003 3183 addictos

1610 385 1933 451 GEORGII
1985 376 2474 445 PACHYMERE

1198 509 1299 580 οὐχ
1341 501 1445 561 οἶοί
1500 504 1545 558 τ’
1591 499 1736 574 ἦσαν
1769 499 1971 553 είδέναι
1999 505 2042 561 Α
2075 474 2182 544 λῶν
2210 489 2305 542 καὶ
2332 486 2596 559 μεγάλων
2633 479 2705 553 τῴ
2737 480 2949 553 βασιλεῖ
2977 473 3408 580 πλὶησιειζόντων
3435 490 3657 527 κατεκω-

3567 362 3656 427 ΗΟ

2080 585 2260 638 λύετο.
2297 581 2413 634 Νῦν
2441 579 2486 632 δ’
2535 576 2673 631 ἀλλὰ
2704 574 2817 627 τῶν
2854 572 2954 643 μὲν
3006 568 3066 635 ἐξ
3099 567 3421 639 ἀνθροϋπων
3457 570 3659 635 γενομέ-

2082 694 2211 740 νων,
2249 673 2360 726 τῶν
2391 673 2437 726 δ’
2471 667 2716 725 ἐκποδὼν
2751 667 3008 729 ἑκόντων,
3032 663 3143 715 τῶν
3174 661 3234 715 δὲ
3270 662 3370 715 καὶ
3402 661 3518 714 κατ’
3540 660 3660 731 ἑπτή-

2087 784 2241 841 ρειαν
2300 759 2860 834 ἀπαλλοτριωθέντων
2914 758 3010 810 καὶ
3060 754 3361 827 βασιλέως,
3407 752 3561 809 αὐτος
3604 754 3656 806 et

2083 862 2203 916 κατ’
2235 860 2354 921 ἔθος
2385 856 2584 929 πικρὸν
2629 855 2709 916 ὡς
2754 852 2901 914 εἰκὸς
2933 849 3162 918 θελητδν
3212 846 3419 918 ῥᾳδίως
3466 846 3656 915 ὲξήνυε,

2088 952 2319 1024 μηδενὸς
2376 951 2469 1004 τὸν
2530 945 2840 1019 κρατοῦντα
2902 941 3219 1012 τολμῶντος
3285 937 3517 993 νύττειν.
3566 939 3658 990 Καὶ

2074 1047 2276 1117 ,ὥσπερ
2304 1044 2372 1098 ἂν
2396 1043 2446 1095 εί
2470 1038 2609 1096 Θεοῦ
2639 1037 2965 1109 ἀργοῦντος,
3003 1034 3149 1089 κατὰ
3188 1033 3294 1103 τὴν
3326 1031 3544 1102 δημώδη
3568 1047 3658 1083 πα-

2087 1138 2330 1209 ροιμίαν,
2347 1134 2472 1189 τινὰ
2494 1133 2850 1204 πράττονται,
2872 1128 3018 1182 οῦτω
3035 1129 3131 1181 καὶ
3160 1124 3435 1195 βασιλέως
3448 1123 3657 1191 ἀργοῦν-

2084 1247 2198 1295 τος,
2240 1226 2634 1296 δικαιωμάτων
2669 1222 3083 1294 προϊσχομένων
3110 1219 3281 1282 Θεοῦ,
3312 1212 3395 1280 οἷς
3442 1216 3543 1270 οὐδ’
3576 1217 3661 1270 αὖ·

2085 1322 2176 1386 τος
2224 1319 2511 1391 ἄνθρωπος
2557 1316 2803 1388 γεγονὼς
2834 1316 3127 1385 ἐχρήσατο,
3175 1309 3339 1365 ταῦτ’
3384 1310 3660 1379 ἐγίγνοντο.

2087 1415 2200 1468 Καὶ
2224 1414 2305 1468 ὃτι
2334 1418 2432 1484 μὲν
2453 1412 2523 1467 δι’
2553 1412 2829 1483 ἁμαρτίας
2855 1412 2886 1479 ἠ
2915 1405 3351 1478 παραχώρησις,
3393 1404 3657 1474 πρόδηλον.

2090 1510 2242 1578 Πλὴν
2273 1508 2388 1564 ἀλλ’
2418 1510 2446 1561 ὁ
2487 1507 2620 1578 πρὸς
2652 1505 2738 1577 [Ρ.
2767 1501 2896 1575 589]
2936 1503 2996 1557 τὸ
3024 1501 3293 1565 κολάζειν
3337 1498 3549 1570 κληθεὶς
3576 1512 3660 1565 φο-

2090 1600 2296 1654 ϐείσθω
2322 1602 2419 1670 τὴν
2454 1598 2815 1669 πρόσκλησιν,
2842 1596 2921 1659 ὡς
2949 1594 3102 1649 οὐδὲν
3136 1595 3286 1656 ὅλως
3323 1593 3436 1645 τῶν
3464 1591 3658 1660 ἀγαθῶν

2090 1693 2338 1761 ἀγγέλων
2357 1691 2611 1754 κολάζειν
2640 1691 2768 1753 τοὺς
2793 1691 2874 1751 είς
2900 1689 3036 1742 Θεὸν
3058 1687 3503 1759 ἁμαρτάνοντας.
3538 1685 3658 1737 Ἀλλ’

2088 1782 2165 1845 ὡς
2195 1782 2362 1848 ἔοικε,
2396 1782 2558 1851 μέλον
2583 1776 2656 1853 ἦν
2685 1780 2806 1851 θεῷ
2836 1781 2993 1850 κοινῇ
3032 1779 3131 1832 καὶ
3159 1778 3297 1840 τοὺς
3325 1777 3474 1838 ἐντὸς
3512 1777 3660 1847 κυρῆ-

2022 1873 2064 1927 Β
2098 1894 2189 1930 σαι
2214 1879 2327 1937 τοῖς
2351 1874 2628 1946 χαλεποῖς,
2663 1874 2714 1927 εἰ
2742 1874 2840 1926 καὶ
2870 1872 2945 1943 μὴ
2973 1874 3177 1943 ὁμοίως
3213 1874 3333 1935 τοῖς
3373 1871 3657 1941 προστιμιῦ-

2096 1987 2183 2023 σιν
2206 1969 2447 2041 ἐχρῶντο
2471 1968 2609 2038 μηδὲ
2633 1968 2734 2029 τὰς
2760 1966 3011 2029 κολάσεις
3032 1967 3341 2035 ὑφίσταντο
3368 1967 3467 2027 τὰς
3494 1964 3659 2031 αὐτὰς,

2093 2064 2168 2127 ὡς
2201 2066 2318 2117 ἐκεῖ
2360 2063 2460 2131 μὲν
2490 2061 2771 2130 πολεμίων
2794 2062 2969 2126 ὄντων
2997 2061 3107 2115 τῶν
3143 2059 3559 2128 ἐπιτιθεμένων,
3585 2060 3656 2110 ἐν·

2096 2157 2274 2211 ταῦθα
2306 2156 2350 2210 δ’
2409 2156 2576 2219 ίδίων,
2611 2157 2772 2210 κάκεῖ
2818 2155 2918 2224 μὲν
2966 2157 3047 2219 είς
3080 2154 3247 2223 σῶμα
3281 2153 3380 2207 τοῦ
3436 2152 3654 2207 κινδύνου

2097 2250 2550 2321 περιισταμένου,
2571 2247 2806 2303 ἐνταῦθα
2818 2249 2874 2301 δὲ
2893 2250 2985 2302 καὶ
2998 2249 3078 2312 είς
3090 2248 3284 2319 ψυχὴν
3297 2246 3657 2308 διαϐαίνοντος.

2098 2342 2266 2395 Ἀλλὰ
2317 2341 2492 2395 ταῦτα
2543 2342 2642 2411 μὲν
2672 2342 2781 2410 ὅπη
2827 2339 2903 2409 τῷ
2935 2340 3053 2409 Θεῷ
3091 2341 3255 2407 φίλον
3290 2341 3530 2408 ἀγέσθω,
3558 2338 3652 2392 εἴθε

2097 2436 2157 2489 δέ
2194 2452 2257 2505 γε
2287 2436 2383 2488 καὶ
2409 2434 2668 2505 ἄμεινον·
2701 2436 2835 2505 ἡμῖν
2867 2434 3078 2499 δἀῦθις
3098 2435 3299 2488 ἑκτέον
3333 2433 3443 2488 τῶν
3459 2434 3650 2502 ἑφεξῆς.

2101 2582 2339 2637 saretur,
2391 2572 2534 2627 haud
2586 2585 2708 2627 esse
2756 2572 3024 2629 indicium
3074 2582 3258 2629 auctae
3316 2589 3461 2628 nunc
3508 2572 3655 2641 ipsius

2104 2667 2366 2721 maleﬁca:
2415 2667 2742 2732 voluntatis,
2803 2665 2901 2719 sed
2950 2681 3075 2719 cum
3130 2665 3255 2734 pari
3307 2680 3515 2731 semper
3557 2664 3655 2732 eius

2104 2770 2262 2814 atrox
2293 2760 2512 2814 animus
2540 2759 2890 2814 inclementia
2917 2756 3177 2823 ferretur,
3202 2759 3498 2813 cohibitum
3528 2757 3653 2808 illum

2106 2853 2511 2922 quadamtenus
2534 2861 2694 2908 antea
2724 2852 3014 2923 praesentia
3040 2862 3094 2906 et
3118 2852 3352 2921 monitis
3375 2861 3652 2917 magnarum

2107 2948 2473 3017 plurimorum
2513 2946 2738 3016 prppria
2769 2945 3060 3000 nobilitate
3108 2959 3175 2998 ac
3223 2943 3483 3012 principis
3518 2940 3655 2994 latui-

2108 3037 2233 3091 liari
2263 3037 2440 3107 gratia
2474 3036 2580 3107 ipsi
2619 3051 2840 3107 quoque
2886 3036 3261 3090 verendorum
3289 3053 3306 3102 ;
3338 3036 3519 3104 quales
3548 3044 3649 3085 cum

2111 3127 2273 3184 modo
2313 3144 2421 3183 non
2459 3128 2745 3190 adessent,
2780 3128 2977 3199 partim
3029 3136 3209 3183 morte
3243 3125 3519 3188 subtracti,
3551 3139 3654 3193 par-

422 3226 555 3280 olim
595 3238 820 3287 census,
853 3222 992 3275 adeo
1026 3234 1086 3274 ut
1117 3224 1185 3275 ad
1219 3220 1419 3276 incitas
1450 3220 1655 3275 redacti
1686 3220 1782 3290 qui
1817 3234 2005 3275 sacro-
2030 3226 2076 3285 c
2111 3224 2205 3275 tim
2249 3221 2567 3276 voluntario
2619 3236 2840 3276 secessu
2872 3214 2980 3276 alio
3014 3220 3215 3286 delati,
3246 3219 3441 3291 partim
3472 3216 3654 3274 damnis

423 3333 546 3372 rum
618 3318 893 3371 honorum
964 3315 1158 3368 titulos
1234 3322 1526 3384 gererent,
1592 3313 2007 3369 obsolescerent

423 3424 654 3478 prorsus
704 3416 757 3462 et
810 3407 1060 3484 pudenda
1115 3407 1301 3459 illuvie
1351 3407 1662 3461 sorderent.
1696 3406 1762 3458 Et
1801 3406 2008 3473 rapinis

425 3502 517 3554 ille
546 3499 766 3569 quidem
804 3484 1340 3552 istiusmodiruram
1378 3496 1750 3551 mendicorum
1786 3495 2011 3551 alendo-

424 3608 546 3646 rttm
587 3591 948 3653 obtendebat,
1002 3590 1148 3645 haud
1202 3590 1644 3644 animadvertetis
1678 3589 1841 3661 560
1864 3589 2009 3644 ntul-

425 3686 678 3754 tiplicare
725 3699 785 3740 se
829 3683 938 3739 hoc
986 3683 1146 3737 modo
1188 3681 1567 3736 mendicorum
1615 3697 1911 3737 numerum
1954 3681 2010 3736 in

426 3793 664 3847 eumque
738 3775 1087 3846 compingere
1160 3776 1306 3830 viros
1371 3776 1638 3829 natalium
1695 3783 1749 3829 et
1800 3776 2010 3831 dotium

426 3872 722 3939 Splendore
777 3886 980 3938 magna
1035 3870 1233 3938 dignos
1285 3872 1631 3937 reverentia,
1685 3885 1822 3939 quos
1861 3870 2012 3925 omni

372 3986 383 3997 π
428 3966 559 4017 vita:
621 3963 921 4018 toleranda:
975 3963 1236 4018 facultate
1289 3961 1588 4018 destitutos
1639 3953 2010 4032 relinquebat,

428 4068 499 4107 ne
530 4053 580 4107 Id
613 4054 835 4123 quidem
859 4054 1122 4109 solatium
1153 4053 1448 4124 indulgens
1474 4054 1715 4119 miseris,
1738 4065 1797 4108 ut
1821 4069 2011 4109 eorum

432 4162 571 4215 quas
608 4149 786 4216 palam
817 4153 1067 4202 cerneret
1095 4147 1355 4200 aerumnis
1384 4147 1676 4201 condolere
1712 4147 2007 4201 videretur.

429 4239 673 4295 Crudum
708 4241 853 4292 enim
892 4247 946 4291 et
996 4237 1260 4291 immitem
1309 4252 1408 4306 pro
1447 4251 1546 4291 sua
1589 4245 1782 4290 caetera
1829 4235 2015 4306 rigidae

432 4333 634 4388 indolis
696 4330 1000 4385 acerbitate
1048 4331 1336 4385 obvertere
1384 4329 1771 4399 perseverabat
1802 4332 2012 4383 vultum

433 4437 599 4494 atque
630 4428 890 4480 obtutum
923 4425 991 4477 iis
1025 4422 1182 4492 ipsis,
1225 4438 1366 4490 quos
1406 4439 1436 4476 e
1469 4423 1755 4491 splendida
1795 4421 2013 4477 fortuna

433 4517 724 4587 spoliando
773 4516 1118 4585 compulerat
1165 4514 1235 4569 ad
1282 4516 1487 4568 victum
1542 4514 1648 4569 sibi
1708 4514 2016 4570 mendicato

2110 3317 2356 3386 acceptis
2405 3315 2628 3371 alienati
2674 3331 2704 3369 a
2738 3315 2991 3385 principe
3040 3325 3446 3386 proptereaque
3488 3318 3656 3382 sponte

2111 3408 2237 3464 aula
2287 3416 2342 3463 et
2391 3411 2528 3465 urbe
2585 3408 2867 3478 digressi,
2912 3409 3027 3479 ipse
3067 3425 3217 3465 nunc
3272 3409 3463 3463 solutis
3505 3403 3656 3457 omnis

2111 3511 2398 3572 respectus
2436 3502 2668 3556 habenis
2718 3500 2890 3556 libere
2936 3509 3103 3555 totum
3154 3503 3445 3555 exserebat
3489 3499 3655 3549 innatae

2115 3594 2538 3648 inhumanitatis
2587 3592 2888 3657 feritatem,
2932 3596 3159 3647 nemine
3186 3595 3303 3658 jam
3335 3593 3423 3655 qui
3450 3587 3656 3643 auctori-

2115 3695 2227 3741 tate
2278 3684 2508 3755 pollem
2552 3684 2735 3752 aliqua
2779 3684 2845 3737 de
2884 3684 2967 3739 his
3001 3685 3360 3754 interpellare
3389 3684 3654 3751 Augustum

2116 3778 2375 3833 audente.
2411 3777 2606 3846 Itaque
2638 3776 2804 3840 sicut,
2830 3776 2988 3846 juxta
3020 3777 3289 3846 populare
3310 3776 3543 3835 verbum,
3567 3770 3654 3822 Deo

2115 3879 2369 3926 cessante
2400 3886 2464 3926 ac
2491 3873 2647 3940 quasi
2678 3871 3013 3926 dormitante
3045 3872 3301 3942 quaedam
3331 3868 3569 3936 aguntur,
3597 3863 3654 3915 ila

2117 3978 2266 4018 nunc
2294 3961 2529 4018 feriante
2554 3978 2619 4017 ac
2646 3963 2982 4019 conuivente
3010 3965 3267 4035 Augusto
3300 3963 3383 4017 ha:
3407 3960 3545 4031 56]
3574 3956 3656 4010 im-

2116 4069 2264 4125 pune
2311 4069 2617 4125 secureque
2650 4054 3031 4112 immanitates
3089 4055 3511 4116 exercebantur,
3548 4062 3653 4118 spe-

2117 4146 2269 4200 cioso
2320 4146 2721 4201 commendatae
2774 4148 3007 4203 obtentu
3062 4149 3528 4218 exsequendarum
3577 4139 3654 4193 Dei

2111 4237 2598 4307 justilicationum,
2630 4239 2835 4309 quibus
2869 4240 2986 4311 ipse
3023 4241 3114 4310 qui
3160 4242 3248 4297 sic
3276 4250 3474 4312 ageret,
3506 4248 3654 4301 αυυη·

2120 4331 2347 4393 tumvis,
2404 4340 2463 4385 ut
2518 4333 2707 4398 homo,
2766 4334 2938 4389 nihilo
2989 4350 3153 4405 quam
3207 4337 3453 4392 homines
3502 4326 3652 4387 caeleri

2120 4423 2305 4478 minus
2322 4423 2621 4488 obnoxius,
2651 4424 2704 4478 in
2731 4440 2789 4481 se
2818 4426 2938 4495 ipso
2969 4436 3149 4481 tamen
3176 4429 3396 4482 minime
3420 4431 3650 4479 uteretur.

2119 4514 2296 4585 Atque
2329 4516 2471 4570 hanc
2504 4516 2578 4571 illi
2607 4517 2828 4587 quidem
2862 4526 3087 4589 prapter
3117 4532 3339 4590 peccata
3370 4527 3541 4573 nostra
3568 4525 3652 4567 nos

432 4610 837 4680 quaeritandum
876 4610 931 4680 (ο
980 4607 1370 4663 contumeliam
1412 4606 1583 4660 libere
1614 4608 1756 4662 natis
1785 4619 1840 4661 et
1879 4608 2009 4662 edu-
2047 4593 2093 4649 Ῐ)
2124 4610 2197 4661 ita.
2245 4609 2610 4663 conculcandi
2663 4609 2940 4665 licentiam
2973 4627 3040 4665 ex
3070 4614 3184 4666 alto
3216 4622 3538 4667 concessam.
3563 4616 3649 4657 00"

433 4701 576 4755 catis
632 4715 860 4769 prorsus
923 4698 1403 4767 intolerandam!)
1464 4699 1668 4767 passim
1724 4715 1819 4768 per
1868 4700 2017 4755 vicos

436 4792 758 4861 plateasque
804 4790 1068 4845 civitatis.
1127 4789 1362 4844 Tantum
1405 4789 1661 4843 videlicet
1704 4790 1955 4845 abluerat
1987 4808 2017 4846 a

438 4884 732 4937 minuenda
763 4883 1168 4953 mollicndaque
1205 4882 1288 4937 vel
1331 4884 1613 4953 paululum
1644 4885 1849 4939 duritie
1879 4886 2020 4940 autil

433 4990 566 5042 qua,
601 4983 659 5026 ut
685 4990 791 5043 qua
833 4988 893 5028 se
934 4974 1210 5043 quondam
1263 4972 1525 5043 ﬂagrasse
1551 4977 1623 5028 ob
1648 4991 1767 5030 eam
1812 4977 2019 5032 invidia

437 5068 785 5128 meminerat,
812 5080 932 5118 eam
958 5066 1116 5134 quasi
1142 5065 1254 5134 jam
1285 5065 1478 5120 ulcisci
1505 5066 1756 5134 Studens,
1781 5070 2020 5139 imleque
2052 5079 2055 5091 '

438 5172 706 5212 accensus
734 5158 1112 5229 indignatione
1131 5160 1370 5224 szeviori,
1398 5157 1616 5215 Furiam
1639 5162 1800 5232 plane
1826 5179 2022 5232 quam-

437 5251 563 5305 dant
617 5259 670 5305 et
728 5264 1078 5305 communem
1142 5251 1389 5322 Erinnyn
1448 5269 1509 5308 se
1571 5256 1838 5322 prasberet
1900 5258 2021 5312 vice

441 5346 714 5411 hominis;
740 5361 838 5398 nec
859 5360 983 5399 eum
1011 5343 1330 5413 imperator,
1357 5355 1655 5416 utcumque
1677 5349 2021 5407 calamitates

439 5438 690 5504 publicas
741 5437 1041 5503 miserans,
1093 5437 1387 5494 deflectere
1436 5442 1505 5495 ab
1556 5442 1784 5495 immani
1838 5445 2020 5515 rigore

440 5538 646 5598 posset,
666 5530 907 5599 querelis
930 5532 996 5583 ad
1023 5530 1167 5585 hunc
1185 5533 1429 5602 quotidie
1448 5534 2023 5605 obtestationibusque

442 5624 740 5677 multorum
777 5623 894 5678 dira
923 5627 1243 5693 patientium
1271 5626 1392 5681 sine
1420 5628 1532 5681 ullo
1564 5642 1794 5697 prorsus
1821 5630 2020 5685 effectu

439 5714 658 5769 delatis.
729 5715 1218 5786 lntelligebantque
1271 5718 1366 5788 qui
1438 5727 1641 5773 statum
1698 5732 2021 5787 praesentem

443 5821 626 5860 rerum
690 5823 811 5859 cum
873 5807 1148 5876 superiori
1200 5811 1599 5877 comparabant
1660 5811 2021 5880 prudentius,

444 5902 590 5970 quod
635 5916 781 5955 nunc
814 5900 1153 5959 Athanasius
1184 5902 1443 5960 licentius
1473 5918 1639 5975 quam
1670 5913 1832 5961 antea
1864 5921 2022 5977 gras-

2120 4709 2206 4753 est
2235 4700 2488 4756 dubium.
2537 4700 2806 4756 Caeterum
2854 4703 2948 4771 qui
2998 4703 3065 4756 ad
3112 4705 3251 4760 alios
3284 4701 3651 4771 castigando“

2122 4790 2233 4846 Deo
2268 4803 2524 4860 vocatur,
2565 4797 2757 4852 timeat
2793 4798 3171 4867 praeiudicium
3207 4796 3419 4854 infamis
3447 4790 3654 4847 ministe-

2119 4888 2208 4951 rii,
2244 4892 2588 4957 peccantium
2622 4892 2676 4945 in
2714 4890 2886 4946 Deum
2917 4893 3340 4948 cruciandorum
3365 4908 3379 4957 ;
3405 4889 3579 4958 qlliPPe
3597 4878 3650 4932 ad

2122 4980 2267 5048 quod
2305 4980 2386 5033 rri
2418 4984 2595 5035 solum
2628 4993 2682 5038 et
2712 4986 2866 5050 mali,
2897 5002 3006 5040 non
3046 4997 3230 5043 autem
3280 4984 3401 5041 boni
3441 4971 3649 5034 adhiberi

2123 5072 2301 5139 angeli
2325 5075 2740 5129 consueverint.
2772 5075 2974 5133 Verum
3010 5080 3089 5132 uti
3120 5087 3357 5150 apparet,
3389 5073 3437 5128 id
3461 5065 3652 5125 curabat

2125 5164 2265 5219 Deus
2314 5173 2374 5218 ut
2416 5165 2646 5220 Romani
2699 5183 2855 5237 aeque
2890 5185 3106 5233 omnes,
3142 5172 3235 5225 imi
3267 5165 3475 5227 summi,
3509 5154 3651 5214 eccle-

2124 5258 2357 5320 siastici,
2418 5259 2583 5324 laici,
2637 5261 2783 5314 intra
2850 5262 3043 5317 urbem
3083 5274 3137 5318 et
3193 5274 3342 5320 extra
3392 5260 3651 5326 degentes,

2125 5350 2495 5417 plecterentur
2536 5351 2695 5406 malis
2730 5351 2782 5406 in
2814 5370 3016 5423 genere
3044 5355 3296 5410 dissimili
3337 5353 3419 5405 vix
3451 5337 3650 5411 dispa'is

2124 5444 2435 5513 gravitatis.
2495 5445 2625 5499 licet
2678 5444 2814 5500 foris
2868 5447 3090 5516 quidem
3143 5449 3255 5503 haec
3308 5446 3373 5500 ab
3417 5436 3649 5495 hostibus.

2126 5537 2275 5590 intus
2324 5551 2352 5589 a
2403 5537 2618 5591 civibus
2660 5538 3023 5604 inferrentur,
3056 5556 3200 5595 noxa
3231 5541 3342 5595 illic
3376 5536 3423 5589 in
3459 5531 3650 5592 corl’ore

2127 5630 2395 5695 lnerente,
2420 5631 2509 5685 hic
2527 5632 2692 5686 etiam
2715 5642 3042 5702 penetrante
3065 5651 3240 5704 usque
3263 5629 3513 5686 adauimre
3547 5610 3650 5669 inti-

2127 5739 2299 5777 mum.
2319 5723 2423 5779 Sed
2445 5725 2546 5778 ista
2564 5741 2671 5794 quo
2695 5728 2802 5781 Deo
2825 5728 3000 5781 visum
3024 5728 3442 5798 fueritaguntor.
3465 5713 3646 5771 Utinam

2128 5827 2312 5872 autem
2341 5816 2692 5873 reﬂectantur
2716 5823 2767 5874 in
2797 5821 3011 5878 ntelius.
3039 5822 3234 5878 Nostra
3270 5831 3419 5892 porro
3434 5810 3650 5868 deuntel’s

2127 5909 2389 5965 reddatur
2411 5925 2578 5984 opera
2607 5913 2852 5986 reliquis,
2877 5929 3037 5988 prout
3066 5926 3192 5974 sunt
3212 5923 3353 5989 gesta
3374 5892 3658 5965 referendis.

3810 2798 3811 2815 1

3810 2824 3811 2841 1

3810 2950 3811 2969 1

3809 3254 3811 3273 1

3810 3306 3811 3325 1

3810 3336 3811 3353 1

3810 3372 3811 3391 1
