3738 6592
503 392 627 464 ’619

1751 395 2074 470 GEORGII
2108 402 2594 478 'PACHYMERI'E
3585 440 3650 501 lilii

588 524 682 625 καὶ
702 521 1069 625 ’γραξ-ιμπιτεὺς
1100 522 1193 577 τοῦ
1213 523 1511 625 Ιςαίσαρος,
1543 516 1796 625 θίὰκιυϐος
1824 527 2086 625 τοῦνομα,
2116 527 2170 591 Α
2194 534 2596 603 κατελάμϐανε,
2625 536 2717 591 καὶ
2747 537 2843 591 σὺν
2891 536 3038 607 αὐτῷ
3075 537 3163 591 τὸν
3188 539 3288 592 τῶν
3332 538 3648 625 Λατινικῶνέρ.

506 613 671 678 ἁλοὺς
699 617 787 667 ἐπὶ
820 615 1045 669 Τενέδου
1072 616 1291 686 γραφὰς
1327 622 1479 687 παρὰ
1501 619 1625 683 τοὺς
1653 620 1713 675 ἐν
1743 620 1963 691 Σικελία
1994 638 2088 674 κο-

508 705 702 777 μίζων,
737 705 797 758 ὃν
819 706 1192 776 ὲπαναχθέντα
1224 707 1362 778 πρὸς
1390 707 1614 778 βασιλέα
1641 709 1854 782 βασιλεῖ
1882 712 2089 783 πληρο-

504 799 689 868 φορεῖν
717 797 1047 865 ξυνέϐαινεν,
1089 798 1173 872 [Ρ.
1207 800 1335 874 394]
1368 801 1444 865 ὡς
1477 803 1544 874 ἢν
1590 804 1665 874 μή
1700 820 1765 874 γε
1808 805 1904 858 καὶ
1934 805 2086 861 ἄλλοι

503 892 854 959 προστεθεῒεν
875 893 1026 962 σφίσι
1056 895 1369 966 Σικελίηθεν
1398 897 1750 968 ἀναχθέντες,
1781 899 1878 963 τὰς
1909 900 2087 971 ὁρμὰς

501 981 656 1035 αὐτοὶ
688 982 1066 1054 ύποκλὼμενοι
1096 986 1305 1058 ἕτοιμοί
1326 989 1468 1041 εἰσιν
1494 989 1815 1060 εἰρηνεύειν.
1848 992 1922 1043 Τὸ
1954 991 2085 1055 γοῦν

496 1068 707 1129 ἐκεῖθεν
745 1079 1074 1153 ίέναικτινᾶς.
1109 1082 1232 1134 ὅσον
1260 1082 1321 1134 τὸ
1352 1084 1443 1152 ἀφ’
1466 1082 1662 1136 ἑαυτοῦ
1694 1085 2085 1154 συνεργοῦντος

498 1168 546 1221 εί
574 1168 853 1239 ἐπισταίη.
885 1170 1105 1234 ἁλόντος
1136 1171 1528 1242 ἀναηκόφθαι.
1570 1169 1722 1227 Εἶναι
1754 1173 1800 1227 δ’
1832 1173 2082 1229 ἐντεῦθεν

496 1258 718 1339 εὐχερὲς
746 1262 943 1327 αὐτοὺς
986 1264 1263 1333 μετελθεῖν
1294 1266 1389 1319 καὶ
1413 1265 1471 1319 τὸ
1495 1269 1595 1336 τῆς
1622 1267 1844 1337 εἰρήνης
1882 1266 2082 1337 προϐε-

496 1352 726 1424 ϐλῆσθαι
760 1355 947 1425 σχῆμα
972 1355 1186 1427 βασιλεῖ
1209 1338 1276 1412 τὰ
1330 1357 1406 1430 μὴ
1438 1360 1653 1429 μάχιμα
1681 1358 2038 1426 ὲπαγέλλοντι
2061 1378 2075 1391 ·

496 1446 736 1518 πέμπειν
772 1447 827 1500 δὲ
850 1448 976 1511 τοὺς
1004 1450 1230 1515 πιστοὺς
1260 1453 1315 1513 ἐς
1346 1451 1417 1504 τὰ.
1449 1453 1684 1523 μάλιστα
1712 1453 1867 1522 σφίσι
1894 1453 2078 1517 δόξαν·

492 1555 610 1603 τας,
638 1542 728 1593 καὶ
761 1532 841 1603 οἷς
867 1537 933 1611 ἦν
969 1541 1042 1605 ὡς
1072 1541 1275 1612 ἥκιστα
1298 1543 1682 1612 διαψεύδεσθαι
1715 1545 2073 1616 ὑπειλῆφθαι.

2194 626 2369 696 μηνέα
2403 627 2647 697 Κορόνην
2679 627 3092 693 ἐξαποστέλλων
3124 629 3330 684 ἐκέλευε
3359 634 3443 703 τὴν
3467 642 3650 714 ταχίστην

2193 718 2330 773 ίέναι
2357 722 2450 774 καὶ
2474 719 2543 774 τὰ
2566 721 2667 791 τῆς
2711 720 2935 792 εἰρήνης
2966 722 3161 791 πειρᾷν
3179 720 3251 786 ὡς
3273 717 3376 778 οἷόν
3402 743 3451 778 τε
3472 728 3652 803 διαπράτ.

2188 811 2394 866 τεσθαι.
2415 813 2524 866 Καὶ
2543 812 2606 884 δὴ
2623 811 3061 884 παραγενόμενοι
3075 813 3139 865 ού
3158 814 3328 884 πολλῷ
3353 814 3536 889 ὕστερον
3555 827 3651 891 se!“

2189 907 2404 975 σύναμα
2428 903 2523 958 καί
2542 921 2685 958 τισιν
2708 903 2892 967 ἄλλοις
2911 903 3110 973 τρισὶν,
3136 904 3435 974 καθημένων
3465 909 3500 961 δ’
3526 912 3569 963 ἐν
3588 932 3654 970 τινι

2184 998 2294 1051 τῶν
2351 996 2625 1069 φρουρίων
2672 997 2768 1050 καὶ
2819 998 3030 1067 μηνυτῇ
3084 997 3446 1066 χρησαμένων,
3470 1003 3510 1053 oi
3550 1008 3590 1057 ὲν
3607 1012 3654 1077 τῷ

2186 1090 2434 1161 φρουρίῳ
2484 1087 2936 1152 Καλλιουπόλεως
2992 1087 3288 1142 Κατέλανοι
3315 1090 3518 1160 ὁμήρους
3538 1095 3653 1162 δόντες

2183 1180 2329 1235 κατὰ
2360 1181 2549 1235 πίστιν
2574 1180 2667 1234 τοῦ
2702 1180 2776 1251 μή
2824 1197 2879 1251 τι
2926 1179 3124 1233 παθεῖν
3160 1178 3394 1244 ἐκείνους
3423 1184 3655 1254 ἀνήκεστον,

2183 1274 2388 1336 ίππους
2440 1272 2604 1328 πέντε
2661 1271 2814 1325 πέντ’
2844 1267 2997 1327 οὖσιν
3048 1269 3519 1341 ἐξαποστέλλουσιν,
3560 1274 3656 1345 ὲφίξι

2181 1368 2274 1420 καὶ
2303 1368 2357 1427 ἐς
2399 1365 2598 1429 αὐτοὺς
2626 1366 2921 1433 γένωνται·
2956 1352 3098 1434 πλὴν
3144 1362 3354 1432 ἑκάστῳ
3389 1372 3658 1437 συνετωχεῑτο
3724 1424 3725 1427 η

2178 1456 2405 1510 ὄπισθεν
2432 1458 2461 1508 ὁ
2483 1454 2736 1525 φυλάξων
2765 1454 2858 1508 τὸν
2886 1454 3181 1523 ἐπιϐάτην,
3214 1451 3292 1522 τῷ
3330 1452 3426 1523 μὴν
3443 1455 3594 1517 δοκεῖν,
3612 1464 3657 1528 μή

2179 1565 2296 1613 πως
2330 1548 2389 1613 ἐξ
2420 1548 2612 1618 ἐφόδου
2639 1565 2725 1610 τις
2757 1547 3075 1618 ἐκπηδήσας
3098 1545 3207 1600 τῶν
3240 1544 3528 1600 Κατελάνων
3551 1548 3658 1618 ἅχαρί

492 1632 659 1686 Ταῦτ’
688 1634 797 1705 ἄρα
821 1636 916 1689 καὶ
955 1635 1167 1706 βασιλεῖ
1195 1636 1319 1699 τοὺς
1345 1636 1540 1705 λόγους
1578 1637 1991 1708 ἁποδεξαμένῳ,
2016 1637 2076 1689 τὸ
2176 1658 2230 1725 τι
2253 1643 2444 1712 spem
2476 1644 2568 1694 τον
2615 1639 2985 1712 τρεσϐευτὴν,
3036 1638 3116 1710 τῷ
3166 1637 3225 1692 δὲ
3255 1636 3527 1709 βαθυτέρῳ,
3547 1641 3599 1703 ὡς
3619 1644 3658 1695 ἄν

497 1726 592 1796 μὲν
622 1727 769 1796 αύτῷ
824 1728 1160 1782 ἐπιστέλλειν
1192 1730 1260 1782 τὰ
1293 1728 1394 1799 τῆς
1451 1730 1676 1800 εἰρήνης
1729 1728 1946 1799 σύναμα
1981 1729 2075 1782 καὶ

484 1818 669 1881 ἄλλοις
695 1819 1247 1890 διαπρεσϐεύσασθαι,
1276 1822 1399 1875 ὅσον
1434 1821 1541 1875 τῶν
1570 1822 1856 1889 ὁνηῒστων,
1886 1823 2073 1875 τοσοῦ-

490 1926 578 1964 τον
612 1912 711 1964 οὐκ
743 1913 1001 1982 ἐχέγγυον
1022 1915 1086 1966 ὲκ
1107 1914 1205 1983 τῆς
1235 1915 1371 1984 πρὸς
1398 1913 1459 1968 τὸ
1482 1915 1635 1983 γένος
1660 1917 1707 1968 oi
1738 1914 2070 1981 οἰκειότητος

490 2008 865 2075 κατεφαίνετο,
890 2005 1068 2070 ἄλλως
1096 2007 1151 2060 δὲ
1181 2008 1246 2060 τὰ
1273 2007 1372 2077 τῆς
1407 2006 1633 2076 γνώμης
1662 2007 2074 2072 καταπραλισα-

491 2099 676 2169 μένου,
711 2099 864 2153 οὐδὲν
902 2100 1153 2170 ἐμποδὼν
1180 2099 1491 2164 ὑπετόπαζε
1520 2099 1599 2171 τῷ
1624 2098 1833 2162 τούτοις
1864 2100 2074 2167 ἐπιχε-

489 2194 602 2261 ρετν
631 2191 797 2245 αὐτοῦ
852 2209 917 2262 γε
943 2191 1359 2262 πρεσϐεύοντος.
1394 2189 1557 2245 Ὅθεν
1591 2191 1687 2244 καὶ
1718 2193 1903 2263 ὅρκοις
1939 2208 2073 2260 προ-

487 2319 589 2359 nec
623 2304 740 2361 suis
773 2306 1136 2375 praesentibus
1168 2307 1332 2364 ﬁdere
1363 2307 1571 2362 viribus
1598 2306 1750 2374 satis,
1790 2312 1849 2361 ut
1866 2304 2066 2360 bellum

486 2411 514 2450 a
547 2395 810 2452 Romanis
836 2398 1109 2453 sustinere
1143 2414 1202 2454 se
1229 2400 1510 2455 conﬁdant
1558 2414 1739 2470 posse,
1808 2399 1909 2453 nisi
1972 2412 2072 2453 ex-

486 2491 655 2545 ternis
684 2492 905 2546 auxiliis
942 2493 1291 2559 roborentur;
1345 2493 1526 2563 qualia
1578 2508 1702 2547 cum
1765 2509 1795 2548 c
1857 2490 2063 2556 Sicilia,

487 2584 629 2637 unde
664 2586 956 2655 petierant,
995 2585 1298 2654 intercepto
1356 2587 1486 2640 iliue
1548 2588 1716 2641 misso
1772 2594 2067 2640 tractatore

484 2687 592 2725 non
624 2681 1041 2741 exspectaturos
1073 2675 1224 2743 ipsos
1282 2676 1579 2731 verisimile
1640 2678 1734 2739 sit,
1801 2691 2067 2747 apparere

483 2779 591 2819 non
620 2764 827 2821 alienos
856 2780 884 2817 a
916 2766 1165 2820 Consiliis
1194 2769 1343 2833 pacis
1376 2765 1509 2821 fore.
1543 2768 1716 2832 Quam
1754 2770 1804 2820 in
1848 2776 2067 2822 senten-

484 2857 617 2910 tiam
655 2857 959 2927 Augustum
989 2856 1181 2914 Jacobi
1207 2875 1428 2928 quoque
1461 2859 1650 2929 hujus,
1701 2861 1893 2913 intime
1924 2875 2065 2914 cou-

482 2951 579 3004 scii
599 2957 776 3004 status
807 2950 1079 3020 ipsorum,
1110 2952 1405 3005 afﬁrmatio
1442 2953 1710 3017 trahebat,
1733 2952 1931 3007 aientis
1956 2951 2063 3007 sibi

480 3042 836 3098 commissum
864 3047 955 3098 uni
988 3042 1039 3097 id
1072 3044 1344 3113 negotium
1386 3044 1577 3098 fuisse:
1623 3059 1683 3099 se
1726 3043 1837 3113 jam
1903 3053 2065 3114 capto

480 3145 772 3205 antequam
798 3136 1078 3207 responsis
1109 3137 1335 3206 perlatis
1374 3136 1657 3191 conveniri
1717 3139 1782 3190 de
1839 3152 1897 3192 re
1949 3147 2062 3191 tota

2179 1734 2315 1805 μηδὲ
2347 1734 2535 1803 καιρὸν
2565 1731 2797 1795 διδόντες
2831 1733 2992 1801 σφίσι
3020 1729 3327 1802 προμαθεῖν
3360 1745 3410 1784 τι
3446 1732 3549 1802 περὶ
3570 1732 3659 1784 itei-

2178 1844 2283 1878 νων
2305 1826 2370 1878 ἐκ
2403 1840 2546 1887 τινος
2575 1823 2900 1897 περιεργίας
2935 1824 3365 1895 ἑπερωτήσασιν.

2179 1943 2244 2011 β’·
2277 1940 2614 2008 Δημηγορία
2642 1936 2979 2062 πεμφθεξὲ
3014 1935 3376 2004 Κατελάνοις
3400 1937 3525 2006 πρὸς
3539 1939 3657 2004 βασι.

2964 2027 3060 2062 ως.

2964 2027 3060 2061 ωε.

2887 2027 3005 2062 ,ιεω
3049 2046 3060 2061 .

2238 2100 2333 2172 [Ρ.
2367 2101 2496 2172 595]
2528 2102 2590 2155 Οἳ
2619 2103 2709 2155 καὶ
2739 2027 3061 2164 ἐπιστάντξς
3093 2099 3288 2165 ἔλεξαν
3312 2098 3431 2154 τάδε
3454 2117 3466 2132 ·
3512 2120 3527 2152 ι
3555 2100 3660 2155 Pum-

2172 2190 2299 2255 λεὺς
2339 2192 2676 2262 Ἀνδρόνικος
2728 2192 2999 2262 ἡμέτερος
3051 2191 3153 2261 μὶν
3185 2191 3459 2262 δεσπότης.
3502 2187 3659 2259 σφῶνὸ¹

2172 2319 2238 2360 eo
2255 2304 2554 2374 jurandum
2595 2306 2776 2375 exegit
2798 2312 2852 2359 et
2887 2300 3122 2375 accepit,
3154 2318 3332 2375 eoque
3368 2302 3442 2359 sic
3482 2301 3662 2372 religione

2172 2407 2556 2467 praeoccupato
2591 2396 2856 2467 deinceps
2888 2411 3122 2452 securus
3151 2396 3405 2451 comitem
3444 2407 3489 2448 et
3532 2393 3660 2462 adjun-

2175 2492 2256 2545 xit
2282 2492 2535 2546 Coronen
2588 2491 2904 2561 quemdam,
2933 2505 3044 2562 quo
3076 2489 3403 2544 Latinarum
3444 2488 3662 2542 litterarum

2171 2586 2472 2655 illlel‘piele
2497 2585 2774 2639 utebatur.
2810 2583 2904 2640 His
2921 2585 3137 2660 duobus
3159 2580 3662 2652 tresinsuperaliisuu

2170 2678 2359 2733 additi.
2378 2678 2477 2744 Qui
2506 2694 2696 2734 omnes
2711 2677 2983 2735 mandazis
3007 2679 3417 2749 abimperatbre
3435 2675 3665 2729 onetaiino

2168 2772 2424 2842 gentibus
2444 2772 2608 2827 etiam
2628 2781 2791 2841 atque
2808 2771 2973 2825 etiam
3009 2770 3220 2840 negotii
3256 2769 3514 2824 commissi
3561 2781 3663 2835 quam

2169 2850 2407 2920 maxima
2438 2875 2663 2935 possent
2687 2877 2808 2920 arte
2832 2873 2997 2935 atque
3019 2865 3296 2920 industria
3331 2861 3547 2934 gerendi,
3585 2875 3666 2913 ron-

2168 2957 2353 3014 festim
2398 2960 2577 3013 itineri
2615 2975 2672 3015 se
2708 2959 2837 3013 dare
2870 2966 3131 3028 rectaque
3155 2958 3226 3012 ad
3274 2955 3537 3012 Catelanos
3573 2951 3665 3005 cei?-

2168 3052 2303 3105 riter
2336 3066 2396 3106 se
2433 3052 2685 3105 conferre
2711 3048 2853 3120 jussi
2907 3056 3060 3105 sunt.
3125 3049 3489 3103 Admoverunt
3538 3056 3583 3097 se
3620 3040 3667 3093 illi

2165 3142 2418 3215 Gallipoli
2453 3143 2715 3215 primum,
2739 3157 2904 3212 quam
2938 3141 3192 3213 proxime
3243 3148 3413 3195 tutum
3466 3134 3562 3200 fuit;
3605 3132 3666 3184 ad-

481 3226 770 3295 potnisset,
811 3229 1035 3280 fractam
1069 3228 1207 3280 hanc
1236 3242 1465 3295 prorsus
1498 3245 1596 3283 nec
1635 3229 1776 3283 ultra
1835 3243 2058 3297 proccs-
2090 3242 2133 3301 ο
2169 3240 2433 3310 missique
2460 3238 2513 3292 in
2547 3238 2657 3292 illic
2687 3236 2854 3291 situm
2895 3234 3314 3303 imperatorium
3348 3238 3559 3287 castrum
3587 3225 3667 3325 igde

481 3334 668 3374 suram
735 3321 1164 3388 negotiationem
1237 3336 1383 3375 esse.
1438 3322 1685 3377 Addebat
1744 3322 1909 3378 videri
1960 3324 2065 3377 sibi

482 3413 639 3469 facile
660 3413 772 3483 jam
803 3414 924 3468 fore
951 3413 1133 3468 induci
1156 3412 1449 3471 Catelanos
1481 3416 1547 3471 ad
1566 3419 1918 3472 tractandum
1945 3417 2064 3472 dis-

478 3504 885 3576 quirendasque
914 3511 1281 3563 communiter
1326 3508 1475 3565 utilis
1525 3512 1779 3580 utrinque
1822 3525 2064 3565 conven—

479 3600 649 3654 tionis
672 3599 812 3663 vias,
845 3601 1005 3655 modo
1034 3600 1331 3670 imperator
1370 3615 1470 3656 nec
1497 3599 1673 3671 ipsum
1726 3616 1788 3656 se
1825 3616 2062 3672 propen-

477 3693 611 3747 dere
631 3693 697 3750 ad
746 3693 874 3748 belli
900 3687 1130 3750 consilia
1180 3710 1285 3748 non
1334 3705 1654 3765 gravaretur
1702 3694 1875 3766 564A
1915 3695 2060 3750 ultro

478 3795 806 3846 monstrare.
840 3787 1029 3843 missis
1067 3788 1132 3841 ad
1168 3803 1263 3843 eos
1295 3788 1616 3844 hominibus
1647 3788 1887 3843 maxime
1910 3788 2056 3851 ﬁdis.

475 3890 710 3946 quorum
745 3876 1014 3945 promissa
1058 3878 1192 3948 quin
1240 3881 1516 3934 secuturis
1563 3888 1717 3933 certo
1772 3877 2059 3935 effectibus

474 3970 673 4024 deinde
699 3969 1065 4047 sancirentur,
1100 3968 1244 4023 nulla
1280 3976 1466 4039 posset
1516 3970 1730 4025 ratione
1788 3968 2053 4025 dubitari.

474 4061 587 4117 liae
620 4062 922 4133 imperator
953 4063 1204 4117 oratione
1226 4061 1420 4118 Jacobi
1448 4063 1671 4133 penitus
1705 4063 1758 4118 in
1807 4064 2053 4118 animum

473 4155 737 4218 admissa,
776 4162 1140 4226 praeterquam
1166 4154 1326 4225 plane
1351 4170 1610 4211 assensus
1655 4156 1704 4212 ei
1760 4170 1843 4211 est
1898 4157 2056 4211 incu-

471 4247 700 4318 buitque
730 4248 956 4302 omnino
978 4248 1029 4301 in
1091 4249 1424 4302 voluntatem
1481 4249 1875 4320 paciﬁcationis
1922 4265 2047 4305 cum

469 4340 826 4410 Amogabaris
878 4339 1170 4402 tentandae,
1241 4341 1406 4395 etiam
1457 4342 1696 4411 cogitare
1753 4343 1919 4412 coepit
1981 4343 2049 4398 de

471 4433 575 4487 isto
604 4431 725 4501 ipso
753 4432 878 4487 talis
905 4439 1132 4486 auctore
1155 4432 1373 4487 consilii
1425 4436 1476 4486 in
1518 4433 1640 4503 ejus
1700 4434 2042 4504 exsequendi

467 4532 814 4594 sequestrum
846 4532 899 4578 et
950 4523 1263 4579 ministrum
1325 4524 1656 4590 adhibendo,
1707 4526 2040 4597 quibusdam

2174 3332 2446 3387 miserunt
2483 3330 2784 3385 indicatum
2825 3327 3106 3383 Catelanis
3141 3327 3349 3382 habere
3373 3340 3428 3379 se
3448 3337 3547 3392 quae
3585 3327 3668 3388 ipsis

2170 3427 2539 3491 proponerent
2568 3420 2939 3488 imperatoris,
2982 3432 3013 3472 a
3062 3431 3173 3488 quo
3241 3416 3571 3481 mitterentur,
3607 3422 3668 3461 no-

2171 3513 2338 3575 mine,
2372 3518 2592 3581 paratos
2617 3509 2684 3564 ad
2711 3509 2859 3580 ipsos
2892 3508 3183 3573 accedere,
3220 3505 3387 3561 modo
3418 3500 3574 3557 missis
3605 3497 3666 3549 ob-

2167 3600 2383 3657 sidibus
2411 3614 2522 3656 sua:
2560 3600 2804 3669 ipsorum
2866 3596 3150 3653 securitati
3212 3588 3505 3650 caveretur.
3553 3587 3667 3655 Emit

2164 3699 2220 3748 et
2250 3691 2620 3762 impetrabilia
2656 3691 2767 3760 peti
2798 3691 2915 3747 visa
2952 3698 3101 3747 sunt.
3134 3687 3429 3742 Mittuntur
3457 3696 3563 3753 ergo
3588 3678 3668 3732 Cal.

2164 3781 2317 3853 lipoli
2351 3780 2611 3852 postulati
2646 3780 2889 3844 obsides,
2924 3781 2979 3835 itt
3031 3787 3220 3834 castro
3269 3776 3502 3832 Romano
3544 3776 3668 3825 cusu-

2163 3874 2373 3940 diendi,
2406 3872 2586 3945 quoad
2620 3874 2678 3930 in
2708 3881 2984 3944 potestate
3020 3872 3411 3928 Catelanorum
3464 3863 3588 3921 missi
3627 3861 3669 3913 ab

2160 3968 2494 4041 imperatore
2523 3968 2915 4040 perstitissent,
2950 3967 3006 4022 in
3042 3965 3246 4036 pignus
3281 3961 3405 4019 ﬁdei
3444 3973 3536 4031 qua
3581 3953 3668 4009 nihil

2160 4059 2313 4129 ipsos
2363 4071 2634 4128 passuros
2708 4056 2969 4113 acerbum
3018 4053 3276 4110 Catelani
3338 4047 3669 4122 promittebant.
3724 4050 3725 4053 ‘

2159 4153 2451 4208 Mittuntur
2480 4160 2535 4206 et
2564 4153 2688 4221 equi
2711 4151 2954 4221 quinque
2996 4163 3096 4220 pro
3156 4160 3396 4203 numero
3422 4148 3667 4212 legatorum,

2158 4242 2319 4315 565
2343 4258 2467 4299 cum
2486 4241 2754 4297 militibus
2773 4242 3020 4304 totidem,
3040 4240 3249 4310 quibus
3263 4247 3386 4295 erat
3430 4232 3668 4290 mandatum

2157 4344 2215 4389 ut
2245 4349 2276 4389 a
2301 4343 2454 4401 tergo
2492 4330 2853 4403 imperialium
2885 4331 3180 4387 missnt'um
3217 4330 3407 4385 eodem
3445 4339 3551 4381 cum
3586 4320 3671 4390 i11535

2156 4440 2299 4495 equo
2334 4424 2686 4479 veherentur.
2713 4423 2874 4478 Ratio
2911 4422 3308 4493 inexspectata:
3323 4414 3670 4493 praescriptionés

2152 4518 2490 4587 allegabatur
2520 4518 2792 4573 securitas
2813 4517 3303 4587 legatorum,quos
3339 4516 3416 4570 sic
3438 4506 3670 4568 ωενιεεύ-

434 4658 437 4661 .
466 4593 560 4671 illi
579 4618 643 4670 ad
674 4616 779 4672 hoc
806 4616 1008 4672 additis
1036 4618 1225 4682 sociis,
1269 4616 1343 4672 Ac
1380 4593 1778 4687 peridoneusis
1799 4620 2041 4691 quidem,
2076 4593 2119 4651 ί)
2153 4612 2368 4668 haerens
2385 4611 2455 4665 ab
2474 4609 2766 4665 insultibus
2787 4606 2926 4664 forte
2941 4609 3231 4663 obviorum
3251 4604 3671 4669 homimnnsuigv-

467 4726 567 4778 pro
594 4710 787 4780 peri'ia
814 4709 1254 4766 Catelanicarum
1285 4726 1492 4775 rerum,
1523 4712 1567 4766 si
1594 4726 1721 4781 ‘par
1771 4726 1901 4781 erga
1960 4728 2049 4768 res

465 4801 677 4872 imperii
713 4803 954 4859 studium
989 4818 1055 4859 ac
1086 4803 1222 4859 ﬁdes
1255 4818 1363 4858 ttou
1386 4804 1617 4869 deferet,
1651 4803 1718 4859 ad
1773 4804 2048 4875 ejusmodi

464 4894 743 4961 negotium
776 4893 998 4950 futurus
1031 4894 1344 4975 videbatur.
1375 4894 1593 4950 Timere
1615 4907 1798 4950 tamen
1818 4900 2049 4964 cogebat

463 4986 922 5057 consanguinitas
954 4984 1075 5057 ejus
1105 4997 1161 5041 et
1187 4987 1380 5041 intima
1405 4989 1760 5044 necessitudo
1779 5005 1903 5045 cum
1951 4992 2049 5048 ho-

462 5080 660 5145 stibus,
693 5096 761 5135 ne
796 5078 979 5135 omnia
1000 5080 1054 5133 in
1085 5078 1327 5135 favorem
1362 5096 1587 5137 suorum
1619 5083 1783 5138 unice
1816 5084 2044 5139 trahens

460 5175 680 5244 aliquod
711 5173 948 5230 fortasse
982 5174 1060 5230 rei
1086 5172 1350 5230 Romanae
1395 5191 1559 5246 grave
1615 5178 1877 5234 damnum
1939 5180 2044 5234 im-

461 5278 727 5336 portaret.
765 5269 966 5325 Verum
1001 5280 1192 5324 contra
1226 5271 1384 5326 istam
1438 5271 1787 5329 formidinem
1848 5274 2053 5329 conﬁr-

460 5362 632 5415 mavit
664 5363 961 5431 imperator
986 5362 1152 5418 facile
1179 5364 1454 5432 animum,
1486 5378 1776 5422 autumans
1806 5368 1888 5423 vel
1911 5369 2048 5423 alio-

464 5466 583 5508 rum
612 5454 718 5508 sibi
748 5453 1140 5509 ﬁdissimorum
1179 5455 1496 5513 interventu
1550 5458 1891 5527 collegarum
1958 5463 2044 5518 vel

459 5555 660 5604 uetera
695 5562 792 5600 sua
827 5547 1107 5618 vigilantia
1151 5550 1568 5619 pracavendum
1614 5565 1779 5609 omne
1834 5553 2044 5611 incom-

460 5642 684 5695 modum
719 5639 1011 5710 ejusmodi.
1043 5639 1266 5698 Minime
1297 5642 1467 5713 igitur
1521 5643 1894 5714 periculosum
1953 5662 2044 5704 ar-

462 5737 699 5789 bitratus
720 5741 774 5788 ct
804 5733 951 5789 hunc
981 5733 1037 5787 in
1069 5743 1223 5804 parte
1249 5736 1537 5808 legationis
1569 5737 1637 5793 ad
1660 5752 1851 5807 pacem
1879 5739 2042 5796 Cate-

457 5823 601 5878 lanis
663 5823 1074 5894 proponendam
1146 5823 1426 5879 mittenda
1457 5828 1692 5892 censeri,
1740 5827 2041 5886 dummodo

457 5917 562 5973 sibi
593 5916 752 5973 fidem
789 5914 857 5973 ad
892 5915 947 5973 id
978 5924 1127 5974 recte
1158 5916 1429 5987 agendum
1453 5917 1838 5992 obstringeret,
1867 5921 1959 5992 jus
1976 5924 2046 5979 ab

2158 4707 2329 4766 neris,
2353 4702 2422 4758 ab
2444 4702 2641 4773 agnitis
2662 4715 2693 4757 e
2720 4710 2870 4757 veste
2897 4701 3156 4756 Romanis
3182 4700 3335 4755 haud
3356 4699 3504 4754 facile
3524 4706 3673 4761 tempe-

2155 4807 2469 4854 raturorum
2491 4810 2704 4869 manus,
2723 4793 3056 4851 defenderet.
3075 4794 3181 4848 Sed
3203 4803 3492 4863 prmtextus
3508 4786 3671 4845 hicfuit.

2164 4888 2300 4944 Vera
2315 4888 2484 4954 enim,
2502 4887 2667 4957 utqui
2691 4883 3669 4964 penitiusi.itrospiciebantjudicaruab

2158 4996 2325 5038 causa
2346 4981 2468 5052 ejus
2492 4981 2618 5037 facti
2636 4990 2773 5047 erat,
2798 4989 2854 5035 ut
2880 4995 2975 5051 per
3003 4977 3195 5033 aiiixos
3219 4979 3357 5049 ipsis
3380 4979 3588 5031 arbitros
3622 4970 3670 5021 le-

2149 5073 2256 5145 gati
2282 5072 2706 5142 prohiberentur
2741 5073 3023 5141 explorare
3055 5070 3542 5141 circumspicienda
3587 5076 3671 5132 pel“

2149 5163 2530 5235 contaudoque
2552 5172 2751 5220 statum
2774 5164 3052 5230 Callipolis
3111 5170 3440 5234 praesentem
3464 5154 3673 5215 curiosius

2150 5272 2316 5327 quam
2346 5265 2521 5312 ttttum
2551 5257 2643 5310 tali
2669 5264 2916 5327 tempore
2936 5256 3214 5312 Catelanis
3238 5258 3292 5311 in
3314 5270 3437 5309 arce
3478 5266 3568 5306 una
3610 5246 3669 5297 illa

2152 5364 2419 5405 summam
2447 5364 2629 5403 rerum
2681 5348 3006 5404 habentibus
3023 5348 3322 5405 videretur.

2263 5466 2321 5519 2.
2353 5463 2540 5518 Oratio
2581 5463 2650 5517 ad
2680 5463 2960 5519 Cumanos
2996 5465 3059 5518 ab
3097 5467 3417 5534 imperatore
3443 5462 3598 5516 missa.

2234 5557 2311 5614 Illi
2340 5558 2632 5614 introducti
2660 5561 2773 5613 haec
2802 5560 3091 5616 dixerunt:
3127 5579 3144 5611 ι
3181 5559 3484 5629 imperator
3508 5553 3670 5612 Andro.

2158 5649 2336 5715 nicus,
2369 5657 2562 5704 noster
2593 5647 2812 5716 quidem
2844 5651 3116 5716 dominus,
3152 5661 3339 5705 vester
3364 5659 3529 5704 autem
3554 5655 3669 5696 vora-

2157 5750 2262 5808 tor,
2295 5740 2410 5794 haec
2446 5754 2549 5796 nos
2582 5740 2738 5796 vobis
2770 5741 2950 5797 dicere
2984 5742 3282 5797 mandavit.
3307 5738 3553 5798 Convenit
3578 5731 3673 5785 ritis

2155 5831 2251 5886 Dei
2288 5832 2463 5887 vereri
2493 5831 2763 5900 justitiam
2798 5834 2940 5890 ultro
2974 5835 3259 5906 professis,
3287 5832 3510 5905 principi
3535 5837 3671 5882 autem

2153 5940 2408 5997 supremo
2438 5925 2692 5989 maxime,
2726 5937 2910 5996 gratos
2959 5945 3017 5986 se
3048 5929 3305 6000 prmbere'
3330 5931 3462 5985 bene
3493 5919 3672 5979 meritis,

3714 676 3725 739 ἒ
