3848 6544
202 419 290 484 621

1057 418 1157 484 DE
1198 412 1636 488 ANDRONICO
1676 413 2140 489 PALEOLOGO
2181 427 2325 491 LIB.
2371 415 2502 492 Vill

3321 422 3429 490 62.2

195 538 328 609 ὑμῶν
350 520 575 608 κλὴτωρ,
608 534 727 590 τάδ’
758 534 1086 606 ἐπήγγειλεν
1112 537 1259 608 ὑμῖν.
1290 540 1482 609 Χρεὼν
1510 539 1741 611 ἀνδράσι
1768 543 1823 604 Α
1844 558 1952 596 των
1985 534 2061 597 ὧν
2106 542 2186 607 είς
2215 543 2362 613 ὑμᾶς
2386 540 2834 614 ἐδαπανήσαμεν,
2873 538 2973 605 τὰς
2999 537 3126 595 καθ’
3154 539 3314 612 ἡμῶν
3335 542 3426 614 ὁρ⁴

193 630 313 685 Θεοῦ
335 632 431 700 μὲν
458 630 621 700 τιμᾷν
660 631 1011 700 αἱρουμένοις
1048 630 1229 699 δίκην,
1262 630 1478 701 βασιλεῖ
1503 631 1548 687 δ’
1583 634 1642 696 ἐς
1668 631 1738 686 τὰ

194 723 412 790 μάλιστα
457 721 765 791 μεμνῆσθαι
794 722 1033 792 χαρίτων
1065 722 1297 783 δικαίοις
1354 723 1496 789 οὖσι,
1531 724 1608 795 μὴ
1637 724 1666 778 ὅ
1686 741 1739 778 τι

193 813 511 885 βουλομένοις
542 812 609 867 ἀν
632 813 718 884 εἰη
750 814 955 884 σφίσιν,
995 815 1131 870 ἀλλά
1160 817 1253 869 καὶ
1281 817 1309 870 ὅ
1340 833 1392 869 τι
1423 817 1740 885 συνενέγκοι

189 905 320 970 ἄνις
357 906 418 959 τὸ
441 904 578 977 μετά
623 905 799 959 ταῦτα
839 910 1087 965 σκοπεῖν.
1128 908 1202 963 Τὸ
1233 909 1333 979 μὲν
1362 910 1483 979 γὰρ’
1511 909 1741 964 ἀϐούλου

191 999 273 1052 καὶ
297 997 425 1069 πρὸς
445 998 505 1052 τὸ
534 999 850 1068 παραυτίκα
878 1000 1038 1066 μόνον
1084 999 1373 1071 ἀφορώσης
1405 1000 1654 1072 γνώμης,
1682 1002 1743 1055 τὸ

187 1092 237 1145 δὲ
257 1093 348 1162 τὴν
370 1092 448 1154 είς
471 1092 531 1145 τὸ
560 1092 761 1161 μέλλον
786 1094 1044 1164 πρόνοιαν
1060 1093 1396 1164 ἀταμίευτον
1413 1093 1512 1147 οὐκ
1540 1095 1608 1165 ἐᾷ
1632 1095 1744 1148 κεῖ-

182 1184 315 1236 σθαι.
365 1184 471 1238 Καὶ
518 1184 652 1254 ὑμῖν
674 1182 903 1249 κτοίνυν,
956 1187 1009 1238 εί
1046 1184 1146 1255 μὲν
1178 1185 1277 1256 τὴν
1315 1185 1487 1256 ἀρχὴν
1540 1187 1610 1240 τά
1633 1186 1744 1241 τῶν

188 1276 380 1345 ἐχθρῶν
426 1275 671 1346 ἑλόμενοι
726 1278 784 1340 ἐς
829 1277 929 1347 τὴν
989 1277 1277 1348 Ῥωμαίων
1329 1278 1432 1348 γῆν
1495 1278 1744 1332 ἐσϐαλεῖν

188 1369 388 1437 ἔγνωτε,
430 1369 487 1421 οὐ
520 1367 746 1433 δικαίως
773 1370 839 1422 ἀν
869 1373 1107 1442 νεμεσᾷν
1158 1372 1271 1441 ἔχοι
1305 1388 1417 1434 τις·
1462 1372 1596 1441 μηδὲ
1636 1373 1744 1443 γάρ

187 1458 465 1530 ἀνθρώποις
490 1460 762 1530 ἀσύνηθες
791 1462 937 1515 τοῦτ’
970 1458 1134 1527 εῖναι,
1168 1464 1267 1518 καὶ
1302 1463 1507 1535 μᾶλλον
1534 1466 1625 1518 ὅτε
1653 1465 1743 1518 καὶ

187 1549 245 1602 τά
272 1551 397 1619 γένη
425 1550 819 1613 διαλλάττοιεν.
846 1546 929 1615 οἷς
957 1551 1040 1605 ἔνι
1074 1553 1173 1622 μὲν
1204 1552 1459 1616 σπονδαῖς
1483 1553 1743 1624 χρῆσθαι,

188 1641 253 1693 ἔνι
283 1641 334 1694 δὲ
364 1641 459 1695 καὶ
510 1642 679 1712 ὁμόσε
724 1645 842 1706 ταῖς
897 1643 1098 1714 μάχαις
1133 1644 1294 1699 ἰέναι.
1345 1646 1501 1698 Ἐπεὶ
1528 1646 1584 1700 δὲ
1614 1644 1748 1715 ξύμ-

188 1750 331 1802 μαχοι
354 1733 788 1806 προσκληθέντες
811 1735 879 1787 τὰ
905 1736 1012 1787 τῶν
1036 1733 1270 1805 ἐχθρῶν,
1300 1735 1361 1787 οὐ
1393 1735 1517 1789 δέον
1569 1735 1650 1798 ὃν,
1683 1739 1747 1789 ἐκ

1847 635 1954 703 μὰς
1998 633 2339 700 ἀντιδοῦναις
2389 634 2456 688 Τί
2499 634 2545 688 δ’
2594 636 2724 705 ὑμῖν
2750 634 2846 689 καὶ
2885 632 3217 706 ἀποκριθείη
3256 635 3314 695 ἐς
3359 636 3420 688 τὶ)

1846 724 2145 794 μετέπειτα
2204 726 2408 797 δνομας
2458 729 2778 798 συμμάχους
2829 726 3118 795 ὀνομάσειε
3179 723 3264 797 [Ρ.
3294 725 3422 798 596]

1843 836 1925 881 τις
1952 835 1967 883 ;
2011 819 2152 873 Ἀλλ’
2176 822 2403 892 αἱρετέα
2429 822 2499 875 τὰ
2526 819 2634 874 τῶν
2667 820 2877 892 ἐχθρῶν
2907 819 3038 890 ὑμῖν
3064 819 3265 885 ἔδοξεν.
3285 821 3427 874 Ἀλλ’

1846 907 2106 980 ὲχθρούςς
2144 911 2252 964 Καὶ
2280 909 2363 974 τίς
2400 912 2465 965 ἂν
2502 910 2776 974 καὶτίνας
2813 911 3067 980 μεγάλων
3100 910 3309 982 μισθῶν
3337 912 3427 964 ἐπὶ
3493 951 3497 955 .

1848 1000 2096 1069 σφετέρῳ
2114 1000 2335 1071 πονήρῳ
2358 1001 2793 1070 προσκαλεῖσθαι
2842 1000 3088 1069 δέξαιτος
3117 1001 3253 1055 ἀλλά
3286 1020 3426 1072 συμο

1849 1089 2058 1160 μάχους
2093 1090 2195 1160 μὲν
2218 1090 2281 1143 τὸ
2311 1090 2553 1162 πρῶτον,
2582 1092 2874 1161 πολεμίους
2903 1092 2949 1146 δ’
2972 1094 3231 1147 ἐσέπειτα
3261 1111 3433 1148 κατα⁸

1848 1182 2107 1250 στάνταςς
2138 1183 2247 1236 Καὶ
2273 1183 2327 1237 τί
2374 1185 2428 1253 γ’
2452 1178 2581 1238 ἄλλο
2619 1186 2748 1255 ὑμῖν
2799 1202 2885 1249 τις
2908 1186 3200 1258 ἐπικαλοίη
3229 1187 3425 1250 δεινὸν,

1846 1278 1896 1330 εί
1946 1277 2225 1350 σύμμαχοι
2287 1280 2632 1344 ἐπιστάντες,
2693 1280 2907 1336 πολλῶν
2963 1283 3057 1336 καὶ
3109 1282 3282 1337 ταῦτα
3321 1283 3431 1337 τῶν

1847 1370 2250 1440 ἀναλωμάτων,
2279 1371 2472 1427 ἔπειτα
2502 1375 2834 1429 ἐσπείσασθε
2870 1376 2970 1445 μὲν
2994 1380 3108 1441 τοῖς
3129 1379 3343 1449 ἐχθροῖς
3359 1378 3430 1432 δι’

1847 1458 1942 1524 οὓς
1974 1462 2406 1534 προσεκλήθητε,
2425 1465 2544 1532 μετ’
2561 1466 2741 1520 αὐτῶν
2756 1467 2821 1520 5s
2836 1468 2932 1540 τὴν
2952 1470 3228 1541 ἡμετέραν
3251 1469 3433 1542 ληῒζεο

1852 1551 1945 1606 σθε
1969 1569 1984 1615 ;
2014 1552 2137 1607 τίδὲ
2160 1556 2254 1609 καὶ
2272 1556 2706 1630 ἀπολογούμενοι
2722 1560 3045 1630 Χριστιανοὶ
3064 1563 3428 1632 Χριστιανοὺς

1856 1643 1924 1696 τὰ
1946 1644 2226 1715 ἀνήκεστα
2237 1645 2422 1717 δρᾶτε,
2440 1648 2517 1719 τῷ
2552 1649 2627 1721 μὴ
2657 1652 2714 1714 ἐς
2733 1650 3002 1717 ἀναϐολὰς
3017 1652 3231 1718 θέσθαι,
3263 1659 3428 1710 κακοὶ

1848 1735 1996 1803 δόξαι
2040 1736 2230 1808 ὥσπερ
2267 1739 2616 1812 αἰρούμενοι;
2654 1743 2720 1798 Τί
2768 1746 2876 1815 γὰρ
2940 1747 3049 1800 τῶν
3087 1748 3278 1801 κακῶν
3328 1749 3432 1802 οὐκ
3529 1768 3538 1777 ’

186 1826 265 1880 τοῦ
296 1826 550 1896 ἐξαίφνης
571 1825 905 1892 ἀνθείλεσθε,
938 1827 1058 1892 πῶς
1081 1828 1148 1882 ἂν
1191 1830 1268 1899 μὴ
1299 1828 1471 1882 θέλων
1500 1846 1585 1893 τις
1618 1832 1748 1900 ὑμῖν
1781 1906 1818 1911 _
1851 1828 2144 1901 εῖργασθε;
2183 1832 2258 1884 Οὐ
2285 1834 2468 1904 χώρας
2490 1835 2953 1906 ἠνδραποδίσατε;
3015 1840 3116 1893 οὐκ
3147 1841 3348 1911 ἄνδρας
3380 1843 3437 1895 ὲ-

187 1923 401 1989 νεμεσᾷν
457 1920 691 1988 ἐκφύγοι
745 1919 806 1972 τὸ
858 1921 1229 1990 νεμεσᾶσθαις
1288 1922 1581 1993 Μνήσθητε
1641 1924 1751 1991 γάρ
1781 1906 1826 1964 Β
1855 1923 2135 1989 κτείνατε;
2184 1925 2245 1979 οὐ
2277 1927 2447 1995 νήπια
2472 1930 2568 1981 καὶ
2630 1929 2940 2000 πρεσϐύτας
2986 1906 3310 2002 ἀνθρώπους
3359 1933 3437 1986 ol-

189 2012 304 2080 πρὸς
335 2012 578 2076 ἐκείνους
614 2015 799 2083 χεῖρας
854 2015 1229 2085 ἀνταίροντες,
1289 2015 1432 2085 ὑπὲρ
1469 2011 1544 2069 ῶν
1574 2020 1746 2071 κινεῖν

187 2103 306 2156 ὅπλα
344 2103 480 2174 πρὸς
508 2106 635 2168 τοὺς
661 2104 815 2173 σφίσι
844 2104 1216 2171 πολεμοῦντας
1261 2107 1513 2178 μεγάλων
1540 2108 1747 2179 ὡμολο-

188 2196 366 2265 γήσατε
410 2195 523 2248 τῶν
552 2197 786 2266 μισθῶν.
836 2197 958 2260 Πῶς
1006 2198 1063 2250 δὲ
1092 2198 1298 2252 δίκαιον
1336 2199 1435 2253 καὶ
1487 2200 1742 2269 νόμιμον,

188 2289 428 2355 κειμένων
455 2287 569 2340 εἴτε
616 2287 779 2342 θείων
825 2289 935 2343 εἴτε
982 2292 1078 2345 καὶ
1131 2291 1511 2361 ἀνθρωπίνων,
1550 2291 1743 2346 θέσθαι

190 2377 270 2446 μὲν
295 2379 350 2429 ἐν
371 2377 569 2451 ἀλογίᾳ
596 2380 661 2433 τὰ
708 2379 1106 2451 ὀμωμοσμένα,
1145 2382 1401 2452 μεγάλων
1433 2383 1491 2437 δὲ
1523 2386 1743 2456 χρημά-

190 2577 277 2617 non
314 2564 492 2619 solum
525 2565 786 2635 quoniam
830 2566 1204 2633 itadeliniunt
1229 2577 1282 2624 et
1315 2569 1418 2626 sibi
1444 2571 1621 2643 magis
1651 2573 1744 2629 de-

188 2654 402 2711 vinciunt
457 2672 553 2712 eos
589 2659 786 2728 quibus
843 2662 1146 2729 rependunt
1177 2672 1453 2733 acceptam
1486 2665 1738 2735 gratiam,

187 2757 264 2808 sed
288 2756 364 2809 vel
412 2756 460 2811 si
495 2774 740 2826 praesens
774 2758 985 2812 fructus
1029 2757 1149 2828 ejus
1204 2757 1335 2814 facti
1365 2758 1545 2815 nullus
1579 2760 1739 2825 foret,

188 2849 416 2918 quoniam
450 2850 506 2907 id
539 2866 662 2908 esse
703 2853 757 2906 in
791 2862 1074 2923 posterum
1129 2852 1492 2918 conducibile,
1519 2853 1610 2922 qui
1649 2868 1739 2909 re-

186 2950 256 2996 cte
281 2942 530 3008 iudicant
560 2945 935 3015 praesentiunt,
960 2947 1078 3016 ipsa
1107 2953 1404 3001 eventuum
1450 2945 1741 3015 experien-

191 3033 247 3087 tia
270 3050 484 3106 semper
513 3036 710 3093 deinde
763 3038 1120 3106 suffragante.
1173 3036 1348 3093 Porro
1380 3038 1739 3107 praesentibus

188 3124 427 3182 duntaxat
482 3129 764 3183 attendere
823 3130 1014 3184 inertis
1051 3139 1134 3185 est
1174 3129 1342 3185 animi
1375 3137 1428 3184 et
1484 3130 1551 3185 ad
1608 3129 1734 3186 boni

188 3219 601 3284 prosecutionem
665 3221 878 3276 infirma
953 3224 1270 3293 incertaque
1325 3223 1735 3289 languescentis

174 3308 462 3366 “voluntate.
497 3310 828 3381 Prospectus
875 3326 1002 3368 vero
1048 3311 1240 3379 futuri,
1265 3325 1321 3369 et
1371 3314 1739 3371 verisimiliter

185 3407 651 3470 exspectandorum
675 3413 1005 3474 prmsnmpta
1038 3405 1350 3461 sollicitudo
1364 3421 1737 3474 successuum,

76 3562 81 3567 _
184 3508 415 3565 caupusu
456 3496 563 3549 late
596 3486 801 3566 detegit
845 3497 1420 3571 oculisrxploratricis
1450 3501 1740 3567 providen-

188 3587 278 3652 tiae,
300 3588 461 3656 eique
491 3588 651 3656 longe
678 3589 980 3643 consulenti
1007 3590 1182 3644 nullas
1212 3589 1434 3645 umbras
1461 3601 1551 3646 aut
1572 3608 1742 3648 cacas

188 3677 426 3744 latebras,
453 3681 656 3749 quibus
702 3681 947 3750 suspicio
987 3682 1212 3760 subesse
1248 3683 1568 3740 insidiarum
1599 3702 1739 3756 pos“

188 3768 264 3833 sit,
304 3772 439 3825 nihil
487 3771 783 3827 obscurum
812 3788 875 3826 ac
908 3787 1015 3827 non
1047 3774 1193 3829 clare
1227 3787 1576 3846 perspectum
1615 3792 1741 3834 esse

189 3865 316 3918 sinit.
347 3866 428 3918 Ac
473 3865 629 3919 vobis
660 3866 874 3932 quidem
910 3867 953 3920 si
996 3880 1026 3919 a
1060 3868 1331 3937 principio
1379 3871 1632 3926 hostilem
1685 3872 1738 3926 in

188 3967 270 4008 nos
298 3957 538 4010 animum
589 3957 852 4027 professis
896 3971 1183 4029 susceptus
1226 3961 1523 4019 deliberate
1549 3964 1742 4022 fuisset

191 4045 401 4117 impetus
425 4060 601 4104 terras
623 4049 990 4105 Romanorum
1016 4067 1178 4107 manu
1199 4065 1406 4110 armata
1427 4055 1737 4123 invadendi,

187 4142 317 4206 queri
342 4141 489 4211 jusle
516 4157 679 4197 nemo
701 4154 905 4213 posset.
934 4142 1086 4197 Haud
1117 4146 1395 4203 insuetum
1430 4158 1515 4204 est
1538 4152 1736 4206 etenim

191 4229 498 4299 hominibus,
547 4236 852 4303 praesertim
907 4237 1121 4306 origine
1180 4240 1373 4296 divisis
1398 4252 1452 4296 et
1478 4258 1736 4312 generum

189 4321 529 4389 diversorum,
580 4327 845 4384 dissidere
878 4330 1172 4386 sententiis
1199 4336 1574 4404 committique
1599 4337 1741 4403 odiis

190 4431 502 4489 arranosque
535 4420 669 4475 istos
701 4436 893 4478 sensus
924 4425 1209 4479 conatibus
1240 4440 1563 4493 expromere
1604 4429 1740 4483 invi-

191 4524 286 4564 τερ
330 4513 561 4566 infestis.
604 4513 733 4569 Jure
784 4516 989 4585 quippe
1027 4519 1302 4571 communi
1358 4522 1505 4588 genti
1564 4523 1739 4576 cuivis

1764 3271 1812 3337 C

1855 2017 2074 2088 κτροὺς,
2096 2018 2167 2073 τά
2198 2020 2299 2089 μὲν
2320 2022 2568 2100 ἀνηλεῶς
2588 2025 2979 2096 διεχρήσασθε,
3012 2028 3141 2090 τοὺς
3159 2027 3216 2079 δὲ
3249 2030 3434 2082 πᾶσαν

1857 2109 2003 2165 ἰδέαν
2033 2108 2284 2181 βασάνων
2321 2114 2623 2185 διενεγκεῖν
2670 2120 3307 2187 άναγκάσαντεςνεπειτα
3337 2125 3434 2176 ἐκι-

1853 2201 2033 2258 ποδὼν
2056 2205 2278 2274 ἔθεσθε;
2314 2209 2380 2262 Τί
2409 2211 2540 2279 ὑμῖν
2571 2212 2666 2266 τοῦ
2694 2216 3013 2285 πράκτορας
3047 2216 3322 2272 τοσούτων
3343 2234 3435 2287 γε·

1851 2293 2043 2349 νέσθαι
2080 2299 2268 2352 κακῶν
2307 2299 2514 2365 αἵτιονς
2571 2305 2790 2374 Καῖσαρ
2841 2308 3112 2362 ἀπώλετο.
3160 2308 3301 2362 Ἀλλ’
3336 2311 3434 2382 οὐχ

1852 2387 2010 2456 ἡμῶν
2041 2408 2103 2458 γε
2133 2390 2417 2460 θελόντων,
2470 2392 2611 2450 οἶδεν
2641 2400 2671 2451 ὀ
2721 2399 2880 2454 πάνθ’
2927 2402 3070 2473 ὁρῶν
3104 2403 3429 2476 ..ὀρθαλμόΐ

1852 2574 2104 2646 ενοὺίιλῖ
2129 2577 2374 2645 Quonam
2433 2596 2563 2639 vero
2599 2595 2696 2641 vos
2753 2586 3012 2656 deinceps
3067 2600 3194 2659 apto
3249 2592 3434 2660 appel-

1852 2665 1965 2721 lare
1995 2673 2214 2727 nomine
2265 2671 2486 2729 licebit?
2532 2692 2602 2732 an
2646 2683 2825 2735 socios
2855 2682 2979 2750 quis
3016 2681 3262 2737 dixerit?
3311 2683 3419 2737 Sed

1851 2762 2004 2817 vobis
2029 2763 2119 2819 isti
2152 2766 2433 2822 vocabulo.
2471 2773 2790 2842 praeeligere
2825 2774 3179 2830 acerbitatem
3212 2775 3431 2832 hostilis

1849 2855 2084 2912 nominis
2112 2858 2333 2926 placuit.
2364 2859 2561 2918 Hostes
2592 2863 2758 2933 igitur
2786 2867 3076 2922 vocemus?
3113 2868 3219 2923 Sed
3252 2869 3436 2924 obstat

1847 2949 2011 3017 quod,
2039 2964 2162 3004 cum
2204 2966 2364 3009 nemo
2396 2956 2584 3024 utique
2616 2958 2870 3013 mercede
2910 2974 3105 3030 magna
3138 2961 3325 3018 hostes
3359 2963 3429 3017 ad

1847 3040 1954 3097 sibi
1987 3045 2288 3099 nocendmn
2325 3048 2679 3115 conduxerit,
2704 3065 2803 3107 vos
2849 3053 3058 3108 accitos
3098 3069 3126 3108 a
3169 3055 3330 3110 nobis
3375 3066 3433 3110 et

1846 3132 2012 3206 largis
2039 3148 2352 3194 auctoratos
2395 3142 2685 3212 stipendiis
2720 3143 2910 3200 hostes
2950 3145 3055 3199 dici
3103 3156 3430 3201 contra‘ra-

1844 3227 2047 3284 tionem
2088 3244 2308 3287 omnem
2343 3245 2447 3290 est.
2492 3234 2658 3292 Forte
2701 3236 3046 3307 distinguens
3067 3239 3266 3310 aliquis
3286 3253 3427 3297 tem-

1846 3335 1999 3393 pora,
2033 3325 2185 3392 prius
2232 3328 2416 3382 socios
2446 3330 2619 3386 fuisse
2650 3345 2767 3394 vos,
2802 3331 2999 3387 deinde
3042 3336 3268 3391 mutatis
3307 3337 3427 3390 ani-

1848 3415 1950 3472 mis
1983 3418 2153 3473 factos
2185 3434 2306 3476 esse
2340 3421 2526 3479 hostes
2557 3424 2723 3481 dicet.
2758 3427 2925 3496 Atqui
2965 3428 3033 3483 ad
3066 3440 3299 3486 vestram
3338 3434 3427 3485 ni-

1848 3506 1920 3559 hil
1972 3508 2075 3564 hoc
2131 3513 2353 3582 quidem
2421 3516 2621 3576 foedius
2677 3525 2974 3578 memorari
3036 3529 3425 3583 contumeliam

1844 3610 2027 3667 queat.
2057 3602 2196 3670 Quid
2225 3607 2370 3695 enim
2399 3610 2551 3665 vobis
2588 3613 2750 3683 objici
2781 3615 3027 3674 odiosius
3058 3620 3142 3675 vel
3180 3622 3249 3676 ab
3278 3636 3427 3675 ama-

1844 3691 2083 3747 rissimis
2129 3691 2595 3758 obtrectatoribus
2644 3708 2815 3774 possit
2844 3722 3009 3777 quam
3043 3710 3146 3766 fide
3178 3726 3273 3768 vos
3316 3713 3429 3768 fra-

1844 3792 1951 3850 cta,
1973 3800 2136 3855 quam
2182 3792 2372 3855 amicis
2423 3797 2946 3868 Oppigneraveratis,
2980 3805 3236 3862 maximis
3269 3806 3321 3860 in
3352 3805 3427 3861 si-

1846 3891 1949 3930 nus
1979 3893 2074 3945 per
2129 3896 2319 3937 manus
2365 3885 2578 3941 illorum
2612 3900 2821 3947 vestros
2858 3894 3242 3965 largitionibus
3290 3899 3422 3955 ellu<

1843 3968 1938 4032 sis,
2001 3986 2222 4040 repente
2281 3976 2575 4045 depravata
2641 3984 2917 4042 voluntate
2971 3980 3146 4046 foedus
3199 3993 3420 4062 quidem

1843 4060 2004 4115 icisse
2035 4078 2157 4116 cum
2210 4066 2465 4124 hostibus
2493 4083 2686 4128 contra
2730 4089 2873 4146 quos
2917 4080 3092 4133 vocati
3142 4060 3424 4151 suppetias

1840 4152 2028 4219 eratis,
2075 4155 2366 4223 conjuncta
2404 4175 2536 4217 vero
2566 4178 2688 4218 cum
2737 4166 2932 4222 iisdem
2979 4169 3226 4227 hostibus
3255 4188 3420 4242 opera

1841 4253 1891 4296 et
1928 4245 2006 4297 ira
2043 4252 2218 4333 terras
2254 4252 2578 4321 arnicorutn,
2616 4256 2683 4313 ad
2724 4273 2863 4329 quos
2893 4260 3169 4332 jnvandos
3197 4278 3422 4319 venera-

1846 4336 1934 4395 tis.
1966 4339 2059 4403 qui
2096 4342 2273 4411 atnpla
2334 4345 2489 4400 vobis
2526 4364 2949 4407 numeraveram
2976 4356 3269 4425 stipendia,
3299 4360 3417 4427 pari

1847 4427 2033 4486 furore
2065 4434 2422 4493 devastasse?
2477 4441 2631 4511 Agite
2668 4443 2925 4513 proferte,
2958 4449 3002 4502 si
3051 4448 3178 4516 quid
3210 4449 3421 4505 habetis

1844 4523 1896 4576 in
1928 4527 2339 4584 excusationem
2365 4542 2629 4602 vestram,
2658 4552 2767 4606 quo
2793 4538 3082 4595 videamini
3115 4540 3196 4596 vel
3227 4541 3278 4595 in
3301 4556 3422 4612 spe.

189 4600 293 4658 licet
324 4616 412 4659 aut
438 4621 626 4675 pacem
659 4619 782 4659 cum
817 4606 920 4660 alia
952 4606 1130 4663 colere
1159 4618 1253 4663 aut
1300 4608 1445 4665 bello
1481 4616 1730 4669 eamdem
1766 4629 1814 4686 ι)
1839 4615 1976 4672 ciem
2023 4617 2314 4675 defendere
2383 4622 2594 4680 facinus
2647 4627 2749 4683 huc
2798 4642 3063 4697 vestrum,
3121 4649 3231 4703 quo
3261 4634 3421 4690 Chri-

191 4708 491 4768 oppuguare.
530 4697 821 4768 Postquam
866 4709 1045 4754 autem
1084 4703 1154 4755 ad
1196 4703 1573 4758 auxiliandum
1637 4723 1735 4762 no-

193 4788 260 4843 bis
292 4792 608 4846 bellantibus
662 4793 840 4845 vocati
880 4792 1065 4847 hostes
1121 4808 1218 4847 vos
1265 4796 1453 4849 statim
1519 4797 1736 4866 injuriis

194 4884 457 4949 atrocibus,
498 4883 660 4955 566
707 4886 846 4952 quod
904 4883 1055 4940 nefas
1103 4896 1209 4949 est,
1258 4887 1478 4955 polliciti
1533 4894 1732 4956 socios,

196 4978 525 5039 monstrastis,
585 4977 862 5046 quomodo
906 4977 1000 5045 qui
1046 4991 1141 5032 vos
1191 4993 1420 5048 arguere
1473 4982 1731 5049 noluerit,

193 5063 409 5116 meritam
442 5065 559 5133 ipse
583 5065 772 5131 jmlicii
825 5081 1014 5132 parum
1048 5068 1188 5135 aequi
1240 5079 1293 5121 et
1328 5071 1468 5127 malo
1501 5073 1732 5131 faventis

196 5154 634 5220 reprthensionem
694 5172 800 5208 non
853 5157 1138 5211 incurrat?
1186 5159 1589 5218 Conscientiam
1645 5167 1731 5223 hic

195 5257 393 5308 provoco
425 5258 689 5312 vestram,
734 5252 920 5317 utique
973 5251 1378 5306 recordantium
1411 5270 1507 5309 vos
1539 5275 1731 5313 manus

194 5332 236 5386 in
260 5352 338 5394 eos
365 5341 511 5411 ipsos
541 5326 1116 5413 violentasinjecisse,
1149 5355 1339 5400 contra
1372 5362 1601 5416 quorum
1635 5352 1731 5407 ltu-

192 5435 279 5482 stes
302 5446 438 5486 arma
474 5443 743 5499 moturos,
785 5436 996 5504 magnis
1040 5437 1099 5494 in
1142 5437 1250 5492 hoc
1276 5443 1546 5495 auctorati
1579 5459 1725 5499 mer-

191 5520 392 5590 cedibus,
420 5529 779 5597 receperatis.
804 5527 902 5581 Cui
934 5536 1115 5583 autem
1138 5530 1308 5584 videri
1328 5529 1535 5600 justum
1562 5549 1729 5603 queat

191 5615 234 5660 et
255 5611 440 5684 legibus
469 5633 566 5674 seu
609 5620 808 5675 divinis
840 5636 933 5675 seu
985 5620 1239 5677 humanis
1268 5626 1724 5695 consentaneum,

193 5703 356 5761 nullam
383 5712 600 5780 quidem
632 5723 912 5782 pactorum
957 5713 1264 5786 juratorntn
1323 5716 1592 5772 rationem
1624 5720 1726 5776 du-

190 5804 306 5861 cere,
334 5817 428 5871 pro
469 5804 781 5875 ingentibus
813 5816 992 5861 autem
1031 5806 1275 5876 pecuniae
1307 5811 1558 5876 summis,
1586 5820 1724 5881 quas

193 5882 235 5941 iu
251 5905 330 5949 ros
345 5896 725 5969 impendimus,
751 5899 982 5959 inuectus
1026 5900 1078 5955 in
1112 5916 1210 5958 nos
1247 5902 1470 5959 hostiles
1497 5908 1718 5975 rependi

1845 4708 2008 4763 stiani
2037 4708 2393 4789 Christianos,
2410 4719 2904 4778 veltementissimis
2933 4723 3148 4780 allicitis
3166 4726 3378 4796 injuriis
3400 4745 3419 4795 ε

1847 4800 1946 4855 nisi
1982 4817 2091 4855 non
2121 4805 2387 4862 recusatis
2416 4809 2546 4879 quin
2579 4812 2785 4876 statim,
2809 4813 2949 4870 citra
2981 4815 3293 4873 ulteriorem
3336 4821 3419 4875 in-

1842 4895 2089 4963 quirendi
2148 4915 2376 4965 moram,
2429 4904 2680 4961 crudeles
2743 4908 3041 4980 perlidique
3068 4910 3414 4981 judicemini,

1843 4989 1986 5055 quod
2037 5004 2158 5046 esse
2210 4993 2353 5049 ultro
2408 4997 2673 5066 elegistis.
2709 4999 2848 5066 Quid
2893 5002 3040 5058 enim
3081 5005 3209 5061 mali
3243 5020 3351 5061 non
3386 5022 3415 5060 a

1842 5081 1996 5135 vobis
2025 5087 2351 5141 actumest?
2384 5092 2561 5144 nenne
2587 5090 2749 5163 567
2780 5110 2877 5151 vos
2908 5106 3051 5153 totas
3083 5100 3415 5169 provincias,

1841 5174 2024 5241 pueris
2064 5188 2119 5230 et
2149 5179 2467 5236 mulieribus
2515 5187 2785 5242 servitum
2834 5187 3106 5255 abductis,
3140 5191 3273 5247 viris
3304 5200 3418 5246 tru-

1840 5266 2055 5331 cidatis,
2082 5269 2418 5326 desoiastis?
2450 5272 2638 5332 Nonne
2679 5278 2731 5334 in
2773 5280 2839 5335 iis
2893 5284 3149 5350 parvulos
3177 5293 3232 5338 et
3255 5298 3416 5340 senes

1837 5357 2124 5426 invalidus,
2171 5364 2383 5419 turbam
2443 5369 2836 5439 miserabilem,
2888 5375 3008 5431 illos
3059 5379 3279 5447 quidem
3313 5378 3415 5432 itn-

1837 5452 2148 5537 manissime
2176 5460 2549 5528 transfixistis,
2576 5465 2968 5537 discerpsistis,
3003 5472 3103 5527 hos
3123 5478 3327 5531 autem,
3352 5485 3412 5525 ut

1835 5534 2124 5602 thesauros
2172 5549 2425 5607 videlicet
2472 5534 2787 5624 proderent,
2820 5562 3216 5618 crudelissimis
3259 5564 3411 5632 prius

1835 5641 2123 5694 tormentis
2158 5644 2523 5713 excruciatos,
2554 5652 2868 5708 enecastis?
2906 5652 3047 5720 Quid
3086 5669 3184 5710 vos
3224 5662 3406 5710 autem

1833 5729 2045 5799 impulit
2073 5732 2140 5788 ad
2177 5740 2287 5790 tam
2332 5741 2691 5798 exsecrabilis
2727 5745 3042 5823 patranda?
3075 5744 3261 5802 Caesar
3305 5762 3403 5818 pe-

1829 5822 1954 5885 riit:
1990 5824 2086 5879 sed
2131 5828 2288 5883 nobis
2335 5831 2555 5900 quidem
2597 5834 2742 5890 haud
2768 5822 3083 5896 volentibus
3134 5840 3263 5910 (scit
3314 5846 3404 5909 qni

1830 5925 2023 5972 cuncta
2054 5918 2199 5976 videt
2232 5923 2420 5981 oculos
2445 5924 2588 5996 Dei),
2615 5937 2671 5984 at
2702 5942 2863 5985 manu
2889 5929 3103 5989 illorum
3130 5935 3221 6006 qui
3241 5934 3401 6005 longa
