3848 6550
2986 315 2992 325 '
3059 321 3171 341 .--;

421 397 529 465 623
1004 414 1012 429 °
1636 390 1965 460 GEORGII

2095 390 2481 458 ’CHYMEILE
2674 458 2677 461 ,
3472 450 3480 456 .
3552 394 3647 467 i353

418 530 536 595 diti.‘
569 535 651 603 οἷς
685 541 971 611 ὲντέτροφε
1019 541 1176 611 μῖσος
1224 540 1286 594 τὸ
1338 538 1461 595 κατ’
1495 535 1707 593 ἐκείνου
1736 536 1801 593 εκ
1827 554 1986 592 τινων
2011 540 2063 600 λ
2088 551 2250 606 χανον
2274 535 2366 589 τοῦ
2392 533 2567 589 καὶτὰ
2601 515 2806 607 συνήθη
2837 529 3221 608 παραϐαίνειν.
3248 536 3359 592 Καὶ
3379 530 3455 591 ὧν
3496 544 3653 610 πρατ-

419 632 663 687 παλαιῶν
699 635 1041 704 μηνιμάτων,
1069 633 1279 698 τούτοις
1321 630 1417 687 καὶ
1448 631 1630 704 μόνοις
1657 631 1984 687 αὐτόϐουλον

418 724 706 797 εῐργασται
729 725 790 778 τὸ
820 725 1081 796 πραχθέν.
1119 725 1194 779 Τὸ
1219 726 1415 780 παθεῖν
1436 723 1529 778 οὖν
1551 724 1759 778 ἐκεῖνον
1785 723 1853 778 τὰ
1877 720 1988 792 χει-

421 818 596 889 ριστα,
627 818 702 881 ὡς
751 818 845 888 οὐχ
874 820 1005 886 ἡμῖν
1045 818 1204 888 μετὸν
1233 819 1371 882 ὅλως
1402 818 1481 882 εἰς
1509 815 1712 888 ζημίας
1739 814 1983 886 δόκησιν,

419 911 606 979 σφισιν
638 912 819 977 αὐτοῖς
849 913 929 974 εἰς
964 911 1247 983 ἐκδίκησιν
1280 909 1674 982 περιγράφετε.
1712 906 1824 963 Καὶ
1880 904 1989 978 μὴν

416 1006 545 1069 παῖς
574 1000 640 1074 ἦν
661 1005 793 1074 ἡμῖν
820 1005 852 1075 ἡ
882 1003 1077 1071 ἐκείνῳ
1107 1001 1456 1068 συνοικοῦσα,
1481 1000 1612 1056 ὥστ’
1640 1000 1706 1054 ἂν
1736 996 1830 1053 καὶ
1860 1007 1989 1065 συγ-

414 1095 625 1165 γνωτέα
654 1096 850 1161 ἐδόκει,
877 1095 942 1166 ἢν
969 1095 1071 1149 πού
1097 1095 1149 1148 τι
1182 1097 1229 1148 oi
1252 1094 1347 1148 καὶ
1384 1092 1840 1164 πεπλημμέλητο.
1878 1091 1988 1145 Καὶ

413 1189 474 1243 τὸ
502 1188 644 1243 οὔτω
680 1193 749 1243 τὰ
794 1187 1313 1258 πεπλημμελημένα
1351 1184 1708 1256 μετέρχεσθαι
1739 1185 1850 1247 τοῖς
1879 1183 1988 1236 τῶν

425 1281 710 1352 Ῥωμαίων
764 1281 954 1351 ῆθεσιν
1007 1280 1210 1350 ἥκιστα
1268 1279 1541 1349 χωρητέα.
1593 1278 1707 1330 Καὶ
1749 1275 1893 1329 τοῦτ’
1919 1270 1989 1346 ἦν

413 1379 543 1438 ἴσως
569 1375 617 1427 εἰ
651 1368 922 1443 προῦπτον
951 1366 1019 1442 ἦν
1045 1371 1105 1423 τὸ
1145 1369 1411 1439 ἀδίκημα.
1440 1367 1545 1420 Ἦν
1589 1366 1646 1419 δὲ
1678 1365 1846 1436 μηδὲν
1873 1364 1987 1435 ἔχοι

411 1485 494 1530 τις
529 1467 782 1535 ἐγία),εἶν
801 1465 877 1527 ὡς
907 1462 1000 1516 καὶ
1034 1461 1216 1522 αὐτοῖς
1244 1461 1379 1530 ἡμῖν
1413 1457 1758 1530 βουλομένοις
1787 1454 1987 1508 εἰδέναι

414 1559 480 1612 ἂν
508 1560 616 1628 εἴη,
650 1557 765 1619 πῶς
798 1554 864 1609 ἂν
890 1553 1112 1625 αἱρετέα
1142 1553 1273 1622 ἡμῖν
1297 1550 1366 1604 τὰ
1416 1551 1489 1621 μὴ
1519 1549 1837 1614 ξυνοῐσοντα
1864 1545 1989 1613 ξυν-

412 1655 627 1709 ἐὸαινεν
656 1646 792 1704 εῖναί
818 1668 832 1717 ;
869 1650 1038 1719 χωρῖς
1081 1646 1395 1711 δὲ.τούτων,
1425 1645 1537 1706 τιῖς
1573 1642 1673 1713 μὲν
1700 1641 1800 1693 οὐκ
1832 1638 1989 1709 ἕχον-

414 1764 497 1800 σιν
514 1745 576 1800 ἂν
605 1746 713 1814 ὅπη
744 1744 1021 1813 τραπεῖεν,
1050 1740 1115 1811 ἦν
1148 1738 1252 1792 πού
1281 1755 1333 1792 τι
1366 1736 1476 1790 τῶν
1494 1735 1812 1805 ἀόονλήτων
1839 1732 1992 1803 παρά

413 1855 573 1892 τινων
599 1839 827 1906 γένοιτο,
860 1833 1089 1897 ἐκείνοις
1117 1831 1184 1886 ἂν
1219 1828 1456 1899 ξυμϐαίη
1484 1827 1579 1880 καὶ
1611 1825 1763 1898 παρὰ
1806 1824 1878 1879 τὰ
1913 1826 1991 1878 οῖ-

413 1933 535 1985 κεῖα
556 1930 660 2002 ἤθη
698 1925 1070 1996 παρατολμᾷν.
1097 1917 1193 1987 Οἷς
1222 1921 1332 1992 γὰρ
1376 1920 1563 1990 σφίσιν
1596 1920 1653 1973 ἐν
1686 1916 1858 1988 στενῷ
1899 1932 1989 1970 κο-

416 2023 544 2093 μιδῆ
566 2022 633 2075 τὰ
660 2022 757 2091 τῆς
786 2019 1138 2090 ἐκδικήσεως,
1180 2013 1538 2085 ἑπιχειρητέα
1557 2013 1653 2066 καὶ
1683 2012 1752 2065 τὰ
1782 2011 1987 2083 ἣκιστα

410 2118 478 2172 ἂν
507 2119 563 2181 ἐς
594 2115 738 2169 ἅπαν
775 2111 984 2181 συνήθη
1006 2125 1020 2140 ·
1054 2108 1211 2179 φέρει
1240 2107 1347 2178 γὰρ
1378 2106 1461 2169 εις
1489 2107 1683 2174 καιρὸν
1711 2102 1885 2157 ταῦτα
1927 2102 1988 2157 τὸ

413 2207 724 2278 ἀπογνῶναι
748 2205 842 2258 καὶ
868 2205 930 2258 τὸ
957 2201 1065 2255 τῶν
1088 2198 1447 2272 δρασειόντων
1475 2195 1701 2259 ἀσθενὲς
1725 2195 1819 2250 καὶ
1846 2193 1992 2265 ἁμή-

421 2359 461 2375 "4

386 2376 467 2444 ‘iu
498 2402 621 2443 eum
655 2401 719 2441 ex
754 2380 996 2452 antiquis
1020 2378 1418 2435 oﬁ‘ensionibus
1454 2375 1532 2433 ira
1567 2377 1620 2433 in
1654 2377 1841 2432 animo
1890 2392 1990 2433 nu-

418 2484 569 2543 trita,
592 2478 830 2533 oblatam
858 2472 1064 2528 veteris
1086 2471 1293 2526 doloris
1326 2469 1619 2526 ulciscendi
1641 2468 1988 2526 occasionem

415 2573 694 2626 incautum
724 2562 1082 2636 opprimendo
1110 2563 1416 2631 arripuere.
1445 2558 1528 2616 llli
1574 2561 1675 2617 hoc
1703 2561 1804 2615 soli
1850 2559 1989 2615 iaci-

416 2679 517 2717 nns
549 2661 771 2732 proprio
822 2657 1075 2720 consilio.
1111 2655 1284 2710 libera
1328 2652 1610 2710 voluntate
1648 2666 1938 2723 suscepere
1970 2669 1985 2719 ;

416 2758 501 2812 his
536 2757 655 2810 unis
683 2767 897 2823 aequum
934 2759 1018 2806 est
1046 2748 1164 2818 ejus
1195 2747 1457 2802 invidiam
1480 2746 1733 2801 criminis
1762 2747 1991 2813 ascribi,

417 2864 522 2904 non
557 2857 737 2901 autem
800 2844 980 2907 nobis,
1035 2850 1400 2912 praeterquam
1452 2840 1771 2904 inconsciis,
1821 2839 1988 2894 etiam

417 2941 511 2996 illo
543 2939 657 3010 ipso
702 2938 908 2993 scelere
956 2934 1196 2991 violatis.
1240 2932 1522 2999 Nostrum,
1572 2932 1816 3003 inquam,
1843 2931 1990 3002 quod

416 3032 607 3089 insciis
639 3040 694 3087 et
721 3028 1067 3085 invitissimis
1110 3025 1269 3082 nobis
1297 3024 1481 3080 Caesar
1531 3039 1722 3094 passus
1752 3033 1861 3089 est,
1895 3019 2015 3082 no?

415 3135 589 3184 atrum
612 3126 856 3194 ipsorum
874 3130 928 3179 et
947 3120 1164 3191 quidem
1184 3134 1349 3189 grave
1370 3126 1684 3189 reputamus
1705 3119 1990 3183 damnum,

2087 625 2335 697 τομένων
2385 626 2419 697 ἡ
2463 624 2671 696 μέμψις
2723 627 2988 698 ἐφῆπται,
3040 629 3338 683 αἰτιάσαιτ’
3368 629 3434 682 ἄν
3462 637 3545 692 τις
3582 630 3652 682 διε

2087 721 2291 785 καιωςο
2330 714 2411 785 οἷς
2433 721 2480 775 δ’
2514 724 2573 776 ἐν
2604 720 2752 793 ῖσχύῖ
2782 722 2843 775 τὸ
2877 721 3157 792 μετελθεῖν
3191 724 3267 787 ὡς
3296 723 3550 794 βούλοιντ’
3573 725 3652 789 ἂν,

2088 813 2149 866 τδ
2173 811 2395 884 αἱρετὴν
2448 812 2719 884 αἰσχύνην
2774 813 3174 885 περιϐαλέσθαι
3232 816 3421 883 σφίσιν
3453 815 3651 877 ἑαυτοῖς

2088 902 2208 968 πῶς
2240 905 2342 958 οὐκ
2357 903 2692 974 ἁϐούλητον;
2723 904 2846 958 Τῶν
2880 906 2979 976 μὲν
3008 903 3101 960 οὖν
3137 907 3542 979 πεπραγμένων
3561 909 3650 978 οὐχ

2087 991 2250 1069 ἧττον
2280 995 2835 1075 ξυγγνώμοναςεῐναι
2860 998 2990 1070 χρὴ,
3018 998 3052 1070 ἢ
3079 998 3371 1070 ἑκδικητὰς
3408 998 3650 1070 βούλεσθε

2087 1090 2396 1160 γίγνεσθαι,
2445 1091 2572 1155 τοὺς
2598 1091 2698 1144 οὐκ
2728 1091 2797 1144 ἂν
2825 1092 2873 1144 el
2911 1093 2985 1163 μὴ
3017 1092 3255 1162 αἱροῖντο
3286 1092 3451 1144 κακοὶ
3482 1094 3653 1160 φαίνε-

2090 1186 2216 1242 σθαι
2262 1186 2359 1240 καὶ
2416 1185 2726 1239 ἐκσπόνδων
2780 1186 2998 1257 χείρους
3048 1186 3571 1258 ξημιωθησομένονς
3598 1188 3651 1240 τὸ

2089 1277 2329 1336 σύνολον.
2363 1277 2426 1331 Ei
2449 1276 2494 1331 δ’
2526 1276 2641 1344 οὖν,
2670 1276 2787 1331 ἀλλ’
2812 1280 2877 1331 ἐκ
2903 1278 2993 1350 [Ρ.
3040 1276 3171 1352 397]
3201 1279 3313 1333 τῶν
3339 1278 3652 1354 φθασάντων

2090 1370 2331 1424 σκεπτέα
2367 1370 2434 1425 ἂν
2487 1370 2573 1442 εῖη
2605 1371 2737 1434 ὑμῖν
2790 1370 3048 1438 ὁπόσοις,
3105 1372 3223 1425 δέον
3273 1371 3410 1443 παρ’
3458 1372 3652 1444 ἔχθρῶν

2090 1463 2368 1529 πλουτεῖν,
2392 1466 2457 1517 ἐκ
2473 1463 2579 1518 τῶν
2598 1464 2886 1535 ἡμετέρων
2904 1464 3294 1536 ἐξωλὸισθητε.
3324 1465 3438 1520 Καὶ
3463 1465 3653 1537 ἀφεημι

2088 1557 2188 1610 ὅσα
2215 1556 2548 1627 ὴλογηκὸτες
2576 1557 2684 1610 τῶν
2710 1557 2789 1619 εἰς
2824 1555 3130 1627 Ῥωμαίους
3152 1557 3397 1611 σπονδῶν
3426 1558 3521 1611 καὶ
3541 1575 3652 1611 συν.

2091 1648 2275 1719 θηκῶν
2331 1636 2798 1718 ἠνδραποδίσασθε
2825 1664 2841 1680 ο
2879 1648 2997 1701 ἀλλ’
3028 1650 3261 1713 ὁπόσους
3306 1649 3464 1721 ἡμῶν
3504 1650 3655 1704 διδόν-

2090 1757 2197 1795 των
2232 1741 2265 1810 ﬂ
2297 1740 2389 1793 καὶ
2415 1740 2886 1811 ὲκκεχωρηκότων
2907 1741 3211 1812 λαμϐάνειν
3244 1737 3556 1797 ἅπιῖινασθε.
3588 1736 3652 1797 ’ἢ

2091 1834 2199 1902 γὰρ
2228 1834 2336 1886 τῶν
2369 1832 2681 1903 συμμάχων
2722 1833 2933 1903 σχῆμα,
2989 1834 3170 1888 καὶτὸ
3202 1835 3283 1889 ἔτι
3334 1835 3516 1892 δοκεῖν
3558 1836 3654 1891 τῶν

2090 1924 2376 1995 ἡμετέρων
2400 1924 2753 1994 ὑπερπονεῖν,
2771 1925 2847 1989 ὡς
2878 1924 3260 1998 λαμϐάνοντας
3288 1927 3517 1981 διετίθει
3544 1930 3655 1989 τοὺς

2088 2017 2239 2071 οὐδὲν
2265 2013 2430 2089 ⁴ἧττον
2449 2010 2709 2081 διδόντας,
2763 2018 2869 2073 κᾶν
2894 2036 2979 2083 τις
3008 2021 3102 2073 καὶ
3133 2005 3284 2074 ἄκων
3330 2015 3471 2075 εἶναι
3498 2020 3653 2074 ἐδίδου

2090 2110 2656 2181 προσαφαιρούμενος.
2707 2109 2926 2163 Τούτων
2971 2111 3274 2182 μνήσθητε,
3328 2112 3424 2165 καὶ
3464 2111 3561 2175 τὰς
3605 2112 3655 2177 ἐξ

2089 2200 2266 2272 ἀρχῆς
2291 2200 2582 2271 ὁμολογίας
2608 2200 2954 2265 αἰδεσθέντες
2972 2196 3062 2267 αἷς
3086 2203 3502 2275 ὲμπεπέδωσθε,
3540 2205 3659 2259 Καῖ-

2093 2382 2232 2438 rium
2262 2383 2591 2454 gravissimo
2653 2394 2840 2440 nostro
2873 2393 3116 2453 tempore
3153 2384 3465 2457 praesidium
3501 2385 3655 2455 impc-

2092 2477 2159 2533 rii
2187 2493 2294 2531 uno
2326 2486 2600 2531 momento
2643 2477 3015 2546 perdidimus?
3044 2478 3250 2533 Pratter
3274 2480 3398 2543 hoc,
3427 2477 3491 2532 ad
3514 2478 3657 2545 plane

2092 2585 2195 2627 nos
2225 2571 2375 2626 omni
2406 2570 2722 2640 suspicione
2750 2582 3056 2641 procurante
3090 2573 3241 2627 necis
3289 2570 3490 2625 Caesari
3546 2585 3658 2639 pur-

2092 2667 2300 2738 gandos
2353 2663 2789 2720 efﬁcacissimum
2842 2668 2985 2734 apud
3040 2676 3193 2721 recte
3239 2665 3546 2734 judicantes
3576 2679 3654 2720 ar-

2092 2766 2404 2828 gumentum
2435 2759 2530 2823 sit,
2558 2759 2703 2823 quod
2736 2757 2793 2812 in
2844 2758 3149 2814 istiusmodi
3208 2759 3464 2831 immania
3514 2770 3657 2814 ruere

2091 2850 2320 2906 consilia
2355 2864 2545 2904 eorum
2588 2858 2672 2903 est
2704 2851 2795 2919 qui
2846 2849 2997 2920 passi
3027 2865 3054 2903 a
3092 2851 3350 2921 quopiam
3386 2850 3523 2920 quod
3560 2864 3651 2903 non

2094 2942 2314 3007 vellent,
2349 2956 2456 3013 quo
2484 2955 2544 2997 se
2591 2949 2810 2997 vertant
2839 2956 2946 2998 non
2979 2941 3204 3010 habent,
3234 2942 3383 2998 carni
3428 2941 3653 2997 destituti

2092 3033 2357 3090 facultate
2385 3034 2709 3090 desideratas
2738 3034 2845 3091 sibi
2888 3033 3309 3100 satisiactionis,
3347 3043 3440 3088 aut
3481 3043 3656 3102 prosc-

2093 3125 2324 3194 quenda
2363 3126 2505 3195 apud
2539 3126 2874 3197 potentiores
2903 3124 3009 3181 viis
3059 3125 3339 3194 legitimis,
3373 3135 3462 3181 aut
3490 3140 3582 3195 per
3603 3139 3657 3179 se

415 3228 627 3291 gratum
659 3220 782 3274 ideo
824 3214 1063 3271 habituri
1103 3214 1147 3269 si
1182 3213 1358 3283 poenis
1415 3227 1512 3282 per
1565 3226 1682 3278 vos,
1710 3210 1803 3283 qui
1832 3219 1982 3281 pole-
2016 3228 2064 3292 ο
2092 3219 2273 3292 palam
2292 3219 2443 3290 justa
2469 3229 2737 3290 potestate
2756 3220 3103 3291 usurpandae.
3141 3218 3276 3275 Nam
3301 3220 3456 3286 tales,
3477 3232 3659 3274 urente

416 3313 540 3378 stis,
563 3308 847 3379 condignis
881 3306 1190 3361 adiciantur
1248 3312 1502 3360 auctores
1552 3302 1738 3365 caedis.
1792 3309 1993 3357 nostra

416 3417 631 3475 qucque
678 3400 860 3457 domui
903 3398 1318 3459 funestissima.
1351 3410 1449 3466 per
1484 3410 1644 3466 quam
1675 3392 1854 3450 orbati
1895 3407 1993 3465 ge-

419 3511 553 3554 nero
577 3508 787 3552 sumus.
827 3491 988 3546 Scitis
1022 3490 1165 3545 enim
1209 3499 1456 3543 nostram
1489 3486 1657 3542 fuisse
1697 3485 1864 3541 ﬁliam
1924 3485 1993 3540 ii-

418 3592 524 3646 lius
574 3588 885 3659 conjugem.
933 3585 1064 3652 Quae
1105 3590 1215 3637 tam
1257 3592 1375 3636 arta
1432 3579 1779 3637 necessitudo
1831 3578 1995 3634 facile

418 3685 763 3755 suspiciones
789 3680 948 3743 diluit
969 3688 1171 3733 nostra;
1195 3675 1482 3745 cujusdam
1503 3678 1571 3730 ab
1596 3689 1664 3729 eo
1687 3673 1994 3730 aversionis

417 3778 489 3832 ob
523 3773 778 3829 nonnulla
811 3770 1169 3841 precedentin
1209 3769 1455 3824 dissidiu.
1503 3768 1637 3834 Quis
1678 3769 1848 3830 enim,
1904 3766 1993 3822 cui

420 3882 601 3922 mores
634 3864 908 3935 perspecti
940 3862 1053 3918 sint
1103 3862 1299 3924 nostri,
1351 3878 1460 3917 non
1498 3862 1656 3916 facile
1709 3861 1990 3932 intelligit.

417 3963 581 4019 etiam
614 3959 659 4013 si
689 3958 819 4028 quid
852 3957 920 4012 ab
953 3955 1045 4011 illo
1093 3954 1360 4009 molestia
1404 3956 1739 4023 accepimus,
1771 3965 1993 4025 paratos

418 4056 593 4123 magis
629 4066 729 4106 nos
759 4048 974 4104 futuros
1017 4046 1084 4103 ad
1126 4046 1280 4102 venia
1316 4048 1737 4116 impertiendmn
1773 4059 1881 4102 tam
1911 4049 1994 4101 in-

418 4146 610 4201 timum
645 4141 859 4197 afﬁnem
911 4156 1073 4211 quam
1120 4139 1430 4208 praecipites
1463 4141 1528 4193 ad
1563 4139 1877 4208 rapiendam
1927 4153 1993 4193 ex

416 4252 485 4292 co
541 4235 768 4307 perﬁdia
815 4243 872 4289 et
925 4234 1251 4288 crudelitate
1284 4233 1616 4287 cumulatam
1646 4231 1932 4297 ultionem,
1962 4248 1991 4285 a

417 4346 526 4403 qua
564 4328 792 4386 Romani
837 4329 1053 4398 propria
1080 4327 1296 4395 generis
1326 4325 1523 4381 lenitas
1557 4310 1796 4379 immane
1821 4338 1995 4393 quan-

421 4435 534 4479 tum
569 4423 865 4479 abhorret?
894 4421 1030 4477 Hinc
1063 4428 1209 4490 patet
1250 4434 1425 4487 neque
1456 4417 1502 4474 si
1541 4418 1828 4473 manifesm
1857 4432 1997 4488 prte-

418 4516 678 4573 cessisset
727 4517 781 4571 in
839 4530 936 4570 nos
970 4512 1206 4568 Caesaris
1250 4509 1470 4579 injuria,
1521 4509 1772 4565 debuisse
1801 4524 1992 4579 qucrn-

2098 3313 2246 3368 intus
2278 3312 2505 3383 injuria:
2526 3311 2735 3376 dolore.
2760 3311 2905 3368 ultra
2936 3322 3143 3367 morem
3187 3313 3459 3368 interdum
3482 3326 3545 3367 ac
3585 3312 3654 3365 las

2095 3403 2280 3461 eﬂerri
2320 3404 2389 3460 ad
2418 3415 2675 3460 conatum
2697 3404 2946 3474 quamvis
2979 3404 3196 3476 injuste
3225 3404 3467 3469 ultionis,
3494 3417 3660 3458 exem-

2096 3497 2220 3570 plis,
2245 3511 2409 3567 quam
2443 3506 2589 3553 esset
2641 3496 2968 3567 optandum,
3000 3496 3373 3552 crebrioribus
3401 3497 3654 3553 cernitur.

2095 3590 2240 3661 quod
2272 3591 2370 3645 ltos
2395 3589 2627 3645 efferare
2658 3590 2829 3646 soleat
2872 3590 3177 3661 desperatio
3204 3590 3345 3658 juris
3383 3599 3476 3643 aut
3501 3588 3656 3642 Itono-

2098 3684 2173 3739 ris
2222 3684 2485 3739 imminuti
2529 3683 2632 3738 alia
2679 3684 2891 3739 ratione
2933 3682 3242 3752 reparandi.
3279 3681 3484 3750 Quibus
3517 3694 3653 3744 vero.

2096 3778 2273 3848 qualis
2320 3787 2504 3832 nostra
2557 3776 2653 3830 Dei
2695 3775 2961 3832 beneﬁcio
3009 3775 3251 3831 conditio
3299 3786 3405 3840 est,
3451 3774 3653 3843 quibus,

2098 3872 2343 3941 inquam,
2378 3870 2676 3925 auctoritas
2717 3879 2772 3925 et
2793 3870 2877 3924 vis
2916 3867 2980 3922 ad
3016 3881 3235 3921 manum
3270 3877 3514 3937 prompta
3540 3881 3652 3930 sup.

2096 3960 2234 4032 petit
2261 3960 2742 4026 contumeliarum,
2767 3960 2812 4015 si
2838 3972 2974 4029 quas
2994 3960 3328 4029 accepimus,
3354 3956 3581 4027 legitima
3603 3966 3653 4007 et

2097 4053 2375 4122 inculpata
2406 4053 2615 4107 ratione
2664 4051 3134 4115 vindicandarum,
3190 4051 3291 4105 hos
3339 4062 3495 4105 nemo
3535 4062 3656 4103 Sane

2098 4148 2375 4217 sapienter
2413 4147 2696 4200 aestimans
2747 4145 3132 4207 autumaverit.
3185 4141 3461 4215 probrosis
3490 4139 3653 4211 potius

2098 4239 2472 4312 pudendisque
2532 4252 2693 4309 quam
2744 4236 2907 4293 rectis
2933 4249 2986 4292 et
3022 4237 3268 4294 honestis
3318 4236 3465 4292 ultro
3510 4231 3655 4288 malle

2101 4335 2280 4390 modis
2318 4333 2398 4388 uti
2433 4334 2507 4387 rei
2536 4341 2630 4387 aut
2657 4331 2934 4400 dignitatis
2978 4342 3197 4401 quoquo
3228 4333 3389 4386 modo
3419 4330 3654 4384 detracta:

2101 4427 2461 4497 reponendaea
2481 4424 2696 4479 Maneat
2720 4425 2885 4495 igitur
2917 4438 2985 4479 ex
3017 4424 3104 4478 his
3130 4422 3368 4477 evictum
3394 4422 3654 4476 evidenter

2104 4537 2213 4576 non
2252 4520 2353 4575 nisi
2382 4535 2478 4589 per
2515 4518 2913 4589 iniquissimam
2937 4515 3267 4572 calumniam
3296 4512 3545 4585 imputari
3561 4524 3655 4564 no-

418 4626 584 4681 quam
616 4607 889 4678 suspicari
918 4608 983 4662 de
1014 4607 1174 4660 nobis
1205 4613 1408 4660 tantam
1443 4604 1495 4657 in
1541 4616 1664 4656 eum
1700 4601 1993 4668 saevitiam;
2026 4585 2080 4647 Β
2102 4611 2188 4665 bis
2221 4585 2394 4680 posse'
2424 4585 2633 4680 parte“;
2686 4618 2779 4663 aut,
2812 4606 3206 4664 conscientiam
3252 4606 3415 4660 ullam
3449 4599 3655 4659 sceleri;

422 4703 564 4756 unde
593 4699 771 4769 quivis
802 4699 1046 4769 prudens
1084 4698 1378 4767 perspiciat
1434 4704 1641 4765 quanto
1695 4693 1993 4749 incredibi-

420 4797 621 4851 iiorem‘
642 4795 786 4848 tilum
815 4794 889 4850 sit
919 4802 1352 4849 consentaneum
1390 4789 1601 4853 haberi,
1628 4803 1751 4842 cum
1783 4803 1850 4844 eo
1873 4787 1994 4858 qui—

417 4890 540 4945 dem
573 4896 816 4957 tempore
852 4899 961 4955 quo
997 4882 1184 4940 Caesar
1209 4897 1507 4953 oppressus
1555 4888 1663 4945 est,
1703 4880 1906 4934 nullam
1942 4882 1992 4936 ei

419 4982 702 5040 nobiscum
741 4978 1121 5035 intercessisse
1177 4974 1635 5039 controversiam,
1700 4974 1837 5030 nihil
1895 4988 1994 5029 nos

419 5075 567 5148 quod
623 5073 699 5127 illi
754 5084 1205 5127 succenseremus
1260 5067 1539 5132 habuisse,
1575 5067 1728 5121 vobis
1783 5081 2000 5137 quoque

420 5166 578 5240 ipsis,
621 5166 667 5223 si
726 5164 1012 5221 volueritis
1064 5163 1368 5233 inquirere,
1397 5170 1654 5216 constare
1704 5162 2000 5216 manilesto

420 5272 609 5333 queat.
643 5260 748 5315 Sed
790 5258 978 5327 fingite
1007 5272 1109 5313 nos
1136 5257 1274 5310 adeo
1302 5254 1449 5309 feros
1488 5264 1545 5308 ut
1571 5255 1691 5308 sine
1721 5267 1883 5308 causa
1914 5253 2003 5307 itt-

421 5354 661 5411 dibunde
685 5352 739 5408 in
767 5350 1116 5405 farniIisrium
1146 5361 1560 5418 prorumpamus
1574 5347 1752 5401 caedes
1770 5363 1786 5401 :
1807 5346 2006 5401 etiam.

421 5461 491 5503 ne
549 5455 659 5501 tam
722 5443 1096 5512 imprudentes
1125 5439 1506 5510 opinabimini,
1534 5447 1594 5493 ut
1621 5438 1766 5493 ultro
1818 5446 2000 5491 atten-

422 5536 921 5609 temusmqute
951 5534 1176 5590 minime
1204 5531 1592 5595 conducibilia,
1625 5531 1737 5585 imo
1760 5530 1997 5584 maxime

422 5636 683 5687 damnosa
720 5630 876 5685 nobis
902 5628 1039 5698 ipsis
1066 5627 1248 5683 futura
1276 5626 1423 5683 clare
1455 5625 1842 5695 provideantur
1865 5622 1889 5676 ?
1911 5621 1997 5676 cui

425 5735 604 5780 amem
632 5731 797 5793 queat
829 5735 953 5777 esse
979 5720 1201 5776 dubium
1232 5718 1388 5788 gravi
1423 5726 1607 5772 nostra
1637 5713 1876 5783 pernicie
1902 5727 1996 5767 ce-

420 5815 623 5872 cidisse
669 5813 962 5880 Cresarem,
1017 5817 1071 5870 in
1108 5828 1219 5885 quo
1259 5822 1338 5868 tot
1385 5826 1512 5881 spes
1561 5808 1754 5871 futuri,
1818 5816 1998 5861 tantos

422 5907 624 5966 eii‘usos
650 5907 705 5962 in
738 5922 864 5964 eum
900 5910 1202 5966 ornandum
1257 5915 1528 5974 sumptus,
1564 5911 1689 5974 tam
1738 5913 1998 5957 necessa-

2102 4700 2480 4756 interliciendo
2508 4697 2725 4755 Casare
2763 4700 2961 4769 patrati
2985 4714 3002 4765 ;
3031 4712 3239 4766 vosque
3266 4696 3403 4752 nihil
3431 4694 3541 4750 fere
3562 4692 3655 4746 mi-

2104 4808 2206 4849 nus
2236 4807 2422 4861 grave,
2453 4807 2617 4862 quam
2669 4793 2810 4861 quod
2844 4791 3034 4846 ulcisci
3066 4791 3205 4845 velle
3236 4788 3514 4850 videmini,
3538 4800 3655 4840 cnn-

2102 4885 2340 4941 scituros
2370 4886 2602 4947 crimen,
2634 4886 2678 4939 si
2708 4897 2897 4953 pcenas
2928 4882 3076 4938 illius
3103 4883 3266 4938 caedis
3316 4881 3383 4936 ab
3415 4880 3484 4936 iis
3522 4891 3659 4946 rupe.

2106 4986 2222 5032 tere
2270 4978 2527 5047 pergatis,
2576 4992 2714 5047 quos
2750 4977 2809 5030 in
2847 4976 2992 5031 illam
3047 4974 3415 5040 consensisse,
3448 4987 3565 5029 cum
3610 4969 3656 5023 id

2103 5071 2287 5123 facere
2344 5069 2693 5137 nequiverint
2726 5068 2832 5123 nisi
2875 5083 2984 5129 non
3033 5067 3214 5122 solum
3246 5066 3427 5137 jurata
3474 5065 3659 5119 hedera

2060 5161 2553 5232 ’perlidiosissime
2603 5161 2878 5225 violando,
2924 5161 3017 5215 sed
3066 5159 3232 5215 etiam
3292 5156 3656 5229 capitalissima

2104 5254 2247 5307 ultro
2277 5252 2332 5307 in
2362 5267 2419 5308 se
2460 5252 2611 5323 ipsos
2641 5253 2968 5308 stultissime
2999 5253 3330 5307 attrahendo
3359 5249 3656 5307 infortunia,

2106 5345 2455 5417 perspicuum
2510 5346 2722 5400 ratione
2768 5346 2940 5400 utenti
2992 5344 3170 5400 cuivis
3214 5350 3297 5398 est
3342 5343 3489 5397 nullo
3517 5351 3659 5411 posse

2103 5448 2264 5507 pacto
2290 5437 2588 5492 verisimile
2616 5439 2811 5493 videri.
2844 5438 3002 5493 Nunc
3032 5438 3099 5491 ad
3130 5444 3225 5493 vos
3245 5445 3535 5504 vestraque
3551 5438 3660 5487 acta

2105 5528 2309 5584 referre
2327 5528 2629 5584 orationem
2646 5528 2927 5595 convenit,
2946 5527 3403 5599 considerarequc
3418 5541 3486 5581 ex
3509 5522 3658 5595 gestis

2103 5622 2210 5676 huc
2221 5634 2395 5691 usque
2406 5629 2667 5689 quantum
2688 5634 2956 5691 vos,quos
2972 5621 3253 5676 ditescere
3281 5634 3349 5675 ex
3368 5617 3571 5674 damnis
3586 5613 3662 5668 lto-

2085 5712 2268 5766 stium
2286 5727 2382 5782 par
2399 5722 2544 5774 erat,
2561 5724 2628 5766 ex
2650 5712 2880 5776 nostris,
2899 5713 3180 5767 sociorum
3205 5720 3263 5765 ut
3286 5704 3656 5780 loqttebamiol,

2105 5813 2431 5868 vestrorum,
2473 5817 2505 5857 e
2540 5800 2942 5872 Romanorum,
2992 5804 3238 5875 inquam,
3269 5802 3464 5873 quibus
3488 5798 3659 5854 delen-

2105 5893 2296 5953 dendis
2314 5894 2526 5980 evocati
2543 5895 2839 5964 veneratis,
2853 5896 3171 5954 avarissime
3192 5896 3384 5966 injuria
3407 5901 3570 5950 vestra
3584 5886 3659 5943 di-

3830 444 3843 507 l
