3848 6582
465 443 572 507 627

1692 453 1947 514 GEORG
1959 455 2011 514 ll
2053 454 2351 520 PACIIYM
2363 458 2535 520 ΕΒΕ
3572 462 3655 526 63.8

459 555 759 623 δασμάτων
791 556 950 628 χάριν
976 559 1069 612 καὶ
1097 558 1309 626 πόνων;
1343 561 1501 615 Καλὰ
1525 578 1587 629 γε
1621 562 1678 627 ἐς
1712 563 2043 635 Ῥωμαίους,
2077 573 2113 627 Α
2150 560 2391 639 κορύζης
2423 569 2695 640 Ἰταλικῆς
2716 568 2908 637 λόγους
2940 568 3213 639 ἐξέφερον.
3235 568 3342 622 Καὶ
3367 567 3505 631 τέλος
3533 588 3549 621 t
3581 573 3660 628 Ἠν

459 647 605 705 καλὰ
651 650 746 705 καὶ
798 650 982 706 δίκαια
1023 653 1297 722 μεγάλους
1358 656 1612 722 senm
1671 658 1921 729 μισθούς.
1969 659 2045 713 Τὸ
2148 659 2460 732 βουλομένῳ
2485 662 2706 734 βασιλεί
2736 663 2854 733 εἴη»
2891 662 3133 730 ἔφασκον
3165 678 3185 712 t
3222 660 3521 724 ἐνσπόνδους
3544 664 3661 732 ἡμᾶς

459 745 725 816 πράττειν
780 744 914 814 γοῦν
945 745 1120 801 ταῦτα
1159 747 1554 818 ὁμολογοῦντες
1605 749 1878 821 ὲχθρῶδες
1902 747 2042 807 εἶναι

457 837 586 901 τοὺς
621 838 763 908 ὑπὲρ
795 839 997 893 τούτων
1030 840 1259 911 μισθοὺς
1280 842 1356 905 ὡς
1378 844 1657 914 σύμμαχοι
1677 846 2041 917 ἀπαιτήσετε;

460 931 572 984 Καὶ
598 930 759 985 ποίαν
779 931 885 1002 ἄρα
904 932 1301 1005 ἀγνωμοσύνης
1326 935 1425 1007 οὑχ
1444 936 1546 989 inre
1556 935 1843 1007 ρσαλεῐσθε
1873 939 1976 991 ΰπε
1985 955 2043 1009 ρ-

458 1021 658 1094 ϐολήν;
714 1026 778 1078 ’Δ
809 1024 918 1095 γὰρ
966 1025 1109 1098 ὑπὲρ
1162 1027 1455 1098 Ῥωμαίων
1504 1030 1825 1100 πεπρᾶχθαι
1855 1031 2041 1097 σφίσιν

457 1119 591 1185 ἡμῖν
618 1117 792 1186 εδοξε,
840 1120 936 1173 καὶ
968 1121 1108 1189 ὑπὲρ
1140 1121 1204 1175 τὸ
1249 1120 1459 1175 δίκαιον
1488 1122 1713 1194 ἕμμισθ*
1739 1123 1805 1178 ἂν
1839 1124 2039 1195 εὕροιτ’

456 1206 523 1261 ἂν
553 1209 921 1278 σκοπούμενοι
941 1227 957 1243 σ
989 1211 1059 1264 τὰ
1082 1211 1140 1267 δὲ
1186 1212 1307 1266 κατ’
1337 1214 1517 1268 αὐτῶν
1557 1218 1927 1285 πεπραγμένα
1955 1217 2041 1269 τό-

458 1317 553 1353 σον
583 1302 837 1371 ὲφὲλκειν
871 1304 1102 1372 μισθοὺς
1127 1305 1316 1361 δίκαιά
1350 1308 1490 1360 sicut
1520 1308 1621 1361 ὅσοι
1642 1309 1735 1362 καὶ
1765 1308 1922 1373 δίκας
1944 1309 2041 1362 αὖ·

457 1394 568 1448 τῶν
598 1395 855 1467 ὑποσχεῖν
878 1397 1078 1453 δίκαιοι
1125 1399 1191 1455 ἂν
1222 1399 1582 1472 λογισθείητε.
1615 1400 1809 1474 Χρεὼν
1837 1401 1930 1455 οὖν
1956 1404 2041 1455 ὲν-

456 1488 819 1557 τελεχέστατα
873 1491 1330 1563 βουλευσαμένοις
1363 1496 1467 1565 ὅπη
1503 1496 1650 1549 δοκεῖ
1685 1497 1918 1566 ποιητέα
1964 1491 2040 1548 εἶ-

458 1595 570 1644 ναι,
602 1580 759 1633 ταῦθ’
792 1582 1031 1643 ἑλέσθαι,
1062 1584 1139 1648 ὡς
1172 1584 1305 1655 ήμίν
1342 1602 1407 1654 γε
1441 1585 1503 1640 τὸ
1531 1585 1642 1640 ἀπὸ
1680 1586 1839 1641 τοῦδε
1879 1585 2038 1655 λόγος

457 1672 632 1736 οὐδεὶς
652 1674 790 1745 πρὸς
818 1676 987 1743 ὑμᾶς,
1019 1677 1083 1747 ἧν
1115 1678 1187 1747 πή
1214 1693 1277 1744 γε
1303 1676 1478 1741 ἄλλως
1518 1678 1647 1745 ἢὼς·
1667 1681 1804 1748 ἡμῖν
1832 1679 2036 1752 ἀνδάνῃ
2076 1708 2085 1709 '

458 1767 697 1837 γνοίητε.
736 1787 755 1820 ι
778 1769 853 1821 ‘Oi
886 1769 984 1838 μὲν
1010 1768 1107 1823 οὖν
1133 1770 1396 1840 πρέσϐεις
1410 1771 1648 1825 τοσαῦτα
1677 1767 1853 1836 εἷπον,
1890 1766 2037 1825 ἐκεῖ-

458 1875 538 1912 νοι
572 1858 628 1911 δὲ
650 1861 777 1924 τοὺς
812 1860 1001 1930 λόγους
1032 1860 1379 1931 ὲνδεξάμενοι
1411 1864 1566 1919 οὐδὲν
1590 1866 1617 1918 ὃ
1636 1882 1687 1918 τι
1719 1864 1856 1936 πρὸς
1887 1868 2036 1935 ετρη-

459 1952 617 2015 νικὰς
672 1953 849 2008 ἐδόκει
889 1955 1126 2020 σπονδὰς
1182 1957 1563 2029 ὑπεκρίνοντο,
1622 1958 1758 2012 ἀλλὰ
1806 1958 2035 2030 πλήρεις

458 2132 738 2190 fractionis
775 2135 1037 2190 initorum
1071 2137 1348 2193 vobiscum
1373 2137 1659 2194 foederum.
1693 2139 1825 2193 Nam
1852 2140 1917 2195 iis
1942 2141 2034 2210 qui

458 2225 618 2291 primi
655 2236 813 2292 pacta
844 2227 1187 2298 infringendo
1213 2229 1318 2283 vim
1348 2228 1651 2294 intulerint,
1685 2246 1789 2285 non
1816 2231 1921 2285 illis
1942 2232 2034 2300 qui

460 2317 564 2370 vim
601 2318 680 2372 sic
712 2319 914 2373 illatam
947 2331 1041 2375 aut
1077 2323 1381 2376 necessaria
1417 2322 1731 2379 defensione
1773 2324 2036 2394 repellere

455 2423 543 2465 aut
580 2413 815 2481 legitima
852 2415 1056 2470 ultione
1095 2415 1372 2471 vindicare
1398 2417 1509 2472 sint
1541 2417 1721 2471 conati
1751 2457 1766 2478 .
1806 2417 2034 2486 probro-

457 2520 576 2559 sum
615 2506 747 2562 illud
782 2519 835 2562 et
873 2510 1117 2563 odiosum
1149 2509 1554 2578 ftedifragorum
1586 2511 1908 2565 vocabulum
1943 2512 2037 2565 ad-

452 2597 722 2668 jungitur.
760 2596 1009 2667 Totaque
1040 2600 1243 2653 invidia
1274 2601 1541 2657 malorum
1573 2610 1626 2655 et
1663 2601 2034 2655 calamitatum

454 2704 488 2746 e
514 2691 607 2745 tali
641 2692 780 2747 bello
818 2705 1131 2747 secutarutn
1168 2694 1233 2747 iis
1264 2693 1393 2748 solis
1430 2694 1749 2763 imputatur,
1780 2696 1872 2764 qui
1909 2712 2037 2765 pro-

458 2794 801 2839 vocaverunt
831 2785 1097 2840 violandis
1130 2786 1331 2856 injuste
1376 2786 1848 2841 conventiouihus.
1877 2786 2036 2853 Quod

457 2884 734 2946 superest,
765 2877 998 2931 duarum
1019 2875 1173 2929 vobis
1193 2876 1467 2944 cptioncm
1496 2876 1865 2931 conditionum
1897 2876 2032 2943 fero,

455 2983 684 3038 quarum
726 2968 952 3024 alteram
987 2967 1109 3037 eligi
1162 2983 1191 3021 a
1241 2969 1415 3031 vobis.
1466 2968 1513 3023 si
1563 2969 1723 3024 rebus
1753 2970 1950 3024 vestris
1978 2969 2032 3024 in

458 3060 647 3116 barum
680 3061 933 3131 pmsenti
967 3069 1109 3115 statu
1155 3062 1443 3117 consulere
1485 3062 1800 3117 salutariter
1828 3064 2032 3125 velitis,

441 3150 616 3223 'plane
654 3153 889 3208 arbitror
932 3156 1325 3215 necessarium,
1373 3169 1567 3223 nempe
1614 3163 1799 3227 uttaut
1832 3155 2032 3223 przcdis

2146 755 2616 816 ἀπαλλάσσεσθαι,
2667 755 2949 825 παρεκτέα
2983 754 3083 823 μὲν
3117 752 3241 814 τοὺς
3276 753 3485 822 μισθοὺς
3509 748 3572 807 ὧν
3597 756 3661 811 δε.

2141 846 2535 917 δουλξύκαμεν,
2565 848 2843 901 ἁπολυτέα
2872 846 2927 899 δὲ
2958 846 3052 899 καὶ
3085 845 3214 909 τοὺς
3250 846 3662 915 ήμετέρους,τιύ;

2143 939 2191 991 τ’
2217 938 2458 1009 ἀλλαχοῦ
2500 939 2753 1001 καὶτοὺς
2810 938 2953 991 κατὰ
3011 936 3190 999 πόλιν,
3252 937 3442 1000 αὐτούς
3485 954 3539 990 τε
3592 941 3664 992 καὶ

2142 1033 2301 1101 νῆας,
2326 1032 2650 1096 Γεννουῖτας
2678 1030 2953 1085 πείσαντι.
2970 1028 3243 1101 ἐξωνητέα
3270 1028 3327 1083 δὲ
3358 1030 3445 1082 καὶ
3468 1032 3577 1093 τοὺς
3598 1030 3665 1083 ἴπ-

2143 1140 2277 1186 πους
2302 1142 2353 1175 τι
2363 1123 2471 1194 μῆς
2499 1124 2738 1187 δικαίας,
2778 1122 2860 1176 ἔτι
2881 1121 2937 1174 δὲ
2970 1123 3066 1174 καὶ
3089 1121 3157 1173 τὰ
3183 1120 3285 1173 ἀνὰ
3329 1122 3503 1192 χεῖρας
3529 1120 3665 1172 σκῦλα

2142 1218 2236 1269 καὶ
2268 1214 2675 1288 αἰχμαλώτους.
2706 1216 2817 1269 Καὶ
2838 1212 3014 1276 οὕτως
3038 1212 3269 1281 ἀφέντες
3302 1212 3425 1281 ὑμῖν
3456 1212 3664 1281 πολεμεῖν

2139 1308 2239 1378 τὴν
2289 1310 2555 1379 ταχίστην
2585 1304 3034 1375 ἀπαλλαξόμεθα.
3078 1304 3168 1367 Ὦς
3197 1305 3325 1374 ἡμῖν
3367 1303 3442 1379 μὴ
3468 1303 3572 1373 οὐχὶ
3592 1302 3665 1356 τοῦ

2143 1401 2259 1469 βίου
2287 1378 2387 1470 τὴν
2420 1378 2622 1471 ἀρετὴν
2649 1397 3136 1457 ἀπαλλάττεσθαι.
3179 1397 3246 1468 ἦν
3281 1378 3480 1467 αἴρεσῖς
3503 1399 3667 1464 ἀμφοῖν

2140 1499 2360 1568 κέηται,
2401 1496 2565 1558 οιίδὼς
2595 1496 2690 1549 καὶ
2715 1494 2879 1558 πόνος
2908 1492 3276 1573 οὐχὶνμικρλός.
3306 1510 3324 1543 ι
3359 1489 3511 1545 Ταῦτ’
3526 1491 3669 1543 εἰπόν-
3716 1498 3719 1503 ’

2137 1609 2265 1655 τες,
2307 1591 2405 1644 καὶ
2448 1589 2550 1661 τὴν
2598 1586 2904 1659 πρεσὸείαν
2936 1586 2996 1651 ὲξ
3054 1586 3227 1656 αὐτῆς
3276 1582 3666 1653 ἀποπέμψαντες,

2139 1683 2368 1757 ἐρασταὶ
2402 1681 2752 1754 πραγμάτων
2787 1679 3005 1733 ἀτόπων
3041 1678 3291 1741 ἐκτόπως
3311 1671 3466 1748 ἦσαν.

2139 1798 2208 1867 γ’.
2245 1795 2376 1863 Πῶς
2411 1799 2464 1850 οἱ
2506 1794 2731 1864 Πέρσαι
2772 1791 3108 1919 (Ξᾝπερᾷν
3132 1793 3220 1858 εὶς
3253 1790 3542 1860 ἀνατολὴν
3559 1790 3667 1844 ἐκω-

2825 1880 2860 1917 υ
2901 1878 3084 1919 ησαν.

2825 1878 3084 1929 varicum

2212 1959 2296 2034 [P.
2323 1958 2453 2032 400]
2478 1956 2794 2029 Ξυνηνέχθη
2825 1956 2882 2011 δὲ
2909 1955 3004 2009 καί
3030 1972 3084 2009 τι
3113 1954 3208 2007 ἐπὶ
3236 1953 3315 2025 τῷ
3347 1952 3486 2025 σφῶν
3514 1955 3563 2017 ἐς
3584 1952 3666 2021 μά-

2138 2144 2277 2201 nihil
2304 2142 2446 2198 aliud
2490 2156 2589 2197 nos
2620 2140 2817 2195 debere
2843 2137 2997 2193 vobis
3034 2135 3136 2190 nisi
3171 2149 3356 2206 poenas
3387 2133 3564 2189 inferre
3589 2148 3667 2202 pa-

2141 2250 2406 2293 tratorum
2437 2236 2497 2290 in‘
2520 2249 2618 2289 nos
2641 2233 2910 2289 scelerum
2936 2230 3082 2285 clare
3108 2227 3418 2298 perspiciat.
3443 2226 3668 2297 Optimum

2138 2347 2268 2400 ergo
2300 2328 2488 2393 fuerit,
2521 2327 2605 2381 his
2657 2323 2870 2379 cunctis
2923 2331 3132 2377 attente
3176 2319 3539 2384 consideratis,
3568 2333 3667 2387 pru.

2139 2428 2331 2480 denter
2371 2430 2613 2475 statuere
2643 2416 2770 2487 quid
2799 2413 3009 2470 consilii
3040 2412 3198 2468 vobis
3231 2410 3474 2475 deinceps
3494 2407 3670 2476 capien~

2138 2518 2265 2572 dum
2293 2558 2307 2581 ,
2347 2516 2400 2568 in
2450 2525 2613 2579 quam
2671 2507 2864 2578 agendi
2898 2507 3043 2560 viam
3083 2502 3153 2557 ab
3194 2503 3297 2557 hoc
3326 2499 3463 2555 velut
3492 2496 3670 2551 cardine

2139 2605 2586 2662 deliberationem
2624 2595 3001 2652 inficeteudatn
3037 2589 3400 2648 arbitremini.
3429 2586 3525 2640 lloc
3547 2583 3670 2639 vobis

2143 2702 2395 2756 ultimum
2438 2697 2505 2751 de
2539 2695 2627 2749 bis
2673 2687 2999 2746 decernendi
3053 2697 3270 2754 tempus
3309 2689 3408 2738 est.
3443 2680 3561 2735 Nam
3589 2672 3670 2730 nisi

2140 2802 2261 2858 qua:
2321 2782 2709 2854 proposuimus
2767 2775 3038 2844 accipitis,
3088 2773 3299 2828 nullam
3352 2772 3403 2825 in
3444 2777 3671 2837 posterum

2139 2881 2336 2935 scitote
2379 2872 2723 2944 colloquendi
2775 2869 2937 2939 572
2981 2882 3076 2921 vos
3124 2864 3409 2919 nobiscum
3443 2859 3672 2915 habituros

2137 2972 2376 3042 copiam.
2412 2990 2432 3022 ι
2468 2965 2596 3021 “ac
2637 2975 2696 3018 ut
2731 2962 2945 3016 inerant
2994 2962 3063 3012 ab
3108 2956 3435 3025 imperatore
3474 2951 3669 3017 scripta.

2141 3040 2303 3133 legati
2338 3058 2614 3118 Catcianis
2650 3064 2846 3109 cuncta
2872 3052 3198 3106 recitarunt.
3230 3047 3431 3115 Quibus
3460 3045 3529 3101 illi
3551 3040 3673 3095 audi-

2141 3160 2208 3213 tis
2240 3155 2384 3212 nihil.
2404 3168 2536 3209 sane
2581 3150 2755 3218 pacati
2812 3136 3125 3213 reposuere,
3176 3145 3274 3197 sed
3325 3154 3475 3195 voces
3521 3135 3672 3191 Italico

456 3260 593 3315 quas
634 3245 985 3315 congessistis
1021 3245 1297 3301 vobiscum
1330 3247 1584 3301 onmibus
1615 3225 1810 3301 ablatis
1841 3247 2032 3299 domos
2059 3248 2106 3314 ο
2140 3254 2281 3309 fasi"
2322 3261 2377 3305 ει
2409 3247 2717 3316 arrogantia
2753 3241 3120 3321 plenissimas.
3160 3234 3273 3290 Per
3300 3248 3433 3303 quas
3457 3225 3671 3285 iracunde

456 3346 671 3393 vestras
698 3339 978 3406 repetatis,
1015 3347 1109 3389 aut
1136 3337 1249 3391 haec
1279 3338 1392 3406 ipsa
1418 3346 1475 3390 ut
1500 3338 1654 3392 vobis
1672 3337 1784 3407 jam
1816 3337 2034 3406 propria

457 3428 628 3499 spolia
666 3439 946 3483 servantes
995 3430 1266 3483 accedatis
1299 3428 1457 3499 5'71
1494 3428 1675 3483 denuo
1720 3430 1787 3483 ad
1830 3444 1948 3493 nos,
1981 3436 2038 3483 et

458 3536 594 3575 nova
623 3521 988 3575 conventione
1020 3521 1257 3575 ineunda
1298 3521 1402 3575 sub
1434 3521 1608 3591 pactis
1638 3529 1855 3576 statuta:
1887 3535 2039 3577 mer-

455 3615 604 3670 cedis
638 3615 842 3670 nostris
873 3615 1130 3684 deinceps
1155 3630 1252 3669 vos
1286 3615 1610 3670 militaturos
1629 3614 1887 3683 auspiciis
1915 3631 2037 3685 [ιι-ος

457 3707 742 3763 iitcatnini.
769 3706 884 3763 Hoc
906 3707 1050 3762 enim
1075 3707 1283 3762 utrovis
1309 3707 1468 3763 modo
1493 3716 1639 3763 certa
1676 3707 1828 3764 vobis
1862 3715 1914 3762 et
1940 3724 2040 3780 per

456 3812 697 3857 nostram
744 3800 857 3870 jam
904 3800 1207 3855 cessionem
1240 3800 1383 3868 justa
1440 3801 1718 3870 continget
1761 3803 2038 3871 possessio

457 3897 678 3951 istarum
718 3908 880 3964 opum
914 3894 1110 3964 injuria
1156 3904 1470 3962 partarum;
1509 3901 1564 3950 et
1613 3894 2035 3963 ignominiosum

457 3994 717 4057 praeterea
769 3984 1004 4041 dedecus
1056 3984 1425 4054 neglecturum
1483 3999 1512 4037 a
1566 3983 1715 4055 vobis
1769 3984 2035 4038 foederum

457 4081 537 4135 sic
574 4094 838 4151 purgasse
869 4077 1271 4149 quodammodo
1303 4075 1636 4130 videbimini.
1672 4076 1826 4143 Quod
1855 4078 1906 4132 ni
1942 4075 2028 4130 fa-

456 4172 601 4240 citis,
638 4185 966 4243 quocunque
1008 4186 1104 4226 vos
1133 4170 1409 4239 continget
1441 4169 1540 4233 ire,
1568 4169 1693 4224 odia
1735 4169 1788 4224 in
1820 4184 1917 4224 vos
1940 4170 2037 4223 hoc

460 4269 664 4322 mtuum
693 4264 995 4322 concitabit
1029 4278 1094 4318 eo
1137 4264 1284 4331 prius
1316 4262 1490 4318 delata
1536 4269 1731 4316 vestrae
1769 4259 2034 4315 foederum

459 4357 920 4428 transgressionis
944 4338 1188 4413 infamia.
1207 4354 1405 4421 Quodsi
1430 4368 1593 4422 super
1610 4354 1711 4408 ista
1733 4367 1850 4422 qua:
1875 4364 2035 4423 raptu

466 4455 597 4511 licet
622 4452 893 4523 acquisita
925 4450 1240 4505 condonare
1270 4448 1423 4503 vobis
1454 4448 1625 4519 parati
1662 4463 1867 4511 sumus,
1901 4449 2036 4504 alias

457 4549 622 4601 etiam
647 4587 661 4610 ,
698 4553 847 4599 retro
878 4540 1129 4597 videlicet
1160 4538 1469 4593 debitorum
1503 4536 1897 4607 stipendiorum
1928 4550 2032 4590 no-

459 4638 625 4704 mine,
662 4635 821 4706 pendi
850 4632 1003 4690 vobis
1040 4646 1070 4687 e
1099 4641 1282 4686 nostro
1306 4629 1499 4685 :crario
1527 4629 1768 4698 pecunia.-
1793 4643 2037 4685 summas

461 4727 752 4799 petieritis,
787 4723 932 4794 quod
963 4737 1057 4776 vos
1091 4720 1252 4775 audio
1284 4720 1420 4774 velle
1452 4717 1632 4774 facere
1653 4758 1669 4784 ,
1703 4719 1754 4773 id
1791 4721 2036 4788 profecto

463 4824 599 4876 adeo
632 4818 940 4888 pudendum
982 4815 1135 4869 vobis
1172 4823 1251 4869 est
1274 4855 1290 4880 ,
1322 4822 1380 4867 ut
1410 4814 1455 4868 si
1487 4811 1655 4868 vestri
1686 4826 1784 4868 vos
1815 4811 2037 4868 honoris

463 4925 592 4967 cura
629 4911 803 4979 tangit
834 4907 1038 4977 aliqua,
1064 4905 1251 4960 sedulo
1283 4903 1563 4959 abstinere
1591 4903 1675 4958 vel
1706 4920 1734 4956 a
1759 4904 1932 4973 prima
1960 4902 2035 4956 rei

461 5003 587 5058 talis
616 5002 893 5057 mentione
926 4995 1193 5053 debeatis.
1230 4995 1520 5050 Enimvero
1543 5008 1797 5062 quorum,
1826 5006 2033 5061 quaeso,

461 5109 609 5151 recte
671 5095 961 5154 factorum,
1016 5105 1249 5160 quorum
1306 5088 1577 5151 laborum,
1637 5086 1797 5155 cujus
1852 5100 2038 5155 opera:

463 5189 724 5243 Romana:
776 5182 1087 5254 reipublicm
1137 5189 1347 5234 navata:
1393 5177 1672 5234 mercedes
1715 5176 2038 5246 reposcitis?

463 5278 544 5330 An
579 5273 855 5330 hostilium
886 5270 1098 5325 illarum
1144 5269 1541 5341 grassationum
1568 5309 1584 5336 ,
1620 5268 1820 5338 quibus
1851 5282 1947 5322 vos
1982 5273 2034 5322 in

464 5369 739 5424 ltotnanos
783 5378 908 5420 usos
938 5362 1039 5433 ipsi
1070 5376 1290 5433 quoque
1319 5360 1597 5429 fatemini,
1633 5360 1852 5432 praemia
1889 5376 2036 5417 nunc

464 5462 541 5515 uti
567 5458 917 5514 nihilominus
947 5458 1112 5511 sociis
1144 5455 1299 5511 vobis
1321 5455 1544 5522 rependi
1568 5468 1782 5524 aequum
1814 5455 2038 5510 ducitis?

464 5552 618 5622 Quod
664 5565 827 5622 quam
866 5548 1070 5619 ingrati
1110 5563 1174 5603 ac
1211 5547 1462 5602 scelerati
1510 5546 1680 5603 animi
1734 5559 1841 5601 non
1888 5555 2036 5600 trau-

462 5650 686 5706 srendat
723 5644 1104 5720 hyperbolem?
1134 5644 1274 5698 Nam
1318 5642 1366 5698 si
1411 5643 1542 5713 quid
1592 5642 1747 5698 vobis
1775 5638 2034 5695 videmini

463 5744 751 5815 pugnando
775 5756 1010 5813 unquam
1057 5754 1154 5810 pro
1194 5739 1456 5795 Romanis
1483 5739 1768 5800 meruisse,
1802 5735 1960 5804 hujus
1983 5745 2039 5790 et

464 5839 565 5907 ipsi
604 5835 758 5893 vobis
796 5838 932 5892 estis
979 5834 1188 5892 conscii
1221 5834 1369 5906 justo
1409 5830 1574 5887 etiam
1635 5828 1895 5900 ampliora
1936 5829 2037 5883 sti-

463 5929 660 6007 pendia
695 5929 913 5998 tulisse;
949 5935 1004 5982 ut
1032 5927 1142 5998 jam
1185 5926 1277 5998 qui
1304 5936 1453 5982 recte
1483 5924 1721 5990 caICulos
1748 5921 1995 5993 posucrit
2018 5959 2036 5988 ,

2139 3361 2204 3401 ac
2240 3343 2528 3401 minaciter
2557 3336 2872 3393 debacchati
2911 3334 3044 3388 satis
3070 3371 3086 3397 ,
3133 3330 3269 3383 illud
3315 3328 3379 3380 ad
3412 3332 3670 3379 extremum

2141 3455 2239 3512 pro
2273 3436 2463 3493 ultima
2491 3445 2545 3489 et
2589 3427 2937 3486 irrevocabili
2992 3423 3297 3479 voluntatis
3347 3423 3565 3512 ipsorum
3600 3412 3673 3512 de-

2137 3508 2440 3593 claratione
2471 3526 2798 3597 subiecere:
2832 3541 2851 3572 ι
2896 3519 2955 3576 Si
3002 3517 3114 3572 vult
3158 3517 3453 3585 imperator
3478 3508 3676 3597 placatos

2136 3641 2239 3682 nos
2274 3596 2673 3687 benevolosque
2716 3630 2745 3669 e
2788 3613 2946 3669 terris
2977 3610 3093 3666 suis
3123 3607 3381 3663 recedere
3402 3643 3416 3669 ,
3446 3596 3676 3671 persolvat

2140 3727 2291 3774 retro
2322 3713 2507 3770 debita
2541 3686 2808 3778 stipendia
2867 3720 2965 3776 pro
3019 3713 3264 3770 tempore
3296 3713 3403 3765 quo
3450 3692 3538 3763 ipsi
3567 3686 3677 3778 mili-

2139 3811 2307 3869 tando
2340 3806 2703 3864 servivimus;
2736 3800 2950 3857 emittat
2985 3794 3234 3851 custodia
3272 3793 3561 3855 liberosque
3581 3776 3677 3833 red-

2140 3907 2234 3961 dat
2274 3902 2430 3958 nohis
2455 3903 2722 3970 quotquot
2766 3893 2938 3946 nostri
2993 3888 3062 3942 ab
3109 3888 3232 3954 ipso
3266 3895 3321 3939 et
3352 3882 3461 3936 suis
3493 3880 3541 3931 in
3573 3873 3677 3970 urbe

2140 4006 2234 4052 aut
2267 3964 2488 4064 uspiam
2516 3964 2641 4045 alibi
2680 3985 3027 4044 detinentur;
3077 3993 3250 4034 naves
3298 3986 3502 4031 nostras
3539 3984 3564 4023 ι
3592 3964 3677 4066 Ge-

2138 4056 2437 4145 nuensib'us
2474 4089 2684 4151 captas,
2732 4078 3046 4150 impetratos
3073 4080 3166 4124 aut
3199 4070 3505 4137 redemptus
3541 4075 3598 4114 ex
3625 4056 3677 4110 iis

2137 4183 2228 4252 qui
2263 4184 2550 4249 ceperunt.
2593 4171 2749 4228 nobis
2784 4167 3065 4230 restituat;
3104 4178 3278 4235 equos
3312 4170 3539 4222 nostros,
3569 4161 3676 4251 quos

2138 4251 2443 4339 navigaturi
2513 4264 2908 4333 relinquemus,
2956 4259 3121 4328 justo
3195 4259 3475 4311 numerato
3538 4251 3679 4339 pretio

2135 4336 2313 4431 emat;
2352 4378 2448 4432 pro
2481 4359 2660 4430 praeda
2693 4365 2748 4412 et
2771 4352 2981 4424 spoliis,
3011 4365 3135 4417 qua:
3172 4351 3228 4403 in
3277 4344 3519 4402 manibus
3542 4336 3678 4392 habe-

2136 4474 2281 4525 mus,
2316 4467 2430 4512 tum
2458 4461 2718 4525 praterea
2757 4462 2858 4518 pro
2886 4447 3025 4517 lytro
3057 4443 3397 4514 captivorum
3430 4448 3553 4506 quos
3583 4440 3679 4484 scr-

2140 4565 2350 4611 vamus,
2384 4561 2536 4615 requa
2559 4541 2918 4600 aestimatione
2949 4545 3188 4593 laxatam
3214 4533 3494 4605 pecuniam
3525 4534 3681 4615 repeti-

2068 4614 2113 4668 θ
2150 4647 2262 4699 dat.
2298 4641 2427 4697 Hice
2451 4610 2557 4693 ubi
2584 4633 2797 4701 fecerit,
2835 4630 3143 4687 desinentes
3166 4625 3312 4682 bello
3342 4637 3437 4678 vos
3468 4610 3681 4685 persequi

2143 4735 2324 4790 statim
2353 4730 2645 4786 abihimus.
2679 4726 2777 4782 Sin
2819 4723 3073 4786 noluerit,
3107 4719 3190 4774 sic
3230 4718 3445 4777 habeat,
3481 4714 3529 4767 in
3558 4712 3684 4778 parte

2144 4840 2338 4897 magna
2386 4819 2567 4891 probri
2615 4832 2681 4873 ac
2726 4813 3010 4871 dedecoris
3060 4809 3298 4883 pudendi
3347 4809 3685 4897 numeratum

2143 4896 2265 4983 nm,
2300 4916 2346 4971 si
2381 4913 2599 4983 optione
2631 4909 2813 4963 oblata
2849 4907 2973 4961 vita:
3015 4906 3211 4976 ignave
3240 4918 3304 4956 ac
3335 4896 3566 4970 precario
3592 4902 3685 4944 scr-

2143 5008 2332 5063 vandaa
2363 5014 2454 5059 aut
2486 5003 2704 5058 fortiter
2737 4999 2986 5055 bellando
3013 4995 3306 5059 moriendi,
3336 4991 3416 5047 vel
3449 4984 3684 5044 tantillum

2145 5108 2532 5156 cunctaremur
2579 5094 2633 5169 in
2684 5089 3027 5162 prmoptanda
3067 5085 3230 5141 saluti
3282 5084 3497 5138 virtute.
3543 5095 3561 5129 ι
3606 5071 3685 5169 llis

2144 5194 2326 5259 dictis,
2371 5166 2709 5257 dimissaque
2741 5183 3030 5241 confestim
3062 5180 3358 5251 legatione,
3398 5189 3489 5232 sua
3528 5166 3687 5227 scim-

2145 5285 2415 5355 probitate
2444 5281 2811 5343 involverunt,
2843 5274 2980 5332 nihil
3011 5273 3160 5344 pensi
3191 5270 3451 5326 habentes
3484 5265 3686 5355 demonf

2144 5353 2319 5430 strare
2359 5374 2534 5444 palam
2581 5371 2798 5442 placere
2840 5366 2973 5436 ipsis
3013 5379 3135 5435 qua
3162 5376 3331 5434 prave
3354 5353 3682 5444 fecerantpet

2145 5438 2426 5520 ιιιιιιιιιιαιιο
2489 5438 2752 5519 nefariam
2804 5458 3135 5515 voluntatem
3175 5454 3357 5508 adhuc
3402 5446 3578 5520 pejora
3606 5438 3686 5495 Ja-

2146 5559 2345 5614 cicndi.

2146 5671 2201 5723 5.
2239 5667 2305 5722 Ut
2363 5667 2537 5722 Persa:
2578 5663 2924 5732 transfretare
2986 5676 3166 5715 rursus
3193 5659 3250 5713 in
3300 5655 3545 5713 orientem
3584 5656 3690 5714 p70-

2462 5734 2477 5748 ”
2725 5735 2876 5789 Ιιὶὸὶιὶ
2926 5733 3148 5802 fuerint.

2222 5829 2299 5881 Ad
2327 5830 2516 5883 horum
2551 5840 2713 5896 porro
2737 5824 2976 5878 rationes
3006 5819 3557 5892 peracemntnodatutu
3578 5816 3684 5862 mox

2149 5919 2375 5988 contigit
2429 5916 2704 5989 quippiam
2727 5955 2743 5983 ,
2784 5918 2929 5985 quod
2961 5915 3117 5969 modo
3153 5911 3404 5966 referam.
3450 5903 3542 5971 Qui
3572 5907 3678 5954 cunt

3810 4020 3811 4055 ι

3810 4210 3811 4245 t

3810 4260 3811 4279 l

3810 4308 3811 4337 ι

3810 4372 3811 4407 t

3810 4412 3811 4449 ξ

3810 4470 3811 4499 ι

3809 4506 3811 4541 t

3810 4780 3811 4813 l
