3848 6554
114 454 195 517 63'}
935 457 1028 516 DE
1071 454 1513 519 ANDRONICO
1546 454 2008 518 PALEOL‘OGO
2050 460 2194 522 [ΑΒ.
2236 459 2378 523 VII.

3195 456 3305 521 630

113 568 231 619 λιστα
251 563 442 634 ἀγαθῷ,
461 561 497 617 δ
519 564 611 619 καὶ
640 566 846 622 αὐτίκα
862 568 934 630 ὼς
962 569 1130 633 λέξων
1159 568 1412 638 ἔρχομαι.
1439 565 1503 618 Ol
1531 562 1629 632 μὲν
1660 565 1701 620 Δ
1730 565 1810 619 λοι
1849 566 1904 618 δὲ
1966 568 2058 623 καὶ
2114 569 2321 640 Πέρσαι
2347 610 2363 633 ,
2415 566 2540 623 ἐπεὶ
2590 566 2817 640 οὐδεμία
2849 565 2957 620 τῶν
3007 565 3305 637 βασιλικῶν

111 655 181 714 οὖν
207 657 309 728 μετ’
332 656 501 711 αὐτῶν
535 658 743 729 Πέρσαι
778 661 997 730 μερίται
1026 660 1135 714 τῶν
1160 661 1370 729 σκύλων
1391 659 1623 723 ἐκείνοις

112 753 340 822 γινόμενοι
369 750 467 821 τῆς
498 752 624 821 ίσης
658 751 957 822 ὴτέμὸοντο
982 754 1073 806 καλ⁵
1104 755 1256 825 παρά
1281 753 1372 806 δύο
1398 752 1455 805 ἐν
1488 752 1624 822 λαμ-

112 846 258 900 ϐάνειν
280 844 623 909 ίδικαιοῦντο,
655 847 750 908 τὰς
776 849 863 900 ἐπ’
898 845 1027 899 ἴσων
1064 848 1122 901 ἐν
1153 850 1289 901 πᾶσι
1315 847 1539 917 μερίδας
1558 844 1625 898 τὰ

113 938 392 1010 συγκείμενα
431 937 668 1009 ἔχοντες.
708 940 901 993 Ἰταλοὶ
934 941 987 994 δέ
1031 942 1218 1004 ἱππεῖς
1260 942 1401 1011 σφᾶς
1426 939 1624 1004 αὐτοὺς

112 1032 228 1103 παρὰ
271 1028 458 1092 πεζοὺς
489 1029 735 1091 ἐκείνους
778 1032 907 1094 τοὺς
961 1029 1246 1093 πλείστους
1286 1032 1625 1100 συνέκρινον,

112 1124 184 1178 καὶ
220 1119 319 1176 iD.’
360 1121 493 1174 ἄττα
540 1120 1039 1190 δικαιολογούμενοι
1071 1162 1087 1188 ,
1140 1123 1288 1177 δεινά
1329 1123 1627 1177 ποιούντων

112 1215 288 1267 ἐκείνων
328 1215 373 1265 εί
407 1212 514 1265 τῶν
549 1213 683 1267 ῐσων
716 1217 1017 1286 στεροῖντο,
1087 1215 1327 1285 ἠμέλουν
1357 1216 1415 1279 ἐς
1462 1216 1625 1284 ἄγαν.

113 1304 236 1361 Ὅθεν
264 1303 348 1356 καί
380 1321 519 1357 τισιν
554 1305 779 1358 ἐκείνων
822 1308 1124 1378 ἀντιπερᾷν
1170 1307 1368 1376 ἐδόκει,
1404 1308 1631 1365 καὶτῶν

112 1413 190 1450 τινι
229 1396 497 1466 Ῥωμαίων
551 1399 953 1468 προστυχόντες
978 1401 1037 1453 ἐν
1076 1402 1269 1471 ῥηταῖς
1319 1400 1631 1470 ὁμολογίαις

113 1490 181 1541 καὶ
200 1489 360 1556 ὅρκοις
411 1487 758 1555 συνεφώνουν
817 1489 974 1542 αὐτοὶ
1021 1489 1121 1559 μὲν
1152 1489 1349 1543 διδόναι
1393 1490 1544 1555 ἄξιον
1571 1491 1632 1542 τὸ

115 1580 372 1648 πορθμείον,
399 1581 609 1643 ἐκεῖνος
640 1581 695 1634 δέ
730 1582 1475 1653 ἀκακουργήτωςιδιαπερᾷν.
1493 1582 1632 1635 Ἀλλ’

115 1675 161 1724 ix
180 1671 255 1723 τοῦ
304 1672 555 1742 αίφνηδδν
607 1674 1026 1743 περαιουμένοις
1058 1674 1085 1726 ὁ
1124 1674 1378 1747 Ἀνδρέας
1432 1674 1637 1746 Μουρί-

118 1780 210 1827 σκος
244 1762 535 1832 ἐφίσταται,
571 1767 665 1817 καὶ
707 1765 869 1835 μέσον
901 1765 995 1818 τοῦ
1034 1766 1280 1837 πορθμοῦ
1312 1767 1636 1838 προστυχίον

116 1856 207 1917 τοὺς
234 1854 318 1925 μὲν
358 1854 667 1927 Ῥωμαίους
697 1860 1088 1927 περιποιεῖται,
1131 1859 1347 1927 Πέρσας
1376 1857 1431 1913 at
1462 1860 1537 1922 ὡς
1569 1860 1635 1913 ἂν

120 1945 173 2013 μὴ
204 1944 264 1996 ὧν
288 1945 437 2008 αὖτδς
480 1947 774 2017 ἐπώμοτος
838 1948 997 2018 ἔργον
1046 1950 1324 2020 μαχαίρας
1379 1951 1633 2004 ποιεῖται.

118 2038 243 2091 τοῦτο
276 2039 507 2106 γνωσθὲν
540 2042 779 2112 Πέρσαις
811 2045 909 2113 τῆς
941 2045 1032 2095 ἐττί
1055 2045 1125 2096 τὰ
1157 2046 1333 2098 οἰκεῖα
1363 2043 1470 2115 ἤθη
1505 2045 1639 2113 ἀφί-

114 2132 217 2197 ξεως
254 2136 337 2188 καὶ
390 2134 511 2189 λίαν
542 2134 830 2206 ἀνείργει,
885 2139 981 2191 καὶ
1017 2136 1190 2203 οὕτως
1236 2137 1458 2202 ἐσαῦθις
1503 2138 1640 2208 πρὸς

132 2226 307 2291 Ἰταλοὺς
334 2228 613 2294 κλίναντες
654 2232 750 2285 σὺν
777 2233 962 2296 αὐτοῖς
1009 2232 1107 2295 τὰς
1135 2232 1416 2305 Θρᾳκικας
1472 2249 1642 2285 κατα-

128 2319 317 2388 τρέχουσι
340 2320 540 2392 χώρας.
590 2320 731 2375 Ἀλλ’
759 2324 786 2375 ὀ
819 2323 916 2393 μέν
948 2323 1263 2395 Μουρίσκος
1299 2322 1509 2393 βασιλεῖ
1538 2341 1641 2376 πα-

129 2412 394 2479 ραγεγονὼς,
432 2415 548 2486 ἅμα
578 2416 636 2469 δὲ
693 2417 787 2469 καὶ
827 2416 936 2469 τῶν
982 2418 1254 2487 τριήρεων
1294 2416 1394 2485 τῆς
1440 2415 1533 2466 ἐπὶ
1563 2414 1640 2484 τῷ

130 2506 305 2578 πορθμῷ
328 2508 580 2579 ἀσχολίας
606 2509 1051 2578 ἀπαλλαγεισῶν,
1078 2510 1279 2572 ἐκεῖνος
1302 2510 1401 2578 μὲν
1417 2508 1516 2579 τὴν
1545 2507 1638 2563 τοῦ

128 2599 322 2669 ἁμηραλῆ
343 2600 493 2666 ἀξίαν
519 2602 674 2670 παρᾶ
692 2600 786 2655 τοῦ
818 2599 1149 2672 κρατοῦντος
1173 2600 1444 2671 λαμϐάνει
1460 2617 1474 2632 ·
1512 2600 1645 2655 Ἰτα-

131 2779 224 2847 ἱιιιίς
257 2792 398 2839 erant
435 2784 618 2839 Perse
652 2782 704 2834 in
736 2782 1007 2837 divisione
1055 2781 1352 2853 spoliorum
1399 2780 1641 2836 fraudati

132 2882 242 2938 aqua
267 2881 403 2939 parte
447 2872 688 2927 fuerant.
726 2870 861 2927 Cum
897 2874 1038 2927 enim
1080 2874 1225 2943 pacti
1276 2882 1457 2929 essent
1504 2889 1643 2942 pne—

130 2961 216 3016 datu
241 2974 425 3032 partam
459 2968 830 3020 communiter
860 2966 1012 3035 aequa
1043 2967 1176 3036 ipsis
1206 2977 1259 3021 et
1282 2966 1491 3023 Latinis
1521 2982 1648 3036 por-

132 3049 238 3105 tione
267 3055 616 3121 sortiendam,
660 3056 731 3109 ita
784 3065 842 3110 ut
895 3070 959 3111 ex
1014 3056 1223 3112 duobus
1286 3058 1433 3127 paris
1486 3058 1645 3127 pretii

132 3155 251 3196 unum
300 3146 424 3215 ipsis
470 3156 851 3218 competeret,
899 3147 1014 3202 itali
1065 3132 1382 3204 cavillantes
1437 3150 1537 3205 sibi
1590 3160 1651 3206 ut

1724 660 1993 732 τριήρεων
2024 662 2203 715 ἐκεῖσέ
2235 679 2313 732 πη
2342 661 2751 733 προπκὼχευε,
2785 660 2854 715 τὰ
2905 661 3073 714 πιστὰ
3108 661 3199 713 ἐπὶ
3225 659 3304 729 τῷ

1726 753 1972 824 φρουρίῳ
1992 754 2069 824 τῷ
2090 754 2189 823 τῆς
2213 753 2449 808 Καλλίου
2477 753 2718 825 σχόντες,
2746 753 2961 823 ὀλίγους
2990 754 3140 818 τινας
3163 756 3306 808 κατὰ

1727 847 1978 916 φυλακὴν
2027 847 2257 916 ἀφέντες
2290 846 2440 912 ὅλαις
2479 850 2678 918 ὁρμαῖς
2718 848 2789 903 τὰ
2820 849 3306 919 προστυγχάνοντα

1706 937 2107 1007 .ὲξεληϊζοντο.
2166 936 2365 1008 ἄνδρας
2425 938 2753 1001 κτείνοντες,
2801 933 2900 1001 τὰς
2953 938 2999 992 δ’
3032 939 3088 991 ἐν
3119 937 3306 1009 ἡλικία

1728 1031 1997 1098 γυναῖκας
2023 1029 2118 1082 καὶ
2140 1029 2336 1093 παῖδας
2366 1029 2577 1084 ἀνοικτὶ
2604 1030 3181 1102 ἐξανδραποδιζόμενοι
3212 1032 3308 1086 καὶ

1729 1125 1989 1195 χρήματα
2028 1123 2195 1193 μυρία
2245 1116 2623 1191 συλλέγοντες,
2673 1123 2827 1189 ζώων
2859 1125 3039 1179 αὐτῶν
3073 1127 3168 1179 καὶ
3194 1125 3306 1178 τῶν

1732 1216 1952 1270 εὺὼνων
1998 1215 2086 1288 [Ρ.
2140 1214 2266 1289 401]
2302 1216 2648 1287 πραγμάτων
2685 1217 3119 1288 παρορωμένων.
3165 1219 3307 1288 Λήῖα

1732 1310 1789 1363 δὲ
1807 1309 1899 1363 καὶ
1930 1308 2184 1380 θημονίαι
2211 1309 2525 1380 μυρίαιιτὰ
2553 1308 2652 1378 μὲν
2683 1309 3098 1383 παρηϐηκυίαις
3125 1309 3312 1382 ἔφριτο

1732 1420 1825 1455 τον
1860 1404 1981 1467 ταῖς
2034 1402 2295 1473 ἁθέραις,
2366 1405 2420 1457 ai
2470 1402 2527 1457 at
2580 1403 2996 1474 ἀτημελημέναι
3060 1403 3313 1473 κείμεναι

1733 1494 2115 1567 καθεωρῶντο.

1733 1610 1793 1665 δ’.
1840 1612 2216 1668 Ἀποστασία
2262 1612 2383 1667 τῶν
2427 1610 2701 1736 “ﬁat-(Br
2745 1610 2841 1665 καί
2885 1610 3006 1667 τῶν
3059 1616 3314 1680 Τουρκο-

2388 1698 2507 1736 που
2553 1700 2657 1736 ων.

2388 1698 2657 1738 πουλων.

1810 1776 1883 1829 03
1911 1774 2017 1847 μὴν
2042 1776 2096 1830 δέ
2130 1775 2502 1849 καὶ-Ἀλανοῖς
2536 1775 2827 1845 ἑτέρωθεν,
2880 1775 2960 1830 ἔτι
2989 1777 3045 1833 δὲ
3080 1777 3173 1830 καὶ
3205 1779 3317 1839 τοῖς

1740 1868 1797 1934 ἐξ
1827 1868 2065 1938 ὑπογύου
2091 1869 2435 1939 Χριστιανοῖς
2466 1868 2924 1937 Τουρκοττοῦλοις.
2956 1869 3006 1925 οἳ
3037 1868 3100 1939 δὴ
3136 1870 3226 1922 καὶ
3253 1870 3315 1921 οῦ

1742 1960 1922 2031 πολλῷ
1948 1962 2213 2032 πρότερον
2243 1962 2421 2031 χρόνῳ
2451 1960 2638 2013 ἐκτῶν
2672 1960 2898 2032 βορείων
2924 1961 3139 2030 βασιλεῖ
3152 1978 3319 2032 προσ-

1740 2054 2056 2122 εφοίτησαν,
2121 2054 2231 2107 οὐδ’
2259 2055 2442 2117 αὐτοῖς
2472 2054 2758 2125 ἁλὼὁητον
2786 2055 3095 2125 διετηρεῖτο
3140 2054 3201 2107 τὸ
3229 2054 3317 2107 ἐν-

1741 2146 1990 2211 σπονδον,
2030 2144 2165 2199 ἀλλὰ
2202 2145 2331 2216 μίαν
2384 2147 2487 2217 μὲν
2513 2142 2661 2218 εἶχον
2684 2147 2783 2218 τὴν
2812 2147 3039 2219 γνώμην
3081 2151 3321 2202 ἀποστα-

1740 2239 1979 2305 τοῦντες,
2041 2240 2289 2310 ἑκάτεροι
2347 2240 2402 2294 δὲ
2450 2242 2517 2295 τά
2569 2238 2891 2313 ὀχυρώτατα
2927 2240 3319 2312 κατασχόντες,

1741 2334 1895 2388 οὐδὲν
1923 2335 2061 2403 ὅπερ
2095 2334 2154 2387 οὐ
2191 2334 2551 2396 καταθέοντες
2579 2334 2926 2406 ἐξηφέινιζον.
2969 2336 3076 2388 Καὶ
3118 2336 3169 2389 οί
3223 2336 3325 2405 μὲν

1744 2424 2150 2494 Τουρκόπουλοι
2174 2425 2309 2495 ἄλλῃ
2339 2443 2411 2497 πη
2444 2425 2692 2498 ὠχύρουν
2723 2426 2821 2490 τὰς
2851 2429 3159 2494 μετοικίας,
3192 2428 3324 2481 ὀπό-

1745 2515 1835 2568 θεν
1868 2515 1944 2579 ὡς
1987 2513 2047 2579 ἐξ
2091 2515 2432 2586 ὁρμητηρίου
2487 2513 2773 2578 ἐκθέοντες
2828 2514 2977 2568 δεινὰ
3014 2513 3324 2582 Ῥωμαίους

1747 2608 2101 2680 είργάζοντο’
2168 2608 2411 2672 ’Ᾱλανοῖς
2442 2607 2497 2661 δέ
2534 2608 2974 2680 Κουτζίμπαξις,
3010 2606 3192 2672 καθὼς
3224 2611 3322 2680 ἐρ,

1748 2770 1928 2834 rediit,
1960 2768 2048 2823 nhi
2096 2769 2359 2824 benevole
2388 2778 2650 2837 exceptus
2700 2769 2768 2823 ab
2792 2770 3155 2838 imperatore,
3181 2782 3320 2836 pra:—

1749 2863 1918 2917 tuium
1978 2861 2061 2916 rei
2100 2862 2237 2915 bene
2289 2870 2455 2930 gesta:
2514 2860 2765 2917 ameralis
2814 2852 3127 2932 dignitatern
3180 2860 3321 2914 tulit.

1749 2955 1947 3011 Verum
1988 2953 2105 3009 ltali
2153 2967 2215 3008 ac
2246 2952 2424 3009 Persae
2464 2967 2685 3007 recessu
2733 2954 3115 3007 animadverso
3165 2953 3325 3006 trire-

1750 3047 1939 3112 mium,
1971 3060 2199 3115 quarum
2252 3045 2381 3114 ipsis
2432 3044 2611 3099 fuerat
2663 3044 2857 3098 vicinia
2911 3044 3143 3107 terrori,
3194 3044 3325 3097 nihil

1747 3140 1862 3210 jam
1914 3139 2171 3208 deinceps
2215 3139 2327 3193 arci
2378 3137 2703 3208 Callipoleos
2760 3137 3046 3191 imminere
3100 3138 3323 3206 periculi

130 3235 343 3304 equitibus
368 3237 522 3311 573
560 3241 683 3309 plus
712 3254 873 3309 quam
916 3239 1021 3296 illis
1069 3241 1340 3310 plerisque
1374 3245 1646 3313 peditibus
1671 3282 1716 3342 α
1753 3244 2060 3299 cernentes,
2107 3232 2294 3301 paucis
2340 3246 2564 3286 suorum
2620 3232 2695 3285 uti
2743 3229 2855 3301 jam
2901 3229 3219 3285 sufi'ectnris
3255 3231 3321 3283 ad

133 3325 168 3379 in
191 3329 444 3396 partitione
486 3333 699 3398 deberi,
735 3342 994 3402 quantum
1033 3335 1353 3390 collibuerat
1401 3353 1646 3406 sumpse-

132 3429 233 3485 rant,
260 3424 508 3490 particula
551 3428 840 3492 duntaxat,
874 3428 1185 3496 quantulam
1217 3440 1301 3483 sat
1350 3428 1467 3485 fore
1494 3445 1646 3500 quae-

133 3521 269 3569 stnoso
293 3515 414 3586 ipsis
456 3520 561 3573 sibi
616 3520 910 3573 faventium
953 3520 1177 3576 arbitrio
1196 3504 1543 3585 'statuerunt,
1594 3524 1647 3578 in

134 3604 279 3665 Persas
300 3613 572 3677 socios,uti
610 3614 741 3668 nihil
769 3615 886 3686 plus
905 3630 1063 3684 quam
1090 3615 1386 3686 gregarios,
1407 3631 1647 3685 aspersa.

137 3700 198 3755 Sic
223 3720 270 3759 se
308 3706 495 3774 injuste
543 3726 609 3763 ac
642 3710 1036 3765 contumeliose
1071 3708 1385 3764 defraudari
1417 3725 1525 3764 non
1571 3709 1651 3765 fe-

136 3804 269 3849 r-ntes
287 3797 468 3867 Persai,
490 3801 557 3854 de
582 3800 685 3855 hac
710 3800 907 3869 injuria
932 3809 985 3856 et
1013 3801 1335 3869 quihus‘lam
1372 3801 1492 3856 aliis
1517 3800 1653 3856 mul-

139 3890 237 3943 tum.
266 3889 346 3941 sed
380 3889 573 3943 frustra
611 3890 1004 3959 querebantur,
1035 3891 1217 3945 surdis
1261 3892 1326 3946 ad
1352 3893 1557 3957 omnia,
1599 3902 1651 3948 et

136 3974 338 4046 quidquid
355 3979 460 4035 besi
478 3981 864 4046 obtenderent,
896 3983 1296 4053 susquejdeque
1324 3983 1651 4039 habentibus

139 4080 281 4123 secare
303 4054 358 4125 ac
386 4074 621 4143 superbe
652 4072 946 4129 Catelanis.
976 4073 1114 4131 llinc
1160 4084 1343 4130 natum
1362 4074 1651 4131 Persarum

143 4163 357 4219 nonnullis
405 4168 691 4245 consilium
722 4175 866 4223 retro
902 4181 979 4231 se,
1009 4168 1155 4224 unde
1184 4178 1467 4236 venerant,
1504 4178 1655 4226 trans

143 4264 253 4305 mare
279 4254 557 4313 referendi.
603 4255 745 4326 Ergo
787 4272 909 4312 cum
944 4258 1083 4315 forte
1111 4271 1430 4316 occurrente
1455 4275 1657 4315 navar-

142 4342 215 4395 cho
240 4348 465 4418 quopiam
499 4348 748 4405 Romano
780 4352 920 4407 clam
954 4351 1263 4421 transigunt
1297 4359 1357 4407 ut
1380 4368 1439 4407 se
1469 4361 1653 4409 taxato

145 4436 279 4501 "aulo,
314 4449 362 4494 el
391 4444 555 4498 certis
586 4444 990 4500 conditionibus
1022 4446 1239 4516 inquas
1283 4447 1537 4517 υιτῑηίιιιθ
1563 4448 1653 4514 in"

146 4525 374 4593 rojnrando
405 4537 529 4591 dato
556 4546 640 4592 est
667 4548 1014 4607 conventum,
1040 4547 1189 4594 trans
1215 4541 1409 4595 fretum
1434 4542 1655 4596 innoxie

1750 3328 1865 3398 ejus
1893 3326 2191 3384 custodiam
2224 3324 2297 3379 ibi
2326 3323 2550 3387 relictis,
2574 3321 2748 3379 ell'uso
2772 3324 2979 3394 impetu
3011 3323 3167 3378 obvia
3197 3337 3322 3376 sunt

1748 3434 1944 3479 cuncta
1973 3418 2310 3490 depOpulati,
2333 3419 2479 3473 viros
2509 3417 2724 3485 quidem
2749 3418 3082 3482 occidentes,
3113 3416 3326 3471 adultas

1748 3531 1880 3573 vero
1914 3516 2173 3570 mulieres
2206 3522 2257 3568 et
2290 3527 2483 3583 pueros
2518 3511 3022 3567 immiscricorditer
3062 3511 3323 3566 servitum

1750 3610 2101 3672 abducentes,
2130 3606 2292 3678 574
2326 3606 2772 3683 pecuniteautem
2806 3605 3100 3659 itmnensos
3132 3619 3326 3673 conge-

1751 3711 1931 3755 rentes
1961 3701 2230 3763 cumulos,
2262 3699 2396 3754 adeo
2442 3706 2499 3752 ut
2534 3696 2785 3751 animalia
2818 3707 2871 3752 et
2906 3708 3099 3752 czrtera
3131 3704 3330 3751 utcun-

1750 3809 1856 3864 que
1890 3809 2087 3862 magno
2116 3803 2166 3847 et
2209 3791 2366 3847 facile
2405 3791 2720 3858 vendibilia,
2745 3791 2891 3845 ultro
2920 3792 2977 3868 in
3008 3806 3201 3845 manus
3238 3792 3323 3845 iu-

1750 3888 2048 3950 curreutia,
2089 3902 2187 3945 nec
2217 3885 2405 3940 tollere
2438 3892 2714 3951 curarent,
2740 3883 2920 3938 ditiori
2956 3883 3093 3953 pleni
3127 3884 3326 3954 praeda;

1751 3994 1856 4049 qua
1892 3978 2053 4037 etiam
2110 3991 2174 4030 ex
2231 3991 2396 4032 causa
2464 3983 2676 4043 segetes
2734 3975 2785 4029 in
2842 3974 3051 4044 campis
3103 3985 3329 4030 matura:

1752 4082 2039 4142 struesque
2072 4069 2470 4140 manipulorum
2516 4068 2571 4122 in
2605 4068 2774 4133 areis,
2806 4067 2909 4122 illa:
2950 4066 3131 4139 perire
3178 4068 3329 4124 defe-

1752 4177 1843 4221 ctu
1880 4166 2219 4231 metentium,
2259 4164 2344 4220 ba:
2385 4162 2645 4236 neglectae
2669 4164 2857 4234 jacere
2892 4162 3095 4234 passim
3136 4177 3329 4223 cerne-

1753 4258 1973 4315 bantur.
3210 4260 3220 4272 ‘

1929 4352 1987 4405 4.
2025 4351 2255 4423 Defectio
2294 4351 2590 4406 Alanorum
2634 4360 2682 4407 et
2714 4349 3150 4416 Turcopulorum.

1826 4444 2058 4501 Aliunde
2089 4460 2252 4515 porro
2287 4460 2464 4515 neque
2486 4446 2672 4500 Alanis
2696 4459 2876 4514 neque
2891 4444 3215 4505 Turcopulis
3252 4460 3308 4503 re

1758 4554 1887 4594 cens
1917 4538 1983 4593 ad
2009 4537 2371 4594 Christianam
2406 4538 2674 4592 traductis
2707 4537 3043 4607 religionem,
3088 4537 3175 4605 qui
3220 4552 3324 4589 non

147 4628 191 4671 ac
210 4621 292 4676 ﬁde
316 4627 441 4682 bona
482 4632 817 4701 deportaret.
850 4632 986 4686 Dum
1023 4632 1101 4688 sic
1134 4633 1445 4704 trajiciunt,
1476 4635 1652 4688 medio
1685 4635 1728 4689 ι)
1757 4632 1929 4687 multo
1962 4642 2087 4685 ante
2120 4630 2234 4684 hazc
2258 4616 2498 4697 tempore
2521 4645 2553 4685 e
2574 4629 3109 4699 septemtrionalilms
3138 4632 3331 4685 tracti-

148 4707 186 4761 ίίι
220 4728 354 4777 Cursu
384 4739 569 4777 navem
602 4740 706 4794 qua
743 4727 1078 4781 vehebantur
1105 4727 1353 4783 Andreas
1384 4726 1652 4781 Muriscus

149 4798 352 4864 invadens
376 4829 749 4884 occupatisque
776 4817 1054 4873 Romanos
1092 4818 1312 4887 quidem
1356 4818 1407 4871 in
1452 4800 1515 4873 ea
1563 4834 1653 4872 re-

152 4906 285 4955 iterlos
308 4910 548 4974 servavit,
583 4907 784 4963 Persas
811 4918 1016 4976 autem,
1048 4919 1109 4964 ut
1138 4911 1335 4979 quibus
1363 4909 1508 4964 nulla
1538 4910 1656 4978 ipse

152 4996 411 5051 sacramenti
445 5000 701 5070 religione
732 5003 986 5067 cavisset,
1017 5004 1196 5073 gladio
1223 5003 1469 5075 peremit.
1502 5002 1655 5058 Nun-

154 5076 291 5137 tiatum
320 5088 363 5141 id
410 5091 583 5162 Per‘sis
626 5096 847 5165 reliquis
882 5098 1021 5166 apud
1066 5108 1243 5152 castra
1273 5096 1654 5152 Catelauorum

157 5168 300 5260 similia
348 5168 639 5239 revertendi
691 5187 917 5240 consilia
953 5181 1292 5243 i'ersantibus
1318 5229 1333 5252 ,
1367 5188 1527 5260 longe
1558 5190 1655 5244 bos

158 5259 355 5337 deinceps
390 5275 451 5326 ab
478 5277 745 5345 ejusmodi
790 5280 1216 5348 cogitationibus
1250 5259 1497 5347 avertit,
1524 5297 1655 5337 coa-

157 5362 326 5441 ttosqne
374 5367 435 5420 ad
493 5372 761 5435 patienter
814 5369 1148 5427 tolerandam
1220 5374 1660 5446 qualemcunque

160 5446 459 5508 rauditionem
500 5459 797 5528 peregrina"
836 5460 1058 5521 militia},
1093 5461 1177 5513 cui
1225 5471 1406 5516 essent
1453 5463 1659 5518 insolu-

163 5528 298 5590 ltiliter
335 5544 582 5614 impliciti,
632 5552 864 5621 perpulit
902 5553 965 5604 ad
1001 5553 1428 5622 coujnngendam
1482 5557 1656 5609 denuo

163 5633 250 5674 cm"
273 5627 398 5689 ῘιῖιΙῘς
431 5642 711 5694 militarent
741 5658 984 5710 operam,
1027 5642 1308 5698 Thracicis
1350 5645 1653 5701 communi-

165 5720 221 5815 ιεξ
248 5727 515 5793 "'giouibus
558 5736 923 5791 incursandis.
953 5736 1064 5793 Sub
1111 5738 1223 5793 haec
1269 5737 1534 5793 Mnrisrus
1572 5756 1653 5793 re-

165 5816 281 5863 “llssa
317 5819 607 5881 triremibus
639 5827 760 5882 frcti
808 5828 1141 5883 custmliendi
1176 5830 1390 5885 taediosa
1433 5831 1562 5899 ipsis
1592 5848 1654 5885 ac

168 5900 321 5962 publice
347 5915 551 5974 salutari
580 5922 833 5989 statione,
868 5938 988 5976 cum
1022 5921 1088 5978 iis
1120 5902 1649 5995 Constantinopolim

1761 4726 1863 4781 bus
1896 4725 1962 4778 ad
1994 4722 2235 4777 militiam
2267 4722 2609 4791 imperatoris
2643 4725 2995 4789 advenerant,
3031 4724 3160 4779 fides
3192 4734 3247 4780 et
3278 4724 3330 4777 in

1760 4813 2141 4872 observatione
2171 4809 2393 4869 fmderis
2431 4811 2559 4871 initi
2582 4812 3332 4881 perseverautiaconstabat:

1760 4924 1948 4963 verum
2001 4906 2117 4976 pari
2151 4914 2376 4975 utraque
2416 4921 2547 4975 gens
2586 4904 2812 4960 consilio
2857 4905 3057 4960 defecit
3089 4907 3263 4975 palam
3303 4922 3331 4959 a

1760 4999 1987 5060 nostris,
2015 5007 2071 5052 et
2106 4997 2485 5053 munitissimis
2513 4996 2646 5048 locis
2677 4996 2961 5063 occupatis
2988 5008 3334 5066 erumpentes

1763 5092 1884 5144 inde
1916 5089 2047 5143 nihil
2099 5082 2396 5144 tutum'aut
2426 5104 2676 5142 securum
2718 5104 2813 5155 per
2854 5089 3141 5143 circuitum
3192 5090 3333 5143 sine.

1760 5185 1909 5247 bant,
1944 5182 2343 5239 incursionibus
2377 5181 2588 5236 infestis
2614 5179 2722 5235 late
2755 5192 2950 5238 cuncta
2977 5198 3335 5251 corrumpen—

1767 5289 1868 5332 tes.
1905 5277 1982 5336 Ac
2008 5275 2298 5344 Turcopuli
2328 5275 2544 5343 quidem
2574 5274 2697 5331 alibi
2727 5274 2825 5329 sibi
2858 5278 3190 5347 receptacula
3221 5294 3334 5326 Ilttt-

1765 5370 2004 5432 nierum,
2042 5368 2184 5422 unde
2221 5378 2373 5439 utex
2400 5383 2523 5423 arce
2550 5376 2932 5437 procurrentes
2961 5367 3197 5436 iungentia
3223 5364 3330 5421 ίὶυ-

1764 5461 1939 5515 manis
1968 5459 2269 5514 inferebant
2298 5459 2461 5512 mala.
2498 5460 2681 5515 Alanis
2708 5477 2833 5514 vero
2864 5458 3255 5525 Cutzimpaxis,
3277 5470 3333 5509 ut

1762 5563 1844 5608 cst
1881 5552 2031 5622 prius
2060 5550 2290 5616 dictum,
2316 5553 2706 5620 superveniens
2737 5551 2884 5606 brevi
2917 5549 3060 5606 dedit
3093 5551 3333 5605 occasio—

1762 5662 1885 5700 nem
1924 5643 2204 5713 epinandi,
2241 5644 2382 5697 haud
2422 5644 2582 5699 istum
2614 5661 2733 5698 cum
2770 5646 2836 5699 iis
2876 5658 3227 5715 congressum
3266 5643 3329 5696 ad

1761 5738 2101 5807 procuranda
2135 5735 2504 5789 Romanorum
2537 5735 2843 5800 commoda,
2870 5738 2935 5788 ad
2969 5736 3112 5803 quod
3146 5748 3331 5788 unt»;-

1758 5832 1918 5884 batur
1945 5868 1959 5893 ,
1993 5828 2157 5882 fuisse
2188 5829 2467 5883 collatura.
2496 5826 2790 5896 Coeperunt
2834 5829 2977 5885 enim
3031 5825 3217 5882 statim
3264 5836 3333 5879 ab

1758 5926 1857 5980 huc
1904 5923 2088 5978 audito
2142 5921 2299 5977 Alani
2359 5920 2660 5978 animosius
2714 5936 2875 5991 quant
2938 5929 3094 5978 antea
3152 5932 3335 5991 partes
