3848 6554
528 389 627 454 631

1744 405 2071 470 GEORGII
2109 410 2592 474 PACHYMERIE
3246 390 3252 397 ’
3623 420 3703 483 032

526 512 657 582 βέθη
682 513 750 567 τά
785 517 1046 604 πρότερα.
1100 519 1332 585 ἐπιστὰς
1364 520 1539 585 ἄλλως
1597 520 1631 592 ἢ
1682 523 1757 586 ὡς
1786 524 1875 580 ἐπ’
1909 525 2099 599 ἀγαθῷ
2128 532 2173 588 Δ
2200 547 2288 594 νος
2313 529 2424 584 οὐδ’
2451 531 2587 597 ὅλως
2617 530 2686 587 τὰ
2708 531 2805 602 τῆς
2848 532 3040 604 φήμης
3067 532 3404 604 παραδεκτέα
3435 533 3707 604 Meis-rut

533 603 904 683 Ῥωμαίων,ᾖ
936 613 1033 664 καὶ
1059 613 1389 679 ἀπέσταλτο,
1421 614 1580 682 δόξαν
1612 619 1872 689 παρεῖχεν
1897 621 2097 675 ποιεῖν.

519 692 694 770 Ἦρξε
729 700 842 773 γάρ
893 704 941 756 ol
969 703 1065 757 τοῦ
1095 705 1191 759 ἐπὶ
1235 704 1314 777 τῷ
1337 707 1519 761 δοκεῖν
1560 707 1804 773 Ἀλανοῖς
1835 710 2096 781 ἐκθύμως

520 794 943 866 ἀποστραφῆναι
967 797 1036 852 τὰ
1065 797 1333 869 βασιλέως
1382 802 1476 855 καὶ
1510 800 1575 874 δὴ
1614 802 1705 856 καὶ
1739 804 2093 858 πιστεύεσθαι

519 884 555 957 ἡ
588 887 681 940 τοῦ
708 888 946 944 Τουκτάῖ
1006 892 1145 962 πρὸς
1177 891 1402 962 βασιλέα
1428 893 1523 949 καὶ
1574 896 1700 965 περὶ
1730 895 1898 951 αὑτοῦ
1928 895 2096 971 ζήτη-

470 1036 473 1039 ,
519 996 625 1042 σις,
649 982 743 1035 καὶ
769 980 891 1034 ἐπεὶ
921 981 1118 1052 σύναμ⁹
1149 983 1441 1054 ἐζῃτοῦντο
1461 986 1622 1050 αύτὸς
1653 1003 1709 1039 τε
1738 988 1833 1041 καὶ
1878 986 2094 1042 Ἀλανοὶ

516 1075 591 1135 ὡς
618 1074 854 1145 ἀρχῆθεν
896 1078 961 1146 τῇ
989 1075 1100 1133 τῶν
1123 1078 1384 1148 Τοχάρων
1406 1078 1547 1149 ἀρχῇ
1581 1081 1974 1151 προσήκοντες,
1999 1084 2097 1138 αύ-

516 1165 616 1219 τοῦ
647 1182 710 1234 γε
741 1166 835 1219 καὶ⁵
861 1167 1066 1238 μᾶλλον
1106 1169 1206 1223 σὺν
1236 1170 1443 1241 ἑτέροις
1494 1170 1723 1241 ἄρχουσι
1752 1172 1905 1241 παρὰ
1941 1172 2094 1245 βασι-

514 1259 651 1321 λέως
680 1260 816 1331 πρδς
870 1263 1076 1315 ἐκεῖνον
1113 1263 1528 1332 πρεσϐεύοντος.
1567 1263 1733 1318 Ταῦτ’
1769 1263 1984 1319 ’Δλανοὶ
2015 1266 2091 1331 ὡς

514 1349 650 1421 πρὸς
684 1351 861 1405 αὐτῶν
894 1353 962 1409 ἐκ
993 1353 1087 1407 τοῦ
1114 1352 1284 1424 τύχης
1328 1356 1421 1409 καὶ
1449 1356 1761 1426 αὐτομάτου
1804 1356 2090 1425 γεγονέναι

510 1441 672 1506 δόξαν
705 1442 798 1496 καὶ
827 1443 949 1497 λίαν
965 1444 1381 1516 ἀποδεξάμενοι,
1405 1447 1793 1503 ὑποποιοῦνται
1819 1447 2091 1512 παντοίως

512 1535 603 1587 τὸν
635 1535 1003 1606 πρεσϐευτήν.
1055 1538 1215 1593 Καὶό
1238 1538 1375 1602 τέως
1416 1538 1784 1612 ἐξημερὼσων
1820 1541 1961 1610 σφᾶς
1999 1539 2092 1611 βα-

515 1628 657 1679 σιλεί
682 1627 822 1693 ὅλος,
850 1627 925 1691 ὡς
948 1627 1131 1699 δόξαι,
1148 1628 1374 1685 ἐκείνων
1414 1629 1649 1699 γίνεται,
1682 1630 1779 1686 καὶ
1805 1632 1861 1694 ἐς
1903 1629 2091 1684 τοσοῦ-

512 1737 604 1773 τον
631 1719 931 1774 οἰκειοῦται
959 1721 1146 1790 σφίσιν
1172 1721 1313 1776 ὥστε
1351 1723 1442 1778 καὶ
1471 1722 1638 1795 ἄλλην
1661 1724 1758 1794 τὴν
1806 1722 1902 1777 τοῦ
1938 1739 2090 1795 πρω-

513 1811 764 1876 τεύοντος
803 1811 1028 1867 ἐκείνων
1080 1813 1328 1884 Κυρσίτη
1366 1813 1602 1885 ἀδελφὴν
1658 1814 1968 1887 αγαγέσθαι
2026 1814 2086 1878 ἐς

515 1903 766 1979 σύζυγον.
810 1901 1020 1960 Ἤ......
1067 1905 1284 1960 Ἀλανοὶ
1308 1904 1407 1971 τὰς
1454 1908 1555 1976 τῆς
1606 1907 1812 1971 Νεάδος
1857 1907 2091 1970 σκοπιὰς

515 1996 921 2061 καταλαϐόντες
958 1996 1123 2050 τόπον
1169 1997 1410 2068 διαρκῶς
1459 1996 1717 2071 ὀχυροῦσι
1770 1998 1891 2061 ταῖς
1945 1997 2089 2052 κατὰ

516 2089 659 2157 σφᾶς
688 2089 1065 2161 ἁρμαμάξαις,
1099 2086 1185 2155 αἷς
1226 2091 1291 2162 δὴ
1323 2093 1417 2146 καὶ
1451 2090 1844 2160 διεκομίζοντο.
1883 2091 2091 2145 Γύναια

512 2181 568 2236 δὲ
600 2183 694 2236 καὶ
749 2181 1014 2253 παιδάρια
1066 2182 1161 2241 καὶ
1193 2184 1375 2239 πᾶσαν
1404 2182 1574 2253 ἄλλην
1621 2183 1943 2254 περιουσίαν
1974 2181 2090 2236 ἐκεῖ

514 2273 960 2341 συγκλείσαντες,
990 2274 1242 2328 ἐντείθεν
1272 2272 1358 2346 [Ρ.
1394 2273 1521 2347 402]
1573 2274 1726 2328 αὐτοὶ
1772 2275 1845 2338 ὼς
1880 2274 1975 2328 ἐπὶ
1998 2273 2091 2343 βε-

515 2365 657 2437 ϐαίῳ
686 2367 789 2438 τῆς
820 2365 1080 2439 ἱδρύσεως
1116 2367 1492 2438 ἐξορμώμενοι
1526 2354 1608 2421 ’τὰ
1638 2368 1895 2424 πάνδεινα
1931 2366 2092 2425 διετίτ

516 2459 643 2512 θουν
680 2458 1006 2528 Ῥωμαίους,
1034 2458 1194 2529 μόνον
1226 2458 1283 2513 δέ
1312 2458 1561 2529 φειδωλοὶ
1592 2460 1716 2531 περὶ
1741 2458 1839 2523 τὰς
1876 2459 2090 2527 σφαγὰς

512 2546 675 2620 ἦσαν.
711 2551 822 2605 Καὶ
854 2548 1006 2603 ταῦτ’
1036 2549 1267 2619 ἠκούετο
1320 2551 1682 2623 είργασμένος
1735 2550 2092 2622 Κουτζίμπα-

515 2641 620 2711 εις,
660 2643 707 2698 εί
737 2643 833 2698 καὶ
865 2643 893 2696 δ
923 2642 1145 2715 κρατῶν
1170 2642 1257 2697 ἐπ’
1305 2643 1499 2714 ἐκείνῳ
1528 2643 1609 2698 ἔτι
1642 2640 2090 2715 πληροφορούμε-

517 2823 858 2892 imperamus
912 2821 1151 2877 aversari
1182 2862 1195 2884 .
1231 2837 1341 2893 pra:
1386 2837 1445 2879 se
1493 2821 1731 2880 ferentes
1779 2832 1931 2880 certo
1964 2837 2087 2879 cre-

513 2917 644 2983 dcre
677 2916 792 2986 jam
845 2930 924 2982 sc,
955 2914 1008 2989 id
1045 2916 1112 2970 de
1145 2929 1251 2985 quo
1281 2915 1436 2985 prius
1480 2915 1865 2972 dubitaverant
1902 2915 2089 2972 timido

514 3013 773 3068 duntaxat
829 3008 1194 3080 suspicando;
1225 3024 1544 3079 persuasum
1566 3048 1582 3074 ,
1620 3009 1837 3080 inquam
1866 3048 1884 3076 ,
1930 3008 2089 3080 plene

504 3103 617 3170 jam
677 3101 970 3169 habentes,
1021 3101 1244 3155 missum
1309 3116 1338 3155 a
1396 3101 1665 3158 'l‘uctaine
1729 3102 1795 3156 ad
1858 3101 2107 3172 impera?

2199 619 2312 691 γὰρ
2343 622 2596 687 κάκεῖνος
2629 622 3047 695 περιεσουκδλιι
3069 623 3169 686 τὰς
3185 622 3401 689 ἐλπίδας
3434 624 3702 695 τῷβασιλεϊ,

2198 712 2275 777 ὥς
2307 715 2411 769 οὐκ
2452 716 2547 769 ἐπὶ
2578 717 2803 788 πονήρῳ
2858 714 3153 786 Ῥωμαίων
3195 715 3369 770 ταῦτα
3400 716 3619 787 πράττοι,
3661 721 3705 789 ἐξ

2198 799 2275 861 ὧν
2299 807 2532 879 ἠκούετο
2562 809 2701 880 πρός
2729 827 2884 874 τινας
2913 810 3022 863 τῶν
3059 807 3156 862 τοῦ
3187 807 3446 879 βασιλέως
3471 811 3706 879 ἀπολογού-

2201 916 2388 969 μενος.
2459 900 2762 972 Ἐτέρωθεν
2804 901 2862 955 δέ
2911 902 3034 954 κατ’
3066 898 3329 967 ἀνατολὴν
3377 899 3467 953 καὶ
3504 904 3530 955 ὁ
3562 903 3705 957 Ἀττα-

2197 990 2430 1062 λειώτης
2448 993 2777 1047 ἀποστατῶν
2809 992 3168 1063 ἐκηρύσσετο,
3197 993 3294 1046 καὶ
3320 992 3594 1065 γράμματα
3613 993 3706 1062 date

2198 1083 2478 1156 κνούμενα
2527 1086 2627 1158 τὴν
2669 1088 3015 1140 ἀποστασίαν
3045 1085 3284 1156 ἐδήλουν.
3333 1084 3507 1138 Ταῦτα
3549 1086 3631 1157 μὲν
3657 1087 3705 1140 οὐ

2195 1178 2340 1245 λίαν,
2372 1178 2449 1244 ὡς
2476 1178 2662 1251 ἐῴκει,
2709 1178 2891 1233 ὠδύνα
2915 1181 3008 1234 τὸν
3045 1177 3297 1250 βασιλέα,
3318 1178 3385 1232 τὰ
3413 1177 3466 1232 δέ
3498 1177 3620 1232 κατὰ
3640 1178 3708 1230 δύ-

2199 1287 2286 1327 σιν
2320 1269 2406 1325 διὰ
2434 1272 2717 1341 φροντίδος
2756 1270 3081 1341 ποιούμενος
3102 1271 3203 1324 ούκ
3229 1269 3388 1335 ἀνίει,
3413 1272 3512 1323 καὶ.
3536 1270 3708 1340 μάλισθ’

2194 1365 2278 1419 δτι
2308 1364 2403 1418 καὶ
2436 1363 2531 1417 τοῦ
2563 1363 2967 1435 στρατιωτικοῦ
3005 1362 3102 1416 τοῦ
3142 1363 3273 1433 περὶ
3296 1361 3388 1415 τὸν
3413 1361 3611 1432 βασιλέα
3633 1363 3711 1416 Mt:
3812 1361 3813 1435 ξ

2197 1453 2338 1527 χαὴλ
2381 1453 2894 1521 διασκεδασθέντος,
2950 1456 3046 1510 καὶ
3091 1454 3182 1509 διὰ
3223 1453 3396 1508 ταῦτα
3429 1452 3576 1524 μηδὲν
3604 1452 3713 1524 ἔχων

2195 1549 2403 1611 ἐκεῖνος
2434 1546 2719 1617 πράττειν,
2768 1563 2860 1600 τον
2903 1546 3119 1617 πατέρα
3148 1544 3244 1599 καὶ
3283 1542 3499 1614 βασιλέα
3522 1542 3709 1611 πέμπων

2196 1635 2521 1705 ἐξώτρυνεν,
2571 1639 2620 1691 sl
2667 1636 2873 1692 δυνατά
2916 1639 2966 1692 οί
3016 1637 3131 1707 εἴη,
3175 1636 3339 1690 αὐτὸν
3385 1632 3709 1704 ἐκστρατεύειν

2194 1731 2408 1783 ἐκεῖνον
2448 1731 2544 1783 καὶ
2590 1731 2735 1806 κατᾲ
2781 1729 2935 1785 δύσιν
2973 1729 3101 1799 περί
3151 1746 3258 1782 που
3317 1725 3602 1781 Ῥαιδεστδν
3638 1725 3708 1778 καὶ

2197 1821 2388 1892 πρόσω
2414 1822 2966 1892 στρατοπεδεύεσθαι.
3004 1822 3181 1893 Ὁρμὴ
3222 1820 3269 1875 δ’
3302 1817 3369 1893 ἦν
3410 1822 3534 1890 πρὸς
3569 1815 3707 1878 τοῦτα.
3812 1834 3813 1897 j

2194 1914 2396 1967 ὁπόθεν
2452 1914 2511 1968 δέ
2548 1916 2600 1967 οί
2642 1914 2904 1986 δυνάμεις
2952 1913 3491 1986 συγκροτηθήσονται
3527 1926 3709 1964 σκοπου-

2198 2007 2352 2078 μένῳ.
2383 2005 2527 2078 (ούδέ
2562 2006 2672 2078 γὰρ
2703 2007 2768 2059 ἐκ
2796 2004 2894 2061 τοῦ
2932 2006 3117 2061 κοινοῦ
3151 2005 3406 2077 ταμιείου
3446 2002 3622 2065 ταύτας
3641 2018 3710 2070 γε·

2195 2100 2381 2155 νέσθαι
2415 2101 2686 2165 ἐπιτελεῖς
2734 2101 2826 2156 διὰ
2871 2103 2972 2170 τὴν
3017 2100 3127 2155 τῶν
3170 2100 3467 2173 χρημάτων
3502 2096 3708 2167 ἀπορίαν,
3812 2104 3813 2121 ³

2193 2191 2268 2257 ὡς
2294 2192 2505 2261 ἔλεγον,
2533 2192 2740 2250 δυνατὰ
2766 2187 2860 2263 ἦν)
2890 2193 2925 2263 ἡ
2968 2193 3034 2247 ἐκ
3067 2192 3167 2261 τῆς
3202 2189 3473 2251 πολιτείας
3500 2185 3710 2255 ἐκαραδοη

2192 2287 2347 2340 κεῖτο
2389 2285 2675 2352 ἐθελουσία
2711 2282 3105 2355 συγκρότησις.
3150 2281 3319 2336 Ὅθεν
3364 2284 3457 2336 καὶ⁵
3506 2276 3707 2346 συνεκρό-

2192 2396 2322 2433 τουν
2371 2381 2421 2433 οἱ
2470 2378 2718 2443 πλείους,
2768 2378 2866 2431 καὶ
2914 2375 3273 2445 συνελέγοντο
3304 2374 3572 2446 χρήματα.
3597 2366 3707 2424 Ἀλλ’

2191 2470 2294 2539 οὐκ
2327 2467 2395 2544 ἦν
2433 2472 2571 2543 πρὸς
2600 2469 2859 2534 τοιαύτας
2889 2469 3079 2539 χρείας
3102 2468 3418 2540 ἀρκούντων
3445 2466 3501 2520 τὸ
3529 2462 3710 2533 συναγό-

2197 2581 2384 2635 μενον,
2413 2564 2510 2623 καὶ
2534 2564 2802 2635 ἠμελεῖτο,
2826 2562 2890 2617 τὺ
2920 2562 3163 2635 ξύμπαν.

2197 2836 2361 2896 nebat
2383 2834 2510 2892 talia
2536 2834 2603 2891 de
2648 2832 2741 2889 illo
2787 2827 3241 2887 memorantibus.
3280 2823 3362 2881 Ad
3391 2821 3524 2894 quod
3552 2816 3710 2889 aliquid

2193 2930 2329 2985 artis
2374 2930 2541 2983 etiam
2598 2927 2716 2996 ipse
2795 2920 3090 2979 adhibebat
3146 2915 3531 2987 Cutzimpasis,
3592 2924 3707 2981 spem

2191 3025 2492 3081 etiamnum
2517 3019 2872 3089 imperatoris
2892 3015 3105 3071 nuntiis
3132 3010 3420 3069 submissis
3443 3007 3642 3069 lactans,
3670 3008 3711 3055 et

2192 3118 2262 3173 ad
2293 3117 2561 3187 quosdam
2593 3113 2771 3184 ipsius
2797 3109 3095 3166 familiares
3114 3105 3462 3179 defensiones
3499 3098 3609 3154 facti
3647 3093 3709 3149 sui

516 3207 687 3255 torem
734 3193 1128 3265 Cutzimpaxitn
1170 3195 1238 3249 ad
1290 3195 1610 3267 repetendos
1664 3210 1793 3250 suos
1838 3194 2087 3265 antiquos

2194 3208 2530 3279 scriptitans,
2566 3203 2769 3275 quibus
2798 3201 3107 3256 allirmabat
3134 3196 3275 3253 nihil
3304 3198 3356 3253 in
3399 3196 3661 3290 hoc—actum
3686 3200 3708 3236 a
3812 3214 3813 3221 η

517 3287 715 3343 milites
765 3287 982 3352 Alanos,
1024 3300 1225 3357 eosque
1283 3301 1467 3343 secum
1535 3287 2090 3356 postliminio‘redn-

517 3380 719 3438 cendos
764 3380 829 3433 ad
880 3388 1058 3434 terras
1090 3377 1455 3434 Tocharorum
1484 3419 1499 3443 ,
1549 3379 1615 3434 ad
1671 3394 1812 3450 quos
1860 3380 2093 3448 pertine-

515 3477 644 3525 rent
694 3477 751 3523 et
797 3483 1029 3536 quorum
1092 3467 1294 3522 dudum
1354 3467 1619 3538 auspiciis
1683 3467 2088 3523 militat/issent.

515 3559 677 3638 515
725 3560 1027 3619 Advenisse
1086 3558 1133 3615 is
1170 3558 1394 3623 nuntius
1446 3559 1497 3614 itt
1533 3570 1772 3629 tempore
1815 3560 1962 3616 visus
2008 3571 2091 3615 est

518 3655 729 3721 Alanis,
764 3652 982 3722 quando
1047 3667 1144 3709 rus
1215 3651 1400 3707 multis
1465 3654 1531 3708 de
1595 3653 1778 3711 causis
1834 3650 2093 3708 Romanae

518 3746 800 3801 societatis
871 3744 1087 3808 taedium
1190 3752 1429 3814 ceperat.
1512 3744 1702 3815 Itaque
1774 3760 1897 3799 cum
1977 3760 2090 3798 rem

522 3836 693 3903 ipsam
720 3842 1052 3903 exceperunt
1078 3832 1261 3896 avide,
1285 3842 1396 3887 tum
1429 3831 1547 3901 eius
1568 3837 1634 3888 ad
1657 3849 1715 3887 se
1736 3834 1959 3888 missum
1995 3848 2092 3886 ne-

519 3927 650 3998 gotii
678 3925 988 3993 ministrum
1011 3927 1265 3982 omnibus
1289 3927 1552 3990 demereri
1577 3926 1828 3983 oﬂiciosa:
1857 3927 2092 3983 benevo-

517 4020 698 4077 lentia:
727 4018 1191 4084 declarationibus
1220 4020 1495 4075 studuere.
1530 4017 1640 4075 Nec
1668 4019 1849 4090 segnis
1880 4018 1967 4073 ille
1999 4027 2092 4074 aut

518 4128 712 4183 parcus
741 4112 841 4167 fuit
869 4111 921 4167 itt
944 4110 1250 4177 exhibenda
1288 4120 1472 4166 mutua
1490 4113 1685 4181 gratia.
1720 4109 1874 4165 Unde
1899 4111 1989 4180 qui
2023 4111 2090 4166 ad

520 4204 860 4261 deliniendos
907 4203 1223 4278 imperatori
1254 4203 1611 4257 exacerbatos
1633 4202 1932 4256 Alanorum
1970 4202 2093 4255 aui:

518 4310 639 4352 mos
666 4296 824 4355 utilis,
848 4295 1169 4351 conciliator
1221 4294 1520 4349 accessisse
1564 4299 1908 4363 sperabatur,
1936 4293 2089 4348 brevi

519 4394 666 4441 totus
696 4384 750 4451 in
803 4399 992 4440 eorum
1030 4383 1297 4441 transisse
1355 4395 1538 4452 partes
1584 4385 1725 4437 haud
1775 4384 1952 4437 dubiis
2008 4393 2093 4439 est

520 4466 835 4549 compertus
867 4477 1109 4542 indiciis,
1139 4479 1324 4548 utique
1358 4477 1448 4548 qui
1485 4491 1549 4530 eo
1581 4492 1749 4548 usque
1777 4491 1835 4532 se
1866 4474 1972 4529 illis
1996 4491 2091 4545 ag-

2194 3319 2252 3357 se
2286 3300 2431 3372 quod
2463 3301 2517 3354 in
2554 3297 2725 3355 ullum
2755 3295 3163 3352 incommodum
3196 3292 3279 3348 rei
3301 3299 3478 3362 posset
3501 3285 3711 3339 Romanae
3812 3336 3813 3339 η

2194 3392 2523 3447 redundare.
2556 3387 2741 3444 Altera
2762 3402 2893 3443 vero
2920 3401 2987 3443 ex
3018 3393 3175 3456 parte
3209 3384 3265 3440 in
3309 3376 3557 3439 Orientali
3575 3377 3714 3430 tractu

2196 3480 2493 3537 rebellasse
2517 3479 2852 3535 Atlaleotam
2892 3475 3073 3547 palam
3116 3471 3543 3545 praedicabatur;
3570 3471 3715 3519 osten-

2196 3574 2576 3643 debantttrque
2601 3571 2726 3627 inde
2759 3571 2944 3625 allatae
2974 3568 3172 3625 litterae
3213 3566 3268 3621 id
3310 3566 3445 3621 citra
3474 3559 3615 3615 ullam
3637 3553 3713 3643 dus

2193 3642 2517 3720 bitatinnent
2563 3669 2897 3719 asserentes.
2931 3656 3036 3716 Sed
3068 3659 3119 3715 id
3161 3673 3362 3714 novum
3395 3654 3574 3708 vulnus
3603 3642 3712 3700 haud

2194 3757 2448 3818 multum.
2486 3766 2544 3810 ut
2574 3754 2895 3827 apparebat,
2936 3751 3156 3807 dolebat
3190 3743 3520 3817 imperatori,
3561 3736 3713 3827 despc-‘

2194 3852 2311 3897 rata
2376 3842 2577 3897 dudum
2612 3826 2810 3898 salute
2855 3840 3139 3912 regionum
3193 3835 3363 3910 576
3406 3826 3709 3889 Orientalium

2194 3935 2355 3990 unice
2407 3934 2617 3990 intento
2656 3934 2710 3990 in
2744 3934 3012 3989 Occiduas
3045 3928 3468 3988 conservandas.
3503 3921 3592 3979 Cui
3617 3929 3711 3973 eum

2194 4026 2490 4081 instantem
2521 4040 2665 4081 curae
2713 4025 2918 4081 acriter
2950 4024 3230 4095 pungebat
3274 4021 3419 4093 quod
3464 4012 3714 4072 exercitum

2196 4120 2477 4177 Michaelis
2500 4111 2728 4188 Augusti
2777 4116 2936 4187 plane
2967 4116 3081 4171 illic
3121 4113 3413 4170 constabat
3453 4108 3603 4164 fuisse
3631 4099 3714 4155 dis-

2195 4215 2455 4283 sipatum.
2492 4211 2667 4278 Quam
2698 4210 2771 4266 ob
2804 4192 3167 4276 causamipse
3201 4202 3428 4261 Michael
3460 4199 3644 4257 crebris
3672 4197 3714 4245 et

2198 4306 2519 4375 urgentibus
2548 4303 2747 4360 litteris
2772 4311 2979 4374 patrem
3014 4301 3319 4372 Augustum
3344 4293 3640 4353 obsecrabat
3672 4293 3716 4339 ut

2195 4414 2358 4468 quam
2397 4399 2634 4469 primum
2697 4404 2881 4467 posset
2935 4393 3072 4459 fieri,
3117 4392 3331 4447 veniret
3370 4405 3435 4446 eo
3474 4388 3577 4457 ipse
3614 4392 3713 4436 cum

2195 4489 2437 4545 exercitu
2482 4499 2537 4544 et
2584 4490 2731 4545 circa
2760 4484 3108 4542 Rbredcstum
3140 4484 3409 4555 pauloque
3432 4475 3631 4534 ulterius
3650 4483 3717 4524 cn-

519 4558 894 4643 glutinaverit,
922 4580 980 4625 ut
1010 4584 1253 4624 sororem
1282 4569 1513 4626 Cursitas
1542 4568 1744 4638 primas
1774 4566 1922 4639 apud
1947 4569 2092 4636 ipsos
2117 4576 2171 4639 ι)
2200 4590 2315 4635 ειη
2342 4592 2660 4636 mem-eu",
2697 4578 2809 4635 Nec
2844 4580 3031 4636 deerat
3078 4577 3395 4634 Andronico
3414 4576 3625 4644 impetus
3664 4563 3715 4619 ad

518 4663 816 4725 obtiueulis
856 4662 1019 4716 aliam
1055 4675 1278 4716 uxorem
1311 4661 1550 4717 duxerit.
1600 4659 1738 4717 Hinc
1762 4659 1878 4729 jam
1915 4659 2090 4730 palam

520 4754 750 4827 imperio
795 4754 1024 4815 rebelles
1050 4755 1211 4810 Alani
1248 4753 1369 4811 loco
1400 4754 1557 4831 potiti
1613 4754 1753 4809 situs
1803 4749 2089 4816 inaccessi,

519 4861 681 4915 quem
709 4842 908 4901 Neadis
950 4845 1205 4912 speculas
1248 4852 1473 4912 vocant,
1494 4859 1616 4897 eum
1646 4852 1907 4912 quantum
1959 4842 2092 4897 satis

523 4939 639 4993 fore
674 4937 844 4992 visum
877 4948 963 4993 est
995 4939 1270 5011 muniunt,
1314 4937 1679 5005 plaustrorum
1708 4951 1829 5006 quae
1860 4936 2093 5006 plurima

521 5029 834 5094 trahebant,
857 5028 1118 5084 continua
1152 5027 1297 5085 serie
1321 5027 1464 5081 velut
1497 5026 1639 5082 vallo
1672 5026 2089 5081 circumdatum.

518 5121 654 5177 Tum
683 5120 909 5175 inclusis
938 5135 1014 5175 .ea
1052 5119 1359 5181 munitione
1401 5119 1718 5175 mulieribus
1755 5130 1811 5175 et
1856 5118 2092 5188 parvulis

517 5222 824 5283 cmteraqne
855 5212 1209 5283 supellectili,
1250 5213 1375 5268 inde
1405 5212 1509 5285 ipsi
1542 5223 1598 5267 ut
1626 5228 1693 5268 ex
1735 5228 1927 5267 secura
1984 5210 2089 5267 sibi

519 5308 585 5361 ad
613 5317 891 5376 receptum
918 5322 1045 5362 arce
1069 5306 1427 5377 prodeuntes,
1465 5306 1613 5362 omni
1656 5306 1974 5362 hostilitatis
1999 5320 2092 5377 ge-

517 5413 646 5452 nere
686 5397 960 5452 Romanos
1020 5397 1379 5466 infestabant,
1437 5398 1541 5453 nisi
1593 5400 1737 5468 quod
1793 5396 2091 5474 parcebant

514 5490 768 5561 sanguini
804 5492 1088 5563 minusque
1119 5493 1344 5548 ctedium
1377 5491 1632 5555 edebant.
1658 5491 1719 5553 Et
1755 5493 1867 5547 haec
1900 5488 2093 5545 videli-

518 5594 602 5639 cet
623 5583 996 5655 Culzitnpaxis
1023 5585 1361 5656 transegisse
1385 5604 1397 5636 t
1417 5602 1508 5640 um
1536 5585 1720 5641 Alanis
1756 5582 1972 5639 tandem
1997 5599 2093 5637 att-.-

512 5675 789 5742 diebatur,
838 5679 1090 5745 quamvis
1150 5680 1375 5734 necdum
1410 5679 1672 5735 credente
1721 5677 2087 5744 imperatore;

514 5768 607 5829 qui
638 5782 1052 5840 pra‘occupntus
1077 5786 1269 5841 magna
1307 5772 1564 5841 opinione
1598 5768 1719 5825 fidei
1752 5765 1869 5836 ejus
1893 5766 1993 5822 viri
2026 5782 2090 5823 ac

514 5860 903 5925 benevolentia:
932 5879 1056 5934 erga
1101 5879 1159 5921 sc
1193 5867 1443 5932 sinccrw,
1479 5859 1742 5920 assentiri
1769 5873 1876 5916 non
1917 5860 2088 5924 susti-

2193 4686 2315 4729 eam
2341 4664 2742 4742 expeditionem
2768 4670 3159 4739 capessendam
3208 4684 3224 4724 :
3260 4675 3464 4722 tantum
3496 4656 3717 4717 aestuabat

2195 4769 2401 4830 animo,
2434 4765 2575 4820 unde
2605 4766 2791 4834 copias
2835 4764 2901 4818 ad
2945 4764 3046 4819 hoc
3081 4764 3307 4818 idoneas
3351 4765 3574 4827 cogeret.
3610 4749 3718 4803 Nam

2195 4868 2462 4929 quantum
2520 4856 2576 4912 in
2634 4857 2831 4912 aerario
2906 4864 3022 4910 tum
3078 4854 3324 4920 pecunia
3374 4845 3715 4920 reperiebatur.

2197 4950 2617 5019 haudquaquam
2652 4949 2719 5004 ad
2774 4944 3046 5018 stipendia
3088 4944 3238 5012 justo
3271 4939 3530 4999 exercitui
3565 4946 3718 5019 nume-

2195 5055 2251 5095 ra
2260 5018 2371 5095 nda
2383 5018 2732 5096 suffecturum
2750 5053 2815 5092 ex
2830 5051 2957 5092 vero
2971 5033 3306 5091 aﬂlrmabant
3335 5018 3716 5089 intimeconscii.

2195 5130 2456 5187 Restabat
2486 5146 2610 5201 spes
2642 5131 2697 5186 in
2729 5129 3038 5185 voluntaria
3069 5127 3363 5187 collatione
3400 5122 3606 5181 civium.
3633 5125 3715 5183 qII-I

2191 5225 2240 5281 is
2268 5222 2518 5283 defectus
2561 5222 2924 5295 suppleretur.
2959 5221 3155 5296 Rogati
3209 5236 3313 5276 non
3357 5218 3546 5274 frustra
3573 5203 3717 5264 multi.

2192 5320 2337 5389 quod
2379 5326 2653 5389 poterant,
2687 5315 3081 5387 conferebant;
3124 5316 3459 5381 dabaturque
3478 5319 3576 5363 non
3607 5296 3721 5389 indis

2193 5385 2580 5484 ligens-opera
2636 5408 2953 5479 colligendis
2986 5385 3081 5463 his
3114 5405 3372 5479 symbolis
3426 5407 3629 5457 summa
3665 5385 3719 5441 ad

2194 5515 2517 5573 praesentem
2543 5520 2697 5559 usum
2719 5503 3039 5560 necessariae
3059 5498 3377 5557 conflandas.
3395 5494 3495 5551 Sed
3517 5492 3720 5544 immane

2193 5605 2456 5666 quantum
2489 5611 2525 5663 a‘
2548 5595 2707 5650 modo
2731 5594 2993 5665 requisito
3029 5608 3115 5647 res
3136 5592 3343 5648 aberat.
3368 5586 3546 5669 itaque
3575 5583 3717 5675 totum

2198 5682 2404 5744 sensim
2449 5686 2727 5756 negotium
2760 5683 2918 5740 taedio
2957 5682 3264 5750 curantium
3308 5687 3363 5739 et
3386 5674 3719 5755 desperatione

2193 5778 2511 5853 perﬁciendi
2553 5779 2861 5855 neglectum
2894 5777 3139 5843 evanuit,
3572 5788 3579 5791 ·
