3738 6542
143 366 256 459 ω
960 382 1060 443 DE
1091 380 1532 444 ANDRONICO
1573 380 2040 444 “1.301.060
2076 385 2226 445 LIB.
2253 384 2392 449 vu.
3222 375 3265 463 οἱ

1680 496 1731 556 Δ
1756 514 1866 563 ται,
1894 497 1970 561 ὡς
2000 499 2095 552 καὶ
2141 499 2172 568 ἡ
2206 496 2317 552 τῶν
2359 494 2669 569 αίσθήσεων
2719 492 3003 563 ἀγάπησις
3040 507 3331 562 μαρτυρει.

249 499 449 570 ε’·’Περι
492 497 592 552 τοῦ
608 496 900 565 ῥιφέντος
929 494 1256 566 φαμούσον
1305 496 1510 566 τόμον.

199 597 270 651 Ἐν
297 593 453 662 τούτῳ
509 589 599 643 καὶ
645 587 930 658 φάμουσος
956 589 1147 659 [τόμος
1191 587 1410 660 πλήρης
1447 587 1648 658 χλεύης

142 688 384 762 ῥιπτεῖται.
418 684 520 738 Καὶ
541 681 598 735 οὒ
632 682 741 752 γὰρ
775 681 953 744 ἄλλως
999 680 1078 752 τῷ
1112 682 1385 753 τολμῶντι
1435 681 1649 752 ῥίπτειν

142 779 293 849 tiqu
305 792 390 830 πτο
414 779 491 838 εἰς
509 775 694 844 χεῖρας
720 773 968 827 δεδόσθαι
991 774 1082 827 τὸν
1108 774 1277 844 τόμον
1307 773 1386 845 τῷ
1415 772 1647 842 βασιλεῖ.

140 875 191 945 ἦν
212 870 275 944 μὴ
310 870 362 921 ἐν
394 868 570 930 αὐτοῖς
597 864 693 921 τοῦ
728 866 841 919 τῶν
874 866 1195 937 ἀνακτόρων
1230 863 1318 939 [Ρ.
1352 867 1484 940 405]
1510 867 1643 925 ἄλλο

138 983 200 1028 τις
226 959 382 1015 λαθὼν
409 956 656 1027 ἐκτεθείη
690 959 784 1011 ἐπὶ
811 961 906 1012 τὸν
940 959 1105 1013 αὐτὸν
1138 959 1335 1028 θρόνον
1367 953 1430 1013 οὗ
1465 956 1650 1014 εἰώθει

138 1051 408 1118 καθέζεσθαι
438 1049 713 1120 βασιλεὺς.
754 1049 851 1104 τοῦ
895 1051 1285 1120 ἀμφικεφά).ου
1326 1051 1649 1106 ὑπεντεθει-

138 1149 266 1219 μένου
288 1147 351 1207 oi,
391 1142 589 1214 πολλὴν
615 1143 712 1199 τοῦ
743 1143 931 1198 λαθεῖν
961 1146 1228 1214 πρόνοιαν
1270 1144 1647 1216 ποιησαμένου

136 1238 205 1293 τοῦ
227 1237 380 1291 θεῖναι
403 1233 801 1305 τολμήσαντος.
837 1233 925 1297 Ὦς
952 1234 1007 1288 δὲ
1041 1237 1069 1288 ὁ
1096 1233 1190 1289 τοῦ
1228 1234 1487 1292 κοιτῶνος
1517 1251 1653 1305 προ-

136 1330 396 1400 καθήμενος
416 1329 443 1382 ό
473 1327 756 1397 Χατζίγης
788 1326 998 1392 είωθὼς
1034 1330 1100 1382 ἐκ
1133 1325 1228 1382 τοῦ
1271 1327 1365 1382 ἐπὶ
1397 1328 1650 1383 πλεῖστον

134 1421 266 1494 είσῄει
288 1421 350 1474 τὰ
371 1420 465 1490 τῆς
494 1421 770 1492 καθέδρας
788 1420 1117 1487 διευθετεῖν,
1151 1420 1465 1490 φιλοκαλῶν
1495 1421 1652 1491 συνή-

134 1521 213 1579 θως
249 1515 329 1569 τὸν
369 1515 555 1585 δίφρον
583 1515 1028 1586 προστιτυχήκει
1071 1515 1150 1585 τῷ
1181 1515 1355 1585 τόμῳ,
1401 1514 1561 1580 δόξαν
1599 1513 1651 1567 oi

133 1612 234 1680 πρὸς
268 1606 520 1677 βασιλέως
576 1608 743 1661 αὐτὸν
785 1608 1010 1678 τεθῆναι
1062 1608 1147 1664 ἆτ’
1185 1607 1481 1681 ἀπόρρητά
1525 1623 1651 1661 τινα

131 1700 416 1771 περιέχοντα,
451 1700 626 1770 μηδὲν
651 1688 1218 1773 πολυπραγμονῆσας.
1255 1703 1331 1773 μὴ
1356 1702 1650 1770 ἀναγνοὺς.

129 1792 185 1857 ὡς
204 1786 326 1862 εἶχεν
346 1791 402 1856 ἐξ
420 1791 620 1863 αὐτῆς,
651 1793 825 1858 οὕτως
852 1796 1152 1865 ἐγχειρίζει
1172 1795 1249 1865 τῷ
1277 1795 1505 1866 βασιλεῖ.
1539 1796 1651 1851 Καὶ

3222 370 3399 438 634.

1752 590 1815 645 τὸ
1847 590 1981 660 περὶ
2002 590 2222 657 ἑαυτοῦ,
2257 589 2485 661 βασιλέα
2516 589 2607 642 καὶ
2638 586 2811 641 ταῦτα
2848 585 3002 649 δντα,
3040 582 3261 646 ειδέναι,
3289 576 3334 650 ᾧ
3364 640 3369 644 ,

1753 685 1834 740 ένι
1873 684 1974 755 μὲν
2007 686 2105 741 καὶ
2144 683 2437 747 κολακείας
2478 679 2869 753 ὲνεὸρευούσης
2914 677 3068 748 παρὰ
3104 674 3333 746 μηδενὸς

1755 778 1983 833 ἀκούειν
2011 778 2080 832 τὰ
2113 776 2377 844 δοκοῦντα
2412 774 2691 844 ξύμφορα,
2722 772 2788 843 ῆν
2821 770 2870 823 οί
2911 767 3064 839 παρὰ
3103 766 3332 837 γνώμης

1753 867 1887 937 εἶεν,
1919 871 1999 924 ἔνι
2027 870 2083 924 δὲ
2115 870 2211 924 καὶ
2240 870 2446 940 κράτος
2488 866 2674 937 ίσχύος
2714 865 2774 930 ἐξ
2803 863 3114 932 ἀξιώματος
3147 861 3210 913 τὸ
3237 859 3334 914 θει-

1751 963 1914 1034 λητδν
1963 964 2020 1027 ἐς
2058 963 2209 1018 ἅπαν
2262 960 2630 1031 ἐξομαλίζειν,
2684 957 2915 1028 μηδενὸς
2956 952 3332 1018 άντιξοοῦντος

1751 1058 1839 1113 διὰ
1867 1058 1966 1129 τὴν
2004 1060 2072 1112 ὲκ
2104 1055 2399 1127 συνηθείας
2434 1052 2737 1124 ὑποστολὴν
2774 1049 2866 1104 τοῦ
2905 1049 2982 1119 μὴ
3024 1048 3205 1102 δοκεῖν
3236 1044 3335 1115 βα-

1755 1152 1898 1204 σιλεῖ
1931 1150 2324 1222 προσκρούειν,
2359 1149 2477 1213 πῶς
2524 1148 2587 1202 οὺ
2641 1144 2938 1217 μανθάνειν
2973 1142 3229 1194 κάκεῖνον
3270 1135 3332 1189 τὸ

1753 1247 1991 1317 πρᾶγμα
2047 1243 2338 1314 γλίχεσθαι
2388 1240 2773 1313 παρεσκεύαζε
2823 1237 2917 1290 τὸν
2951 1235 3174 1290 τοιαῦτα
3209 1229 3331 1285 τολ-

1756 1338 1985 1409 μῶντα;
2036 1337 2201 1391 Ἀλλὰ
2244 1336 2421 1390 ταῦτα
2472 1334 2573 1404 μὲν
2622 1336 2680 1389 ὲν
2728 1330 3111 1404 παρατηρήσει
3164 1324 3332 1379 ἐτίθει

1753 1432 2067 1502 άνίχνευτον
2102 1433 2193 1484 τὸν
2222 1429 2549 1501 δεδρακότα.

1789 1542 1864 1632 ς’..
1896 1567 2036 1638 Περὶ
2059 1568 2171 1637 τῆς
2211 1565 2515 1630 Μαδύτου,
2541 1563 2622 1630 ὡς
2656 1561 2815 1617 ἑάλω
2848 1557 3292 1627 Ἀμογαὸἁροις.

1824 1705 1888 1761 Ol
1914 1704 1971 1758 δι
2008 1702 2406 1773 Ἀμογάδαροι,
2437 1701 2529 1764 ὡς·
2543 1697 2807 1761 πολλάκις
2830 1695 2932 1766 ἤδη
2966 1693 3330 1766 προείπομεν.

1754 1798 2038 1860 ἐκθέοντες
2086 1794 2366 1865 πανταχοῦ
2404 1795 2498 1848 καὶ
2547 1792 2617 1846 τὰ
2654 1792 2807 1845 δεινὰ
2852 1788 3159 1856 Ῥωμαίους
3188 1783 3334 1837 τιθέ-

128 1886 172 1957 δὴ
194 1886 315 1953 ἔδοξε
341 1887 439 1956 μὲν
470 1888 537 1940 ἐκ
590 1887 687 1941 τοῦ
730 1889 1047 1958 παραυτίκα
1082 1865 1286 1957 ἀγνῶτί
1321 1889 1648 1960 ἐγχειρίζων
1682 1865 1723 1920 Β
1756 1907 1911 1959 μενοι
1948 1887 2371 1959 περικαθίζουσι
2398 1884 2660 1957 φρούριον
2688 1884 2817 1953 περὶ
2843 1882 2934 1935 τόν
2970 1880 3129 1947 Σιγὸν
3166 1894 3334 1931 ποτα-

132 1979 244 2045 ξένον
266 1994 314 2031 τι
338 1977 430 2030 καὶ
457 1978 749 2048 φροντίδος
771 1978 923 2045 ἄξιον
958 1979 1346 2050 ἐργαζόμενος,
1374 1982 1423 2033 εί
1455 1978 1515 2033 ὃν
1548 1978 1646 2049 βα-

132 2068 263 2132 σιλιὺς
282 2069 371 2123 οὐκ
394 2068 511 2140 ⁴εῖδει
542 2069 796 2137 τεθέντα,
824 2071 900 2134 ὡς
933 2072 1078 2125 θέντι
1118 2072 1170 2127 οἱ
1202 2071 1457 2144 παρέχοι.
1495 2070 1648 2135 Τέως

134 2159 329 2215 ίὶλεδὼν
366 2159 634 2230 βασιλεὺς
678 2166 772 2216 καὶ
798 2164 899 2233 τὴν
939 2163 1114 2235 ἀρχὴν
1148 2164 1397 2231 διελθὼν,
1429 2164 1490 2219 τὸ
1538 2166 1648 2218 πᾶν

138 2253 201 2319 τῆς
216 2250 410 2320 γραφῆς
452 2251 532 2315 ὡς
565 2254 633 2307 ὲκ
666 2255 980 2325 κρασπέδου
1012 2255 1077 2307 τὸ
1121 2253 1349 2324 ὕφασμα
1374 2255 1646 2321 κατενόει,

134 2343 363 2398 κάντεῦθεν
412 2348 628 2416 μεταξὺ
661 2348 756 2400 τοῦ
794 2346 972 2401 θέλειν
999 2349 1204 2418 γνῶναι
1241 2352 1334 2403 καὶ
1370 2348 1448 2419 μὴ
1474 2349 1550 2412 ὡς
1586 2349 1649 2403 τὸ

127 2440 231 2501 ιικδς
258 2437 577 2511 γιγνόμενος
609 2439 762 2494 δεινὰ
802 2443 980 2494 ἐποίει
1017 2443 1112 2494 καὶ
1139 2443 1196 2495 ἐν
1240 2442 1512 2513 ἀμηχάνῳ
1554 2437 1644 2512 ἦν.

124 2532 167 2586 ει
185 2533 269 2603 γὰρ
292 2532 489 2596 πάντες
533 2531 822 2606 ἄνθρωποι
856 2533 951 2588 τοῦ
975 2535 1180 2588 ειδέναι
1214 2534 1375 2605 φύσει
1396 2534 1644 2606 μόρέγον·

316 2717 398 2773 “5.
428 2717 508 2773 De
549 2719 730 2774 libello
765 2721 974 2790 famoso
1011 2725 1146 2777 ctam
1185 2724 1359 2794 jacio.

170 2810 289 2867 inter
313 2811 423 2868 hac
464 2812 715 2869 famosus
748 2812 962 2871 libellus
994 2814 1186 2884 plenus
1231 2816 1487 2873 irrisione
1510 2815 1649 2885 jaci<

120 2910 196 2959 tur.
218 2902 335 2956 clum
364 2903 452 2973 qui
478 2905 676 2974 jacere
708 2921 877 2961 ausus
899 2918 1001 2972 est,
1034 2921 1162 2961 cum
1196 2907 1358 2963 aliter
1381 2922 1489 2963 non
1520 2922 1649 2979 spe-

121 2996 295 3051 raretin
319 3011 508 3051 manus
547 2998 920 3067 imperatoris,
961 2998 1108 3068 quod
1146 2998 1423 3070 cupiebat,
1455 3011 1649 3058 ventu-

116 3103 223 3151 rum.
248 3090 349 3155 ipse
377 3088 575 3157 furtim
597 3089 651 3144 iu
671 3090 859 3144 intima
885 3090 1069 3161 palatii
1091 3092 1369 3149 conclavia
1396 3106 1648 3164 penetra-

1752 1986 1853 2054 μὸν
1888 1982 2142 2039 Μάδυτον
2166 1981 2451 2052 ἐγχωρίως
2482 1979 2801 2046 λεγόμενον.
2835 1975 2901 2048 [Ρ
2935 1973 3064 2045 4οη
3107 1972 3334 2042 Ὀχυρδν

1749 2073 1808 2128 δὲ
1844 2071 1927 2137 ὃν,
1953 2071 2029 2135 ὡς
2055 2070 2226 2134 είκδς,
2269 2071 2330 2125 οὐ
2359 2069 2591 2123 δυνατὸν
2625 2063 2694 2138 ἦν
2734 2067 2916 2130 αὐτοῖς
2965 2062 3333 2136 κρατηθῆναι.

1752 2166 2153 2237 Πολιορκήσεις
2185 2163 2242 2217 δὲ
2274 2161 2398 2217 καθ’
2433 2161 2674 2230 ἑκάστην
2705 2159 2986 2221 ποιοῦντες
3018 2158 3113 2211 καὶ
3153 2173 3337 2227 μηχαο

1751 2258 1870 2322 νὰς,
1929 2257 2001 2310 τὰ
2049 2258 2230 2311 πάντα
2288 2257 2496 2325 μάταια
2542 2252 2902 2320 διεφαίνοντο.
2947 2251 3102 2303 Ἐπεὶ
3141 2249 3200 2303 δὲ
3261 2252 3336 2319 μὴ

1754 2350 1963 2406 ἀνυστά
1988 2350 2101 2412 τοῖς
2153 2345 2374 2411 Ἰταλοῖς
2402 2342 2495 2418 ἦν,
2524 2343 2671 2415 λιμῷ
2702 2344 2763 2398 τὸ
2793 2341 3056 2413 φρούριον
3086 2341 3337 2409 ἔγνωσαν

1754 2444 2091 2514 πολιορκεῖν.
2140 2441 2351 2513 Χρόνου
2399 2438 2694 2510 τοιγαροῦν
2723 2437 3067 2508 ,τριϐομένου
3106 2437 3134 2488 ό
3177 2431 3336 2502 λιμὸς

1754 2537 1905 2600 ἐντὸς
1935 2535 2218 2608 sperati);
2253 2535 2550 2606 ἐπήρχετο,
2586 2532 2726 2587 ὥστε
2756 2531 2851 2585 καλ⁵
2877 2530 2984 2584 τῶν
3018 2516 3340 2599 άπηγορευὲ

1750 2739 1870 2793 qum
1901 2738 1931 2778 a
1962 2719 2109 2775 nullo
2139 2722 2379 2789 unqtram
2425 2717 2689 2773 audisset.
2719 2714 2836 2770 Non
2861 2713 3007 2793 enim
3056 2709 3338 2781 praesentis

1751 2832 1887 2873 voce
1917 2814 2156 2869 auctoris
2186 2815 2236 2867 in
2293 2811 2596 2879 principum
2647 2823 2806 2863 aures
2865 2781 2971 2861 niEi
3021 2802 3208 2859 laudes
3271 2813 3335 2855 ac

1751 2908 2017 2979 pracouia
2048 2906 2418 2976 perferuntur,
2474 2903 2620 2957 circa
2672 2901 2895 2955 thronos
2958 2898 3143 2968 utique
3194 2893 3341 2964 ipso-

1754 3015 1870 3059 rum
1897 2998 2211 3055 adulatione
2238 2996 2573 3058 subsidente,
2603 2994 2917 3061 liberaeque
2949 2989 3107 3059 longe
3154 2986 3338 3040 moni-

1753 3092 1929 3149 tiones
1964 3101 2207 3155 arcente,
2238 3089 2364 3143 dum
2392 3101 2582 3140 omnes
2603 3084 2712 3140 illic
2761 3083 3013 3137 certatim
3068 3078 3335 3134 obsecun-

116 3184 187 3247 ιιι,
216 3181 458 3236 simulans
513 3197 579 3236 se
615 3181 804 3250 alium,
831 3192 887 3237 et
930 3185 983 3239 in
1038 3184 1177 3256 ipso,
1224 3185 1314 3242 ubi
1359 3187 1720 3260 considerec
1752 3188 1884 3240 dant
1921 3182 2254 3239 dominantis
2305 3178 2550 3244 nutibus,
2607 3185 2911 3242 cunctaque
2935 3185 3032 3227 sua
3100 3170 3166 3224 ad
3219 3166 3337 3236 ejus

113 3275 335 3344 Augustus
360 3275 601 3338 solebat,
631 3281 828 3331 throno
850 3276 1145 3348 deposuit;
1171 3279 1399 3335 multam
1421 3279 1474 3333 in
1497 3279 1647 3335 aditu
1752 3279 1956 3349 quaevis
1979 3274 2180 3332 indicia
2212 3273 2504 3329 voluntatis
2525 3283 2684 3326 sensa
2722 3267 2907 3323 statim
2957 3274 3013 3319 et
3064 3260 3336 3329 obsequia

110 3376 150 3421 et
176 3380 387 3434 recessu,
420 3368 607 3440 capite
650 3367 900 3424 videlicet
949 3368 1239 3439 diligenter
1270 3370 1532 3440 obnupto,
1582 3371 1649 3428 ad

112 3458 339 3516 latendum
369 3475 568 3516 curam
594 3459 883 3518 adhibens.
913 3461 1184 3519 titantem
1200 3467 1279 3518 ‘éo
1314 3464 1477 3533 paulo
1501 3471 1648 3535 post.

111 3560 233 3617 prout
256 3563 366 3609 erat
393 3568 545 3624 sepe
574 3553 793 3620 solitus,
826 3553 1119 3624 pra-fectus
1157 3556 1393 3613 cubiculi
1424 3557 1648 3612 Chatti-

110 3657 177 3697 res
223 3645 399 3713 subiit,
461 3644 730 3702 familiari
790 3646 1102 3702 ministerio
1154 3648 1327 3704 sedile
1383 3650 1649 3719 principis

108 3734 447 3804 adornaturus,
481 3738 540 3793 in
578 3753 686 3809 quo
717 3736 929 3794 solebat
959 3754 1081 3795 esse
1115 3738 1372 3809 diligens,
1415 3741 1650 3797 incurrit

110 3827 654 3922 iu_|ibellnm;'qnem
682 3846 716 3887 a
761 3847 866 3886 non
907 3831 1016 3888 alio
1052 3847 1216 3905 quam
1248 3820 1647 3909 ipso’Augusto

107 3919 309 3979 relictum
341 3919 458 3978 illic
482 3932 805 3988 antmnans,
844 3933 897 3980 et
930 3925 1134 3981 veritus
1182 3939 1251 3978 ne
1281 3939 1481 3980 arcana
1510 3939 1646 3980 con-

111 4012 267 4068 tineret
301 4030 420 4083 quae
453 4014 683 4070 minime
721 4015 764 4069 is
794 4015 955 4072 vellet
980 4018 1236 4088 cognosci
1281 4035 1310 4070 a
1348 4032 1645 4088 quoquam.

109 4102 148 4161 vi
180 4107 462 4163 curiositali
498 4107 664 4180 577
700 4108 838 4164 facta
879 4110 1257 4174 convolutum,
1294 4119 1353 4166 ut
1375 4121 1517 4175 erat,
1550 4125 1650 4166 nec

108 4198 170 4253 vel
188 4201 418 4273 coniectu
451 4202 606 4258 intus
641 4202 782 4258 oculi
810 4203 1059 4269 libatum,
1088 4219 1250 4273 quam
1272 4204 1448 4273 putuit
1471 4202 1647 4262 Celer-

105 4292 214 4349 riiue
235 4294 548 4367 imperatori
584 4295 810 4351 tradidit
848 4295 902 4350 in
953 4311 1167 4351 manus.
1210 4294 1271 4351 In
1309 4312 1416 4366 quo
1442 4298 1534 4353 ille
1571 4298 1650 4353 vi—

104 4385 191 4440 deri
230 4379 398 4457 potuit
444 4386 605 4459 quasi
641 4387 938 4442 sedulitate
968 4386 1138 4442 nimia
1185 4402 1471 4457 peccasse.
1511 4391 1648 4446 scri-

105 4487 225 4545 ptum
265 4481 507 4550 ignotum
533 4492 586 4536 et
622 4479 764 4534 forte
802 4479 1073 4551 ingratum
1106 4481 1340 4538 reddens
1388 4483 1643 4554 principi,

104 4574 220 4640 quod
236 4573 280 4628 ei
306 4573 572 4630 occultari
606 4574 812 4644 quietis
837 4574 1007 4645 ipsius
1038 4574 1353 4643 interesset,
1386 4584 1643 4646 tanquam

103 4664 315 4723 videlicet
350 4667 419 4722 ab
463 4668 585 4736 ipso
612 4667 888 4737 positum;
916 4668 1060 4736 quod
1109 4683 1210 4724 nec
1258 4685 1448 4725 verum
1477 4683 1643 4734 esset,

103 4772 179 4812 nec
202 4759 312 4818 sine
349 4768 671 4832 argumento
705 4770 800 4825 ant
847 4760 1170 4816 testimonio
1205 4761 1401 4817 idoneo
1426 4764 1574 4819 credi
1609 4778 1641 4817 a

102 4851 331 4921 prudente
377 4854 632 4911 ministro
694 4854 996 4909 debuisset.
1053 4851 1189 4915 Utut
1237 4855 1332 4918 sit,
1373 4856 1644 4926 explicato

102 4942 341 5014 Augustus
375 4946 676 5014 volumine,
701 4956 754 5001 et
785 4946 985 5017 primis
1016 4948 1215 5017 raptim
1272 4948 1435 5004 oculo
1467 4948 1642 5003 versi-

103 5033 182 5091 bus
206 5039 460 5103 decursis,
488 5054 664 5108 genus
691 5048 748 5093 et
796 5049 1179 5109 argumentum
1237 5042 1426 5110 scripti
1462 5049 1636 5096 totum

103 5127 352 5195 intellexit,
384 5132 533 5185 velut
561 5145 628 5185 ex
665 5129 863 5185 lacinia
898 5132 965 5187 de
994 5133 1161 5201 panni
1194 5134 1453 5187 universo
1505 5148 1639 5197 con-

104 5225 226 5271 textu
248 5224 545 5278 :estimans.
596 5219 739 5278 Hinc
789 5222 942 5277 illum
991 5223 1138 5277 acris
1177 5224 1404 5279 incessit
1442 5226 1639 5297 cupido

104 5315 322 5369 noscendi
351 5315 658 5385 scriptoris,
686 5330 795 5385 quo
822 5315 874 5369 in
899 5316 1256 5384 disquirendo
1287 5333 1408 5372 cum
1442 5334 1635 5387 parum

104 5403 375 5474 proﬁceret,
447 5408 737 5476 indignans
797 5408 1136 5481 ringensque
1180 5409 1503 5479 angebatur.
1573 5410 1634 5466 Si

102 5498 217 5557 enim
239 5515 423 5556 omnes
450 5501 698 5559 homines
724 5511 917 5563 natura
971 5503 1114 5558 scire
1178 5483 1516 5572 desiderant,
1580 5514 1636 5563 nt

104 5599 234 5652 quam
255 5605 315 5644 ex
349 5606 450 5644 usu
482 5606 737 5649 sensuum
766 5592 1075 5662 percipiunt
1125 5593 1415 5650 delectatio
1470 5605 1636 5655 testa-

105 5685 189 5745 tur,
225 5682 413 5737 mirum
446 5699 546 5739 non
571 5697 655 5740 eat
690 5684 1072 5754 imperatorem
1103 5696 1211 5741 tam
1240 5687 1464 5745 incensa
1506 5699 1638 5745 tunc

107 5767 239 5825 fuisse
260 5787 508 5842 punctum
533 5777 851 5835 curiositate
896 5781 1284 5851 cognoscenda:
1330 5782 1405 5836 rei
1457 5782 1524 5836 ad
1577 5800 1638 5839 se

102 5867 387 5928 Pertinentis
418 5869 622 5939 intime,
649 5869 884 5929 hominis
913 5872 1009 5953 qui
1053 5872 1154 5930 sibi
1176 5874 1386 5945 primus
1430 5876 1635 5937 diceret

1752 3370 2036 3435 inclinant,
2073 3366 2288 3424 nemine
2320 3365 2550 3423 frontem
2579 3360 2863 3417 adversam
2900 3370 3179 3427 opponere
3201 3369 3325 3408 sus-

1754 3464 1957 3519 tinente
1979 3471 2092 3527 aut,
2123 3460 2266 3531 quod
2307 3457 2652 3512 temerarium
2686 3462 2742 3509 et
2786 3450 3004 3507 audenti
3050 3447 3338 3505 exitiosum

1754 3567 2030 3621 censetur,
2062 3551 2350 3625 patentiori
2381 3564 2565 3605 coram
2603 3546 2798 3605 obniti.
2852 3544 2958 3599 lsta
3015 3541 3177 3613 igitur
3236 3556 3340 3594 no-

1750 3651 1894 3703 vitas
1925 3664 2101 3704 rerutn
2133 3647 2344 3701 lurtivte
2374 3644 2501 3697 huic
2532 3640 2821 3697 inditarum
2873 3637 3076 3691 charta:
3122 3633 3341 3688 Andro-

1751 3744 1934 3797 nicum
1966 3737 2364 3795 stitnulabutiu
2412 3734 2763 3807 cupiditatem
2826 3730 3033 3786 sciendi
3090 3728 3339 3799 quisnam

1753 3833 1840 3888 hic
1873 3830 2087 3886 tandem
2115 3838 2258 3884 esset
2289 3842 2395 3883 non
2421 3826 2580 3880 modo
2600 3838 2798 3880 censor
2825 3824 3018 3886 audax,
3056 3820 3150 3875 sed
3175 3818 3339 3873 etiam

1750 3937 1969 3977 amarus
1997 3922 2189 3976 irrisor
2214 3918 2322 3974 sui.
2355 3917 2423 3970 At
2448 3918 2556 3972 isto
2602 3916 2722 3984 ipso
2762 3927 2882 3968 sese
2937 3910 3154 3966 indiciis
3211 3905 3342 3962 elle-

1752 4026 1906 4070 rente
1931 4010 2194 4083 principis
2220 4011 2401 4067 studio
2428 4011 2473 4064 is
2502 4007 2594 4077 qui
2626 4006 2881 4061 conscius
2911 4004 3013 4059 sibi
3061 4010 3181 4055 erat
3236 4015 3339 4052 an-

1750 4108 1932 4178 cipitis
1959 4105 2109 4170 facti,
2140 4103 2206 4158 ad
2233 4117 2354 4158 sese
2384 4101 2596 4157 cautius
2621 4099 2832 4155 scilicet
2892 4094 3336 4149 abscondendqu
3438 4132 3445 4139 .

1751 4198 2099 4262 incitabatur;
2123 4193 2267 4264 quod
2298 4204 2434 4250 etes
2473 4199 2597 4248 voto
2648 4197 2932 4245 assecutus
2988 4197 3180 4239 omnes
3224 4196 3341 4235 Sese

1750 4289 2197 4360 investigantium
2253 4286 2629 4358 indagationes
2738 4294 2955 4348 semper
3032 4276 3342 4347 incOgnitus

1747 4382 1931 4439 elusit.

1678 4536 1723 4593 ι)
1821 4521 1876 4576 ϐ.
1912 4519 1989 4576 De
2017 4518 2258 4590 Madyto,
2294 4527 2352 4574 ιιι
2385 4526 2544 4588 capta
2581 4516 2743 4587 luerit
2793 4513 2858 4568 ab
2890 4509 3268 4585 Λυκίοισι-ξε.

1853 4657 2019 4729 578
2051 4659 2113 4711 At
2143 4655 2493 4728 Amogabari,
2524 4664 2581 4709 ut
2606 4654 2802 4724 saepius
2823 4650 2933 4720 iam
2981 4660 3142 4704 antea
3195 4648 3341 4703 dixi-

1748 4766 1893 4817 mus,
1926 4765 2362 4822 quoqnoversnm
2392 4757 2747 4803 cxcurrentes
2777 4757 2832 4801 et
2883 4744 3164 4799 Ruttiunos
3223 4743 3340 4796 dire

1748 4853 2031 4908 vexantes,
2066 4841 2351 4897 obsidione
2380 4839 2613 4908 cingunt
2650 4852 2830 4893 arcent
2861 4837 2990 4904 Sigo
3020 4833 3167 4888 enini
3197 4831 3339 4887 adsi-

1748 4947 1884 5000 tam,
1916 4935 2077 5005 vulgo
2103 4933 2375 5005 Madytum
2429 4940 2700 4987 vocatam.
2769 4927 2971 4986 Verum
3030 4929 3145 4983 haec
3200 4925 3337 4980 adeo

1750 5030 1952 5084 munita
1979 5039 2097 5084 erat
2126 5038 2185 5084 ut
2217 5028 2418 5082 frustra
2468 5030 2648 5080 omnia
2695 5033 2848 5081 esset
2910 5021 3339 5094 Oppuguantium

1747 5124 1921 5193 labor,
1951 5134 2224 5194 utcunque
2257 5121 2329 5176 illi
2379 5118 2710 5190 quotidianis
2762 5117 3076 5178 assultibus,
3132 5112 3341 5169 machi-

1748 5220 1830 5275 nis
1860 5220 1991 5289 quin
2016 5218 2183 5271 etiam
2218 5212 2503 5278 adhibitis,
2533 5211 2664 5266 nihil
2694 5210 3008 5267 omitterent
3042 5205 3184 5271 quod
3210 5204 3259 5259 ei
3288 5202 3337 5254 vi

1748 5309 2061 5379 subigenda:
2086 5316 2274 5379 posset
2300 5303 2431 5359 utile
2457 5302 2649 5359 videri.
2679 5300 2861 5369 Quare
2896 5299 3111 5354 tandem
3149 5298 3339 5351 decre—

1745 5413 1966 5465 verunt,
2000 5416 2137 5472 quos
2173 5412 2487 5469 expugnare
2517 5398 2685 5452 armis
2711 5395 3019 5465 nequirent.
3067 5388 3210 5445 fame
3249 5388 3343 5443 dc-

1749 5496 1969 5551 bellare.
2005 5494 2101 5548 Diu
2127 5507 2258 5561 ergo
2287 5490 2756 5556 circumsidentes,
2783 5487 2931 5544 omni
2972 5483 3121 5539 aditu
3183 5496 3341 5535 cum-

1748 5586 2015 5642 mcatibn's
2037 5585 2281 5653 ubsepto,
2308 5597 2374 5640 eo
2404 5581 2644 5652 penuria:
2660 5579 2999 5649 Madytenses
3017 5574 3340 5643 redegerunt

1750 5693 1810 5740 ut
1831 5684 1943 5752 iam
1971 5696 2061 5737 res
2093 5694 2311 5752 quoque
2334 5678 2507 5734 fmdas
2532 5689 2587 5732 et
2620 5686 2826 5732 natura:
2887 5676 3138 5727 humanae
3186 5669 3343 5725 fusti-

1747 5778 1892 5834 ditas
1918 5784 2130 5831 vertere
2181 5773 2235 5829 in
2276 5773 2457 5829 cibum
2498 5771 2828 5826 dicerentur:
2882 5765 3145 5821 Processu
3200 5771 3341 5815 tem-

1690 5910 1699 5917 .
1745 5873 1892 5943 poris
1918 5886 2042 5929 cum
2078 5879 2358 5928 crescente
2397 5866 2720 5925 necessitate
2762 5877 2888 5933 spes
2934 5856 3162 5916 subsidii
3209 5852 3340 5916 deﬂe
