3848 6554
415 368 522 432 639

1605 381 1929 444 GEORGII
1960 384 2438 448 PACHYMERE

3549 391 3639 456 650

418 489 514 542 καὶ
557 488 760 558 μᾶλλον
790 489 868 554 είς
899 491 1210 546 τούναντίον
1244 493 1596 561 συνέπιπτεν,
1642 500 1716 563 ὼς
1758 501 1851 554 ἐπὶ
1881 503 1996 568 τοῖς
2028 515 2069 572 Α
2103 505 2290 560 πολλοὶ
2325 485 2424 569 τῆς
2460 503 2648 564 νυκτὸς
2680 501 3083 574 ξυνδραμόντες
3105 501 3321 572 ἐκείνης
3354 503 3452 566 τὰς
3480 510 3640 572 θυσίας

417 583 561 644 ὅλοις
596 583 687 635 ἐπὶ
738 583 929 638 τούτου
978 586 1047 639 τὰ
1088 586 1382 656 Ῥωμαίων
1427 590 1726 661 ἐφθάρθαι.
1752 594 1880 647 ὅσον
1918 598 1997 657 εἰς

419 677 694 746 διέγερσιν
722 679 796 748 τῷ
844 677 1020 742 οὕτως
1067 681 1477 752 αὐτονομοῦντι.
1514 684 1680 739 Ὥστε
1714 686 1808 740 xui.
1848 691 1904 740 ἐν
1935 687 2000 760 [Ρ

420 769 546 842 407]
581 772 680 842 μιᾷ
727 770 1050 837 λιτανεύσας
1095 775 1217 828 κατ’
1254 776 1427 848 αὐτὴν
1471 776 1688 848 ἡμέραν
1739 780 1998 850 ἑσπέρας,

419 864 528 916 ἀπὸ
557 864 657 930 τῆς
690 865 800 918 τῶν
833 867 1087 933 κυνηγῶν
1121 865 1425 938 λεγομένης
1475 869 1652 940 πύλης
1703 872 1866 942 μέχρι
1907 874 2002 926 καὶ

422 956 522 1024 τῆς
568 957 660 1010 τοῦ
703 957 1021 1028 Προδρόμου
1080 958 1267 1028 μονῆς,
1330 962 1511 1013 πᾶσαν
1562 967 1661 1030 τὴν
1725 962 2004 1034 ὑπώρειαν

419 1050 638 1120 ἐκείνην
683 1049 744 1102 τδ
801 1049 913 1121 πῦρ
963 1051 1226 1104 ἐπιλοϐὸν
1289 1054 1646 1122 ἐτιημάθυνε,
1697 1056 1927 1110 πλοῦτον
1958 1056 2002 1110 δ’

422 1142 631 1194 ἐκεῖνον
669 1141 795 1194 ὅσον
844 1144 1149 1214 ὲμπορικῖν
1181 1145 1275 1196 καὶ
1328 1147 1512 1198 πᾶσαν
1567 1146 1733 1217 ἀλλην
1779 1148 2005 1200 πολυτέο

421 1232 572 1284 λειαν
597 1234 836 1301 εὐγενῶν
862 1237 943 1299 είς
970 1235 1030 1287 τὸ
1067 1237 1237 1304 μηδὲν
1268 1238 1637 1305 ἀπηκόντισεν
1659 1279 1673 1292 .
1727 1237 1785 1291 ’0
1815 1240 1877 1307 δὴ
1913 1239 2005 1292 καὶ

425 1326 694 1396 πρᾶτερον
727 1328 818 1380 ἐπὶ
841 1327 941 1396 τῆς
962 1327 1130 1381 αὑτοῦ
1157 1332 1530 1400 πατριαρχίας
1551 1330 1787 1397 ἐγένετο.
1819 1330 2004 1402 Ταύτῃ

421 1433 505 1467 τοι
541 1417 636 1470 καὶ
665 1417 1090 1488 διελοιδοροῦντό
1121 1437 1266 1482 τινες
1303 1420 1378 1482 ὡς
1423 1421 1512 1474 διὰ
1556 1421 1656 1490 τὴν
1687 1421 1896 1475 ἐκείνου
1929 1423 2008 1474 λι-

423 1509 649 1564 τανείαν
676 1511 1005 1580 γεγενῆσθαι
1033 1512 1131 1582 τὴν
1155 1513 1424 1584 τοσαύτην
1454 1514 1820 1585 πυρπόλησιν.
1865 1516 1925 1568 Ὀ
1949 1516 2007 1569 δὲ.

423 1601 523 1668 τὴν
567 1600 796 1654 ἐκείνων
849 1603 987 1672 πρὸς
1027 1606 1123 1668 τὰς
1163 1592 1405 1669 ἱκετείας
1457 1606 1748 1677 ῥᾳστώνην
1803 1613 1898 1660 καὶ
1945 1608 2010 1661 τδ

424 1694 946 1764 ὲρῤᾳστωνευμένον
1001 1694 1096 1750 τοῦ
1161 1697 1275 1768 βίου
1331 1699 1426 1753 καὶ
1477 1699 1677 1769 ἀμελὲς
1725 1701 1866 1770 ὑπὲρ
1901 1702 2008 1754 πᾶν

427 1787 556 1839 ἄλλο
603 1786 701 1853 τῆς
748 1788 1041 1860 θεομηνίας
1091 1794 1414 1862 κατῃτιᾶτο.
1473 1794 1760 1861 Ὀπνὶτεροι
1817 1793 1872 1848 δὲ
1913 1793 2007 1847 τοῦ

2101 599 2210 654 τῶν
2231 599 2536 670 ἀνθρώπων
2558 598 2851 667 ἐξεφὸρουν
2875 596 3274 666 διαρπάζοντες
3293 611 3307 625 ο
3329 599 3361 666 ἡ
3383 597 3488 668 γὰρ
3512 602 3641 652 πᾶσα

2103 686 2286 757 κρίσις
2327 687 2569 757 ἀρχῆθεν
2620 685 2698 757 τῷ
2727 685 3048 757 πατριάρχῃ
3083 686 3522 756 προσανετίθετο,
3562 691 3641 742 τοῦ

2109 776 2373 847 βασιλέως
2403 776 2666 841 ἐνδόντος,
2687 777 2764 846 τῷ
2796 778 2893 846 μὲν
2913 778 3228 848 φαινομένῳ
3247 778 3331 830 διὰ
3359 779 3417 830 τὸ
3437 780 3646 850 καθαρὸν

2105 869 2216 922 τῶν
2254 869 2584 940 λημμάτων,
2621 869 2699 940 τῷ
2731 870 2775 924 δ’
2808 871 3191 940 ὑπονοουμένῳ
3232 873 3291 924 τὸ
3317 872 3426 924 ἀπὸ
3451 874 3648 926 πάντων

2103 959 2307 1015 αἰδοῖον
2339 963 2432 1014 καὶ
2468 962 2702 1033 φοϐερὸν
2734 963 3151 1033 περιποιοῦντος
3192 963 3270 1033 τῷ
3302 965 3555 1034 κρίνοντι,
3589 968 3650 1030 ὠς

2105 1050 2360 1105 ἐντεῦθεν
2382 1054 2462 1118 κὲκ
2492 1055 2709 1123 πρωῖας
2741 1054 2935 1123 μέχρις
2971 1055 3212 1126 ἑσπέρας
3244 1055 3652 1124 ὀχλαγωγεῖσθαι

2104 1144 2196 1196 τὸν
2227 1144 2399 1214 ἱερέα,
2435 1145 2595 1215 ὄχλου
2633 1147 2831 1217 μυρίον
2864 1147 2958 1200 ἐπὶ
2985 1150 3085 1216 τὴν
3118 1149 3286 1217 μονὴν
3319 1147 3410 1199 τοῦ
3443 1149 3652 1216 μεγάλου

2103 1234 2472 1306 λογαριαστοῦ
2521 1240 2661 1308 (ἐκεῖ
2690 1239 2799 1310 γὰρ
2833 1242 2894 1293 ὲκ
2926 1239 3021 1294 τοῦ
3058 1241 3151 1293 ἐπὶ
3189 1239 3441 1292 πλεῖστον
3469 1241 3654 1312 δῆγεν)

2111 1326 2293 1381 ίλαδὶν
2330 1330 2741 1399 συντρέχοντος.

2333 1474 2422 1522 ια’.
2468 1470 2607 1538 Περὶ
2641 1469 2748 1524 τοῦ
2781 1471 3065 1542 Ἀνδρέου
3102 1476 3474 1542 Μουρίσκου.

2180 1600 2244 1674 [Ρ
2272 1601 2398 1675 408]
2431 1603 2540 1673 Πρὸ
2563 1604 2619 1660 et
2646 1606 2740 1659 τοῦ
2773 1606 3048 1678 ἀλωθῆναι
3079 1608 3333 1662 Μάδυτον
3367 1609 3659 1680 πολιορκουο

2113 1697 2281 1767 μένην
2311 1697 2415 1749 ὑπὸ
2445 1696 2538 1750 τοῦ
2566 1699 2810 1770 Φαρέντα
2847 1701 3052 1771 Τζιμῆ,
3089 1701 3374 1769 ἐφίσταται
3397 1702 3660 1773 ἁμηράλης

2123 1789 2377 1860 Ἀνδρέας
2443 1792 2757 1862 Μουρίσκος
2825 1795 3156 1858 ἀποσταλεὶς
3218 1794 3370 1866 παρὰ
3425 1795 3660 1866 βασιλέως

427 1878 666 1949 ἀληθοῦς
697 1883 1128 1955 κατηυστόχουν,
1163 1886 1343 1954 λέγειν
1368 1888 1467 1941 οὐκ
1503 1886 1629 1956 ἔχω.
1662 1886 1805 1940 Ἀλλ’
1843 1889 2009 1957 ἁφορ-
2038 1870 2083 1930 Β
2114 1884 2464 1952 σιταρκήσων
2511 1883 2572 1936 τὸ
2623 1883 2884 1956 φρούριον
2931 1885 3298 1952 λειποσιτοῦν,
3337 1887 3547 1956 σύναμα
3586 1889 3663 1941 δῦο

432 1973 532 2034 μαὶ
563 1974 671 2026 τῶν
711 1973 1083 2048 δικαστηρίων
1111 1977 1188 2048 τῷ
1216 1980 1537 2053 πατριάρχῃ
1567 1979 1819 2033 ἐντεῦθεν
1856 1985 2010 2050 ἐσχε-

427 2064 716 2133 διάζοντο,
768 2069 830 2121 οὐ
894 2070 1055 2140 μόνον
1105 2071 1572 2141 πυρποληθέντων
1620 2072 1732 2125 τῶν
1782 2075 1840 2125 ὲν
1888 2074 2008 2137 ταῖς

430 2158 727 2228 ἐμπορίαις
782 2161 1135 2231 συμϐολαίων
1183 2165 1566 2235 γραμμάτων,
1618 2163 1734 2218 ἀλλ’
1782 2165 1867 2219 ὅτι
1915 2164 2012 2219 καὶ

436 2339 536 2392 hoc
565 2339 685 2408 ejus
720 2337 935 2394 demum
971 2341 1340 2410 patriarchatu
1375 2359 1460 2399 res
1495 2359 1705 2399 summa
1739 2344 2014 2400 Romano-

439 2449 554 2484 rum
596 2433 744 2498 prius
794 2446 1057 2487 cornttssa
1108 2434 1262 2502 plane
1302 2435 1415 2504 jam
1472 2436 2014 2507 irreparabiliterque

433 2525 754 2590 conciderit,
785 2525 899 2592 ipsa
929 2527 1094 2580 etiam
1144 2525 1301 2594 hujus
1346 2542 1539 2582 secura
1593 2528 1770 2596 legum
1816 2540 1872 2584 et
1919 2544 2016 2600 pro

433 2617 590 2670 libitu
631 2627 820 2671 ruente
860 2619 1200 2687 gubernandi
1253 2620 1426 2674 forma
1479 2622 1770 2689 impulsum
1819 2623 1868 2677 ei
1919 2637 2016 2691 pro

433 2723 527 2762 sua
577 2715 730 2776 parte
758 2709 992 2764 addente
1029 2710 1094 2764 ad
1131 2709 1341 2764 ruinam
1371 2722 1423 2765 et
1458 2711 1512 2765 in
1544 2726 1784 2781 praeceps
1827 2713 2014 2766 omnia

437 2801 703 2855 trudente.
732 2799 842 2856 Nec
872 2808 1076 2856 temere
1108 2791 1223 2867 rapi
1258 2801 1398 2858 forte
1443 2812 1607 2873 queat
1649 2805 1701 2858 in
1748 2803 1906 2870 hujus
1937 2805 2015 2859 rei

437 2891 648 2961 signum
702 2901 754 2947 et
797 2893 1074 2962 specimen
1129 2893 1339 2948 fructus
1388 2895 1613 2950 istarum
1665 2896 2016 2964 lilaniaruut,

440 2987 580 3053 quod
611 2983 841 3054 quadam
865 2985 1096 3049 dierum,
1125 3000 1231 3056 qua
1265 2987 1383 3042 illas
1416 2988 1530 3056 ipse
1563 3003 1803 3056 praesens
1822 3003 2017 3060 magno

436 3076 643 3128 ambitu
681 3075 943 3142 obiverat,
987 3077 1154 3132 ferale
1205 3080 1305 3133 sub
1356 3093 1638 3147 vesperam
1681 3079 1888 3134 exarsit
1940 3080 2020 3133 iu-

2115 1975 2342 2028 ναυσίνο
2400 1977 2496 2030 xui.
2534 1976 2598 2046 δὴ
2646 1979 2875 2039 ἐπιστὰς
2936 1979 3088 2048 μόλις
3132 1981 3345 2048 εἰσάγει
3391 1981 3483 2033 τὸν
3521 1983 3662 2034 σῖτον.

2127 2065 2368 2120 Ἐκεῖθεν
2403 2067 2449 2120 δ’
2502 2065 2660 2128 αὖθις
2697 2069 2824 2136 περί
2878 2086 2983 2122 που
3032 2069 3133 2140 τὴν
3188 2069 3417 2141 Ἴμϐρον
3457 2070 3664 2140 ὲχώρει“
3717 2077 3728 2090 ’

2111 2156 2272 2237 ,ἔτυχε
2303 2159 2413 2229 γὰρ
2443 2159 2632 2230 μαθὼν
2654 2162 2729 2223 ὡς
2760 2162 3057 2230 ἀνάγονται
3081 2163 3176 2217 δύο
3204 2163 3332 2232 νῆες
3356 2167 3420 2218 ὲκ
3442 2163 3664 2225 Σικελίας

2117 2338 2371 2408 deinteps
2399 2339 2559 2411 583
2585 2347 2642 2395 ut
2665 2340 2876 2410 propria
2901 2351 3202 2396 servantes.
3226 2341 3351 2396 lude
3372 2342 3528 2410 igitur
3553 2353 3669 2396 naue

2117 2434 2505 2488 controversiae
2520 2433 2820 2490 Athanasio
2838 2434 3197 2503 dijudicandae
3229 2434 3530 2490 veniebant.
3554 2433 3668 2488 Nam

2115 2524 2207 2595 jus
2236 2540 2398 2580 omne
2434 2526 2832 2594 arbitriumque
2876 2526 3238 2595 quaestionum
3287 2525 3578 2584 forensium
3615 2529 3671 2581 ab

2123 2616 2279 2676 initio
2315 2618 2537 2673 secundi
2575 2617 2977 2688 patriarcbatus
3012 2619 3314 2672 Athanasio
3361 2619 3415 2674 in
3462 2619 3671 2676 solidum

2121 2719 2399 2776 cesserat,
2450 2709 2759 2778 indulgente
2790 2711 3034 2780 Augusto
3075 2702 3146 2765 ub
3187 2727 3304 2765 eam
3339 2712 3587 2779 quidem,
3627 2718 3676 2764 ut

2122 2801 2290 2856 videri
2323 2803 2561 2866 volebat,
2597 2801 2888 2869 rationem,
2916 2802 3056 2870 quod
3092 2817 3120 2856 a
3151 2803 3426 2857 notissima
3455 2801 3570 2870 ejus
3597 2802 3677 2856 ab-

2121 2895 2378 2950 stinentia
2425 2911 2617 2964 puram
2667 2905 2721 2950 et
2777 2895 2976 2950 nullius
3021 2904 3325 2964 suspectam
3367 2895 3676 2964 acceptionis

2123 3003 2408 3042 munerum
2441 2989 2865 3058 exspectandam
2916 3002 3041 3044 esse
3089 2989 3524 3058 juristlictionem
3577 3000 3678 3041 cre-

2122 3080 2276 3136 deret
2310 3097 2324 3134 :
2357 3080 2450 3136 sed
2493 3096 2598 3135 non
2635 3079 2836 3135 latebat
2883 3080 3225 3150 perspicaccs
3275 3081 3384 3134 alia
3429 3080 3673 3135 occultata

437 3170 714 3235 ccudium,
746 3188 852 3242 quo
883 3189 910 3226 a
951 3183 1103 3245 porta
1152 3173 1493 3244 Cynegorum
1546 3174 1689 3227 dicta
1737 3188 1908 3242 usque
1950 3174 2015 3229 ad
2046 3218 2089 3275 ϐ
2125 3170 2440 3240 profundius
2466 3171 2623 3226 istius
2649 3169 3026 3224 altributiouis
3055 3183 3244 3223 causa.
3278 3168 3485 3237 Nempe
3517 3167 3673 3235 impe-

446 3269 830 3322 monasterium
863 3267 1172 3333 Prodrotni,
1208 3277 1354 3324 totus
1385 3267 1475 3322 ille
1507 3269 1654 3322 urbis
1698 3282 1856 3336 quam
1908 3267 2017 3324 late

444 3370 586 3426 patet
622 3360 1061 3427 frequentissime
1095 3361 1370 3415 habitatus
1402 3359 1574 3413 clivus
1609 3360 1820 3412 flamma
1865 3374 2020 3430 gras-

441 3463 593 3506 sante
630 3452 836 3507 deletus
865 3461 968 3519 est,
1000 3455 1218 3506 redacta
1253 3453 1304 3505 in
1339 3452 1575 3506 cinerem
1612 3467 1675 3506 ac
1715 3451 1872 3520 plane
1900 3467 2020 3521 per-

445 3545 552 3596 tlita
585 3545 671 3597 illa
700 3545 972 3613 opulentia
1008 3543 1119 3598 illic
1168 3555 1426 3613 congesta
1473 3545 1734 3600 mercium
1779 3559 1810 3599 e
1856 3544 2020 3614 longo

446 3639 810 3702 advectarum,
843 3637 926 3689 illa
961 3636 1357 3705 magnificentia
1387 3638 1747 3705 superbarum
1781 3638 2016 3703 aedium,

444 3729 646 3799 puriter
671 3745 775 3784 una
813 3745 934 3784 cum
966 3731 1363 3798 pretiosissima
1393 3731 1709 3801 supellectili
1740 3731 2022 3801 splendide

445 3823 498 3877 in
533 3823 599 3877 iis
629 3824 1016 3882 dirersantium
1055 3823 1315 3878 nobilium
1361 3823 1724 3892 familiarum;
1767 3824 1944 3894 qualis
1969 3833 2025 3879 et

447 3925 606 3969 antea
640 3915 921 3970 calamitas
963 3917 1062 3971 sub
1109 3917 1226 3984 ejus
1274 3919 1644 3986 patriarcbatu
1695 3917 2020 3986 contigerat.

446 4007 575 4063 Inde
623 4025 726 4064 non
759 4009 982 4066 defuere
1014 4012 1106 4080 qui
1156 4011 1458 4066 Athanasio
1488 4026 1674 4067 coram
1709 4010 1761 4065 in
1811 4025 1873 4066 os
1919 4010 2024 4080 ipsi

444 4099 774 4168 exprobrare
809 4115 916 4155 non
964 4101 1275 4156 dubitarent
1319 4101 1610 4169 praeclaras
1646 4102 1780 4156 istas
1810 4100 1928 4169 ejus
1959 4101 2021 4154 li-

450 4189 626 4244 tanias
663 4188 833 4244 facem
889 4188 1056 4244 fuisse
1101 4191 1432 4246 luculentam
1462 4207 1580 4260 quae
1623 4199 1826 4245 tantam
1865 4191 2024 4246 i5tam

449 4280 600 4335 urbis
640 4291 849 4350 partem
882 4279 1270 4337 inflammando
1305 4283 1660 4352 corrupisset.
1689 4283 1898 4349 Quibus
1940 4283 2028 4337 ille

450 4375 743 4444 reponebat
784 4391 890 4431 non
926 4375 1170 4440 litanias,
1219 4377 1312 4432 sed
1349 4376 1588 4446 ipsorum
1620 4376 1712 4446 qui
1767 4377 1846 4432 sic
1881 4393 2028 4430 mur-

451 4481 753 4535 murarent,
785 4471 834 4524 in
880 4484 944 4525 ea
980 4470 1292 4540 precatione
1325 4484 1390 4524 ac
1433 4469 1644 4523 czeteris
1689 4469 1791 4538 piis
1839 4469 2028 4526 officiis

2125 3273 2273 3319 rator
2309 3263 2582 3319 hominem
2619 3264 2794 3332 palam
2833 3277 3054 3317 exosum
3085 3301 3102 3326 ,
3149 3277 3308 3331 quem
3357 3277 3386 3314 a
3429 3260 3678 3330 popularis

2123 3357 2408 3412 insnltibus
2435 3355 2650 3411 invidiae
2685 3365 2738 3410 et
2765 3354 2999 3426 querelis
3027 3353 3550 3409 increbrescentibns
3570 3367 3684 3404 om-

2123 3452 2276 3505 nium
2307 3464 2449 3521 a'gre
2495 3457 2604 3504 tota
2639 3447 2689 3500 vi
2726 3461 2819 3500 sua
2852 3445 3166 3500 defenderet
3186 3485 3204 3511 ,
3235 3444 3448 3499 efﬁcere
3478 3445 3573 3498 hac
3602 3458 3680 3495 ra-

2125 3544 2274 3598 tione
2295 3543 2546 3598 studebat
2576 3550 2635 3596 ut
2667 3541 2913 3610 plerique
2935 3547 3327 3594 venerarcntur
3345 3546 3399 3592 et
3428 3537 3680 3596 timerent,

2124 3636 2203 3691 uti
2235 3651 2357 3691 eum
2406 3652 2436 3689 a
2486 3649 2596 3705 quo
2649 3648 2958 3704 supremam
3009 3633 3393 3686 auctoritatem
3429 3629 3683 3684 obtinente

2118 3733 2420 3804 judicandi,
2447 3747 2574 3787 suas
2598 3745 2740 3802 saepe
2770 3731 3010 3802 pendere
3038 3728 3287 3784 fortunas
3315 3729 3682 3799 intelligerent.

2124 3826 2298 3894 Quam
2342 3841 2491 3895 spem
2545 3824 2720 3894 ipsum
2768 3838 2982 3893 quoque
3017 3822 3316 3892 apparebat
3349 3822 3682 3875 Athanasium

2125 3918 2311 3989 sequi,
2343 3915 2471 3971 dum
2504 3915 2821 3972 assiduitate
2855 3913 3302 3970 constantissima
3333 3928 3503 3983 usque
3529 3927 3558 3965 ι
3583 3911 3680 3982 pri-

2132 4026 2219 4065 mo
2271 4025 2432 4064 mane
2469 4010 2535 4063 ad
2569 4007 2747 4063 noctis
2786 4005 3163 4076 crepusculum
3214 4005 3387 4060 turbis
3429 4019 3545 4060 sese
3589 4013 3686 4056 tru-

2127 4103 2380 4158 dentibus
2413 4101 2791 4156 altercantium
2823 4113 3190 4168 compressus,
3231 4111 3403 4152 sacra:
3433 4095 3685 4166 fastigium

2129 4194 2411 4265 dignitatis
2444 4191 2511 4247 ad
2545 4190 2908 4262 cognitionem
2943 4172 3246 4243 recolat-um
3278 4189 3463 4242 vitium
3504 4185 3687 4240 demit-

2132 4298 2247 4343 tere
2277 4286 2516 4358 pontifex
2553 4283 2904 4346 sustinebat,
2953 4281 3221 4336 immensa
3265 4295 3476 4350 semper
3520 4277 3686 4349 populi

2133 4383 2258 4436 lites
2289 4379 2565 4448 sequentis
2603 4377 2948 4431 multitudine
2979 4375 3045 4429 ad
3097 4375 3484 4429 monasterium
3524 4370 3688 4440 magni

2137 4475 2443 4544 logariastae
2475 4471 2572 4541 (ibi
2602 4470 2744 4524 enim
2793 4469 3113 4540 plerumque
3158 4466 3406 4538 degebat)
3454 4473 3689 4537 perpetuo

453 4562 558 4617 rite
601 4563 975 4632 persolvendis
1009 4577 1072 4616 ac
1119 4561 1408 4630 fungendis
1437 4561 1684 4630 supinam
1719 4565 2021 4616 socordiam
2059 4564 2102 4619 D
2129 4585 2247 4623 eam
2277 4567 2348 4624 ob
2379 4583 2493 4622 rem
2520 4564 2718 4619 aflluxu
2746 4574 3126 4617 concurrente.

449 4670 674 4711 causam
713 4654 946 4710 incendii
985 4652 1172 4710 fuisse.
1208 4653 1452 4708 Addebat
1485 4653 1684 4724 impetu
1714 4653 1838 4708 hinc
1869 4663 2026 4721 capto

453 4752 709 4804 ardentes
743 4747 1039 4824 invectivas
1072 4748 1124 4802 in
1163 4748 1424 4815 reliquam
1467 4761 1659 4802 eorum
1695 4747 2016 4802 dissolutum

455 4843 818 4912 voluptatibus
863 4853 918 4898 et
966 4843 1326 4912 negligentem
1377 4855 1557 4896 rerum
1607 4841 1913 4894 divinarum
1945 4839 2030 4892 vi-

451 4947 587 4998 tam,
625 4952 654 4990 e
682 4950 785 5003 qua
816 4948 978 5004 super
1006 4948 1167 4988 omne
1189 4933 1330 4986 aliud
1363 4933 1439 4986 ira
1473 4931 1564 4986 Dei
1597 4932 1827 4986 vindicis
1857 4933 1908 4986 itt
1933 4948 2032 4987 nos

450 5027 708 5083 saeviendi
741 5041 934 5081 causas
969 5027 1208 5080 duceret.
1239 5023 1356 5079 Utri
1397 5025 1588 5078 horum
1625 5039 1735 5078 rem
1771 5040 1868 5077 acu
1905 5027 2030 5079 teti-

455 5124 654 5188 gerint,
683 5120 911 5175 delinire
945 5135 1175 5187 nequeo.
1205 5119 1469 5173 Caeterum
1501 5119 1818 5172 occasiones
1855 5120 2031 5172 litium

455 5217 521 5269 ad
551 5215 776 5269 densius
807 5214 1063 5280 deinceps
1113 5213 1532 5280 constipandum
1587 5215 1909 5282 patriarchae
1953 5214 2035 5270 fo-

457 5324 574 5362 rutn
608 5308 734 5361 hinc
757 5308 1041 5368 exstitere,
1074 5321 1178 5360 non
1213 5307 1383 5360 solum
1407 5307 1658 5376 quoniam
1693 5307 2033 5376 consumptis

456 5397 778 5471 syngraphis
805 5406 860 5451 et
895 5396 1098 5451 chartis
1133 5395 1378 5466 plurimis
1414 5397 1555 5466 apud
1587 5397 1731 5450 audes
1757 5399 1878 5466 igne
1903 5412 2036 5452 cou-

454 5478 1082 5560 sumptas'mercatorum
1111 5488 1350 5542 contusae
1379 5489 1688 5544 necessario
1710 5501 1836 5542 sunt
1863 5490 2028 5543 debttt

455 5598 509 5642 et
544 5587 703 5641 soluti
739 5586 998 5647 rationes,
1032 5586 1125 5638 sed
1160 5585 1322 5636 etiam
1355 5583 1480 5652 quia
1513 5593 1672 5638 nocte
1706 5583 1796 5637 illa
1849 5577 2050 5652 plures

454 5689 846 5736 concurrentes
881 5679 1058 5750 specie
1087 5679 1496 5735 commodandae
1525 5693 1706 5747 operte
1737 5687 2031 5747 exportan-

450 5775 536 5830 dis
592 5776 644 5828 in
701 5783 872 5826 tutum
918 5773 1080 5827 rebus
1126 5772 1192 5826 ab
1241 5771 1363 5840 igne
1398 5769 1837 5838 periclitantibus
1889 5767 2034 5822 furta

451 5868 618 5922 multa
663 5865 925 5931 fecerant,
980 5865 1158 5921 aliena
1200 5865 1251 5922 iu
1324 5874 1496 5919 tomus
1529 5861 1775 5935 proprias
1821 5847 2034 5930 portata

2558 4701 2646 4757 11.
2686 4699 2761 4754 De
2790 4701 2999 4754 Andrea
3033 4697 3286 4752 .llurt'sco.

2205 4841 2361 4896 Prius
2403 4853 2564 4910 porro
2605 4853 2767 4907 quam
2801 4845 3090 4906 caperetur
3130 4834 3379 4906 Madytus
3419 4834 3628 4888 obsessa
3663 4846 3687 4882 ιι

2135 4930 2414 4985 Pltarenda
2465 4928 2674 4990 Txinte,
2715 4925 2962 4980 Andreas
3017 4925 3284 4981 Mnriscus
3335 4925 3401 4980 ad
3431 4925 3546 4994 ejus
3575 4924 3692 4978 vici—

2136 5025 2280 5078 niam
2323 5038 2383 5078 se
2417 5021 2717 5077 contulerat
2753 5019 3095 5090 imperatoris
3124 5019 3279 5088 jussu
3321 5035 3444 5074 cum
3482 5017 3691 5071 navibus

2136 5117 2371 5175 duabus.
2400 5124 2758 5178 commeatus,
2792 5113 2836 5168 si
2863 5128 2964 5181 qua
2999 5120 3200 5184 posset,
3237 5113 3620 5181 importaturus
3644 5109 3690 5161 in

2135 5207 2338 5263 arcetu'
2365 5206 2511 5260 illam
2553 5203 2936 5258 alimentorum
2979 5203 3202 5271 penuria
3244 5201 3596 5256 laborantem.
3638 5196 3692 5250 Et

2137 5303 2401 5356 hactenus
2421 5299 2637 5368 quidem
2668 5295 2953 5351 consilium
2981 5294 3272 5356 successit,
3303 5303 3382 5357 ut,
3405 5308 3541 5361 a'gre
3562 5292 3691 5351 licet,

2138 5395 2354 5448 tandem
2392 5401 2572 5446 tamen
2602 5389 2838 5456 aliquam
2880 5387 3139 5442 frumenti
3175 5389 3390 5455 copiam
3447 5385 3694 5440 ﬂorisctts

2138 5488 2195 5541 in
2223 5487 2275 5540 id
2297 5495 2534 5538 castrum
2564 5483 2904 5538 immitteret.
2933 5481 3051 5548 Quo
3075 5480 3218 5535 facto
3241 5496 3367 5535 cum
3387 5480 3451 5533 ad
3478 5479 3692 5533 Imbrum
3723 5509 3726 5514 -

2141 5579 2479 5642 recessisset,
2511 5577 2726 5646 cognito
2764 5576 2872 5631 illic
2904 5577 3040 5629 duas
3070 5573 3264 5629 adduci
3295 5570 3642 5641 Amogabaris
3671 5582 3697 5618 e

2137 5670 2322 5726 Sicilia
2359 5684 2548 5735 naves,
2590 5670 2780 5724 harum
2823 5667 3004 5721 studio
3053 5654 3608 5737 przeoccttpanttarnm
3642 5673 3700 5712 eo

2139 5780 2244 5836 qua
2273 5763 2560 5818 veniebant.
2582 5777 2800 5817 cursum
2829 5761 3080 5815 intendit.
3114 5760 3222 5813 Illa:
3257 5769 3436 5813 autem
3466 5757 3699 5810 inobser-

2143 5871 2274 5913 t'atte
2305 5857 2518 5926 longius
2566 5869 2729 5926 quant
2784 5855 2954 5909 nostri
2992 5854 3276 5910 crederent
3317 5854 3694 5922 processerant.
