3738 6542
69 415 140 480 ﬁll

83 527 453 601 ’Δμογαδᾶροις,
517 526 615 579 καὶ
658 509 1118 595 ’προκαταλαϐεῖν
1190 525 1281 576 τὶν
1342 522 1566 576 ἐκείνων
1595 524 1642 582 Α

71 621 250 676 ἔσπευδε
273 618 479 687 δρόμον.
507 617 575 669 Δί
605 616 660 670 δὲ
687 615 744 680 ἐξ
770 615 1008 684 ἀφανοῦς
1047 615 1333 686 διαδρᾶσαι
1366 617 1460 668 καὶ
1490 613 1570 682 τῷ

68 711 251 781 πορθμῷ
277 709 554 762 ἐπιστᾶσαι
587 707 724 761 κατά
746 707 846 776 τὴν
873 707 1107 760 Καλλίου
1130 705 1437 776 χειροῦνται
1471 705 1570 773 μὲν

66 807 110 870 ἐξ
131 803 288 870 ἐξόδου
323 800 549 869 ὑστέραν
591 817 697 852 των
719 800 810 852 τοῦ
839 798 1154 868 Μουρίσκου
1187 798 1365 850 ἐκοντὶ
1403 811 1592 866 προσ-ς

69 895 250 966 σχοῦσαν
274 891 344 962 τῷ
369 893 465 960 τὴν
495 891 761 961 πολεμίαν
793 891 1138 944 ὑποτοπάσαι
1179 885 1318 942 εἶναι
1347 889 1445 960 τὴν
1479 888 1570 940 τὸν

66 985 312 1054 Μονρίσκον
335 983 625 1051 φέρουσαν.
657 983 717 1035 Οἱ
741 983 794 1035 δὲ
819 983 893 1045 ὡς
920 983 1140 1053 ἕτοιμον
1167 982 1343 1052 θήραν
1374 980 1570 1034 αὔταν-

65 1079 155 1146 ερον
181 1072 503 1142 περισχόντες
533 1072 635 1142 τὴν
660 1072 816 1137 ναῦν,
842 1073 1073 1135 πάντας,
1115 1073 1239 1142 δίχα
1273 1071 1433 1124 τινῶν
1461 1071 1570 1122 τῶν

65 1168 252 1234 Θαλάσσῃ
301 1164 735 1226 ἀποκειλάντων,
793 1164 952 1234 ἔργον
1007 1163 1217 1216 ποιοῦσι
1273 1163 1567 1232 μαχαίρας,

67 1261 184 1329 μόνον
202 1258 280 1308 τὸν
308 1253 577 1324 ναύαρχον
613 1257 1138 1325 περιποιησάμενοι·
1174 1255 1331 1325 ὁγὰρ
1371 1272 1426 1305 να
1441 1255 1574 1324 ὐαρ-

64 1369 126 1419 χῡς
157 1349 272 1408 Esto;
301 1343 364 1417 ἦν
410 1346 505 1399 τοῦ
559 1347 900 1418 Μουρίσκου.
956 1347 1182 1400 Ἐκεῖνοι
1216 1347 1272 1400 δὲ
1307 1347 1460 1416 μόλις
1491 1347 1570 1414 τῷ

65 1441 220 1509 σώματι
245 1437 683 1503 διαπλεύσαντες,
719 1438 780 1492 τὸ
814 1439 1056 1510 πραχθὲν
1101 1439 1425 1504 ἐπιστάντες
1464 1439 1568 1491 Te-

64 1534 159 1601 νέδῳ
180 1531 477 1598 ἀγγέλλουσι
526 1531 607 1600 τῷ
648 1531 946 1601 Μουρίσκῳ
970 1546 984 1559 ·
1038 1530 1176 1600 πλὴν
1211 1532 1306 1584 καὶ
1340 1531 1431 1582 τὸν
1461 1532 1569 1584 τῶν

64 1621 165 1690 νηῶν
189 1621 363 1690 φόρτον
393 1619 673 1689 δηλοῦσιν,
723 1619 799 1684 ὡς
849 1619 1040 1681 κώπας
1079 1621 1190 1684 τοῖς
1238 1620 1570 1682 Κατελάνοις

63 1714 372 1781 διακομίζοιεν.
442 1711 637 1765 Ταῦτα
690 1713 852 1780 γνοὺς
916 1711 1272 1782 Μουρίσκος,
1341 1715 1438 1766 καί
1494 1714 1570 1776 ὡς

67 1805 319 1872 κατάσχεσιν
337 1802 572 1856 ἐπύθετο
599 1803 694 1856 καὶ
717 1804 910 1874 ἐτέρας
933 1805 1060 1873 νηὸς
1085 1805 1151 1872 ἢν
1175 1804 1568 1874 προαπέστειλε

66 1899 266 1966 βασιλεὺς,
290 1897 475 1960 δεινῶς
505 1897 667 1968 ηλυε,
691 1897 787 1951 καὶ
815 1898 1093 1961 διενοεῖτο,
1118 1897 1190 1960 ὡς
1227 1897 1416 1963 ἔδειξε,
1453 1901 1566 1962 τοῖς
1602 1880 1643 1935 Β

67 1991 144 2060 μετ’
167 1988 303 2042 αὑτοῦ
348 1991 415 2042 τὰ
451 1992 528 2062 μὴ
566 1991 879 2062 πρόσφορα.
920 1990 1140 2061 Ἐπειδὴ
1169 1993 1279 2062 γὰρ
1313 1993 1476 2056 αὑτός
1507 2009 1566 2044 τε

67 2086 128 2135 ναὶ
145 2086 179 2135 οξ
196 2085 246 2134 ἐκ
269 2082 533 2150 βασιλέως
560 2084 908 2154 πεμφθέντες
949 2083 1212 2154 Ῥωμαῖοι
1239 2088 1298 2138 ιν
1322 2087 1445 2141 δυσὶ
1473 2087 1568 2140 καὶ

73 2178 197 2243 μόναις
208 2180 378 2228 ναυσὶν
397 2175 738 2244 ἐπώκελλον,
753 2177 861 2229 τῶν
877 2177 1081 2230 λοιπῶν
1097 2177 1208 2232 ἅλω
1216 2179 1412 2248 μένων,
1429 2179 1570 2233 ἀπά-

79 2287 142 2338 ρις
158 2273 222 2322 rbv
235 2271 405 2333 αὐτοῖς
426 2269 648 2324 ἐκεῖθεν
667 2271 760 2323 καὶ
775 2273 842 2342 τῇ
859 2273 1241 2343 Προικοννήσῳ
1259 2273 1568 2343 προσσχὼν,

1592 2228 1619 2262 9

68 2450 246 2516 Adeoque
289 2450 336 2502 in
372 2448 578 2504 fretum
633 2449 744 2518 jam
793 2463 996 2507 evecta:
1051 2468 1218 2524 prope
1268 2454 1569 2525 Callipolim

64 2550 279 2594 occanunt
324 2542 630 2609 improviso
660 2557 767 2597 non
824 2545 1131 2599 advertenti
1186 2557 1240 2600 et
1287 2547 1570 2603 festinanti

65 2636 224 2687 ulterius
250 2635 488 2689 Andreae.
528 2633 636 2690 Hic
671 2636 810 2691 forte
848 2637 1074 2708 ccutigit
1105 2647 1300 2694 nautas
1340 2641 1569 2698 alterius

63 2729 215 2782 llurisci
236 2730 444 2784 navium
478 2732 634 2786 ultro
657 2746 715 2787 se
736 2732 1030 2787 admovens
1054 2734 1192 2788 hosti
1223 2749 1326 2787 non
1357 2737 1564 2805 agnito,

62 2829 157 2893 quod
181 2842 348 2881 navem
396 2829 709 2895 conspicati
747 2828 986 2883 Siculam
1043 2829 1190 2883 illam
1227 2844 1348 2885 esse
1391 2831 1562 2897 ipsum

61 2919 274 2973 crelerent
303 2935 401 2989 qua
462 2922 581 2976 dux
639 2922 878 2991 ipsorum
914 2922 1181 2977 amerales
1239 2923 1561 2979 vehebatur.

63 3007 166 3062 ιιιηά
203 3011 301 3078 pari
358 2995 564 3074 errore
618 3013 789 3066 delusi
853 3012 1046 3079 Siculi,
1101 3011 1265 3086 584
1319 3024 1566 3083 paratam

60 3112 218 3156 strenue
265 3104 596 3172 arripientes
652 3106 910 3172 praedam,
965 3108 1085 3159 navi
1145 3105 1388 3161 Romana
1443 3117 1569 3163 sunt

61 3183 186 3258 pititi,
215 3203 525 3264 nostrosque
587 3195 694 3251 illic
726 3207 970 3265 repertos
1001 3199 1340 3264 occiderunt,
1371 3209 1571 3270 praeter
1598 3229 1642 3289 ρ

62 3290 257 3351 quosdam
293 3288 378 3355 qui
416 3287 575 3356 jactu
610 3289 663 3343 in
703 3305 850 3344 mare
884 3291 1148 3362 praecipiti
1183 3293 1346 3362 gladii
1391 3294 1565 3349 aciem

62 3378 265 3443 fugerunt,
293 3391 342 3433 et
376 3381 721 3434 navarcbum
761 3396 957 3451 sponte
1013 3398 1042 3437 a
1101 3385 1398 3440 victoribus
1453 3400 1568 3440 ser-

61 3480 206 3522 vatum.
230 3468 316 3523 Hic
339 3482 456 3526 erat
486 3473 713 3527 Murisci
747 3486 996 3542 patruus.
1027 3474 1102 3529 llli
1134 3486 1314 3532 autem
1345 3493 1481 3547 quos
1507 3492 1568 3533 se

63 3562 96 3613 iu
119 3577 275 3631 aquam
305 3566 563 3635 injecisse
597 3567 857 3631 diximus,
888 3567 1004 3622 solo
1040 3584 1298 3622 manuum
1340 3569 1566 3638 remigio

60 3670 157 3722 agre
213 3661 408 3712 tandem
467 3659 636 3712 nudis
704 3661 1023 3726 corporibus
1081 3660 1218 3714 salvi
1287 3659 1566 3716 Tenedum

61 3750 229 3818 appulsi,
251 3766 356 3805 rem
384 3752 494 3806 illic
528 3762 739 3822 gestam
783 3751 1019 3807 Μαι-ἰεεο
1048 3752 1394 3819 nuntiarunt,
1430 3767 1566 3822 pm-

60 3852 250 3911 tereaque
298 3848 702 3916 signilicaruut,
764 3845 894 3914 quid
937 3846 1133 3900 Sicula:
1169 3861 1335 3901 naves
1385 3849 1568 3903 oneris

60 3935 278 4002 haberent,
303 3945 352 3991 et
375 3950 432 3990 ut
461 3953 644 3992 remos
673 3946 834 4005 atque
867 3937 917 3990 id
950 3952 1120 4004 genus
1146 3952 1297 3991 arma
1327 3940 1564 4004 nautica,

59 4027 303 4084 triremibus
349 4030 566 4084 scilicet
611 4029 968 4091 instruendis,
1025 4038 1376 4098 apportarent
1406 4029 1568 4084 Cate-

59 4115 169 4171 lmis.
197 4116 278 4172 His
308 4119 581 4174 Muriscus
617 4121 869 4190 cognitis,
924 4121 1084 4174 simul
1116 4121 1284 4176 etiam
1337 4121 1568 4178 audiens

60 4209 172 4262 aliain
205 4226 231 4266 e
264 4214 438 4268 missis
471 4214 544 4266 ab
579 4212 908 4280 imperatore
966 4213 1197 4268 navibus
1247 4223 1460 4282 captam
1511 4223 1567 4269 et

61 4301 183 4366 ipsum
227 4303 401 4369 fuisse,
443 4305 498 4360 in
551 4319 772 4374 gravem
826 4303 1071 4373 deiectus
1119 4319 1410 4360 muerorem
1461 4317 1563 4372 est,

60 4396 320 4464 anxiumque
371 4397 451 4452 sic
482 4398 725 4451 animum
761 4410 856 4464 per
883 4395 1034 4449 varia
1069 4411 1297 4452 versans
1329 4399 1561 4453 consilia

61 4484 95 4534 iu
115 4497 162 4537 eo
189 4487 405 4555 denique
434 4487 735 4557 acquievit,
762 4485 905 4555 quod
941 4485 1165 4540 minime
1197 4487 1562 4553 conducibile,

62 4584 98 4625 ut
124 4589 312 4633 eventus
334 4579 684 4642 monstravit,
716 4578 1004 4633 comitibus
1038 4580 1206 4648 ipsius
1231 4578 1392 4634 foret.
1429 4580 1564 4635 Cum
1598 4579 1642 4634 D

62 4673 160 4725 enim
187 4683 282 4728 tam
315 4675 426 4745 ipse
452 4688 620 4744 quam
652 4673 745 4742 qui
780 4673 881 4728 sub
918 4687 982 4728 eo
1011 4673 1163 4727 missi
1219 4678 1286 4728 ab
1321 4675 1560 4744 impera-

63 4772 142 4816 tore
164 4763 368 4820 Romani
403 4764 732 4828 militabant,
765 4764 816 4817 in
847 4766 980 4818 duas
1009 4764 1119 4830 jam
1152 4762 1298 4817 solas
1326 4764 1565 4830 relictas,

61 4859 216 4910 ceteris
239 4859 300 4913 ab
343 4859 496 4913 hoste
524 4856 830 4926 occupatis,
880 4855 1130 4909 contrusi
1166 4870 1330 4910 naves
1359 4867 1564 4923 essent,

62 4961 148 4998 cum
201 4949 275 5004 bis
333 4951 550 5006 solvens
611 4953 737 5004 inde
811 4948 1238 5003 Prteconnesnm
1312 4949 1568 5018 appulsus

63 5039 208 5105 spoliat
243 5043 398 5097 armis
429 5041 708 5096 Romanos
741 5055 953 5103 omnes,
983 5049 1036 5093 et
1085 5039 1234 5094 nullo
1265 5041 1565 5094 instructos

67 5131 212 5187 viatico
254 5135 490 5199 dimittit,
528 5135 608 5189 ire
645 5135 713 5187 ad
766 5133 1150 5202 imperatorem
1193 5133 1392 5202 iubens
1430 5142 1484 5186 et
1515 5134 1568 5189 ei

67 5236 234 5280 narrare
251 5242 360 5296 quae
385 5229 720 5283 acciderant.
757 5225 1136 5281 Pervenerunt
1168 5226 1221 5279 hi
1249 5227 1468 5281 tandem
1500 5231 1568 5282 ad

67 5317 324 5386 Augustum,
356 5337 495 5393 aegre
525 5323 768 5392 quidem,
822 5332 876 5376 et
909 5322 996 5375 diu
1026 5323 1249 5391 quazsita
1287 5323 1340 5376 in
1377 5327 1566 5378 urbem

69 5413 383 5468 trauslretaudi
425 5414 709 5468 facultate.
748 5413 854 5468 Sed
904 5414 1286 5480 apparentibus
1331 5428 1568 5468 commoo

73 5503 161 5556 ilum
199 5519 382 5576 septem
411 5508 780 5564 Genueusium
835 5509 1083 5571 navibus,
1116 5517 1343 5561 exorato
1377 5509 1430 5562 in
1472 5525 1566 5565 eas

73 5607 266 5662 ascensu,
292 5603 550 5669 deportati
580 5615 646 5655 eo
678 5600 914 5669 denique
951 5599 1270 5665 imperatori
1306 5615 1572 5670 exposue-

75 5701 163 5746 runt
205 5699 318 5761 quitl
368 5698 494 5767 ipsis
529 5697 840 5758 accidisset,
874 5696 1034 5762 eique
1066 5696 1387 5747 nuntiarunt
1427 5677 1570 5751 nolle

75 5789 249 5854 amplius
293 5790 574 5844 Muriscutn
622 5789 722 5858 ipsi
765 5786 994 5851 servire,
1032 5786 1137 5840 nisi
1169 5798 1223 5841 et
1268 5802 1430 5842 naves
1467 5789 1568 5858 ipsi

80 5881 275 5939 Jareutur
313 5886 500 5942 idoneo
531 5897 757 5938 numero
788 5891 850 5934 ac
885 5878 1079 5934 robore
1103 5879 1169 5932 ad
1211 5883 1556 5948 pttguattduttt

843 403 941 469 DE
982 405 1428 498 ANDRONICO
1455 405 1923 469 PALAZOLOGO
1962 410 2110 474 LIB.
2150 410 2288 472 VII.

3137 411 3248 473 6ίῖ

1669 526 1868 594 γυμνοῖ
1898 525 2214 594 Ξύμπαντας
2255 526 2362 578 τῶν
2404 523 2585 578 ὅπλων
2632 523 2932 594 Ῥωμαίους
2961 522 3056 590 οὓς
3099 523 3248 596 εἶχεν

1672 617 1821 680 ἐντὸς
1849 619 2192 688 συμμάχους,
2235 615 2476 685 γυμνούς
2516 634 2575 671 τε
2624 618 2719 670 καὶ
2765 618 3035 682 ἀνόπλους
3083 620 3247 687 ἀφεὶς

1677 709 1814 763 ίέναι
1854 727 1911 762 τε
1947 711 2318 779 παραγγέλλει
2349 711 2482 780 πρὸς
2514 709 2737 778 βασιλέα
2788 712 2881 764 καὶ
2924 711 3166 782 δηλῶσαί
3195 714 3246 765 οἱ

1672 801 1739 853 τά
1779 802 2057 869 γεγονότα.
2091 801 2257 856 Ταῦτ’
2293 802 2614 864 ἐπιστάντες
2655 802 2877 866 ἐκεῖνοι,
2913 804 3053 874 πλὴν
3089 807 3246 874 μόλις

1674 893 1770 946 καὶ
1808 892 1948 962 μετὰ
1976 892 2115 962 βίας,
2149 894 2542 946 Γεννουῖτικῶν
2593 893 2731 946 ἐτττά
2780 895 3052 964 φανεισῶν
3082 897 3241 957 νεῶν,

1673 977 1781 1046 αἷςρ
1815 983 2190 1054 Θαρῤήσαντες
2249 985 2345 1038 καὶ
2397 986 2550 1038 αὐτοὶ
2596 985 2984 1039 συνεκπλέουσι
3034 989 3124 1039 καὶ
3168 988 3244 1055 τῷ

1673 1073 1886 1145 βασιλεί
1919 1075 2276 1144 ἀγγέλλουσιν
2335 1077 2410 1140 ὡς
2461 1077 2570 1130 οὐδ’
2607 1076 2768 1138 αὐτὸς
2817 1077 3146 1146 Μουρίσκο-,
3197 1082 3246 1131 εἰ

1675 1166 1750 1239 μὴ
1778 1168 1904 1238 νῆες
1929 1170 2158 1238 ἀρκεταλ.
2183 1169 2321 1239 πρὸς
2346 1169 3098 1238 ἁντιπαλάμησινέπισταῖεν
3137 1170 3247 1221 τῶν

1673 1259 1954 1323 ἐναντίων,
2004 1260 2065 1312 οῦ
2120 1261 2402 1330 πρόθυμος
2451 1260 2519 1314 ἂν
2559 1262 2644 1329 εἴη
2703 1263 2760 1324 ἐς
2811 1261 2908 1331 τὴν
2963 1260 3246 1331 βασλικὴν

1670 1349 1940 1414 δουλείαν,
1975 1351 2074 1420 τὴν
2107 1345 2430 1420 πειρατικὴν
2457 1351 2858 1420 περιπλάνησιν
2894 1351 2986 1403 καὶ
3013 1352 3078 1404 τὰ
3107 1353 3274 1402 ἐκεί-’

1673 1441 1766 1494 θεν
1833 1441 2002 1512 κέρδη
2063 1445 2192 1512 περὶ
2249 1442 2502 1494 πλείστου
2561 1441 2908 1508 ποιούμενος.
2977 1441 3117 1494 Ἀλλ’
3146 1443 3246 1494 οὐκ

1672 1531 1930 1586 ἀπώνατο
1950 1533 2058 1586 τῶν
2085 1531 2342 1585 τοιούτων
2369 1532 2432 1602 δὴ
2455 1531 2862 1601 βουλευμάτων,
2891 1530 3008 1584 ἀλλ’
3035 1534 3155 1584 ἐπεὶ
3181 1533 3245 1603 [P

1672 1624 1802 1696 409]
1830 1624 1926 1677 δύο
1948 1625 2083 1695 νῆας
2105 1625 2546 1695 ἐξαρτυσάμενος
2584 1624 2711 1696 περί
2742 1641 2850 1677 που
2871 1627 2963 1676 τὸν
2990 1627 3088 1696 τῆς
3127 1626 3248 1678 Ἐλ-

1669 1717 1971 1785 λησπόντου
1993 1714 2276 1786 πορθμὸν,
2319 1715 2580 1784 μαθόντες
2628 1717 2677 1767 οί
2709 1714 2936 1768 ἐναντίοι
2971 1716 3098 1785 περὶ
3119 1715 3245 1768 τούς

1671 1823 1789 1870 του,
1826 1807 1922 1860 σὺν
1963 1799 2045 1869 οἷς
2077 1806 2344 1870 Φίλιππος
2373 1807 2616 1877 ἀρχηγὸς
2663 1807 2906 1872 ἐκείνων,
2930 1807 3054 1858 ὅσον
3083 1807 3245 1877 τάχος

1673 1898 1759 1950 ἔπ’
1787 1900 1994 1952 ἐκεῖνον
2038 1899 2355 1967 ἐξήλαυνον,
2387 1901 2482 1952 καὶ
2515 1899 2643 1969 περί
2692 1915 2794 1952 που
2843 1900 2936 1951 τὸν
2973 1899 3247 1969 Ἀρτάκην

1672 1990 1782 2046 τῶν
1815 1991 2134 2063 Κυζικηνῶν
2180 1993 2416 2046 ἐπίνειον
2458 1994 2599 2046 κατά
2649 1993 2710 2046 τὸ
2751 1992 3004 2045 Ἀλώνιον
3040 1995 3249 2061 συμϐα-

1672 2084 1856 2146 λόντες
1878 2085 1963 2152 ἐφ’
1992 2086 2172 2139 ίκανδν
2209 2085 2552 2158 διεμᾲχοντο,
2589 2085 2684 2137 καὶ
2730 2086 3111 2154 περιεγένοντο
3155 2086 3246 2136 τοῦ

1672 2172 2004 2244 Μουρίσκου,
2057 2176 2167 2230 τῶν
2223 2178 2354 2247 περὶ
2401 2178 2610 2227 ἐκεῖνον
2673 2176 3078 2245 ἀπειρηκότων.
3140 2176 3250 2226 Και

1673 2265 1882 2334 γίνεται
1917 2268 2076 2335 φόνος
2112 2267 2302 2336 πολὺς,
2339 2268 2507 2322 αὐτοῦ
2543 2269 2705 2338 μόνου
2741 2270 3059 2340 Μουρίσκου
3087 2276 3248 2338 περι-

1674 2465 1794 2506 cum
1819 2464 1914 2517 spe
1946 2448 2226 2504 verisimili
2255 2447 2713 2518 victoriaecontra
2735 2448 2963 2504 classem
2999 2449 3248 2503 hostilem

1677 2558 1798 2597 mox
1833 2541 2260 2612 potentissimam
2299 2541 2553 2606 futuram,
2591 2550 2646 2595 et
2675 2541 2875 2596 emdem
2925 2543 3027 2594 sibi
3082 2556 3249 2595 naves

1676 2651 1798 2690 cum
1851 2636 2004 2704 plena
2059 2641 2326 2702 potestate
2381 2635 2828 2703 permitterentur
2886 2633 3112 2688 ducendi
3155 2650 3249 2687 eas

1677 2745 2003 2799 quocunque
2055 2730 2217 2785 vellet
2262 2729 2368 2782 late
2422 2743 2516 2797 per
2567 2729 2740 2781 maria
2780 2730 2848 2780 ad
2896 2729 3250 2784 excursiones

1680 2821 1956 2890 piraticas,
1990 2822 2227 2891 qualium
2255 2837 2284 2874 a
2308 2836 2368 2875 se
2393 2821 2522 2874 olim
2549 2829 2792 2871 actarum
2822 2819 3028 2872 lucrum
3054 2836 3250 2883 exper-

1681 2924 1766 2969 tus
1801 2913 1962 2984 585
1997 2913 2186 2984 ingens
2234 2911 2474 2966 fraudari
2511 2927 2576 2965 eo
2614 2926 2711 2979 per
2748 2925 2968 2965 causam
3004 2921 3250 2980 angusta:

1677 3021 1740 3060 ac
1774 3008 1977 3060 sterilis
2006 3009 2209 3060 circum
2244 3003 2554 3059 suburbana
2589 3001 2770 3056 littora
2803 3003 3010 3056 navalis
3041 3003 3249 3056 militia:

1675 3097 1819 3154 haud
1849 3114 1908 3154 se
1955 3099 2008 3152 in
2053 3109 2328 3167 posterum
2378 3099 2486 3166 pati
2519 3097 2722 3150 diceret
2765 3110 2945 3164 posse.
2978 3095 3246 3150 Caeterum

1677 3208 1781 3247 non
1817 3192 2008 3263 longus
2038 3193 2166 3247 huic
2215 3206 2436 3247 suorum
2472 3189 2826 3245 consiliorum
2878 3188 3092 3244 fructus
3117 3205 3247 3245 con-

1673 3287 1829 3341 stitit.
1860 3286 1992 3340 Nam
2031 3301 2098 3340 ex
2136 3300 2242 3356 quo
2273 3285 2629 3348 renuntiavit,
2659 3298 2766 3354 quo
2800 3283 2960 3337 modo
2984 3283 3245 3348 diximus,

1666 3381 1986 3451 obsequium
2044 3381 2308 3446 Augusto,
2359 3374 2586 3429 armatis
2630 3384 2849 3442 sumptu
2897 3388 3000 3428 suo
3035 3374 3248 3428 duabus

1669 3475 1916 3535 navibus,
1948 3472 2003 3526 in
2047 3471 2114 3526 iis
2142 3471 2268 3524 dum
2301 3467 2582 3537 opperitur
2613 3463 3032 3533 inllellesponto
3064 3473 3248 3520 trans-

1669 3567 1802 3621 itum
1861 3565 2206 3620 commodum
2251 3563 2302 3616 in
2347 3575 2535 3629 aequor
2573 3559 2788 3629 plenum
2820 3558 2910 3613 ubi
2959 3573 3108 3612 more
3145 3573 3248 3612 suo

1667 3676 1732 3715 ac
1767 3672 1977 3728 quaestu
2021 3657 2189 3712 veteri
2236 3656 2467 3724 piratam
2521 3661 2732 3724 ageret,
2799 3654 3098 3722 conspicati
3153 3669 3250 3707 0:48

1667 3753 1989 3817 adversarii,
2011 3765 2195 3807 secum
2217 3749 2482 3804 habentes
2506 3745 2763 3816 appulsas
2788 3759 2979 3800 recens
3004 3760 3034 3798 e
3059 3745 3245 3800 Sicilia

1669 3863 1833 3902 naves
1877 3847 2073 3916 quibus
2124 3843 2403 3913 Philippus
2458 3843 2678 3914 quidam
2729 3850 2981 3910 praeerat.
3023 3854 3245 3893 cursum

1667 3941 1956 3996 confestim
2002 3938 2056 3992 in
2102 3937 2224 3992 illas
2257 3934 2578 4005 expediunt.
2618 3933 2684 3985 Et
2723 3947 2932 3986 summa
2965 3933 3248 3986 celeritate

1667 4032 1900 4090 insecuti
1921 4029 2336 4098 deprehendunt
2359 4027 2562 4082 circum
2587 4025 2822 4078 Artacen
2847 4023 3241 4095 Cyzicenorum

1668 4119 1878 4182 navale,
1917 4119 2004 4172 ubi
2046 4131 2212 4186 prepe
2257 4117 2510 4170 Alonium
2541 4127 2718 4182 pugna
2754 4113 3116 4167 committitur
3148 4115 3240 4168 diu

1667 4226 1889 4280 auceps,
1943 4210 2145 4264 acriter
2197 4206 2434 4263 Murisco
2486 4206 2803 4269 resistente,
2841 4207 3016 4276 quoad
3082 4209 3245 4277 hujus

1669 4303 1930 4356 militibus
1963 4302 2174 4354 animos
2199 4300 2660 4369 despondentibus
2699 4297 2984 4367 Philippus
3017 4313 3243 4367 supera-

1668 4396 1766 4460 vit,
1794 4406 1846 4449 et
1870 4396 2017 4448 caede
2065 4409 2129 4446 ac
2163 4403 2344 4461 strage
2374 4392 2578 4445 circum
2615 4391 2909 4445 Muriscum
2951 4392 3096 4445 edita
3131 4407 3240 4445 non

1669 4505 1834 4560 parva
1865 4504 1984 4541 cum
2019 4490 2194 4556 ipsum
2226 4488 2392 4555 cepit,
2434 4496 2546 4540 tum
2579 4481 2769 4541 ambas
2792 4485 2907 4554 ejus
2935 4501 3101 4540 naves
3130 4488 3246 4538 suis

1675 4581 1978 4650 adiungens
2027 4578 2203 4632 victor
2246 4585 2328 4630 est
2377 4591 2648 4630 reversus.
2691 4575 2799 4629 Nec
2839 4577 3133 4650 tpiidquam
3181 4593 3249 4629 eo

1671 4648 1910 4745 tempore
1968 4676 2135 4726 vitam
2205 4669 2442 4724 Murisco
2507 4669 2611 4722 nisi
2676 4668 2912 4739 Philippi
2971 4648 3246 4736 gratitude

1670 4767 1930 4825 servavit.
1989 4763 2311 4819 Meminerat
2355 4761 2444 4816 hic
2506 4760 2652 4815 enim
2705 4760 2841 4814 alias
2889 4775 2950 4815 se
3003 4761 3053 4813 in
3107 4761 3244 4814 mari

1671 4873 1886 4934 captum
1919 4876 1948 4914 a
1978 4859 2214 4914 Μαι-ἰεοο
2237 4857 2450 4918 eodem,
2481 4855 2767 4925 piraticam
2789 4864 2916 4910 tunc
2935 4853 3245 4918 factitante,

1673 4964 1962 5012 tractatum
1989 4957 2056 5008 ul)
2074 4954 2190 5022 ipso
2218 4952 2524 5005 humaniter
2546 4948 2713 5003 fuisse
2730 4947 2988 5017 brevique
3013 4947 3241 5002 liberum

1669 5047 1982 5111 dimissum,
2019 5045 2158 5116 lytro
2187 5059 2295 5104 non
2317 5056 2536 5112 magno.
2572 5040 2713 5110 Ergo
2750 5055 2936 5108 parem
2969 5041 3048 5095 illi
3081 5040 3245 5096 modo

1671 5143 1901 5213 gratiam
1953 5140 2254 5209 rependere
2305 5136 2586 5204 Philippus
2645 5133 2842 5200 voluit,
2902 5149 3008 5187 non
3069 5134 3244 5187 multo

1669 5243 1795 5304 post
1828 5231 2019 5286 redimi
2061 5245 2182 5282 eum
2235 5228 2374 5297 apud
2427 5225 2702 5281 Tenedum
2743 5227 2930 5281 sinens
2982 5241 3011 5279 a
3053 5235 3248 5296 patruo

1670 5329 1788 5395 ejus
1814 5324 1927 5378 illic
1967 5322 2106 5376 forte
2137 5329 2374 5390 reperto,
2413 5320 2591 5373 tribus
2621 5333 2911 5373 aureorum
2948 5332 3237 5385 parvorum

1673 5417 1942 5470 millibus:
1987 5413 2088 5469 Per
2123 5416 2264 5467 hunc
2291 5427 2605 5466 successum
2645 5411 2862 5465 Μαι-ἱειί
2894 5419 3039 5464 metu
3081 5411 3246 5461 Αιιιου

1671 5511 1855 5581 gabari
1886 5509 2071 5574 soluti,
2103 5509 2358 5562 fidentius
2391 5507 2504 5576 jam
2545 5515 2916 5560 commeantes
2938 5504 2992 5557 in
3027 5503 3232 5563 Asiam.

1673 5604 1868 5658 Persas
1906 5603 2013 5656 illic
2050 5618 2153 5655 non
2188 5615 2390 5672 paucos
2442 5598 2545 5654 sub
2569 5600 2705 5652 duce
2735 5598 2895 5649 Atina
2945 5601 3242 5654 merentes,

1673 5695 1838 5749 certis
1873 5693 1925 5748 in
1963 5709 2089 5748 suas
2119 5704 2299 5762 partes
2329 5690 2730 5747 conditionibus
2783 5696 3070 5752 attractos,
3104 5685 3246 5739 freto

1676 5787 1905 5856 traiecto
1963 5786 2181 5840 ad'sua
2240 5797 2418 5841 castra
2479 5783 2858 5851 deportarunt.
2918 5777 2982 5832 Hi
3033 5780 3251 5832 caeteris

1677 5879 1942 5948 adiuncti,
1971 5879 2060 5949 qui
2091 5878 2204 5950 iam
2223 5879 2330 5935 illic
2357 5886 2534 5943 erant,
2565 5875 2677 5931 suis
2706 5869 3080 5942 popularibus,
3110 5867 3248 5923 Per-
