3738 6552
480 418 586 482 ϐίτι

483 534 750 596 σωθέντος
784 534 847 587 ὲκ
908 532 1140 597 παλαιᾶς
1200 532 1381 603 φιλίας
1431 532 1739 585 Φιλίππου·
1803 531 2054 587 κάκεῖνος

481 628 592 698 γάρ
627 627 792 681 πάλαι
822 627 952 679 ποτὲ
988 605 1091 679 ὑπὸ
1122 627 1437 697 Μουρίσκου
1471 625 1634 689 ἁλοὺς
1668 626 1810 679 κατὰ
1852 624 2050 677 θάλατ-

479 736 579 771 ταν
608 718 1025 789 πειρατεύοντος
1046 718 1237 789 ἔτευχεν
1275 717 1559 786 εὐμενοῦς,
1588 717 1730 771 ὥστε
1770 722 1865 771 καὶ
1902 716 2049 785 ὠνῆς

483 810 945 880 ἀπεμποληθῆναι
978 809 1229 880 μετρίας.
1275 810 1374 865 Διά
1413 827 1497 862 τοι
1531 808 1703 864 ταῦτα
1755 810 1849 861 καὶ
1892 808 2054 872 αὐτὸς

482 903 697 954 ἐκείνου
730 902 803 961 ὡς
833 902 1037 969 ἥκιστα
1083 902 1271 971 ἔτυχεν
1314 902 1630 970 ἀχαρίστου,
1677 899 1811 953 ἀλλὰ
1840 898 2053 970 μικρῶν

481 993 650 1063 τριῶν
692 992 945 1061 χιλιάδων
996 992 1225 1062 χρυσίου
1276 992 1635 1062 άπεμπόλησε
1682 992 1871 1045 τοῦτον
1916 992 2054 1062 πρὸς

483 1084 706 1138 Τένεδον
737 1084 868 1155 θείῳ
906 1084 1117 1138 ἐκείνου
1148 1084 1263 1136 ἐκεῖ
1290 1084 1539 1154 παρόντι.
1585 1083 1961 1155 Ἀμογάϐαροι
1996 1084 2054 1137 δὲ

482 1177 602 1236 ταῖς
632 1175 861 1243 τόλμαις
901 1174 1389 1245 ἀναθαρρήσαντες
1416 1175 1517 1227 οὑκ
1546 1174 1762 1242 ὀλίγους
1793 1175 1902 1227 τῶν
1928 1176 2056 1245 περὶ

510 1268 711 1336 Ατίνην
766 1268 992 1337 [lepoth
1058 1269 1384 1338 συμμάχους
1439 1268 1871 1337 διεπεραῖωσαν,
1931 1266 2057 1336 περί

482 1377 586 1412 που
638 1358 882 1428 χιλιάδας
939 1359 1052 1413 δύο.
1087 1356 1496 1430 Ἐπιμιξάντων
1524 1362 1618 1412 καὶ
1655 1358 1946 1428 Ῥωμαίων
1999 1356 2059 1422 ἐξ

382 1504 387 1509 ,
482 1452 768 1520 ἀνατολῆς,
799 1452 999 1520 ἄθρουν
1028 1452 1314 1520 γεγονότες
1340 1452 1541 1523 πλῆθος
1576 1452 1923 1521 ἐξώρμησαν.
1949 1450 2059 1505 Καὶ

481 1546 579 1603 τὰς
630 1545 729 1613 μὲν
769 1543 1074 1614 δυσχωρίας
1120 1543 1215 1597 τοῦ
1254 1545 1426 1599 Γάνου
1474 1546 1567 1598 καὶ
1613 1543 1733 1597 λίαν
1773 1543 2059 1612 διεφυλάτι

482 1652 675 1702 τοντο,
732 1636 801 1690 τὰ
864 1638 1025 1708 πέριξ
1075 1637 1131 1690 δὲ
1172 1637 1267 1690 καὶ
1321 1637 1735 1708 διαδραμόντες,
1769 1635 1878 1688 ἀπὸ
1926 1636 2059 1703 γοῦν

487 1729 721 1782 Καλλίου
751 1729 912 1798 μέχρι
938 1732 1031 1783 καὶ
1062 1730 1423 1800 Τζουρουλοῦ,
1450 1730 1513 1784 τὸ
1534 1730 1681 1793 ἐντὸς
1702 1731 1849 1783 ἅπαν
1872 1728 2059 1790 κακῶς

483 1802 1108 1886 διετίθουνξκτείνοντες
1161 1824 1482 1892 παμπληθεῖ
1540 1824 1617 1887 ὡς
1679 1823 1758 1885 είς
1808 1822 2058 1891 χιλιάδας

485 1913 728 1978 πίπτειν,
765 1915 882 1978 ζῶα
913 1916 1004 1970 καὶ
1037 1915 1161 1985 βοῦς
1194 1918 1465 1987 ἀροτῆρας
1494 1917 1749 1981 ζευγῖτας
1780 1917 2049 1985 ἀνδραποο

483 2006 746 2069 δίξοντες,
776 2008 868 2060 καὶ
912 2008 1084 2061 ταῦτα
1119 2011 1176 2061 ὲν
1222 2008 1400 2079 καιρῷ
1449 2010 1661 2079 ἀρότου,
1718 2009 1805 2062 ὅτε
1855 2010 1903 2061 οί
1955 2007 2053 2076 μὲν

482 2098 831 2166 ἐσφάττοντο,
861 2099 977 2153 ὅσοι
1012 2100 1065 2153 δὲ
1093 2102 1187 2154 καὶ
1226 2100 1471 2170 ἔφθασαν
1504 2103 1932 2170 προσφυγόντες,
1968 2101 2055 2151 ὲν-

480 2190 573 2251 rb;
605 2191 703 2259 τῆς
737 2191 967 2254 πόλεωςκ
996 2191 1349 2261 παρεδύοντο.
1403 2193 1568 2247 Αὐτοὶ
1608 2193 1662 2246 δὲ
1708 2194 1774 2246 τά
1823 2193 2056 2263 μέγιστα

480 2278 590 2329 τῶν
641 2279 828 2332 κακῶν
894 2282 1288 2351 εἰργασμένοι,
1368 2281 1492 2335 ἐπεὶ
1549 2282 2057 2352 ἀποκεκλεισμένην

493 2363 823 2437 Ἡράκλειαν
850 2370 1050 2438 ἢκουον
1075 2370 1366 2440 ζ(ἕφθασαν
1398 2372 1508 2442 γὰρ
1552 2373 1598 2426 οί
1648 2373 1772 2443 τῇδε
1818 2373 1893 2442 τῷ
1924 2375 2056 2424 ἀποο

484 2459 688 2525 γνῶναι
720 2462 821 2529 τὴν
858 2461 1186 2529 ἀσφάλειαν,
1220 2464 1314 2516 καὶ
1353 2461 1554 2533 μᾶλλον
1588 2462 1741 2533 παρὰ
1783 2463 1890 2516 τῶν
1928 2462 2057 2530 ἠγε-

483 2549 658 2617 μόνων
686 2549 1116 2622 ἑξοτρυνόμενοι,
1147 2553 1481 2608 καταϐαλεῖν
1521 2556 1622 2625 μὲν
1650 2554 1773 2607 ὅσον
1823 2554 2055 2623 ἴσχυσαν

481 2747 662 2786 sarum
698 2729 816 2786 fere
866 2730 1030 2785 duum
1093 2732 1324 2787 millium
1384 2748 1670 2788 numerum
1738 2737 2053 2806 explebant.

480 2824 685 2890 Quibus
718 2824 868 2877 multi
900 2839 1116 2893 quoque
1156 2825 1301 2878 misti
1333 2824 1630 2881 Orientalis
1662 2827 1794 2881 oli'n
1844 2837 2052 2884 tractus

480 2911 671 2968 incola:
698 2913 950 2977 Romani,
983 2928 1125 2968 nunc
1172 2917 1412 2971 omnium
1464 2916 1654 2985 inopes
1699 2933 1878 2989 eoque
1908 2936 2053 2989 qua.

478 3004 808 3074 lemcunque
890 3006 1125 3059 oblatam
1179 3008 1394 3061 vivendi
1440 3022 1543 3062 con
1570 3010 1804 3063 Iitiouem
1855 3012 2057 3080 aruple-

477 3107 710 3159 ctcntes,
787 3097 971 3165 copias
1041 3097 1096 3151 in
1170 3096 1573 3155 formidabilem
1654 3102 2052 3158 multitudinem

476 3189 927 3260 Amogabaricas
958 3201 1249 3245 auxerunt.
1289 3189 1402 3246 Hac
1443 3192 1526 3246 usi
1560 3197 1965 3262 opportunitate
1998 3195 2048 3249 in

477 3258 773 3332 retn'suam
803 3278 969 3333 duces
1008 3280 1157 3335 illius
1197 3281 1373 3347 gentis
1403 3296 1762 3353 prteterquam
1790 3284 1966 3339 saltus
1994 3294 2049 3339 et
2075 3258 2118 3316 (ἶ

472 3369 602 3440 jnga
633 3379 907 3440 praerupta
965 3372 1165 3427 montis
1193 3372 1333 3427 Gani
1387 3372 1583 3428 validis
1610 3389 1831 3430 suorum
1885 3375 2051 3446 586

478 3460 747 3527 praesidiis
778 3463 988 3515 insessa
1033 3462 1238 3517 nostris
1282 3462 1429 3517 invia
1477 3463 1744 3532 fecerunt,
1790 3467 1953 3520 etiam
1984 3483 2052 3521 ex

478 3549 793 3605 abundante
826 3554 981 3607 turba
1034 3553 1217 3609 varias
1268 3552 1534 3609 conﬂatus
1589 3566 1782 3611 mannis
1810 3572 2054 3627 quoquo-

476 3653 698 3692 versum
746 3642 1079 3704 emittentes.
1110 3651 1306 3696 cuncta
1347 3658 1468 3712 quae
1494 3645 1640 3699 circa
1685 3645 1896 3701 Canum
1923 3658 2053 3702 sunt

477 3746 649 3801 usque
701 3729 996 3787 Tzurulum
1060 3734 1224 3788 savis
1292 3736 1691 3793 incursionibus
1746 3738 2050 3807 vastabant,

479 3821 812 3877 trucidantcs
855 3825 1052 3892 passim
1087 3826 1301 3890 obvios,
1340 3836 1398 3880 ut
1434 3827 1683 3894 pluribus
1726 3830 2052 3885 cadaverum

480 3910 714 3966 millibus
744 3915 905 3968 strati
927 3925 1050 3985 post
1073 3916 1264 3971 horum
1303 3917 1593 3973 transitum
1624 3920 1800 3991 campi
1828 3935 2057 3990 appare-

481 4015 623 4073 rent,
685 4019 873 4073 greges
925 4017 1282 4075 armentaque
1340 4008 1698 4075 abducentes,
1759 4025 1827 4065 ne
1882 4012 2055 4068 bobus

477 4097 696 4165 quidem
730 4097 1017 4151 arantibus
1049 4099 1341 4165 parcendo,
1376 4115 1517 4169 quos
1550 4102 1617 4157 ab
1651 4116 1815 4173 opere
1841 4102 2054 4160 abstra-

478 4188 695 4250 hebant,
725 4188 848 4244 licet
888 4190 1098 4257 publice
1141 4191 1256 4245 utili
1283 4202 1335 4246 et
1379 4195 1449 4247 ob
1472 4194 1600 4248 anni
1625 4204 1834 4265 tempus
1857 4212 2056 4266 oppor-

374 4306 379 4311 ~
477 4291 628 4333 tuuo.
692 4278 830 4334 llinc
886 4295 1084 4349 magna
1138 4282 1341 4336 scilicet
1412 4291 1786 4342 consternatio
1839 4288 2054 4343 miserae

476 4368 646 4436 plebis
690 4385 783 4438 per
818 4384 1044 4424 cunezas
1076 4371 1199 4424 ill-15
1236 4373 1483 4441 regiones
1523 4385 1663 4438 erat.
1713 4380 1927 4431 cunctis
1960 4380 2050 4446 qui

477 4476 664 4515 necem
696 4461 929 4516 evadere
958 4472 1244 4529 potuerant
1280 4465 1332 4517 iu
1367 4466 1557 4519 urbem
1588 4465 2052 4534 confugientibus,

475 4564 540 4603 ac
571 4551 711 4602 intra
737 4564 853 4604 eam
877 4565 1093 4619 quoque
1121 4560 1328 4606 terrore
1348 4553 1582 4609 durante
1607 4556 1714 4611 illic
1738 4556 1794 4610 in
1821 4556 2052 4613 latebras

474 4656 534 4695 se
557 4643 899 4697 abdeutibus.
932 4642 1101 4697 Porro
1133 4645 1349 4699 barbari
1380 4648 1540 4702 editis
1570 4648 1898 4704 immanibus
1938 4661 2052 4705 toto

476 4738 568 4791 illo
598 4746 771 4791 tractu
833 4737 1088 4793 inaudita:
1134 4740 1474 4794 crudelitatis
1528 4742 1815 4809 exemplis,
1866 4744 1953 4797 ubi
1991 4758 2051 4798 se

476 4827 727 4883 exclusos
761 4843 856 4896 spe
886 4839 1174 4884 senserunt
1207 4829 1498 4896 Heracleae,
1539 4842 1698 4898 prout
1733 4831 2050 4889 destinave-

476 4931 625 4988 rant,
660 4921 990 4990 occupandae
1027 4921 1305 4991 (quoniam
1353 4920 1750 4978 lleracleenscs
1792 4928 2050 4994 despera-

480 5014 625 5067 tione
659 5014 990 5079 securitatis,
1030 5023 1085 5069 et
1129 5014 1369 5070 maxime
1405 5013 1677 5083 praefectis
1707 5019 2050 5086 urgentibus,

481 5106 629 5160 urbis
687 5107 786 5176 ipsi
828 5121 940 5162 suae
980 5117 1243 5173 quantum
1287 5123 1447 5161 manu
1502 5118 1726 5177 potuere
1766 5120 2051 5179 postquam

476 5198 779 5262 diruerant,
807 5199 1026 5269 reliquis
1055 5200 1182 5270 igne
1204 5198 1450 5264 subjecto
1479 5200 1621 5255 intra
1656 5202 1967 5273 Selybriam
1994 5219 2055 5259 se

476 5291 901 5362 concluseraut),
926 5302 1038 5348 toto
1059 5293 1257 5361 impetu
1279 5293 1621 5348 Rhaedestum
1641 5297 2051 5365 aggrediuntur.

476 5383 553 5438 Ac
610 5385 882 5439 exteriora
936 5384 1159 5453 quidem
1213 5380 1395 5440 omnia
1449 5401 1546 5453 per
1596 5387 1884 5445 circuitum
1937 5389 2053 5458 ejus

475 5476 655 5546 oppidi
695 5476 871 5546 primo
930 5478 1152 5531 incursu
1197 5486 1485 5547 occupant,
1529 5478 1647 5534 sine
1681 5480 2052 5536 misericordia

480 5566 844 5629 lrttcidanles,
892 5567 965 5619 ita
1014 5576 1072 5620 ut
1128 5580 1156 5619 a
1220 5568 1392 5622 tribus
1462 5567 1714 5623 ecclesiis
1775 5570 1843 5624 ad
1910 5570 2055 5638 ipsas

481 5672 652 5726 usque
677 5656 948 5712 llhaadesti
967 5668 1153 5728 portas
1171 5669 1385 5726 strages
1402 5661 1593 5729 ingens
1605 5660 2053 5717 nbtrnncatorum

479 5748 712 5817 plurium
733 5751 982 5820 jaceret;
1022 5752 1213 5805 turrim
1238 5762 1418 5807 autem
1453 5767 1741 5809 numeroso
1781 5753 2053 5810 insessam

478 5841 726 5908 praesidio
760 5844 941 5899 exorsi
992 5858 1325 5916 oppugnare,
1360 5854 1635 5915 utcunque
1681 5861 1948 5902 summam
2000 5846 2052 5899 in

1661 408 1985 476 GEORGII
2032 400 2511 470 PACHYMERE

3566 405 3642 480 liii

2088 533 2129 587 Α
2160 524 2253 579 τοῦ
2282 523 2635 591 πολίσματος,
2672 520 2842 590 πυρὸς
2895 519 2953 573 δὲ
3003 520 3072 574 τὰ.
3121 519 3291 575 πάντα
3326 521 3643 585 θέσθιιδαιά-
3692 520 3693 559 ‘

2156 632 2322 686 “tum,
2358 614 2502 679 κατὰ
2542 612 2847 683 Σηλυϐρίαν
2898 612 2945 666 δ’
2981 612 3409 683 ὲγκλεισθῆναι),
3452 615 3513 678 ὡς
3539 615 3647 687 εἶχον

2154 707 2316 770 εὐθὺς
2362 702 2655 773 Ῥαιδεστῷ
2681 702 3105 771 προσϐάλλουσι.
3139 703 3247 756 Καὶ
3275 704 3394 757 ὅσον
3421 704 3506 772 μὲν
3528 709 3643 773 ἐκτὸς

2155 796 2582 867 προκατέλαϐον,
2607 796 2816 850 ἀνοικτὶ
2845 793 3146 848 κτείνουσιν
3174 793 3250 857 ὡς
3283 795 3477 848 κεῖσθαι
3503 800 3645 851 πεσόν·

2154 907 2250 953 τας
2276 892 2342 943 ὲκ
2365 889 2474 941 τῶν
2503 888 2671 958 τριῶν
2706 886 3012 956 ἐκκλησιῶν
3048 887 3210 956 μέχρι
3248 886 3337 939 καὶ
3369 886 3646 943 αὖτοῦ⁶⁹Ριιι-

2154 981 2344 1037 δεστοῦ
2369 978 2721 1050 παμπόλλους
2746 979 3071 1049 ἀνθρώπων,
3094 978 3185 1032 τὸν
3204 977 3261 1031 δὲ
3282 978 3476 1048 πύργον
3489 982 3645 1035 πολλῶν
3694 964 3695 979 χ

2154 1070 2579 1139 ἐγκλεισθέντων
2612 1070 3070 1139 περικαθίσαντες
3116 1068 3309 1139 ἠθελον
3351 1069 3541 1133 ἐξελεῖν.
3570 1074 3645 1127 και

2156 1132 2280 1216 ἐπεὶ
2340 1163 2583 1217 ἀδύνατα
2761 1162 2943 1231 σφίσιν
2976 1132 3151 1231 αἱρεῖν
3210 1161 3643 1230 μαχομένοιςηεδ

2156 1257 2445 1327 ὁμολογίας
2498 1258 2801 1327 ἐπειρῶντο
2840 1255 3177 1328 χειροῦσθαι.
3212 1254 3356 1307 ’Δλλ⁹
3394 1255 3491 1308 οὐδ’
3523 1256 3647 1323 οὕτως

2157 1346 2302 1421 εἶχον
2321 1368 2335 1384 ο
2365 1349 2539 1419 ταύτῃ
2558 1367 2639 1402 τοι
2664 1352 2757 1403 καὶ
2784 1350 3111 1418 ἀπογνόντες
3151 1348 3491 1417 ὑπέστρεφον.

2354 1484 2436 1553 οβ’.
2472 1484 2613 1552 Περὶ
2639 1482 2747 1537 τοῦ
2789 1483 3192 1553 Ῥομοςρορτου
3232 1477 3493 1539 Λατίνου.

2229 1619 2293 1692 [Ρ
2321 1620 2449 1693 H0]
2476 1622 2609 1674 Τότε
2641 1620 2739 1674 καὶ
2763 1622 2864 1690 τῆς
2898 1620 3219 1690 Αὐγούστης
3247 1620 3473 1691 Εἰρήνης
3504 1623 3647 1678 tuam;

2158 1712 2527 1783 ζευγνυοὺσης
2563 1716 2627 1766 ἐκ
2670 1712 3067 1782 Θεσσαλονίκης
3100 1715 3194 1766 καὶ
3238 1713 3481 1782 σταθμοῖς
3503 1714 3646 1784 βασιλι-
3700 1744 3701 1779 ι

2160 1807 2275 1867 κοῖς
2318 1804 2449 1857 ὡσεὶ
2477 1806 2607 1859 δέκα
2658 1804 2987 1871 ὲξανυούσης
3016 1805 3084 1858 τά
3127 1804 3229 1875 τῆς
3269 1804 3404 1869 ὁδοῦ,
3449 1808 3646 1873 ἀγγελθὲν

2090 1922 2127 1975 Β
2161 1897 2369 1967 βασιλεῖ
2397 1897 2622 1966 πέμψας
2641 1898 2978 1967 ἀπήγγειλεν
3003 1897 3366 1967 ὑποστρέφειν
3385 1915 3398 1927 ·
3443 1900 3554 1967 μηδὲ
3575 1903 3646 1969 γὰρ

2160 1989 2368 2043 ἀνυστά
2400 1992 2446 2042 οἱ
2476 1990 2611 2059 πρὸς
2631 1989 2745 2059 ,τὴν
2775 1990 3034 2043 ἐπάνοδον
3065 1984 3229 2052 εἶναι,
3262 1990 3367 2043 τῶν
3396 1992 3517 2043 κατὰ
3542 1992 3645 2045 δύσιν

2160 2083 2504 2151 πραγμάτων
2554 2085 2618 2135 ὲκ
2662 2083 2760 2149 τῆς
2787 2080 2895 2135 τῶν
2927 2082 3139 2152 ιχθρῶν
3178 2081 3465 2146 ἐπιθέσεως
3503 2100 3647 2152 cum»

2131 2172 2379 2249 .Oévtmv.
2409 2173 2578 2234 Αὐτὸς
2602 2173 2658 2227 δὲ
2685 2173 2762 2236 ὡς
2785 2173 3009 2226 δυνατὸν
3034 2172 3536 2241 ἀντιπαλαμώμενος

2156 2266 2426 2333 τοσαύτην
2475 2264 2677 2319 κακίαν
2708 2264 2976 2336 (ἔφθασαν
3006 2266 3118 2335 γάρ
3165 2265 3265 2319 καὶ
3292 2266 3353 2318 τὸ
3390 2265 3644 2334 Ἐξαμίλιον,

2159 2357 2425 2429 φρούριον
2450 2357 2595 2411 οὕτω
2626 2357 2943 2427 λεγόμενον,
2978 2359 3442 2427 προκατασχόντες
3465 2360 3507 2411 οἱ
3530 2356 3648 2426 T059-

2157 2468 2265 2513 κοι,
2300 2444 2381 2513 οἷς
2413 2450 2476 2521 δὴ
2511 2452 2678 2519 συνῆν
2711 2451 2806 2502 καὶ
2831 2450 2861 2503 ὁ
2903 2448 3276 2521 Ῥομοφόρτος
3310 2450 3647 2516 Κατελάνος),ὂ

2155 2541 2213 2595 δὲ
2266 2542 2521 2613 βασιλεὺς
2569 2540 2978 2613 παραπέστειλε
3043 2544 3136 2595 τὸν
3185 2542 3282 2595 ἐπὶ
3345 2539 3433 2595 τοῦ
3479 2541 3648 2612 στρατοῦ

2159 2724 2261 2777 hoc
2295 2724 2698 2779 contentionem
2728 2724 3081 2791 adhibebant,
3113 2726 3316 2780 frustra
3339 2734 3499 2778 erant.
3522 2724 3649 2793 Itaque

2157 2814 2441 2883 desperata
2468 2817 2872 2886 expugnatione
2907 2831 3003 2887 per
3025 2818 3132 2873 vim
3162 2830 3427 2886 apertam,
3463 2816 3648 2883 pellicere

2155 2905 2413 2961 obsessos
2471 2908 2536 2960 ad
2598 2908 2930 2964 deditionem
2982 2909 3392 2965 conditionibus
3431 2907 3650 2964 oll‘emidis

2158 3001 2515 3062 conabantur,
2549 3000 2718 3053 nihilo
2743 3000 2984 3057 [eiu-.iore
3023 3000 3266 3069 incepto.
3304 2999 3475 3067 Quare
3503 3000 3649 3055 omisso

2160 3092 2302 3145 vires
2333 3091 2568 3158 ipsorum
2611 3092 2911 3147 excedente
2961 3094 3199 3165 negetio,
3258 3094 3397 3148 unde
3436 3102 3647 3153 venerant,

2160 3191 2519 3238 reverterunt.

2548 3320 2631 3376 12.
2672 3319 2743 3375 De
2781 3319 3084 3389 Romoforto
3128 3319 3344 3374 Latino.

2225 3453 2336 3510 llac
2390 3455 2509 3511 vice
2571 3471 2749 3512 rerum
2818 3456 3056 3526 Augusta
3117 3453 3276 3509 lrene
3328 3450 3645 3508 Thessalonica

2153 3545 2676 3616 Conatantinopolim
2711 3557 3034 3609 revertente,
3068 3562 3133 3598 an
3178 3546 3295 3611 jam
3324 3544 3499 3597 decent
3529 3541 3650 3597 circi-

2157 3648 2240 3692 ter
2264 3638 2450 3693 dicbus
2476 3652 2541 3691 eo
2572 3638 2764 3693 itinere
2796 3653 3103 3708 progressa,
3137 3637 3233 3690 sed
3277 3651 3338 3689 ea
3370 3634 3514 3705 587
3543 3631 3652 3686 leuti-

2158 3729 2345 3785 tudine
2383 3744 2489 3799 qua
2528 3731 2704 3786 solent
2740 3730 2941 3799 regina:
2971 3730 3290 3799 procedere,
3341 3730 3652 3797 imperatam

2155 3823 2341 3877 audita
2389 3823 2538 3876 misit
2570 3821 2617 3876 ei
2649 3822 2865 3877 obviam
2889 3822 2982 3890 qui
3011 3838 3040 3875 a
3077 3835 3137 3877 se
3179 3833 3495 3889 magnopere
3519 3828 3648 3870 mone-

2160 3921 2280 3965 rent
2321 3920 2378 3965 ut
2427 3927 2645 3966 cursum
2694 3909 3019 3975 reﬂecteret,
3052 3908 3404 3979 diﬂ‘erretque
3446 3908 3493 3961 iu
3519 3905 3651 3960 urbem

2158 4006 2387 4060 reditum
2445 4005 2536 4059 tali
2583 4015 2823 4073 tempore
2877 4003 2978 4072 ipsi
3034 4001 3394 4071 periculosum
3426 4019 3439 4053 :
3470 4012 3571 4051 nam
3606 3994 3653 4046 ob

2158 4097 2501 4152 incursiones
2548 4095 2772 4151 hostiles
2821 4104 2967 4149 tanta
3011 4108 3130 4149 esse
3160 4092 3544 4163 perturbatione
3565 4101 3652 4142 corr

2157 4189 2331 4246 fusum
2358 4186 2654 4244 Occidnum
2695 4197 2927 4243 tractum
2964 4187 3304 4251 universum,
3345 4196 3400 4240 ut
3427 4183 3549 4238 nulla
3567 4192 3653 4248 spes

2155 4291 2299 4336 esset
2345 4280 2469 4334 illac
2526 4295 2645 4334 eam
2695 4279 2926 4334 transire
2958 4292 3147 4334 secure
3181 4292 3364 4349 posse.
3407 4275 3553 4331 Porro
3578 4275 3654 4341 ipse

2158 4374 2419 4428 adversus
2459 4380 2565 4426 tam
2603 4372 2951 4428 vehementes
2998 4370 3238 4426 insultas
3289 4370 3504 4425 hostium
3537 4380 3654 4433 quan-

2159 4475 2267 4519 tam
2349 4474 2556 4535 poterat
2615 4478 2895 4534 opponens
2951 4463 3356 4519 contentionem
3419 4454 3655 4514 resistendi.

2085 4589 2129 4642 υ
2159 4567 2443 4626 postquam
2473 4555 2814 4624 cognovisset
2837 4552 3045 4610 Turcos
3073 4555 3124 4609 in
3149 4555 3313 4624 paulo
3339 4562 3457 4607 aute
3483 4549 3541 4604 ab
3564 4546 3656 4642 ipsis

2156 4656 2418 4716 occupata
2446 4645 2696 4699 Examilii
2730 4660 2857 4699 arce
2888 4647 3084 4701 stativa
3122 4647 3348 4712 habere,
3383 4643 3464 4698 ubi
3490 4655 3586 4696 cum
3610 4638 3655 4690 iis

2156 4746 2275 4792 erat
2332 4735 2682 4791 ltomolortus
2721 4751 2937 4805 quoque
2986 4720 3295 4803 Catelanus,
3348 4732 3576 4789 Marulem
3610 4742 3653 4780 ei

2157 4844 2351 4900 magno
2408 4824 2667 4885 archonte
2721 4831 2909 4883 ducem
2946 4828 3218 4885 exercitus
3250 4837 3482 4884 creatum
3516 4822 3654 4894 jussit.

2156 4924 2434 4979 attributis
2469 4923 2517 4976 ei
2557 4932 2790 4990 quantas
2815 4922 3073 4991 expedire
3104 4938 3201 4991 pro
3246 4930 3475 4989 tempore
3514 4910 3653 4985 potuil.

2156 5016 2386 5071 modicis
2446 5016 2641 5085 copiis.
2677 5015 2822 5068 circa
2865 5013 3042 5068 locum
3077 5013 3467 5083 Aprodictuiu
3510 5004 3655 5063 castris

2156 5110 2381 5161 munitis
2430 5107 2736 5175 considere.
2786 5106 2867 5158 Ad
2923 5105 3064 5160 hunc
3111 5107 3213 5159 isto
3259 5105 3529 5159 haerentem
3572 5100 3655 5150 loco

2157 5198 2503 5255 Romoiortus
2531 5198 2735 5255 nuntiis
2761 5197 2902 5253 clam
2938 5198 3122 5253 missis
3149 5198 3349 5252 indicat
3381 5194 3585 5263 cogitare
3613 5199 3654 5238 se

2159 5293 2517 5363 transfugium
2555 5295 2620 5347 ad
2657 5294 3039 5360 imperatorem
3077 5306 3204 5344 cum
3249 5290 3315 5345 iis
3350 5303 3475 5358 quos
3498 5299 3554 5338 cx
3584 5292 3654 5333 sui

2156 5396 2316 5459 gente
2376 5402 2558 5442 secum
2613 5385 2837 5439 haberet
2883 5384 3232 5453 peculiariter
3275 5379 3652 5435 obnoxiosznam

2155 5482 2221 5535 de
2271 5478 2487 5543 Turcis,
2555 5478 2751 5547 quibus
2810 5478 3057 5544 precario
3115 5485 3390 5546 prazesset,
3446 5465 3652 5538 spondere

2157 5573 2292 5627 nihil
2336 5585 2515 5640 posse.
2574 5568 2747 5623 Erant
2775 5579 2952 5622 autem
2989 5582 3125 5636 quos
3164 5578 3314 5621 certo
3342 5561 3653 5619 conlideretse

2156 5664 2537 5723 adducturum,
2572 5657 2792 5712 cirt'itet‘
2837 5657 3074 5711 ducenti.
3111 5656 3216 5710 Sed
3247 5664 3514 5721 antequam
3537 5657 3651 5701 acce-

2157 5754 2329 5816 deret,
2383 5765 2584 5821 cupcre
2630 5763 2690 5805 se
2726 5748 2891 5803 nobili
2943 5759 2999 5802 et
3036 5747 3112 5801 rei
3153 5746 3403 5801 Romana:
3440 5733 3651 5808 inprimis

2159 5846 2275 5901 utili
2317 5846 2555 5901 facinore
2609 5844 2884 5915 specimen
2938 5849 2992 5898 et
3042 5843 3195 5910 quasi
3245 5840 3426 5911 pignus
3472 5828 3569 5888 tidei
3605 5838 3649 5877 ac
