3738 6542
83 384 169 446 δίῦ

896 376 999 437 ΠΕ
1034 375 1487 441 ΑΝΒΒΟΝΙΟΟ
1526 378 1992 446 ΡΑιιΕοιοοο
2034 386 2187 452 LIB.
2224 386 2363 449 νη.
2426 348 2429 351 ’

3176 396 3283 459 646

88 490 341 561 Maecilius,
369 486 634 558 παραδοὺς
682 486 943 558 δυνάμεις
986 490 1119 551 ὅσας
1150 492 1179 543 ὸ
1211 491 1400 573 usurpo;
1434 493 1589 561 ἔσχε-ο
1619 503 1662 557 Α
1692 494 1814 545 κατ’
1839 497 2112 569 ἀνατολὴν
2137 499 2377 572 φρούρια
2417 499 2889 573 ταλαιπωρεῖσθαι
2943 506 3283 576 πυνθανόμε-

84 587 218 650 Binis.
246 583 328 635 καὶ
355 584 477 651 περί
521 599 628 635 που
656 583 752 654 τὴν
783 582 982 653 Ἀπρω
1028 583 1440 655 περικαθῆσθαι
1481 587 1593 639 διε-

84 680 275 732 tartara.
327 669 415 737 Οἷς
449 673 512 744 δὴ
570 675 600 727 δ
643 673 1009 746 Ῥομοφόρτος
1051 675 1110 729 ὲν
1146 677 1482 749 ἀπορρήτοις
1517 670 1594 740 ὥς

82 770 203 837 δῆθεν
236 767 449 833 πέμπων
475 765 576 836 τὴν
610 765 745 839 πρὸς
778 765 1003 837 βασιλέα
1033 766 1129 838 ἅμ’
1173 768 1287 838 ἰδίῳ
1319 767 1433 839 λαῷ
1465 767 1595 838 περί

83 879 158 913 που
184 857 460 920 διακοσίους
483 859 807 931 ποσουμένῳ
828 858 1254 931 καθυπισχνεῖτο
1283 860 1589 923 ἀπόκλισιν,

84 954 186 1020 πλὴν
223 951 455 1020 χιλιέδων
486 952 715 1020 χρυσίου
754 953 929 1007 τόσων
970 951 1382 1007 ἀποσταλεισῶν
1413 953 1499 1022 ἐφ’
1549 945 1595 1022 ᾧ

80 1048 172 1107 τοὺς
200 1045 307 1112 περὶ
354 1041 514 1095 αὐτὸν
564 1044 1055 1116 δουλαγωγηθῆναι
1084 1046 1334 1111 καὶτοὺς
1373 1046 1593 1117 Πέρσας

83 1137 413 1203 ἁπαξάπαντας
444 1136 905 1207 προχειρίσασθαι
927 1155 942 1170 ο
982 1139 1077 1192 καὶ
1106 1141 1187 1203 είς
1228 1141 1389 1194 πέντε
1421 1141 1598 1211 χιλιά-

81 1234 151 1295 δες
170 1230 220 1282 τὺ
238 1227 586 1297 δοθησόμενον
628 1229 813 1285 ἴστων.
855 1232 915 1285 '0
956 1230 1002 1285 δ’
1047 1231 1140 1285 ἐπὶ
1177 1230 1414 1302 στρατοῦ
1455 1232 1598 1301 πέμ.

82 1340 167 1376 πων
208 1319 293 1374 σὺν
344 1318 521 1381 ἄλλοις
576 1317 869 1392 δωρήμασι
922 1321 1311 1376 διεπυνθάνετο
1364 1323 1482 1386 πῶς
1528 1321 1595 1377 ἂν

83 1415 238 1474 πάντας
273 1410 695 1481 διαχειρίσαιτοο
730 1412 757 1466 ὁ
786 1412 832 1466 δ’
859 1412 1069 1483 ἔφασκέ
1114 1416 1164 1468 οἱ
1198 1415 1325 1478 τοὺς
1360 1414 1596 1486 ἡμίσεας

83 1508 156 1571 ἔξω
183 1522 269 1557 που
311 1503 533 1569 στεῖλαι,
564 1506 665 1559 καὶ
694 1506 819 1569 τοὺς
852 1507 1351 1576 ὲναπολειφθέντας
1381 1507 1598 1577 ἐρήμην

81 1580 757 1660 ἀποκτιννύναι,“κάκε’ίνους
800 1600 863 1650 ὲκ
906 1596 1179 1669 διαδοχῆς.
1218 1597 1276 1651 Ὅ
1306 1597 1362 1651 δὲ
1395 1598 1598 1667 δεῖγμα

83 1696 149 1748 τοῦ
173 1690 380 1745 τοιούτου
411 1689 618 1762 ἀπῄτει
664 1690 801 1760 πρὸς
844 1690 1129 1746 πίστωσιν.
1152 1692 1261 1745 Καὶ
1285 1691 1499 1763 δέχεται
1532 1689 1598 1761 δὴ

85 1788 265 1858 κεφαλὰς
286 1786 491 1854 ἀνδρῶν
515 1786 924 1849 ἀποσταλείσας
945 1788 1079 1857 παρ’
1110 1787 1320 1843 ἐκείνου
1340 1788 1415 1850 ὡς
1438 1787 1599 1857 δῆθεν

87 1844 273 1950 Περσῶν.
302 1844 407 1932 Kal
441 1878 739 1949 ἠπάτησεν
767 1879 854 1943 ἂν,
885 1844 934 1934 εί
967 1844 1042 1951 pr;
1062 1898 1148 1945 τις
1173 1883 1312 1950 γυνὴ
1339 1844 1472 1951 μίαν
1490 1844 1603 1933 ἶιτῶν
1636 1844 1676 1899 Β

82 1974 277 2043 κεφαλῶν
297 1973 573 2044 ἀριδήλως
609 1973 675 2046 |P
707 1974 835 2046 ιιι]
868 1975 1166 2045 ἐγνώρισεν
1191 1975 1289 2028 τοῦ
1331 1975 1462 2029 ἰδίου
1506 1978 1601 2026 ἀν.

87 2069 189 2135 δμς,
228 2064 280 2129 ἑξ
328 2058 394 2136 ἧς
448 2065 553 2129 τὰς
593 2067 793 2131 λοιπὰς
856 2066 1151 2135 Ῥωμαίων
1189 2062 1330 2122 εἶναι
1366 2067 1510 2120 κατὰ
1547 2068 1607 2120 τὸ

93 2159 189 2221 illi);
212 2159 649 2229 ὑποτοπήσαντες
680 2160 877 2229 πείρας
908 2158 1126 2230 ἐκείνης
1157 2158 1483 2228 ἀπέσχοντο.

186 2301 255 2361 ιγ’.
282 2295 535 2360 Ἃλωσίς
573 2294 848 2364 Θυραίων
885 2282 985 2348 και
1014 2291 1124 2363 τῆς
1175 2292 1462 2365 Ἐφέσου.

144 2432 186 2484 '0
206 2432 368 2497 μέντοι
401 2447 463 2498 γε
492 2428 758 2501 βασιλεὺς
788 2429 934 2502 λιμῷ
965 2431 1059 2484 καὶ
1084 2430 1372 2503 πολιορκίᾳ
1407 2431 1501 2485 καὶ
1536 2430 1605 2483 τὰ

91 2615 248 2669 rirtulis
294 2630 401 2670 sum
470 2615 723 2684 Augusto
777 2615 928 2679 dare,
982 2612 1159 2667 Persis
1204 2610 1474 2667 omnibus.
1517 2608 1604 2676 qui

88 2684 239 2767 contra.
260 2708 525 2762 Romanos
564 2708 622 2762 in
654 2706 892 2762 Occldua
938 2706 1255 2761 continente
1288 2704 1605 2768 militarent,

88 2799 272 2856 funditus
324 2801 594 2855 delendis.
661 2798 852 2854 Verum
915 2799 979 2852 ad
1037 2800 1141 2852 boe
1192 2811 1351 2866 egere
1404 2796 1610 2858 aliquot

90 2894 267 2947 millibus
295 2894 669 2955 nu‘mmorum,
694 2902 751 2945 ut
779 2907 840 2947 ea
866 2891 1090 2960 pecunia
1116 2890 1440 2960 perpelleret
1466 2889 1607 2942 Tur-

87 2999 151 3037 cos
184 2985 266 3037 sbi
307 2985 718 3053 quadamtenus
762 2992 1015 3052 parentes
1062 2982 1127 3035 ad
1163 2981 1517 3053 pugnandum
1553 2980 1604 3034 in

86 3075 229 3130 Persas
254 3078 442 3142 socios,
472 3078 627 3148 quod
676 3077 742 3131 iis
776 3086 999 3131 ostenso
1024 3082 1247 3148 praemio
1282 3074 1439 3129 facile
1481 3087 1604 3141 pcr-

87 3169 355 3223 suadendum
416 3168 759 3243 conﬁdebat,
803 3168 927 3224 licet
978 3183 1010 3222 a
1068 3181 1253 3222 rursus
1309 3167 1603 3236 obliganda
1633 3196 1676 3252 ο

86 3263 339 3331 imperatori
403 3264 510 3318 fide
570 3264 709 3319 adeo
741 3262 952 3318 videret
1007 3260 1382 3324 abhorrentes,
1433 3269 1489 3314 ιιι
1542 3275 1608 3316 eo

86 3357 170 3412 illos
200 3372 418 3428 unquam
469 3370 800 3413 assensuros
830 3356 989 3425 plane
1021 3356 1355 3425 desperaret.
1389 3354 1609 3423 Accepit

84 3448 253 3503 credule
296 3449 723 3518 propositionem
779 3447 1033 3512 Marules,
1080 3456 1135 3502 et
1166 3462 1275 3517 quo
1306 3449 1479 3515 magis
1530 3449 1608 3501 ln-

86 3540 263 3596 clinarct
308 3542 384 3598 sic
408 3541 523 3612 jam
563 3539 820 3594 aﬂ'ectum
855 3538 1156 3594 Romoforti
1199 3539 1463 3603 animum,
1490 3554 1608 3591 mu-

85 3647 177 3686 nera
210 3634 301 3701 ipsi
348 3649 443 3700 per
490 3631 798 3687 submissos
854 3631 920 3685 ad
986 3630 1212 3684 ulterius
1268 3632 1606 3683 tractandum

85 3738 161 3778 non
184 3740 323 3792 parva
352 3724 576 3779 obtulit.
620 3722 717 3777 llis
768 3722 1078 3776 distinctius
1112 3721 1510 3789 inquirentibus
1544 3722 1609 3775 de

86 3831 243 3874 stltnrna
275 3833 428 3887 quam
467 3826 739 3886 posceret,
773 3815 863 3870 ille
898 3813 1265 3885 respondebat
1328 3814 1469 3867 haud
1510 3813 1609 3866 mi-

86 3923 223 3964 norem
265 3925 381 3965 esse
428 3911 632 3965 debere
686 3908 925 3978 quinque
990 3906 1318 3975 aureorum]
1350 3906 1607 3970 millibus,

87 4005 215 4069 pretio
249 4020 344 4059 non
394 4018 622 4076 magno,
656 4004 701 4059 si
736 4018 859 4058 cum
909 4001 1165 4071 promissi
1212 4014 1393 4069 operte
1450 3999 1608 4069 pretii

85 4093 267 4149 utilitate
300 4096 500 4166 ingenti
550 4102 987 4164 compararetur.
1022 4088 1205 4147 Facile
1240 4092 1292 4146 in
1325 4090 1431 4145 hoc
1465 4105 1610 4145 con-

86 4190 284 4244 veniebat
340 4191 609 4247 blarules:
670 4188 763 4244 sed
820 4188 970 4256 prius
1029 4184 1452 4257 percontabatur
1504 4198 1609 4255 qua

84 4278 256 4334 demum
313 4282 525 4337 ratione
581 4295 697 4335 rem
773 4294 935 4348 quam
990 4278 1346 4347 pollicebatur
1406 4277 1608 4346 oppido

86 4369 303 4425 difficilem
348 4374 715 4440 perfecturum
784 4385 843 4425 se
890 4371 1208 4424 contideret.
1278 4368 1359 4422 Ad
1408 4382 1471 4423 ea
1522 4367 1611 4422 ille

88 4458 217 4532 588
255 4479 634 4533 persuasurum
671 4477 730 4517 se
770 4462 948 4517 aiebat
975 4460 1115 4529 parti
1151 4460 1386 4513 dimidia:
1417 4460 1609 4514 Persa-

90 4566 174 4606 rum
221 4564 272 4607 ut
320 4555 425 4611 alio
476 4556 715 4621 abirent,
750 4554 929 4626 prmda
960 4567 1119 4620 quam
1160 4551 1270 4606 illic
1310 4552 1608 4619 diriperent
1642 4538 1687 4592 θ

87 4654 275 4710 ostensa,
309 4647 458 4716 cujus
508 4662 605 4701 eos
666 4646 831 4700 sciret
884 4643 1264 4699 aridissimos:
1293 4642 1362 4697 iis
1412 4642 1494 4696 sic
1530 4641 1611 4695 di-

90 4741 243 4803 gressis
271 4742 331 4809 in,
360 4741 608 4794 residuos
671 4734 792 4792 cu'ui
845 4739 959 4792 suis
992 4736 1204 4790 Cunctis
1250 4750 1356 4788 una
1401 4732 1610 4803 jnnCtis

89 4824 251 4883 Latinis
278 4840 323 4883 el
350 4830 543 4885 Turcis
591 4831 887 4900 improviso
936 4828 1224 4892 ruiturum,
1285 4826 1610 4881 interfectu-

92 4932 269 4989 rumque
313 4924 452 4976 baud
504 4922 666 4977 dubie
719 4921 1040 4986 universos;
1095 4929 1206 4973 tum
1242 4919 1295 4973 in
1326 4920 1461 4974 alios
1490 4917 1609 4971 illos

90 5009 290 5067 similiter
338 5023 630 5078 moturum,
681 5013 903 5082 parique
936 5012 1105 5065 exitio
1135 5026 1333 5079 paucos
1366 5025 1463 5062 nec
1490 5009 1610 5074 opi-

95 5113 243 5159 nantes
280 5105 614 5161 allecturum.
660 5104 755 5158 llis
789 5105 935 5158 ultro
962 5105 1194 5157 addebat
1223 5119 1366 5168 sese,
1401 5106 1443 5156 si
1486 5102 1598 5156 Ma.

95 5193 211 5259 rules
231 5197 394 5258 vellet.
428 5204 481 5251 in
534 5200 751 5251 arrbam
802 5198 1088 5267 promissa:
1119 5212 1297 5265 opera-
1321 5196 1433 5264 jzim
1469 5211 1612 5249 nunc

99 5283 334 5342 missurum
365 5290 566 5359 aliquot
608 5289 785 5359 capita
816 5290 1104 5343 Persarum
1140 5288 1277 5341 clam
1311 5302 1339 5339 a
1370 5302 1429 5341 se
1464 5286 1612 5340 orci-

100 5386 261 5434 soruut.
280 5381 350 5434 Ad
367 5383 506 5449 quod
527 5382 651 5436 huic
676 5381 988 5436 aSsentienti
1010 5379 1167 5449 paulo
1186 5388 1302 5446 post
1323 5378 1614 5433 adfuerunt

103 5481 123 5517 a
145 5465 418 5528 lionioforto
437 5474 613 5543 capita
648 5489 837 5528 recens
853 5483 997 5526 secta
1047 5471 1405 5542 quorumdam
1440 5470 1615 5524 ltOtttl-

102 5569 218 5622 num,
246 5578 369 5630 quos
396 5566 491 5633 ipsi
519 5564 689 5619 fuisse
711 5561 907 5616 Persas
931 5562 1263 5616 aﬂirtnarent
1285 5561 1610 5626 afferentes;

104 5662 180 5715 ‘l‘la
208 5657 366 5723 Specie
404 5659 653 5711 inductus
681 5658 734 5709 in
767 5656 1009 5709 fraudem
1045 5666 1189 5710 esset
1220 5658 1397 5709 minus
1426 5664 1615 5708 cautus

103 5740 180 5793 dux
214 5758 401 5812 uoster,
446 5748 795 5819 pecuniaeque
836 5747 1105 5817 iacturam
1154 5747 1352 5799 damno
1395 5746 1615 5812 insuper

106 5835 251 5903 maiori
316 5858 431 5899 mox
483 5844 552 5900 ab
610 5842 822 5898 insidiis
885 5841 1250 5914 perfidorum,
1324 5838 1612 5909 transfugii

1695 600 1804 648 νος,
1834 587 1926 640 τὸν
1950 588 2051 657 μὲν
2084 588 2244 660 λιμὸν
2274 593 2339 646 ἐκ
2365 591 2476 644 τῶν
2505 594 2648 646 κατὰ
2691 594 2847 649 πόλιν
2883 598 3157 664 μεγίστων
3187 616 3286 669 μο-

1696 677 1803 731 νῶν
1841 674 1902 731 τδ
1934 681 2188 749 περιττὸν
2238 682 2347 735 τῶν
2391 683 2555 738 σίτων
2598 684 2860 755 ἐκλέγων,
2894 687 3131 742 στέλλων
3158 691 3285 753 τοὺς

1695 770 2116 840 διακομίσοντας
2176 774 2321 830 κατὰ
2371 777 2674 844 θάλασσαν,
2725 779 2802 842 ὡς
2859 774 2926 844 ἧν
2958 780 3285 853 θεραπεύειν

1697 862 1982 933 ἠπείγετο,
2006 864 2104 931 τὴν
2134 864 2191 919 δὲ
2215 869 2321 920 τῶν
2349 868 2610 939 Τούριιων
2642 870 3016 943 καταδρομὴν,
3050 875 3116 927 τὰ
3145 876 3284 927 αὐτὰ

1698 953 1776 1026 τῷ
1812 956 1948 1009 Κάνι
1986 958 2094 1009 τῶν
2124 958 2387 1029 Τοχὰρων
2419 960 2769 1032 Χαρμπαντᾷ
2795 961 2829 1015 δι
2850 960 2914 1035 δὴ
2941 966 3034 1017 καὶ
3069 963 3145 1034 τῷ
3174 967 3285 1018 Κα-

1699 1047 1836 1118 ζάνῃ
1863 1048 2412 1120 διαπρεσϐευόμενος.
2440 1050 2594 1122 ἠξίου
2623 1054 2762 1107 κατὰ
2789 1058 3109 1127 συμμαχίαν
3143 1060 3287 1126 πέμ-

1700 1158 1871 1194 ποντα
1921 1142 2148 1211 στρατὸν
2178 1143 2547 1199 ἀναστέλλειν.
2600 1147 2812 1217 Μικρὸν
2844 1147 2987 1211 ὅσον,
3026 1148 3122 1201 καὶ
3154 1151 3287 1218 πρέ-

1701 1234 1849 1299 σὸεις
1888 1236 2113 1290 ὲκεῖθειδ
2131 1237 2411 1306 ἀφίκοντο,
2449 1240 2544 1292 καὶ
2575 1241 2828 1308 ἀγγελίαι
2870 1241 2946 1307 ὡς
2969 1248 3097 1314 περὶ
3125 1250 3177 1314 μ’
3202 1264 3287 1313 χιι

1699 1326 1884 1391 λιὰδας
1934 1326 2144 1399 ἀνδρῶν
2179 1332 2434 1401 μαχίμων
2482 1332 2581 1405 ήδη
2634 1330 3179 1407 καθητοιμάσθησαν,
3210 1331 3285 1393 ὧν

1698 1420 1797 1484 τὰς
1850 1427 1919 1503 ac"
1948 1422 2159 1490 φθάσας
2187 1426 2215 1476 δ
2245 1426 2338 1478 τοῦ
2384 1427 2740 1495 Χαρμπαντᾶ
2780 1429 3106 1497 αὐτανέψιος
3161 1433 3288 1496 ἄγει

1701 1513 1831 1582 περί
1861 1530 1967 1565 που
2002 1514 2059 1566 τὸ
2102 1515 2321 1569 Ἰκόνιον
2346 1535 2358 1549 ο
2391 1519 2726 1587 μεθέπεσθαι
2755 1519 2811 1572 δὲ
2839 1521 2934 1574 καὶ
2969 1520 3065 1585 τὰς
3094 1523 3288 1585 λοιπὰς

1701 1605 1749 1657 οί
1782 1605 2042 1674 πρέσϐεις
2067 1607 2424 1673 διεὸτϐαίουν,
2456 1605 2595 1662 εἶναι
2620 1610 2674 1662 δὲ
2712 1610 2787 1682 μὴ
2825 1610 2985 1666 πλέον
3013 1614 3165 1684 σφίσι
3193 1613 3287 1667 τοῦ

1704 1693 1896 1763 μαθεῖν
1924 1693 2021 1765 τὴν
2048 1697 2142 1748 τοῦ
2174 1696 2442 1767 βασιλέως
2475 1698 2713 1770 θέλησιν,
2741 1701 2873 1754 ὅπου
2896 1702 2989 1755 καὶ
3018 1702 3108 1754 ἐπὶ
3135 1704 3289 1766 τίνεις

1704 1785 2098 1854 προσϐάλλοιεν
2130 1790 2462 1858 ἀμυνόμενοι
2494 1791 2619 1851 τοὺς
2647 1790 2969 1865 ἀλάστορας.
2999 1796 3107 1847 Καὶ
3129 1797 3157 1847 ὁ
3191 1797 3289 1866 μὲν

1706 1879 1924 1947 κρατῶν
1957 1881 2014 1931 ὲν
2048 1881 2259 1945 τούτοις
2289 1878 2375 1955 ἦν,
2415 1884 2509 1937 καὶ
2538 1884 2687 1955 δῶρα
2718 1888 2811 1941 καὶ
2859 1889 3120 1958 πρέσϐεις
3155 1890 3289 1960 πρὸς

1709 1967 1947 2033 ἐκείνους
1972 1970 2384 2040 ἐξητοιμάζετοσ
2405 1976 2726 2053 ἀγγέλλεται
2746 1979 2802 2031 δὲ
2824 1981 2919 2035 καὶ
2939 1983 3097 2053 φήμη
3121 2000 3291 2053 προσ-

1706 2059 1988 2128 τρᾶπαιος,
2022 2062 2096 2124 ὡς
2130 2066 2494 2134 κατείληπται
2529 2042 2762 2135 Ἔφεσος
2806 2072 2958 2141 παρὰ
3019 2071 3113 2125 τοῦ
3149 2075 3290 2143 Περι-

1710 2150 1914 2220 σάρχον
1970 2152 2171 2217 Σασᾶν,
2229 2154 2285 2216 ὃς
2334 2157 2578 2227 γαμϐρὸς
2609 2160 2723 2227 ἅμα
2768 2162 2864 2215 καὶ
2913 2162 3165 2233 θεράπων
3191 2165 3289 2217 τοῦ

1712 2244 2011 2313 Καρμανοῦ
2066 2247 2383 2317 Μανταχίου
2435 2249 2510 2303 ὢν
2548 2252 2759 2306 ἐκείνου
2813 2254 2911 2323 μὲν
2971 2256 3036 2308 ὲκ
3092 2256 3289 2311 πολλοῦ

1710 2335 2077 2407 ὰπεστὰιησε,
2135 2342 2255 2393 καθ’
2306 2343 2497 2395 ἑαυτὸν
2542 2344 2600 2397 δὲ
2654 2346 2915 2416 δυνάμεις
2968 2348 3115 2418 ἄγων
3147 2350 3290 2421 ὑπὲρ

1711 2429 1913 2482 ἐκεῖνον
1947 2433 2325 2501 ἐκραταιοῦτο.
2348 2437 2455 2488 Καὶ
2478 2437 2542 2508 δὴ
2572 2440 2824 2510 προεάλω
2847 2442 2943 2512 μὲν
2963 2445 3097 2514 παρ’
3120 2443 3288 2499 αὐτοῦ

1711 2612 1932 2667 obtentu
1990 2615 2195 2671 cladem
2249 2619 2400 2673 nobis
2458 2637 2650 2676 novam
2690 2624 3067 2692 molientium,
3104 2643 3294 2681 cumu-

1712 2705 1904 2770 lasset,
1929 2708 2036 2761 nisi
2071 2708 2209 2763 forte
2243 2722 2453 2779 reperta
2481 2711 2592 2769 illic
2622 2712 2864 2770 Romana
2899 2717 3092 2772 mulier
3124 2733 3290 2772 unum

1711 2812 1742 2852 e
1772 2799 2041 2869 capitibus
2096 2801 2276 2857 allatis
2316 2804 2396 2858 sui
2425 2806 2527 2859 viri
2560 2821 2588 2857 a
2620 2804 2895 2863 Catelauis
2948 2825 3119 2880 nuper
3149 2812 3291 2880 capti

1711 2891 2017 2945 certissimo
2052 2892 2453 2970 sibiagnitum,
2483 2894 2772 2964 eiulatibus
2797 2908 2993 2955 cuncta
3030 2901 3286 2966 miscens.

1712 2996 1831 3041 esse
1865 2983 2164 3054 dejeraret;
2202 2986 2344 3041 unde
2395 2987 2707 3059 suspicione
2745 3002 2865 3046 orta
2916 2993 3121 3063 reliqua
3151 3009 3293 3063 quo-

1714 3086 1817 3141 que
1874 3075 2047 3144 capita
2078 3074 2474 3132 Romanorum
2509 3093 2629 3134 esse
2677 3080 2929 3151 malaque
2959 3081 3063 3138 ﬁde
3094 3082 3293 3138 Romo-

1712 3164 1919 3220 furtum
1951 3180 2132 3236 agere,
2169 3168 2464 3224 damnosus
2507 3186 2630 3225 cum
2674 3172 3013 3243 deprehenso
3036 3174 3145 3243 jam
3170 3191 3296 3246 pro-

1713 3255 1891 3311 ditore
1924 3266 2191 3312 tractatus
2219 3260 2485 3330 abruptus
2519 3277 2625 3319 est.

1929 3388 2018 3444 15.
2052 3384 2468 3460 Τὴυνιεοηηιέει
2499 3391 2694 3463 Ephesi
2737 3397 3076 3465 expugnatio.

1781 3528 1855 3579 At
1888 3537 2184 3594 Imperator
2210 3525 2353 3582 fame
2387 3539 2440 3584 et
2468 3529 2750 3586 obsidione
2783 3548 2937 3587 arces
2972 3548 3068 3605 per
3093 3533 3295 3591 Orien-

1715 3618 1878 3673 talem
1941 3628 2170 3674 tractant
2230 3620 2483 3679 laborare
2560 3626 2827 3691 audiens,
2886 3626 3018 3682 fami
3074 3628 3292 3698 quidem

1710 3732 2034 3775 succurrere
2056 3731 2287 3776 conatus
2311 3730 2394 3776 est
2424 3719 2700 3774 frumento
2731 3736 2895 3789 sopra
2929 3737 3086 3775 usum
3117 3723 3295 3775 abun-

1713 3811 1876 3881 dante
1954 3814 2327 3869 nccessarium
2389 3827 2419 3867 e
2467 3812 2721 3866 maximis
2772 3812 3076 3882 quibusque
3143 3814 3295 3868 urbis

1714 3906 2063 3957 monasteriis
2092 3913 2398 3972 corrogato,
2423 3902 2798 3973 miniSIrisque
2823 3906 3024 3958 tradito
3064 3906 3292 3969 idoneis.

1713 3995 1807 4066 qui
1843 3994 1970 4046 illud
2008 3994 2140 4049 n.a:'i
2176 4010 2284 4063 quo
2314 4003 2431 4049 erat
2476 4010 2612 4061 opus
2655 3993 2948 4050 deferrent.
2984 3995 3291 4054 Turcorum

1713 4103 1841 4142 vero
1891 4087 2252 4141 incursionem
2288 4102 2545 4142 coercere
2594 4088 2801 4142 studuit
2857 4088 3042 4143 missis
3096 4089 3290 4160 legatis

1714 4180 1779 4233 ad
1831 4194 2026 4232 novum
2095 4178 2264 4233 Canio
2308 4177 2686 4232 Tocltarorum
2762 4177 3290 4249 Charmpantanem,

1712 4275 1801 4342 qui
1830 4271 2016 4325 eadem
2051 4286 2079 4324 a
2110 4286 2167 4324 se
2199 4270 2344 4323 illmn
2401 4280 2653 4342 rogarent
2685 4287 2807 4339 ilus:
2840 4270 2953 4340 jam
2999 4273 3294 4342 impetras.

1712 4374 1795 4421 set
1845 4365 1912 4418 ab
1967 4363 2135 4432 ipsius
2193 4363 2485 4418 decessore
2527 4362 2768 4429 Cazane,
2821 4376 3011 4431 nempe
3073 4373 3132 4417 ut
3187 4363 3291 4418 sibi

1714 4458 1956 4511 sub'litos
2000 4456 2225 4524 populos
2268 4469 2334 4510 ac
2372 4464 2620 4524 satrapas
2658 4463 2863 4509 vetaret
2905 4463 3078 4508 terras
3124 4455 3297 4523 impc-

1719 4549 1912 4603 ratoris
1967 4546 2336 4601 [tertianorum
2394 4547 2496 4600 sibi
2543 4546 2702 4599 amici
2735 4562 2797 4600 ac
2829 4545 3079 4600 foederati
3127 4545 3296 4600 hosti-

1720 4644 1843 4695 liter
1895 4639 2173 4693 infestare.
2228 4640 2308 4692 Ac
2362 4640 2657 4692 retulerant
2713 4637 2869 4705 paulo
2904 4647 3030 4691 ante
3068 4639 3295 4692 reduces

1718 4735 1875 4804 legati
1905 4747 2130 4801 pronum
2161 4746 2217 4784 se
2246 4732 2311 4784 ad
2339 4731 2679 4783 anuuendum
2710 4729 2996 4798 postulatis
3025 4731 3294 4800 reperisse

1716 4824 2236 4893 Cliarmpantauem.
2294 4820 2529 4890 Jamque
2590 4821 2637 4875 is
2690 4823 2826 4874 adeo
2873 4820 3194 4877 audiebatur
3238 4824 3292 4877 in

1718 4936 1837 4974 eam
1895 4936 2004 4973 rem
2063 4919 2361 4972 exercitum
2423 4914 2811 4982 conscripsisse
2867 4930 2972 4968 non
3028 4916 3292 4970 minorem

1720 5010 2072 5082 qu:idraginta
2110 5007 2345 5060 millibus
2385 5004 2805 5059 exercitatornm
2852 5004 2989 5059 bello
3023 5006 3291 5073 militum;

1720 5117 1949 5173 quorum
1981 5099 2164 5167 viginti
2194 5096 2356 5149 millia
2388 5095 2631 5161 ejusdem
2651 5093 3106 5162 Charnipantanis
3132 5095 3298 5166 589
3328 5116 3339 5123 κ

1720 5192 1909 5248 fratris
1970 5190 2117 5243 ﬁlius
2181 5190 2381 5241 ducere
2444 5185 2821 5247 nuntiabatur,
2877 5187 3296 5256 pervenisseque

1715 5282 1823 5350 jam
1914 5283 2061 5334 circa
2150 5279 2414 5333 Iconium.
2486 5275 2739 5345 Reliquos
2820 5293 2944 5330 mox
3008 5288 3295 5331 secuturos

1722 5378 1880 5447 legali
1935 5373 2292 5429 afﬁrmabant.
2342 5371 2473 5425 Esse
2527 5384 2691 5440 porro
2746 5369 2830 5423 bis
2864 5371 3178 5423 mandatum
3226 5383 3293 5424 ex

1722 5467 2064 5539 imperatoris
2095 5476 2224 5520 nutu
2259 5466 2516 5534 pendere,
2549 5463 2812 5533 quidquid
2860 5463 2946 5517 ille
2992 5461 3295 5532 significas-

1721 5576 1805 5621 set
1861 5558 2227 5629 exsequendo.
2278 5559 2540 5612 veniendo
2601 5569 2710 5627 quo
2770 5566 3036 5621 vocasset,
3095 5555 3146 5608 in
3201 5570 3296 5612 eos

1723 5652 1989 5709 movendo
2044 5665 2182 5720 quos
2231 5650 2526 5705 iudicasset
2579 5663 2609 5702 e
2660 5646 2894 5715 satrapis
2930 5662 3030 5701 suo
3067 5646 3296 5716 imperio

1723 5746 1953 5803 infestis.
1987 5744 2124 5800 Dum
2181 5744 2295 5798 haec
2340 5743 2637 5813 imperator
2668 5741 2894 5794 audiens
2926 5752 2977 5794 et
3007 5740 3214 5809 legatos
3242 5749 3296 5793 et

1724 5853 1947 5894 munera
1996 5852 2117 5905 qua:
2159 5836 2212 5892 itt
2253 5849 2540 5891 occursum
2574 5841 2681 5888 tam
2715 5833 3035 5896 opportunis
3068 5831 3293 5886 auxiliu-

3344 1492 3363 1533 Ι
