3738 6546
449 409 554 472 δί’]

1649 409 1969 472 omnem
2033 401 2520 470 PACHYMEIt.-E
3119 368 3129 376 ’
3568 412 3641 482 με

449 525 511 578 τὺ
535 527 714 579 ἐκεῖσε
752 519 1130 594 τῶνθυραίων
1159 523 1441 596 φρούριον,
1477 524 1558 598 [Ρ.
1599 525 1727 597 M2]
1760 523 1903 595 λιμῷ
1928 542 2024 577 πο-
2061 529 2102 586 Α
2133 520 2294 595 ἦσαν,
2343 527 2438 580 καὶ
2489 526 2646 591 δόξαν
2677 525 2740 579 ἐκ
2775 524 2981 577 πολλῶν
3038 521 3262 587 ἐδίδουν,
3321 523 3366 576 εἰ
3401 523 3467 596 μὴ
3491 529 3640 596 litavi};

449 617 710 688 λυημέρῳ
758 619 881 679 τοὺς
915 617 1032 669 ἐκεῖ
1071 617 1568 687 παραστησαμένου
1594 635 1606 650 ·
1633 620 1756 672 ἐπεὶ
1783 618 1828 669 δ’
1866 615 2022 677 αὖθις

446 709 649 778 ταύτης
676 711 837 781 χάριν
866 711 962 779 τῆς
993 711 1166 772 αἰτίας
1193 708 1250 775 ἐξ
1288 711 1580 781 ὁμολογίας
1611 709 1705 763 τοῦ
1743 710 1815 780 μή
1844 727 1893 762 τι
1918 709 2026 762 τῶν

447 803 763 870 ἀνηκέστων
796 803 920 865 τοὺς
960 801 1282 871 ἀνθρώπους
1329 803 1522 857 παθεῖν
1558 803 2026 871 συγκατείληπται

448 897 599 966 καὶὴ
635 897 890 963 Ἔφεσος,
929 895 1096 965 σκεύη
1129 895 1226 964 μὲν
1273 896 1456 948 ἐκεῖνα
1508 895 1574 948 τὰ
1604 894 1681 965 τῷ
1721 894 1832 964 ναῷ
1868 895 2025 962 ἀφιε-

451 987 670 1057 ρωμένα
705 985 796 1040 τοῦ
827 987 1190 1056 ἡγαπημένου
1219 985 1296 1054 τῷ
1325 987 1548 1058 Χριστῷ
1592 987 1687 1040 καὶ
1727 985 2024 1056 παρθένου,

448 1081 748 1150 χρημάτων
781 1097 840 1132 τε
873 1079 1104 1133 ἄπιστον
1154 1079 1356 1148 πλῆθος
1405 1079 1728 1149 διεφορεῖτο,
1787 1076 2026 1148 μετῳκί-

367 1239 372 1242 _
449 1171 604 1232 ζοντο
633 1170 689 1222 δέ
725 1170 816 1222 καὶ
849 1170 898 1222 ot
922 1170 1140 1230 πλείους
1187 1168 1294 1221 τῶν
1325 1169 1557 1224 πολιτῶν
1582 1171 1674 1222 ἐπὶ
1702 1169 1762 1221 rb
1785 1169 1892 1221 τῶν
1924 1166 2028 1219 Θυ-

451 1261 620 1328 ραίων
653 1261 932 1333 φρούριον,
953 1262 1064 1315 δέει
1091 1261 1184 1315 τοῦ
1210 1263 1284 1332 μή
1312 1279 1366 1314 τι
1389 1262 1578 1316 παθεῖν
1601 1263 1664 1316 ἐκ
1685 1261 1874 1316 δούλου
1904 1261 2028 1322 τοὺς

453 1356 770 1425 Περσάρχας
832 1355 999 1425 ἄχαρι
1053 1353 1393 1424 ἐπιθεμένων
1429 1355 1676 1420 ἐκείνων,
1733 1353 1799 1423 ἦν
1839 1351 2027 1420 καιρὸς

448 1446 640 1516 διδοίη.
671 1447 902 1509 Ἀλλους
929 1447 985 1498 δέ
1017 1447 1303 1512 πλείστους
1322 1446 1483 1519 ἔργον
1509 1445 1779 1517 μαχαίρας
1809 1444 2029 1496 ἐποίουν

449 1539 661 1592 ἀνοικτ“ι
697 1555 768 1608 σφ
780 1539 1053 1602 ἁττοντες.

452 1655 534 1710 ιδ’.
561 1653 900 1721 Ἀποστολὴ
939 1655 1254 1722 βασιλέως
1308 1656 1459 1724 πρὸς
1511 1655 1829 1710 Γέννουαν
1877 1653 2038 1726 ὑπὲρ,

1058 1728 1430 1796 συμμαχίας.

521 1840 688 1894 Ταῦτ’
737 1839 1130 1909 ἀγγελλόμενα,
1171 1840 1264 1892 καὶ
1317 1841 1455 1910 πρδς
1505 1840 1688 1903 αὐτοῖς
1718 1839 1860 1910 ἕτερ’
1894 1839 2028 1893 ἄττα

451 1931 600 1985 δεινᾶ
631 1929 754 1985 καθ’
781 1932 1018 1999 ἡμέραν,
1054 1931 1241 1994 δεινῶς
1272 1931 1460 1984 ἀλύειν
1502 1931 1720 1983 ἐποίουν
1747 1932 1836 1983 τὶν
1870 1930 2028 2000 βασι-

451 2023 568 2075 λέα.
595 2021 669 2073 Οὐ
700 2021 805 2091 μὴν
834 2017 878 2074 δ’
911 2023 966 2083 ἐς
991 2020 1145 2084 τέλος
1171 2021 1529 2084 κατέπιπτεν,
1562 2021 1700 2074 ἀλλᾶ
1727 2023 1820 2074 καὶ
1845 2020 2027 2083 αὐτὸς,

452 2113 574 2166 ὅσον
609 2108 776 2181 εἶχεν,
832 2111 931 2164 οὐκ
962 2111 1154 2180 ἔληγεν
1185 2111 1734 2180 ἀντιπσλαμώμενος,
1775 2108 1870 2162 καὶ
1894 2108 2032 2168 τέως

451 2204 512 2256 τὸ
542 2205 830 2272 ἐγκόλπιον
861 2204 1030 2256 κακὸν
1063 2203 1202 2273 ὑπὲρ
1233 2203 1398 2257 τᾶλλα
1433 2201 1616 2254 ἔθελεν
1647 2201 1920 2269 ἀνασπᾷν.
1957 2199 2032 2251 Τὸ

452 2293 498 2345 δ’
519 2289 586 2366 ἦν
623 2293 994 2364 Ἀμογάιϐαροί
1039 2310 1098 2345 τε
1145 2292 1238 2346 καὶ
1277 2290 1326 2344 οἱ
1359 2292 1458 2344 σὺν
1482 2291 1662 2353 αὐτοῖς
1695 2290 1922 2358 Πέρσαι,
1950 2281 2032 2351 οἷς

452 2386 516 2458 δὴ
550 2388 643 2444 καὶ
702 2388 749 2438 οἱ
809 2386 922 2440 ἀνω
953 2384 1214 2456 ῥηθέντες
1265 2384 1406 2454 ὑπὲρ
1453 2385 1582 2445 τοὺς
1614 2383 1820 2452 χιλίους
1879 2381 2032 2442 ὄντες

455 2479 858 2548 Τουρκόπουλοι
905 2475 1359 2548 προσεχώρησαν.
1426 2477 1644 2544 Ἐπειδὴ
1675 2463 1784 2546 γὰρ
1812 2474 2031 2542 σύναμα

467 2571 712 2634 ’Λλανοῖς
773 2569 1199 2639 ἀφειστήκεσαν,
1258 2567 1455 2620 ἐκεῖνοι
1517 2568 1616 2636 μὲν
1659 2565 1778 2620 κατ’
1835 2565 2033 2628 αὐτοὺς

455 2745 608 2801 ribus
655 2743 892 2799 destinet
947 2740 1206 2810 exquirit,
1238 2736 1419 2792 turbat
1452 2752 1578 2793 ecce
1610 2736 2028 2808 gratulationem

456 2837 573 2908 ejus
608 2837 748 2891 fama
777 2849 906 2889 sane
943 2832 1150 2897 feralis,
1175 2834 1430 2886 nuntians
1462 2841 1675 2898 captam
1705 2829 1973 2898 Ephesum
2000 2843 2031 2881 a

458 2929 760 2986 Persarcha
799 2927 1032 2990 Sasane,
1057 2927 1147 2995 qui
1188 2940 1355 2995 gener
1397 2924 1557 2978 simul
1595 2933 1648 2976 et
1677 2936 1869 2977 servus
1893 2920 2032 2975 Car-

458 3023 603 3078 mani
650 3021 963 3076 Mantachia:
1016 3035 1139 3074 cum
1187 3026 1350 3082 esset,
1395 3019 1464 3072 ab
1497 3017 1588 3072 illo
1628 3017 1846 3086 quidem
1890 3016 2033 3087 jam-

456 3119 664 3188 pridem
709 3115 1003 3177 defecerat,
1044 3112 1280 3181 propriis
1320 3122 1498 3165 autem
1543 3110 1803 3180 auspiciis
1837 3111 2028 3180 copias

2132 617 2267 686 πρὸς
2297 617 2565 688 βασιλέως
2605 615 2903 686 μισθοῖντο,
2959 615 3267 684 ἀποχωρεῖν
3305 613 3432 682 προς
3468 616 3642 683 ’(ισφεν.
3711 675 3715 688 j

2130 710 2439 764 τίσθλαϐον.
2474 709 2662 762 Ταῦτα
2688 710 2796 778 γὰρ
2831 707 3243 774 Κουτξιμπαξις
3262 707 3524 776 ἐπανήκων
3545 711 3642 779 πρὶς

2132 802 2360 872 βασιλέα
2388 801 2720 856 διεϐεϐαίου·
2746 802 2959 872 πρῶτοι
2987 799 3044 852 δέ
3069 799 3176 852 τῶν
3197 800 3491 870 ίερομάγων
3509 802 3644 854 tofm-

2134 911 2209 962 μα
2243 893 2400 946 τοῦτο
2431 891 2845 963 ἐξελληνίζεται.
2873 891 2937 947 Οἱ
2987 891 3045 945 δέ
3090 891 3304 944 Ἀλανοὶ
3343 890 3568 961 μαθθντες
3593 895 3644 948 ὡς

2131 986 2536 1056 Τουρκόπουλοι
2593 984 2886 1039 ἀπέκλινον
2939 984 3080 1054 προς
3143 983 3522 1037 Καλλιούπολιν
3561 988 3600 1054 ἇε

2131 1079 2347 1148 γυναιξὶ
2383 1078 2479 1132 καὶ
2513 1078 2726 1142 παισὶν,
2756 1077 2955 1148 αἴφνης
3002 1075 3417 1137 ἐπεισπεσόντες
3438 1078 3596 1129 κατὰτ

2134 1171 2270 1240 πρὸς
2304 1168 2531 1241 βασιλέα
2560 1169 2722 1241 δῆθεν
2758 1169 2942 1240 χάριν,
2976 1168 3248 1238 γυναῖκας
3271 1167 3336 1218 ἐκ
3368 1166 3590 1224 πολλῶνᾰ

2132 1281 2233 1332 γας
2283 1267 2378 1317 καὶ
2437 1263 2634 1326 παῖδας
2685 1262 3044 1334 περισχόντες
3100 1261 3240 1329 πρὸς
3270 1261 3360 1312 τὸν
3398 1260 3572 1334 κρατοιξ

2133 1356 2483 1411 ἀπέστελλον.
2512 1354 2700 1426 Ταύτῃ
2733 1372 2816 1407 τοι
2852 1355 2946 1407 καὶ
2975 1353 3083 1406 τῶν
3111 1351 3325 1423 ἐχθρῶν
3368 1369 3520 1422 κρατυ

2133 1468 2261 1514 νων,
2315 1448 2389 1514 ὡς
2439 1449 2536 1502 καὶ
2585 1447 2896 1512 ἐξελαύνειν
2933 1445 3030 1498 καὶ
3056 1444 3416 1514 κατατρέχειν
3440 1445 3501 1497 τὰ
3523 1443 3644 1514 λοιπὰ

2132 1543 2229 1612 τῆς
2261 1540 2480 1612 Θρᾴκης
2503 1538 2787 1609 ἠγγέλθαι,
2815 1538 2864 1590 οἱ
2895 1536 2992 1607 μὲν
3014 1537 3128 1598 τοῖς
3164 1534 3500 1607 προαστείοις
3521 1534 3644 1612 hau.

2133 1634 2443 1704 τῳκημένοι
2476 1632 2576 1702 τῆς
2619 1631 2829 1694 πόλεως
2873 1629 3207 1700 ἀπαίροντες
3262 1627 3395 1696 πρὸς
3421 1627 3507 1697 τὴν
3530 1627 3642 1704 πίλιν

2134 1713 2577 1793 ἐσκευαγώγουν,
2605 1722 2857 1792 βασιλεὺς
2896 1723 2954 1774 δέ
2991 1723 3085 1776 καὶ
3108 1720 3331 1782 πολλοῖς
3353 1720 3514 1783 ἄλλοις

2133 1815 2336 1888 χειρῶν
2390 1817 2475 1884 ἐφ’
2504 1809 2547 1884 ᾧ
2604 1815 2691 1887 [Ρ.
2721 1813 2848 1886 415]
2905 1815 3033 1877 τοὺς
3071 1813 3304 1884 ἐχθροὺς
3341 1813 3550 1882 ἐπίσχοι,

2135 1909 2270 1978 πρὸς
2330 1909 2368 1960 Γ
2373 1909 2597 1962 έννουαν
2649 1910 2862 1977 πέμπει
2913 1907 3237 1975 πρεσϐείαν,
3294 1903 3456 1969 ἀξιῶν
3489 1903 3642 1957 ἐκεῖθιό

2133 2000 2434 2070 ἀναχθῆναι
2467 2001 2654 2054 στόλον
2680 1997 2824 2069 νηῶν
2855 1998 2979 2052 κατ’
3022 1996 3261 2061 ἐντελεῖς
3290 1995 3413 2060 τοὺς
3452 1995 3642 2066 μισθοὺς,

2133 2093 2227 2144 καὶ
2259 2092 2374 2160 ἅμα
2398 2088 2496 2162 ἦρι
2529 2091 2664 2163 πρδς
2695 2092 2822 2146 τάδε
2850 2091 3104 2162 ἀφῖχθαι.
3557 2087 3578 2106 '

3703 675 3716 725 Α

3591 727 3642 773 δἰς

3591 725 3716 1039 ἶ]

3593 895 3644 948 ὡς

3593 1006 3600 1022 .

3568 1039 3687 1278 ,ι

3523 1278 3642 1408 SI

3553 1996 3628 2030 ιιι..

2487 2228 2566 2284 ιε’.
2597 2228 2734 2298 Περὶ
2761 2227 2868 2283 τοῦ
2890 2225 3100 2295 Μελὴκ
3128 2229 3364 2283 Ἰσαάκ.

2217 2367 2306 2419 Ἐν
2330 2365 2567 2434 τοσούτῳ
2594 2365 2652 2417 δέ
2673 2366 2766 2419 καί
2795 2382 2879 2429 τις
2901 2364 3009 2418 τῶν
3038 2363 3528 2433 διαπεραιωθέντων
3546 2365 3645 2434 Περ-

2137 2462 2268 2521 σῶν,
2303 2459 2492 2511 Ἰσαὰκ
2519 2457 2734 2526 Μελὴκ,
2761 2458 3050 2528 σατράπης
3077 2454 3152 2508 ὣν
3171 2459 3272 2509 καὶ
3299 2454 3508 2520 πολλοὺς
3521 2456 3644 2524 ἄγων,

2135 2549 2371 2619 πέμπων
2411 2549 2544 2618 πρὸς
2602 2547 2832 2619 βασιλέα
2867 2547 3150 2618 κρυφηδόν
3191 2546 3346 2614 παρὰ
3397 2547 3552 2600 πᾶσαν
3573 2547 3648 2597 τῶν

2136 2731 2282 2784 enim
2318 2729 2369 2782 lii
2407 2728 2610 2784 Alanos
2660 2727 2858 2782 imitati
2909 2743 2968 2783 se
3038 2728 3106 2784 ab
3147 2728 3275 2782 aliis
3336 2726 3645 2796 abjunxerant,

2141 2822 2497 2892 perstiterunt
2540 2821 2620 2875 sic
2645 2820 2959 2888 aliquandiu
2993 2820 3044 2874 in
3075 2835 3176 2875 suo
3204 2821 3438 2890 ipsorum
3459 2818 3644 2878 arbitrio,

2138 2913 2346 2970 nemini
2394 2913 2548 2967 alteri
2608 2911 3075 2982 obtemperantes,
3127 2912 3351 2980 quando
3419 2910 3645 2964 multorum

2135 3008 2319 3079 opinio
2349 3021 2456 3060 non
2517 3004 2892 3060 inverisimilis
2919 3043 2935 3070 ,
2971 3013 3028 3058 tit
3074 3019 3160 3060 rea
3206 3003 3538 3074 apparebant,
3580 3001 3648 3053 fuit

2135 3115 2252 3164 eos,
2288 3098 2391 3154 nisi
2425 3099 2494 3152 ab
2546 3099 2874 3169 imperatore
2921 3105 3432 3166 praeoccuparentur
3472 3095 3646 3163 promis-

458 3185 687 3265 duclans
716 3209 850 3261 adeo
886 3222 943 3261 se
970 3206 1161 3274 opibus
1200 3203 1527 3270 (irritaverat,
1561 3211 1622 3256 ut
1663 3202 1863 3256 frustra
1893 3203 2028 3270 jam,
2064 3229 2106 3286 ο
2142 3195 2292 3286 sione
2319 3192 2706 3286 stipendiorum
2740 3200 2939 3286 quau-ta
2961 3191 3060 3259 ipsi
3081 3197 3352 3260 peterent,
3377 3188 3437 3242 ad
3458 3185 3647 3286 Osphenf

456 3304 504 3360 si
553 3311 790 3357 tentaret
842 3301 1096 3369 antiquus
1153 3300 1351 3360 herus.
1408 3299 1686 3352 retrahere
1737 3296 2024 3364 fugitivum

456 3398 768 3456 conaretur.
825 3390 1010 3458 Atque,
1058 3389 1126 3441 ab
1191 3387 1294 3441 hoc
1343 3383 1454 3456 jam
1503 3396 1662 3440 antea
1717 3395 1901 3439 coacta
1958 3387 2024 3437 ad

457 3463 787 3538 dediiionem
819 3481 970 3548 longa
1005 3478 1145 3532 fame
1177 3477 1349 3532 fuerat
1373 3493 1467 3530 arx
1498 3477 1606 3531 illic
1645 3477 1746 3530 sita
1771 3473 2030 3545 Thyrreo-

458 3589 603 3630 rum.
679 3571 966 3638 Postquam
1053 3582 1229 3621 autem
1310 3569 1423 3635 pari
1484 3568 1643 3622 famis
1709 3567 2032 3622 necessitate

458 3665 745 3736 subigente
797 3660 973 3713 dedita
1010 3659 1183 3712 eidem
1237 3657 1480 3726 Ephesus
1524 3673 1736 3727 quoque
1781 3669 1884 3720 est,
1932 3657 2034 3709 sub

458 3753 914 3810 conventionibus
949 3760 1132 3804 tamen
1160 3750 1309 3816 prius
1352 3749 1624 3819 stipulatis
1667 3749 1798 3802 nihil
1829 3763 2029 3801 sanum

460 3847 514 3900 in
545 3846 754 3899 deditos
782 3839 1078 3902 statuendi,
1112 3854 1236 3893 vasa
1269 3839 1355 3896 illa
1389 3839 1780 3908 pretiosissima
1815 3839 1866 3892 iit
1896 3848 2030 3890 tem-

460 3937 548 4007 plo
593 3933 772 3989 dilecti
803 3932 1023 3987 Christo
1066 3943 1119 3985 et
1148 3931 1382 3997 Virginis
1416 3931 1661 3999 discipuli
1694 3941 2033 3996 consecrata,

460 4045 582 4081 cum
615 4043 774 4096 optim
823 4025 933 4078 illic
972 4023 1314 4078 conditarum
1363 4023 1576 4076 inlinito
1623 4037 1870 4086 numero,
1909 4023 2034 4076 inde

460 4120 901 4186 asportabantur.
949 4115 1219 4168 'f‘ranslati
1278 4114 1439 4168 etiam
1483 4128 1512 4166 a
1552 4113 1850 4167 victoribus
1908 4122 2035 4167 sunt

464 4210 516 4261 in
553 4209 904 4279 Thyrreornm
941 4221 1120 4259 arcem
1169 4204 1408 4274 plerique
1448 4203 1666 4264 civium,
1698 4214 1840 4257 metu
1875 4219 1943 4257 ne
1971 4205 2035 4258 ab

463 4300 530 4354 iis
585 4309 799 4368 captato
854 4296 992 4350 forte
1050 4293 1392 4365 postmodum
1461 4301 1702 4362 tempore
1755 4295 1806 4348 in
1868 4311 2035 4350 novos

463 4391 708 4446 dominos
736 4389 856 4442 dolo
912 4388 1299 4441 itisurrecttiris
1359 4383 1676 4439 Persarehae
1739 4387 2034 4454 improviso

462 4481 816 4538 circumventi
857 4479 1068 4532 molesti
1113 4479 1313 4547 aliquid
1354 4486 1688 4546 paterentur.
1721 4478 1870 4533 Alios
1917 4480 2036 4548 plu-

463 4579 630 4632 rimos
676 4575 853 4642 gladio
885 4572 1059 4626 Persa:
1097 4573 1490 4626 interemerunt
1537 4570 2034 4627 immisericorditcr
2067 4571 2112 4630 D
2141 4574 2318 4643 palam
2389 4574 2526 4626 intra
2578 4573 2766 4626 urbem
2827 4588 2885 4628 se
2919 4575 3244 4628 condebant.
3315 4576 3382 4629 At
3418 4579 3538 4643 iwpe

465 4679 786 4723 mactantes.

466 4779 552 4834 14.
590 4777 810 4847 Legatio
839 4777 1169 4842 imperatoris
1200 4775 1361 4827 missa
1403 4772 1638 4847 Genuam
1670 4775 1738 4828 ad
1765 4791 2035 4828 armorum

904 4848 1203 4899 societatem
1237 4845 1596 4898 statuendam.

535 4941 598 4995 lli
632 4951 736 4994 tam
777 4939 959 4994 tristes
1010 4939 1180 4991 ntmtii
1218 4953 1338 4992 cum
1381 4937 1505 4990 aliis
1537 4937 1753 4990 aliunde
1792 4938 2035 5006 quotidie

463 5033 631 5086 nihilo
663 5031 959 5084 Ιωιίοιίἱιυε
1016 5028 1242 5097 perlatis
1309 5027 1458 5097 gravi
1519 5027 1735 5094 quidem
1797 5042 2034 5084 mmrore

464 5123 848 5191 imperatorem
906 5120 1240 5188 afﬂigebant,
1303 5132 1408 5170 non
1475 5117 2036 5186 latnen-dcjiciebant

464 5214 627 5284 590
655 5213 772 5281 ejus
803 5211 1068 5274 animum,
1105 5208 1194 5277 qui
1229 5212 1507 5276 perstabat
1531 5217 1750 5262 erectus
1771 5209 2033 5277 pertinaci

465 5323 582 5376 spe,
615 5320 712 5358 nec
746 5305 992 5358 cessabat
1036 5301 1321 5356 intendere
1375 5313 1602 5356 conatus
1651 5301 1716 5354 ad
1771 5305 1908 5354 mala
1939 5319 2037 5355 titi-

465 5401 628 5469 dique
688 5397 995 5468 ingruentia
1037 5411 1195 5464 quam
1231 5405 1410 5463 posset
1435 5395 1799 5450 efﬁcacissime
1861 5395 2038 5464 repel-

465 5489 642 5545 lenda.
693 5489 756 5542 Et
784 5488 1036 5570 princeps
1067 5486 1282 5552 quidem
1325 5484 1444 5554 ejus
1476 5501 1606 5540 cura
1659 5485 1942 5540 laborabat
1983 5487 2034 5540 in

463 5583 780 5638 excutienda
810 5581 910 5634 sibi
951 5596 980 5634 e
1015 5583 1133 5633 sinu
1167 5581 1416 5632 intestina
1444 5590 1592 5649 peste
1624 5581 1741 5634 urbi
1775 5581 2036 5640 minantis

465 5690 496 5728 θ
536 5675 779 5744 proximo
819 5672 1105 5737 tumultus,
1138 5672 1434 5738 conjttratis
1468 5673 1630 5726 simul
1679 5675 2038 5745 Amogabaris

465 5782 588 5821 cum
643 5766 844 5826 Persis,
891 5767 956 5817 ad
1015 5781 1150 5833 quos
1195 5765 1468 5818 memorati
1521 5766 1674 5835 prius
1744 5765 2032 5836 Turcopuli

467 5868 693 5906 numero
725 5865 885 5922 supra
933 5851 1078 5906 mille
1107 5866 1164 5906 se
1222 5867 1667 5924 aggtegiveratit.
1732 5855 2029 5925 l'osujuant

2111 3930 2206 3988 .tis
2246 3930 2502 3983 mulieres
2536 3939 2587 3982 et
2642 3943 2840 3998 pueros
2891 3929 2970 3982 sic
3029 3935 3223 3992 captos
3289 3925 3356 3978 ad
3407 3925 3538 3993 Augu

2061 4747 2074 4752 ”
2141 4765 2304 4808 ttmos
2333 4755 2518 4807 hostes
2545 4755 2901 4816 coercendos,
2947 4757 3153 4823 appulit
3187 4758 3420 4824 denique
3457 4747 3576 4808 anittt

2140 3283 2457 3338 tisthlabum
2491 3298 2836 3338 accessuros.
2881 3282 2936 3336 id
2966 3282 3108 3336 enim
3143 3282 3282 3343 fore,
3349 3278 3647 3334 rerertensad

2132 3369 2523 3446 imperatorem
2561 3376 2926 3428 allirtnaverat
2959 3373 3374 3442 Cutzimpaxis;
3430 3371 3550 3441 quod
3581 3385 3647 3422 nt»

2137 3484 2260 3524 men
2296 3471 2338 3524 si
2367 3469 2552 3524 Graece
2582 3467 2982 3534 interpreteris,
3016 3469 3253 3535 primum
3276 3465 3644 3532 hierouiagnrum

2134 3571 2315 3617 sonat.
2377 3561 2574 3616 Verum
2617 3562 2798 3626 Alani,
2860 3561 3120 3613 certiores
3182 3559 3312 3609 facti
3379 3552 3646 3621 Tutt‘Opulus

2134 3655 2473 3724 Calliopolitn
2509 3669 2696 3708 versus
2732 3653 2836 3706 iter
2864 3651 3144 3705 intendere
3169 3648 3353 3702 ductis
3387 3661 3483 3699 una
3514 3659 3644 3724 seruili

2136 3746 2399 3800 uxoribus
2453 3756 2508 3799 et
2559 3745 2768 3806 liberis,
2821 3744 2872 3797 in
2909 3758 3004 3798 eos
3059 3741 3360 3809 improviso
3421 3739 3598 3818 irrueuu

2135 3838 2288 3908 quasi
2319 3846 2376 3890 ιιι
2416 3835 3212 3906 gratificarenturimperatori,
3263 3847 3460 3901 paucas
3503 3846 3528 3884 e

3644 3713 3672 3750 >

3533 4123 3643 4349 1

3528 4391 3538 4401 ι

3626 4415 3628 4432 l

3526 4500 3528 4502 '
3617 4498 3626 4511 |

3513 4589 3538 4626 e
3629 4585 3646 4619 Γ

3520 4757 3576 4807 illi

3513 4845 3530 4896 ii
3573 4855 3644 4897 suo

3513 4946 3642 4987 Italam

3519 5028 3642 5078 Vr‘lltlll

2137 4024 2427 4076 miserunt.
2495 4019 2769 4076 Caeterum
2861 4019 3214 4086 adjunctiooe
3285 4017 3560 4088 TurcOpulo.

2137 4113 2379 4169 Catelani
2409 4113 2545 4166 adeo
2593 4121 2722 4166 tunc
2787 4113 3029 4166 rohorati
3100 4124 3252 4180 sunt,
3321 4125 3374 4167 ut
3419 4112 3533 4167 coni

2139 4204 2264 4260 inde
2311 4205 2698 4259 nuntiarentur
2729 4203 3060 4258 incursando
3093 4220 3258 4274 agere
3293 4206 3521 4273 ferreque

2139 4297 2268 4366 quid
2312 4297 2363 4350 in
2394 4297 2625 4350 Thracia
2660 4296 2929 4365 reliquum
2959 4307 3096 4353 erat.
3130 4297 3249 4364 Qua
3297 4296 3548 4369 perculsi!

2139 4386 2458 4456 ineolzejam
2497 4389 2596 4458 ipsi
2647 4387 3032 4442 suburbiorum
3090 4391 3538 4460 Constantinopoli

2143 4480 2285 4534 illam
2319 4482 2538 4549 quidem
2573 4495 2822 4535 securam
2861 4482 2963 4534 rati
2999 4484 3317 4547 stationem,
3358 4499 3526 4537 comas

3617 4229 3642 4438 ι

3626 4401 3644 4438 ι’

3617 4494 3644 4529 ‘5

3617 4585 3646 4619 If

2143 4664 2312 4718 multa
2347 4664 2456 4732 jam
2495 4663 2698 4719 frustra
2724 4675 2984 4733 expertus
3007 4666 3110 4718 alia
3141 4666 3207 4719 ad
3248 4668 3348 4721 hos
3377 4678 3472 4719 tam
3503 4669 3512 4716 i

2139 4843 2204 4895 ad
2249 4843 2537 4896 consilium
2585 4843 2832 4895 mittendi
2876 4843 3079 4912 legatos
3125 4844 3392 4908 Genuam,
3456 4845 3530 4912 qui
3573 4855 3644 4897 sun

2141 4935 2361 4986 nomine
2383 4943 2638 5001 rogarent
2663 4933 2799 4986 tnitti
2823 4935 3100 5001 suppetias
3124 4936 3247 4990 inde
3269 4937 3334 4989 ad
3361 4953 3415 4990 se
3437 4946 3642 4987 armatam

2139 5025 2391 5091 (’iaSSt'ni,
2435 5025 2684 5079 mercede
2742 5039 2771 5077 a
2831 5040 2889 5079 se
2920 5027 3095 5095 ampla
3135 5038 3190 5082 et
3251 5040 3392 5083 recte
3428 5028 3642 5080 'solvrtntlzt

2140 5118 2254 5171 suis
2302 5117 2564 5184 anspiciis
2619 5117 2990 5182 militaturam,
3054 5134 3217 5182 quam
3261 5123 3331 5174 ita
3395 5123 3646 5188 ιιιιιιρι-ςι.ιύ

2141 5213 2256 5265 vela
2291 5215 2468 5266 facere
2523 5213 2712 5265 orabat
2739 5220 2796 5264 ut
2854 5211 2994 5265 reris
3030 5211 3134 5266 huc
3195 5214 3352 5267 initio
3390 5221 3543 5283 p0>SCt
3579 5225 3645 5262 oc-

2139 5319 2380 5359 θυι-ιονιξ.

2581 5400 2667 5455 15.
2707 5401 2778 5456 De
2808 5403 3004 5458 Meleco
3032 5402 3262 5458 Isauria.

2209 5489 2366 5560 591
2447 5491 2592 5546 inter
2644 5499 2756 5548 haec
2803 5497 3020 5566 quidam
3071 5512 3102 5552 e
3132 5497 3309 5552 Persis
3355 5495 3439 5565 qui
3483 5493 3526 5546 in
3568 5498 3644 5542 tra-

2137 5591 2284 5636 clum
2320 5582 2616 5637 Occ'lduum
2656 5587 3002 5655 trajecerant,
3037 5588 3276 5643 lsaacius
3312 5587 3536 5646 Helecus,
3559 5579 3643 5646 ei“

2140 5676 2316 5744 gentis
2347 5687 2566 5741 satrapa
2609 5688 2662 5732 et
2693 5680 2890 5733 multos
2924 5683 3023 5733 snh
3065 5697 3124 5736 se
3148 5681 3370 5741 habens,
3393 5676 3522 5730 misit
3543 5672 3642 5724 clam

2141 5767 2205 5818 ad
2233 5766 2641 5835 imperatorem,
2683 5770 2804 5823 sine
2836 5771 2946 5822 ullo
2980 5772 3358 5824 Catelanorum
3393 5779 3552 5822 sensu,
3577 5754 3641 5824 qui

2143 5868 2399 5928 rogarent
2435 5868 2487 5942 ut
2520 5873 2579 5915 sc
2618 5860 2719 5919 ipsi
2750 5863 3028 5918 conciliari
3075 5865 3373 5924 cupientem
3432 5870 3477 5912 et
3509 5855 3641 5909 [trdus
