3848 6548
460 410 565 474 ϐίἸ

1658 413 1978 475 GEORGII

2143 405 2529 474 curamue
3129 372 3140 381 ’
3611 410 3698 479 ιιι

459 527 522 579 τὸ
546 529 724 580 ἐκεῖσε
761 519 1140 597 τῶνΘυραίων
1169 526 1450 599 φρούριον,
1485 527 1567 600 [Ρ.
1608 528 1736 601 M2]
1769 527 1912 599 λιμῷ
1937 545 2033 580 πο-
2070 533 2111 590 Α
2141 524 2303 598 ἦσαν,
2353 531 2447 584 καὶ
2497 531 2654 595 δόξαν
2685 530 2748 583 ἐκ
2784 529 2990 582 πολλῶν
3047 525 3269 592 ἐδίδουν,
3333 528 3383 580 εἰ
3421 528 3495 599 μὴ
3522 531 3696 596 ἱκανῶς

460 619 719 689 λυημέρῳ
767 621 891 681 τοὺς
925 619 1041 672 ἐκεῖ
1080 620 1577 691 παραστησαμένου
1603 639 1616 653 ·
1642 623 1764 675 ἐπεὶ
1792 621 1836 673 δ’
1875 619 2031 681 αὖθις

456 711 659 780 ταύτης
686 712 846 782 χάριν
875 713 971 782 τῆς
1002 715 1176 775 αἰτίας
1201 712 1260 778 ἐξ
1297 714 1589 785 ὁμολογίας
1619 712 1714 766 τοῦ
1752 714 1824 784 μή
1853 730 1902 766 τι
1927 713 2034 766 τῶν

458 805 773 871 ἀνηκέστων
805 805 929 868 τοὺς
970 804 1292 874 ἀνθρώπους
1337 806 1530 860 παθεῖν
1566 807 2035 875 συγκατείληπται

457 899 610 969 καὶὴ
646 899 899 965 Ἔφεσος,
939 898 1105 968 σκεύη
1139 898 1235 968 μὲν
1282 899 1465 951 ἐκεῖνα
1517 898 1583 952 τὰ
1612 897 1690 968 τῷ
1729 898 1840 968 ναῷ
1877 898 2033 966 ἀφιε-

461 988 679 1060 ρωμένα
714 988 805 1042 τοῦ
836 989 1198 1058 ἡγαπημένου
1228 989 1304 1057 τῷ
1334 990 1557 1060 Χριστῷ
1601 990 1696 1043 καὶ
1735 989 2032 1060 παρθένου,

458 1083 758 1153 χρημάτων
791 1099 850 1134 τε
883 1081 1113 1135 ἄπιστον
1163 1082 1365 1152 πλῆθος
1415 1082 1736 1153 διεφορεῖτο,
1795 1080 2034 1152 μετῳκί-

377 1240 382 1245 ῢ
459 1172 614 1234 ζοντο
643 1172 699 1224 δέ
735 1172 826 1224 καὶ
857 1172 907 1225 οῖ
932 1173 1149 1232 πλείους
1196 1171 1303 1224 τῶν
1334 1172 1565 1226 πολιτῶν
1591 1173 1682 1225 ἐπὶ
1711 1172 1770 1224 τὸ
1793 1173 1899 1225 τῶν
1932 1171 2036 1223 8o-

461 1263 630 1330 ραίων
661 1263 941 1335 φρούριον,
963 1265 1073 1317 δέει
1099 1263 1193 1317 τοῦ
1218 1265 1293 1336 μή
1321 1282 1374 1316 τι
1398 1265 1586 1320 παθεῖν
1609 1267 1671 1319 ἐκ
1693 1265 1882 1319 δούλου
1912 1265 2036 1326 τοὺς

463 1358 780 1426 Περσάρχας
841 1357 1008 1427 ἄχαρι
1061 1356 1401 1426 ἐπιθεμένων
1436 1359 1684 1423 ἐκείνων,
1741 1357 1807 1426 ἢν
1846 1355 2036 1424 καιρὸς

457 1448 649 1517 διδοίη.
680 1449 910 1511 Ἄλλους
938 1448 994 1501 δὲ
1026 1449 1310 1515 πλείστους
1329 1449 1491 1522 ἔργον
1517 1448 1787 1520 μαχαίρας
1817 1448 2036 1500 ἐποίουν

458 1540 670 1594 ἀνοικτὶ
706 1557 777 1610 σφ
789 1540 1061 1604 ἀττοντες.

461 1655 908 1723 ιδ’.Ἀποστολὴ
947 1657 1261 1724 ,βασιλέως
1315 1659 1466 1726 πρὸς
1519 1658 1836 1714 Γέννουαν
1885 1657 2044 1730 ὑπὲρ,

1066 1731 1437 1799 συμμαχίας.

529 1841 696 1896 Ταῦτ’
745 1841 1138 1912 ἀγγελλόμενα,
1178 1843 1272 1895 καὶ
1325 1843 1462 1913 προς
1513 1844 1696 1907 αὐτοῖς
1725 1843 1868 1914 ἕτερ’
1901 1843 2035 1897 ἄττα

459 1933 608 1987 δεινᾶ
639 1931 761 1987 καθ’
789 1934 1026 2002 ἡμέραν,
1061 1934 1248 1997 δεινῶς
1279 1934 1466 1988 ἀλύειν
1509 1935 1726 1986 ἐποίουν
1754 1936 1844 1987 τὸν
1877 1933 2036 2004 βασι-

459 2024 577 2076 λέα.
603 2023 676 2076 Οὐ
707 2023 812 2093 μὴν
841 2021 886 2077 δ’
918 2025 973 2086 ἐς
999 2023 1153 2086 τέλος
1177 2025 1536 2087 κατέπιπτεν,
1569 2025 1707 2077 ἀλλὰ
1735 2027 1827 2078 καὶ
1851 2023 2034 2087 αὐτὸς,

460 2115 583 2166 ὅσον
617 2110 783 2182 εἶχεν,
839 2115 939 2166 οὐκ
969 2114 1161 2183 ἔληγεν
1192 2114 1741 2183 ἁντιπσλαμώμενος,
1782 2112 1877 2166 καὶ
1901 2111 2039 2172 τέως

459 2206 520 2258 τὸ
549 2207 838 2273 ἐγκόλπιον
869 2206 1038 2259 κακὸν
1071 2206 1210 2276 ὑπὲρ
1241 2206 1406 2260 τᾶλλα
1441 2205 1622 2258 ἔθελεν
1653 2204 1928 2272 ἁνασπᾷν.
1964 2202 2038 2255 Τὸ

459 2294 506 2347 δ’
527 2291 593 2367 ἦν
630 2295 1002 2366 Ἀμογάϐαροί
1047 2312 1106 2348 τε
1152 2295 1246 2348 καὶ
1284 2293 1334 2347 οἱ
1367 2295 1466 2347 σὺν
1489 2295 1670 2356 αὐτοῖς
1701 2294 1929 2362 Πέρσαι,
1957 2285 2039 2355 οἷς

459 2387 524 2460 δὴ
557 2390 650 2445 καὶ
709 2389 757 2440 οἱ
817 2388 930 2442 ἄνω
961 2386 1222 2458 ῥηθέντες
1273 2387 1414 2456 ὑπὲρ
1460 2389 1589 2448 τοὺς
1620 2386 1828 2456 χιλίους
1886 2385 2039 2446 ὄντες

462 2480 866 2549 Ὶόυρκόπουλοι
913 2478 1366 2551 προσεχώρησαν.
1432 2480 1650 2547 Ἐπειδὴ
1681 2465 1790 2552 γὰρ
1818 2477 2038 2545 σύναμα

473 2572 720 2635 Ἀλανοῖς
781 2571 1206 2642 ἀφειστήκεσαν,
1265 2570 1462 2623 ἐκεῖνοι
1523 2571 1622 2640 μὲν
1665 2569 1784 2624 κατ’
1841 2569 2039 2632 αὐτοὺς

461 2747 616 2802 ribus
663 2745 899 2800 destinet
953 2742 1213 2812 exquirit,
1245 2739 1426 2794 turbat
1458 2755 1584 2796 ecce
1616 2739 2034 2811 gratulationem

463 2839 580 2909 ejus
615 2839 756 2893 fama
784 2851 913 2891 sane
950 2834 1155 2900 feralis,
1181 2836 1436 2889 nuntians
1468 2844 1682 2902 captam
1711 2833 1978 2902 Ephesum
2006 2847 2036 2886 a

464 2931 766 2986 Persareha
806 2929 1038 2992 Sasane,
1063 2930 1152 2998 qui
1194 2943 1361 2998 gener
1402 2927 1562 2981 simul
1600 2937 1654 2980 et
1682 2940 1874 2981 servus
1899 2923 2037 2979 Car-

463 3024 610 3080 mani
657 3023 970 3078 Mantaehia:
1023 3037 1145 3077 cum
1193 3029 1356 3086 esset,
1401 3020 1594 3075 abillo
1634 3020 1852 3090 quidem
1895 3019 2038 3090 jam-

462 3120 670 3190 pridem
715 3116 1009 3179 defecerat,
1050 3115 1286 3184 propriis
1325 3125 1503 3168 autem
1549 3114 1808 3184 auspiciis
1842 3115 2033 3184 copias

2141 621 2276 690 πρὸς
2305 621 2574 692 βασιλέως
2613 620 2912 691 μισθοῖντο,
2966 620 3275 689 ἀποχωρεῖν
3316 617 3455 686 πρὸς
3495 619 3698 685 ’(»σφενα

2139 714 2448 768 τίσθλαὸον.
2483 713 2671 767 Ταῦτα
2697 715 2805 782 γὰρ
2839 712 3250 780 Κουτζίμπαξις
3269 711 3559 780 ἐπανήκων
3582 712 3698 780 πρὶς

2141 806 2368 876 βασιλέα
2396 806 2728 860 διεδεδαίου·
2755 806 2967 877 πρῶτο,
2995 805 3052 858 δέ
3077 804 3186 857 τῶν
3207 805 3520 876 ἱερομάγων
3541 803 3698 856 τοῦνο-

2143 915 2218 967 μα
2251 898 2408 950 τοῦτο
2439 895 2853 968 ἐξελληνίζεται.
2881 896 2944 952 Οἱ
2995 896 3054 950 δέ
3099 896 3314 949 Ἀλανοὶ
3356 895 3608 966 μαθόντες
3637 895 3698 946 ὼε

2139 991 2544 1060 Τουρκόπουλοι
2601 989 2894 1044 ἀπέκλινον
2948 989 3088 1060 πρδς
3151 987 3553 1043 Καλλιούπολιν
3599 989 3696 1056 ἅμα

2140 1083 2355 1152 γυναιξὶ
2391 1082 2487 1136 καὶ
2521 1082 2734 1147 παισὶν,
2764 1082 2963 1153 αἴφνης
3010 1081 3436 1142 ἐπεισπεσόντες
3459 1080 3592 1132 κατὰ
3614 1079 3697 1148 τὴν

2141 1175 2277 1244 πρὸς
2311 1173 2539 1246 βασιλέα
2568 1173 2730 1245 δῆθεν
2765 1173 2950 1244 χάριν,
2984 1174 3255 1243 γυναῖκας
3278 1172 3347 1224 ἐκ
3381 1169 3586 1223 πολλῶν
3611 1173 3695 1222 ὀλί-

2139 1285 2241 1336 γας
2292 1271 2386 1322 καὶ
2445 1267 2641 1331 παῖδας
2693 1267 3052 1338 περισχόντες
3107 1266 3246 1335 πρὸς
3276 1266 3372 1318 τὸν
3414 1264 3694 1335 κρατοῦντα

2139 1361 2491 1416 ἀπέστελλον.
2520 1359 2708 1431 Ταύτῃ
2740 1377 2824 1412 τοι
2859 1359 2954 1412 καὶ
2982 1359 3091 1412 τῶν
3119 1357 3334 1429 ἐχθρῶν
3381 1357 3689 1428 κρατυνομέο

2140 1472 2269 1519 νων,
2322 1452 2397 1518 ὡς
2447 1454 2543 1506 καὶ
2592 1451 2903 1517 ἐξελαύνειν
2941 1450 3037 1504 καὶ
3064 1450 3432 1520 κατατρέχειν
3459 1449 3526 1501 τὰ
3553 1449 3694 1501 λοιπά

2139 1547 2236 1616 τῆς
2268 1544 2488 1616 Θρᾴκης
2510 1543 2795 1614 ἠγγέλθαι,
2823 1543 2872 1594 οἱ
2902 1541 3000 1612 μὲν
3022 1542 3136 1604 τοῖς
3172 1539 3524 1612 προαστείοις
3549 1541 3693 1606 ἐγκα-

2140 1639 2450 1708 τῳκημένοι
2483 1637 2584 1706 τῆς
2626 1636 2836 1699 πόλεως
2881 1635 3213 1706 ἁπαίροντες
3267 1633 3408 1702 πρὸς
3437 1633 3532 1702 τὴν
3558 1632 3691 1684 πόλιν

2141 1717 2584 1797 ἐσκευαγώγουν,
2613 1727 2865 1798 βασιλεὺς
2904 1727 2962 1780 δὲ
2999 1728 3092 1780 καὶ
3115 1725 3339 1788 πολλοῖς
3363 1725 3538 1788 ἄλλοις
3587 1726 3691 1776 ἐπι-

2140 1820 2343 1892 χειρῶν
2397 1822 2482 1888 ἐφ’
2511 1813 2554 1888 ᾧ
2611 1819 2698 1892 [Ρ.
2728 1818 2856 1892 415]
2913 1820 3041 1882 τοὺς
3078 1818 3312 1889 ἐχθροὺς
3349 1819 3580 1887 ἐπίσχοι,
3614 1817 3690 1870 καὶ

2142 1913 2277 1982 πρὸς
2337 1913 2604 1968 Γέννουαν
2657 1915 2869 1982 πέμπει
2921 1912 3240 1981 πρεσϐείαν,
3300 1909 3473 1974 ἀξιῶν
3510 1908 3690 1962 ἐκεῖθεν

2140 2004 2440 2074 ἀναχθῆναι
2474 2006 2660 2058 στόλον
2687 2002 2832 2074 νηῶν
2862 2003 2986 2057 κατ’
3029 2001 3264 2066 ἐντελεῖς
3295 2001 3426 2065 τοὺς
3469 2000 3688 2071 μισθοὺς,

2141 2097 2234 2148 καὶ
2266 2096 2381 2164 ἅμα
2405 2092 2503 2166 ἦρι
2535 2096 2670 2167 πρὸς
2702 2097 2829 2151 τάδε
2857 2097 3110 2168 ἁιρῖχθαι.
3586 2091 3610 2109 ’

2493 2232 2573 2289 ιε’.
2603 2233 2741 2302 Περὶ
2768 2232 2874 2288 τοῦ
2897 2231 3107 2301 Mel-hx
3134 2235 3372 2288 Ἰσαάκ.

2223 2371 2313 2424 Ἐν
2336 2369 2574 2439 τοσούτῳ
2600 2369 2659 2422 δέ
2680 2371 2774 2424 καί
2802 2387 2886 2433 τις
2907 2369 3015 2423 τῶν
3044 2369 3552 2438 διαπεραιωθέντων
3571 2370 3689 2438 Περ-

2143 2466 2274 2526 σῶν,
2309 2463 2499 2516 Ἰσαὰκ
2525 2461 2741 2531 Μελὴκ,
2767 2464 3057 2533 σατράπης
3083 2460 3158 2514 ῶν
3176 2466 3275 2514 καὶ
3305 2460 3529 2525 πολλοὺς
3543 2461 3686 2530 ἄγων)

2141 2553 2378 2623 πέμπων
2417 2553 2551 2623 πρὸς
2608 2552 2838 2623 βασιλέα
2873 2552 3156 2623 κρυφηδὸν
3195 2552 3353 2620 παρὰ
3407 2554 3577 2605 πᾶσαν
3600 2551 3691 2602 τῶν

2142 2735 2288 2790 enim
2324 2733 2376 2786 hi
2413 2732 2617 2788 Alanos
2666 2733 2864 2788 imitati
2915 2749 2974 2788 se
3043 2733 3112 2788 ab
3153 2733 3278 2788 aliis
3342 2733 3687 2802 abjunxerant,

2147 2827 2503 2896 perstiterunt
2546 2826 2625 2880 sic
2651 2825 2966 2894 aliquandiu
2998 2826 3049 2879 in
3080 2841 3180 2881 suo
3206 2826 3449 2895 ipsorum
3472 2822 3685 2883 arbitrio.

2143 2918 2351 2974 nemini
2399 2917 2554 2972 alteri
2613 2916 3081 2987 obtemperantes,
3132 2918 3356 2986 quando
3429 2915 3685 2970 multorum

2140 3012 2324 3083 opinio
2354 3026 2462 3066 non
2523 3009 2898 3065 inverisimilis
2924 3047 2940 3074 ,
2975 3018 3034 3064 ut
3080 3024 3166 3065 res
3208 3009 3559 3079 apparebant,
3607 3005 3689 3058 fuit

2141 3120 2257 3168 eos,
2293 3102 2396 3158 nisi
2431 3104 2499 3157 ab
2551 3103 2880 3174 imperatore
2926 3110 3440 3171 praeoccuparentur
3485 3099 3685 3170 promis-

463 3212 693 3266 ductans
722 3211 857 3263 adeo
892 3224 949 3263 se
975 3208 1166 3277 opibus
1205 3206 1533 3273 (irritaverat,
1567 3215 1627 3259 ut
1669 3205 1869 3260 frustra
1898 3206 2033 3274 jam,
2069 3233 2111 3290 ο
2147 3199 2297 3252 sione
2324 3197 2711 3268 Stipendiorum
2745 3205 2944 3266 quanta
2966 3196 3065 3264 ipsi
3087 3203 3357 3266 peterent,
3383 3194 3446 3247 ad
3469 3191 3686 3261 Osphen‘

462 3305 510 3361 si
559 3313 796 3358 tentaret
847 3303 1102 3371 antiquus
1159 3302 1356 3362 herus,
1413 3302 1691 3355 retrahere
1742 3299 2029 3368 fugitivum

461 3399 774 3456 conaretur.
831 3391 1015 3460 Atque,
1063 3392 1132 3443 ab
1196 3389 1300 3442 hoc
1349 3383 1460 3458 jam
1509 3399 1668 3443 antea
1722 3398 1906 3442 coacta
1963 3391 2030 3441 ad

462 3465 792 3540 deditionem
824 3482 977 3549 longa
1011 3479 1151 3533 fame
1183 3479 1356 3534 fuerat
1379 3495 1473 3532 arx
1504 3479 1611 3534 illic
1651 3479 1751 3532 sita
1777 3477 2036 3548 Thymo-

463 3591 608 3630 rttm.
684 3571 972 3640 Postquam
1059 3583 1235 3622 autem
1315 3571 1428 3637 pari
1489 3569 1649 3625 futilis
1713 3571 2037 3624 necessitate

463 3667 750 3736 subigente
803 3662 980 3714 dedita
1017 3661 1189 3714 eidem
1242 3659 1485 3728 Ephesus
1529 3675 1741 3730 quoque
1785 3672 1888 3724 est,
1937 3661 2038 3713 sub

463 3753 920 3811 conventionibus
955 3761 1138 3806 tamen
1165 3752 1314 3818 prius
1357 3752 1628 3822 stipulatis
1671 3752 1803 3805 nihil
1834 3767 2034 3804 stevum

465 3848 519 3900 in
550 3847 759 3900 deditos
787 3841 1084 3903 statuendi,
1117 3857 1241 3895 vasa
1274 3841 1359 3898 illa
1393 3842 1784 3910 pretiosissima
1820 3843 1871 3895 in
1901 3852 2034 3894 tem-

465 3937 554 4008 plo
598 3935 776 3990 dilecti
807 3933 1028 3988 Christo
1071 3943 1123 3987 et
1153 3933 1386 4000 Virginis
1419 3934 1665 4003 discipuli
1699 3945 2037 4000 consecrata,

465 4045 586 4082 cmn
619 4044 778 4096 Opum
828 4026 937 4080 illic
976 4025 1318 4080 conditarum
1367 4026 1580 4080 inﬁnito
1626 4041 1874 4090 numero,
1913 4027 2039 4080 inde

464 4121 906 4187 asportabantur.
953 4118 1222 4171 Translati
1281 4117 1443 4170 etiam
1487 4132 1515 4170 a
1555 4117 1854 4171 victoribus
1912 4126 2039 4171 sunt

469 4211 520 4262 in
557 4209 909 4280 Thyraeorum
945 4223 1124 4261 arcem
1172 4207 1412 4277 plerique
1451 4207 1669 4267 civium,
1702 4217 1844 4260 metu
1879 4223 1947 4261 ne
1974 4208 2040 4262 ab

467 4301 534 4355 iis
590 4310 803 4371 euptato
859 4297 996 4352 forte
1054 4296 1397 4367 postmodum
1466 4304 1706 4364 tempore
1759 4299 1810 4351 in
1871 4315 2039 4353 novos

467 4393 712 4448 dominos
739 4392 860 4445 dolo
916 4391 1302 4443 insurrecturis
1363 4386 1680 4442 Persarchw
1743 4390 2039 4461 improviso

465 4484 818 4540 circumventi
860 4482 1072 4535 molesti
1117 4481 1316 4550 aliquid
1357 4489 1692 4548 paterentur.
1726 4481 1873 4537 Alios
1921 4484 2039 4552 plu-

2145 3288 2462 3342 tisthlahum
2496 3303 2840 3343 accessuros.
2885 3287 2940 3342 Id
2971 3287 3113 3342 enim
3149 3288 3285 3350 fore,
3353 3296 3610 3341 revertens
3632 3281 3685 3334 ad

2137 3373 2528 3450 imperatorem
2567 3381 2932 3434 aﬂirmaverat
2964 3379 3380 3448 Cutzimpaxis;
3439 3377 3570 3448 quod
3605 3389 3684 3427 ntr-

2141 3489 2265 3528 men
2300 3476 2343 3528 si
2372 3474 2557 3528 Graece
2586 3473 2987 3540 interpreteris,
3021 3474 3252 3540 primmn
3277 3471 3680 3538 hieromagorum

2138 3575 2319 3621 sonat.
2382 3565 2579 3622 Verum
2621 3567 2803 3631 Alani,
2865 3566 3126 3619 certiores
3186 3564 3316 3616 fat-ti
3385 3557 3682 3626 Tun-opulus

2138 3659 2478 3728 Calliopolim
2513 3673 2702 3713 versus
2737 3658 2841 3712 iter
2869 3656 3149 3710 intendere
3173 3655 3358 3708 ductis
3393 3669 3494 3706 una
3527 3663 3678 3704 secum

2141 3751 2404 3805 uxoribus
2457 3761 2512 3804 et
2563 3750 2772 3812 liberis,
2825 3749 2877 3802 in
2913 3763 3008 3803 eos
3064 3747 3364 3815 improviso
3429 3747 3678 3797 irruentes.

2139 3842 2292 3912 quasi
2323 3850 2380 3894 ut
2420 3842 2856 3910 gratificarentur
2880 3840 3214 3908 imperatori,
3262 3853 3468 3907 paucas
3515 3838 3679 3890 emuh

2115 3934 2211 3990 itis
2251 3934 2506 3988 mulieres
2540 3945 2592 3987 et
2646 3948 2844 4002 pueros
2895 3935 2974 3988 sic
3033 3941 3224 3998 Captos
3290 3931 3359 3984 ad
3412 3932 3675 3999 Augustum

2141 4028 2430 4081 miserunt.
2499 4023 2773 4081 Caeterum
2865 4024 3214 4091 adiunctione
3285 4023 3675 4095 TurcOpuloruut

2140 4117 2383 4173 Catelani
2413 4118 2549 4171 adeo
2597 4126 2726 4171 tunc
2791 4119 3033 4171 rohorati
3103 4129 3251 4186 sunt,
3323 4131 3378 4174 ut
3425 4115 3676 4174 confestim
3761 4109 3775 4124 ‘

2142 4209 2269 4264 inde
2314 4210 2702 4263 nuntiarentur
2733 4209 3064 4264 incursando
3097 4226 3258 4280 agere
3293 4212 3534 4280 ferreque
3555 4205 3681 4278 qttid-

2142 4301 2272 4371 quid
2316 4301 2366 4354 iu
2399 4301 2629 4356 Thracia
2663 4301 2932 4371 reliquum
2962 4313 3100 4359 erat.
3133 4303 3250 4370 Qua
3298 4303 3526 4376 perculsi
3559 4302 3675 4354 fama

2143 4391 2461 4460 incolzejam
2501 4393 2600 4462 ipsi
2651 4393 3036 4448 suburbiorum
3094 4396 3594 4466 Constantinopolis,
3626 4405 3676 4444 ιιι·

2147 4484 2288 4538 illam
2323 4487 2541 4553 quidem
2575 4500 2824 4539 securam
2864 4488 2966 4539 rati
3002 4490 3319 4553 stationem,
3361 4492 3676 4543 cciivasantes

467 4580 634 4634 rimos
680 4577 856 4644 gladio
889 4574 1062 4628 Persa:
1101 4575 1494 4629 interemerunt
1540 4573 2037 4631 immisericorditer
2070 4575 2116 4635 D
2144 4579 2320 4648 palam
2391 4579 2528 4631 intra
2581 4578 2769 4631 urbem
2830 4593 2888 4633 se
2921 4581 3246 4634 condebant.
3317 4582 3384 4636 At
3422 4586 3678 4650 imperatur

469 4681 789 4724 mactantes.

469 4780 557 4834 H.
594 4778 814 4848 Legatio
843 4779 1172 4844 imperatoris
1203 4777 1363 4828 missa
1405 4774 1640 4831 Genuam
1673 4778 1741 4830 ad
1768 4795 2038 4832 armorum

907 4850 1206 4900 societatem
1241 4848 1599 4900 statuendam.

539 4941 602 4996 lli
635 4951 740 4994 tam
781 4942 962 4994 tristes
1013 4940 1183 4992 nuntii
1220 4954 1340 4992 cmn
1383 4939 1508 4993 aliis
1539 4940 1756 4995 aliunde
1795 4942 2038 5010 quotidie

466 5033 634 5087 nihilo
666 5031 962 5085 lmtioribus
1019 5029 1245 5098 perlatis
1311 5030 1460 5100 gravi
1521 5031 1738 5098 quidem
1799 5047 2036 5088 maerore

467 5124 850 5192 imperatorem
909 5121 1242 5189 afﬂigebant,
1305 5135 1410 5172 non
1477 5129 1653 5173 tamen
1683 5121 2038 5190 sdejieiebant

467 5214 630 5285 590
658 5213 774 5282 ejus
807 5212 1071 5276 animum,
1107 5211 1196 5279 qui
1231 5215 1509 5280 perstabat
1533 5220 1752 5266 erectus
1773 5214 2035 5281 pertinaci

467 5323 584 5377 spe,
618 5320 715 5358 nec
750 5305 995 5358 cessabat
1038 5303 1324 5358 intendere
1378 5315 1603 5358 conatus
1652 5303 1718 5357 ad
1774 5310 1910 5359 mala
1941 5323 2039 5359 uu-

467 5401 631 5470 dique
691 5397 997 5468 ingruentia
1039 5413 1196 5466 quam
1232 5408 1411 5466 posset
1437 5399 1800 5454 eﬂieacissime
1862 5400 2039 5469 repel-

467 5490 644 5546 lenda.
693 5490 758 5543 Et
786 5489 1038 5572 princeps
1069 5488 1283 5555 quidem
1327 5487 1445 5557 ejus
1477 5504 1607 5544 cura
1661 5489 1943 5544 laborabat
1984 5491 2035 5544 in

465 5585 782 5639 excutienda
811 5583 912 5636 sibi
953 5598 982 5635 e
1017 5585 1134 5635 sinu
1169 5583 1418 5636 intestina
1445 5593 1593 5652 peste
1625 5584 1742 5638 urbi
1776 5585 2037 5642 minantis

465 5691 498 5730 e
537 5677 780 5745 proximo
821 5674 1106 5740 tumultus,
1139 5675 1436 5742 ronjuratis
1469 5676 1632 5730 simul
1679 5678 2038 5748 Anmgabaris

465 5784 589 5822 cum
642 5768 845 5828 Persis,
891 5768 956 5820 ad
1015 5783 1151 5835 quos
1195 5767 1470 5820 memorati
1522 5769 1674 5838 prius
1745 5767 2034 5839 Turcopuli

467 5870 694 5908 numero
724 5868 885 5924 supra
934 5854 1078 5908 mille
1107 5870 1164 5909 se
1222 5869 1667 5927 nggtrgtverunt.
1733 5857 2030 5928 l’osujuant

2146 4669 2314 4722 multa
2350 4669 2459 4736 jam
2498 4668 2701 4724 frustra
2727 4682 2987 4738 expertus
3009 4672 3112 4724 alia
3144 4672 3209 4725 ad
3249 4673 3350 4727 hos
3379 4684 3479 4725 tam
3513 4676 3674 4737 impor-

2063 4751 2076 4757 ’
2144 4769 2306 4812 tunos
2335 4759 2521 4812 hostes
2548 4761 2904 4822 coercendos,
2949 4763 3156 4828 appulit
3189 4763 3424 4830 denique
3461 4762 3672 4814 animum

2141 4847 2206 4900 ad
2251 4847 2539 4901 consilimn
2588 4849 2835 4900 mittendi
2879 4850 3081 4918 legatos
3127 4851 3394 4915 Genuum,
3461 4851 3541 4918 qui
3592 4862 3672 4902 suo

2143 4939 2363 4991 nomine
2385 4948 2640 5006 rogarent
2665 4938 2801 4992 mitti
2825 4941 3101 5007 suppetias
3126 4942 3248 4996 inde
3270 4944 3335 4996 ad
3363 4959 3418 4996 se
3441 4951 3670 4993 armatam

2141 5029 2393 5096 t-Iassmt,
2436 5031 2687 5084 mercede
2745 5045 2773 5082 a
2833 5046 2891 5084 se
2922 5033 3096 5101 ampla
3137 5044 3192 5088 et
3253 5047 3394 5090 recte
3431 5033 3670 5087 'solwudzt

2142 5122 2257 5176 suis
2304 5122 2566 5188 auspiciis
2621 5123 2991 5187 militaturum,
3055 5139 3218 5187 quam
3263 5129 3332 5180 ita
3397 5127 3672 5194 tentprt'ttt‘e

2142 5218 2258 5270 vela
2292 5219 2470 5271 facere
2525 5219 2714 5271 orabat
2741 5225 2798 5269 ut
2857 5217 2995 5271 veris
3031 5217 3135 5272 huc
3197 5219 3353 5274 initio
3392 5226 3554 5289 posset
3595 5230 3671 5268 0c-

2141 5323 2382 5364 currere.

2581 5405 2668 5461 15.
2708 5407 2779 5462 De
2810 5409 3004 5464 Meleco
3033 5407 3264 5464 Isaacio.

2210 5493 2368 5565 591
2448 5495 2593 5551 ΙηῑοΙ·
2646 5505 2757 5554 haec
2804 5503 3020 5571 quidam
3071 5518 3102 5557 e
3131 5503 3310 5558 Persis
3357 5501 3442 5570 qui
3488 5499 3535 5552 in
3581 5503 3669 5547 tra-

2139 5596 2286 5640 ctum
2321 5586 2618 5643 Occ‘ldttum
2657 5593 3002 5661 trajecerant,
3037 5593 3278 5649 Isaacius
3312 5592 3545 5652 Melecus,
3570 5583 3667 5651 ejus

2141 5680 2318 5747 gentis
2348 5691 2568 5746 satrapa
2609 5694 2662 5736 et
2693 5685 2891 5739 multos
2925 5689 3024 5740 sub
3066 5703 3125 5742 se
3149 5687 3370 5748 habens,
3395 5681 3531 5736 misit
3553 5676 3666 5728 clam

2141 5771 2206 5822 ad
2235 5770 2642 5840 imperatorem,
2684 5776 2804 5828 sine
2836 5777 2947 5828 ullo
2980 5777 3358 5831 Catelanorum
3394 5784 3564 5828 sensu.
3589 5758 3664 5829 ⁴1¹¹ί

2144 5873 2400 5932 τυείινοόιιι
2436 5873 2488 5946 [ll
2521 5879 2580 5920 SC
2619 5865 2719 5925 insi
2751 5868 3028 5923 conciliari
3075 5871 3375 5930 ennientetn
3434 5875 3482 5918 et
3516 5860 3664 5914 [ωαιιε
