3848 6588
190 434 277 505 διε)

1022 432 1118 493 DE
1162 429 1593 493 ANDRONICO
1628 426 2084 492 PALIEOLOGO
2126 430 2268 492 LIB.
2316 431 2443 492 VII.

1988 344 2026 379 κ

3265 429 3373 496 650

189 543 469 599 Κατελάνων
497 544 743 613 αἴσθησιν
778 544 927 615 ᾕξῖου
968 548 1094 616 περὶ
1129 534 1395 609 σπονδῶν,
1430 543 1504 607 ὡς
1540 543 1698 597 αὑτόο
1730 547 1772 601 Α
1799 542 1893 595 τοῦ
1916 541 2100 596 λαϐεῖν
2123 543 2299 599 θέλειν
2326 546 2426 609 τὰς
2448 545 2711 623 συζύγους
2741 547 2869 610 τοὺς
2894 546 3364 619 Τουρκοπούλους.

187 642 260 692 θεν
292 637 656 706 ἀποστατήσων
717 637 1146 709 Ἀμογαὸἀρων,
1192 640 1289 691 καὶ
1314 640 1413 690 ὅσα
1445 639 1557 698 τοῖς
1602 635 1695 689 τοῦ

186 727 408 798 βισιλέως
459 728 689 780 συνοίσει
739 728 1032 798 πράγμασι
1069 728 1207 781 κατὰ
1242 729 1305 781 τὸ
1344 727 1596 789 δυνατὸν,
1623 725 1698 788 ὼς

184 823 294 889 ἔχει,
326 818 764 887 διαπραξόμενος,
794 821 825 889 ἢ
850 819 978 888 γοῦν
1017 820 1206 874 αὖτόθι
1240 821 1438 889 μένων,
1469 820 1518 871 εἰ
1539 820 1700 872 δυνα-

182 912 252 964 τδν
268 906 345 980 ἦν,
374 910 403 981 ἢ
431 910 515 961 καὶ
549 911 640 962 ἐπὶ
669 913 782 972 τοῖς
810 909 1109 982 ἀντιπέραν
1136 912 1231 965 σὺν
1258 911 1372 979 ίδίῳ
1400 911 1518 980 λαῷ
1543 910 1697 977 γενό-

184 1018 330 1073 μενος.
361 1000 617 1065 Βασιλεὺς
670 1001 727 1054 δὲ
753 1001 862 1055 τῶν
892 1001 1085 1055 δεινῶν
1127 998 1398 1071 ὁσημέραι
1430 998 1702 1071 πληθύνο-

182 1095 327 1163 μένων
379 1093 466 1145 καὶ
525 1094 601 1164 μὴ
634 1094 848 1149 ἐώντων
881 1094 1008 1149 ἄλλο
1058 1111 1110 1146 τι
1168 1092 1523 1163 βουλεύεσθαι
1567 1092 1599 1163 ἤ
1641 1088 1715 1147 τδ

180 1187 314 1254 χείρω
335 1186 497 1236 ποιεῖν
530 1170 605 1237 τὰ*
632 1185 739 1239 τῶν
764 1186 972 1257 ἐχθρῶν
997 1184 1141 1239 κατά
1172 1202 1295 1239 τινα
1322 1184 1539 1238 σύνεσιν
1573 1182 1702 1255 (ἄλ-

179 1278 262 1339 λως
286 1276 382 1346 γὰρ
428 1277 812 1344 ἀντιπράττειν
881 1278 979 1331 καὶ
1010 1277 1141 1329 πολε
1153 1280 1272 1342 μεῖν
1297 1275 1406 1329 οὐδ’
1436 1276 1570 1338 ὅλως
1594 1271 1700 1345 ἦν)

179 1369 391 1434 ἁσμένως
435 1366 692 1438 προσίέτο
738 1369 840 1437 τὴν
874 1370 1195 1441 πρεσσεῖαν,
1231 1370 1326 1423 καὶ
1354 1368 1701 1439 ἀντιπέμψας

179 1462 247 1513 διά
268 1478 393 1523 τινος
424 1461 662 1531 Πέρσου,
703 1461 778 1531 μὴ
805 1461 1089 1530 φωραθείη
1116 1462 1275 1529 δῆθεν
1302 1460 1361 1513 τὸ
1386 1460 1703 1530 μελετώμε-
1728 1452 1737 1455 ’

181 1569 265 1614 νον,
289 1548 454 1605 δοῦναι
493 1554 592 1621 μὲν
622 1554 701 1615 εἰς
737 1555 976 1621 γυναῖκα
1008 1553 1068 1605 τὸ
1096 1552 1190 1605 τοῦ
1221 1550 1455 1604 παλαιοῦ
1493 1552 1701 1603 ἐκείνου

179 1645 334 1710 Mali)»:
387 1643 677 1714 θυγάτριον
738 1644 815 1715 τῷ
880 1643 1177 1714 Περσάρχῃ
1236 1642 1701 1711 καθυπισχνείτο,

180 1736 399 1805 παρέχειν
419 1734 474 1786 δὲ
507 1734 607 1789 ὅσα
638 1751 698 1787 τε
724 1734 867 1787 κατά
900 1736 1103 1805 προῖκα
1131 1734 1227 1787 καὶ
1259 1733 1357 1786 ὅσα
1389 1734 1509 1786 κατ’
1535 1731 1702 1803 ἄλλην

176 1826 446 1893 φιλοτιμίαν
482 1827 549 1880 τὰ
584 1825 765 1880 ἱκανά.
809 1824 970 1878 Ἀλλὰ
993 1824 1198 1878 τούτων
1239 1825 1512 1896 ὁσημέραι
1550 1825 1704 1893 διαγ-

1804 636 1953 703 mm
1979 636 2368 704 ὑπονοηθέντες
2403 638 2653 694 ἐντεῦθεν
2679 640 2780 703 τὰς
2813 639 2893 703 είς
2923 638 3125 705 αὐτοὺς
3161 640 3371 713 πληρο-

1803 726 1999 796 φορίας
2054 728 2161 780 τῶν
2232 728 2627 800 Ἀμογαδάρων
2673 731 2931 787 ἀπέλυον.
2986 731 3153 786 Ὅθεν
3189 733 3286 786 καὶ
3312 732 3372 797 ἐξ

1801 820 1969 890 αὐτῆς
1996 822 2189 873 ἀντιπε
2201 823 2298 893 ρᾷν
2326 823 2641 892 ἐγνώκεσαν
2670 823 2761 877 τδν
2805 821 3156 895 Περσάρχην.
3205 823 3372 878 Αὐτοὶ

1800 911 1857 964 δὲ
1878 912 2018 964 κατὰ
2054 911 2139 984 [Ρ.
2163 911 2289 985 Mli]
2319 916 2491 969 νώτου
2521 914 2768 979 λιπόντες
2800 916 2926 979 τοὺς
2972 918 3211 985 Πέρσας,
3237 917 3370 984 περί

1803 1016 1904 1055 που
1935 1000 2003 1054 τὰ
2032 1004 2130 1073 τῆς
2151 1002 2404 1059 Μαδύτου
2441 1005 2605 1077 μέρη.
2631 1002 2783 1062 ἐνθεν
2816 1009 2917 1079 μὲν
2947 1011 3068 1072 ταῖς
3095 1010 3224 1079 παρ’
3270 1009 3373 1063 αὑ-

1800 1096 1911 1156 τοῖς
1941 1098 2192 1166 τριήρεσι
2214 1095 2490 1167 χρώμενοι
2512 1099 2570 1151 τὸ
2605 1100 2912 1170 προστυχὶν
2940 1100 3220 1171 ἐληΐζοντο
3238 1102 3367 1172 τρό-
3423 1158 3430 1169 ,

1803 1198 1904 1236 πον
1938 1187 2214 1255 πειρατῶν
2243 1189 2379 1241 κατὰ
2407 1188 2702 1254 Θάλασσαν,
2747 1193 2888 1246 κατά
2917 1192 2973 1245 δὲ
3013 1191 3186 1262 ξηρὰν
3220 1193 3373 1247 ἔθεον

1804 1276 2149 1345 παμπληθεὶ,
2208 1281 2306 1331 καὶ
2354 1282 2713 1351 προσδόκιμοι
2750 1277 2889 1352 ἦσαν
2918 1283 3247 1354 προσόαλεϊν
3278 1285 3371 1339 καὶ

1805 1360 1957 1420 πόλει
1979 1384 1994 1399 ·
2028 1372 2416 1441 προσετόλμων
2446 1373 2502 1427 δὲ
2529 1376 2621 1426 καὶ
2649 1374 2785 1443 πρδς
2818 1375 3043 1444 βασιλέα
3071 1377 3372 1447 πρεσϐείαν

1806 1458 2069 1528 πέμπειν,
2098 1462 2194 1514 καὶ
2231 1464 2414 1529 ἀξιοῦν
2444 1465 2646 1519 διδόναι
2686 1467 2784 1536 μὲν
2814 1468 2941 1531 τοὺς
2972 1469 3220 1537 μισθοὺς,
3250 1487 3375 1524 συν-

1804 1550 2061 1603 ωνεῖσθαι
2099 1553 2156 1606 δὲ
2213 1557 2307 1607 καὶ
2360 1556 2429 1609 τὰ
2481 1556 2868 1624 σκυλευθέντα,
2925 1561 3020 1612 καὶ
3075 1559 3218 1615 οὕτω
3254 1563 3373 1631 μετ’

1804 1641 2024 1707 εἰρήνης
2054 1641 2150 1692 ἐπὶ⁹
2177 1642 2325 1711 νηῶν
2354 1645 2593 1714 πέμπειν
2630 1646 2825 1710 αὐτοὺς
2853 1649 2933 1710 είς
2954 1640 3026 1701 τὰ
3056 1649 3187 1705 ἴδια.
3223 1651 3375 1704 Ἐπε)⁸

1802 1730 1859 1784 δὲ
1884 1731 2037 1784 ταῦτ’
2088 1733 2190 1786 οὐκ
2238 1733 2481 1805 ἐχώρουν
2534 1730 2804 1804 γίνεσθαι,
2842 1737 3103 1809 ἄπρακτα
3133 1742 3203 1795 τὰ
3258 1743 3374 1814 τῇδ’

1800 1821 1964 1895 ἦσαν,
2006 1827 2194 1895 μόναις
2224 1828 2280 1882 δὲ
2309 1832 2432 1893 ταῖς
2466 1830 2601 1901 πρὸς
2645 1832 2779 1886 Θεὸν
2833 1835 3095 1900 ἱκετείαις
3147 1837 3377 1907 ἠλπιζον

176 1917 496 1985 γελλομένων,
525 1919 647 1969 καθ’
671 1917 995 1988 ὑποσχέσεις
1026 1916 1119 1970 τοῦ
1149 1917 1247 1972 καὶ
1269 1894 1429 1979 αὖθις
1454 1930 1703 1987 προσχω-
1733 1894 1776 1950 Β
1806 1894 2101 1980 σώζεσθαι,
2148 1916 2215 1982 ἃς
2270 1920 2470 1990 συχνὰς
2581 1926 3001 1993 πατριαρχιύων
3058 1894 3379 1998 παμπληδεὶ

179 2010 267 2074 ρξίν
288 2010 403 2070 τοὺς
436 2008 925 2078 ἀποστατήσαντας
955 2005 1405 2076 Τουρκοπούλους
1446 2006 1608 2058 αὐτοῦ
1638 2021 1703 2073 γε

179 2099 609 2167 συμπράττοντος,
662 2094 710 2151 εί
741 2099 905 2167 μόνον
952 2098 1258 2168 πέμποιντο
1281 2098 1337 2150 αἱ
1364 2096 1572 2150 τούτων
1604 2111 1704 2162 γυ-

179 2191 348 2253 ναῖκες,
396 2189 538 2255 πλὴν
573 2188 689 2259 μετ’
737 2188 1040 2259 ἀσφαλείας
1074 2186 1166 2240 τοῦ
1204 2186 1356 2258 μήτι
1387 2184 1704 2255 παραϐῆναι

180 2283 273 2335 κατ’
303 2284 515 2352 ἀπάτην
548 2282 659 2335 τῶν
687 2282 1089 2350 συγκειμένων,
1120 2280 1196 2342 ὡς
1225 2278 1357 2346 γοῦν
1384 2276 1534 2330 ταῦτ’
1562 2271 1706 2347 ᾠκο-

179 2371 371 2440 νόμηντο
394 2373 488 2423 καὶ
511 2372 614 2442 ήδη
657 2372 992 2440 ἐπέμποντο,
1044 2371 1296 2440 φωρᾶται
1325 2370 1440 2431 τοῖς
1461 2367 1707 2436 Ἀμογα·

178 2463 333 2531 ὀάροις
369 2464 431 2516 τὸ
464 2465 673 2534 δρᾶμα,
716 2463 812 2516 καὶ
846 2462 1215 2533 Ῥομοφόρτος
1243 2459 1334 2513 τὸν
1380 2458 1708 2528 Περσάρχην

179 2554 240 2616 είς
256 2557 423 2622 κρίσιν
454 2555 595 2621 ἄγει,
625 2554 718 2609 καὶ
746 2554 862 2607 ὅσοι
910 2552 1282 2621 συνεμελέτιεν
1330 2548 1482 2618 αὐτῷ
1506 2548 1577 2600 τὰ
1606 2548 1708 2617 τῆς

178 2647 582 2716 ἀποστατήσεως.
643 2647 768 2710 Τοῖς
813 2645 868 2699 δέ
903 2646 978 2715 μὴ
1003 2645 1222 2715 ἔχουσιν
1253 2643 1392 2704 ὅλως
1419 2641 1709 2707 ἀπολογεῖ-

180 2737 295 2802 σθαι,
321 2738 375 2790 ἐν
397 2740 477 2801 είς
501 2735 795 2807 ἀπολογίαν
827 2735 1197 2808 προύτείνετο,
1216 2732 1278 2786 τὸ
1306 2732 1525 2801 ἀπατᾷν
1568 2728 1711 2798 ὑπὲρ

175 2931 272 2971 cum
293 2930 362 2970 eo
385 2916 521 2970 inire
546 2915 878 2971 admitteret.
915 2911 1192 2967 Olferebat
1220 2919 1401 2964 autem
1442 2905 1710 2966 aestatim

176 3006 463 3061 relicturum
496 3006 960 3076 Amogabarorum
1011 3014 1213 3076 partes.
1261 3015 1314 3060 et
1339 3005 1601 3077 quidquid
1644 3006 1713 3057 ad

176 3113 247 3153 res
277 3109 322 3153 et
360 3100 591 3153 rationes
654 3099 997 3169 imperatoris
1050 3098 1308 3169 expedire
1364 3098 1710 3165 intelligeret,

178 3204 256 3254 pro
289 3190 431 3244 virili
462 3200 734 3253 acturum,
756 3190 869 3244 sive
913 3190 1025 3244 illic
1055 3191 1141 3243 ubi
1169 3198 1309 3254 erat,
1342 3190 1387 3243 si
1419 3188 1536 3243 ﬁeri
1587 3202 1711 3257 pos.

178 3287 257 3337 set.
284 3279 641 3347 persistendo,
674 3279 786 3333 sive
820 3279 874 3331 in
900 3279 1186 3332 adversam
1232 3291 1355 3331 cum
1394 3277 1714 3344 suiscopils

178 3369 555 3424 transl’relando
589 3370 979 3423 continentem.
1006 3367 1101 3421 liis
1134 3368 1433 3436 imperator
1484 3365 1713 3430 auditis,

177 3468 414 3526 reputans
440 3459 599 3514 malis
627 3458 873 3528 quotidie
896 3458 1407 3528 ingravescentibus
1422 3458 1530 3512 non
1550 3456 1711 3511 aliam

175 3551 365 3606 aliunde
386 3567 533 3620 spem
594 3550 823 3605 remedii
858 3550 1094 3610 ostendi.
1155 3549 1380 3619 quando
1437 3550 1716 3603 exhaustas

174 3656 280 3708 opes
302 3643 511 3711 imperii
571 3640 885 3696 facultatem
945 3640 1218 3708 negabant
1263 3640 1393 3709 justi
1444 3641 1717 3697 exercitus

176 3738 441 3791 rebellibus
468 3735 803 3805 opponendi,
838 3748 1000 3803 quam
1030 3748 1061 3787 a
1111 3732 1479 3800 procuranda,
1531 3733 1579 3787 si
1607 3747 1715 3801 qua

175 3837 333 3895 posset
386 3836 501 3881 arte
550 3824 1191 3890 coniici,.debilitatione
1232 3833 1397 3892 atque
1453 3823 1714 3877 inuninu-

176 3917 299 3972 tione
336 3918 590 3988 potentiae
622 3917 857 3980 hostilis,
917 3915 1248 3985 perlibenter
1309 3914 1522 3982 excepit
1572 3914 1719 3982 lega-

175 4010 371 4068 tionem,
398 4019 451 4063 et
488 4011 719 4062 remisso
757 4007 825 4061 ad
858 4007 1130 4060 Meleeum
1161 4006 1331 4060 Persa
1370 4005 1605 4072 quodam
1651 4005 1717 4057 iit-

177 4098 251 4160 do,
281 4108 336 4151 nt
364 4114 453 4152 res
481 4100 650 4151 tutius
696 4098 908 4159 lateret,
960 4093 1211 4164 promisit
1234 4107 1295 4148 se
1352 4093 1429 4147 illi
1458 4092 1715 4148 daturum

178 4187 224 4241 in
249 4205 455 4251 uxorem
483 4187 803 4258 antiquioris
837 4186 981 4240 illius
1010 4184 1208 4240 .Meleci
1238 4185 1428 4247 ﬁliam,
1457 4184 1673 4255 adjecta
1686 4208 1721 4224 -·

180 4297 378 4348 minque
400 4283 577 4335 dotem
607 4280 861 4348 amplam,
886 4292 985 4332 nec
1008 4278 1061 4331 in
1089 4277 1558 4345 caeteris,quoties
1581 4276 1720 4331 foret

180 4388 292 4437 opus
331 4387 421 4427 aut
462 4373 581 4442 ipse
624 4370 693 4424 ad
728 4384 880 4425 suam
920 4367 1341 4423 munificentiam
1395 4366 1718 4437 appellaret,

181 4477 492 4533 negaturum.
527 4464 592 4517 Et
623 4461 946 4531 procedebat
1000 4458 1263 4519 feliciter,
1291 4459 1540 4513 tractatio
1586 4458 1735 4511 mis-'

1804 2005 2177 2075 διεπράττετο.
2238 2010 2386 2075 Τέως
2422 2011 2478 2063 δὲ
2515 2012 2605 2065 καὶ
2645 2013 2705 2065 τὸ
2732 2014 2826 2067 τοῦ
2882 2016 3183 2083 Κοσμιδίου
3214 2017 3380 2088 φρού-

1806 2110 1943 2163 ριον,
1973 2092 2222 2149 δεδιότων
2275 2099 2349 2168 μὴ
2400 2099 2720 2163 ἐπιστάντες
2758 2102 3138 2171 κατάσχοιντο,
3178 2103 3244 2155 ἐκ
3278 2103 3378 2173 μέ-

1809 2199 1934 2249 ρους
1953 2184 2308 2255 κατήρειπτο,
2332 2186 2426 2238 καὶ
2456 2185 2671 2251 ξενικὰς
2692 2188 2951 2259 δυνάμεις
2973 2190 3035 2243 ἐκ
3049 2192 3099 2243 τ’
3126 2192 3240 2261 ’16η
3251 2193 3380 2262 ρίας

1810 2271 2010 2340 (κάκεῖ
2046 2272 2154 2344 γὰρ
2208 2275 2555 2330 ἀποστέλλων
2604 2277 2857 2347 βασιλεὺς
2892 2281 3021 2349 περὶ
3054 2282 3379 2352 συμμαχίας

1808 2360 1996 2432 ⁴ηξίου)
2022 2362 2085 2416 ἐκ
2132 2381 2193 2417 τε
2221 2364 2482 2445 Γεννούας
2529 2367 2909 2441 ἀπεξεδέχετο,
2954 2371 3091 2425 Οὐδὲ
3120 2374 3226 2444 γὰρ
3255 2374 3381 2427 οὐδὲ

1806 2454 1875 2507 τὰ
1908 2454 2062 2516 ἐντὸς
2110 2455 2326 2523 ἐσάπαξ
2374 2459 2630 2527 ἀσφαλῶς
2678 2456 2825 2531 εἶχον
2855 2463 2933 2532 τῷ
2970 2461 3202 2533 βασιλεῖ,
3261 2466 3379 2519 ἀλλ’

1809 2545 1960 2599 ἔνθεν
1995 2547 2095 2616 μέν
2121 2564 2204 2609 τις
2234 2548 2344 2602 τῶν
2375 2549 2691 2621 ἐπιρῤήτων
2723 2553 2788 2605 ἐκ
2819 2551 3046 2617 δύσεως,
3081 2554 3382 2625 ἱερωσύνης

1813 2641 2174 2710 περικτᾶσθαι
2207 2641 2365 2706 δόξας
2397 2644 2613 2711 ἀξίωμα
2647 2646 2737 2698 καὶ
2764 2643 2871 2714 πρὸ
2900 2646 3107 2716 χρόνων
3131 2664 3385 2718 προσχω-
3410 2654 3415 2659 ’

1814 2736 1983 2804 ρήσας
2015 2731 2222 2787 ἐκεῖθεν
2249 2733 2326 2805 τῷ
2363 2734 2595 2807 βασιλεῖ,
2630 2738 2659 2790 ὁ
2686 2736 2929 2802 τοιοῦτος
2950 2738 3161 2808 Δριμίις
3189 2738 3386 2792 τούπί-

1813 2913 2092 2969 retrahere
2152 2927 2350 2969 uxores
2405 2911 2859 2983 'l‘nrcopulorum.
2939 2911 3125 2968 Fidem
3172 2914 3386 2970 invenit

1814 3003 1956 3073 apud
1989 3004 2358 3072 Amogabaros
2390 3003 2690 3073 plausibilis
2740 3005 3042 3059 excusatio.
3098 3003 3385 3073 Atque-ita

1816 3108 2013 3161 magno
2040 3093 2281 3147 drfllllCli
2309 3095 2555 3163 periculo
2583 3094 2875 3164 coniurati,
2924 3094 3237 3150 Persarchte
3264 3096 3387 3151 Me-

1817 3184 1934 3239 Ieco
1986 3193 2373 3254 persuaserunt
2442 3185 2681 3240 velocem
2742 3186 2795 3241 in
2831 3186 3016 3241 Asiam
3079 3185 3385 3255 trajectum,

1815 3291 1973 3346 quem
2006 3277 2053 3330 is
2082 3277 2221 3330 clam
2249 3277 2633 3333 administrare
2678 3268 2751 3332 eo
2793 3264 3131 3334 commodius
3184 3281 3383 3348 potuit,

1771 3376 1777 3381 '
1814 3371 1956 3436 quod
1987 3369 2141 3438 quasi
2175 3368 2334 3423 soluti
2359 3369 2471 3438 jam
2492 3383 2621 3423 cura
2660 3369 2927 3436 Catelani,
2953 3369 3134 3425 Persis
3163 3385 3194 3423 a
3230 3379 3387 3440 tergo

1815 3460 2021 3517 relictis
2050 3462 2195 3515 circa
2227 3469 2405 3530 partes
2435 3456 2659 3534 Madyti,
2689 3463 2816 3517 hinc
2850 3463 3089 3532 'quidem
3151 3463 3389 3517 triremi-

1816 3551 1917 3606 bus
1967 3554 2282 3607 conscensis
2340 3566 2492 3606 mare
2553 3544 2953 3610 latrocinantes
3032 3552 3387 3617 infestabant,

1816 3644 1940 3697 inde
2002 3653 2180 3698 autem
2227 3647 2576 3701 terrestribus
2633 3647 2804 3714 copiis
2866 3646 2973 3701 late
3036 3647 3386 3715 pradabundi

1818 3734 2065 3804 regiones
2096 3734 2469 3800 incursabant,
2520 3736 2620 3805 ipsi
2663 3749 2882 3806 quoque
2920 3736 3041 3792 urbi
3087 3736 3385 3797 formidati,

1820 3827 1981 3880 anxia
2017 3841 2206 3880 eorum
2273 3828 2683 3895 exspectatibne
2743 3827 3011 3890 sollicitre,
3064 3830 3280 3898 quando
3334 3839 3391 3883 et

1818 3919 1933 3973 ausi
1971 3930 2093 3972 sunt
2122 3930 2265 3972 nova
2291 3918 2672 3986 imperatorem
2723 3919 2989 3988 legatione
3028 3921 3261 3988 superbe
3296 3920 3419 3973 la-.
3486 3978 3491 3983 ,

1818 4024 2058 4073 cessere,
2085 4024 2186 4078 qua
2216 4010 2472 4078 petebant
2498 4009 2633 4063 solvi
2664 4011 2772 4064 sibi
2801 4010 2963 4080 plane
3000 4011 3268 4079 stipendia
3302 4026 3390 4064 re-

1820 4108 1903 4152 tro
1931 4098 2132 4162 debita,
2164 4109 2274 4152 tum
2319 4112 2439 4167 quae
2487 4106 2644 4167 rapta
2680 4099 2735 4153 in
2796 4098 3045 4153 manibus
3103 4098 3389 4162 haberent,

1820 4188 1926 4244 alia
1948 4189 2189 4258 ipsorum
2211 4189 2476 4244 arbitratu
2513 4188 2749 4243 taxanda
2795 4188 3021 4258 pecunia
3064 4188 3292 4254 redimi;
3322 4191 3391 4244 iis

1819 4280 2071 4349 peractis
2085 4280 2313 4347 praeberi
2365 4281 2471 4336 sibi
2510 4280 2578 4335 ab
2629 4282 2958 4351 imperatore
2999 4294 3185 4345 naves,
3222 4288 3281 4334 et
3307 4282 3391 4334 sic

1820 4384 1944 4423 cum
1981 4370 2189 4438 pacein
2225 4370 2458 4436 patriam
2507 4370 2734 4425 remitti.
2790 4368 2997 4433 Nibaie
3042 4369 3255 4433 ﬂerent,
3309 4369 3393 4422 in.

1825 4461 2159 4514 ternecinntn
2181 4461 2245 4512 ad
2258 4469 2559 4514 extremum
2589 4458 2985 4514 denuntiabant
3008 4460 3228 4513 bellum.
3266 4457 3395 4513 Haec
3424 4524 3429 4529 _

180 4554 245 4607 sis
264 4558 391 4609 ultro
423 4557 669 4623 citroque
700 4552 940 4623 quotidie
965 4551 1434 4614 commeantibus;
1480 4564 1708 4619 quorum
1741 4562 1793 4620 Ῑ)
1821 4566 1945 4607 cum
1990 4551 2200 4604 admitti
2256 4550 2404 4603 nullo
2430 4552 2590 4604 modo
2619 4561 2859 4620 possent,
2889 4552 3066 4620 palam
3096 4565 3215 4605 erat
3256 4566 3396 4606 cun»

182 4649 368 4712 «Iuniam
402 4663 432 4701 a
473 4646 672 4700 Meleon
725 4642 993 4699 nuntiavit
1030 4642 1130 4712 ipsi
1183 4641 1350 4695 videri
1384 4656 1545 4710 posse
1580 4640 1722 4693 'I‘nro

183 4739 373 4805 copuios
407 4753 435 4790 a
469 4739 728 4792 societate
766 4733 1149 4788 Catelanorum
1206 4732 1454 4786 abscindi
1488 4740 1543 4785 et
1599 4734 1724 4784 dato

185 4828 353 4883 idoneo
388 4830 508 4884 ﬁdei
540 4830 769 4899 pignore
827 4826 1093 4882 Romanis
1147 4827 1453 4888 conciliari,
1511 4825 1558 4877 si
1611 4838 1724 4878 suae

183 4916 581 4983 ipsismulieres,
617 4933 755 4988 quas
815 4926 1004 4987 captas
1054 4918 1123 4970 ab
1167 4914 1356 4969 Alanis
1406 4914 1723 4982 imperatori

184 5010 358 5065 deditas
392 5010 604 5064 dictum
635 5018 740 5074 est,
799 5009 869 5062 ab
896 5008 1002 5063 hoc
1042 5008 1147 5062 illis
1199 5007 1577 5061 redderentur.
1622 5004 1721 5059 ιιιε

185 5098 314 5155 facile
339 5118 605 5158 annuente
624 5102 867 5168 Angusto
888 5111 943 5155 et
1001 5099 1317 5154 mulieribus
1354 5101 1467 5166 jam
1511 5097 1717 5162 missis,

184 5192 570 5259 deprehenditur
586 5193 657 5248 ab
678 5191 1034 5259 Amegabaris
1062 5205 1259 5245 arcana
1283 5189 1510 5243 molitio.
1539 5188 1722 5252 Ouare

186 5279 496 5340 Romofertus
550 5286 618 5339 ad
654 5284 922 5354 judicium
953 5282 1307 5337 Persarcbatn
1365 5282 1523 5345 citat,
1555 5278 1719 5350 592

185 5390 363 5444 «Isque
393 5394 477 5432 om
492 5393 588 5432 nes
636 5392 775 5446 quos
805 5376 1132 5431 defectionis
1195 5388 1317 5429 cum
1373 5387 1438 5426 eo
1468 5373 1718 5442 cogitata:

189 5469 392 5535 suspicio
416 5469 781 5539 contingebat.
835 5467 949 5522 liis
980 5481 1204 5522 causam
1239 5463 1533 5529 dilIicilem,
1567 5465 1716 5518 exitu

188 5571 294 5612 sane
316 5562 561 5630 ancipiti,
584 5558 892 5614 dicentibus
921 5572 1047 5611 cum
1086 5573 1195 5625 non
1221 5566 1532 5610 occurreret
1583 5555 1716 5624 quid

189 5648 304 5701 aliud
339 5650 698 5706 verisimiliter
766 5649 1091 5717 allegat-ent,
1156 5647 1214 5700 in
1235 5662 1301 5701 eo
1324 5651 1718 5700 consenserunt

193 5740 571 5796 utaﬂirmarent
597 5754 703 5795 non
732 5752 858 5794 vere
915 5737 1147 5797 deiicere
1203 5751 1263 5791 se
1304 5736 1559 5799 voluisse,
1596 5737 1743 5795 ,sed,

191 5836 468 5889 ostentanda
519 5833 654 5887 falso
684 5832 799 5898 ejus
836 5831 914 5885 rei
968 5830 1242 5884 voluntate
1283 5827 1351 5883 ab
1385 5828 1715 5894 imperatore

428 5931 694 5990 Ριιτιιοι..
742 5929 856 5991 Gn.
905 5925 1160 5987 CXLIV.

1827 4645 1930 4699 etis
1963 4656 2113 4711 spem
2138 4643 2515 4697 conventionis
2538 4642 2738 4696 nullam
2766 4656 3072 4711 superesse.
3090 4642 3287 4710 Quare
3337 4646 3391 4699 in

1825 4734 1939 4788 sola
1970 4731 2167 4788 ﬁducia
2199 4732 2369 4786 divini
2417 4732 2604 4786 auxilii
2663 4732 2919 4801 precibus
2951 4735 3213 4790 esorandi
3249 4734 3396 4791 salu-

1830 4825 1901 4878 tis
1929 4823 2157 4892 publicze
2203 4822 2436 4878 facultas
2470 4833 2525 4877 et
2558 4824 2701 4878 ratio
2724 4824 3015 4894 pendebat,
3043 4824 3207 4880 haud
3236 4829 3419 4896 segni:

1825 4917 1895 4968 ad
1944 4915 1995 4969 id
2039 4915 2277 4970 officium
2331 4913 2664 4983 patriarcha,
2744 4914 2840 4985 qui
2892 4916 3150 4973 maximis
3199 4921 3395 4974 crebro

1825 5007 2189 5062 conventibus
2224 5007 2414 5063 solitas
2444 5023 2572 5063 suas
2618 5008 2832 5069 litanias
2867 5009 3119 5065 iterabat.
3168 5010 3392 5066 Interim
3500 5052 3501 5059 η

1823 5107 2001 5152 antem
2041 5101 2199 5168 periti
2256 5115 2438 5155 rerum
2488 5101 2835 5168 bellicarum,
2885 5110 2943 5157 ut
2974 5102 3191 5159 defendi
3254 5103 3391 5159 satis

1822 5202 2006 5260 posset
2038 5206 2137 5245 arx
2169 5190 2443 5249 Cosmodii
2470 5201 2740 5259 verentes,
2805 5193 2981 5248 deseri
3020 5203 3075 5249 et
3114 5209 3179 5251 ex
3236 5203 3395 5262 parte

1822 5280 2063 5333 subverti
2095 5294 2337 5334 suasere.
2368 5278 2670 5349 Imperator
2719 5292 2898 5339 autem
2933 5284 3119 5354 copias
3168 5285 3397 5338 auxilia-

1822 5384 1910 5424 res
1947 5385 2010 5424 ex
2036 5370 2211 5424 Iberia
2236 5378 2288 5425 et
2315 5370 2383 5425 ab
2417 5371 2552 5426 urbe
2609 5372 2822 5441 Genua,
2880 5375 3021 5431 unde
3050 5385 3392 5444 poposcerat,

1821 5463 2172 5530 exspectabat
2204 5477 2268 5516 eo
2296 5462 2569 5532 cupidius,
2601 5480 2713 5535 quo
2744 5480 2811 5522 ne
2843 5467 3109 5523 interiora
3170 5468 3393 5537 quidem

1820 5552 1970 5605 urbis
1991 5551 2151 5622 593
2184 5561 2268 5607 sat
2309 5554 2416 5610 sibi
2444 5567 2560 5610 tnta
2602 5560 2868 5614 sentiebat
2900 5570 3118 5630 propter
3158 5559 3395 5615 subede-

1819 5654 1967 5697 ratas
1995 5645 2353 5713 quorumdam
2383 5648 2808 5707 machinationes
2828 5652 3189 5720 proditorum.
3220 5650 3396 5705 Nimi-

1820 5750 1937 5788 rum
1957 5735 2175 5804 quidam
2209 5750 2564 5806 cognomento
2615 5740 2850 5814 Drimys,
2901 5744 2992 5813 qui
3041 5744 3171 5800 olim
3236 5744 3397 5799 famae

1818 5842 2007 5897 parum
2040 5834 2192 5885 bonae
2224 5830 2430 5887 dudum
2457 5848 2522 5889 ex
2557 5832 2797 5891 Occiduo
2820 5874 2825 5877 -
2849 5845 3024 5890 tractu
3062 5836 3131 5892 ad
3163 5837 3396 5908 impera-

2915 5932 2987 5994 2i
