3848 6580
163 505 259 568 653

1025 502 1124 572 DE
1162 502 1612 573 ANDRONICO
1649 505 2112 572 PALIEOLOGO
2151 507 2298 576 LIB.
2343 507 2477 576 νη.

3278 513 3383 580 654

158 617 275 686 μηδὲ
303 631 405 684 γαρ
448 615 529 679 είς
585 618 832 672 συνοῖσον
863 617 942 689 τῷ
974 621 1121 708 γένει
1168 623 1378 677 τούτων
1439 621 1696 692 γενέσθαι
1728 624 1779 684 Α
1803 619 2243 696 ὑποδεξαμένων.
2282 625 2451 698 Ἦμῖν
2475 626 2520 679 δ’
2548 622 2752 697 ἑφεξῆς
2777 625 2968 682 ἑκτέον
2995 628 3378 708 τῆςὶστορίας,

155 709 241 778 τήν
282 709 499 778 πρᾶξιν,
545 709 662 764 ἀλλ’
694 711 945 783 ἀνάγκην
973 707 1113 767 εἶναι
1146 714 1388 783 μεγάλου
1419 717 1564 778 τινὸς
1591 714 1701 768 τῶν

155 801 256 854 κατ’
294 799 697 872 Ἀλεξάνδρειαν
735 804 830 856 καὶ
884 805 1078 875 ἱκανὴν
1109 806 1434 875 συγγένειαν
1484 805 1703 877 εχοντος

157 895 427 966 ζητηθῆναι
450 897 546 950 τὸν
580 897 742 966 φόνον
772 898 964 953 τούτου
989 901 1097 954 ἀπὸ
1116 901 1224 954 τῶν
1253 901 1371 956 ἐκεῖ
1410 901 1702 972 καταιρόν-

157 1005 244 1044 των
264 987 362 1056 τῆς
389 988 570 1041 αὐτῶν
599 989 827 1061 φύτλης,
859 992 908 1045 οἳ
931 990 994 1063 δὴ
1024 992 1163 1046 κατὰ
1185 992 1374 1062 χρείαν
1397 993 1701 1063 ὲμπορείας

158 1082 246 1144 τοῖς
291 1081 408 1133 κατ’
455 1082 735 1150 Αἴγυπτον
802 1085 991 1164 τόποις
1051 1083 1377 1153 ἐφίστασθαι
1427 1084 1696 1154 μέλλοιεν.

158 1171 294 1227 Ταῦτ’
321 1172 490 1226 είπὼν
525 1175 673 1239 εδοξε
729 1175 974 1243 πιθανὸς,
1005 1178 1100 1230 καὶ
1128 1178 1189 1232 τδ
1227 1180 1500 1249 χείριστον
1525 1180 1701 1233 ἐκεῖνο

160 1269 351 1336 σκέμμα
389 1268 466 1331 ὡς
525 1270 770 1340 ἀράχνης
823 1271 968 1334 loco;
1017 1271 1279 1329 διελύετο.
1325 1273 1562 1344 Διωρίαν
1607 1271 1701 1330 οὖν

159 1362 352 1433 ἡμερῶν
378 1361 455 1432 τῷ
483 1363 804 1434 πατριάρχῃ
835 1363 1043 1417 διδοῦσι
1086 1364 1188 1434 τῆς
1226 1365 1409 1434 χώρας
1441 1366 1698 1432 ἐξελθεῖν,

159 1454 258 1525 μεθ’
277 1453 338 1515 ἃς
360 1455 408 1506 εί
426 1455 722 1525 ὲπιμείνοι,
745 1455 994 1526 δέχεσθαι
1011 1456 1101 1509 τὸν
1125 1457 1372 1510 κίνδυνον
1397 1458 1697 1515 ἐδικαίουν.

165 1547 240 1609 Ὦς
262 1546 303 1599 δ’
351 1547 504 1600 οὐδὲν
543 1547 809 1617 ὑφίστατο
860 1549 981 1601 οὐδὲ
1005 1549 1105 1621 τὴν
1155 1550 1362 1620 ἐγγύην
1391 1549 1584 1615 ἐδίδου,
1616 1549 1697 1614 είς

155 1639 264 1693 δίκα
283 1640 456 1703 πάσας
483 1641 586 1702 τὰς
611 1641 823 1711 ἡμέρας
858 1642 1193 1712 περιιστιῖισι
1224 1642 1320 1694 καὶ
1344 1640 1696 1695 ἀπολύουσιν.

156 1729 228 1801 ῙΡ.
257 1730 373 1803 ιιθ]
431 1731 576 1785 Ἀλλ’
636 1733 810 1797 οὓτως
839 1733 1066 1787 ἁλύουσι
1117 1732 1353 1797 τούτοις,
1405 1732 1528 1786 ἐπεὶ
1561 1732 1700 1801 πρὸς

153 1825 258 1883 ταῖς
304 1822 506 1890 Θήϐαις
550 1820 715 1894 ἦσαν,
767 1823 958 1893 μαθὼν
1001 1826 1030 1878 δ
1075 1823 1168 1878 τοῦ
1189 1825 1356 1878 τόπου
1389 1823 1574 1895 ἄρχων
1600 1825 1697 1878 καὶ

2037 760 2122 826 ιζ’,
2160 766 2297 833 Περὶ
2325 766 2433 820 τοῦ
2453 767 2729 838 μοναχοῦ
2770 767 3136 840 ’1.λαρίωνος.

1875 901 2121 972 Μοναχός
2165 918 2252 966 τις
2295 901 2562 976 Ἰλαρίων,
2590 907 2710 970 νέος
2760 907 2836 962 ὣν
2858 911 2953 968 καὶ
2978 913 3118 965 κατᾶ
3145 913 3245 986 τὴν
3277 915 3380 986 τῆς

1803 990 2177 1064 Περιύλέπτου
2238 997 2408 1066 μονὴν
2455 998 2726 1064 ινασκῶν,
2761 1001 2884 1055 ἐπεὶ
2927 1001 3050 1057 κατ’
3084 1005 3381 1076 Ἕλεγμοὺς

1803 1086 2046 1154 ἐγεγόνει
2093 1089 2366 1159 πεμφθεὶς
2414 1091 2506 1143 ἐπὶ
2556 1093 2677 1154 ταῖς
2703 1092 2802 1160 τῆς
2831 1095 3004 1165 μονῆς
3035 1099 3252 1168 χρείαις
3287 1095 3380 1173 (ἦν

1803 1177 1912 1246 γὰρ
1941 1177 1998 1231 τὺ
2031 1179 2220 1248 κτῆμα
2261 1183 2374 1257 τοῖς
2395 1180 2624 1235 ἐκείνων
2661 1185 2936 1254 μετοχίοις
2957 1187 3222 1258 ἁρμόζον)
3247 1193 3374 1262 ὁση-
3432 1226 3434 1230 ι

1807 1269 1971 1339 μέραι
1997 1287 2057 1323 τε
2085 1271 2183 1334 τὰς
2219 1273 2428 1326 ἐκεῖθεν
2449 1275 2811 1341 ἐκστρατείας
2849 1278 2996 1348 ἑώρα
3033 1281 3281 1353 Περσῶν,
3305 1287 3379 1349 ὡς

1805 1362 1984 1416 πάντα
2017 1363 2118 1433 μὲν
2151 1364 2221 1420 τὰ
2262 1365 2383 1420 ἐκεῖ
2410 1367 2720 1436 ληίζεσθαι,
2773 1371 3012 1443 ἐπιχρᾷν
3045 1375 3103 1428 δὲ
3129 1377 3224 1430 καὶ
3269 1381 3383 1440 τοῖς

1803 1451 1925 1506 κατ’
1963 1454 2280 1524 Ἐλεγμοὺς,
2314 1458 2408 1510 καὶ⁵
2439 1458 2738 1529 τολμητίας
2764 1459 2843 1514 ὢν
2866 1462 3043 1526 ἄλλως
3069 1467 3166 1520 καὶ
3187 1466 3382 1534 ἔμπει-

1807 1546 1951 1613 ρίαις
1980 1543 2306 1616 πολεμικαῖς
2336 1548 2436 1601 ούκ
2484 1551 2730 1622 ἀπᾴδων,
2762 1552 2855 1604 τὸν
2887 1555 3070 1608 ἐκεῖσε
3101 1556 3382 1626 συλλέγων

1801 1633 1930 1690 λαδν
1983 1637 2076 1689 καὶ
2127 1638 2483 1708 προσϐάλλων
2530 1645 2640 1705 τοῖς
2691 1644 2906 1697 ἐπιοῦσι
2940 1646 3157 1714 Πέρσας
3193 1651 3381 1714 κακῶς

1801 1725 2023 1779 διετίθει
2049 1728 2144 1781 καὶ
2180 1729 2274 1782 τὸν
2302 1729 2470 1785 τόπον
2501 1733 2802 1805 πολυωρῶν
2830 1738 2931 1792 οὐκ
2960 1739 3130 1794 ἀνίει.
3179 1742 3323 1797 Ἀλλ’
3343 1745 3378 1814 ἡ

1803 1818 2046 1873 πολιτεία
2099 1822 2263 1887 εὐθὺς
2316 1825 2404 1878 καὶ
2467 1827 2853 1901 ήδφειλομένη
2911 1833 3182 1904 σεμνότης
3226 1837 3380 1907 καὶὴ

154 1913 310 1981 μέγας
336 1912 505 1976 οὕτως
549 1913 922 1984 φημιζόμενος
974 1913 1169 1984 κύριος
1196 1915 1367 1967 κακὸν
1392 1915 1699 1983 ἀπάντημα
1733 1959 1776 2015 Β
1803 1912 1926 1968 κατ’
1959 1915 2162 1986 ἀρετήν
2209 1916 2258 1969 οί
2292 1918 2458 1988 κυρία
2487 1923 2577 1974 καὶ
2625 1923 2864 1993 μόνωσις
2902 1927 3125 1994 πρῶτον
3156 1929 3257 1998 μὲν
3287 1930 3380 1984 τδν

151 2004 371 2072 γίνεταιο
421 2004 715 2082 κατασχὼν
769 2004 878 2075 γὰρ
911 2005 1156 2073 εἱρκταῖς
1203 2004 1541 2074 παραδίδωσι
1575 2007 1700 2069 ταῖς

153 2093 600 2162 ἂσφαλεστάταις,
633 2093 730 2148 καὶ
786 2095 955 2163 τιμῆς
1017 2093 1292 2164 δισχιλίων
1345 2093 1726 2164 νομισμάτων

153 2186 384 2258 ἠϐούλετο
410 2186 732 2242 ἀποδόσθαι.
775 2187 1048 2257 ’Υστερον
1069 2187 1128 2240 δὲ
1165 2186 1304 2257 μετὰ
1327 2187 1522 2257 καιρὸν
1560 2203 1697 2257 χρη-

154 2280 295 2350 σίμου
318 2279 575 2348 φανέντος
601 2279 697 2332 τοῦ
736 2281 1078 2351 πατριάρχου
1110 2279 1189 2350 τῷ
1211 2279 1501 2350 κατέχοντι
1532 2296 1700 2348 νοση-

151 2369 420 2440 λευομένῳ,
475 2369 762 2439 ἐλευθερία
822 2373 938 2433 τοῖς
989 2370 1412 2433 κατακλείστοις
1462 2369 1693 2424 δίδοται.

149 2467 244 2521 Καὶ
270 2468 388 2534 περὶ
410 2465 504 2519 τὸν
548 2465 819 2536 ’Δλμυρδν
849 2465 1135 2534 δεχθέντες
1164 2465 1282 2517 ἐκεῖ
1313 2480 1414 2516 που
1439 2463 1535 2516 καὶ
1563 2479 1699 2516 κατ-

148 2559 407 2629 εσκήνουν,
459 2557 705 2628 εὐμενῶς
756 2556 866 2612 τῶν
907 2555 1001 2610 τοῦ
1032 2555 1200 2610 τόπου
1235 2556 1444 2627 κυρίων
1497 2556 1700 2619 αὐτοὺς

151 2740 384 2810 dogmate
408 2737 591 2795 dicere
619 2751 773 2797 suam
817 2734 1063 2792 deberet.
1099 2733 1240 2804 Ergo
1265 2733 1340 2789 illi
1368 2734 1436 2788 ad
1469 2737 1697 2792 combu-

146 2835 371 2896 rendutn,
397 2833 473 2886 ttti
503 2833 876 2897 decreverant,
914 2844 1254 2890 recusantem
1288 2831 1448 2904 595
1474 2848 1699 2903 respon-

146 2924 264 2980 dere
286 2924 771 2995 accingebautjam
814 2940 970 2989 sese;
1031 2923 1502 2994 perfecissentque
1552 2927 1694 2995 quod

146 3018 551 3079 destinaverant,
579 3017 684 3070 nisi
718 3017 936 3086 quidam
962 3017 1016 3070 itt
1051 3018 1230 3072 medio
1295 3028 1448 3072 stans
1501 3018 1696 3074 admo-

145 3109 333 3162 nuisset
391 3111 713 3163 damnosum
757 3109 811 3163 id
863 3109 997 3177 ipsis
1050 3119 1105 3164 et
1156 3110 1411 3164 universo
1456 3110 1695 3180 ipsorum

143 3199 306 3265 generi
337 3198 537 3253 factum
574 3199 745 3254 videri
779 3199 916 3254 fore.
959 3199 1094 3253 Nam
1135 3201 1409 3256 hominem
1445 3200 1537 3270 qui
1570 3199 1694 3255 Ale-

1802 2005 1966 2058 αὑτοῦ
2007 2007 2441 2079 καθηγούμενον,
2477 2013 2772 2083 μετέπειτα
2801 2015 2859 2068 δὲ
2895 2018 2991 2070 καὶ
3030 2021 3379 2092 πατριάρχην

1801 2097 1982 2152 πείθει
2007 2100 2247 2168 μαθόντα
2277 2103 2559 2174 ὲμϐριθῶς
2583 2105 2680 2158 καὶ
2699 2105 2766 2159 δι’
2797 2107 3225 2180 ἐπιτιμημάτων
3252 2129 3382 2179 σφο-

1799 2189 1943 2260 δρῶν
1973 2191 2264 2261 ἀπείργειν
2281 2194 2381 2263 τῆς
2412 2195 2610 2269 πείρας
2640 2198 2734 2252 τὸν
2782 2204 3037 2271 μοναχὸν.
3085 2203 3224 2255 Ἀλλ’
3256 2206 3380 2258 επεὶ

1803 2283 1898 2337 καὶ
1941 2286 2256 2355 προστιμᾷν
2307 2286 2554 2341 ἐδέδοκτο
2581 2291 2694 2350 τοῖς
2743 2293 3020 2360 μεγίστοις
3047 2293 3137 2346 διὰ
3168 2295 3229 2348 τὸ
3259 2297 3384 2349 τόλ-

1805 2389 1991 2444 μημα,
2026 2375 2188 2443 γνοὺς
2216 2376 2426 2440 ἐκεῖνος
2455 2378 2666 2449 βασιλεῖ
2700 2384 3043 2455 προστρέχει.
3097 2385 3155 2439 '0
3189 2385 3246 2439 δὲ
3281 2387 3380 2444 καὶ

1800 2461 2015 2533 δέχεται
2046 2466 2140 2518 καὶ
2173 2467 2240 2519 τὰ
2272 2466 2393 2520 καθ’
2431 2470 2624 2524 ἑαυτὸν
2668 2473 3024 2545 διακυϐερνᾷ,
3060 2478 3119 2530 ού
3161 2477 3268 2549 μὴν
3320 2478 3382 2530 δι

1800 2557 1896 2610 καὶ
1925 2556 2018 2611 τὸν
2045 2559 2396 2632 πατριάρχην
2423 2563 2616 2634 ἐκείνῳ
2643 2562 2732 2636 [Ρ.
2767 2566 2894 2638 ειη
2927 2566 3074 2638 εῖχεν
3101 2569 3382 2643 ἐξευμενί-

1800 2737 2193 2806 perlibentibus
2227 2739 2471 2796 locorum
2511 2742 2768 2800 tioutinis.
2787 2743 2894 2801 Sed
2932 2747 2986 2802 in
3009 2748 3194 2804 orbem
3225 2751 3382 2808 dein-

1799 2838 1924 2894 ceps
1955 2827 2110 2882 nobis
2139 2828 2374 2882 historia:
2404 2842 2602 2886 nostrae
2633 2832 2966 2888 redeundum
2992 2845 3096 2890 est.

2177 2961 2262 3016 17.
2307 2961 2384 3016 De
2419 2964 2670 3018 monacho
2701 2964 2998 3021 llilat't'one.

1868 3093 2032 3168 596
2064 3095 2362 3152 Monachus
2389 3099 2606 3168 quidam
2645 3100 2887 3157 Hilarion
2921 3103 3166 3162 ﬂorentis
3201 3110 3379 3167 :etatis

1797 3186 1852 3241 in
1904 3187 2228 3257 Peribleptte
2257 3193 2592 3246 monasterio
2638 3193 2804 3246 vitam
2834 3196 3150 3264 religiosam
3173 3204 3380 3256 excrci-

145 3291 368 3346 nndriaz
393 3290 588 3346 fuisset
623 3291 677 3345 in
717 3293 1134 3361 patriarchalem
1165 3303 1450 3362 promotus
1486 3293 1691 3358 sedem,
1724 3296 1768 3354 ο
1801 3286 2086 3344 amicum
2110 3283 2308 3338 ηιῖεευε
2352 3283 2610 3353 Ειοειηοε
2675 3300 2866 3342 Versus
2905 3289 2970 3343 ad
3002 3293 3241 3346 curanda
3266 3295 3379 3351 illic

143 3394 546 3439 consentaneum
577 3399 700 3438 esse
725 3400 793 3438 ex
831 3400 1020 3454 magna
1061 3385 1167 3439 illic
1196 3394 1250 3438 et
1278 3396 1494 3454 potente
1514 3397 1692 3441 ortum

141 3477 357 3542 familia;
405 3477 547 3530 unde
582 3491 692 3530 non
729 3485 876 3530 esset
919 3476 1270 3531 dubitandum
1313 3477 1440 3545 quin
1476 3488 1569 3530 aut
1599 3493 1696 3532 sua

138 3580 312 3634 sponte
341 3577 439 3621 aut
477 3568 734 3622 concitati
792 3581 821 3620 a
850 3567 951 3622 viri
991 3567 1240 3638 cognatis
1300 3567 1698 3636 perillustribus

138 3659 493 3722 Alexandrini,
527 3671 634 3714 tam
667 3658 942 3714 crudelem
987 3661 1071 3714 sui
1119 3660 1445 3730 patriarchae
1509 3676 1696 3715 necem

139 3751 258 3806 male
286 3753 582 3807 multandis
633 3753 752 3822 ejus
788 3753 1100 3808 auctoribus
1151 3768 1362 3808 summa
1416 3754 1468 3806 vi
1507 3753 1693 3807 ulcisci

136 3855 466 3909 conarentur,
498 3845 652 3912 cujus
694 3845 768 3897 rei
803 3854 896 3897 aut
926 3846 1246 3898 damnorum
1287 3852 1474 3898 saltem
1510 3844 1698 3912 ingen-

137 3932 252 3985 tium
292 3932 700 3988 Eubmeusibus
735 3932 1144 3988 inferendorunt
1179 3935 1398 3988 occasio
1429 3933 1560 4001 ipsis
1603 3933 1697 3988 de-

136 4037 238 4080 esse
258 4041 365 4080 non
396 4035 604 4095 posset,
637 4024 1070 4082 nundinantibus
1096 4026 1181 4080 bis
1212 4025 1528 4092 frequenter
1546 4039 1697 4078 eom-

136 4118 446 4171 rnerciorum
472 4131 638 4171 causa
674 4119 820 4172 circa
869 4129 1062 4188 portus
1112 4125 1167 4172 et
1216 4117 1398 4171 littora
1449 4115 1690 4188 Egypti.

133 4203 242 4261 llaec
271 4208 360 4263 ille
381 4189 569 4264 dicens
593 4219 745 4264 recte
809 4224 1033 4264 monere
1065 4209 1213 4264 visus
1261 4218 1365 4274 est,
1412 4217 1696 4279 totumque

132 4293 244 4352 illud
267 4301 540 4354 turbidum
571 4301 858 4356 censilium
893 4310 1169 4356 momento
1221 4309 1307 4356 est
1363 4301 1537 4356 instar
1575 4301 1694 4357 tela:

135 4403 327 4445 araneae
361 4393 670 4461 disiectum.
707 4393 954 4460 Spatium
991 4407 1122 4461 ergo
1166 4393 1376 4448 dierum
1417 4404 1691 4448 certorum

135 4485 439 4551 patriarcha:
468 4485 757 4550 deliniunt,
787 4485 925 4539 intra
951 4486 1092 4553 quod
1115 4485 1218 4537 nisi
1263 4499 1295 4540 e
1325 4485 1488 4542 terris
1527 4485 1694 4542 ditio-

136 4577 204 4630 nis
223 4577 458 4646 ipsorum
486 4578 793 4641 excederet,
829 4592 929 4632 suo
967 4576 1207 4645 periculo
1242 4577 1311 4631 ibi
1348 4588 1686 4632 tttoraturum

135 4669 474 4736 declararunt,
513 4685 612 4724 nec
633 4671 731 4733 illi,
755 4670 858 4724 nisi
886 4671 1048 4724 vades
1067 4670 1224 4724 daret
1253 4671 1502 4735 idoneos,
1539 4673 1687 4727 inco-

136 4754 412 4814 lumitatem
457 4769 719 4828 prastare
761 4762 1144 4831 magistratus.
1179 4765 1252 4819 Ita
1281 4767 1394 4832 ille,
1429 4769 1562 4824 nihil
1593 4785 1686 4824 eo-

137 4857 276 4903 natus
300 4859 486 4904 contra
518 4851 772 4920 excipere
799 4863 898 4908 aut
928 4853 982 4908 itt
1007 4857 1400 4924 conquirendis
1462 4861 1684 4930 lidejus-

135 4942 327 4996 soribus
348 4955 620 5012 satagere,
654 4955 771 5011 post
809 4945 996 5000 decem
1025 4949 1161 5011 dies,
1205 4949 1256 5004 in
1281 4965 1419 5020 quas
1457 4953 1564 5022 ipsi
1597 4969 1690 5009 so-

135 5030 200 5085 las
217 5037 612 5090 eratseeuritas
641 5038 935 5104 promissa,
957 5039 1126 5094 solvit
1157 5041 1384 5098 Eubtea.
1421 5043 1689 5116 Deinceps

135 5124 286 5180 eidem
311 5127 714 5196 comitibusque
749 5131 869 5197 eius
912 5145 1010 5199 per
1040 5132 1163 5187 illas
1196 5147 1326 5188 oras
1357 5137 1690 5205 vagantibus

135 5217 337 5289 contigit
373 5219 595 5274 Thebas
619 5220 790 5284 adire,
843 5237 1037 5292 magno
1073 5223 1312 5293 ipsorum
1365 5226 1683 5284 infortunio.

136 5303 249 5363 Nam
270 5311 366 5367 loci
396 5314 676 5384 princeps,
701 5313 860 5384 vulgo
898 5315 1075 5370 dictus
1129 5331 1358 5386 magnus
1409 5319 1679 5388 dominus,

136 5402 471 5459 Iecurissima
497 5414 722 5461 cunctos
743 5406 974 5463 traditos
1018 5408 1282 5464 custodia
1328 5409 1688 5466 dimissurum

137 5492 421 5560 aenegabat
458 5494 560 5549 nisi
593 5510 940 5569 nmtnorunt
985 5498 1152 5553 duum
1212 5497 1440 5554 milliu-
1498 5516 1686 5568 perso-

139 5575 234 5633 luto
257 5586 445 5652 pretio.
480 5585 730 5665 Tandem
784 5596 964 5643 tamen
1011 5603 1138 5643 cum
1197 5587 1335 5643 forte
1394 5592 1685 5654 accidisset

137 5675 390 5737 egrotanti
428 5690 626 5745 magno
651 5676 873 5733 domino
903 5680 1088 5734 nescio
1118 5678 1250 5749 quid
1275 5680 1426 5738 utilis
1461 5681 1621 5738 σωοἱί
1647 5698 1679 5738 a

139 5763 418 5822 Pat'riareba
458 5770 732 5838 exhiberi,
765 5771 996 5828 libertas
1059 5775 1365 5830 careeratis
1415 5774 1540 5830 data
1569 5785 1676 5842 est,

141 5850 188 5905 in
219 5857 454 5928 digressu
486 5864 614 5917 hinc
644 5864 892 5936 exceptis
917 5865 988 5920 ab
1017 5865 1217 5921 accolis
1245 5865 1479 5938 Mmyri,
1508 5883 1678 5938 prope

140 5957 277 6014 quo
317 5962 366 6009 et
421 5955 526 6026 ipsi
579 5972 794 6015 amnem
854 5958 977 6015 ﬁxis
1023 5959 1278 6018 tentoriis
1330 5969 1669 6030 manserunt,

1803 3372 1905 3427 sita
1955 3373 2254 3444 hospitium
2302 3385 2355 3431 et
2392 3377 2594 3448 praedia
2645 3379 2822 3447 adjus
2868 3383 3032 3436 modo
3092 3391 3376 3444 memorati

1800 3466 2039 3522 ccenobii
2068 3469 2420 3535 pertinentia.
2461 3470 2670 3524 videret
2705 3472 2832 3526 inde
2864 3473 2949 3527 uri
2982 3477 3226 3544 quotidie
3261 3494 3380 3534 ont-

1802 3559 1888 3612 nia
1950 3559 2355 3616 incursionibus
2410 3561 2728 3627 Persarum,
2784 3567 3136 3636 aspirareque
3173 3570 3376 3626 inuitos

1798 3649 2072 3707 Barbaros
2109 3668 2278 3722 usque
2311 3654 2376 3707 ad
2420 3655 2662 3710 citimam
2697 3657 2956 3711 viciniam
2995 3659 3180 3729 oppidi
3217 3661 3378 3731 Eleg.

1800 3757 2038 3808 morum,
2066 3745 2285 3815 juvenis
2313 3757 2474 3802 aetate
2499 3747 2676 3812 ferox.
2707 3751 2881 3805 audax
2916 3751 3115 3816 indole,
3139 3769 3238 3809 nec
3275 3755 3377 3809 nti-

1799 3835 2078 3903 iitaribus,
2130 3839 2173 3892 si
2201 3839 2467 3894 adfuisset
2499 3842 2790 3908 institutio,
2846 3844 3214 3901 {unctionibus
3254 3850 3377 3904 ine-

1798 3936 1948 3996 plus,
2008 3929 2230 3984 collecta
2259 3932 2641 4002 indigenarum
2695 3949 2855 3987 manu
2887 3949 3080 3991 secure
3113 3953 3372 4005 grassan-

1800 4027 1882 4073 tes
1904 4033 2193 4090 aggressus
2221 4020 2420 4077 Persas
2443 4023 2582 4077 male
2608 4023 2730 4078 illos
2752 4025 3067 4095 plerumque
3087 4029 3372 4093 multabat,

1796 4110 1984 4179 sicque
2016 4109 2196 4165 locum
2226 4112 2518 4167 defendens
2554 4113 2817 4168 intactum
2850 4114 3062 4185 injuriis
3087 4117 3372 4174 hostilibus

1796 4211 2060 4269 praestare
2095 4205 2379 4273 pergebat,
2417 4204 2634 4272 quando
2655 4205 2798 4259 fama
2833 4206 2909 4260 rei
2950 4207 3156 4276 perlata
3197 4209 3251 4264 in
3281 4226 3371 4264 ur-

1795 4291 1930 4354 bem.
1957 4293 2271 4363 religionem
2321 4297 2627 4364 praepositis
2682 4297 2934 4364 incussit,
2977 4301 3136 4371 quasi
3177 4311 3368 4356 contra

1796 4382 1880 4438 fas
1903 4385 2149 4442 sinerent
2199 4401 2371 4443 sacrae
2403 4387 2760 4457 professionis
2791 4390 3090 4457 hominem,
3133 4391 3366 4447 alienum

1795 4493 1824 4532 a
1862 4479 2152 4535 sanctitate
2188 4479 2270 4533 sui
2305 4479 2546 4544 habitus,
2573 4495 2600 4532 a
2635 4481 2929 4536 solitudine
2956 4496 3119 4550 quam
3151 4483 3370 4537 nomine

1795 4571 2168 4643 polliceretur,
2201 4586 2231 4625 a
2276 4571 2502 4625 lenitate
2538 4571 2769 4627 instituti
2834 4572 3071 4642 suscepti
3122 4573 3365 4643 propria.

1794 4681 2068 4720 armorum
2095 4675 2144 4719 et
2193 4666 2388 4721 ductus
2417 4652 2587 4720 turba:
2609 4666 2870 4723 militaris
2921 4683 3180 4724 exercere
3212 4667 3368 4724 mini-

1793 4761 2043 4815 sterium.
2070 4757 2144 4813 Ea
2175 4773 2263 4813 res
2297 4768 2422 4813 ante
2458 4773 2646 4814 omnes
2675 4758 2992 4830 prtel'ectum
3025 4759 3364 4832 Pcribleptre.

1794 4867 1915 4906 mox
1937 4860 1990 4908 et
2023 4851 2090 4906 de
2121 4852 2202 4907 bis
2257 4853 2505 4908 edoctum
2539 4853 2904 4924 patriarcbatn
2941 4854 3111 4908 movit
3163 4855 3229 4908 ad
3266 4857 3366 4908 obs

1791 4942 2118 5010 jurgandum
2136 4943 2388 5014 juvenem
2412 4942 2804 5003 vehementius.
2833 4957 3131 5013 cevet-eque
3159 4944 3366 4998 subin-

1785 5034 2173 5089 terminatione
2225 5049 2505 5104 positarum
2554 5035 2795 5105 gravium
2830 5037 2879 5090 ei
2930 5033 3361 5090 tienuntiandnnt

1790 5141 1858 5180 ne
1909 5125 2074 5178 ullam
2106 5127 2362 5195 deinceps
2394 5135 2601 5194 partem
2622 5124 2827 5182 bellica:
2873 5125 3362 5183 administrationis

1789 5215 2103 5288 attingeret.
2139 5215 2290 5270 Haud
2317 5216 2451 5271 satis
2492 5217 2581 5271 ille
2619 5232 2681 5272 se
2740 5217 3070 5289 morigerum
3140 5220 3361 5273 monitis

1791 5307 1989 5365 talibus
2015 5311 2311 5379 prmbebat,
2335 5309 2583 5380 praesenti
2621 5308 2764 5364 aliud
2781 5313 3102 5368 necessitate
3137 5313 3364 5368 suadet:-

1797 5412 1874 5458 te.
1901 5403 2079 5470 Quare
2103 5417 2228 5456 cum
2267 5401 2595 5472 intelligeret
2614 5403 2860 5458 irritatos
2881 5405 2998 5475 ejus
3016 5405 3358 5460 contumacia

1794 5495 2118 5564 praepositos
2136 5495 2188 5548 in
2208 5508 2407 5554 messe
2433 5505 2491 5550 ttt
2515 5494 2616 5553 sibi
2643 5495 3028 5564 conlprehendi
3046 5494 3197 5564 jusso
3215 5498 3360 5550 acria

1793 5585 2100 5658 indigerent
2119 5587 2412 5658 supplicia,
2451 5587 2699 5660 confugit
2733 5591 2800 5644 ad
2833 5589 3237 5662 imperatorem,
3264 5587 3360 5658 qui

1789 5694 1911 5735 eum
1945 5679 2175 5738 libenter
2212 5679 2432 5743 admisit
2483 5691 2538 5740 et
2591 5681 2734 5752 apud
2762 5695 2838 5750 se,
2865 5681 3118 5744 detinuit,
3157 5680 3356 5734 frustra

1789 5773 2005 5830 interim
2037 5782 2294 5845 satagens
2325 5776 2372 5832 ei
2406 5776 2622 5849 placare
2652 5776 3046 5847 patriarcltant.
3077 5773 3208 5830 Dum
3241 5773 3356 5828 bare

1785 5879 1936 5920 mora
1965 5863 2124 5938 longe
2152 5867 2224 5923 ab
2246 5865 2484 5938 Elegmis
2519 5866 2854 5925 Hilarionem
2901 5876 3072 5934 tenet,
3136 5865 3354 5922 nemire

1782 5957 1892 6015 illic
1943 5959 2161 6017 interim
2211 5959 2389 6020 tutela
2441 5961 2682 6018 locorum
2729 5959 3069 6033 invigilante,
3124 5960 3354 6034 contig‘t
