3856 6548
233 343 339 407 {.57

1120 346 1216 406 DE
1257 342 1696 407 ANI'DRONICO
1739 342 2192 405 PALBEOLOGO
2231 343 2374 401 LIB.
2417 338 2554 404 VII.

3374 332 3480 395 6‘58

235 463 420 529 θίστα,
469 462 571 533 τὴν
618 461 714 517 τοῦ
778 462 1080 534 μαρκεσίου
1117 465 1284 534 τιμὴν
1323 463 1652 535 ληψόμενον,
1682 461 1804 515 ἐπεὶ
1835 464 1876 519 Α
1911 461 2044 526 γύου
2078 460 2172 516 καὶ
2206 460 2256 511 οί
2310 458 2652 527 πεμφθέντες
2699 456 2776 519 εἰς
2809 453 2964 507 τοῦτο
2994 450 3274 521 πρέσϐεις,
3307 445 3382 503 ὧν
3406 442 3482 519 ’δὴ

231 557 444 617 ἐκεῖνος
473 552 572 629 μὲν
602 555 662 619 ἐξ
692 553 999 623 ἀνθρώπων
1028 555 1271 623 ἐγένετο,
1305 556 1396 609 τὸν
1423 556 1481 609 δὲ
1512 554 1736 626 βασιλέα
1758 554 1805 605 οἱ

232 649 349 701 ἐκεῖ
386 645 704 717 πέμψαντες
736 646 922 715 ἠξίουν
959 647 1048 703 διά
1075 665 1221 711 τινος
1255 647 1364 701 τῶν
1394 646 1541 701 ἰδίων
1573 646 1803 709 τέκνων,

230 740 326 793 καὶ
361 739 570 806 μᾶλλον
602 738 698 792 τοῦ
740 739 816 808 τῷ
852 738 1029 809 χρόνῳ
1073 738 1181 794 τῶν
1212 740 1416 793 λοιπῶν
1442 740 1808 811 προφέροντος

244 832 523 899 Ἰωάννου,
581 833 722 891 κατὰ
775 850 893 887 τινα
921 833 1305 904 κληρονομίαν,
1355 834 1571 888 δικαίαν
1598 834 1808 889 ἐκείνου

229 926 465 989 ἄπαιδος
484 927 930 996 τελευτήσαντος,
946 926 1053 983 τῶν
1074 926 1195 981 κατ’
1216 926 1415 990 αὐτοὺς
1437 925 1809 996 ἀντίσχεσθαι.

234 1020 303 1071 ’⁸0
331 1019 430 1099 καὶ
460 1019 689 1088 γεγονὸς
744 1017 997 1089 ὕστερον,
1060 1019 1259 1072 ἐκεῖνον.
1314 1018 1436 1073 κατ’
1477 1019 1716 1082 Ἰταλοὺς
1744 1017 1811 1071 τὸ

232 1113 344 1161 πᾶν
371 1108 469 1161 τὸν
501 1108 772 1178 δεσπότην
816 1110 1327 1178 μετασκευάσαντες
1375 1108 1550 1173 οὕτως
1577 1112 1814 1178 ἠγάπων

232 1201 660 1272 ὐποκλινόμενοι
682 1201 818 1272 πρὸς
843 1203 1112 1271 ὑπακοήν.
1134 1201 1500 1271 Ἀναχθεισῶν
1521 1202 1815 1272 τοιγαροῦν

227 1294 340 1345 τῶν
376 1293 540 1356 νεῶν,
594 1293 1009 1365 προηγούμενον
1060 1294 1166 1348 τῶν
1197 1295 1373 1348 ἄλλων
1397 1294 1631 1355 ἐκείνοις
1654 1289 1724 1364 ἦν
1753 1294 1814 1347 τὸ

230 1386 329 1438 τοῦ
368 1386 636 1453 βασιλέως
673 1384 969 1455 μανθάνειν
1009 1386 1256 1456 θέλημα,
1293 1387 1368 1451 ὡς
1394 1386 1751 1457 πραξείουσιν
1780 1385 1817 1440 ἃ

234 1479 302 1530 ἂν
328 1478 499 1541 αὐτὸς
529 1478 835 1532 ἐπιτάττοι.
874 1478 932 1532 '0
955 1479 1009 1532 δὲ
1032 1478 1131 1548 τὴν
1161 1478 1281 1548 μετ’
1302 1480 1523 1550 εἰρήνης
1551 1477 1815 1541 διάλυσιν,

234 1571 284 1622 εί
318 1568 562 1635 δύναιτο,
616 1570 752 1633 τέως
782 1570 886 1640 τῆς
921 1569 1105 1639 μάχης
1161 1568 1400 1640 πολέμου
1436 1568 1605 1624 ἐτίθει
1638 1570 1820 1640 πολλῷ

236 1662 375 1732 περὶ
429 1662 694 1726 πλείονος,
752 1663 801 1715 εί
855 1663 950 1715 καὶ.
1004 1662 1266 1733 χρήματα
1314 1661 1562 1733 δαπανᾷν
1605 1663 1820 1732 μεγάλα

233 1754 488 1823 ξυμϐαίη
506 1772 521 1787 θ
550 1755 650 1824 τὴν
679 1754 778 1824 μὲν
807 1756 920 1825 γὰρ
942 1754 1238 1825 ἀναιμωτὶ,
1269 1755 1372 1827 τὴν
1397 1755 1457 1809 δὲ
1480 1754 1690 1808 πολλῶν
1722 1772 1819 1808 πε-

234 1849 450 1901 σόντων
482 1848 626 1903 κατὰ
674 1847 914 1917 πόλεμον
958 1848 1225 1917 γίνεσθαι.
1289 1849 1446 1903 Ἐπεὶ
1484 1850 1541 1901 δὲ
1573 1850 1816 1902 κάκεῖνοι

234 1941 504 2006 πολλάκις
548 1942 855 2011 πέμποντες
888 1942 1078 2011 ἠξίουν
1099 1943 1169 1995 τὰ
1193 1942 1656 2015 κεχρεωστημένα
1682 1943 1819 2013 λαμ-

240 2034 434 2087 ϐάνειν
467 2035 561 2088 καὶ
599 2032 1049 2088 ἀπαλλάσσεσθαι
1107 2034 1210 2104 (τὰ
1240 2035 1284 2088 δ’
1314 2031 1478 2107 ἦσαν,
1513 2036 1589 2099 ὠς
1620 2037 1819 2089 ἐκεῖνοι

243 2124 627 2196 ἐϐρενθύοντο,
664 2125 791 2196 περί
819 2143 925 2181 που
969 2125 1068 2191 τὰς
1098 2127 1419 2196 τριακοσίας
1450 2126 1693 2196 χιλιάδας
1724 2128 1818 2183 τοῦ

243 2216 607 2296 νομιζομένου
665 2219 946 2295 χρυσίου),
1006 2220 1103 2274 καὶ
1150 2221 1260 2289 γὰρ
1289 2218 1399 2276 τότ’
1432 2215 1573 2292 ἦσαν
1598 2219 1656 2288 ἐξ
1686 2222 1821 2275 ὑπο-

248 2399 562 2468 εωοιιιιιιίεηι
593 2408 856 2454 miserat:
895 2412 1072 2455 mater
1111 2411 1290 2455 autem
1333 2401 1400 2456 ad
1433 2416 1552 2457 eam
1583 2402 1683 2458 sibi
1713 2404 1825 2457 avi-

250 2501 360 2544 tam
389 2490 718 2547 cernendam
769 2491 1142 2549 haereditatem
1176 2494 1523 2551 Theodorum
1554 2512 1824 2568 praeroga-

248 2582 365 2637 tiva
398 2582 627 2650 majoris
670 2586 848 2641 aetatis
883 2601 1116 2644 censeas
1152 2589 1325 2659 magis
1352 2589 1628 2654 idoneum.
1678 2590 1824 2648 hunc

249 2674 630 2735 Thessalonica
660 2686 804 2732 recta
832 2678 1049 2735 misitin
1075 2677 1622 2754 Italiam,legitimum
1651 2687 1822 2741 haere-

251 2769 367 2823 dem
389 2769 724 2832 declaratum
772 2770 1038 2827 bonorum
1075 2774 1473 2844 etprincipatus
1512 2776 1594 2831 sui
1615 2778 1825 2844 fratris,

234 2871 593 2928 sumpturum
613 2860 721 2916 illic
735 2876 800 2915 eo
817 2864 973 2917 titulo
990 2865 1293 2920 marchesii
1322 2867 1665 2936 dignitatem.
1689 2869 1826 2924 lluic

251 2952 614 3009 collocaverat
636 2953 801 3008 ﬁliam
815 2956 1115 3025 Spinulns:
1145 2960 1238 3014 sed
1270 2969 1327 3014 ut
1348 2976 1465 3029 quae
1495 2973 1677 3015 secuta
1701 2964 1828 3016 sunt

250 3044 426 3099 obiter
453 3053 716 3111 attexam,
744 3057 1068 3115 praemature
1098 3050 1145 3103 is
1180 3050 1317 3105 obiit
1348 3050 1469 3105 sine
1496 3051 1649 3118 prole
1682 3067 1826 3108 mas-

1910 550 2244 622 προύεένουν
2299 551 2397 620 μὲν
2426 546 2756 611 Γεννουῖται,
2807 549 2855 599 οἱ
2885 546 3037 601 αὐτοὶ
3077 544 3136 597 δὲ
3166 543 3257 596 καὶ
3286 543 3353 595 τὰ
3379 541 3479 608 τῆς

1913 645 2209 716 πρεσϐείας
2239 644 2374 712 πρὸς
2413 642 2636 713 βασιλέα
2686 641 3019 712 διηυθὲτουν,
3057 646 3132 707 μὴ
3166 633 3484 704 δυναμένων

1911 738 2136 791 ἐκείνων
2172 737 2381 808 βασιλεί
2405 734 2826 806 ἐμφανίζεσθαι.
2879 732 2977 784 Διὰ
3015 731 3077 799 δὴ
3108 727 3282 782 ταῦτα
3308 741 3485 797 προσ-

1914 830 2129 898 ιέμενος
2175 832 2204 882 ὁ
2237 828 2452 899 κρατῶν
2486 828 2583 897 τὴν
2636 825 2954 896 πρεσϐείαν,
2988 824 3115 885 τοὺς
3154 821 3254 890 μὲν
3280 820 3338 870 ὲν
3368 818 3486 878 ταῖς

1913 932 2068 978 ναυσὶ
2091 922 2499 991 παρακατέχειν
2527 920 2626 996 οὐξι
2650 915 2793 987 εἶχεν
2818 916 3103 986 ὁρμῶντας
3132 912 3266 981 πρδς
3301 909 3489 976 Baga-

1912 1032 2002 1069 νον
2037 1013 2125 1068 διὰ
2152 1015 2220 1067 τὰ
2251 1012 2445 1081 φορτία
2470 1007 2919 1072 διαπλωῖζεσθαι,
2941 1005 3212 1075 τέσσαρας
3237 1005 3293 1057 δὲ
3326 1004 3488 1069 μόνον

1913 1111 2157 1179 τριήρεις
2201 1106 2293 1159 ἐπὶ
2339 1105 2521 1174 ῥητοῖς
2566 1101 2777 1170 μισθοῖς
2827 1097 3293 1169 παρακατασχὼν,
3326 1096 3414 1162 ἐφ’

1912 1201 2216 1270 διατηροίεν
2248 1200 2317 1251 τὰ
2348 1198 2449 1266 τῆς
2489 1195 2713 1248 Ἀϐύδου
2763 1194 2948 1256 στενὰ,
2974 1191 3089 1260 ἅμα
3125 1190 3225 1260 μὲν
3256 1180 3489 1242 ἑιωλύειν

1914 1293 2041 1356 τοὺς
2073 1290 2597 1360 διαπεραιουμένους
2626 1286 2864 1356 Πέρσας,
2897 1284 3013 1353 ἅμα
3035 1282 3091 1334 δὲ
3122 1282 3218 1333 καὶ
3242 1281 3341 1343 τὰς
3364 1296 3490 1332 πειο

1918 1385 2149 1458 ρατικὰς
2180 1386 2421 1453 ἐπέχειν,
2454 1382 2523 1451 ἦν
2554 1397 2657 1434 που
2691 1381 2930 1447 φανεῖεν,
2954 1378 3053 1440 τὰς
3083 1376 3131 1429 δ’
3156 1373 3322 1435 ἄλλας
3352 1370 3490 1424 ἀπέ-

1915 1479 2032 1540 λυε,
2062 1477 2148 1549 ῙΡ.
2167 1476 2295 1548 H9]
2327 1474 2467 1539 πλὴν
2501 1473 2592 1526 ἐπὶ
2610 1474 2802 1544 ῥηταῖς
2830 1469 3063 1541 ἡμέραις
3085 1466 3313 1527 εἴκοσιν,
3332 1462 3400 1516 ἵν’
3426 1463 3492 1531 ἣν

1922 1571 2021 1641 μὲν
2051 1572 2109 1621 ὲν
2135 1568 2212 1639 τῷ
2243 1566 2448 1638 μεταξὺ
2475 1564 2897 1632 ξυμϐιϐάζοιντο
2918 1600 2932 1625 ,
2969 1563 3017 1613 εί
3047 1559 3091 1613 δ’
3124 1553 3238 1621 οὖν,
3274 1572 3465 1626 συμμα
3486 1582 3497 1595 -

1919 1666 2064 1734 χοίεν
2097 1662 2216 1715 τότε
2247 1658 2386 1714 κατὰ
2419 1657 2490 1710 τὰ
2512 1657 2762 1722 δόξαντα.
2794 1653 2906 1707 Καὶ⁸
2929 1654 2978 1705 οί
3013 1652 3114 1722 μὲν
3143 1649 3434 1707 ἀπέπλεον,
3466 1647 3495 1699 ὁ

1919 1757 1975 1809 δὲ
2003 1754 2256 1826 βασιλεὺς
2284 1749 2647 1818 ἐκλεξάμενος
2694 1745 2959 1816 πρέσϐεις
2996 1743 3133 1815 πρὸς
3190 1738 3499 1810 Ἀμογαϐἀ-

1923 1867 2050 1923 ρους
2073 1844 2391 1909 ἀπέστελλε,
2428 1843 2595 1909 τάξας
2620 1843 2715 1895 καὶ
2743 1842 2773 1894 δ
2797 1837 2865 1912 ἦν
2901 1839 3211 1911 βουλομένῳ
3234 1838 3282 1890 oi
3314 1835 3496 1892 δοῦναι

1919 1932 2165 2006 χρυσίον,
2211 1933 2292 1995 εἰς
2341 1932 2537 1987 ἑκατὸν
2586 1929 2833 2000 χιλιάδας
2890 1928 3246 1995 ποσούμενον,
3278 1928 3327 1979 εί
3357 1924 3404 1978 δ’
3436 1928 3498 1977 οὗ

1921 2026 2193 2089 πείθουσι,
2227 2023 2576 2095 προστιθέναι
2631 2022 2729 2074 καὶ
2777 2021 2960 2075 πλέον.
2988 2022 3052 2074 Oi
3082 2019 3215 2088 γοῦν
3239 2018 3501 2088 πρέσϐεις

1921 2122 2241 2183 ἐπιστάντες
2272 2117 2426 2171 οὐδὲν
2478 2116 2713 2187 ἢνυτονο
2774 2114 2967 2186 ἔτυχον
3012 2114 3121 2183 γὰρ
3177 2109 3503 2181 παμπληοεὶ

1922 2211 2029 2284 πρὸ
2053 2210 2275 2282 ἡμερῶν
2309 2209 2508 2261 ἐκεῖνοι
2537 2206 2640 2278 τῆς
2672 2204 2913 2259 Καλλίου
2944 2204 3498 2273 ἐκστρατευσάμενοι.

1921 2389 2221 2458 Augustum
2255 2395 2334 2450 ut,
2391 2383 2435 2438 si
2489 2380 2537 2437 ei
2592 2380 2891 2444 videretur,
2926 2379 3124 2434 debitis
3197 2386 3344 2433 retro
3400 2376 3507 2432 Ge.

1926 2482 2114 2538 nuensi
2144 2478 2457 2550 reipubliczn
2500 2474 2770 2546 pecuniis,
2793 2474 2909 2527 sibi
2936 2472 3105 2542 jussis
3132 2487 3226 2526 eas
3264 2473 3503 2541 exigere,

1924 2586 2074 2631 recte
2097 2568 2474 2631 numerandis,
2502 2580 2733 2637 pergere
2758 2579 2924 2621 cursu
2971 2570 3154 2632 ctepto
3189 2576 3248 2617 se
3275 2560 3504 2615 sineret.

1926 2670 2207 2727 Summam
2238 2678 2402 2734 porro
2434 2663 2595 2716 istam
2652 2664 3044 2729 exaggerantes
3074 2654 3370 2710 ascendere
3392 2651 3508 2716 jac-

1928 2763 2118 2815 tabant
2171 2760 2239 2812 ad
2306 2762 2545 2810 trecenta
2592 2753 2758 2807 millia
2797 2764 3147 2806 nummorum
3189 2759 3504 2801 aureorum.

1906 2855 1994 2915 .Et
2024 2863 2180 2908 erant
2215 2853 2267 2906 in
2315 2850 2489 2904 classe
2516 2847 2739 2915 quidam
2779 2844 3131 2915 peculiariter
3159 2840 3389 2909 delegati
3439 2841 3513 2896 ad

1928 2948 2313 3016 disceptandas
2364 2958 2485 2998 cum
2528 2941 2882 3010 imperatore,
2941 2938 2987 2992 si
3048 2936 3307 2990 dubitare
3354 2932 3513 2986 illum

1930 3053 2020 3096 aut
2056 3039 2298 3111 cunctari
2335 3035 2697 3106 contingeret,
2743 3039 3057 3102 prouttunc
3081 3024 3511 3092 accidit,-ratio-

254 3135 393 3189 cula.
434 3134 589 3193 Unde
651 3139 1057 3194 marchionatus
1094 3140 1250 3197 istius
1312 3141 1510 3197 subditi
1570 3141 1897 3213 rogarunlC
1930 3151 2027 3190 nes
2063 3133 2220 3199 bujus
2270 3129 2532 3184 nominis.
2581 3127 2760 3195 Quare
2802 3139 2923 3180 cum
2950 3121 3181 3177 ducibus
3221 3132 3317 3187 per
3341 3118 3510 3170 inter-

248 3225 633 3307 itnpcratorem
659 3237 719 3285 ut
746 3228 851 3284 sibi
884 3229 1179 3298 principem
1204 3230 1362 3289 daret
1381 3246 1412 3287 e
1441 3234 1559 3287 suis
1580 3249 1643 3287 ex
1670 3234 1826 3291 lrc’ne

247 3307 372 3367 filiis
428 3312 759 3379 quempiam,
831 3316 1149 3387 nominatim
1211 3326 1398 3373 autem
1452 3320 1827 3387 exposcebant

248 3397 541 3467 Joannem.
578 3403 665 3459 cui
694 3405 789 3474 jus
820 3407 1064 3463 moribus
1098 3407 1343 3476 ipsorum
1374 3409 1653 3480 peculiare
1673 3425 1825 3466 com-

250 3504 433 3561 petere
464 3493 705 3560 aiebant,
742 3506 799 3550 ιιι
838 3509 964 3553 natu
999 3500 1259 3568 maximo,
1297 3502 1365 3555 ad
1423 3504 1823 3567 succedendum

245 3589 305 3647 in
340 3588 523 3647 locum
563 3589 801 3645 defuncti
834 3594 1042 3661 absque
1079 3594 1230 3661 prole
1285 3596 1429 3651 virili
1494 3597 1682 3653 fratris
1744 3598 1825 3651 sui

247 3677 613 3749 primogeniti.
652 3682 708 3734 id
735 3680 938 3736 factum
964 3692 1046 3738 est
1080 3695 1286 3754 postea.
1331 3695 1384 3740 nl
1415 3688 1631 3752 despota
1666 3688 1830 3758 599

248 3766 487 3825 Joannes
519 3772 638 3824 illm:
668 3775 939 3842 profectus
976 3791 1199 3843 prorsus
1224 3778 1572 3843 seadmores
1586 3790 1639 3833 et
1670 3795 1826 3833 nsum

249 3863 504 3919 Italorqu
572 3867 888 3928 transtulit,
930 3884 996 3922 eo
1062 3868 1241 3927 fructu
1313 3872 1831 3926 accommodationis

254 3957 430 4021 istius,
460 3969 518 4013 ut
546 3975 611 4015 ea
660 3960 866 4019 deliniti
896 3961 1238 4031 Longobardi
1267 3979 1391 4018 sese
1443 3964 1544 4019 sub
1576 3964 1831 4034 principis

253 4066 476 4122 peregre
528 4052 760 4121 appulsi,
824 4054 970 4109 velut
1027 4055 1073 4109 si
1129 4055 1585 4121 essetindigena,
1657 4057 1831 4126 impe-

255 4146 391 4198 rium
443 4145 587 4199 ultro
642 4144 965 4200 inclinarent
1009 4147 1269 4203 studiosis
1294 4148 1595 4217 obsequiis.
1630 4147 1826 4211 Verum

259 4235 371 4291 inec
430 4248 641 4307 postea.
679 4237 835 4294 Nunc
869 4249 1048 4295 autent
1104 4240 1364 4308 appulsis,
1401 4242 1476 4297 uti
1507 4241 1638 4303 dixi,
1676 4243 1833 4297 Con-

259 4331 634 4400 tantinopolim
690 4330 1079 4395 G'enuensibus
1132 4347 1258 4395 cum
1305 4334 1483 4391 classe
1532 4337 1832 4392 navarcbis

258 4419 386 4479 nihil
417 4418 515 4473 fuit
551 4421 839 4488 antiquius
868 4437 1058 4492 quam,
1096 4434 1257 4491 prout
1283 4424 1339 4479 in
1374 4426 1650 4493 mandatis
1672 4441 1832 4483 acce-

206 4598 219 4611 b
257 4523 471 4584 perant,
516 4517 805 4583 exquirere
857 4518 985 4586 quid
1026 4518 1187 4572 vellet
1243 4519 1558 4588 imperator,
1609 4522 1834 4578 exhibe-

222 4614 227 4621 '
255 4624 421 4677 reque
444 4622 508 4662 se
539 4608 634 4678 ipsi
664 4621 886 4668 paratos
916 4610 981 4664 ad
1009 4621 1261 4682 prompte
1284 4617 1549 4682 agendum
1578 4619 1727 4687 quod
1746 4618 1833 4686 ju-

257 4700 429 4756 beret.
471 4700 567 4755 llle
598 4717 709 4757 non
754 4703 1111 4767 dissimulavit
1138 4702 1216 4761 sic
1267 4720 1326 4763 se
1361 4708 1686 4774 animatum,
1775 4721 1831 4765 ut

257 4792 451 4848 bellum
482 4792 645 4849 linire.
693 4794 1081 4863 compositione
1126 4808 1316 4867 pacata
1346 4815 1507 4873 quam
1564 4802 1751 4869 praelio
1778 4813 1833 4858 et

257 4899 481 4943 cruenta
526 4885 755 4942 victoria
796 4888 939 4943 baud
990 4889 1148 4957 paulo
1201 4891 1544 4959 cxpetibilius
1584 4895 1830 4960 duceret,

257 4981 466 5035 etiamsi
500 4981 788 5046 conventio
814 4981 914 5037 ista
949 4986 1159 5052 magnis
1186 4996 1330 5041 esset
1365 4988 1605 5055 pecunia:
1648 4988 1836 5058 profu-

260 5074 507 5145 sionibus
536 5074 784 5129 emenda.
818 5073 1102 5132 Rationem
1130 5093 1160 5133 a
1199 5091 1295 5135 sua
1331 5080 1561 5133 naturali
1590 5081 1831 5135 clemen-

261 5167 328 5221 tia
382 5176 660 5235 sumptam
728 5169 1015 5235 allegabat,
1080 5169 1224 5239 quod
1288 5171 1449 5225 nimis
1495 5172 1721 5227 charum
1756 5175 1837 5228 vio

262 5262 481 5321 deretur
506 5262 768 5330 quidquid
816 5262 996 5330 parari
1042 5273 1321 5335 oporteret
1375 5267 1548 5335 pretio
1579 5268 1702 5322 vitae
1730 5269 1835 5322 ὶιοσ

262 5356 468 5411 minum
514 5357 829 5421 multorum,
888 5366 1024 5427 quot
1069 5359 1121 5412 in
1168 5359 1291 5415 acie
1330 5362 1519 5427 prtelio
1546 5362 1838 5415 commisso

265 5451 456 5505 cadere
488 5448 629 5505 foret
673 5466 921 5514 necesse,
970 5462 1364 5522 proptereaque
1414 5462 1716 5524 prmoptare
1754 5454 1837 5506 in-

264 5554 565 5605 cruentam,
607 5544 974 5611 quamtumvis
1002 5545 1224 5600 aliunde
1249 5546 1587 5608 damnosam,
1626 5558 1836 5612 pacem.

268 5632 354 5689 Sic
386 5652 412 5691 ιι
451 5635 577 5691 belli
617 5635 732 5691 alea
763 5637 1021 5690 tentanda
1054 5637 1300 5691 videntes
1328 5652 1582 5690 aversum
1615 5636 1841 5702 impera-

272 5739 435 5782 torem
474 5732 639 5783 duces
664 5727 857 5785 classis
885 5729 1214 5794 Genucnsis,
1265 5730 1495 5797 indcqne
1538 5728 1841 5796 intelligen—

1930 3226 2165 3280 nuntios.
2207 3219 2567 3275 tractantibus
2619 3214 2976 3286 (exscendere
3015 3210 3213 3280 quippe
3237 3223 3301 3263 ac
3337 3203 3512 3260 nave’s

1931 3321 2083 3390 ipsis
2111 3315 2353 3371 creditas
2382 3312 2641 3369 deserere
2686 3307 2871 3363 officio
2899 3315 2953 3362 et
2982 3300 3225 3373 periculo
3257 3299 3512 3371 prohibe-

1928 3408 2149 3476 bantur)
2179 3404 2551 3474 respondisset
2595 3399 2941 3455 Andronicus
2988 3396 3110 3465 plus
3136 3402 3320 3462 petere
3364 3393 3512 3462 ipsos

1914 3516 2095 3569 ,ιιιιιιιιι
2142 3499 2346 3554 debere
2375 3510 2436 3551 se
2466 3502 2707 3564 putaret,
2764 3490 2875 3545 litis
2915 3489 3171 3556 deinceps
3224 3482 3513 3554 sequendae

1931 3595 2103 3663 IOIIgiE
2134 3591 2276 3645 baud
2294 3588 2401 3644 sibi
2425 3601 2548 3642 esse
2578 3585 2749 3639 otium
2794 3580 3129 3643 causantes,
3169 3576 3514 3646 exposituros

1931 3701 1991 3740 se
2016 3687 2067 3739 in
2100 3693 2305 3738 terram
2355 3695 2494 3750 quos
2520 3677 2676 3746 hujus
2708 3676 2927 3746 proprie
2971 3687 3152 3727 causa:
3211 3672 3512 3725 instructos

1933 3786 2264 3834 tractatores
2319 3773 2586 3827 ducerent
2640 3778 3006 3837 reposuerunt
3073 3779 3183 3819 :se
3213 3777 3342 3817 vero
3370 3764 3514 3829 ipsos

1932 3886 2038 3938 ψιη
2063 3867 2278 3939 negotia
2302 3866 2563 3920 instantia
2588 3871 2865 3925 vocarent,
2888 3859 3070 3914 statim
3105 3858 3220 3911 vela
3250 3857 3511 3909 facturos.

1932 3963 2191 4019 Libenter
2225 3976 2284 4015 se
2317 3973 2454 4028 quos
2487 3966 2854 4010 memorarent
2905 3953 3109 4022 legatos
3155 3948 3516 4003 admissurum

1932 4056 2218 4124 respondit
2247 4054 2579 4121 imperator;
2612 4061 2676 4101 ac
2706 4059 2846 4117 quos
2873 4043 3113 4098 retinere
3144 4056 3250 4094 non
3283 4049 3515 4108 poterat,

1928 4150 2099 4221 600
2114 4146 2426 4202 festinantes
2444 4142 2711 4198 Euxinum
2737 4152 2925 4194 versus
2954 4137 3025 4192 ob
3042 4142 3299 4205 urgentes
3320 4146 3519 4201 oppor—

1938 4242 2203 4297 tunitates
2251 4236 2753 4296 distrahendarum,
2794 4232 2992 4300 quibus
3046 4237 3302 4283 oneratas
3354 4239 3520 4278 naves

1940 4336 2248 4399 traherent,
2295 4330 2683 4392 mercium,eo
2735 4342 2846 4396 quo
2897 4322 3249 4378 intendebant
3292 4328 3519 4372 cmteros

1938 4444 2131 4485 omnes
2166 4426 2470 4483 navarchos
2526 4438 2716 4491 passus
2769 4431 2850 4475 est
2883 4420 3113 4477 solvere,
3147 4423 3377 4482 quatuor
3425 4425 3522 4465 ex.-

1943 4523 2138 4592 eeptis,
2172 4535 2308 4592 quos
2342 4533 2465 4573 cum
2504 4516 2745 4577 totidem,
2802 4527 2936 4582 quas
2988 4508 3307 4568 ductabant,
3359 4505 3518 4557 trire-

1941 4616 2141 4677 mibus,
2199 4623 2402 4665 navare
2445 4606 2549 4661 sibi
2607 4619 2825 4674 operam
2873 4602 3041 4655 voluit
3081 4606 3227 4653 certa
3265 4597 3520 4650 mercede

1935 4704 2227 4763 constituta
2255 4698 2624 4757 custodiendis
2645 4671 2833 4768 'Abydi
2879 4692 3124 4748 faucibus
3142 4698 3196 4744 et
3225 4671 3549 4759 impedien-~

1939 4799 2012 4853 do
2039 4812 2134 4868 per
2157 4794 2353 4849 fretum
2387 4792 2619 4861 trajectu
2653 4787 2944 4843 Persarum
2995 4794 3270 4850 tutaquea
3308 4779 3521 4848 piratis,

1936 4892 1981 4947 si
2023 4891 2112 4962 qui
2140 4904 2203 4943 ea
2247 4886 2424 4941 maria
2451 4885 2712 4938 infestare
2777 4884 3074 4938 tentarent,
3127 4888 3220 4929 ora
3260 4872 3347 4927 illa
3383 4884 3523 4941 pray-

1939 4985 2155 5042 standa.
2187 4982 2456 5038 Caeterum
2498 4978 2584 5033 bis
2607 4973 2951 5031 denuntiavit
2992 4969 3127 5024 velle
3159 4983 3217 5023 se
3251 4965 3529 5022 abstinere

1939 5079 2084 5146 ipsos
2109 5091 2136 5129 a
2161 5075 2209 5127 vi
2248 5073 2496 5128 hostibus
2526 5067 2805 5123 inferenda
2859 5076 3033 5132 usque
3060 5062 3125 5113 ad
3159 5060 3297 5113 diem
3334 5074 3361 5110 a
3387 5070 3528 5127 prae-

1940 5168 2076 5222 senti
2115 5166 2433 5224 vicesimuu,
2464 5176 2533 5214 ne
2570 5166 2861 5213 tractatum
2910 5152 3201 5223 quemdam
3229 5152 3337 5218 jam
3369 5148 3531 5202 insti-

1942 5269 2113 5314 tutum
2139 5258 2283 5327 pacis
2312 5252 2690 5322 intempestiva
2717 5249 2855 5303 forte
2884 5245 3050 5317 prmlii
3088 5239 3397 5297 commissio
3422 5242 3531 5294 dis-

1936 5353 2150 5422 liceret.
2213 5346 2343 5401 Post-
2393 5360 2515 5398 eum
2583 5341 2877 5396 terminum
2926 5378 2940 5403 ,
2975 5337 3020 5392 si
3074 5334 3366 5390 conventio
3417 5345 3524 5385 non

1942 5442 2300 5503 coalesceret,
2326 5447 2437 5491 tum
2471 5450 2603 5491 sane
2634 5447 2788 5488 arma
2813 5430 3133 5500 expedirent
3159 5427 3528 5493 virtutemque

1946 5541 2340 5593 monstrarent.
2376 5531 2469 5585 Sic
2500 5529 2773 5603 pleraeque
2799 5523 3149 5593 appulsarum
3198 5518 3389 5573 Genua
3423 5532 3526 5570 na-

1945 5632 2117 5689 vium,
2172 5634 2401 5695 quatuor
2464 5620 2691 5683 relictis,
2749 5615 2983 5670 ulterius
3036 5609 3343 5680 navigando
3401 5615 3530 5660 sunt

1946 5730 2235 5794 provectu.
2290 5717 2612 5787 Imperator"
2645 5721 2825 5766 autem
2893 5707 3133 5763 delectos
3190 5703 3398 5771 legatos
3460 5700 3529 5755 ad

276 5828 293 5874 t
323 5836 348 5879 ε
378 5822 508 5876 ni'ttil
543 5837 662 5879 esse
698 5822 1049 5895 quamobrem
1076 5822 1185 5878 illic
1238 5831 1594 5885 morarentur,
1621 5828 1843 5874 orarunt
1947 5814 2317 5884 Amogabaros
2346 5809 2511 5875 misit,
2547 5816 2668 5861 cum
2696 5799 2961 5858 mandatis
2998 5793 3367 5854 οπετειιδῖέῖε
3392 5808 3419 5848 ιι
3445 5782 3529 5857 8έῆ
