3856 6550
162 432 247 496 est
1061 427 1160 489 DE
1192 420 1644 488 ANDRONICO
1667 405 2140 480 PAL/EOLOGO
2186 421 2338 482 LIB.
2373 419 2486 482 vn

3290 406 3397 476 683

164 549 289 616 γειλε
317 545 368 598 δὲ
402 545 492 597 καὶ
523 544 690 613 αὐτὴν
732 543 1052 614 καθημένην
1096 544 1221 614 τῇδε
1261 541 1612 596 καθιστάνειν
1642 536 1702 589 τὸ
1730 523 1780 594 Α
1817 535 1943 588 Ἐπὶ
2001 538 2136 592 πολὺ
2193 539 2302 609 γὰρ
2355 537 2632 591 διετέλουν
2663 535 2737 607 τῷ
2773 535 3018 609 φρουρίῳ
3077 524 3395 616 ποιούμενοι

169 639 284 709 πρὸς
314 637 397 688 τὸν
443 637 818 706 Χαρμπαντᾶν
876 637 1040 706 κῆδος
1093 637 1190 688 καὶ
1229 635 1299 688 τὰ
1325 633 1436 687 τῶν
1485 631 1712 701 Περσῶν

165 729 493 796 δουλαγωγεῖν
521 728 596 790 ὡς
618 723 728 781 οἷόν
771 744 828 780 τε
862 728 1188 799 πράγματα.

168 843 263 910 κς·’.
297 840 417 907 Πῶς
449 842 503 894 οἱ
548 841 758 908 ἐχθροί
805 858 940 894 τινα
995 842 1115 895 τῶν
1161 843 1281 898 ἀνὰ
1340 841 1448 896 τὸν
1509 837 1715 893 Γάνον

509 913 813 980 φρουρίων
841 913 1334 981 παρεστήσαντο.

227 1003 292 1056 Ού
321 1003 419 1071 μὴν
441 1002 494 1054 δὲ
522 1001 618 1054 καὶ
648 1001 698 1052 oi
729 1003 833 1055 ἀνὰ
865 1005 968 1072 τὴν
999 1001 1154 1056 δύσιν
1181 1003 1414 1073 ἰὀῦρκοι
1447 1004 1507 1055 τὸ
1532 1001 1715 1072 παραυ

176 1115 263 1151 παν
283 1095 528 1163 ἠμέλουν,
549 1095 686 1148 ἀλλὰ
707 1093 797 1148 τὸν
819 1094 913 1147 τοῦ
942 1091 1115 1148 Γάνον
1139 1095 1527 1165 κυριεύσαντες
1551 1096 1717 1147 τόπον

177 1192 254 1242 καὶ
279 1189 334 1240 τὸ
372 1187 461 1238 τοῦ
509 1186 669 1254 ἁγίου
725 1186 913 1240 Ἠλίου
963 1187 1387 1255 περικαθίζουσι
1427 1185 1713 1256 φρούριον,

178 1281 383 1342 καὶτοὺς
415 1279 537 1332 κατ’
565 1263 768 1342 αὐτοὺς
818 1278 1096 1346 οὐλαμοὺς
1139 1278 1262 1349 δίχα
1301 1280 1561 1346 τεμόντες
1601 1273 1719 1331 ἐκεῖ

179 1377 281 1437 τοὺς
310 1371 450 1433 ἐντὸς
487 1371 750 1438 ἐκάκουν,
790 1366 896 1435 ἕως
927 1365 986 1424 οὗ
1022 1373 1387 1435 συντακέντες
1420 1372 1622 1423 ἐκεῖνοι
1653 1371 1717 1441 τῇ

180 1465 477 1536 πολυημέρῳ
499 1463 808 1535 λειψυδρίᾳ,
839 1462 914 1523 ὠς
943 1466 1038 1516 καὶ
1061 1464 1129 1516 τὰ
1164 1453 1338 1530 φύλλα
1351 1464 1457 1518 τῶν
1488 1463 1723 1532 δένδρων

178 1560 353 1627 λείχειν
379 1557 471 1610 καὶ
497 1556 716 1620 θύοντες
747 1554 861 1621 ζῶα
895 1557 1216 1628 ἀτὶορῤοφᾷν
1244 1557 1338 1609 τοῦ
1379 1557 1608 1625 αἵματος
1630 1558 1724 1610 ἐπὶ

180 1650 428 1711 πλείσταις
457 1649 720 1718 ἡμέραις,
749 1649 986 1710 πολλοὺς
1009 1649 1066 1701 δὲ
1095 1651 1188 1701 καὶ
1207 1649 1522 1712 ἀποθανεῖν,
1551 1649 1724 1718 έγνωδ

179 1760 262 1796 σαν
298 1742 518 1803 ἑαυτοὺς
578 1739 890 1808 προδιδόναι
941 1741 1035 1793 καὶ
1095 1740 1378 1812 φρούριον.
1432 1742 1578 1810 Πλὴν
1624 1741 1725 1794 οὐκ

178 1831 412 1902 ἐθάρρουν
448 1831 561 1892 τοῖς
593 1829 833 1898 Πέρσαις
866 1826 955 1881 διὰ
981 1825 1081 1898 τὴν
1110 1827 1468 1898 ἀλλοτρίωσιν
1497 1826 1592 1881 τοῦ
1636 1845 1725 1880 σε-

179 1923 450 1991 ϐάσματος,
473 1921 569 1973 καὶ
599 1917 917 1990 πέμψαντες
937 1918 1306 1988 Ῥομοφόρτον
1331 1917 1720 1974 ἐπεκαλοῦντο.

181 2015 272 2067 Καὶ
296 2013 350 2073 ὃς
377 2009 584 2082 παρῆν,
629 2012 725 2064 καὶ
751 2009 846 2081 βίᾳ
905 2009 1030 2079 μὲν,
1072 2009 1226 2080 μόλις
1255 2009 1300 2062 δ’
1331 2011 1480 2081 ὅμως
1509 2011 1558 2064 oi
1593 2011 1723 2081 περὶ

181 2105 318 2159 αὑτὸν
342 2103 402 2158 τὸ
436 2103 708 2174 Περσικὸν
748 2102 1124 2169 ἐξελάσαντες,
1158 2101 1226 2156 τὰ
1255 2100 1428 2156 πολλὰ
1458 2101 1727 2156 δικιιιολο⁶

181 2199 419 2270 γούμενον
443 2199 581 2268 πρὸς
608 2197 830 2258 αὐτοὺς,
866 2192 990 2249 καθ’
1019 2194 1310 2264 ὁμολογίας
1343 2193 1729 2265 προσχωρούν-

181 2305 263 2354 tu;
286 2290 418 2361 μετὰ
448 2288 560 2342 τῶν
583 2288 746 2342 θείων
791 2284 1144 2355 Εὐαγγελίων
1182 2285 1448 2355 δέχονται,
1485 2285 1579 2338 καλ⁸
1603 2285 1729 2338 ὅσον

182 2383 232 2436 τὸ
254 2382 339 2451 ἀφ’
361 2379 542 2435 αὐτῶν
564 2375 948 2450 φιλάνθρωπον
975 2376 1073 2447 τὴν
1101 2372 1378 2446 διαγωγὴν
1403 2373 1727 2443 παρέχουσι.

183 2463 331 2525 τοῦτο
374 2469 592 2524 ποιοῦσι
652 2469 747 2522 καὶ
783 2469 846 2522 ὲν
891 2466 976 2537 τῷ
1026 2465 1226 2537 πύργῳ
1254 2465 1346 2518 τοῦ
1390 2463 1730 2518 Ῥαιδεστοῦ.

185 2667 284 2710 ratu
311 2654 660 2711 exarmanda:
687 2653 979 2709 Persarum
1017 2655 1070 2706 in
1101 2649 1379 2706 Romanos
1423 2649 1541 2716 iraa,
1573 2649 1732 2718 ipsis-

185 2764 274 2818 que
317 2748 417 2804 viri
472 2747 804 2803 auctoritate
867 2744 1190 2802 revocandis
1253 2745 1322 2798 ab
1379 2743 1609 2797 inmerio
1640 2756 1736 2797 ve-‘-

185 2843 359 2896 tando.

186 2951 263 3007 26.
295 2951 358 3007 Ut
423 2949 623 3021 hostes;
660 2945 919 3021 quasdam
985 2965 1050 3006 ea:
1120 2939 1326 3004 arcibus
1395 2949 1464 3003 ad
1508 2939 1735 3002 montem

583 3019 789 3075 (Ianum
827 3022 944 3076 sitis
988 3021 1307 3091 subegerint.

245 3116 334 3181 Qui
361 3130 486 3170 vero
518 3115 572 3168 in
599 3116 652 3169 in
683 3113 920 3168 Occid'ua
962 3115 1281 3168 continente
1316 3112 1514 3167 bellum
1557 3113 1610 3165 in
1640 3127 1737 3168 nos

1819 627 2150 697 προσϐολὰς,
2202 628 2319 682 ἀλλ’
2359 629 2461 681 οὐκ
2492 627 2709 698 ἤνυτον.
2739 626 2905 688 Τέλος
2946 625 3041 677 καὶ
3092 611 3397 694 μηχάνημα

1820 717 2222 786 ἐπιστήσαντες
2255 717 2582 789 πετροϐόλον
2613 709 2806 779 νυκτὸς
2830 716 2897 769 τὰ
2930 715 3102 768 πολλὰ
3127 715 3399 785 κατηκὸνε·

1818 806 1968 870 τιζον
1993 808 2093 870 τὰς
2123 809 2306 880 βολὰς,
2367 811 2442 872 ὡς
2478 811 2844 881 ὲπιρῤιφῆναι
2900 810 3104 882 πέτρας
3133 808 3258 880 περί
3290 822 3393 861 που

1819 899 1919 960 τὰς
1944 899 2136 952 ἕκατον
2188 901 2285 953 καὶ
2332 902 2814 966 πολυταλάντους·
2857 906 3396 973 πεντηκονταμναῖαι

1819 991 1929 1061 γὰρ
1952 991 2021 1044 τὰ
2055 990 2228 1045 πολλὰ
2266 990 2500 1045 ἔπιπτον
2524 1034 2537 1058 ,
2576 994 2624 1046 εί
2653 995 2748 1046 καὶ
2775 993 2861 1046 διὰ
2893 993 2952 1046 τὸ
2989 993 3264 1061 ὀλίγιστον
3302 991 3398 1046 τοῦ

1820 1083 2086 1154 φρουρίου
2122 1086 2175 1137 ai
2231 1085 2486 1138 πλεῖσται
2531 1087 2800 1156 ὴστὸχουν
2827 1086 2920 1139 καὶ
2954 1083 3059 1150 ἔξω
3090 1087 3406 1157 ἐπέῤῥητον

1819 1178 1889 1229 τὰ
1943 1177 2292 1248 πεμπόμενα.
2330 1178 2405 1230 Ού
2465 1178 2571 1248 μὴν
2597 1177 2654 1230 δὲ
2686 1178 2780 1231 καὶ
2832 1177 3137 1249 ἁζημίωτοι
3185 1179 3399 1248 ἔμενον,

1822 1269 1958 1323 ἀλλὰ
2013 1270 2278 1334 πολλάκις
2320 1271 2465 1342 ὑπὲρ
2506 1271 2858 1342 τριακοσίους
2888 1273 2938 1324 οἱ
2964 1271 3114 1334 ἐντὸς
3144 1269 3228 1346 [Ρ.
3273 1267 3401 1342 454]

1822 1359 1974 1425 ὅντες
2001 1362 2288 1433 εὐθαρσῶς
2313 1361 2691 1426 ἐξελαύνοντες
2719 1362 2904 1430 σφίσιν
2947 1361 3286 1434 ἐπέῤῥαττον
3312 1365 3406 1417 καὶ

1823 1453 1891 1506 τὰ
1926 1451 2094 1506 πολλὰ
2121 1453 2407 1524 ἐζημίουν,
2439 1453 2546 1516 ἕως
2574 1447 2634 1508 οὗ
2668 1453 3088 1523 κατισχυθέντες
3134 1458 3227 1507 καὶ
3255 1449 3404 1508 οὗτοι

1827 1547 2168 1616 προσχωρεῖν
2201 1545 2325 1599 καθ’
2347 1546 2638 1616 ὁμολογίαν
2663 1547 2926 1600 ἱκέτευον.
2960 1543 3097 1598 Ἀλλ’
3130 1546 3230 1600 ούκ
3251 1545 3404 1600 ἐπειά

1827 1637 1952 1690 θον’
1985 1638 2272 1708 ἐπώμοτος
2320 1642 2428 1710 γὰρ
2461 1634 2530 1710 ἦν
2575 1639 2966 1710 Ῥομοφόρτος,
3021 1640 3147 1692 ἐπεὶ
3171 1639 3406 1701 πολλοὺς

1827 1725 2070 1783 ἀπέϐαλε
2099 1729 2208 1785 τῶν
2243 1731 2411 1793 ἰδίων,
2442 1726 2478 1801 ἧ
2515 1731 2622 1801 μὴν
2643 1733 2737 1784 καὶ
2768 1730 3023 1794 θέλοντας
3063 1730 3409 1803 προσχωρεῖν

1831 1816 1909 1887 μὴ
1945 1811 2218 1889 δέχεσθαι,
2272 1821 2365 1872 καὶ
2397 1820 2600 1890 μᾶλλον
2649 1820 2745 1873 τοῦ
2780 1820 2992 1891 πύργου
3029 1822 3410 1892 σαθρωθέντος

1827 1911 1948 1972 ταῖς
1980 1912 2234 1983 συνεχέσι
2260 1911 2367 1966 τῶν
2388 1911 2551 1965 λίθων
2577 1911 2762 1982 βολαῖς
2792 1915 2956 1968 αὐτοῦ
2989 1918 3207 1985 μηχανή
3219 1931 3408 1986 ματος.

1826 2000 1903 2052 To
1933 2001 2043 2072 γὰρ
2096 2002 2192 2055 τοῦ
2227 2001 2384 2073 ἁγίου
2429 2002 2614 2057 Ἠλίου
2681 2003 2943 2077 φρούριον
2999 2009 3414 2077 χειρωσάμενος

1828 2093 2232 2166 φιλανθρώπως
2303 2097 2724 2167 προσηνέγκατο
2779 2100 2894 2162 τοῖς
2947 2099 3260 2170 οἰκήτορσι.
3318 2103 3415 2155 καὶ

1829 2189 2109 2256 φρουροὺς
2141 2183 2400 2258 ἐμϐαλὼν
2431 2189 2666 2253 ἐκείνοις
2687 2189 2824 2261 πρὸς
2853 2179 3158 2244 Ῥαιδεστδν
3180 2189 3416 2260 γίνεται,

1829 2276 2031 2341 ἐξελεῖν
2071 2276 2459 2349 διανοούμενος
2505 2279 2606 2334 καὶ
2667 2281 2884 2335 ἀνοικτὶ
2939 2283 3215 2351 φονεύειν.
3268 2281 3416 2336 Οίδδ

1833 2370 2272 2444 προσελιπάρουν
2303 2371 2655 2443 θερμότερον,
2679 2374 2774 2428 καὶ
2799 2375 3027 2438 ἑαυτοὺς
3055 2361 3418 2445 παρεδίδοσαν

1831 2463 1956 2517 καθ’
1988 2463 2281 2535 ὁμολογίας
2303 2463 2395 2517 τοῦ
2439 2463 2704 2535 σωθῆναι,
2745 2466 2810 2519 ἐκ
2839 2468 3025 2539 χειρὸς
3049 2467 3149 2538 ἠδη
3182 2469 3282 2538 τῆς
3311 2468 3421 2538 μάε⁸

1835 2648 1955 2700 ctus
2011 2644 2121 2702 sint
2187 2659 2446 2700 saxorum
2504 2646 2829 2717 prodigiosae
2886 2641 3052 2720 622
3106 2651 3414 2720 gravitatis,

1835 2738 2036 2808 quippe
2087 2753 2208 2808 quae
2253 2738 2648 2808 quinquaginta
2703 2741 2972 2794 minarum
3031 2742 3242 2810 singula
3305 2743 3420 2798 fere

1837 2831 2047 2898 pondus
2101 2840 2403 2899 aequarent.
2449 2831 2559 2887 Sed
2617 2832 2787 2886 turris
2822 2836 3091 2904 exiguitas
3139 2836 3417 2890 interdum

1838 2939 1933 2992 per
1977 2924 2235 2978 tenebras
2298 2923 2523 2979 fallebat
2559 2926 2970 2980 collineantium
3020 2910 3236 2994 aciem;
3277 2932 3422 2985 unde

1840 3015 1906 3067 ab
1944 3024 2176 3085 utroque
2217 3013 2389 3068 latere
2424 3015 2592 3068 multa
2622 3005 2832 3069 intacto
2861 3015 3027 3069 castri
3062 3031 3290 3087 corpore
3323 3033 3419 3072 ca—

1841 3109 2060 3165 debant.
2095 3111 2202 3166 Nec
2229 3105 2500 3166 indemnis
2529 3111 2756 3180 ,Latinis
2813 3101 3036 3168 obsidio
3061 3125 3179 3170 erat
3221 3133 3235 3169 :
3294 3099 3419 3170 nam

189 3209 424 3275 gerebant
450 3207 637 3271 Turci,
677 3207 819 3261 haud
847 3220 1041 3276 segnes
1069 3204 1428 3271 feriabantu'r,
1465 3206 1558 3260 sed
1589 3205 1728 3260 Gani
1759 3203 1805 3272 (ζ
1842 3203 2159 3270 praesidiarii
2208 3205 2378 3259 turris
2421 3205 2680 3276 trecentis
2713 3204 2894 3275 plures
2926 3209 3188 3262 audacter
3242 3191 3420 3264 inter-

189 3300 294 3369 iugo
325 3313 576 3369 superato
618 3311 793 3355 arcem
825 3301 911 3354 eui
951 3316 978 3352 ιι
1022 3309 1209 3355 sancto
1261 3287 1377 3353 Elia
1413 3314 1610 3353 nomen
1656 3308 1740 3355 est

189 3392 518 3458 obsidebant,
575 3391 869 3460 divisisque
934 3385 1180 3447 bifariam
1246 3391 1418 3460 copiis
1481 3392 1738 3447 obsessos

191 3486 422 3553 utrinque
461 3487 600 3539 adeo
631 3486 971 3554 premebant,
993 3475 1055 3538 ut
1089 3484 1163 3538 illi
1200 3484 1414 3540 tandem
1457 3473 1620 3556 longa
1644 3485 1736 3540 siti

191 3578 342 3632 euecti
381 3578 528 3647 (nam
571 3591 723 3647 aqua:
766 3573 986 3647 penuria
1028 3571 1361 3642 cogebantur
1395 3577 1580 3634 ardori
1627 3576 1742 3632 fau-

191 3670 314 3724 cium
341 3671 570 3725 levando
599 3672 853 3725 arborem
883 3651 1008 3724 folia
1043 3670 1270 3740 lingere,
1302 3681 1356 3725 et
1390 3669 1588 3726 occisis
1620 3658 1741 3725 ani-

194 3761 402 3817 malibus
428 3761 652 3831 ligurire
671 3762 984 3830 sanguinem
1015 3777 1031 3825 ;
1071 3776 1166 3816 nec
1206 3762 1310 3816 alio
1349 3777 1443 3830 per
1475 3761 1592 3817 dies
1622 3764 1740 3832 plu-

195 3853 338 3908 rimos
369 3863 496 3923 potu
543 3853 876 3918 victita'rant,
913 3854 1056 3914 unde
1109 3863 1163 3908 et
1211 3853 1411 3908 inultos
1441 3853 1576 3907 mori
1607 3851 1740 3908 con-

197 3946 678 4016 tigit)decreverint
726 3961 784 4000 se
839 3943 985 4015 ipsos
1033 3953 1090 4000 et
1134 3960 1314 3999 arcem
1357 3947 1572 4000 dedere.
1635 3943 1742 4000 Sed

195 4036 352 4095 Persis
388 4039 458 4096 ob
482 4035 858 4096 diversitatem
894 4038 1177 4108 religionis
1206 4053 1263 4094 se
1293 4040 1520 4094 credere
1552 4041 1739 4105 veriti,

197 4132 445 4190 destinato
506 4135 574 4190 ad
641 4132 1023 4188 Romofortum
1070 4131 1440 4188 Christianum
1487 4131 1739 4188 Latinum

198 4227 404 4294 quodam
426 4241 459 4282 θ
489 4225 626 4294 suis,
656 4225 1040 4290 ostenderunt,
1065 4230 1112 4280 si
1133 4208 1272 4280 suas
1293 4225 1584 4280 admovere
1618 4241 1742 4294 pro-

200 4317 300 4386 pius
318 4321 498 4390 copias
529 4320 714 4387 vellet,
758 4335 819 4375 se
865 4335 1074 4389 suaque
1107 4319 1277 4389 ipsius
1325 4320 1577 4387 potestati
1624 4334 1746 4387 per-

202 4411 454 4469 missuros.
487 4413 734 4469 Accessit
764 4411 1145 4477 Romol‘ortus,
1184 4421 1238 4466 et
1264 4411 1424 4479 hujus
1447 4411 1742 4477 exercitus,

201 4517 484 4577 quanquam
508 4507 652 4562 haud
677 4505 856 4573 facile,
893 4505 1114 4560 tandem
1149 4513 1328 4559 tamen
1374 4504 1652 4560 Persicum
1692 4505 1743 4558 vi

203 4599 400 4666 expulit,
455 4597 622 4653 multa
655 4597 1084 4669 expos’tulantem
1131 4606 1188 4652 et
1227 4595 1546 4652 frementem
1598 4599 1742 4667 quod

206 4699 366 4756 parata
394 4690 497 4746 sibi
530 4690 709 4761 pmda
767 4698 862 4759 per
894 4689 1074 4744 socios
1098 4697 1320 4743 vocatos
1377 4697 1742 4758 extorquere-

150 4775 152 4777 ’
211 4790 280 4833 tur
307 4797 335 4836 e
359 4783 636 4837 manibus.
662 4781 798 4835 Tum
832 4779 1149 4836 Romot‘orto
1177 4779 1314 4849 pacti
1356 4789 1537 4834 certas
1563 4779 1751 4834 condi-

211 4870 378 4940 tiones,
410 4873 672 4944 utrinque
725 4881 889 4927 manu
922 4874 1104 4927 sacris
1141 4873 1448 4941 Evangeliis
1493 4869 1751 4942 imposita

208 4961 405 5030 iuratas,
435 4956 642 5022 obsessi
673 4958 1004 5020 deditionem
1038 4963 1302 5019 fecerunt.
1333 4959 1444 5018 Nec
1472 4961 1606 5018 ﬁdes
1635 4973 1748 5018 tum

215 5050 259 5104 io
282 5053 472 5112 Latinis
504 5057 814 5111 desiderata
851 5063 960 5120 est,
999 5057 1232 5110 humane
1281 5051 1574 5125 siquidem,
1603 5055 1748 5125 quod

218 5147 565 5211 promiserant,
598 5156 919 5210 tractarunt,
975 5157 1030 5200 et
1088 5162 1194 5216 quo
1234 5145 1521 5200 transferri
1575 5161 1747 5216 popo-

219 5249 434 5305 sccrant,
467 5250 586 5296 tuto
638 5240 1025 5308 perduxerunt.
1074 5231 1187 5293 lioc
1238 5237 1454 5292 illectus
1498 5253 1749 5295 successu

225 5325 550 5388 Romolortus'
589 5333 976 5386 turrim‘etiam
1031 5330 1304 5385 Rhaedesti
1344 5331 1610 5399 subjicere
1648 5330 1750 5386 sibi

227 5421 381 5479 Voluit.
417 5413 480 5479 Et
519 5427 644 5480 huic
681 5441 807 5495 ergo
842 5425 1126 5477 munitioni
1156 5425 1324 5491 copiis
1340 5425 1569 5478 admetis
1593 5425 1751 5492 longo

227 5511 388 5570 institit
419 5528 679 5587 tempore,
741 5516 946 5572 crebris
996 5532 1311 5586 oppugnatis
1347 5516 1665 5579 assultibus,
1699 5525 1755 5568 at

227 5618 402 5677 semper
439 5611 630 5666 irritis.
670 5607 918 5662 Tandem
959 5607 1100 5662 elata
1146 5620 1334 5660 contra
1394 5623 1553 5676 super
1587 5607 1751 5660 altum

229 5709 438 5764 aggerem
486 5703 677 5758 balista
715 5711 899 5770 petras
941 5699 994 5753 in
1031 5715 1213 5753 muros
1267 5715 1360 5770 per
1387 5715 1504 5752 eam
1548 5697 1755 5768 jacula-

231 5785 392 5844 bantur
419 5795 502 5848 diu
548 5803 846 5862 noctuque,
879 5792 970 5849 sed
1016 5801 1177 5846 nocte
1209 5792 1568 5860 frequentius,
1619 5791 1753 5843 adeo

233 5893 275 5932 ut
301 5890 452 5942 noctis
481 5889 636 5942 unius
660 5889 835 5957 spatio
874 5897 1088 5941 centum
1125 5887 1343 5942 circiter
1373 5885 1642 5941 numerati
1670 5882 1753 5952 ja-

508 5983 776 6046 PATBOL.
822 5985 934 6046 Gn.
972 5983 1223 6048 CXLIV.

1843 3283 1978 3348 dum.
2006 3297 2058 3350 in
2088 3287 2183 3351 eos
2209 3287 2570 3365 erumpebant
2601 3281 2850 3370 maleque
2880 3287 3208 3363 militabant,
3240 3295 3420 3370 quoad

1843 3384 2080 3461 denique
2111 3392 2373 3446 debilitati
2417 3377 2687 3461 diiiisiqu'e
2720 3377 2926 3450 viribus
2956 3402 3009 3448 et
3037 3374 3088 3448 hi
3120 3404 3245 3449 sunt
3275 3409 3424 3451 coma-

1842 3471 1989 3562 pulsi
2024 3484 2352 3540 descendere
2382 3485 2448 3538 ad
2487 3487 2688 3554 paeta‘,
2719 3499 2988 3554 orareque
3041 3475 3421 3544 Rottiolortunt

1838 3585 1900 3631 ut
1931 3565 2096 3632 certis
2125 3567 2526 3635 conditionibus
2569 3580 2720 3634 ahire
2764 3595 2823 3634 se
2855 3573 3062 3636 sineret
3093 3582 3418 3640 incolumes.

1841 3665 1898 3724 ld
1935 3663 2023 3724 ille
2051 3657 2310 3724 ferociter
2357 3655 2583 3746 renuit:
2633 3671 2925 3742 indignans
2983 3655 3126 3727 enim
3190 3677 3332 3746 quod
3356 3694 3418 3732 ea

1843 3745 2128 3816 Obsidione
2184 3761 2383 3817 multos
2421 3743 2644 3817 suorum
2709 3747 3006 3832 admisisset,
3034 3743 3323 3837 iuraverat
3363 3783 3423 3824 se

1842 3837 2122 3917 obsessos,
2169 3843 2521 3922 quantumvis
2556 3853 2761 3910 vellent
2810 3841 3090 3927 rogarent,
3140 3843 3419 3932 nunquam

1845 3946 1910 3999 ad
1947 3946 2398 4017 compositionem
2445 3947 2840 4003 admissurum.
2903 3947 2958 4003 ln
3004 3967 3109 4020 qua
3143 3967 3267 4008 eum
3303 3972 3422 4009 ma-

1844 4037 1989 4118 xime
2027 4026 2299 4118 sententia
2341 4023 2616 4105 ﬁrmabat,
2655 4041 2798 4109 quod
2851 4041 3022 4098 latera
3087 4023 3310 4101 videbat
3329 4049 3426 4103 obs

1845 4117 2013 4185 sessae
2045 4129 2213 4184 turris
2247 4129 2432 4187 multis
2454 4132 2565 4203 jam
2607 4132 2743 4187 locis
2773 4134 2982 4210 hiantia
3019 4135 3090 4190 ob
3121 4137 3423 4209 labesqnas

1846 4231 2014 4292 petra:
2081 4221 2251 4278 muris
2310 4237 2407 4292 per
2452 4223 2702 4278 balistam
2761 4225 3010 4296 impacta:
3076 4228 3424 4298 intulerant;

1848 4314 1994 4370 unde
2029 4314 2179 4369 brevi
2223 4328 2283 4371 se
2311 4316 2362 4369 vi
2412 4315 2712 4385 potiturum
2755 4328 2936 4372 castro
2964 4322 3243 4388 sperabat.
3273 4322 3424 4388 Quo-

1847 4410 1994 4462 niam
2043 4399 2225 4464 autem
2278 4407 2528 4477 pactione
2585 4410 2920 4464 constrictus
2976 4423 3202 4469 coactus
3249 4412 3429 4490 fuerat

1851 4517 1973 4556 cum
2007 4502 2360 4573 praesidiariis
2402 4502 2546 4556 arcis
2599 4502 2785 4558 Sancti
2839 4500 3006 4558 llelim
3037 4520 3212 4576 nuper
3256 4518 3429 4576 capta:

1855 4596 2167 4652 humaniter
2208 4581 2406 4676 praeter
2466 4599 2681 4668 genium
2739 4612 2798 4652 se
2835 4611 3052 4667 gerere,
3107 4612 3431 4668 prosecutus

1852 4688 2014 4744 etiam
2048 4688 2304 4760 praesidio
2326 4690 2609 4753 abeuntes,
2642 4704 2751 4760 quo
2775 4705 2969 4745 secure
2995 4690 3061 4745 ad
3091 4691 3425 4748 destinatum

1854 4780 2256 4834 deducerentur
2281 4819 2297 4844 ,
2336 4779 2389 4834 in
2427 4767 2814 4847 ilhzedestinis,
2851 4795 2988 4851 quos
3022 4793 3426 4858 roppugnatum

1853 4868 1977 4922 inde
2009 4868 2192 4924 statim
2228 4880 2472 4937 venerat,
2503 4873 2834 4948 consumere
2869 4872 3083 4926 volebat
3115 4875 3424 4945 exemplum

1853 4962 2062 5016 illustre
2089 4963 2172 5017 sui
2215 4951 2478 5018 adversus
2511 4964 2784 5018 Romanos
2814 4965 2950 5029 odii,
2978 4967 3194 5021 cunctis
3227 4966 3295 5036 iis
3326 4969 3428 5022 im-

1855 5055 2280 5110 misericorditer
2308 5041 2588 5110 neCandis.
2623 5056 2901 5110 Adversus
2933 5058 3036 5112 hoc
3062 5058 3273 5114 obsessi
3313 5060 3426 5128 jam

1857 5149 2060 5202 redacti
2102 5148 2168 5200 ad
2199 5157 2442 5201 extrema
2480 5146 2682 5202 inﬁmis
2707 5149 2956 5216 precibus
3001 5151 3320 5222 certabant,
3351 5153 3428 5205 vi-

1857 5248 1962 5291 tam
2014 5238 2205 5293 saltem
2259 5255 2322 5294 ac
2364 5239 2621 5294 miserum
2675 5239 2924 5307 spiritum
2971 5239 3241 5311 indulgeri
3295 5243 3423 5306 sibi.

1857 5339 2043 5401 portas
2091 5330 2301 5394 statim,
2362 5331 2407 5384 si
2460 5333 2558 5384 hoc
2617 5317 3050 5400 piromittcretur,
3129 5335 3425 5401 aperturis,

1856 5422 2171 5489 suppliciter
2197 5434 2435 5476 orantes.
2462 5420 2561 5475 Diu
2599 5425 2782 5476 surdis
2835 5425 2900 5475 ad
2941 5425 3053 5478 lucc
3088 5424 3208 5496 irati
3263 5425 3428 5492 victo-

1858 5513 1934 5566 ris
1973 5513 2216 5578 auribus,
2259 5500 2703 5584 periclitabantnr
2731 5499 3064 5570 Rhaedestini
3090 5517 3320 5586 repulsae
3344 5519 3428 5586 ip.

1859 5606 1936 5660 sis
1980 5605 2186 5660 exitiali
2236 5607 2542 5676 subjacere,
2609 5608 2711 5660 nisi
2765 5607 2983 5674 quidam
3033 5624 3193 5676 quem
3239 5624 3448 5690 secum,

1859 5699 2132 5753 habebant
2160 5699 2469 5768 episcopus,
2495 5708 2549 5752 et
2583 5713 2704 5751 cum
2760 5698 2864 5752 hoc
2914 5698 3136 5772 alii‘pro
3173 5701 3256 5757 eis
3284 5693 3429 5773 apud

1861 5783 2156 5844 Barbarum
2187 5792 2570 5861 deprecatores
2603 5789 3054 5846 intervenissent.
3093 5789 3158 5848 lli
3197 5807 3299 5863 pro
3333 5808 3430 5849 ec»

1859 5881 2449 5941 clesiasticzclcnitatis
2510 5880 2686 5937 otiicio
2754 5882 3051 5938 monebant
3107 5885 3250 5942 haud
3322 5886 3432 5942 Deo

3031 5977 3112 6042 22
