3856 6552
431 374 539 441 683
1618 380 1943 441 GEORGII
1981 380 2458 442 PACHYMEll/E
3561 381 3652 447 584

434 507 537 562 χης
569 488 735 560 οὔσης
766 490 858 544 καὶ
882 489 975 543 τοῦ
1001 488 1246 543 κινδύνου
1271 489 1678 560 ἐπηρτημένου.
1713 491 1829 544 Κᾶν
1854 491 2002 542 ὲκιν-
2032 497 2080 553 Α
2109 489 2210 554 κζ’.
2231 493 2521 558 Πρεσσεια
2543 490 2923 545 Γεννουῒτῶν
2943 489 3066 563 ,ἅμα
3085 491 3181 544 καὶ
3197 489 3503 558 ,βασιλέως
3524 511 3652 563 προς

434 582 679 648 δύνευον,
713 581 780 652 ἦν
817 582 889 651 μή
919 598 1003 643 τις
1033 581 1138 633 τῶν
1177 580 1493 633 ἐπισκόπων
1517 579 1820 649 συμπαρὼν
1847 579 2000 648 σφίσι
2661 562 3118 630 Ἀμοΐασάρουςο

437 678 531 729 καὶ
571 677 667 728 σὺν
701 673 848 743 αὐτῷ
888 673 1038 726 ἄλλοι
1062 673 1154 725 τὸν
1187 671 1464 742 βάρϐαρον
1495 673 1797 724 ίκετεύουσι
1828 670 1904 748 μὴ
1937 668 2003 722 ἂν
2179 671 2262 744 [Ρ.
2307 669 2431 744 455]
2458 672 2723 736 Βασιλεὺς
2749 673 2806 725 δὲ
2840 675 2960 737 ταῖς
2985 673 3094 726 ἀπὸ
3115 674 3223 728 τῶν
3248 675 3474 740 ξενικῶν
3498 677 3652 729 ἐλπίσι

435 770 598 821 τόσον
655 766 994 835 ἐργάσασθαι
1051 766 1228 832 φόνον.
1267 763 1423 833 Ἀμα
1465 763 1520 816 δέ
1545 781 1606 834 γε
1645 762 2003 831 καὶσυμϐου·
2109 766 2382 836 μετέωρος
2421 765 2497 817 ὢν
2552 765 2651 835 τὴν
2682 764 2882 834 ψυχὴν,
2921 766 3071 833 ὅμως
3103 769 3197 820 καὶ
3238 767 3333 834 αφ’
3367 770 3551 821 ἑαυτου
3595 772 3652 822 τά

436 860 707 923 λεύουσιν,
747 858 820 921 ὡς
875 857 1114 924 ἐλέγετο,
1174 856 1297 919 τοὺς
1327 856 1420 908 τοῦ
1470 855 1744 926 βαρϐάρου
1798 852 2004 920 θυμοὺς

437 954 848 1013 κολακεύοντες,
887 949 961 1012 ὡς
1015 948 1279 1010 εύθίκτως
1335 947 1431 999 καὶ
1480 946 1628 999 ἄλλοι
1661 943 1909 1014 προδοῖεν
1939 943 2005 995 ἂν

437 1050 567 1108 ἴσως
595 1047 718 1106 ταῖς
744 1042 1150 1112 φιλανθρώποις
1199 1041 1263 1093 ὲκ
1305 1042 1490 1108 φήμης
1553 1035 2004 1105 μετεωρισθέντες

435 1137 639 1190 ὲλπίσι.
659 1133 842 1186 Ταῦτα
866 1132 1116 1199 λέγοντες
1146 1133 1214 1199 τῇ
1242 1129 1506 1196 δεινότητι
1529 1126 1634 1178 τῶν
1655 1125 1825 1192 λόγων
1851 1122 2006 1192 μόλις

433 1232 525 1284 τὸν
558 1229 832 1299 βάρϐαρον
863 1224 1315 1292 κατεργάζονται.
1372 1221 1480 1273 Καὶ
1518 1219 1584 1272 τὰ
1621 1218 1719 1286 μὲν
1751 1219 2007 1286 χρήματα

434 1323 770 1392 ἀφαιρεῖται,
827 1317 1013 1386 γυμνά
1043 1316 1098 1367 δὲ
1135 1314 1240 1367 τῶν
1291 1314 1517 1365 ἐνόντων
1549 1311 1616 1362 τά
1650 1308 1878 1378 σώματα
1911 1325 2008 1360 κα-

435 1415 711 1478 ταλείπει,
764 1410 895 1463 ὥστ’
931 1411 981 1461 εί
1030 1409 1126 1477 μὲν
1178 1406 1358 1476 μένειν
1399 1405 1626 1468 θέλοιεν,
1681 1401 2006 1472 κηδεμονίας

435 1507 580 1568 τινος
620 1500 922 1565 ἀξιοῦσθαι,
961 1500 1007 1550 εί
1034 1497 1078 1549 δ’
1111 1493 1226 1559 οὖν,
1259 1495 1374 1547 ἀλλ’
1398 1495 1472 1556 ὡς
1508 1494 1719 1561 ἔχουσιν
1751 1493 1809 1555 ἐξ
1835 1485 2008 1558 αὐτῆς

437 1593 901 1649 ἀπαλλάττεσθαι.
938 1591 1152 1658 Προῆγε
1183 1589 1237 1639 δὲ
1267 1588 1365 1649 τὰς
1398 1587 1676 1655 δυνάμεις,
1718 1583 1824 1636 ἀπὸ
1847 1584 2011 1652 ῥυτῆ-

442 1707 534 1760 ρος
583 1687 843 1747 ἐλαύνων,
909 1682 1002 1734 καὶ
1035 1681 1127 1732 ἐπὶ
1184 1679 1252 1730 τά
1282 1678 1444 1730 λοιπά
1478 1678 1736 1748 φρούρια.
1770 1676 1929 1743 Φήμη
1961 1671 2006 1724 δ’

437 1783 588 1835 ἵκετο
642 1775 1043 1848 συμπεριάγειν
1101 1773 1195 1826 καὶ
1246 1773 1335 1824 τὶν
1371 1771 1668 1823 ἐπίσκοπον
1703 1768 1927 1838 (Πανίου
1960 1768 2006 1820 δ’

439 1864 594 1930 οὗτος
623 1863 690 1938 ἦν
709 1866 726 1937 )
747 1868 841 1918 καὶ
882 1865 948 1916 τά
973 1864 1148 1916 πολλὰ
1177 1867 1274 1914 καὶ
1297 1861 1456 1913 αὑτὸν
1482 1862 1844 1928 ἐφιστάμενον
1877 1876 2006 1910 συν-

439 1962 621 2031 εργεῖν
651 1961 761 2021 τοῖς
792 1956 1029 2027 ἐχθροῖς,
1063 1952 1148 2022 ἐφ’
1183 1947 1226 2020 ᾧ
1251 1951 1548 2022 προδιδοτεν
1573 1953 1627 2002 αἱ
1657 1949 1861 2011 πόλεις.
1898 1947 2007 2001 Kal

437 2053 526 2106 διὰ
547 2051 715 2104 ταῦτα
746 2049 820 2112 ὡς
843 2048 985 2108 εἰκὸς
1016 2049 1111 2099 καὶ
1134 2045 1285 2115 παρά
1308 2045 1417 2112 τῆς
1447 2041 1772 2108 Ἐκκλησίας
1805 2042 2008 2103 ἐκεῖνος

439 2141 723 2211 ηὑθύνετο,
761 2137 854 2190 καὶ
886 2140 916 2206 ἡ
944 2135 1066 2205 δίκη
1103 2134 1445 2204 πατριάρχου
1502 2132 1828 2201 γράμμασιν
1883 2130 2008 2198 ὲδηο

436 2235 595 2290 λοῦτο
648 2233 724 2302 τῷ
784 2228 1254 2284 καταδικασθέντι.
1323 2227 1560 2286 Ἐκεῖνος
1610 2224 1666 2275 δὲ
1724 2222 1860 2291 πρὸς
1909 2223 2008 2292 τὴν

438 2330 629 2400 φήμην
686 2326 888 2380 καὶτὰ
944 2323 1040 2392 τῆς
1091 2319 1347 2389 ποινίμου
1407 2318 1561 2387 δίκης
1601 2317 2007 2387 ὑπεραλγήσας,

438 2420 630 2491 καιροῦ
660 2417 1000 2489 δραξάμενος
1030 2413 1244 2483 φεύγει,
1270 2412 1365 2465 καὶ
1389 2410 1486 2482 τὴν
1519 2410 1783 2480 ταχίστην
1813 2408 1889 2479 τῷ
1915 2409 2010 2479 βα·-

440 2513 578 2567 σιλεῐ
609 2510 993 2582 παραγίνεται.

438 2784 724 2855 probatum
769 2781 832 2835 iri
883 2778 1312 2833 Christianorum
1372 2791 1466 2847 per
1520 2776 1860 2833 Christianos
1901 2791 2008 2831 cae-

437 2880 559 2932 dem
586 2877 700 2930 fieri
736 2883 964 2928 tantam.
993 2871 1376 2941 Adjungeltant
1399 2871 1664 2926 interesse
1692 2885 1787 2923 sua
1815 2870 2006 2938 ipsius,

439 2966 876 3024 mansuetudinis
923 2962 1063 3035 apud
1110 2979 1290 3017 arcem
1337 2960 1504 3016 lleliaa
1543 2971 1754 3029 partam
1807 2962 2006 3014 famam

436 3063 524 3118 hic
551 3075 767 3132 quoque
804 3057 966 3112 tueri.
1001 3054 1103 3110 Ubi
1149 3055 1291 3108 enim
1343 3069 1450 3107 non
1489 3052 1724 3121 unojam
1792 3053 2008 3122 experi-

2107 855 2276 909 πολλὰ
2298 857 2551 924 ἐτεχνᾶτο
2576 856 2942 920 ὑποσπόνδους
2963 859 3028 909 ὲκ
3055 860 3385 927 τιμημάτων
3413 859 3654 927 προσάγε-

2109 949 2232 1003 σθαι
2288 950 2413 1012 τοὺς
2465 948 2792 1022 ἀλάστορας,
2851 948 3162 1003 Γεννουῗται
3210 953 3312 1020 μὲν
3341 949 3432 1004 οὖν
3459 953 3506 1004 οἱ
3535 957 3653 1006 κατὰ

2108 1041 2264 1095 πόλιν
2298 1043 2426 1112 ἄρτι
2461 1041 2694 1113 πρώτως
2720 1045 2870 1113 παρὰ
2901 1043 2995 1096 τοῦ
3030 1044 3178 1110 σφῶν
3201 1045 3485 1114 συνεδρίου
3503 1046 3653 1098 άὸὂᾶν

2109 1133 2390 1204 δεξάμενοι
2443 1133 2628 1204 (δηλοί
2659 1135 2717 1187 δὲ
2743 1137 2776 1204 ἡ
2813 1135 2970 1204 φωνὴ
3005 1134 3094 1188 τὸν
3132 1135 3461 1205 ἡγούμενον,
3491 1135 3592 1200 ἔχει
3619 1139 3654 1189 δ’

2108 1216 2263 1288 οὗτος
2280 1225 2376 1295 τὴν
2396 1226 2490 1279 τοῦ
2517 1227 2579 1291 δή
2589 1243 2690 1293 μου
2715 1228 3073 1298 προστασίαν,
3103 1227 3179 1290 ὡς
3207 1228 3363 1296 παρὰ
3397 1225 3655 1296 Ῥωμαίοις

2109 1319 2137 1370 ὁ
2177 1316 2424 1388 πραίτωρ
2450 1317 2542 1370 τοῦ
2584 1317 2757 1388 δήμου
2801 1318 3006 1387 πάλαι)
3055 1317 3464 1388 Ἀμογαὸάροις
3493 1319 3656 1388 sese.

2108 1407 2546 1462 διαλλάττεσθαιο
2577 1409 2698 1461 οὐδὲ
2731 1409 2841 1478 γὰρ
2887 1405 3034 1478 εἶχον
3066 1407 3241 1470 ἄλλως
3273 1409 3373 1478 τὴν
3408 1411 3546 1461 κάτω
3564 1409 3657 1460 δια-

2110 1498 2445 1564 πλωϊςεσθαι
2469 1502 2609 1554 κατὰ
2638 1500 2734 1562 τὰς
2760 1499 2939 1553 αὐτῶν
2968 1501 3356 1568 πραγματείας
3388 1500 3654 1554 θάλασσαν.

2111 1595 2296 1672 Ἱξαύτῃ
2319 1611 2405 1672 τοι·
2426 1594 2520 1646 καὶ
2552 1594 2621 1645 τά
2651 1593 2748 1660 τῆς
2783 1592 3083 1661 πρεσϐείας
3111 1593 3139 1644 ὁ
3168 1591 3352 1652 άόὁᾶς
3380 1591 3655 1661 ἀνεδέχετο.

2112 1665 2220 1743 list
2251 1665 2460 1758 βασιλεῖ
2482 1687 2740 1754 γνωσθὲν,
2768 1689 2890 1738 ἐπεὶ
2913 1687 3144 1754 στρατὸν
3176 1685 3346 1756 βάρος
3371 1686 3556 1754 ἔχοντα
3575 1687 3656 1740 ούκ

2111 1777 2223 1851 εἶχε
2255 1783 2516 1850 πέμπειν,
2537 1778 2674 1832 ἀλλά
2695 1795 2819 1830 τινα
2845 1777 2954 1830 τῶν
2976 1777 3210 1846 ψιλικῶν
3234 1777 3535 1847 ταγμάτων
3552 1780 3658 1847 περὶ

2107 1875 2201 1926 τὸν
2240 1873 2412 1942 μέγαν
2446 1869 2832 1942 ἑταιρειάρχην
2866 1865 3006 1937 ἦσαν
3041 1869 3133 1921 τὸν
3165 1869 3402 1935 Δούκαν,
3428 1869 3517 1930 οὓς
3545 1865 3658 1938 ἦγεν

2111 1966 2185 2018 ὣν
2220 1965 2314 2017 ἐπὶ
2339 1962 2432 2017 τοῦ
2460 1961 2693 2031 στρατοῦ
2723 1961 3013 2032 πρότερον,
3043 1961 3108 2032 ἦν
3135 1961 3215 2032 πή
3247 1977 3384 2014 ποτε
3414 1963 3656 2030 κρυφηίὸν

2110 2057 2202 2120 κέ).
2249 2057 2309 2120 ἐξ
2347 2055 2586 2124 ,ἐνέδρας
2621 2053 3016 2124 προσϐάλλοιεν
3069 2052 3167 2122 (ού
3199 2052 3311 2121 γὰρ
3341 2047 3408 2123 ἦν
3439 2052 3659 2120 φανερῶς

2109 2145 2588 2214 ἀντιτάττεσθαι),
2621 2145 2711 2198 διά
2739 2145 2914 2198 ταῦτα
2942 2146 3042 2197 οὐκ
3068 2139 3137 2215 ἦν
3169 2143 3536 2214 ἀποδέχεσθαι
3557 2144 3660 2196 Fav-

2110 2239 2324 2302 νουῖτας
2358 2237 2495 2308 πρὸς
2528 2235 2758 2307 ἐχθροὺς
2773 2237 2884 2289 τῶν
2923 2235 3217 2305 Ῥωμαίων
3242 2238 3473 2307 εἰρήνην
3504 2236 3660 2289 συντί-

2111 2329 2298 2382 θεσθαι
2353 2329 2628 2391 θέλοντας.
2685 2327 2879 2381 Ἔνθεν
2936 2328 3033 2381 καὶ
3069 2329 3291 2399 πρῶτον
3338 2329 3438 2398 μὲν
3464 2331 3659 2399 πέμψας

2111 2420 2459 2474 ἀναστέλλειν
2477 2421 2737 2490 ἐπειρᾶτο
2759 2423 2819 2474 τὸ
2850 2419 3117 2491 βούλημα,
3143 2421 3219 2485 ὡς
3249 2421 3296 2476 δ’
3315 2422 3416 2475 οὐκ
3449 2421 3656 2488 ἔπειθεν,

2110 2506 2254 2567 εῖναι
2318 2513 2417 2582 μὲν
2448 2512 2542 2566 καὶ
2571 2512 2736 2567 πάλιν
2781 2511 2935 2568 οὐδὲν
2971 2507 3136 2584 ἦττον
3183 2515 3328 2583 σφᾶς
3360 2513 3542 2584 φίλους
3579 2517 3660 2570 καὶ

2113 2785 2206 2842 tati
2233 2794 2501 2848 metuens,
2539 2783 2824 2838 occasione
2855 2793 3069 2854 arrepta
3099 2783 3239 2854 fugit
3273 2801 3305 2842 e
3329 2786 3526 2841 castris
3567 2785 3657 2839 lio-

2112 2877 2354 2940 mofurti,
2411 2887 2464 2932 et
2519 2877 2840 2931 festinanter
2889 2876 3276 2946 imperatorem
3321 2881 3471 2934 adiit.

2107 2991 2198 3046 27.
2258 2989 2476 3062 Legatio
2531 2989 2889 3044 Genuensium
2926 2991 3089 3062 simul
3139 3001 3188 3046 et
3250 2995 3574 3062 imperatoris
3600 2994 3657 3046 ad

2708 3061 3090 3132 Amogabaros.

2182 3151 2297 3206 Hoc
2332 3161 2473 3206 statu
2527 3167 2708 3206 rerum
2740 3154 3057 3221 imperator,
3106 3153 3210 3209 etsi
3269 3154 3658 3226 exspectatione

2116 3247 2435 3314 peregtinze,
2483 3259 2641 3313 quam
2675 3258 2962 3299 accersere
2994 3245 3303 3317 satagebat,
3337 3248 3535 3301 militia:
3554 3261 3660 3301 sus-

2114 3349 2338 3403 pensum
2382 3334 2619 3388 habebat
2657 3336 2926 3400 animum,
2997 3346 3180 3392 tamen
3235 3354 3308 3392 ex
3346 3355 3405 3394 se
3449 3353 3658 3409 quoque,

2112 3427 2156 3480 si
2183 3443 2284 3496 qua
2311 3435 2495 3496 posset
2523 3427 2886 3486 comminisci.
2915 3430 3176 3482 malorum
3217 3429 3455 3484 remedia
3485 3430 3658 3496 exqui-

2114 3535 2261 3585 rens,
2305 3535 2409 3572 non
2456 3518 2782 3574 abhorrebat
2813 3535 2842 3574 a
2878 3526 3134 3574 tentanda
3175 3521 3246 3576 de
3270 3539 3411 3576 novo
3445 3522 3671 3576 reconci-'

2113 3610 2332 3664 liatione
2363 3609 2624 3664 ferocium
2655 3612 2866 3665 illorum
2903 3621 2959 3666 et
3017 3615 3344 3668 immanium
3389 3613 3660 3681 Antogaba-

2115 3717 2321 3767 rerum,
2349 3712 2531 3758 certus
2566 3718 2670 3758 non
2710 3719 2938 3770 parcere
2968 3705 3227 3774 impensis
3257 3706 3425 3760 etiam
3457 3704 3658 3773 magnis,

2113 3794 2158 3848 si
2191 3793 2574 3864 largitionibus
2611 3796 2854 3863 pecuniae
2879 3798 2942 3849 ad
2974 3798 3124 3864 pacis
3158 3798 3233 3852 illi
3267 3798 3494 3853 consilia
3523 3795 3674 3850 iulle-‘

2114 3887 2183 3942 cti
2221 3903 2278 3942 se
2307 3889 2570 3944 sinerent.
2614 3889 2776 3943 Tales
2817 3901 2998 3946 mente
3049 3893 3412 3963 cogitationes
3441 3894 3660 3962 Augusto

2115 3992 2388 4043 versante,
2424 3979 2564 4034 forte
2589 3981 2787 4036 accidit
2817 3985 3002 4036 venire
3035 3991 3161 4038 tunc
3217 3986 3452 4053 priumm
3482 3985 3544 4038 ad
3571 3981 3661 4038 Ge-

2113 4085 2346 4124 nuenses
2394 4070 2561 4143 624
2603 4072 3074 4143 Constantinopoli
3123 4074 3386 4146 degentes
3437 4076 3656 4130 destina-

2116 4170 2228 4214 tutn
2286 4162 2354 4214 iis
2411 4163 2660 4232 regendis
2717 4165 2786 4218 ab
2837 4164 3076 4229 ipsorum
3133 4169 3447 4237 metropolis
3492 4173 3657 4222 senatu

2115 4253 2485 4321 magistratum
2515 4269 2848 4324 supremum,
2877 4272 3034 4323 quem
3064 4257 3249 4312 dicunt
3286 4259 3513 4321 Abbam,
3548 4269 3657 4310 voce

433 3164 618 3212 mento
652 3161 990 3220 compertum
1021 3145 1184 3218 623
1217 3146 1578 3200 incrcbuisset
1609 3144 1782 3199 lenem
1803 3152 1858 3198 et
1881 3159 2011 3198 exo-
2037 3185 2082 3241 ο

435 3247 658 3303 raltilem
693 3241 1068 3299 Romofortum
1109 3254 1251 3301 esse,
1275 3237 1393 3292 alia:
1424 3247 1627 3291 tractus
1649 3237 1806 3290 istius
1849 3249 2005 3290 arces

434 3341 591 3395 facile
641 3336 1042 3392 adducerentur
1072 3332 1138 3386 ad
1185 3331 1233 3386 ei
1275 3346 1335 3385 se
1375 3329 1676 3384 dedendas.
1732 3327 1808 3382 Ne
1840 3328 2007 3398 igitur

431 3445 742 3495 successus,
795 3427 980 3498 gloriae
1025 3424 1129 3478 sibi
1165 3438 1375 3491 magna:
1421 3435 1484 3474 ac
1513 3421 1739 3490 quaestui
1772 3419 2002 3484 futuros,

433 3524 816 3591 intempestivo
843 3517 1094 3587 gratuitae
1149 3514 1512 3569 immanitatis
1560 3513 1852 3580 opprobrio
1882 3527 2007 3565 cor-

434 3622 732 3685 rumperet,
785 3621 1043 3680 tanquam
1081 3609 1130 3661 ei
1173 3605 1432 3661 benevole
1467 3604 1811 3660 consulentes
1834 3647 1848 3670 ,
1879 3604 2005 3658 dum

433 3709 629 3763 blande
661 3706 1036 3765 obsecrarent,
1068 3702 1154 3755 vix
1192 3700 1408 3754 tandem
1466 3698 1776 3769 eloquentia
1807 3707 1858 3752 et
1884 3713 2007 3769 gra-

435 3805 506 3855 tia
555 3804 904 3855 exarmaruut
959 3795 1216 3849 ferociam
1271 3792 1412 3854 viri,
1469 3791 1846 3861 persuadendo
1905 3791 2006 3860 ipsi

435 3906 494 3947 nt
520 3891 764 3962 spoliatis
815 3889 962 3942 omni
1000 3887 1229 3956 pecunia
1266 3893 1320 3939 et
1356 3884 1677 3953 supellectili
1743 3883 2008 3938 tledititiis

434 3986 556 4039 viva
578 3984 750 4039 solum
783 3991 838 4037 et
868 3981 1037 4035 libera
1089 3992 1318 4048 corpora
1362 3977 1713 4045 relinqueret.
1742 3973 2008 4044 Impetra-

435 4088 547 4130 tum
606 4074 824 4142 insuper
883 4079 935 4124 et
983 4067 1135 4132 illud,
1190 4075 1249 4121 ut
1299 4065 1342 4120 si
1381 4065 1472 4132 qui
1530 4062 2005 4118 thwdestinorum

433 4183 655 4223 manere
703 4169 754 4220 in
794 4166 912 4219 loco
942 4163 1042 4218 sub
1077 4161 1302 4217 victoris
1356 4167 1624 4228 potestate
1671 4157 1812 4212 ultro
1842 4157 2009 4226 elige-

433 4270 575 4322 rent,
620 4258 732 4312 illic
761 4267 819 4309 ut
845 4253 1048 4310 subditi
1099 4267 1230 4307 cura
1273 4252 1631 4321 dignarentur
1676 4249 1880 4317 aliqua,
1923 4247 2006 4301 sin

431 4354 578 4408 aliud
639 4351 884 4413 mallent,
933 4347 1118 4403 statim
1159 4359 1489 4415 quocunque
1545 4343 1740 4398 liberet
1773 4342 2008 4412 migrare
2116 4347 2431 4419 prarfectum
2465 4358 2559 4401 aut
2617 4353 2966 4418 prwpositum
3018 4362 3270 4406 sonante.
3305 4351 3404 4406 llic
3431 4350 3658 4422 praeditus

431 4448 760 4501 sinerentur.
823 4441 952 4496 lude
1012 4437 1366 4494 Romofortus
1420 4436 1730 4506 pronas,ad
1774 4433 2006 4488 fortuna:

2115 4441 2441 4497 auctoritate
2494 4441 2549 4494 in
2599 4441 2851 4509 populum
2903 4452 2986 4495 est
3013 4442 3132 4512 ejus
3156 4444 3323 4498 simili
3358 4458 3518 4514 quam
3545 4442 3655 4496 olim

432 4539 648 4592 obvium
712 4535 952 4588 favorem
1019 4531 1260 4586 habenas
1309 4530 1522 4593 laxans,
1584 4525 2006 4582 circumferebat

2113 4533 2252 4605 apud
2289 4535 2559 4587 Romanos
2604 4543 2800 4602 praetor
2864 4534 3044 4603 populi
3088 4537 3342 4590 habebat.
3375 4535 3536 4602 llujus
3565 4547 3648 4588 oc-

431 4630 732 4685 ωωιέίῑιιιη
760 4642 858 4697 Per
890 4639 1045 4679 arces
1079 4624 1318 4693 reliquas
1353 4623 1540 4676 “Dium
1569 4621 1782 4675 Ῐηοτυηι
1811 4661 1824 4684 ι
1858 4621 2006 4674 Sul’i‘
2111 4628 2332 4680 casione
2358 4625 2644 4688 adventus,
2681 4628 3054 4681 consultantes
3089 4628 3155 4682 de
3185 4631 3347 4683 rebus
3375 4629 3484 4684 suis
3511 4625 3654 4681 Gala-

431 4722 703 4792 gendisiis
735 4720 1050 4781 imminens.
1087 4717 1142 4771 in
1167 4732 1274 4789 quo
1306 4717 1564 4770 lentando
1597 4731 1702 4769 non
1743 4713 2003 4768 inemcaCi
2110 4719 2205 4773 tini
2243 4718 2560 4773 Geuuenses
2613 4731 2720 4769 uno
2771 4733 2993 4770 assensu
3027 4729 3404 4772 coavenerunt
3432 4727 3656 4770 necessa-

431 4816 509 4867 ιιιί
545 4829 707 4879 opera
749 4811 1026 4865 ferebatur
1059 4809 1302 4878 episcopi
1343 4807 1650 4875 cujusdam,
1688 4821 1848 4875 quem
1898 4804 2006 4858 cir-

2113 4812 2192 4866 rio
2229 4811 2330 4864 sibi
2365 4809 2669 4863 faciendam
2705 4825 2827 4862 cum
2855 4809 3217 4878 Amugabaris
3247 4825 3434 4879 pacem
3473 4827 3485 4862 :
3519 4807 3655 4859 aliter

430 4901 810 4954 cnmdttcebat.
855 4897 1142 4952 Paniensis
1170 4899 1262 4952 hic
1291 4907 1430 4960 erat,
1455 4899 1520 4951 tle
1551 4911 1655 4965 quo
1708 4895 1849 4950 fama
1878 4910 2003 4964 per-
2108 4903 2255 4958 enim
2287 4919 2451 4972 quam
2491 4902 2557 4956 iis
2608 4917 2702 4972 per
2726 4917 2789 4955 ea
2823 4902 2938 4956 loca
2992 4903 3414 4969 prmvalemibus
3445 4901 3494 4953 ει,
3526 4910 3656 4950 com-

430 4997 535 5046 Lua
571 4993 624 5044 in
665 4990 850 5044 urbem
885 5002 969 5044 est
1001 4989 1284 5059 cooperari
1328 5003 1452 5044 eum
1494 4989 1736 5042 victoriis
1785 4988 2006 5041 Latino-

2113 4995 2432 5064 positionem
2468 5007 2652 5048 secum
2702 4993 2970 5056 adductis,
3004 4993 3204 5049 liberas
3239 4994 3370 5064 ipsis
3403 5008 3464 5046 ac
3515 5003 3653 5044 secu-

429 5100 574 5147 rum.
614 5081 893 5139 suadendo
940 5080 1198 5136 “Olllanis
1239 5083 1360 5152 eius
1407 5091 1614 5136 "80108
1653 5096 1719 5136 Ile
1771 5095 1892 5134 sese
1950 5088 2004 5133 ει
2107 5103 2196 5141 ras
2227 5101 2332 5140 non
2365 5084 2483 5140 fore
2508 5085 2886 5154 navigationes
2923 5086 3198 5140 Euxinum
3236 5101 3427 5141 versus
3457 5085 3518 5136 ad
3541 5097 3644 5135 ent-

428 5194 566 5248 quas
625 5175 963 5233 custodirent
999 5190 1154 5229 arces
1216 5186 1311 5229 aut
1368 5175 1531 5228 urbes
1587 5174 1903 5227 dubitarent
1938 5174 2002 5227 iis
2106 5179 2255 5247 poris
2291 5175 2501 5229 illarum
2530 5178 2802 5245 partium,
2838 5193 2869 5231 e
2908 5193 3138 5245 quorum
3171 5177 3507 5233 commerciis
3543 5185 3650 5240 spes

430 5269 667 5324 tradere.
698 5266 752 5320 ln
780 5281 888 5336 quo
929 5266 1141 5334 culpam
1193 5265 1486 5319 admittere
1511 5251 1708 5316 merito
1746 5263 1889 5315 visus
1920 5270 2003 5314 est

2113 5286 2168 5325 ac
2200 5271 2442 5324 rationes
2479 5281 2825 5332 mercaturae,
2871 5270 2954 5322 cui
2989 5271 3329 5340 potissimum
3387 5269 3648 5326 vacabant,

425 5359 797 5415 ecclesiastica
836 5358 1308 5413 animadversione
1364 5357 1603 5426 dignam.
1653 5353 1797 5408 Reus
1836 5355 2003 5424 igitur
2109 5379 2301 5432 magna
2330 5377 2394 5414 ex
2425 5373 2578 5429 parte
2615 5362 2934 5430 penderent.
2972 5364 3046 5415 Eo
3081 5379 3346 5419 consensu
3375 5372 3428 5418 et
3462 5360 3530 5414 rei
3566 5370 3643 5410 ve-

424 5453 624 5506 citatnr
648 5451 846 5506 litteris
873 5450 940 5503 ad
991 5465 1115 5504 eum
1140 5449 1320 5503 missis
1355 5447 1682 5516 patriarchae
1704 5485 1719 5511 ,
1751 5463 1872 5500 cum
1908 5448 2003 5501 de-
2109 5454 2511 5508 risitnilitudine
2541 5454 2708 5522 ipsius
2727 5453 2909 5508 Abbas
2933 5462 3107 5510 motus
3133 5455 3450 5525 legationem
3483 5451 3526 5504 ei
3545 5443 3647 5518 paci

423 5546 785 5610 nuntiatione,
819 5545 924 5600 nisi
967 5543 1334 5597 vadimonium
1383 5544 1605 5598 siSteret
1631 5555 1684 5595 et
1709 5544 2000 5597 satisface-
2107 5548 2395 5598 tractanda
2429 5561 2523 5613 per
2548 5560 2606 5598 se
2633 5546 2936 5598 obeundam
2968 5550 3035 5600 ad
3063 5547 3434 5616 Amogabaros
3484 5551 3645 5597 susce-

421 5646 526 5704 ret,
563 5649 736 5706 prauae
777 5632 1075 5699 canonicaa,
1110 5632 1309 5688 debita:
1356 5632 1594 5686 hostium
1654 5631 1995 5695 fautoribus.
2107 5638 2203 5705 pit.
2265 5637 2564 5691 ludicatum
2610 5638 2660 5692 id
2714 5639 3000 5693 consilium
3055 5641 3367 5710 imperatori
3409 5647 3487 5690 est
3543 5643 3641 5687 tum

419 5728 776 5786 mcurrendae.
819 5725 933 5782 I‘loc
979 5727 1069 5781 ille
1107 5727 1392 5796 perculsus
1419 5725 1648 5791 nuntio,
1701 5725 1887 5780 dolens
1933 5724 2000 5778 ob
2108 5728 2366 5790 maxime,
2399 5739 2456 5780 ut
2497 5731 2700 5786 dictqu
2758 5745 2862 5796 εει,
2905 5733 3114 5786 intento
3143 5729 3505 5803 excogitandis
3543 5738 3642 5778 tuo-

417 5820 692 5876 mfamiam
721 5827 1054 5875 contractam
1104 5827 1157 5875 et
1191 5817 1439 5890 supplicii
1466 5818 1789 5890 gravitatem
1827 5817 1972 5872 inten
2105 5820 2188 5875 dis
2223 5821 2512 5878 resistendi
2537 5821 2920 5893 Auzogabaris.
2956 5826 3270 5881 Exercitum
3299 5826 3433 5879 enim
3461 5821 3640 5890 iustum
