3856 6552
198 404 289 470 085
1085 403 1182 466 DE
1223 396 1670 467 ANDRONICO
1708 405 1748 465 P

1856 396 2180 463 .EOLOGO
2225 402 2366 465 LIB.
2430 401 2558 463 VII.

3308 395 3416 465 636

196 522 380 594 βασιλεῖ
409 523 497 573 καὶ
541 519 858 600 Ῥωμαίοις)
885 517 971 590 ἐφ’
1007 519 1089 586 οἷς
1115 526 1209 576 καὶ
1239 525 1432 594 69m,-
1473 520 1734 574 ἀπαιτούο
1763 523 1809 578 Δ
1837 516 1950 582 οὖν,
2003 520 2167 583 ἄλλας
2219 522 2402 592 χώρας
2452 517 2672 576 σπεύδει
2727 519 2959 574 λαϐόντα
3001 524 3276 592 κατέχειν,
3321 502 3424 574 καὶ

194 633 324 687 μενοι
377 613 495 677 τοὺς
542 616 1049 686 παλαμναιοτὰτους
1103 617 1366 678 ἐδίδοσαν,
1415 612 1450 686 ἦ
1495 615 1600 686 μὴν
1639 615 1731 667 καὶ

194 704 328 768 αὖθις
358 706 492 775 ὑπὲρ
535 707 824 777 Ῥωμαίων
853 747 867 762 .
901 745 916 762 .
949 746 966 763 .
999 749 1013 762 .
1049 747 1064 761 .
1091 750 1106 764 .
1136 711 1233 762 καὶ
1266 709 1464 778 ὅρκους
1500 747 1515 761 .
1550 745 1565 760 .
1605 744 1621 760 .
1661 746 1675 759 .
1715 747 1728 760 .

195 787 361 870 ἐτέρέιν
387 799 580 868 βουλὴν
619 802 645 852 ὁ
668 817 885 870 κρατων
909 801 1290 870 προσανετίθει
1324 799 1401 871 τῷ
1442 800 1736 869 ἡγουμένῳ

195 895 269 946 xxi
293 893 382 960 τὴν
411 891 540 961 παρ’
567 892 738 946 αὐτοῦ
765 892 1068 962 πρεσϐείαν
1105 893 1241 963 πρὸς
1296 892 1734 962 Ἀμογαὸἀρους,

193 985 262 1051 ἔθ’
296 977 336 1050 ᾧ
364 983 597 1036 ἑθέλοιεν
648 986 952 1054 χρημάτων
1011 986 1268 1055 μεγάλων
1302 985 1396 1038 καὶ
1430 983 1600 1054 τιμῆς
1639 981 1740 1052 τῆς

193 1076 548 1146 προσηκούσης
601 1077 697 1130 καὶ
748 1078 1156 1148 κυϐερνήσεως,
1218 1077 1292 1140 ὼς
1322 1077 1416 1130 καὶ
1475 1076 1740 1145 ἀναδοχῆς

193 1167 446 1234 ἀξιοῦσθαι
474 1169 601 1230 τοὺς
638 1166 848 1237 βασιλεῖ
894 1166 1165 1220 δουλεύειν
1225 1165 1500 1229 Θέλοντας,
1527 1163 1740 1217 διαλύε-

194 1263 316 1315 σοαι.
356 1261 459 1314 Καὶ
486 1261 660 1313 ταῦτα
692 1262 1058 1332 προσαναθεὶς
1113 1260 1192 1331 τῷ
1242 1259 1386 1328 ἁὸὁᾷ
1419 1260 1700 1323 ἐκπέμπει
1724 1273 1739 1289 ο

191 1360 269 1406 καὶ
293 1357 353 1423 τῇ
381 1351 581 1422 μεταξῦ
620 1354 976 1424 διημερεύσει
1002 1354 1262 1426 ἀνακωχὴ
1293 1350 1385 1426 ἦν,
1414 1357 1463 1407 εἰ
1493 1355 1588 1406 καὶ
1616 1352 1744 1408 ἄλλο

190 1467 233 1499 τι
257 1446 623 1514 ὲσχευαγώγει
675 1448 812 1516 πρὸς
847 1447 1022 1512 πόλιν,
1054 1449 1148 1500 καὶ
1178 1445 1446 1516 ὁσημέραι
1485 1445 1615 1507 λαὸς
1648 1443 1743 1496 καὶ

192 1540 290 1602 ζῶα
315 1539 456 1602 ἐντὸς
482 1541 577 1592 τοῦ
595 1539 788 1602 ἄστεος
807 1539 1159 1610 ἐπληθύνετο,
1181 1539 1257 1598 ὡς
1284 1539 1378 1590 καὶ
1412 1537 1480 1590 τὰ
1513 1535 1748 1606 περιττὰ

191 1631 283 1681 τῶν
309 1627 457 1694 ζώων
484 1634 667 1702 σφαγῇ
704 1633 796 1684 καὶ
831 1631 1085 1702 μακέλλῳ
1118 1612 1375 1684 δίδοσθαι.
1423 1620 1616 1682 Ἀλλίό
1649 1628 1748 1698 μὲν

193 1722 343 1784 ὰὸεἱς
375 1724 622 1788 ἐπιστὰς,
679 1724 775 1776 καὶ
836 1723 919 1790 ἐφ’
970 1723 1205 1794 ἡμέραις
1235 1721 1325 1793 [Ρ.
1371 1719 1499 1792 456]
1535 1721 1603 1774 τὰ
1647 1719 1750 1789 τῆς

193 1815 465 1882 πρεσύείας
521 1816 939 1886 μεταχειρίζων,
1001 1815 1153 1867 οὐδὲν
1205 1815 1372 1884 ἤνυσε
1406 1813 1592 1876 πλέον,
1621 1811 1748 1864 οὔτε

195 1880 452 1975 ἄπρακτος
481 1880 836 1975 ὑποστρέφει,
895 1906 1070 1959 πολλά
1099 1923 1156 1957 τε
1185 1880 1280 1958 καὶ
1312 1903 1598 1958 ἀτάσθαλα
1652 1903 1746 1956 καί
1785 1880 1825 1936 Β

194 2017 244 2068 γε
273 2000 342 2070 μὴ
370 1993 456 2052 οἵά
485 2001 531 2050 τ’
556 1998 621 2051 ἂν
645 1999 896 2067 γενέσοαι
926 1998 1287 2060 ἀπαιτοῦντος
1314 1995 1410 2048 τοῦ
1447 1994 1748 2065 Ῥομοφόρ-

194 2111 291 2146 του.
337 2091 616 2144 Ἐδούλετο
671 2091 777 2162 γὰρ
831 2092 928 2144 καὶ
991 2090 1190 2152 τόπους
1233 2090 1327 2142 καὶ
1363 2089 1592 2160 σώματα
1653 2089 1748 2142 καὶ

195 2184 406 2255 φρούρια
435 2183 778 2252 ἀπεμπολεῖν
810 2182 946 2252 πρὸς
977 2181 1204 2252 βασιλέα
1251 2181 1504 2249 μεγάλων
1527 2181 1747 2251 χρημάο

193 2294 306 2338 των,
327 2275 419 2330 καί
437 2291 502 2344 γε
537 2271 1001 2344 προσαπῄτεικαὶ
1031 2271 1132 2336 τὰς
1189 2271 1571 2344 μισθοφορίας.
1616 2273 1678 2324 Εἰ
1703 2271 1746 2322 δ’

193 2471 333 2526 quem
383 2456 451 2512 iis
488 2465 784 2525 opponeret
815 2494 829 2514 .
864 2469 964 2508 nrc
1010 2453 1240 2507 habebat
1270 2454 1334 2507 ad
1383 2468 1601 2508 manmn
1645 2466 1748 2508 nec

195 2550 317 2601 unde
346 2560 559 2616 cogeret
591 2545 940 2615 suppetebat.
981 2544 1209 2598 Tantum
1248 2547 1470 2614 quidam
1498 2545 1632 2598 levis
1662 2559 1749 2598 ar-

198 2651 397 2692 matura:
421 2639 644 2691 ordines
673 2645 1030 2704 supererant;
1063 2651 1196 2704 quos
1223 2652 1448 2704 magnus
1469 2638 1748 2689 hetaeriae-

197 2732 281 2783 rha
317 2731 487 2784 Ducas
514 2731 786 2784 exercitus
810 2729 976 2783 totius
1001 2767 1015 2791 ,
1043 2737 1333 2798 antequam
1365 2729 1745 2798 dissiparetur,

199 2824 311 2886 dux,
356 2822 590 2891 reliquas
618 2822 796 2874 adhuc
830 2821 1090 2883 habebat,
1126 2823 1190 2874 ad
1220 2837 1373 2875 usum
1419 2821 1744 2875 furtivarum

198 2913 438 2966 duntaxat
473 2913 1016 2966 excursiuncularum
1049 2930 1062 2967 :
1099 2913 1240 2966 haud
1273 2913 1418 2965 enim
1445 2913 1620 2980 palam
1654 2927 1746 2966 os-

200 3015 389 3060 tentare
418 3022 481 3060 ex
516 3007 745 3061 adverso
801 3004 1035 3059 frontem
1093 3017 1198 3057 tam
1229 3005 1412 3058 multis
1461 3015 1570 3059 tam
1619 3021 1748 3074 pau-

200 3112 276 3152 ros
326 3097 446 3152 belli
487 3099 626 3151 ratio
675 3105 768 3149 aut
817 3096 1125 3151 communis
1180 3097 1470 3163 prudentia
1513 3097 1744 3150 sinebat.

199 3187 304 3244 llaec
357 3199 548 3245 cuncta
614 3204 798 3244 secum
861 3189 1160 3257 imperator
1201 3199 1460 3256 reputans
1514 3191 1745 3257 primum

201 3282 573 3349 experiundum
619 3281 851 3350 putavit,
878 3281 1075 3348 ecquid
1112 3295 1392 3336 revocare.
1428 3280 1750 3335 Gettttettses

200 3387 224 3424 a
252 3373 469 3427 consilio
500 3374 648 3442 pacis
684 3374 1098 3446 Amogabaricte
1164 3387 1368 3446 posset.
1427 3358 1752 3446 Misit‘ergo

201 3465 276 3532 qui
298 3479 412 3520 eam
436 3467 849 3530 dissuaderent;
877 3469 1073 3536 quibus
1105 3483 1225 3524 cum
1258 3480 1403 3524 esset
1433 3483 1749 3536 responsum

202 3555 620 3612 aGenueusibus
667 3560 994 3614 necessariis
1020 3575 1082 3612 se
1133 3559 1314 3613 causis
1349 3559 1416 3612 ad
1464 3571 1582 3612 eam
1631 3569 1751 3613 ten-

202 3651 399 3703 tandem
429 3651 848 3730 cattventionem
881 3652 1045 3717 trahi,
1071 3667 1170 3705 nec
1200 3647 1374 3704 fraudi
1407 3664 1524 3704 eam
1557 3651 1754 3704 Roma-

203 3736 272 3794 nis
292 3751 381 3795 aut
404 3742 715 3811 imperatOrl
743 3741 881 3809 fore,
911 3745 1108 3810 quibtts
1144 3743 1306 3796 amici
1336 3752 1388 3796 et
1426 3744 1515 3794 lidi
1542 3758 1662 3796 esse
1696 3752 1755 3797 ut

205 3843 335 3887 antea
359 3848 460 3888 non
489 3835 859 3899 desisterent,
895 3845 1182 3904 postquam
1212 3835 1516 3889 indemnem
1549 3835 1602 3888 in
1637 3834 1752 3887 loca

205 3923 319 3992 ipsis
372 3937 689 3998 opportuna
763 3931 1048 3982 transitum
1103 3927 1171 3982 ab
1235 3926 1482 3982 hostibus
1554 3926 1755 3981 Roma-

206 4031 373 4074 norum
414 4021 768 4092 pepigissent,
803 4031 966 4089 prout
1015 4033 1241 4075 suorum
1271 4019 1515 4075 rationes
1550 4018 1754 4073 merci-
1807 4025 1813 4031 ‘

211 4114 489 4168 nioniorum
546 4113 887 4185 ﬂagitabant.
919 4114 1049 4170 Post
1090 4131 1212 4185 qua:
1249 4113 1425 4185 rogati
1457 4121 1520 4168 ut
1552 4113 1749 4168 saltem

205 4201 530 4276 jurisjurandi
577 4207 686 4262 nde
747 4207 1068 4278 interposita
1115 4217 1376 4264 caverent
1412 4222 1472 4262 se
1519 4221 1625 4262 non
1657 4207 1752 4260 ad-

205 4295 390 4363 juturos
447 4301 712 4357 adversus
779 4307 892 4356 rem
965 4300 1265 4355 Romanam
1338 4299 1752 4370 Amogabaros,

209 4403 289 4444 aut
319 4393 601 4465 quidquam
635 4395 737 4450 hoc
785 4404 899 4450 toto
944 4395 999 4448 in
1061 4395 1277 4464 negotio
1309 4407 1528 4448 acturos
1550 4392 1753 4446 abhor-

212 4495 318 4537 rens
361 4486 424 4538 ab
468 4484 733 4552 obsequio
791 4483 1166 4554 imperatoria
1222 4499 1282 4539 se
1331 4483 1513 4539 debito
1565 4490 1623 4538 et
1683 4482 1753 4538 ad

1836 611 1995 664 ἄλλον
2018 611 2404 665 ἐπιϐάλλεσθαι
2434 611 2492 666 ὃν
2519 611 2584 665 ἂν
2611 611 2829 664 δύναιτο
2850 611 3050 680 τρόπον
3075 610 3416 674 ἀντιπάλων,

1837 705 1931 757 καὶ
1963 706 2019 767 ὲς
2063 703 2214 767 τέλος
2269 704 2635 774 διαμάχεσθαι
2669 704 2983 757 διετείνετο.
3033 698 3222 757 Ταῦτα
3252 707 3347 756 καὶ
3387 701 3418 758 ὁ

1841 799 1980 853 κατὰ
1997 797 2057 850 τὸ
2080 797 2330 850 Μάδυτον
2350 797 2593 865 Φαρέντα
2621 796 2832 865 Τζιμῆς
2856 797 3090 866 πέμπων
3121 800 3412 866 ἁπέλεγεψ

1841 892 1889 942 εἰ
1921 889 2030 959 γὰρ
2059 885 2417 959 ἡμερώτερον
2445 884 2596 951 οὗτος
2629 892 2779 959 παρὰ
2798 889 2890 941 τὶν
2918 885 3288 959 Ῥομοφὸρτον
3307 896 3420 952 τοῖς

1853 981 2149 1051 Ῥωμαίων
2184 983 2528 1049 πράγμασιν.
2581 981 2816 1042 Ἐκεῖνος
2869 979 2985 1051 ἅμα
3024 979 3290 1052 Ὶόύρκοις
3326 981 3424 1036 καὶ

1843 1072 1957 1136 τοῖς
1991 1072 2165 1136 ἰδίοις,
2199 1063 2288 1123 ετι
2306 1070 2368 1140 δὴ
2405 1071 2498 1123 καὶ
2531 1073 2644 1134 τοῖς
2683 1071 2980 1140 Ῥωμαίοις
3031 1074 3422 1142 ἀποστατήσα-

1848 1184 1934 1219 σιν
1960 1161 2020 1229 ἐξ
2042 1163 2330 1234 ἀνατολῆς,
2361 1163 2506 1234 οἳοδὴ
2537 1164 2631 1216 καὶ
2657 1165 2828 1236 κουρᾷ
2858 1166 3059 1236 τριχῶν
3091 1167 3185 1219 καὶ
3207 1169 3420 1234 γενείου

1859 1247 2259 1326 Ἀμογαϐάρὸις
2316 1254 2696 1320 ὲξοικειοῦντο,
2731 1256 2883 1309 οὔπω
2933 1254 3112 1320 καλῶς
3143 1257 3242 1320 τὰς
3281 1260 3424 1311 οιπο⁸

1848 1349 2061 1418 κρίσεις
2101 1347 2194 1400 τοῦ
2251 1347 2395 1401 assa
2431 1348 2635 1412 δύντος,
2690 1348 2949 1413 διατάξας
3000 1350 3098 1420 τὴν
3135 1352 3425 1421 στρατείαν

1849 1443 2030 1513 κρότῳ
2058 1443 2234 1514 χερῶν
2269 1443 2431 1513 μέχρι
2461 1443 2558 1497 καὶ
2587 1445 2683 1512 τῆς
2717 1445 2923 1507 πόλεως
2957 1444 3181 1514 ἠλαυνε.
3218 1449 3327 1500 Καὶ
3356 1443 3424 1517 ἦν

1851 1534 2101 1588 ἐντεῦθεν
2136 1535 2353 1604 βλέπειν
2387 1535 2873 1605 σκευαγωγούντας
2916 1541 3038 1600 τοὺς
3074 1538 3178 1603 ἔξω
3201 1541 3294 1592 καὶ
3324 1542 3425 1592 αύ-

1851 1624 1978 1684 τοὺς
2013 1625 2078 1695 δὴ
2110 1626 2238 1689 τοὺς
2285 1626 2344 1679 ὲν
2377 1627 2590 1698 Περαίᾳ
2643 1631 3088 1700 κατῳκημένους,
3125 1632 3200 1694 ὡς
3255 1633 3425 1686 νύκτα

1853 1719 1947 1772 καὶ
1977 1720 2192 1788 ἡμέραν
2223 1719 2327 1772 ἀνὰ
2355 1720 2457 1783 τὰς
2473 1721 2578 1789 τῆς
2614 1721 2822 1786 πόλεως
2845 1720 3022 1787 πύλας
3068 1723 3424 1794 συνθλιϐομέο

1854 1825 1978 1868 νους
2003 1809 2282 1880 δυσχερῶς
2306 1811 2608 1866 διεκπαίειν
2643 1816 2842 1880 αὐτοὺς
2872 1819 2966 1870 καὶ
3009 1816 3126 1881 ζῶα
3169 1822 3424 1886 παντοῖα,

1856 1901 1952 1953 καὶ
2007 1900 2238 1964 πολλοὺς
2291 1903 2396 1956 ἀνὰ
2447 1904 2546 1967 τὰς
2582 1907 2681 1974 τῆς
2719 1907 2926 1970 πόλεως
2978 1908 3195 1964 κεῖσθαι
3248 1911 3428 1981 ῥύμας

1855 1991 2161 2060 ἀφεμένους
2196 1991 2305 2046 τῶν
2359 1991 2559 2063 ἔργων.
2602 1993 2737 2048 Τότε
2769 1998 2796 2049 ὁ
2850 1995 2951 2060 μὲν
3007 1999 3428 2068 πατριαρχεύων

1855 2083 2126 2154 ὁσημέραι
2164 2083 2262 2146 τὰς
2291 2083 2566 2148 λιτανείας
2595 2087 2746 2150 ἐντὸς
2787 2089 2884 2156 τῆς
2917 2085 3126 2152 πόλεως
3165 2091 3427 2161 ἐπεδαψι·

1854 2173 2063 2240 λεύετο,
2092 2176 2349 2246 βασιλεὺς
2384 2177 2429 2232 δ’
2463 2181 2836 2250 ὲπαμηχανῶν
2865 2183 2980 2246 τοῖς
3007 2183 3426 2254 φημιζομένοις,

1855 2269 1936 2322 ὅτι
1973 2268 2068 2321 καὶ
2096 2269 2196 2323 ούκ
2252 2269 2430 2338 ὀλίγος
2477 2271 2796 2342 ἐπέπρακτο
2851 2275 3030 2344 φόνος,
3065 2272 3146 2338 οἷς
3179 2278 3430 2350 ὑστερεῖν

1858 2453 2046 2520 utique
2077 2454 2335 2507 continuo
2369 2464 2422 2507 et
2465 2452 2634 2524 magis
2677 2471 2892 2527 semper
2927 2458 3205 2528 magisque
3248 2460 3430 2516 incre-

1856 2546 2108 2598 bescente
2132 2557 2364 2600 tumultu
2407 2554 2850 2605 concursantium
2884 2551 3089 2620 trepide
3121 2553 3172 2608 in
3216 2555 3429 2618 urbem,

1856 2636 2234 2704 Amogabarici
2282 2638 2403 2692 belli
2441 2651 2670 2705 terrore,
2711 2643 3065 2710 rusticorum,
3108 2657 3300 2715 greges
3338 2661 3429 2700 ar-

1857 2739 2150 2799 mentaque
2181 2745 2290 2800 prae
2322 2746 2378 2785 se
2403 2734 2679 2800 agentium
2704 2749 2822 2788 sua.
2850 2731 3005 2790 Unde
3029 2738 3356 2794 animalibus
3378 2750 3434 2794 et

1857 2822 2010 2889 plebe
2039 2822 2178 2890 inopi
2205 2823 2540 2890 cuncta-jam
2561 2825 2708 2878 urbis
2733 2826 2830 2878 vite
2850 2825 3062 2881 refertze
3091 2830 3430 2886 visebantur.

1857 2913 2290 2982 Minuendusque
2322 2919 2633 2969 necessario
2655 2929 2798 2970 esset
2818 2921 3028 2985 pecoris
3049 2931 3204 2975 extra
3232 2937 3431 2990 pascua

1858 3009 2252 3061 macresCentis
2280 3022 2561 3072 numerus,
2600 3009 2804 3081 ingenti
2843 3012 3140 3067 bestiarum
3180 3017 3296 3069 esui
3331 3018 3434 3069 liu-

1860 3113 2019 3152 mano
2051 3107 2296 3170 aptarmn
2333 3100 2674 3154 multitudine
2710 3102 2760 3154 in
2785 3103 3022 3158 macellis
3049 3105 3292 3174 quotidie
3319 3125 3433 3162 ma-

1859 3193 2075 3244 ctanda.
2111 3189 2181 3242 At
2221 3189 2403 3243 Abbas
2444 3190 2629 3245 multis
2665 3192 2853 3247 diebus
2887 3195 3025 3263 apud
3065 3193 3435 3262 Amogabaros

1857 3282 2145 3334 commissa
2176 3281 2458 3335 tractando
2491 3293 2754 3349 moratus,
2795 3287 2937 3353 quod
2973 3300 3058 3338 res
3092 3285 3310 3354 quidem
3351 3297 3435 3340 at-

1858 3371 2445 3428 titn'retGenuensium
2483 3388 2727 3438 suorum,
2756 3390 2860 3428 non
2903 3375 3022 3429 sine
3051 3390 3228 3442 Operae
3265 3378 3436 3444 pretio

1859 3464 2040 3527 rediit,
2082 3467 2147 3518 de
2177 3477 2313 3533 pace
2353 3478 2531 3517 autem
2565 3479 2686 3518 cum
2731 3461 2994 3521 [tertianis
3034 3465 3168 3521 nihil
3215 3485 3436 3537 prorsus

1859 3557 2190 3627 impetravit,
2226 3555 2391 3610 multa
2429 3557 2672 3626 improba
2699 3564 2752 3610 et
2777 3554 3081 3611 facultatem
3109 3561 3436 3626 modumque

1854 3666 2069 3706 onmem
2131 3649 2446 3704 excedentia
2500 3648 2779 3720 ﬂagitante
2822 3634 3159 3704 Romol’orto.
3211 3650 3437 3705 Petebat

1855 3745 1999 3798 enim
2028 3755 2084 3797 ut
2103 3759 2171 3797 ex
2194 3759 2250 3797 se
2277 3757 2339 3797 ac
2369 3742 2508 3805 suis,
2539 3742 2854 3813 priusquam
2878 3759 2906 3796 e
2935 3742 3070 3797 locis
3101 3742 3436 3811 emigrarent

1857 3854 1978 3908 qua:
2017 3846 2284 3897 tenerent,
2315 3845 2600 3890 numerata
2636 3835 2859 3906 pecunia
2896 3836 3192 3906 imperator
3214 3838 3435 3907 oppida,

1858 3931 2043 3994 urbes,
2063 3944 2218 3984 arces
2236 3930 2497 3998 singulas,
2521 3936 2894 3998 pratereaque
2922 3936 3179 3997 quotquot
3207 3926 3439 3985 Roniani

1858 4023 2072 4094 generis
2103 4022 2346 4093 captivos
2377 4021 2431 4076 in
2463 4018 2728 4076 custodiis
2769 4028 3073 4086 servarent,
3121 4021 3433 4076 redimeret.

1855 4117 2092 4175 Jubebat
2132 4116 2264 4172 item
2303 4113 2456 4171 reddi
2479 4115 2544 4167 ad
2578 4129 2830 4169 exactum
2863 4113 3125 4168 militibus
3171 4114 3438 4184 stipendia

1857 4221 2054 4270 cuncta
2080 4222 2228 4266 retro
2255 4209 2457 4265 debita.
2487 4205 2550 4261 Ni
2575 4207 2691 4262 haec
2723 4204 2940 4273 ﬁerent,
2971 4205 3328 4260 denuntiabat
3355 4220 3434 4270 se,

1859 4315 2054 4377 praeter
2075 4317 2209 4374 quas
2227 4301 2338 4373 iam
2371 4307 2734 4370 occupassent
2758 4298 2918 4354 urbes
2939 4307 2993 4354 et
3021 4313 3201 4364 arces,
3229 4298 3437 4368 reliqua

1859 4397 2064 4468 pariter
2093 4394 2212 4449 loca
2241 4391 2588 4457 subacturos,
2621 4404 2798 4460 neque
2833 4389 2999 4444 ullum
3029 4390 3349 4444 hostilitatis
3383 4391 3437 4444 in

1859 4492 2137 4546 Romanos
2164 4483 2479 4540 exercendas
2498 4483 2804 4537 omissuros
2826 4497 3019 4551 genus,
3046 4492 3211 4551 atque
3235 4481 3286 4534 in
3318 4481 3439 4538 istis

209 4588 479 4631 exuetuum
527 4579 604 4630 uti
634 4575 900 4632 hactenus
941 4575 1267 4643 exhibendo,
1302 4575 1376 4630 illi
1432 4576 1575 4630 haud
1615 4589 1752 4628 cun-
1785 4590 1830 4645 ο
1860 4577 2140 4654 proposito
2174 4585 2229 4630 et
2262 4585 2459 4630 conatu
2494 4573 2728 4629 bellandi
2775 4589 2838 4627 ac
2868 4572 3146 4642 prazliandi
3181 4587 3438 4641 perseve¢

211 4677 394 4723 ctanter
425 4667 585 4740 625
625 4668 730 4723 sibi
761 4668 982 4738 suisque
1010 4667 1281 4736 capitibus
1321 4667 1595 4721 horrenda
1621 4674 1754 4721 sunt

215 4759 484 4828 itnprecati,
515 4763 560 4816 si
593 4775 754 4816 secus
801 4763 1062 4816 facerent.
1103 4761 1237 4815 Tum
1267 4763 1482 4815 demum
1519 4759 1755 4828 impera-

216 4861 286 4905 tor
326 4857 647 4922 procinctum
695 4855 804 4925 jam
865 4857 932 4910 ad
991 4855 1095 4908 iter
1146 4869 1334 4909 versus
1383 4853 1754 4922 Amogabaros

215 4943 520 5003 Genuensem
554 4946 762 5002 Abh-am
795 4962 952 5002 suum
987 4961 1206 5016 quoque
1239 4946 1304 5000 ad
1335 4944 1553 5000 eosdem
1605 4946 1752 5014 lega-

218 5041 312 5086 tum
343 5035 559 5091 instituit
593 5075 610 5103 ,
649 5039 783 5092 dans
807 5037 862 5090 in
895 5038 1164 5090 mandatis
1198 5046 1254 5089 ut
1284 5051 1469 5089 eorum
1505 5035 1756 5105 primori-

219 5120 302 5176 bus
337 5139 362 5176 α
409 5142 462 5182 se
506 5128 730 5183 olTerret
776 5129 1031 5196 pecunias
1080 5127 1358 5196 plurimas,
1410 5127 1642 5180 honores
1701 5133 1756 5178 et

221 5215 526 5280 puelevturas
546 5221 808 5283 illustres,
831 5221 1118 5274 aliinitates
1143 5219 1271 5288 quin
1304 5219 1486 5283 etiam,
1518 5229 1570 5272 et
1602 5217 1756 5286 quiil-

221 5309 328 5375 quid
355 5326 379 5363 a
405 5328 461 5368 se
483 5323 676 5384 optare
711 5314 1008 5367 maximum
1043 5321 1284 5382 possent,
1328 5312 1373 5366 si
1413 5328 1636 5364 suorum
1659 5326 1755 5365 eos

222 5400 296 5464 qui
322 5403 502 5459 vellent
529 5405 847 5474 imperatori
883 5405 1136 5469 militare,
1164 5411 1221 5456 ut
1244 5405 1414 5474 prius,
1442 5405 1755 5458 constitutae

225 5495 440 5555 pactione
487 5498 756 5552 mercedis
808 5497 860 5551 id
905 5497 1076 5552 libere
1128 5497 1374 5550 sinerent
1417 5497 1620 5551 facere.
1660 5495 1755 5550 llis

209 5581 363 5670 ‘Ablire
393 5592 778 5646 commendatis
815 5606 937 5645 eum
991 5590 1232 5645 dimittit.
1281 5588 1614 5658 lnterinique
1651 5589 1753 5643 sibi

223 5678 420 5737 ‘Ilmdam
442 5681 847 5750 exspectatione
866 5695 1152 5736 successus
1168 5695 1234 5733 ex
1252 5695 1316 5734 eo
1340 5689 1572 5735 tractatu
1595 5694 1754 5748 pros-

225 5765 320 5830 peri
344 5767 607 5830 blandiens
630 5775 683 5829 in
714 5774 1033 5845 quibusdam
1064 5774 1217 5843 quasi
1242 5788 1494 5827 curarum
1524 5773 1754 5830 induciis

225 5857 457 5930 Paulisper
478 5866 765 5938 acquievit,
796 5879 904 5924 non
938 5872 1119 5923 tamen
1141 5866 1374 5938 placide,
1406 5865 1754 5938 obstrepente

1860 4685 2076 4731 raturos
2117 4669 2184 4724 ad
2229 4677 2537 4722 extremum
2583 4665 3038 4721 irrevocabiliter.
3087 4663 3298 4720 Similia
3347 4681 3437 4720 re-

1857 4764 2072 4836 spondit
2094 4761 2329 4832 Madyto,
2355 4759 2440 4814 ubi
2464 4769 2603 4823 erat,
2633 4759 2774 4812 alius
2793 4761 2899 4813 dux
2931 4755 3242 4812 Latinorum
3272 4757 3440 4830 626

1856 4857 2146 4914 Pharenda
2165 4853 2400 4918 Tzimes,
2426 4866 2694 4906 escusans
2719 4865 2815 4920 per
2838 4849 3060 4904 missum
3087 4851 3338 4918 privatim
3370 4857 3438 4904 ad

1859 4956 2242 5022 imperatorem
2274 4962 2354 5012 se,
2393 4944 2439 5000 si
2480 4942 2665 4998 mitius
2689 4953 2851 5013 quam
2893 4941 3238 4998 ltomofortus
3277 4958 3440 5011 agere

1857 5059 1981 5099 cum
2025 5037 2286 5097 Romanis
2322 5036 2505 5104 vellet,
2542 5045 2904 5105 praeterquam
2937 5035 2990 5088 in
3017 5049 3139 5089 sese
3168 5037 3438 5105 potentio-

1860 5151 1974 5192 rem
2006 5133 2330 5198 concitaret,
2358 5132 2524 5188 etiam
2553 5129 2686 5184 nihil
2718 5131 2771 5184 in
2800 5145 3010 5184 summa
3042 5128 3437 5200 profecturum,

1857 5227 2115 5298 quoniam
2160 5240 2280 5295 quae
2329 5223 2645 5278 Romolorto
2682 5221 2912 5292 prepria:
2947 5223 3209 5291 parebant
3243 5220 3437 5289 copia,

1859 5322 2058 5392 triplici
2081 5333 2279 5390 genere
2295 5325 2630 5380 constantes,
2651 5315 2954 5369 'l‘urcorum
2972 5313 3438 5384 Amogabarorum

1857 5424 1912 5471 et
1947 5413 2346 5481 transfugarum
2385 5409 2440 5463 in
2489 5409 2609 5477 ejus
2640 5420 2818 5462 castra
2855 5423 2920 5462 ex
2967 5405 3229 5463 Orientali
3262 5405 3441 5460 conti-

1861 5514 2022 5560 nente
2047 5506 2436 5567 Romanorum,
2461 5502 2550 5570 qui
2575 5510 2796 5556 tonsura
2820 5499 3141 5570 capillorum
3167 5509 3221 5552 et
3249 5510 3443 5552 rasora

1858 5596 2042 5651 barbae
2083 5608 2203 5649 sese
2237 5593 2592 5664 Amogabaris
2635 5592 2838 5648 similes
2877 5591 3140 5657 fecerant,
3185 5599 3243 5643 ut
3279 5603 3343 5644 ex
3375 5603 3442 5644 ea

1858 5703 1981 5744 esse
2013 5695 2172 5758 gente
2208 5685 2548 5750 viderentur,
2587 5686 2724 5748 istas,
2768 5685 3012 5752 inquam,
3068 5685 3204 5736 adeo
3250 5697 3443 5735 nume-

1811 5854 1814 5858 ί
1861 5796 1998 5836 rom
2022 5796 2084 5836 ac
2109 5779 2281 5835 fortes
2312 5779 2502 5848 copia},
2537 5778 2772 5841 abunde,
2813 5792 2874 5830 se
2905 5774 3306 5845 quantumlibet
3328 5789 3436 5828 ces-

1858 5881 2035 5940 sante,
2060 5869 2374 5928 sull'ecturaa
2401 5867 2580 5926 forent
2612 5870 2681 5924 ad
2709 5866 2907 5924 bellum
2936 5877 3092 5924 atrox
3119 5866 3175 5921 in
3199 5865 3442 5938 impera-
