3738 6552
402 356 504 422 C87

1589 353 1918 419 GEORGII
1957 353 2442 416 ΡΑΕΗΥΜΕΒᾹΞ

3503 368 3580 431 (38.3

402 473 688 525 συνέϐαινε
739 467 849 522 τῶν
887 467 981 522 ἐπὶ
1018 468 1116 538 τῆς
1167 466 1378 530 πόλεως
1430 467 1702 524 ἅπτεσθαι
1738 468 1833 537 (αἱ
1867 467 1977 538 γὰρ
2012 476 2053 533 Α
2083 470 2589 539 ἀναγκαζομένους,
2627 468 2714 542 [Ρ.
2749 466 2876 540 457]
2920 468 3040 521 ἐπ;ί
3071 486 3191 521 ποτε
3216 472 3302 522 καὶ
3326 474 3446 536 ἐντδς
3479 492 3581 539 εκεῖ.

399 563 662 632 δυνάμεις
688 561 1096 615 ἐπιλελοίπασιν
1117 561 1157 630 ),
1184 560 1216 631 ἢ
1246 562 1364 632 Θεῷ
1402 565 1502 631 τὴν
1533 561 1690 631 δίκην
1725 560 1980 615 ἀνατιθέ-

401 673 491 709 ναι
529 655 622 708 καὶ
668 653 799 724 παρ’
853 653 1062 706 ἐκείνου
1102 652 1288 722 ζητεῖν
1342 654 1444 724 τὴν
1477 671 1572 706 του
1604 653 1978 724 ἐκκεχυμένον

401 749 606 809 ἀδίκως
634 747 912 815 ἐκδίκησιν
938 747 1172 815 αἵματος
1197 748 1346 816 ὅμως
1385 747 1442 800 δὲ
1469 747 1564 800 καὶ
1592 747 1662 800 τὰ
1681 746 1886 799 δυνατά
1930 746 1980 798 οἱ

406 842 544 912 πρὸς
578 839 638 893 τὸ
665 837 951 909 παρεστὼς
975 839 1076 890 οὐκ
1102 838 1298 908 ἡμέλει
1331 841 1527 892 ποιεῖν.
1553 838 1644 907 Τῷ
1663 838 1771 909 γὰρ
1803 836 1983 906 Δούκᾳ

403 935 499 986 καὶ
531 932 752 1002 μεγάλῳ
807 931 1164 1002 ἐταιρειὰρχῃ
1216 929 1275 994 ἐξ
1307 929 1624 1000 ἀξιώματος
1659 929 1983 999 συχνότερον

409 1025 644 1094 πέμπων
673 1023 987 1088 ἐπέσκηπτε
1019 1021 1141 1075 κατ’
1173 1021 1319 1091 ίχνος
1355 1022 1540 1092 ἠρέμα
1565 1024 1679 1084 τοῖς
1709 1021 1982 1090 ἀλάστορ-

408 1136 492 1173 σιν
539 1117 794 1182 Ξπεσθαι,
833 1118 956 1170 ἐπεὶ
1013 1117 1074 1168 οὐ
1133 1115 1336 1168 δυνατὰ
1369 1113 1438 1186 ἦν
1487 1116 1632 1176 κατὰ
1663 1103 1982 1184 ’πρόσωπον

405 1212 568 1264 παντὶ
601 1199 677 1279 τῷ
715 1211 1023 1278 συστήματι
1052 1207 1490 1261 ἀντιτάττεσθαι.
1523 1207 1691 1260 Ὅθεν
1719 1207 1812 1260 καὶ
1828 1201 1984 1271 οὗτος

409 1303 508 1372 μὲν
561 1302 853 1372 ἐμπίπτων
912 1300 1176 1363 πολλάκις
1217 1301 1276 1363 ἐξ
1324 1299 1565 1366 ἀφανοῦς
1595 1300 1654 1352 τὸ
1709 1299 1984 1371 οὐραγοῦν

405 1393 662 1464 ἐζημίου,
695 1395 758 1446 ἐκ
789 1392 846 1446 δέ
877 1391 1221 1462 Τζουρουλοῦ
1249 1393 1299 1444 οί
1325 1393 1474 1455 ἐντὸς
1495 1391 1984 1462 ἀναθαρσήσαντες

402 1489 806 1558 ἀνδρικώτερον
845 1487 1248 1560 προσὸἀλλουσι
1316 1484 1614 1558 Ῥαιδεστῷ
1665 1485 1759 1538 καὶ
1796 1484 1985 1549 κακῶς

403 1581 532 1644 τοὺς
563 1582 678 1633 ἐκεῖ
716 1579 909 1651 δρῶσι,
944 1581 1078 1651 πρὸς
1107 1579 1185 1648 τῷ
1212 1579 1305 1632 καὶ
1333 1577 1486 1632 λείαν
1511 1578 1706 1648 ἱκανὴν
1745 1577 1984 1647 περιδα-

399 1673 613 1727 λέσθαι.
678 1675 744 1726 ὐ
780 1673 845 1743 δὴ
885 1675 981 1739 καὶ
1030 1672 1257 1744 γεγονὸς
1311 1671 1492 1740 δῆλον,
1543 1670 1620 1734 ὠς
1645 1669 1837 1738 ἔδειξε,
1871 1673 1986 1734 τοῖς

398 1765 634 1838 ἐχθροῖς,
665 1767 734 1838 ζοί
796 1765 855 1819 δέ
884 1765 1018 1837 πρὸς
1063 1766 1126 1818 τὸ
1157 1765 1322 1834 τυχὸν
1353 1762 1611 1824 λαϐόντες
1644 1763 1982 1818 ὀπισθόπουν

2088 579 2168 615 νοι
2213 562 2469 620 λαθόντες
2534 563 2816 628 ἐγένοντο,
2870 562 2918 613 εί
2977 562 3072 613 καὶ
3119 559 3270 640 αθθις
3315 566 3580 640 φοϐηθέντες

2088 654 2343 726 ἐξῄεσαν,
2391 656 2489 725 οὐχ
2539 654 2714 708 ἱκανοὶ
2746 655 2807 707 τὸ
2859 653 3062 736 πλῆθος
3114 637 3263 718 ὄντες
3309 661 3519 731 κατέχειν
3539 637 3583 722 τί)

2089 747 2373 818 φρούριον,
2406 747 2740 800 καταϐολαῖε
2765 747 3124 818 τεταγμένων
3167 747 3329 801 τελῶν
3350 753 3434 815 τὰς
3467 772 3585 811 σπον-

2087 841 2182 904 δὰς
2213 840 2489 895 ὠνεῖσθαι.
2523 841 2647 900 Τοῖς
2687 839 2745 894 δέ
2776 841 3038 893 καὶκατὰ
3073 839 3168 908 τὴν
3199 840 3409 908 Μηλίαν
3436 860 3587 917 τραχυ.

2089 932 2333 1002 νομένοις
2377 932 2473 984 καὶ
2507 930 2722 994 πολλοῖς
2745 932 2804 982 ἐν
2830 929 2979 998 αὐτῴ
3005 930 3234 982 συστᾶσι
3260 932 3319 982 τὸ
3335 933 3437 984 ἐκεῖ
3468 937 3590 1006 μάχι.

2091 1041 2190 1092 μον
2225 1022 2493 1091 ἐμπίπτει
2529 1021 2624 1074 καὶ
2647 1023 2740 1074 ἐπὶ
2764 1020 2857 1074 τοῦ
2884 1021 3300 1090 προτερήματος
3329 1022 3522 1090 γίνεται,
3538 1027 3590 1090 ὡς

3693 697 3703 762 ι

2089 1117 2188 1186 τῆς
2220 1113 2388 1183 αὐτῆς
2447 1114 2634 1184 σχεδὸν
2665 1113 2885 1183 ἡμέρας
2916 1112 3107 1181 φήμας
3157 1109 3359 1178 ἀγαθὰς
3391 1113 3468 1166 τὸν
3488 1133 3591 1184 κρα.

2086 1208 2285 1264 τοῦντα
2312 1208 2408 1261 καὶ
2436 1206 2832 1277 ἀμφοτέρωθεν
2881 1204 3160 1270 δέξασθαι.
3194 1205 3370 1271 Ἔδοξε
3397 1203 3446 1258 δέ
3464 1209 3592 1261 ταῦτα

2088 1301 2196 1356 τῶν
2237 1301 2445 1372 συχνῶν
2471 1301 2699 1354 ἐκείνων
2728 1300 3016 1356 λιτανειῶν
3036 1297 3133 1352 τοῦ
3164 1297 3592 1368 πατριαρχεὺοντος

2089 1397 2392 1465 κὰρπωμα,
2424 1395 2521 1447 καὶ
2544 1389 2612 1466 ἦν
2645 1391 2900 1448 ἐντεῦθεν
2942 1395 3054 1455 τοῖς
3093 1391 3420 1461 γεωργοῦσιν
3441 1392 3594 1459 ἐξιέναι

2088 1488 2232 1542 κατὰ
2260 1488 2470 1558 σπορὰν
2495 1465 2606 1540 τῶν
2639 1483 2962 1556 καρπίμων,
2992 1485 3040 1537 εί
3064 1485 3160 1538 καὶ
3191 1479 3345 1546 αὖθις
3372 1483 3500 1536 ἐνθεν
3526 1488 3596 1555 μὲν
3691 1465 3698 1520 ί

2089 1579 2123 1648 ἡ
2153 1578 2262 1630 τῶν
2287 1577 2499 1648 ἐχθρῶν
2526 1577 2831 1646 προσδοκία
2849 1577 2946 1630 καὶ
2973 1577 3002 1630 ὁ
3031 1575 3247 1630 ἐκεῖθεν
3277 1574 3446 1643 φόὸος,
3464 1577 3596 1629 ἐντεῦ-
3693 1559 3696 1584 ³

2087 1671 2180 1726 θεν
2208 1671 2265 1725 δέ
2288 1673 2382 1726 καὶ
2418 1673 2478 1724 τὸ
2509 1669 2858 1726 κεκωλῦσθαι
2903 1668 3153 1739 σπείρειν
3176 1710 3192 1736 ,
3233 1667 3370 1722 οὕτω
3396 1670 3479 1738 τῆς
3508 1671 3600 1740 περὶ
3695 1741 3709 1750 ν

2089 1766 2182 1818 τὸν
2208 1765 2434 1834 βασιλέα
2467 1763 2848 1834 δοκιμασάσης
2882 1762 3085 1834 βουλῆς
3104 1761 3180 1826 ὡς
3213 1760 3288 1834 μὴ
3305 1763 3409 1824 τοῖς
3438 1761 3599 1832 ἐχθροῖς

398 1824 761 1929 τίν-πορείαν
789 1824 1108 1930 πεποίηντο.
1141 1824 1364 1929 ΟὐΙμὴν
1394 1856 1440 1910 δ’
1471 1855 1610 1910 ἀλλὰ
1643 1853 1756 1909 οὐδ’
1778 1855 1828 1910 οί
1850 1854 1980 1909 καθ’
2009 1824 2059 1892 Β
2083 1860 2142 1922 ἐς
2193 1824 2371 1913 νέωτα
2427 1824 2699 1927 σπείρειν,
2747 1824 3110 1925 ἀριστοτίρας
3161 1824 3595 1922 τάς-ὁρμὰξσσών

402 1949 480 2004 ἐω
512 1954 616 2022 τῆς
641 1953 876 2022 περαίας
903 1951 1136 2020 Τοῦρκοι
1157 1948 1341 2013 καλῶς
1378 1947 1812 2019 ἀπηλλάττοντο,
1842 1946 1982 2002 ἀλλὰ

405 2044 671 2108 πολλάκις
699 2043 1075 2116 προσέϐαλλον
1125 2043 1222 2098 καὶ
1267 2041 1496 2104 πολλοὺς
1523 2039 1713 2104 κακῶς
1765 2039 1986 2095 ἐποίουν

404 2138 485 2204 είς
510 2139 782 2211 τρυγητὸν
826 2137 1093 2205 ἐξιόντας.
1139 2135 1282 2192 ὥστε
1313 2135 1413 2191 καὶ
1461 2135 1590 2200 τοὺς
1629 2135 1688 2190 ἐν
1712 2135 1792 2206 τῷ
1831 2131 1987 2206 Ἱερῷ

407 2323 583 2370 torem
622 2313 1077 2370 continuandum.
1125 2311 1360 2368 Vixdum
1397 2327 1462 2370 ea
1505 2311 1683 2368 tristia
1725 2326 1988 2384 responsa

406 2409 578 2462 redux
617 2407 799 2462 Abbas
826 2407 1070 2476 Augusto
1109 2407 1439 2472 reddiderat,
1470 2421 1594 2461 cuin
1623 2405 1787 2460 duces
1823 2409 1988 2460 Amo-

404 2500 734 2567 gabarorum
764 2500 1019 2556 ordinato
1060 2500 1309 2554 exercitu
1343 2499 1451 2554 iter
1482 2507 1628 2554 recta
1669 2497 1988 2555 Constanti-

405 2579 663 2661 nopolim.
706 2591 1170 2663 pronuntiarunt,
1219 2601 1720 2662 processeruntque
1778 2591 1986 2654 statim,

404 2673 724 2734 instructam
775 2691 1155 2750 promoventes
1189 2682 1360 2736 aciem
1401 2679 1565 2736 solito
1622 2680 1878 2736 lituorum
1934 2691 1990 2736 et

402 2785 668 2826 cornuum
706 2780 887 2826 cantu.
935 2761 1101 2825 Fama
1146 2771 1264 2841 ejus
1309 2769 1670 2840 eXpeditionis
1712 2779 1989 2825 momento

406 2877 622 2930 sparsi,
667 2863 850 2915 videre
868 2863 1066 2931 passim
1092 2871 1216 2917 erat
1243 2869 1514 2932 quotquot
1534 2862 1805 2931 degebant
1832 2871 1989 2915 extra

405 2954 594 3006 urbem
645 2935 992 3008 festinatione
1038 2954 1274 3006 maxima
1322 2968 1450 3026 vasa
1503 2953 1782 3022 colligere,
1834 2968 1990 3008 cum-

405 3064 510 3115 que
534 3049 647 3100 suis
669 3061 912 3115 quosque
950 3047 1184 3100 sarcinis
1212 3046 1431 3100 trudere
1453 3061 1510 3099 se
1539 3045 1591 3098 in
1623 3054 1810 3115 portas
1835 3045 1987 3100 urbis

407 3156 558 3218 a-gre.
599 3141 817 3202 turbam,
865 3147 1334 3208 consternatorum
1373 3138 1426 3192 in
1479 3137 1658 3205 fugam
1693 3137 1981 3206 capientis.

403 3231 560 3288 Unde
587 3243 641 3287 et
677 3232 900 3299 trajeeto
946 3231 1100 3285 multi
1134 3228 1294 3298 freto,
1346 3230 1547 3299 aliique
1581 3244 1754 3298 neque
1805 3230 1855 3282 in
1885 3229 1983 3282 ad-

409 3339 569 3378 versa
613 3339 672 3377 se
718 3335 863 3376 tutos
910 3323 1224 3396 continente
1273 3321 1399 3386 rati,
1446 3309 1651 3374 aditum
1707 3321 1988 3373 tentabant

409 3419 552 3472 intra
608 3397 796 3486 muros
830 3415 1048 3496 Persem,
1083 3432 1180 3472 sua
1229 3430 1445 3488 quoque
1490 3429 1600 3484 pra:
1657 3429 1715 3468 se
1763 3423 1988 3483 agentes

408 3509 685 3572 animalia,
721 3499 796 3562 ac
828 3511 994 3562 dense
1030 3507 1188 3561 simul
1228 3521 1350 3560 cum
1389 3507 1454 3560 iis
1499 3506 1784 3560 confertim
1826 3521 1988 3574 pene-

407 3581 1001 3664 trabant.‘Strata’que
1033 3595 1396 3664 cernebantur
1434 3595 1532 3646 via:
1587 3593 1786 3661 passim
1838 3591 1986 3645 urbis

411 3708 471 3745 ac
503 3691 692 3768 platea:
725 3691 902 3744 otiosa
927 3689 1225 3758 jacentium
1260 3684 1609 3740 multitudine
1633 3685 1984 3748 rusticorum,

407 3765 738 3839 intermissis
794 3782 910 3851 agri
978 3780 1237 3852 operibus
1289 3779 1431 3833 male
1491 3776 1601 3832 illic
1649 3776 1983 3832 feriantium.

406 3877 504 3932 llis
539 3875 698 3929 malis
751 3873 1068 3950 patriarcha
1102 3887 1209 3944 non
1259 3871 1404 3950 aliud
1457 3885 1620 3941 quam
1668 3879 1985 3924 consuetum

408 3959 510 4038 ipsi
568 3957 863 4048 remedium
924 3947 1221 4020 adhibebat
1267 3947 1502 4034 suarum,
1536 3963 1871 4038 litaniarum,
1919 3962 1988 4017 iis

407 4073 534 4114 tune
561 4057 853 4116 instantius
884 4057 1129 4128 quotidie
1164 4057 1308 4110 intra
1333 4057 1532 4128 urbem
1552 4053 1984 4123 frequentandis.

405 4138 705 4232 imperator
749 4161 930 4232 autem
981 4151 1326 4204 exanimatus
1378 4148 1512 4202 diris
1569 4147 1774 4226 nuntiis
1826 4148 1984 4226 (nam

403 4222 585 4299 caedes
619 4220 797 4298 obiter
829 4241 954 4296 fera:
986 4241 1311 4316 crebraeque,
1340 4240 1409 4294 ab
1436 4220 1794 4316 Amogabaris
1828 4220 1986 4293 facta:

408 4336 872 4398 memorabantur,
926 4347 1030 4386 una
1074 4313 1161 4408 his
1213 4313 1682 4404 consolatiuncula
1731 4331 1983 4395 admista,

407 4413 550 4496 quod
583 4427 650 4482 iis
692 4440 762 4480 ne
787 4423 1133 4498 pervenirent
1167 4420 1718 4500 Constantinopolim,
1750 4437 1858 4492 quo
1884 4423 1987 4477 iter

2089 1949 2288 2016 ἐποίει,
2320 1949 2415 2003 καὶ
2440 1949 2544 2002 οὐκ
2576 1936 2933 2019 ἁπέεθάρῥουν
2975 1943 3290 2016 τούμφανὲς
3321 1944 3414 2013 τὴν
3449 1943 3602 2008 ἐξέλευ·

2089 2060 2194 2096 σιν.
2229 2043 2330 2096 Διὰ
2369 2039 2547 2095 ταῦτα
2577 2040 2677 2094 καὶ
2728 2039 2798 2093 τὰ
2829 2036 2926 2092 τοῦ
2956 2037 3156 2108 ἀρότου
3207 2036 3606 2108 ὴπράκτουν,καὶ

2084 2135 2242 2206 λιμὸς
2274 2135 2302 2187 ὁ
2363 2131 2668 2204 βαρύτατος
2727 2130 3014 2202 ἠπειλεῐτο
3065 2131 3181 2195 τοῖς
3219 2128 3604 2200 ήμετέροις,κᾶν

2089 2325 2218 2367 rans
2289 2305 2592 2379 improviso
2647 2305 2944 2361 identidem
3000 2301 3265 2372 carpebat
3327 2313 3602 2372 postremum

2088 2418 2286 2476 agmen
2316 2417 2380 2458 ex
2417 2410 2531 2455 tuto
2571 2401 2823 2465 irruens;
2859 2413 2966 2470 qua
2992 2398 3204 2453 ratione
3229 2410 3370 2467 saepe
3392 2395 3458 2450 illi
3481 2398 3610 2454 conti-

3695 2017 3704 2028 ρ

3691 2037 3700 2092 i

3693 2093 3713 2124 ξς

3689 2171 3713 2324 γ

2087 2469 2164 2566 git
2198 2509 2302 2548 non
2331 2491 2541 2547 modica
2569 2488 2772 2545 inferre
2801 2469 3159 2559 Aniogaharis
3184 2487 3398 2541 damna.
3426 2485 3520 2539 Sub
3539 2483 3611 2539 hoc
3695 2469 3715 2492 ³

2091 2595 2299 2654 tempus
2327 2582 2418 2655 qni
2455 2583 2598 2636 intra
2629 2579 2925 2638 Tzurulum
2951 2589 3130 2642 erant,
3170 2593 3237 2633 ex
3273 2590 3474 2630 recessu
3498 2589 3610 2632 εδει·
3695 2631 3703 2658 ε

2089 2681 2231 2736 citus
2263 2675 2640 2748 Autogabarici
2671 2684 2882 2744 sumpta
2915 2672 3136 2736 ﬁducia,
3170 2669 3300 2725 forti
3329 2677 3612 2738 erumpentes
3695 2660 3717 2692 "1

2091 2787 2253 2826 manu
2295 2769 2643 2825 lihtedestum
2682 2782 2858 2836 nuper
2892 2767 2960 2820 ab
2996 2767 3152 2821 hoste
3179 2771 3490 2831 occupatum
3516 2760 3612 2812 ado-

2093 2865 2326 2928 riuntur,
2367 2872 2423 2916 et
2456 2863 2642 2916 castro
2681 2859 2839 2930 potiti
2882 2867 3128 2929 repertos
3156 2856 3274 2911 illic
3305 2854 3439 2910 male
3467 2851 3613 2905 multa.
3701 2855 3704 2860 '

2092 2970 2245 3021 runt,
2277 2957 2420 3010 haud
2451 2969 2632 3024 parvae
2659 2962 2925 3022 praeterea
2949 2959 3235 3021 compotes
3270 2947 3474 3016 praedae,
3497 2959 3612 3014 quam
3699 2941 3706 2986 ἑ

2092 3050 2279 3104 hostes
2323 3064 2388 3103 ex
2419 3056 2578 3118 rapto
2625 3055 3033 3117 congesserant.
3071 3044 3127 3100 Id
3160 3043 3468 3106 nuntiatum
3503 3054 3616 3093 εχει·

2090 3141 2220 3196 citui
2263 3154 2452 3196 versus
2487 3139 2698 3208 urbem,
2742 3149 2802 3193 ut
2840 3139 3048 3194 dictum
3081 3143 3186 3203 est,
3219 3137 3371 3190 eunti
3403 3133 3508 3188 novi
3531 3131 3618 3200 ejus

2091 3235 2320 3288 ducibus
2353 3231 2568 3300 consilii
2614 3231 2960 3287 occasionem
2987 3231 3168 3285 dedit:
3199 3238 3350 3284 retro
3374 3227 3616 3280 cedendum

2089 3328 2231 3381 enim
2282 3335 2631 3394 putaverunt,
2672 3323 3148 3394 diﬂ‘erendamque
3194 3322 3252 3375 in
3285 3331 3485 3388 tempus
3511 3313 3620 3368 aliud

2088 3401 2546 3486 Oppugnatiouem
2583 3416 2755 3471 urbis.
2789 3415 3012 3472 Interim
3050 3428 3150 3470 nec
3172 3413 3272 3482 qui
3307 3411 3619 3465 continentem

2089 3506 2425 3562 Orientalem
2458 3505 2658 3560 dudum
2689 3505 3021 3563 infestabant
3063 3504 3236 3570 Turci
3257 3504 3364 3555 vim
3398 3496 3622 3554 crudelem

2090 3599 2458 3664 remittebant,
2487 3599 2582 3653 sed
2613 3597 2794 3652 multis
2816 3612 2959 3652 nunc
2983 3596 3353 3653 cummaxime
3379 3589 3624 3646 assultibus

2090 3693 2370 3747 tentabant
2398 3706 2575 3754 arces,
2598 3690 2910 3760 multosque
2938 3689 3218 3744 caedebant
3246 3690 3315 3742 ad
3347 3684 3622 3739 vindemiam
3697 3684 3708 3760 ξ

2089 3786 2396 3840 necessario
2414 3800 2479 3840 ex
2503 3784 2726 3839 urbibus
2745 3785 3093 3852 prodeuntes.
3117 3781 3310 3851 Itaque
3327 3781 3415 3850 qui
3432 3789 3623 3838 castrum

2089 3877 2294 3932 dictum
2326 3877 2546 3932 llierum
2583 3876 2756 3930 nostri
2795 3875 3076 3938 tenebant,
3107 3871 3285 3934 coacti
3319 3880 3449 3932 sunt.
3477 3881 3623 3938 pacein
3701 3867 3721 3920 ί

2089 3969 2271 4025 facere
2321 3985 2444 4024 cum
2497 3971 2749 4024 barbaris
2806 3969 2994 4024 tributi
3048 3965 3319 4037 pendendi
3386 3963 3624 4035 pactione.

2088 4063 2297 4132 Quippe
2325 4061 2490 4115 Turci
2515 4062 2657 4128 clam
2687 4061 2857 4130 semel
2889 4061 2942 4115 in
2981 4049 3098 4114 eam
3137 4073 3323 4113 arcem
3355 4066 3627 4126 penetrare

2091 4165 2234 4232 rant,
2267 4169 2374 4234 non
2415 4162 2598 4220 tamen
2637 4152 2830 4208 idoneo
2866 4167 3092 4226 numero
3129 4151 3197 4206 ad
3233 4166 3354 4206 eam
3380 4133 3626 4216 occupan-

2089 4247 2250 4316 dam;
2295 4245 2437 4300 unde
2489 4246 2662 4300 territi
2719 4243 3039 4300 retulerunt.
3073 4244 3288 4312 pedem.
3328 4239 3516 4295 Verum
3551 4239 3626 4290 hoc

2088 4347 2285 4391 eventu
2323 4337 2616 4392 llierenses
2647 4335 2908 4394 admoniti
2935 4337 3077 4392 etde
3115 4334 3400 4398 voluntate
3434 4329 3629 4384 hostium

2090 4413 2237 4498 ipsos
2286 4427 2575 4482 invadendi
2621 4437 2678 4481 et
2708 4425 2778 4481 de
2813 4439 2910 4480 sua
2959 4423 3149 4495 impari
3179 4423 3263 4478 eis
3309 4419 3628 4493 repellendis,

409 4517 776 4598 intenderant,
819 4513 1020 4583 aliquid
1061 4512 1348 4582 obstitit):
1385 4511 1493 4577 his,
1539 4513 1757 4590 inquam
1785 4511 1985 4568 attonl-
2016 4542 2062 4598 υ
2091 4520 2180 4573 ubi
2205 4517 2394 4588 majori
2429 4515 2775 4571 multitudine
2802 4513 3383 4583 redissent,poteutia,
3405 4512 3630 4580 Optimqu

412 4597 496 4686 ius
525 4609 822 4676 imperator
852 4605 1065 4661 indiciis
1111 4605 1232 4660 aliis
1271 4619 1434 4675 super
1463 4599 1570 4684 alia
1604 4606 1986 4676 ingruentibus

409 4702 668 4766 (latium,
715 4699 1007 4755 destitutus
1056 4699 1250 4769 copiis,
1295 4713 1466 4753 unutn
1501 4699 1645 4768 quod
1690 4707 1808 4752 erat
1855 4698 1982 4752 reli-

407 4807 572 4860 quum
618 4791 856 4848 tenebat.
891 4799 949 4842 ut
984 4786 1096 4842 Deo
1134 4771 1392 4842 ultionem
1432 4769 1619 4840 earum
1649 4786 1982 4860 ,injuriarutn

411 4891 738 4944 reserVaret,
785 4889 1101 4950 peteretque
1159 4880 1226 4932 ab
1275 4893 1342 4933 eo
1388 4893 1549 4948 quam
1597 4863 1744 4932 Solus
1805 4886 1988 4946 posset

411 4989 633 5030 sumere
675 4973 972 5030 vindictam
1021 4971 1180 5028 ell‘usi
1231 4970 1417 5038 inique
1462 4969 1985 5046 627.5anguinis.

409 5061 522 5122 Non
547 5066 849 5136 negligehat
870 5052 1053 5120 tamen
1079 5062 1465 5118 administrare
1482 5047 1680 5117 exusu
1705 5061 1982 5133 presenti,

407 5162 553 5229 quod
589 5141 818 5230 poterat.
854 5157 1055 5211 Ducam
1088 5156 1256 5219 enim,
1283 5143 1538 5224 magnum
1569 5152 1984 5209 hetmriarcham

411 5253 567 5307 titulo
588 5250 864 5321 dignitatis
888 5251 1202 5313 vocitatum,
1229 5247 1438 5302 crebris
1461 5245 1746 5300 admonuit
1777 5246 1986 5300 nuntiis

410 5357 466 5398 ut
493 5363 520 5398 a
547 5345 698 5414 tergo
727 5360 788 5396 ex
823 5341 1036 5396 occulto
1072 5349 1126 5394 et
1157 5350 1402 5410 protecte
1436 5340 1682 5408 vestigiis
1713 5338 1986 5393 exercitus

409 5417 788 5506 Amog'abariei
832 5445 1019 5490 versus
1046 5434 1230 5486 urbem
1278 5431 1553 5486 tendentis
1589 5430 1858 5486 insisteret
1888 5445 1903 5497 ;
1933 5442 1988 5485 et

408 5515 664 5600 quoniam
721 5528 788 5580 ad
839 5528 885 5580 ei
923 5541 982 5610 se
1032 5539 1100 5580 ex
1139 5525 1368 5580 adverso
1406 5524 1788 5598 opponendmn
1842 5526 1986 5578 vires

410 5623 635 5675 idoneas
667 5633 772 5690 non
811 5617 1059 5684 haberet,
1089 5617 1425 5672 imminendo
1461 5631 1488 5669 a
1519 5615 1704 5678 dorso,
1744 5614 1983 5684 quadam

409 5712 518 5766 illis
565 5709 886 5781 respiciendi
935 5725 1086 5775 cura,
1136 5724 1343 5764 moram
1393 5707 1586 5763 saltem
1635 5705 1872 5776 aliquam
1924 5722 1987 5762 ac

410 5803 832 5862 sollicitudinem
863 5799 1126 5871 injiceret.
1153 5801 1252 5858 His
1283 5801 1372 5859 ille
1401 5799 1672 5857 mandatis
1701 5799 1984 5868 obtempe-

2088 4611 2232 4665 factu
2273 4617 2530 4677 putarunt
2580 4607 2788 4663 cladem
2835 4619 3040 4662 certam
3091 4609 3457 4661 conventione
3493 4601 3634 4671 quali-

2087 4715 2305 4770 cunque
2357 4708 2702 4770 Prawertere,
2742 4701 3036 4755 securitate
3059 4680 3277 4768 vivendi
3323 4709 3633 4752 nummorum

2090 4792 2366 4863 impendio
2421 4792 2761 4849 redimenda.
2806 4791 3034 4848 Meleam
3079 4807 3296 4862 quoque
3343 4805 3520 4845 arcem
3563 4788 3632 4856 qui

2090 4887 2348 4942 tenebant
2384 4886 2574 4947 nostri.
2625 4885 2819 4939 vicinia
2855 4885 3216 4940 Barbarorum
3242 4899 3442 4954 aspere
3465 4896 3636 4954 preme-

2089 4978 2305 5044 bantur,
2333 4978 2578 5047 plurimis
2597 4992 2788 5031 eorum
2814 4978 2866 5030 in
2897 4976 3144 5045 proximo
3171 4979 3439 5032 stationes
3466 4977 3634 5030 haben-

2090 5071 2268 5125 tibus;
2320 5070 2414 5124 sed
2459 5072 2600 5138 quod
2645 5069 2756 5124 illic
2785 5077 2902 5123 erat
2933 5069 3097 5124 robur
3128 5069 3340 5124 militia:
3385 5070 3630 5128 Romana.

2087 5160 2254 5232 628
2292 5162 2345 5214 in
2373 5177 2467 5215 eas
2499 5160 2749 5215 Persicas
2772 5171 3046 5216 irruentes
3072 5161 3276 5229 c0pias.
3296 5165 3366 5214 de
3401 5163 3466 5216 iis
3496 5161 3633 5213 victo-

2091 5255 2228 5304 riam
2257 5253 2577 5306 retulerunt.
2608 5252 2774 5320 Cujus
2799 5253 3081 5322 utriusque
3103 5267 3417 5324 successus,
3441 5262 3493 5306 et
3518 5250 3632 5306 Hieri

2090 5347 2340 5414 pactione
2379 5347 2638 5415 redempti
2673 5357 2726 5400 et
2769 5344 2950 5399 Melea:
2987 5333 3035 5399 vi
3069 5347 3328 5411 liberatae,
3367 5347 3515 5400 laetos
3546 5361 3634 5396 am-

2093 5437 2190 5489 hos
2224 5450 2329 5488 uno
2371 5436 2458 5490 die
2491 5437 2710 5490 nuntios
2749 5436 3046 5505 imperator
3086 5436 3388 5503 accipiens,
3429 5435 3634 5489 fructum

2089 5529 2234 5582 hunc
2287 5529 2503 5581 tandem
2554 5542 2814 5596 apparere
2865 5529 3208 5600 incipientem
3239 5511 3386 5582 esse
3438 5526 3633 5582 credidit

2089 5621 2405 5674 crebrarum
2435 5620 2647 5673 illatum
2673 5621 2997 5688 patriarcha:
3022 5619 3355 5676 litaniarum.
3380 5618 3519 5674 lnter
3543 5619 3633 5671 hac

2092 5724 2219 5762 vero
2251 5721 2538 5777 appetente
2578 5714 2838 5766 sementis
2871 5725 3111 5781 tempore
3139 5713 3376 5766 cultores
3415 5723 3632 5780 agrorum

2091 5801 2220 5856 hinc
2256 5803 2474 5871 quidem
2513 5805 2662 5859 exire
2695 5805 2822 5859 urbe
2859 5805 3160 5876 gestiebant
3192 5806 3258 5860 ad
3297 5820 3412 5861 nec
3437 5803 3632 5860 ssat'iaut

3691 3121 3712 3724 ξ

3699 3747 3720 3920 l
