3856 6584
179 485 272 549 689

1027 484 1130 547 DE
1166 482 1613 549 ANDRONICO
1640 484 2108 548 PALEOLOGO
2148 489 2299 550 LIB.
2338 489 2472 554 VII.

3299 485 3406 548 6‘30

175 596 273 657 τοῖς
296 592 498 663 ἐχθροῖς
520 591 742 664 βαρείας
772 595 960 665 χεῖρας
983 596 1191 666 ἐφεῖναι
1221 597 1429 652 τούτων
1459 595 1720 669 προσεδο-
1747 597 1788 656 Α
1824 595 1960 669 ρίοις
1984 600 2374 671 προσέϐαλλον,
2404 600 2586 665 καθὼς
2633 602 2725 655 καὶ
2767 598 2962 670 Βρύσει
2984 600 3050 669 τῇ
3103 598 3370 671 λεγομένῃ
3389 617 3406 634 ο

176 687 311 750 κᾶτο,
337 684 469 755 μηδὲ
494 684 704 749 τούτοις
751 687 1062 755 σπείρουσι.
1097 689 1247 760 Πλὴν
1289 688 1718 759 ὐσφεντίσθλα-

176 776 256 837 6ος
277 775 371 844 μὲν
402 776 502 844 τῆς
537 777 761 849 εἰρήνης
807 777 985 847 ὲδίψα,
1009 781 1107 835 καὶ
1131 782 1294 853 κῆδος
1323 780 1461 853 πρὸς
1489 778 1717 853 βασιλέα

174 867 451 923 συντιθέναι
475 867 687 937 ἤθελεν,
716 871 812 925 καὶ
843 873 937 925 ἐπὶ
968 872 1179 935 τούτοις
1208 872 1303 928 τὸν
1341 871 1718 945 πατριαρχεύ-

172 976 321 1015 σαντα
359 960 611 1033 Ἰωάννην
634 964 793 1032 (ἐκεῖ
832 965 942 1036 γὰρ
982 966 1235 1030 κάκεῖνος
1264 965 1513 1023 συνεάλω
1540 964 1718 1031 Σωζο-

172 1053 429 1122 πολίταις)
467 1053 697 1124 μεσίτην
720 1054 859 1127 πρὸς
880 1055 1107 1126 βασιλέα
1136 1058 1267 1127 περὶ
1302 1055 1413 1111 τῶν
1440 1057 1717 1128 ζητουμέ-

169 1160 261 1199 νων
267 1144 664 1237 βροῦσάλετο.
708 1146 977 1212 Βασιλεὺς
1015 1148 1072 1203 δὲ
1098 1148 1529 1220 ὑπερτιθέμενος
1562 1148 1716 1221 ὅμως

167 1240 251 1309 τῆς
264 1238 500 1309 ἀνάγκης
535 1240 759 1311 ἡττᾶτο,
785 1242 879 1295 καὶ⁸
904 1241 1143 1311 πέμπων
1168 1243 1269 1315 τὴν
1290 1245 1517 1316 εἰρήνην
1540 1242 1717 1298 ποιεῖν

166 1332 285 1387 κατὰ
309 1331 367 1384 τὸ
404 1332 559 1403 αὒτῷ
585 1331 851 1405 βουλητὸν
876 1334 1226 1406 ἐδοκίμαζεν.
1261 1337 1504 1402 Ἐκεῖνος
1524 1338 1635 1409 γὰρ
1657 1337 1717 1391 ἓν

163 1423 257 1477 τῶν
283 1423 592 1494 θυγατρίων
614 1423 710 1479 τοῦ
737 1425 1004 1496 βασιλέως
1026 1427 1250 1500 Μιχαὴλ
1282 1427 1467 1500 ἐζήτει
1491 1429 1679 1484 λαθεῖν
1698 1448 1714 1464 ·

163 1517 193 1571 ἃ
239 1517 291 1570 δὲ
334 1515 662 1588 προῦφθασε
708 1516 820 1573 τῶν
856 1519 1213 1590 πολισμάτων
1262 1524 1587 1595 κατασχεῖν,
1616 1524 1718 1580 οὐκ

161 1608 337 1663 ἀπέλυε
369 1609 492 1679 μὲν,
527 1610 681 1680 ὅμως
700 1626 765 1679 γε
790 1610 974 1681 μέντοι
1000 1614 1114 1676 τοῖς
1137 1612 1279 1677 νέοις
1307 1613 1401 1666 καὶ
1424 1612 1718 1684 ὀμοζύγοις

161 1699 579 1754 διενοεῖτοταῦτα
605 1701 910 1774 διατηρεῖν.
931 1705 1197 1769 Βασιλεὺς
1218 1705 1313 1760 καὶ
1345 1705 1522 1771 ἄλλως
1547 1705 1631 1761 eo
1641 1725 1717 1760 ων

162 1794 402 1864 πράττειν
428 1795 497 1848 τὸ
530 1795 891 1867 συνάλλαγμα
946 1800 1155 1853 ἐκεῖνον
1198 1799 1486 1856 ἁνέδαλλε.
1525 1798 1635 1856 Καὶ
1656 1803 1716 1854 ἐν

1821 687 1956 745 ἀλλὰ
1986 693 2104 756 ταῖς
2143 691 2357 747 ἔνδοθεν
2406 694 2658 764 ἀντοχαϊς
2695 692 2796 747 οὐκ
2829 689 2977 762 εἶχον
3012 692 3039 744 ὅ
3073 709 3126 745 τι
3174 693 3405 745 ποιοῖεν.

1794 776 2171 853 ’Μᾶλλονμὲν
2201 782 2299 838 οὖν
2347 785 2445 839 καὶ
2493 781 2962 855 προσεξημιοῦντο
2987 780 3410 851 ἀφιππευόντων

1820 874 1918 929 ἐπὶ
1958 875 2101 957 σφᾶς
2142 876 2388 943 ἐκείνων,
2417 880 2512 929 καὶ
2558 874 2999 947 περιγενομένων
3041 872 3303 955 πολλάκις
3329 870 3411 943 τῷ

1820 965 2081 1037 ἀκμῆτας
2107 967 2472 1039 προσϐάλλειν
2490 968 2587 1023 καὶ
2609 969 2994 1040 κραταιότερον
3014 964 3402 1037 διαμάχεσθαι.

1822 1055 1912 1132 [Ρ.
1943 1057 2072 1132 459]
2120 1058 2367 1115 Ἐκεῖθεν
2394 1058 2577 1113 τοίνυν
2603 1060 2653 1112 οἱ
2684 1058 2830 1129 ἀμφὶ
2866 1059 2958 1111 τὸν
2986 1058 3233 1129 Φαρὲντα
3275 1054 3409 1122 Τζι-

1823 1149 1935 1220 μῆν
1958 1149 2050 1202 ἐπὶ
2073 1148 2276 1219 Βιξύης
2299 1146 2564 1221 προῆγον,
2593 1148 2712 1219 ἃμα
2734 1149 2971 1221 Πέρσαις
3014 1146 3235 1213 πλειους
3251 1148 3406 1218 γενό-

1792 1304 1794 1306 ,
1822 1257 1996 1314 μενοι.
2042 1241 2154 1297 Καὶ
2186 1242 2236 1296 οἱ
2271 1241 2420 1312 ἀμφὶ
2463 1241 2556 1296 τὸν
2593 1240 2766 1312 μέγαν
2787 1241 3112 1307 τζακούσιον
3138 1240 3232 1296 τὸν
3255 1241 3408 1309 Οὐμ-

1817 1331 2218 1405 περτόπουλον,
2274 1330 2498 1397 πλειους
2527 1327 2638 1387 τῶν
2666 1332 2960 1386 διακοσίων
2998 1331 3150 1398 ὅντες
3195 1333 3404 1395 ἱππεῖ...

1818 1425 1992 1495 ὀλίγοι
2013 1426 2114 1499 τὴν
2134 1425 2275 1498 πρὸς
2325 1425 2559 1490 πολλοὺς
2617 1426 2719 1481 οὐκ
2755 1424 3027 1499 ἐθάρρουν
3062 1424 3407 1495 άφίππευσιν

1819 1519 1916 1573 καὶ
1940 1517 2020 1589 τῷ
2043 1508 2294 1589 φρουρίῳ
2316 1517 2765 1589 ἐγκεκλεισμένοι
2793 1520 3127 1592 παρέμενον.
3152 1517 3318 1572 Ἀλλὰ
3346 1520 3409 1571 τδ

1817 1609 1941 1663 ἐκεῖ
1954 1606 2161 1679 πλῆθος
2184 1609 2333 1681 λῆμα
2356 1609 2626 1680 λαμϐάνει
2647 1608 2893 1681 άρεῖκδν,
2928 1608 3022 1662 καὶ
3050 1608 3409 1679 περιστάντες

1816 1702 1911 1757 τὸν
1938 1702 2147 1770 ἄγοντα
2190 1702 2343 1771 δῆλοι
2370 1697 2536 1775 ἦσαν,
2590 1703 2640 1757 si
2673 1701 2949 1775 ixxmpoiq
2982 1701 3214 1766 ἐκεῖνος,
3250 1700 3409 1756 πολεο

1821 1792 2162 1866 μησείοντες.
2198 1794 2340 1850 ὀδε
2362 1794 2442 1865 τῷ
2474 1793 2626 1864 σφῶν
2653 1793 2968 1865 θράσει,καὶ
2991 1796 3062 1865 τῇ
3087 1792 3408 1864 πολυχειρίᾳ

392 1889 609 1950 ὲκεῖνος
640 1889 925 1959 μετέωρος
952 1890 1029 1944 ὣν
1077 1892 1174 1945 τὸν
1199 1893 1382 1946 ἐκεῖσε
1414 1895 1569 1947 σῖτον
1597 1893 1718 1948 δια-
1751 1918 1792 1990 ⁸
1819 1886 2284 1958 καταγοητευθεὶς
2343 1886 2366 1957 (
2380 1886 2464 1952 είς
2494 1887 2743 1957 χιλιάδας
2796 1886 2908 1957 γὰρ
2939 1870 3317 1956 συνεπλήρουν
3346 1885 3408 1937 τὸ

160 1974 459 2040 πλωῖζεσθαι
516 1977 800 2047 καθυφίει,
864 1981 959 2033 καὶ
989 1981 1135 2036 οὕτω
1205 1983 1714 2056 Ῥωμαῖοιέσιταρ-

162 2065 346 2145 κοῦντο,
374 2071 471 2123 καὶ
500 2071 798 2141 φάρμακον
819 2067 889 2141 ἦν
906 2073 1002 2126 τοῦ
1033 2074 1196 2144 λιμοῦ
1221 2076 1283 2129 τδ
1310 2076 1713 2149 πραττόμενον.

320 2168 436 2232 κη’..
461 2162 545 2216 Τὰ
582 2166 736 2219 κατὰ
765 2164 882 2233 τὴν
914 2165 1135 2236 Βιζύην
1161 2168 1525 2239 πραχθένταζ

215 2250 290 2324 [Ρ.
319 2253 445 2325 438]
504 2255 619 2319 Τὰς
672 2256 730 2309 δὲ
787 2257 1059 2327 δυνάμεις
1111 2261 1161 2313 oi
1224 2261 1598 2334 Ἀμογάὸαροι
1625 2264 1716 2319 ἀεὶ

164 2343 278 2398 κατὰ
318 2344 553 2418 Θρᾴκην
600 2348 841 2413 ἐκίνουν,
897 2350 994 2404 καὶ
1040 2353 1151 2414 τοῖς
1186 2353 1310 2406 κατ’
1342 2354 1515 2426 αὐτὴν
1545 2373 1715 2427 φρου-

163 2532 512 2595 meoperam
554 2527 772 2583 vocati:
818 2527 944 2583 inde
996 2536 1176 2586 autem
1230 2533 1422 2588 eodem
1475 2535 1712 2591 hostium

164 2623 358 2683 terrore.
376 2632 491 2687 quo
523 2616 892 2674 iuerantintra
918 2624 1104 2676 urbem
1129 2626 1415 2691 compulsi,
1438 2638 1505 2681 n‘e
1524 2632 1715 2685 rursus

162 2721 516 2781 «pergerent
552 2712 698 2767 unde
743 2717 830 2767 vix
875 2715 1013 2769 salvi
1047 2725 1363 2782 evaserant,
1400 2720 1515 2789 pat’t
1560 2720 1713 2777 eiitii

163 2801 377 2867 periculo
401 2818 553 2858 nunc
584 2802 807 2873 quoque
834 2806 943 2861 illic
978 2812 1329 2876 perdurante,
1366 2813 1712 2874 tenebantur.

165 2891 395 2949 Pendenti
439 2896 529 2950 sic
584 2895 645 2949 in‘
688 2897 910 2964 ancipiti
961 2902 1247 2955 sententiae
1296 2910 1627 2961 momentum
1660 2910 1713 2963 itt

165 2988 379 3043 cessandi
421 2996 642 3056 partem
674 2990 1023 3058 imperatoris
1062 2996 1365 3051 aucturitas
1406 3001 1631 3055 addidit.
1665 3000 1716 3057 ls

164 3081 282 3133 enim
321 3098 560 3138 censetis
604 3094 902 3139 sementem
943 3098 1225 3142 ceSSuram
1271 3090 1323 3144 in
1369 3095 1713 3145 commodum

165 3172 392 3243 hostium,
439 3177 542 3246 qui
586 3178 764 3248 campi
808 3179 1012 3233 domini
1049 3186 1260 3250 segetes
1301 3184 1429 3237 olim
1476 3182 1715 3240 maturas

1823 1980 2084 2054 πεζικὸν)
2110 1981 2240 2044 τοὺς
2267 1983 2453 2043 ἱππεῖς
2484 1980 2755 2045 συντάξας
2784 1979 2903 2050 ἅμα
2923 1978 3098 2044 τόξοις
3124 1977 3404 2047 ἐξήλαυνε.

1822 2072 2048 2145 Σῶφρον
2078 2073 2259 2128 τοίνυν
2282 2067 2352 2147 ἦν
2377 2069 2477 2143 τὴν
2501 2068 2696 2146 ῥαχίαν
2719 2071 2972 2142 κατέχειν
2998 2071 3094 2123 καὶ
3121 2069 3406 2140 προμηθὲ-

1824 2181 2016 2237 στερον
2045 2162 2477 2220 διακινδυνεύειν
2505 2164 2718 2218 ἐκεῖθεν
2758 2165 2879 2227 ταῖς
2911 2156 3248 2232 δυσχωρίαις
3279 2161 3407 2230 βοη-

1822 2257 2159 2327 θουμένους·
2208 2260 2330 2311 ἐπεὶ
2357 2257 2413 2311 δὲ
2451 2255 2618 2327 μοῖρά
2665 2272 2750 2319 τις
2790 2257 2933 2323 σφᾶς
2963 2254 3241 2324 προσῆγεν
3266 2255 3404 2306 ἀπο-

1818 2350 2143 2423 λουμένους,
2206 2351 2475 2422 ἀφέμενοι
2535 2348 2742 2420 ταύτης
2791 2350 2882 2404 ἐπ’
2916 2347 3254 2418 ἀγχωμάλου
3302 2347 3405 2415 τῆς

1822 2516 2132 2593 successus,
2164 2522 2498 2581 frumentum
2524 2540 2631 2597 quo
2663 2526 2977 2582 abundabat
3001 2525 3254 2597 Bulgaria
3278 2527 3407 2582 inde

1822 2620 2090 2690 asportari
2117 2608 2297 2689 plenis
2316 2620 2548 2676 navibus
2565 2618 3102 2688 Constantinopolim
3129 2619 3403 2689 permisit.

1821 2714 1975 2780 Quod
2021 2708 2386 2784 praeterquam
2435 2724 2798 2784 opportunum
2839 2702 3080 2783 penuriae
3125 2713 3236 2780 jam
3291 2712 3404 2768 illic

1822 2806 2090 2877 prementi
2135 2805 2466 2870 subsidium,
2500 2807 2664 2861 etiam
2710 2805 3019 2861 formidatae
3072 2805 3125 2857 in
3163 2804 3403 2859 futurum

1823 2898 1954 2954 fami
1981 2896 2137 2970 quasi
2161 2895 2440 2953 antidotus
2460 2913 2524 2953 ac
2548 2894 2933 2968 praesumptum
2962 2897 3016 2951 in
3037 2886 3280 2966 tempore
3307 2894 3408 2951 fuit

1824 2992 2150 3048 remedium.

2209 3082 2304 3142 28.
2341 3082 2420 3137 De
2454 3082 2614 3153 gestis
2667 3082 2737 3137 ad
2764 3082 3010 3156 Biayam.

1893 3177 2093 3249 Copias
2143 3191 2308 3248 porro
2359 3191 2489 3232 suas
2533 3175 2866 3246 Amogabari
2915 3158 3260 3230 incessanter
3306 3187 3404 3244 per

163 3277 320 3324 essent
341 3269 392 3325 in
428 3279 709 3341 potestate
737 3272 1001 3335 habituri,
1042 3274 1347 3330 consultius
1387 3272 1723 3333 existimavit
1748 3286 1793 3345 ο
1824 3265 2120 3328 Thraciam
2185 3271 2499 3335 movebant,
2569 3266 3024 3324 circumferentes
3088 3265 3289 3320 bellum
3353 3266 3406 3320 iu

165 3375 252 3414 non
292 3363 594 3430 periclitari
642 3365 876 3419 rusticos
926 3365 996 3420 de
1051 3368 1159 3421 vita
1203 3367 1256 3422 in
1302 3371 1476 3436 opere
1514 3371 1618 3427 sibi
1667 3381 1722 3429 et

163 3449 392 3509 Romanis
431 3456 644 3521 inutili,
675 3458 935 3517 Barbaris
967 3461 1236 3516 duntaxat
1283 3464 1617 3529 profecturo.
1646 3464 1722 3520 Ita

162 3551 230 3596 est
267 3544 317 3599 in
362 3547 514 3602 hunc
568 3556 774 3603 an’num
827 3548 1085 3606 frumenti
1137 3554 1277 3608 satio
1330 3556 1721 3624 przetermissa,

165 3637 340 3692 nostris
391 3639 527 3693 inde
574 3639 628 3694 in
681 3655 879 3708 magno
932 3640 1091 3698 famis
1142 3656 1284 3699 tnrttt
1338 3648 1720 3712 versantibus;

166 3738 305 3790 quam
326 3743 428 3783 uua
459 3729 771 3786 consolatio
794 3733 1137 3799 temperabat
1158 3750 1189 3789 e
1210 3740 1304 3804 spe
1326 3735 1737 3792 debilitationis

166 3815 379 3884 ipsorum
453 3820 699 3877 hostium
769 3834 1033 3891 proventu
1110 3829 1370 3881 messium
1436 3827 1725 3884 deficiente

166 3922 427 3968 secutura.
473 3912 616 3967 Nam
663 3914 813 3985 ipsos
855 3916 1000 3970 haud
1032 3917 1258 3974 daturos
1290 3932 1385 3988 per
1416 3920 1481 3974 se“
1501 3932 1722 3990 operam

166 4003 289 4071 agris
327 4006 668 4062 seminandis
703 4006 1094 4074 conﬁdebant;
1144 4010 1293 4065 unde
1338 4009 1498 4065 ﬂebat
1534 4011 1727 4065 verisi-

169 4094 275 4150 mile
310 4096 627 4154 dimouitate
657 4110 888 4155 annona
927 4101 1167 4169 graviter
1200 4101 1573 4156 Iaboraturos.
1611 4102 1727 4157 Cae-

168 4195 317 4241 terum
356 4189 886 4260 Osphentistblabus
923 4208 1109 4259 pacem
1156 4193 1398 4259 sitiebat,
1448 4193 1745 4251 admoveii'

170 4276 362 4337 familia
397 4282 660 4353 Augustae
706 4282 985 4340 aiiinitatis
1026 4287 1432 4342 necessitudine
1479 4288 1727 4359 cupiens.

169 4366 292 4438 Ergo
328 4373 538 4431 habens
569 4376 625 4430 in
676 4385 940 4445 potestate
970 4378 1235 4434 Joannem
1282 4381 1725 4450 expatriarcbam

170 4476 271 4519 cum
300 4465 629 4538 Soaopolitis
657 4479 899 4540 captum,
954 4486 1076 4527 eum
1118 4473 1472 4542 interpretem
1500 4488 1726 4531 suorum

170 4560 287 4621 apud
330 4547 718 4628 imperatorem
764 4560 1161 4616 desideriorum
1208 4564 1376 4619 misit.
1426 4564 1743 4619 Cunctatus

171 4646 464 4715 aliquandiu
514 4652 583 4706 ad
637 4666 759 4707 eam
795 4655 1221 4721 propositionem
1267 4654 1544 4725 Augustus
1593 4660 1723 4711 est:

172 4741 394 4798 vincente
415 4753 600 4799 tamen
619 4747 838 4800 tandem
862 4746 1089 4814 negandi
1111 4748 1395 4803 consilium
1418 4750 1726 4805 necessaria
1746 4750 1751 4757 ’

172 4835 249 4888 tali
290 4847 531 4908 tempore
579 4839 993 4894 minuettddrum
1042 4840 1251 4908 imperii
1294 4841 1545 4896 hustium'
1572 4858 1727 4909 cura,

175 4931 305 4984 misit
326 4933 416 5001 qui
445 4942 732 4988 assensum
765 4934 831 4985 ad
852 4933 979 5021 ejus
1001 4934 1222 5002 quaesita
1259 4946 1416 4988 suum
1443 4934 1725 4992 afferrent.

1827 3379 1986 3420 arces
2016 3363 2138 3436 ejus
2181 3362 2442 3436 regionis,
2492 3375 2634 3430 quas
2685 3359 2961 3428 sigillatim
2998 3346 3406 3431 oppugnabant.

1823 3459 1970 3514 inter
1998 3458 2096 3513 itas
2122 3471 2312 3520 unam,
2352 3455 2439 3510 cui
2480 3452 2672 3526 Brysis
2706 3467 2904 3508 nomen
2936 3460 3041 3517 est,
3080 3448 3260 3505 adorti
3293 3449 3419 3503 acri’

1824 3565 2013 3607 eorum
2048 3550 2140 3621 qui
2184 3558 2342 3604 erant
2375 3547 2525 3603 intus
2566 3545 2891 3602 defensione
2921 3542 3313 3613 redigebautur
3340 3545 3409 3594 ad

1827 3637 2068 3707 inopiam
2109 3635 2350 3705 consilii,
2377 3635 2516 3691 nihil
2566 3634 2906 3690 invenientes
2935 3633 3079 3703 quod
3118 3631 3414 3699 proliceret

1826 3730 1896 3787 ad
1918 3745 2129 3795 votum,
2153 3729 2286 3802 quin
2320 3737 2378 3786 et
2401 3728 2615 3783 damnis
2645 3727 2866 3783 interim
2906 3739 3015 3781 nou
3041 3714 3411 3781 mediocribus

1825 3821 2034 3881 affecti.
2059 3819 2437 3891 Erumpebant
2458 3818 2606 3875 enim
2626 3819 2679 3874 in
2709 3832 2805 3875 eos
2831 3832 2863 3874 e
2891 3825 3077 3873 castro
3098 3816 3332 3885 equites,
3356 3823 3412 3868 et

1828 3908 2150 3988 plerumque
2204 3906 2562 3985 superabant,
2619 3911 2766 3980 quod
2816 3919 2873 3967 et
2916 3908 3152 3982 juvenes
3202 3907 3409 3962 robusti

1826 4016 1987 4067 erant
2019 4006 2076 4066 et
2106 4021 2323 4066 summa
2350 4005 2705 4063 contentione
2732 4003 3112 4058 decertabant.
3149 4000 3280 4057 inde
3308 3999 3410 4069 igi-

1830 4100 1922 4161 tur
1963 4102 2229 4160 recedens
2275 4097 2571 4156 Pharenda
2610 4094 2833 4151 Tzimes
2872 4094 3097 4165 Bizyam
3138 4088 3412 4163 promovit

1830 4214 1962 4256 suas
1997 4196 2204 4266 copias,
2242 4192 2428 4250 Persis
2467 4191 2645 4248 obiter
2681 4188 2958 4261 adiunctis
3005 4183 3414 4265 numerosiores

1828 4306 1995 4362 quam
2042 4291 2109 4346 ad
2153 4288 2350 4362 Brysin
2397 4272 2686 4343 steterant.
2719 4282 2950 4361 Magnus
2989 4276 3100 4335 illic
3169 4279 3413 4333 tzauzius

1834 4382 2261 4456 Umpertopulus
2291 4378 2505 4453 equites
2524 4378 2623 4435 sub
2646 4392 2708 4434 se
2737 4375 2974 4447 habebat
3000 4368 3186 4444 plures
3210 4374 3416 4427 ducen-

1833 4477 1926 4544 tis,
1958 4476 2056 4531 sed
2100 4472 2298 4544 quibus
2327 4471 2744 4542 comparatione
2780 4475 2933 4523 tanto
2970 4465 3196 4532 majoris
3225 4462 3408 4516 multi-

1818 4566 2038 4629 tudinis
2081 4566 2343 4632 hostium,
2376 4564 2615 4634 impares
2650 4574 2774 4639 sese
2810 4558 2876 4613 ad
2913 4557 2981 4613 iis
3019 4570 3178 4625 atquo
3219 4568 3411 4621 campo

1831 4671 2026 4717 contra
2083 4657 2341 4719 standum
2388 4652 2778 4716 sentientibus,
2828 4650 3051 4706 animus
3099 4647 3242 4703 haud
3294 4660 3414 4700 erat

1831 4753 2134 4825 prodeundi
2157 4767 2174 4817 ;
2198 4766 2369 4822 quare
2389 4763 2451 4806 se
2473 4748 2686 4804 clausos
2713 4743 3018 4801 munitione
3037 4743 3409 4799 continebant.

1830 4826 2015 4918 Longe
2080 4847 2313 4904 diversis
2378 4845 2602 4917 vigebat
2665 4841 2919 4899 sensibus
2988 4839 3183 4908 vulgus
3240 4836 3416 4907 plebis

1832 4922 2136 5014 Bizyensis,
2184 4925 2438 4996 Martium
2486 4939 2703 5009 spirans
2741 4941 2796 4991 et
2823 4933 3223 5003 impatientiam
3270 4945 3414 4998 prte-

175 5017 372 5078 Petebat
408 5033 590 5079 autem
638 5024 759 5077 dari
789 5017 892 5077 sibi
941 5024 1226 5092 conjugem
1270 5040 1427 5079 unam
1453 5039 1486 5080 e
1516 5025 1721 5081 illiabtts

1830 5036 2002 5091 liandi
2046 5050 2172 5092 cum
2203 5032 2456 5089 vincendi
2502 5029 2701 5086 ﬁducia
2735 5036 3048 5083 ostentans.
3086 5024 3226 5094 Ergo
3275 5038 3414 5093 pra:-

177 5110 426 5170 Ilichaelis
454 5117 679 5185 Augusti
721 5116 974 5185 iunioris.
1014 5115 1143 5183 Quae
1163 5128 1340 5172 autem
1369 5112 1757 5188 occnpaverat"
1832 5127 1960 5185 sidii
1980 5129 2174 5183 ducem
2194 5125 2510 5194 frequentes
2533 5121 2985 5186 circumstabant,
3004 5119 3171 5191 630
3190 5125 3412 5174 orantes

178 5204 388 5262 Romana
404 5211 600 5279 oppida
618 5200 845 5265 reddere
858 5210 1149 5274 abnuebat,
1167 5210 1333 5285 629
1352 5228 1581 5270 causans
1596 5212 1734 5269 libe-
1833 5229 1893 5273 ut
1916 5202 2205 5288 erumpere
2237 5217 2292 5271 in
2317 5217 2530 5271 hostem
2563 5227 2622 5270 se
2638 5212 2863 5269 sineret.
2889 5209 2985 5267 Ille
3010 5211 3272 5280 deceptus
3296 5216 3406 5262 tam

180 5301 243 5354 ris
270 5317 324 5357 se
355 5319 421 5359 ex
460 5305 732 5376 destinato
771 5304 1025 5373 conjuuio
1068 5292 1466 5374 suscipiendis,
1497 5318 1552 5363 et
1597 5309 1730 5381 ipsis
1832 5313 2001 5370 alacri
2036 5310 2439 5380 significatione
2464 5306 2731 5379 audaciae,
2758 5303 2950 5376 {simu}
2970 5302 3137 5359 etiam
3180 5315 3409 5357 numero

181 5408 238 5447 ex
263 5397 601 5465 imperatoris
630 5398 795 5451 dotuo
841 5397 1063 5463 futuris,
1111 5398 1199 5454 illa
1237 5407 1477 5455 servare.
1508 5400 1615 5458 Nec
1649 5402 1729 5457 fa-
1833 5421 2024 5461 eorum
2071 5404 2247 5459 fretus
2299 5402 2447 5474 (nam
2483 5401 2691 5471 aliquot
2730 5398 2973 5470 peditum
3019 5395 3190 5450 millia
3217 5410 3282 5449 ex
3326 5392 3411 5445 bis

182 5495 303 5539 ctum
346 5504 444 5543 nec
486 5489 615 5544 facti
645 5489 784 5544 ratio
815 5480 949 5545 satis
995 5490 1310 5548 Andronico
1352 5493 1724 5564 probabatur;
1834 5498 2053 5553 videbat
2083 5512 2247 5568 posse
2284 5494 2528 5568 confici),
2567 5501 2746 5549 armat
2771 5492 2894 5547 illos
2925 5500 2980 5545 et
3005 5489 3247 5548 ordinat,
3274 5501 3409 5553 pra:-

182 5575 475 5647 volcbatque
520 5582 746 5635 omnino
800 5583 1031 5649 aequiori
1081 5584 1392 5641 conditione
1447 5588 1725 5643 contrahi.
1834 5591 2012 5660 posito
2043 5593 2095 5645 in
2122 5591 2300 5645 fronte
2321 5597 2535 5644 armato
2559 5588 2795 5642 arcubus
2816 5583 3084 5654 equitatu.
3113 5579 3193 5634 lta
3216 5592 3407 5631 omnes

183 5663 344 5735 Itaque
382 5685 642 5740 responso
689 5673 994 5728 dili'erendo
1043 5678 1315 5747 negotium
1363 5680 1727 5746 extrahebat,
1831 5684 2054 5749 emittit,
2082 5697 2180 5751 pro
2204 5697 2299 5737 sua
2327 5682 2456 5751 ipsis
2487 5679 2709 5735 militari
2744 5673 3037 5747 prudentia
3078 5683 3407 5741 magnopere

185 5754 305 5814 haud
338 5771 511 5820 tamen
543 5779 696 5836 spem
719 5766 1040 5836 praecidens,
1071 5770 1422 5828 cunctatione
1467 5772 1728 5828 Romanae
1834 5774 2159 5842 praecipiens
2191 5783 2251 5826 ttt
2278 5774 2331 5826 in
2361 5773 2490 5835 lata,
2535 5787 2697 5840 quam
2739 5765 3098 5830 monstrabat,
3131 5761 3409 5829 crepidine

186 5855 293 5906 tunc
306 5856 378 5909 rei
402 5858 632 5925 perutili.
656 5855 789 5910 Nam
808 5857 1580 5930 Ospltcntisthlabusinterim,
1602 5866 1727 5917 dum
1836 5866 1987 5935 rupis
2015 5866 2310 5921 eminentis
2340 5866 2550 5921 hostem
2580 5861 2985 5933 opperirentur,
3024 5855 3261 5923 indeque
3300 5852 3410 5907 cir-

190 5946 365 6009 pendet
401 5949 451 6006 in
497 5950 750 6021 ambiguo
793 5953 1169 6012 conventionis
1214 5955 1282 6010 ab
1331 5955 1447 6027 ipso
1483 5966 1731 6015 tractata:
1839 5964 2151 6028 cumspecte
2181 5971 2246 6015 ac
2274 5958 2446 6014 vitato
2472 5968 2637 6027 quam
2681 5958 2906 6022 possent
2932 5946 3409 6039 providentissime
