3856 6566
132 428 135 431 ’
196 459 284 517 ωτι

1008 454 1107 516 DE
1144 455 1590 517 ANDRONICO
1620 451 2082 515 PALEOLOGO
2121 452 2270 515 LIB.
2311 451 2447 518 VII.

3296 447 3399 513 694

193 565 365 628 ἄγουσι
384 562 491 620 τῶν
532 561 747 622 Ἰταλῶν
781 563 1138 635 ἐπιτίθενται,
1188 567 1283 620 καὶ⁸
1315 566 1453 637 δόλῳ
1485 565 1731 621 κτείναν-
1762 567 1807 624 Δ
1837 564 2103 633 ἀπόλογον
2155 566 2525 629 καταστάντες
2576 566 2881 636 προφάσεις
2934 563 3264 618 ἐπλάττοντο
3306 564 3410 626 τὰς

193 674 272 720 τες
295 655 395 711 ἀνά
423 657 624 727 κράτος
653 657 746 712 ἐπ’
776 658 1056 726 αίγιαλοὺς
1086 659 1490 730 ὲφυγομάχουν,
1521 659 1597 721 ὡς
1616 660 1736 722 ταῖς

195 747 278 802 τοῦ
307 747 566 818 βασιλέως
594 748 754 803 ναυσὶ
803 751 1330 821 περαιωθησόμενοι.
1394 752 1459 803 Ὀ
1497 750 1562 821 δὴ
1598 767 1737 818 γνω-

195 839 323 901 σθέν,
348 838 719 911 ἐκθυμότερον
742 839 775 910 ἢ
805 840 882 904 ὡς
908 840 1018 894 ἔδει
1045 841 1343 906 ἐλάσαντες
1363 841 1736 911 Ἀμογάὸαροι

194 932 563 1000 προσϐάλλουσι
613 933 856 1003 φυγάσιν
904 936 1157 999 ἐκείνοις.
1202 937 1320 991 Κάν
1345 938 1444 1006 τῆς
1484 937 1735 1013 Εὐδήμου

197 1025 352 1095 μάχης
384 1026 661 1097 συστάσης
682 1028 946 1081 πίπτουσι
993 1028 1093 1099 μὲν
1123 1029 1349 1083 καὶτῶν
1388 1029 1609 1082 Ἰταλῶν
1636 1028 1736 1083 οὐκ

191 1114 361 1181 ὀλίγοι,
391 1115 504 1169 ἀλλ’
530 1117 683 1186 ὅμως
714 1117 855 1187 ὑπὲρ
887 1118 1016 1181 τοὺς
1046 1117 1354 1182 διακοσίους
1374 1118 1482 1174 τῶν
1511 1117 1737 1188 Περσῶν

194 1207 441 1260 πεσόντων
465 1208 609 1262 κατὰ
641 1208 843 1279 κράτος
881 1208 1032 1278 σφῶν
1051 1210 1208 1264 αὐτοὶ
1240 1211 1527 1282 περιῆσαν.
1564 1210 1654 1273 Ὠς
1679 1210 1737 1263 δὲ

196 1302 273 1354 καὶ
295 1294 442 1362 αὖθις
469 1301 684 1371 Πέρσαι
713 1300 853 1372 πρὸς
879 1301 1123 1365 ἐκείνους
1162 1302 1476 1366 ἀπέκλινον,
1506 1302 1568 1356 οὐ
1602 1303 1739 1373 πρό-

193 1409 327 1461 τερον
374 1392 557 1455 αὐτοῖς
614 1392 963 1448 ἐνεπίστευον
990 1394 1060 1448 τά
1090 1394 1192 1465 τῆς
1232 1395 1575 1466 συμμαχίας,
1605 1397 1736 1464 πρὶν

189 1487 245 1539 ἂν
268 1484 570 1556 παραδοῖεν,
595 1486 695 1557 οὐχ
719 1488 868 1552 ὅπως
890 1488 982 1541 τὸν
1018 1489 1206 1543 Ἰσαὰκ
1228 1489 1441 1561 Μελὴκ,
1478 1489 1617 1545 ἀλλὰ
1643 1491 1740 1546 καὶ

188 1577 266 1628 τὸν
288 1576 428 1645 σφῶν
458 1576 828 1647 ἐξηγούμενον
875 1580 1315 1652 Ταχαγτςιάριν,
1355 1582 1415 1646 δς
1450 1583 1596 1646 ίδίως
1632 1578 1737 1655 ἦγε

188 1670 295 1732 τοὺς
320 1670 784 1739 Τουρκοπούλους,
818 1674 879 1727 οὐ
920 1672 1029 1744 μὴν
1055 1672 1113 1727 δὲ
1142 1673 1278 1728 ἀλλὰ
1309 1675 1406 1728 καὶ
1430 1674 1612 1745 τρίτον
1637 1675 1740 1729 αύ-

187 1766 266 1817 τὸν
284 1766 371 1818 τὸν
416 1766 757 1837 αὐτάδελφον
784 1768 879 1823 τοῦ
939 1769 1127 1824 Ἰσαὰκ
1159 1770 1373 1841 Μελὴκ,
1398 1769 1484 1832 ’ὡς
1515 1770 1739 1840 φανέντι

186 1857 231 1909 οί
253 1857 657 1925 προστιθέντας.
683 1852 784 1914 Ὧν
803 1861 897 1914 καὶ
914 1860 1285 1932 προδοθέντων
1310 1862 1401 1915 τὸν
1437 1863 1535 1931 μὲν
1550 1862 1740 1917 Ἰσαὰκ

190 1949 343 2019 φιτρῷ
367 1950 460 2003 καὶ
490 1950 633 2019 ξίφει
661 1951 1078 2022 διεχειρίσαντο,
1107 1954 1169 2007 ού
1203 1954 1363 2025 μόνον
1383 1955 1568 2020 αὐτὸν,
1601 1954 1741 2009 ἀλλὰ

189 2041 377 2096 καὶτὸν
400 2042 758 2113 αὐτάδελφον,
804 2046 904 2109 τὰς
930 2046 1179 2117 κεφαλὰς
1225 2046 1407 2101 αὐτῶν
1436 2050 1494 2101 ἐν
1530 2047 1608 2119 τῷ
1646 2065 1743 2116 φο·

190 2133 345 2189 νεύειν
372 2135 516 2189 κατὰ
536 2136 643 2205 γῆς
672 2137 1073 2204 ἐπαλλάξαντες
1098 2137 1181 2211 [Ρ.
1214 2137 1343 2212 Ml]
1386 2140 1461 2204 ὡς
1497 2138 1616 2209 ἅμα
1642 2138 1742 2211 τὴν

191 2225 342 2298 τομὴν
364 2226 617 2294 γενέσθαι
648 2229 746 2281 καὶ
777 2227 1130 2300 ἀμφοτέρων.
1160 2226 1295 2285 Εἶτα
1324 2230 1384 2285 δὲ
1416 2230 1742 2301 περιδύσαν-

189 2335 266 2379 τες
285 2319 342 2371 τὺ
371 2319 650 2389 βασιλικὸν
679 2320 818 2392 πρὸς
852 2323 1062 2376 ἐκεῖνον
1084 2322 1476 2392 χρυσόδουλλον
1508 2324 1601 2377 ἐπὶ
1636 2324 1744 2394 μά-

189 2410 274 2479 λης
296 2404 450 2482 εὗρον
471 2412 867 2484 ἐξηρτημένον,
894 2415 1030 2486 ὅπερ
1054 2415 1380 2484 ἀναγνόντες
1414 2415 1631 2485 σύναμα
1649 2417 1743 2470 καὶ

187 2504 348 2569 ἄλλοις
373 2508 485 2570 τοῖς
533 2506 646 2561 τῶν
680 2511 823 2562 κατὰ
868 2508 1020 2564 δύσιν
1070 2508 1460 2580 ἐξηγουμένοις
1515 2510 1743 2581 Περσῶν

189 2595 441 2665 εὕρισκον,
477 2597 600 2651 καθ’
635 2599 962 2669 ὑποσχέσεις
1006 2602 1056 2654 εί
1084 2602 1442 2654 ἁποστατοῖεν
1476 2601 1740 2670 μεγάλας,

189 2688 271 2739 καὶ
292 2686 352 2739 τὸ
387 2685 481 2741 τοῦ
511 2687 892 2760 Ταχαγτζιάρι
947 2689 1153 2762 ὄνομα*
1201 2689 1287 2758 ἐφ’
1321 2682 1403 2753 οἷς
1436 2691 1639 2743 ἐκεῖνοι
1663 2691 1744 2753 είς

189 2869 390 2933 armati,
416 2876 470 2925 et
504 2869 694 2926 ulcisci
739 2870 1076 2928 obsistentes
1113 2874 1314 2943 parati,
1361 2888 1552 2931 versus
1580 2876 1746 2932 maris

191 2956 357 3014 littora
385 2958 761 3025 intenderunt,
792 2960 881 3014 ubi
905 2962 1152 3029 quaedam
1182 2960 1303 3016 illos
1325 2962 1746 3032 opperiebantur

189 3050 516 3121 imperatoris
560 3066 749 3118 naves,
783 3052 984 3125 quibus
1016 3062 1133 3110 tuto
1169 3054 1221 3109 in
1273 3055 1460 3109 Asiam
1492 3055 1746 3125 deporta-

190 3153 382 3200 rentur.
435 3143 492 3200 ld
543 3146 707 3201 simul
758 3158 921 3216 atque
978 3158 1352 3218 cognoverunt
1395 3149 1741 3220 Amogabari,

1839 658 1980 725 σφᾶς
2005 655 2344 725 ὠφελούσας.
2378 657 2563 730 Ταύτῃ
2597 671 2679 713 τοι
2703 659 2799 712 καὶ
2830 657 2921 713 τὸν
2949 657 3109 732 φόνον
3144 656 3242 724 μὲν
3264 656 3413 710 ἀνεῖ-

1838 762 1955 815 χον,
2010 747 2275 815 φυλακαῖς
2327 748 2372 800 δ’
2402 747 2608 801 ἐδίδουν
2658 749 2778 811 ταῖς
2808 747 3273 817 ἀσφαλεστάταις.
3322 745 3411 809 Ὠς

1837 837 1969 907 γοῦν
1993 841 2087 893 καὶ
2115 839 2273 904 αὖθις
2295 841 2364 894 τὰ
2395 841 2566 895 πιστά
2587 842 2722 912 πρὸς
2759 843 2975 911 Πέρσας
3016 840 3278 904 λαϐόντες
3316 839 3413 893 καὶ

1836 932 2017 996 δόντες
2039 931 2264 1000 ἔμελλον
2285 933 2377 986 ἐπὶ
2394 933 2729 1004 Τξουρουλού
2752 932 3080 1007 ἐξελαύνειν,
3110 931 3212 999 οὐκ
3238 931 3414 994 ἄλλως

1840 1024 2221 1095 συμπροάγειν
2260 1024 2443 1095 σφίσιν
2471 1024 2662 1097 ἤθελον
2687 1025 2738 1079 οἱ
2787 1023 3217 1093 Τουρκόπουλοι,
3257 1023 3309 1076 εί
3339 1023 3412 1093 μή

1839 1132 1904 1185 γε
1930 1115 2032 1185 τῆς
2082 1117 2305 1187 εἱρκτῆς
2339 1117 2368 1168 ό
2405 1112 2554 1185 σφῶν
2599 1114 2966 1187 ἐξηγούμενος
3004 1113 3415 1186 Ταχαγτζιάρις

1838 1207 2160 1279 ἀπολυθείη.
2190 1206 2304 1262 Καὶ
2326 1208 2524 1277 γέγονε
2550 1207 2728 1272 τοῦτο,
2751 1208 2881 1278 μιᾶς
2897 1206 3122 1277 γνώμης
3155 1205 3414 1270 συνόλων,

1837 1300 1915 1363 ὥς
1945 1300 2131 1372 ἐῴκει,
2191 1300 2515 1371 γινομένων,
2568 1301 2658 1354 ὅτε
2692 1300 2787 1353 καὶ
2839 1299 3106 1367 δοξάντων
3145 1297 3278 1351 εὐθὺ
3312 1296 3417 1367 τῆς

1840 1394 2051 1456 πόλεως
2095 1391 2341 1447 ἐλαύνειν
2370 1392 2467 1449 κα)⁸
2499 1391 2656 1456 αὖθις
2690 1392 2742 1444 οἱ
2793 1391 2949 1455 ἐκτὸς
2976 1391 3414 1458 ἐσκευαγώγουν,

1839 1483 1996 1555 οὓςή
2039 1484 2236 1555 ἀρότου
2292 1484 2451 1557 χρεία
2480 1485 2822 1554 παραμένειν
2874 1484 3227 1563 κατήπειγεν.
3278 1482 3418 1534 Ἀλλ’

1838 1577 2035 1631 ἐκεῖνοι
2057 1574 2375 1649 Τζουρουλῷ
2395 1577 2792 1647 προσὸαλόντες
2814 1578 2905 1629 ἐπὶ
2926 1574 3019 1630 τοῦ
3046 1575 3420 1644 ὑστερήματος

1840 1666 2212 1735 ἐγεγόνεισαν,
2241 1665 2349 1721 τῶν
2378 1667 2527 1731 ἐντὸς
2553 1666 2909 1736 ἀντεχόντων.
2941 1662 3342 1735 Ταχαγτζιάρις
3363 1662 3421 1716 δὲ

1840 1760 2033 1825 νυκτὸς
2087 1759 2306 1830 σύναμα
2364 1759 2645 1823 πλείστοις
2682 1760 2793 1818 τῶν
2852 1751 3286 1829 Τουρκοΐτούλων
3312 1756 3422 1810 ἀπὸ

1845 1852 2079 1926 ῥυτῆρος
2125 1852 2359 1923 ἤλαυνον
2411 1850 2552 1923 πρὸς
2588 1850 2894 1922 Τζαράπην
2945 1850 3040 1904 ἐπὶ
3070 1849 3293 1921 ’Δπρῳ,
3328 1849 3424 1902 καὶ
3454 1878 3461 1884 -

1843 1944 2290 2016 προσεδέχθησαν
2316 1944 2644 2008 ἐπιστάντες
2665 1944 3147 2015 προϋπηργμένων
3168 1944 3233 1997 ἐκ
3258 1957 3421 2013 μηνυ-

1845 2042 2032 2112 μάτων
2059 2039 2170 2093 τῶν
2200 2037 2508 2109 ὁμολογιῶν
2534 2038 2633 2109 τῆς
2664 2036 3107 2108 αύτομολήσεως.
3142 2035 3207 2089 Oi
3235 2035 3422 2105 μέντοι

1842 2151 1907 2204 γε
1961 2133 2071 2187 τῶν
2100 2131 2336 2203 Περσῶν
2361 2130 2788 2201 ἀπολειφθέντες
2836 2131 2896 2184 ὲν
2926 2127 3274 2200 Τζουρουλῷ,
3313 2145 3421 2199 μα-

1843 2226 2030 2288 θόντες
2051 2226 2112 2278 τὸ
2134 2225 2339 2295 δρᾶμα,
2367 2225 2528 2288 εὐθὺς
2562 2223 2668 2278 ἀνὰ
2690 2224 2890 2294 κράτος
2916 2224 3003 2277 ἐπ’
3036 2222 3318 2293 αἰγιαλοὺς
3343 2220 3423 2283 ὡς

1842 2315 2442 2386 διαπεραιωθησόμενοι
2491 2315 2758 2385 φεύγουσι
2815 2314 2893 2385 τῷ
2951 2316 3075 2378 ταῖς
3122 2314 3285 2368 ναυσὶ
3308 2311 3420 2366 τῶν

1856 2409 1987 2461 Ἰτα)
1999 2407 2076 2460 ὦν
2109 2405 2437 2478 χρήσασθαι.
2461 2403 2538 2461 Ού
2566 2407 2673 2477 μὴν
2701 2405 2758 2459 δὲ
2785 2405 2926 2460 ἀλλὰ
2964 2405 3060 2458 καὶ
3087 2403 3286 2459 Ἰταλοὶ
3316 2401 3417 2472 τὴν

1844 2501 2044 2572 χλεύην
2075 2498 2152 2569 μὴ
2181 2498 2495 2566 ἐνεγκόντες
2522 2497 2752 2551 κατόπιν
2787 2495 3068 2551 διώκουσι.

2220 2591 2262 2644 λ’
2292 2590 2433 2659 Περὶ
2461 2590 2569 2646 τοῦ
2591 2589 2858 2659 Φαρέντα
2890 2587 3081 2657 Τζὶμῆ.

1878 2694 1883 2699 ’
1917 2685 2003 2759 [Ρ.
2038 2681 2168 2757 442]
2201 2684 2308 2737 Καὶ
2333 2681 2525 2750 ἔδοξαν
2554 2682 2738 2753 ἀγαθὰ
2764 2680 2941 2737 ταῦτα
2982 2679 3298 2753 Ῥωμαίοις,
3330 2678 3427 2734 καὶ

1847 2869 2214 2939 impetrarunt
2244 2865 2562 2922 dilationem
2589 2863 2776 2930 caedis,
2805 2864 3076 2920 contentis
3102 2862 3157 2917 in
3188 2874 3424 2932 praesens

1846 2959 2206 3031 Amogabaris
2255 2959 2310 3014 in
2353 2959 2634 3014 custodias
2669 2972 2861 3013 omnes
2909 2944 3143 3010 condere
3188 2954 3428 3010 securis—

1846 3056 2034 3108 simas.
2067 3051 2159 3108 Sic
2204 3051 2551 3108 reconciliata
2597 3050 2701 3106 sibi
2753 3049 2973 3105 Persica
3019 3047 3238 3113 militia,
3290 3044 3423 3103 etei

1850 3145 2094 3200 vicissim
2137 3140 2241 3211 ipsi
2290 3155 2507 3212 quoque
2544 3139 2723 3197 Latini
2767 3140 2961 3209 placati
3002 3155 3062 3194 ac
3100 3139 3208 3209 iam
3251 3138 3429 3195 denuo

188 3250 398 3306 repente
425 3239 505 3294 ira
543 3238 748 3308 ingenti
790 3252 1189 3311 consurgentes
1232 3242 1479 3299 institere
1531 3244 1744 3299 sum’ma
1773 3240 1818 3299 C
1855 3240 2107 3303 lidentes,
2136 3251 2259 3291 cum
2308 3234 2512 3290 vellent
2547 3233 2733 3303 copias
2772 3242 2964 3287 contra
3000 3230 3295 3287 Tzurulum
3324 3231 3428 3284 du~

188 3320 230 3382 vi
265 3328 569 3402 fugacibus.
606 3331 984 3400 Deprehensos
1033 3331 1148 3387 acri
1204 3332 1380 3388 adorti
1433 3334 1619 3404 praelio
1655 3348 1748 3388 ca-

189 3420 314 3476 dunt
339 3422 662 3492 caduntque
687 3423 951 3487 vicissim,
980 3426 1194 3479 tandem
1228 3435 1407 3480 tamen
1434 3441 1536 3479 non
1564 3427 1749 3495 paucis

190 3525 396 3567 suorum
429 3513 670 3577 amissis,
710 3515 804 3569 sed
842 3512 1027 3571 Persis
1061 3515 1219 3585 longe
1251 3517 1517 3586 pluribus,
1556 3533 1750 3589 nempe

191 3618 338 3673 supra
367 3604 634 3660 ducentos
664 3605 993 3671 interfectis,
1046 3607 1188 3663 haud
1233 3606 1397 3663 dubie
1441 3610 1750 3680 superiores

188 3696 433 3762 eradunt,
498 3697 804 3769 Persasque
864 3715 1053 3756 rursus
1082 3701 1159 3769 ,in
1209 3715 1365 3757 suam
1426 3712 1750 3774 poteStatem

191 3790 443 3861 redigunt.
491 3789 557 3845 Hi
587 3806 712 3846 eum
746 3791 893 3848 aliud
922 3807 1029 3849 non
1063 3802 1305 3863 possent,
1348 3795 1543 3850 iterum
1592 3797 1753 3852 incli-

191 3880 383 3935 nabant
398 3882 466 3937 ad
490 3882 832 3938 militandum
859 3884 1244 3956 Amogabaris,
1262 3896 1320 3939 ut
1344 3895 1525 3943 antea.
1547 3887 1750 3945 Verum

190 3972 318 4040 ipsos
353 3976 407 4029 hi
434 3975 729 4032 admittere
774 3992 834 4032 se
864 3977 1000 4034 velle
1038 3978 1093 4033 in
1125 3983 1304 4035 socios
1335 3992 1625 4051 negarunt,
1656 3992 1753 4040 aut

191 4072 399 4126 omnino
426 4071 497 4127 iis
520 4071 707 4139 ﬁdere,
732 4074 837 4129 nisi
855 4068 1013 4142 prius
1029 4076 1129 4131 sibi
1159 4077 1437 4132 traderent
1462 4092 1566 4130 non
1596 4077 1757 4134 modo

193 4160 440 4218 lsaacium
475 4163 761 4231 Melecnni,
785 4167 880 4222 sed
916 4169 1160 4238 ipsorum
1185 4184 1403 4241 quoque
1434 4169 1756 4241 przefectutn

194 4254 622 4325 Tachantziarin,
674 4260 767 4330 qui
806 4263 1026 4331 proprie
1082 4262 1423 4335 Turcopulos
1471 4265 1755 4329 ductabat.

193 4347 303 4415 quin
324 4350 614 4406 ettertium
629 4351 820 4408 lsaacii
841 4352 1024 4410 Meleci
1046 4371 1384 4426 germanum.
1401 4358 1760 4426 quomaxime

196 4440 370 4498 visoad
390 4442 748 4499 defectionem
778 4446 988 4501 inducti
1007 4449 1367 4517 putabantur.
1391 4450 1488 4507 His
1512 4451 1758 4515 traditis,

198 4528 385 4589 lsaacio
409 4535 629 4603 quidem
640 4535 797 4606 iusso
827 4537 1027 4593 collum
1055 4540 1212 4609 cippo
1244 4542 1555 4611 apprimere
1598 4552 1762 4615 caput

1848 3347 1996 3399 cere,
2022 3327 2321 3400 Turcopuli
2344 3336 2687 3397 uegaruntse
2710 3328 2904 3391 ituros,
2926 3325 3029 3379 nisi
3053 3323 3165 3379 dux
3184 3325 3430 3392 ipsorum

1849 3423 2272 3482 Tacbantziaris
2288 3420 2443 3492 prius
2457 3420 2702 3476 custodia
2723 3419 3070 3475 liberaretur.
3095 3418 3429 3475 Concessum

1851 3520 1959 3575 hoc
1990 3518 2098 3572 illis
2125 3525 2229 3580 est,
2272 3515 2346 3571 ita
2377 3524 2437 3569 ut
2483 3512 2750 3567 universa:
2774 3511 2890 3581 jam
2934 3511 3104 3582 copia:
3134 3510 3433 3565 concordes

1850 3620 1906 3668 et
1930 3610 1994 3665 ad
2020 3608 2235 3679 quidvis
2262 3621 2374 3661 uno
2395 3605 2579 3660 animo
2601 3605 2868 3674 agendum
2900 3605 3040 3660 satis
3069 3604 3199 3673 ipsis
3228 3613 3435 3672 parata:

1851 3705 2189 3757 viderentur.
2249 3700 2387 3757 Hinc
2449 3714 2643 3756 rursus
2695 3699 2865 3754 didita
2924 3697 3070 3754 fama
3129 3708 3212 3754 est
3260 3706 3436 3752 totum

1856 3795 2008 3851 illum
2044 3793 2343 3851 exercitum
2380 3802 2531 3847 recta
2581 3792 2636 3846 in
2688 3792 2877 3847 urbem
2911 3806 3332 3860 processurum;
3367 3804 3436 3844 ex

1855 3905 1964 3960 qtto
1992 3906 2128 3942 nova
2163 3887 2387 3942 incessit
2413 3887 2705 3956 trepidatio
2733 3878 2968 3943 rusticos
2986 3887 3248 3942 sementis
3271 3900 3435 3941 causa

1859 3981 2121 4037 faciendae
2170 3997 2298 4036 rure
2337 3980 2604 4038 hactenus
2660 3989 2922 4045 moratos,
2961 3988 3020 4036 ut
3069 3994 3440 4038 convasarent

1858 4076 1962 4144 ipsi
1993 4076 2103 4143 jam
2139 4088 2379 4145 quoque,
2411 4088 2580 4143 seque
2613 4090 2680 4130 ac
2732 4089 2828 4129 sua
2857 4077 3002 4130 intra
3033 4075 3188 4131 urbis
3234 4077 3437 4131 naenia

1858 4166 2136 4242 conditum
2160 4174 2470 4222 currerent.
2490 4165 2696 4222 Verum
2719 4166 3045 4238 Amogabari
3068 4177 3195 4223 tunc
3216 4169 3436 4238 quidem

1858 4240 2318 4329 oppugnationem
2359 4259 2582 4315 Tzuruli
2623 4260 2958 4331 aggressioni
3001 4240 3156 4315 urbis
3202 4276 3441 4321 praevero

1862 4352 2082 4407 tendam
2117 4352 2218 4408 rati
2246 4351 2446 4421 oppido
2475 4367 2536 4407 se
2570 4352 2661 4407 isti
2697 4353 3082 4416 admoverunt,
3117 4352 3258 4406 haud
3290 4351 3437 4421 quali

1861 4455 2219 4514 speraverant
2249 4459 2503 4500 successu
2540 4462 2556 4499 :
2589 4444 2767 4499 valida
2786 4445 2988 4515 quippe
3016 4443 3437 4499 Taurulensinut

1864 4535 2183 4591 defensione
2211 4534 2415 4606 repulsi
2453 4536 2652 4590 damna
2684 4550 2793 4590 non
2849 4549 3016 4602 parva
3059 4534 3434 4603 patiebantur.

195 4624 356 4690 gladio
382 4628 773 4695 absciderunt;
820 4644 923 4685 nec
959 4629 1109 4684 illum
1148 4632 1346 4701 solum,
1391 4635 1484 4689 sed
1532 4643 1591 4688 et
1634 4635 1754 4705 ejus
1788 4624 1833 4679 ι)
1864 4627 1962 4682 llic
2018 4636 2181 4695 capto
2232 4638 2477 4697 tempore
2535 4626 2950 4691 Tacliantziaris
2996 4642 3119 4680 cuni
3164 4627 3439 4697 plerisque

198 4713 405 4772 fratrem
461 4716 611 4774 ferro
650 4720 858 4788 pariter
903 4719 954 4773 in
1004 4720 1271 4775 cervicem
1321 4723 1557 4790 impacto
1597 4738 1753 4793 pere-

200 4817 418 4875 merunt,
448 4808 678 4879 deiectis
728 4808 889 4865 simul
927 4811 980 4863 in
1012 4818 1215 4865 terram
1252 4812 1522 4881 capitibus
1569 4815 1755 4869 ambo-

204 4912 327 4963 rum,
345 4900 487 4968 quod
511 4916 618 4955 uno
638 4910 882 4970 tempore
900 4900 1078 4956 fuerat
1096 4902 1315 4972 utrique
1336 4904 1474 4960 ictus
1490 4903 1765 4977 inﬂictusa

203 4983 428 5045 TruncOs
491 4990 616 5045 inde
684 4992 1457 5062 spoliantesimperatorium
1518 4995 1752 5062 diploma

206 5080 446 5134 munitum
479 5096 645 5136 aurea
687 5083 831 5137 bulla
868 5098 1034 5152 super
1068 5083 1355 5138 humerum
1391 5083 1584 5141 Isaacii
1624 5102 1756 5156 pcn-

208 5165 325 5223 dens
351 5173 451 5226 sub
473 5182 624 5226 veste
646 5175 956 5241 reperiunt;
986 5189 1094 5244 quo
1117 5174 1258 5231 lecto
1289 5175 1342 5229 in
1375 5191 1442 5230 eo
1463 5177 1757 5233 observant

213 5262 507 5317 nominatim
540 5264 800 5321 invitatos
835 5268 1044 5337 magnis
1075 5269 1315 5337 przemiis
1344 5269 1638 5339 propositis
1688 5273 1754 5323 ad

213 5358 572 5411 transeundum
622 5357 678 5411 in
719 5368 906 5428 partes
950 5361 1316 5428 imperatoris,
1347 5363 1510 5434 633
1562 5373 1758 5432 praeter

213 5444 359 5501 duces
388 5464 576 5505 omnes
621 5450 819 5506 Persas
858 5452 912 5506 in
945 5453 1185 5509 Occiduo
1236 5463 1348 5508 tum
1404 5464 1578 5510 tractu
1612 5456 1756 5510 utili-

217 5541 389 5602 tautes,
414 5541 577 5594 etiam
628 5541 1074 5598 Taclianlziarin.
1108 5544 1261 5601 Unde
1297 5545 1502 5614 injecta
1545 5550 1758 5604 cunctis

216 5621 308 5676 illis
345 5630 650 5688 sollicitudo
680 5645 763 5689 est
797 5650 859 5689 se
905 5636 1131 5704 viritim,
1167 5647 1225 5692 ut
1270 5639 1500 5710 quisque
1551 5642 1758 5709 optime

218 5719 391 5785 p‘iltlil,
441 5737 468 5775 a
507 5726 729 5793 cogitati
782 5727 1070 5800 transfugii
1110 5731 1418 5801 suspicione
1467 5733 1756 5802 purgandi.

224 5804 454 5870 [taliones
493 5833 624 5887 ergo
680 5823 928 5876 certatim
981 5824 1047 5877 ad
1101 5825 1151 5878 id
1200 5838 1356 5895 aplas
1403 5835 1760 5890 congerentes

224 5895 518 5977 a"exaltant,
562 5926 670 5966 non
714 5927 941 5995 prorsus
980 5916 1267 5973 inuti’itcr.
1310 5918 1413 5973 Per
1464 5918 1563 5973 bas
1610 5918 1756 5973 enim

1857 4720 2288 4790 Turcopulorutn
2347 4731 2512 4774 noctu
2573 4717 2805 4791 aufugit,
2861 4720 2928 4774 ad
2984 4719 3266 4790 'l’zarapen
3322 4720 3443 4776 arci

1860 4815 2005 4881 Apro
2033 4814 2192 4868 dictae
2213 4813 2528 4882 praefectum
2553 4828 2713 4867 cursu
2731 4822 2995 4869 contento
3024 4828 3085 4869 se
3114 4813 3436 4880 conferens;

1856 4916 1912 4962 et
1978 4907 2251 4963 admissus
2297 4923 2326 4960 ιι
2386 4906 2741 4976 praesidiariis
2793 4907 2934 4963 intra
2980 4917 3221 4964 castrum
3281 4908 3432 4972 illud,

1860 4998 2000 5054 facta
2036 5000 2201 5068 prius‘
2236 5001 2445 5056 idoneis
2500 5000 2719 5055 indiciis
2768 5000 2875 5055 ﬁde
2908 5001 3020 5056 veri
3051 5002 3335 5072 transfugii
3365 5004 3437 5055 ad

1858 5101 2042 5170 partes
2080 5093 2470 5147 Romanorum.
2496 5093 2685 5145 Persas
2711 5102 2890 5147 autem
2917 5092 3089 5149 relicti
3123 5095 3190 5148 ad
3225 5095 3441 5148 Tauru-

1801 5236 1813 5249 ,
1858 5185 1992 5245 lum,
2034 5183 2158 5253 fuga
2205 5181 2636 5251 Turcopulorutn
2687 5187 2928 5255 cognita,
2981 5186 3164 5242 subito
3215 5199 3270 5241 et
3335 5188 3436 5257 ipsi

1860 5291 2054 5329 versus
2108 5276 2292 5329 littora
2347 5274 2581 5341 fugiunt,
2628 5275 2720 5332 ubi
2773 5284 2927 5333 stare
2976 5278 3221 5334 sciebant
3271 5295 3435 5335 naves

1859 5368 2116 5423 Italorum
2162 5383 2383 5433 vacuas,
2416 5368 2618 5437 quibus
2663 5370 2717 5425 vi
2756 5372 3040 5442 occupatis
3090 5372 3340 5440 trajicere
3381 5373 3432 5425 in
3466 5394 3469 5399 ⁴

1860 5462 2049 5514 Asiam
2108 5473 2167 5513 se
2228 5460 2525 5525 sperabant
2586 5477 2766 5529 posse.
2831 5462 2977 5518 liac'
3015 5464 3260 5531 ipsorum
3315 5461 3431 5514 Itali

1863 5548 2085 5617 perfidia
2106 5561 2383 5615 comperta
2407 5559 2555 5606 retro
2579 5552 2835 5619 fugitivos
2866 5556 3248 5623 insequuntur,
3270 5550 3437 5623 634

1860 5638 2261 5708 gratulantibus
2306 5638 2571 5696 Romanis
2608 5642 2792 5699 hostes
2847 5657 2976 5698 suos
3009 5641 3152 5698 civili
3200 5641 3435 5695 invicem

1860 5730 2088 5785 discidio
2119 5733 2467 5787 commissos.

2263 5822 2354 5876 50.
2400 5823 2477 5877 De
2513 5821 2797 5878 Pharenda
2830 5822 3024 5876 Tzime.

1930 5914 2034 5971 Sed
2057 5924 2111 5972 ct
2137 5915 2309 5988 major
2334 5916 2403 5973 iis
2442 5925 2559 5974 erat
2587 5917 2853 5988 gaudendi
2879 5932 3064 5986 causa,
3127 5915 3265 5984 quod
3293 5912 3437 5969 Pha—
