3856 6562
440 419 549 485 099

1677 421 1997 483 GEORGII
2030 422 2225 482 PACIl
2236 423 2331 481 ΥΜ
2344 422 2513 483 EBA!

3580 424 3673 488 700

443 533 680 600 πέμπων
712 529 796 603 [Ρ.
832 529 959 601 Hii]
1007 528 1309 600 ἐπολυώρει
1360 530 1498 598 σφᾶς
1536 532 1751 601 συχνοῖς
1796 531 1889 585 καὶ
1922 545 2019 599 με·
2048 538 2091 593 Α
2123 529 2302 598 ἐχυρῷ
2333 530 2533 600 ἐχρῆτο
2563 530 2831 600 φρουρίῳ,
2887 529 2983 582 καὶ
3016 529 3174 585 ἀπὼν
3206 529 3297 585 διὰ
3325 529 3436 585 τῶν
3476 533 3676 590 οἰκείων

441 612 813 694 γαλοπρεπὲσι
834 623 1090 693 φιλοτιμή
1102 641 1287 692 μασιν.
1307 622 1476 677 Ούδέν
1494 621 1549 675 δὲ
1569 622 1737 675 ταῦτα
1757 621 2019 675 νωθέστε-

446 734 540 788 ρον
564 716 656 770 τὸν
684 717 886 786 Ἀτμὰν
908 717 1125 769 ἐποίουν
1155 717 1250 769 καὶ
1283 717 1413 786 περὶ
1441 717 1542 781 τὰς
1565 716 1792 785 πράξεις
1816 714 2017 768 ὡσανεὶ

349 879 357 889 ι
444 809 914 880 προμηθέστερον,
943 807 1079 861 ἀλλὰ
1105 811 1197 862 καὶ
1228 808 1432 876 μᾶλλον
1462 806 1843 877 παρώτρυνον,
1876 807 2019 860 ὥστε

444 899 538 952 καὶ
576 896 784 966 Νικαία
820 896 1236 961 προσϐάλλοντα
1269 897 1481 966 ἐκσπᾷν
1524 896 1622 964 μὲν
1660 896 2017 965 ἀμπελῶνας,

443 988 731 1057 ἀφανίζειν
761 987 819 1040 δὲ
854 988 1003 1053 λήῖα,
1041 987 1136 1041 καὶ
1174 987 1330 1050 τέλος
1359 987 1687 1058 προσϐαλεῖν
1718 988 2022 1058 Τρικοκκίᾳ

444 1078 523 1148 τῷ
552 1078 660 1131 τῶν
689 1078 962 1131 Νικαιέων
991 1080 1421 1148 ἐπιτειχίσματι,
1462 1080 1557 1132 καὶ
1588 1079 2021 1151 περικαθίσαντα

447 1168 547 1222 σὺν
580 1170 774 1239 πλήθει
805 1173 967 1223 παντὶ
996 1173 1073 1241 τῷ
1111 1172 1236 1242 περὶ
1265 1172 1426 1242 αὐτὸν
1457 1172 1567 1225 τῶν
1600 1172 1825 1243 Περσῶν
1855 1171 2023 1225 πολλὰ

445 1262 549 1329 μὲν
575 1264 770 1316 παθεῖν
791 1264 852 1328 ἐξ
883 1264 1107 1318 ἐκείνων
1136 1264 1473 1336 ἀρειμανίων
1506 1265 1678 1319 ὄντων
1708 1266 1800 1319 καὶ
1823 1264 2026 1334 μᾶλλον

445 1355 703 1425 ῥυτήρων
734 1354 907 1421 τόξων
962 1355 1224 1426 ἀρχῆθεν,
1274 1355 1428 1420 τέλος
1477 1355 1536 1408 δὲ
1573 1358 1700 1419 τοὺς
1739 1356 2021 1426 τάφρους,

444 1440 528 1508 οἷς
554 1447 846 1519 ἐθάρρουν,
884 1448 1137 1517 σταυροῖς
1169 1446 1532 1517 ἀναχώσαντα
1557 1448 1651 1501 καὶ
1676 1448 1904 1517 πέτραις
1930 1447 2027 1501 καὶ

446 1539 686 1609 δένδροις
719 1540 813 1593 καὶ
855 1539 1106 1611 χώμασιν
1148 1540 1351 1604 αὐτοὺς
1391 1540 1891 1611 παραστήσασθαι,
1932 1541 2028 1594 καὶ

448 1633 611 1701 φόνον
644 1630 745 1701 μὲν
794 1632 964 1684 πολὺν
1002 1631 1427 1702 ἐξεργάσασθαι,
1462 1631 1643 1701 ἐαυτῷ
1671 1630 1729 1685 δέ
1759 1632 1828 1685 τὰ
1861 1632 2030 1686 πιστὰ

447 1723 657 1787 δοῦναι,
691 1721 767 1787 ὥς
818 1740 882 1793 γε
934 1724 1120 1795 ἐῴκει,
1170 1724 1306 1792 πρὸς
1348 1726 1450 1797 την
1482 1726 1590 1778 τῶν
1620 1725 1922 1795 Τοχάρων,
1978 1725 2029 1779 εί

448 1814 773 1878 ἐπιστῶσιν,
831 1813 1101 1868 ἐπίθεσιν.
1136 1814 1342 1883 Θέρους
1385 1815 1444 1867 δὲ
1490 1809 1560 1886 ἦν
1610 1814 1806 1883 ἀκμὴ,
1843 1818 1939 1866 καὶ
1969 1814 2027 1866 al

452 1907 554 1976 μὲν
581 1905 674 1959 τοῦ
710 1875 980 1978 βασιλέως
1011 1908 1138 1976 νῆες
1166 1875 1296 1974 περί
1323 1875 1440 1962 *που
1466 1875 1602 1961 δέκα
1636 1875 1909 1970 μετατοῦ
1937 1908 2033 1959 ἐπὶ⁸
2063 1875 2107 1933 Β

449 1996 547 2051 τοῦ
579 1996 808 2067 στρατοῦ
838 1997 1105 2068 Μαρού).η
1154 1998 1291 2068 πρὸς
1335 1999 1514 2052 Θάσον
1550 1997 2033 2063 ἐξαπεστέλλοντο.

450 2088 565 2144 Καὶ
605 2090 711 2159 γὰρ
760 2089 994 2155 ἐπιστὰς
1028 2093 1095 2161 τῇ
1131 2092 1279 2161 νήσῳ
1311 2090 1434 2144 δυσὶ
1477 2092 1637 2144 ναυσὶ
1687 2091 1956 2162 πρότερον
2007 2093 2036 2144 ό

451 2179 547 2234 τοῦ
573 2179 829 2251 Μανουὴλ
849 2180 1124 2250 Ζαχαρίου
1155 2180 1481 2234 πιστοτάτου
1505 2184 1573 2252 τῇ
1602 2181 1855 2253 βασιλείᾳ
1886 2182 2033 2235 θείου

452 2270 676 2340 ἀνεψιὸς
694 2271 1078 2333 ἀπιστότατος,
1112 2254 1206 2324 καὶ
1240 2269 1503 2341 πειρατοῦ
1528 2272 1729 2340 τρόπον
1751 2272 2036 2343 ἐπιχειρή-

454 2381 590 2432 σας,
626 2366 774 2435 αίρεῖ
802 2366 863 2417 τὸ
911 2364 1192 2436 φρούριον.
1247 2366 1314 2419 '0
1357 2364 1423 2437 δὴ
1471 2366 1565 2419 καὶ
1609 2364 1910 2429 ἀνακτίσας
1960 2366 2037 2431 ὡς

455 2541 912 2614 ερεοιὶὺηςθεε
933 2544 1385 2611 corrumpendis;
1431 2558 1555 2599 mos
1594 2560 1908 2615 oppugnare
1942 2562 2038 2616 ag~

456 2637 704 2703 greditur
734 2635 1103 2700 Tricocciam,
1139 2652 1321 2691 arcem
1356 2639 1407 2690 in
1442 2636 1640 2692 Nicaea:
1671 2637 1871 2693 vicinia
1921 2654 2040 2693 mu-

454 2727 785 2783 nitissimam
831 2736 885 2781 et
932 2728 1081 2781 velut
1115 2730 1585 2798 prapugnaculum
1618 2731 1737 2801 ejus
1771 2732 2036 2787 civitatis.

406 2878 417 2891 ,
456 2820 588 2873 Arta
627 2820 795 2890 ig’tnr
826 2821 878 2874 id
902 2832 1167 2880 castrum,
1197 2822 1456 2878 omnibus
1484 2822 1690 2878 circum
1725 2825 1841 2877 suis
1864 2825 2041 2893 copiis

458 2909 773 2978 dispositis,
803 2910 1091 2966 obsidione
1120 2914 1313 2983 cingit.
1341 2900 1678 2970 Obtinebant
1703 2930 1825 2969 eam
1858 2931 2039 2971 arcem

459 3002 781 3071 prmsidiarii
833 3000 1122 3058 fortissimi
1174 3014 1230 3061 et
1280 3021 1348 3059 ex
1394 3005 1556 3077 longo
1601 3008 2040 3064 exercitatissimi

460 3094 729 3161 arquitze;
783 3088 926 3149 utide
977 3093 1048 3150 ab
1100 3095 1185 3151 his
1239 3111 1449 3151 summa
1509 3097 1557 3150 vi
1613 3096 2044 3167 repugnantibus

462 3186 630 3240 multa
663 3192 717 3238 et
746 3182 931 3254 gravia
968 3189 1073 3258 pati
1105 3186 1304 3242 damna
1348 3188 1551 3243 milites
1580 3189 1831 3247 Atmanis
1859 3193 2041 3246 conti-

460 3278 562 3348 git.
601 3276 813 3333 Tamen
868 3279 921 3333 bi
978 3289 1131 3334 trans
1181 3280 1364 3334 omnia
1418 3281 1703 3335 obstacula
1756 3294 2044 3351 pergentes

462 3386 635 3440 usque
673 3372 737 3424 ad
776 3371 975 3427 fossam
1010 3382 1402 3441 processerunt
1429 3373 1748 3442 profundam
1772 3384 1825 3429 et
1859 3376 2045 3442 latam,

462 3480 568 3535 qua
622 3464 830 3519 obsessi
883 3480 1210 3536 magnopere
1243 3466 1499 3520 lidebant.
1550 3465 1619 3519 At
1664 3480 1783 3520 eam
1835 3465 2043 3533 Persae,

466 3559 800 3613 decussatim
860 3557 1122 3611 connexis
1165 3572 1196 3613 e
1246 3558 1491 3612 trabibus
1537 3572 1703 3627 super
1734 3574 1851 3613 eam
1893 3559 2048 3627 quasi

467 3660 685 3722 pontem
712 3651 1129 3720 suspendentes,
1163 3660 1274 3703 tum
1303 3660 1486 3720 petras
1517 3651 1771 3718 desuper,
1805 3651 2049 3718 arbores,

473 3756 636 3798 terra:
670 3744 918 3797 cumulos
946 3751 1001 3797 et
1026 3746 1305 3808 ruderum,
1339 3743 1483 3798 mole
1513 3743 1719 3811 ingenti
1760 3742 2053 3797 devolven-

466 3847 574 3900 tes,
596 3846 951 3905 coatquarunt
978 3837 1217 3901 tandem,
1241 3846 1291 3890 et
1319 3851 1416 3904 per
1440 3838 1584 3891 illam
1614 3837 1691 3891 sic
1717 3848 2050 3890 constratum

470 3928 775 3984 insilientes
809 3929 863 3981 in
898 3941 1081 3981 muros
1113 3925 1451 3980 Tricoceiam
1494 3930 1543 3979 vi
1587 3936 1872 3996 ceperunt,
1905 3930 2053 3979 caede

471 4022 695 4077 innuaui
735 4030 1078 4087 repertornm
1113 4019 1258 4073 intus
1288 4019 1457 4073 edita.
1496 4017 1568 4071 Ea
1600 4018 1655 4073 in
1686 4018 1990 4072 munitione
2022 4032 2052 4069 a

472 4134 530 4173 se
568 4118 872 4171 instmrata
918 4124 976 4169 et
1026 4114 1283 4184 praesidio
1320 4114 1423 4167 sibi
1476 4112 1865 4166 lidissimorum
1922 4126 2059 4181 prae-

473 4210 656 4264 valido
685 4209 894 4261 insessa
934 4204 1240 4277 perfugium
1296 4206 1497 4259 habere
1544 4219 1603 4259 se
1639 4215 1818 4260 tutum
1856 4219 1920 4258 ac
1956 4220 2054 4274 pa-

479 4313 657 4358 ratutu
689 4302 950 4356 ad\ersus
983 4315 1174 4354 omnes
1208 4314 1369 4354 casus
1402 4297 1554 4362 belli,
1587 4298 1731 4367 quod
1773 4297 2060 4352 imminere

477 4395 579 4467 ipsi
621 4394 899 4449 diceretur
942 4407 971 4446 a
1023 4389 1288 4444 Tocharis
1340 4388 1618 4459 suppetias
1664 4391 1913 4449 Augusto
1964 4402 2058 4441 ve-

479 4484 778 4546 nieitibus,
807 4482 1007 4536 Atman
1037 4479 1294 4534 credidit.
1337 4478 1522 4533 Estas
1549 4494 1712 4547 porro
1748 4489 1865 4532 erat
1908 4492 2058 4531 sum-

2125 621 2370 688 κατεῖχε.
2409 620 2516 673 Kal
2547 619 2633 672 διὰ
2667 620 2840 672 ταῦτα
2886 620 3145 691 βασιλεὺς
3181 622 3568 691 ἐξαποστείλας
3594 629 3676 681 τὸν

2124 712 2218 765 ἐπὶ
2239 710 2333 763 τοῦ
2364 711 2598 781 στρατοῦ
2631 713 2729 766 σὺν
2753 713 2935 777 ναυσὶ,
2958 712 3374 783 προηγούμενον
3398 716 3492 784 μὶν
3513 718 3679 781 αὗτοῖς

2122 801 2223 873 τὴν
2266 802 2359 855 ἐπὶ
2406 803 2509 873 τὴν
2555 803 2721 873 νῆσον
2753 804 3089 875 προσεδρίαν
3117 806 3492 870 ἐπανετίθετο,
3536 809 3616 874 ἐφ’
3642 801 3680 874 ᾧ

2125 894 2220 947 καὶ
2250 893 2309 947 τὸ
2345 894 2607 963 φρούριον
2638 896 3111 967 παραστήσαιντο,
3163 897 3477 963 ἐπέσκηπτε
3506 898 3561 950 δὲ
3594 916 3679 951 που

2124 985 2358 1055 λυωρεῖν
2405 987 2503 1041 καὶ⁹
2542 988 2679 1057 πρὸς
2726 984 2889 1042 Αἶνον
2936 988 3029 1041 διὰ
3080 989 3209 1053 τοὺς
3247 988 3682 1058 Ἀμογαδάρους,

2125 1078 2252 1131 ἐπεὶ
2289 1078 2383 1131 καὶ
2415 1078 2464 1131 oi
2495 1080 2623 1150 περὶ
2658 1080 2753 1131 τὸν
2782 1080 3024 1150 Τζιμῆν,
3054 1080 3130 1143 ὡς
3161 1080 3446 1147 ἐλέγομεν,
3478 1080 3566 1132 ἐπὶ
3600 1082 3685 1151 τὴν

2127 1165 2286 1223 Αἶνον
2330 1172 2617 1241 γενόμενοι
2671 1172 3031 1245 ἐπολιόρκουν
3057 1174 3154 1226 καὶ
3183 1174 3571 1243 ἐνεργέστερον
3598 1176 3687 1226 ἐπ-

2127 1261 2402 1331 εχείρουν,
2429 1263 2571 1316 ὥστε
2620 1264 2716 1316 καὶ
2750 1266 3076 1333 ἀνορύττειν
3109 1266 3174 1317 ἐκ
3205 1266 3408 1335 μέρους
3453 1265 3687 1335 τάκείνης

2127 1351 2388 1421 θέμεθλα,
2429 1353 2480 1405 εί
2504 1355 2598 1407 καὶ
2628 1354 2806 1425 πέτρα
2833 1355 3101 1424 συμφύτῳ
3137 1356 3582 1427 προσαράξαντες
3602 1357 3687 1410 οὐκ

2128 1436 2277 1513 εἶχον
2304 1443 2334 1496 ὃ
2364 1460 2421 1497 τι
2451 1445 2548 1497 καὶ
2574 1444 2867 1515 πράττειν.
2897 1445 3048 1509 Τέως
3085 1445 3144 1499 δέ
3167 1447 3264 1498 καὶ
3290 1448 3343 1499 οί
3385 1447 3549 1510 ἔνδον,
3583 1448 3689 1510 ἐνὸς

2128 1533 2237 1587 τῶν
2262 1537 2460 1604 τέχνην
2483 1535 2736 1605 ὀρύττειν
2758 1535 2995 1606 ἐχόντων
3016 1526 3434 1608 προσφυγόντος
3455 1538 3687 1603 ἐκείνοις,

2129 1624 2446 1696 ἀνώρυττον
2501 1626 2718 1681 ἔνδοθεν
2773 1629 3007 1701 ἀντικρὺ
3037 1672 3054 1695 ,
3115 1631 3211 1683 καὶ
3273 1631 3689 1701 προτερὴσαντες

2129 1717 2333 1788 αἴφνης
2364 1719 2427 1773 τδ
2465 1720 2910 1791 ἁνορυττόμενον
2947 1722 3327 1792 προσάξαντες
3357 1721 3487 1785 τοὺς
3514 1721 3690 1786 ἔξωθεν

2133 1814 2251 1866 ἐκεῖ
2276 1814 2536 1883 συνέσχον
2552 1814 3022 1885 καὶέξηφάνισαν.
3045 1815 3402 1884 Σιτηγεῖσθαι
3429 1814 3476 1868 δ’
3498 1815 3688 1885 ἧθελον,

2134 1907 2217 1958 ὅτι
2265 1906 2358 1959 καὶ
2404 1904 2564 1975 λιμοῦ
2608 1906 2959 1960 ἐκινδύνευον
3011 1907 3261 1975 γίνεσθαι
3313 1906 3690 1976 παρανάλωμα.

2138 1995 2304 2049 ’Ὅθεν
2334 1998 2430 2051 καὶ
2456 1997 2661 2067 μικράς
2687 2014 2841 2061 τινας
2868 1999 3004 2067 νῆας
3030 1998 3523 2068 ἐξετοιμασάμενοι
3568 2000 3622 2060 ἐς
3644 2000 3694 2050 rb

2135 2090 2311 2159 πέραν
2335 2090 2677 2161 κατήπειγον
2711 2090 2808 2160 τῆς
2832 2090 3147 2162 Μαρίτζης,
3177 2091 3263 2159 ἐφ’
3294 2085 3447 2158 ᾧπερ
3467 2091 3529 2143 ἐκ
3559 2088 3697 2142 Βολε-

2136 2181 2234 2252 ροῦ
2268 2184 2633 2250 σιταρκοῖντο.
2679 2178 2779 2247 Δίς
2827 2183 2892 2255 δὴ
2924 2184 3021 2239 καὶ
3055 2186 3197 2240 κατὰ
3246 2186 3525 2240 θάλασσαν
3555 2187 3695 2237 ἐντυι

2135 2275 2324 2346 χὸντες
2369 2274 2421 2328 ei
2465 2274 2561 2328 τοῦ
2596 2276 2689 2328 ἐπὶ
2735 2274 2831 2329 τοῦ
2876 2276 3115 2346 στρατοῦ
3147 2278 3240 2330 ἐπὶ
3284 2278 3385 2345 τὴν
3423 2276 3508 2330 ἐπ’
3545 2275 3698 2337 σύτὰς

2137 2365 2484 2419 ἐπέσπευσαν
2508 2364 2711 2430 δίωξιν,
2744 2364 3157 2437 λιχνευσάμενοι
3196 2367 3336 2438 πρὸς
3371 2368 3433 2419 τὸ
3468 2365 3695 2438 θήραμα.

2138 2521 2339 2577 Fuerat
2376 2531 2556 2576 autem
2617 2520 2692 2576 illi
2760 2530 3023 2591 przeterea
3075 2522 3402 2591 imperatum
3453 2523 3615 2595 639
3652 2533 3700 2577 ut

2138 2614 2266 2670 A‘Zni
2325 2615 2471 2669 arcis
2526 2615 2594 2667 alt
2644 2615 2999 2685 Amogabaris
3051 2615 3311 2681 obsessae,
3373 2621 3546 2687 quoad
3595 2617 3701 2670 inde

2139 2720 2351 2779 posset,
2392 2708 2575 2764 tutela:
2614 2709 2969 2778 prospiceret.
3009 2706 3146 2762 Nam
3186 2708 3405 2763 Tzimes
3433 2725 3551 2762 cum
3581 2710 3699 2771 suis,

2141 2811 2201 2856 ut
2237 2816 2412 2870 nuper
2460 2800 2799 2865 dicebamus,
2830 2815 3024 2856 versus
3065 2799 3270 2855 [Enum
3316 2799 3542 2871 profecti
3596 2814 3698 2853 eam

2144 2894 2502 2948 munitionem
2535 2893 2948 2961 Oppugnabant,
2979 2893 3131 2950 omni
3169 2908 3271 2963 cpe
3294 2893 3543 2963 subigere
3566 2902 3699 2947 sata-

2142 2996 2354 3055 gcntes,
2387 2985 2521 3037 adeo
2567 2993 2624 3035 ut
2655 2983 2927 3038 cuniculis
2977 2984 3079 3038 sub
3111 2984 3330 3038 butnum
3380 2982 3554 3037 ductis
3603 2982 3702 3051 ipsa

2143 3080 2261 3144 ejus
2311 3077 2527 3147 penitus
2559 3075 2773 3130 emoliri
2814 3073 3165 3129 fundamenta
3201 3074 3609 3130 contenderent.
3657 3074 3702 3125 In

2147 3185 2253 3239 quo
2284 3184 2509 3234 ntagnns
2542 3167 2649 3220 illis
2680 3165 2918 3220 occurrit
2960 3166 3136 3230 labor,
3170 3168 3312 3237 quod
3349 3176 3553 3235 petram
3595 3162 3707 3218 sub-

2150 3273 2241 3315 tus
2286 3270 2598 3330 perpetuam
2647 3268 2967 3326 repererunt
3008 3257 3357 3313 ferramentis
3385 3257 3529 3313 haud
3567 3256 3707 3312 facile

2152 3355 2457 3410 forabilcm.
2525 3350 2730 3405 Tamen
2784 3360 2914 3404 cum
2971 3351 3246 3419 inceptum
3317 3359 3707 3419 perseveranter

2151 3450 2406 3504 instando
2453 3445 2839 3514 provelterent,
2885 3454 3192 3515 opportune
3237 3446 3482 3500 obsessis
3531 3443 3708 3499 accidit

2155 3544 2503 3614 transfugere
2536 3544 2601 3597 ad
2656 3542 2803 3610 ipsos
2852 3542 3083 3607 peritum
3120 3539 3407 3607 quemdam
3454 3536 3711 3592 subterra-

2155 3653 2379 3692 neorum
2420 3635 2728 3690 istiumodi
2766 3633 3070 3687 molitorem
3101 3646 3353 3698 operum,
3380 3631 3537 3698 cujus
3567 3642 3708 3682 suaso

2156 3733 2432 3798 ductuque
2468 3728 2803 3781 contrarium
2837 3734 2892 3778 et
2935 3722 3032 3790 ipsi
3073 3721 3386 3778 cuniculum
3441 3718 3707 3780 effodiunt,

2156 3837 2265 3888 quo
2303 3820 2575 3892 progressi
2615 3831 2788 3886 usque
2826 3818 2894 3870 ad
2946 3816 3132 3868 hostes
3187 3827 3330 3867 caeca
3379 3812 3470 3865 illa
3512 3826 3708 3880 progreo

2156 3915 2370 3969 dientes
2408 3913 2492 3965 via
2524 3926 2624 3967 nec
2652 3909 2876 3976 opinato
2907 3905 3280 3976 deprehensos
3315 3904 3710 3963 interemerunt,

2156 4007 2346 4062 labore
2395 4006 2639 4074 ipsorum
2690 4002 2849 4055 irrito
2897 3998 3128 4053 reddito.
3172 3996 3320 4051 Istud
3367 3993 3712 4049 obsidentium

2158 4098 2561 4154 incommodqu
2597 4092 2929 4162 aggravabat
2969 4089 3199 4158 penuria
3228 4095 3647 4147 commeatuum,
3670 4090 3717 4137 et

2161 4191 2288 4246 binc
2316 4198 2497 4242 metus
2526 4203 2593 4239 ne
2619 4184 2765 4239 fame
2792 4184 3056 4252 perirent.
3093 4180 3229 4235 Huic
3259 4189 3320 4234 ut
3350 4179 3569 4234 obviam
3594 4174 3716 4235 male

2162 4284 2326 4347 irent,
2359 4280 2639 4334 naviculas
2668 4276 2964 4347 expediunt
2991 4277 3190 4343 quibus
3224 4273 3277 4327 in
3305 4274 3588 4326 adversam
3616 4268 3714 4323 ιιι-

2162 4377 2314 4431 τίιζα·
2331 4374 2510 4428 amnis
2530 4371 2694 4426 delati
2716 4371 2889 4438 ripam
2912 4384 2943 4423 e
2959 4367 3152 4421 Bolero
3177 4374 3232 4420 et
3250 4365 3396 4432 agris
3410 4359 3716 4418 circumsitis

2164 4470 2418 4524 alimenta
2437 4466 2817 4523 corraderent,
2841 4461 3049 4517 eisdem
3076 4461 3419 4529 postmodum
3443 4456 3653 4526 scaphis
3670 4454 3716 4507 in

481 4597 606 4645 nia;
658 4592 705 4633 et
772 4577 1127 4647 imperatoris
1179 4590 1345 4629 naves
1402 4573 1623 4628 circiter
1667 4574 1873 4636 decem,
1924 4573 2062 4627 duce
2094 4553 2137 4608 θ
2167 4573 2343 4617 οθδιη
2373 4560 2613 4629 ῖβδθτυω
2654 4556 3013 4626 ί¹θΡ⁰¹³⁸³¹¹ἀ³·
3070 4551 3717 4647 Τειιειιιῑρεοειτειὶεςψω

485 4676 593 4730 illis
644 4672 936 4741 pta'posito
997 4671 1088 4739 qui
1140 4667 1406 4722 exertitui
1465 4666 1774 4737 praefuerat,
1831 4664 2058 4731 Marnle,

482 4769 725 4824 Thasum
774 4780 964 4819 versus
1010 4762 1174 4830 iussae
1228 4760 1536 4815 solverunt.
1580 4758 1756 4814 Causa
1807 4757 2059 4811 mittendi

482 4863 609 4923 fuit,
661 4861 802 4926 quod
857 4856 1071 4911 Mantth
1128 4854 1305 4924 patrui
1349 4854 1431 4907 vel
1484 4852 1733 4907 avunculi
1786 4851 2064 4906 Zachariae

488 4956 722 5026 imperio
759 4949 1062 5006 ﬁdelissimi
1096 4964 1262 5017 nepos
1294 4963 1360 5002 ex
1397 4947 1566 5002 fratre
1596 4955 1689 5001 aut
1727 4960 1914 5001 sorore
1942 4958 2066 5014 per-

492 5046 894 5109 fidiosissimus,
938 5042 990 5096 in
1044 5055 1163 5095 eam
1210 5039 1372 5109 paulo
1423 5047 1549 5092 ante
1601 5037 1832 5092 insulam
1874 5037 2064 5107 pirata:

489 5142 599 5198 ritu
646 5139 855 5194 duabus
914 5135 1138 5189 navibus
1180 5133 1509 5202 irrumpens,
1556 5146 1732 5186 arcem
1792 5130 1844 5184 in
1888 5144 1948 5183 ea
1992 5128 2070 5183 si-

494 5247 601 5289 tam
658 5236 1045 5299 occupaverat,
1099 5232 1384 5293 denuoque
1434 5224 1749 5294 diligentius
1802 5221 2067 5276 munitam

491 5340 552 5382 ut
607 5325 715 5394 iam
762 5336 914 5378 suam
965 5320 1219 5378 babebat.
1268 5320 1470 5374 absens
1519 5316 1736 5386 quidem
1791 5315 1927 5382 ipse,
1974 5312 2066 5367 sed

496 5419 699 5473 vicaria
732 5416 831 5470 sibi
890 5414 1121 5469 ﬁdorum
1180 5410 1287 5465 illic
1328 5409 1639 5479 degentium
1677 5416 1949 5476 potestate
1986 5419 2073 5459 rc-

494 5528 649 5584 geus.
696 5511 804 5563 llos
840 5518 901 5563 ut
945 5507 1070 5561 inde
1116 5506 1449 5575 pellerel,et
1479 5501 1709 5569 imperio
1756 5498 2071 5554 restitueret

494 5605 699 5675 injuste
738 5611 1049 5669 usurpatam
1103 5598 1364 5660 insulam,
1398 5610 1557 5664 quem
1613 5590 1912 5655 nominavi,
1945 5602 2068 5642 cum

496 5697 740 5754 exercitu
768 5696 997 5750 navibus
1022 5704 1177 5746 vecto
1211 5690 1507 5760 inperator
1531 5687 1720 5739 ducem
1749 5682 1916 5737 misit.
1954 5678 2071 5743 Ille,

499 5799 562 5845 ut
619 5796 739 5842 erat
784 5786 990 5854 jussus,
1047 5782 1292 5851 exposito
1343 5780 1396 5834 in
1435 5777 1673 5832 Thasum
1726 5774 1917 5833 milite,
1960 5769 2072 5825 illic

507 5885 807 5938 immoraris
844 5893 1021 5933 arcem
1064 5877 1318 5931 amissam
1360 5885 1685 5942 recuperare
1747 5867 2068 5922 canat-amr.

2167 4653 2616 4709 administrantes
2648 4648 2785 4702 forte
2828 4645 3126 4715 conspicati
3173 4658 3479 4698 nostrorum
3521 4643 3717 4709 quidam

2165 4746 2596 4807 classiariorum,
2615 4761 2645 4796 e
2666 4742 2799 4795 mari
2824 4738 3059 4793 flnntinis
3082 4738 3290 4789 alveum
3305 4736 3556 4807 irgressi;
3575 4740 3719 4789 ruunt

2166 4840 2349 4896 statim
2400 4835 2574 4905 cupidi
2611 4843 2896 4887 venatores
2940 4832 2992 4884 in
3037 4831 3269 4900 przedam
3323 4830 3533 4893 visam;
3573 4840 3715 4895 quam

2168 4948 2233 4985 ne
2274 4938 2528 4997 caperent
2579 4927 2709 4980 nihil
2759 4925 2839 4979 eis
2879 4924 3053 4993 magis
3096 4937 3257 4991 quam
3309 4922 3475 4975 nimia
3526 4917 3719 4975 obstitit

2169 5025 2425 5083 aviditas.
2461 5021 2517 5076 Si
2568 5020 2712 5074 enim
2746 5017 2959 5072 lentiori
2994 5014 3319 5086 pedetentim
3346 5011 3612 5083 progressi
3644 5024 3719 5063 re-

2175 5118 2339 5187 migio
2376 5114 2599 5185 cymbas
2635 5110 2877 5175 hostiles,
2919 5109 3116 5179 quibus
3146 5107 3374 5161 fluvium
3407 5106 3617 5175 oblique
3644 5117 3719 5157 se-

2168 5210 2440 5268 cantibus,
2487 5206 2684 5275 quippe
2714 5219 2836 5257 ctttn
2888 5218 2994 5256 non
3036 5202 3327 5256 adversum
3380 5210 3528 5254 recta
3586 5197 3720 5251 littus

2172 5302 2264 5356 Sed
2293 5300 2436 5353 aliud
2471 5298 2640 5351 multo
2681 5294 2943 5349 remotius
2974 5302 3241 5361 peterent,
3274 5290 3467 5360 longus
3493 5296 3605 5342 erat
3640 5296 3723 5354 per

2172 5409 2386 5449 munem
2420 5406 2613 5444 cursus
2647 5387 3009 5445 emetiendus,
3036 5384 3192 5438 evehi
3226 5400 3254 5436 a
3292 5384 3430 5451 ripa,
3457 5380 3594 5433 unde
3626 5373 3723 5430 sol-

2175 5495 2385 5547 verant,
2430 5481 2588 5549 paulo
2613 5479 2775 5534 latius
2811 5477 3090 5540 sivissent,
3127 5476 3605 5546 deprehendissent
3632 5464 3725 5518 uti-

2176 5591 2284 5646 que
2343 5574 2462 5627 illas
2513 5571 2564 5623 in
2621 5567 2816 5632 medio,
2852 5575 2907 5620 et
2957 5581 3059 5619 nec
3097 5562 3443 5633 opinantibus
3487 5567 3725 5626 superve-

2180 5670 2413 5731 nientes,
2458 5661 2609 5731 quasi
2660 5660 2868 5715 retibus
2915 5658 3155 5728 undique
3182 5651 3582 5709 incvitabilibus
3610 5660 3727 5702 con-

2178 5761 2379 5819 clusas,
2428 5770 2550 5811 cum
2608 5753 2724 5807 suis
2782 5750 3070 5804 universas
3129 5747 3442 5801 vectoribus
3489 5745 3541 5801 in
3586 5752 3723 5795 suam

2181 5863 2505 5923 ιιυιιιδιηιοιιι
2529 5847 2885 5915 redegissent,
2920 5840 3024 5896 nisi
3054 5839 3098 5897 si
3129 5854 3271 5909 quae,
3306 5840 3437 5893 nihil
3461 5834 3720 5908 profuturo
