3738 6552
96 428 169 496 701
254 432 273 453 ”
942 421 1040 482 DE
1082 420 1525 483 ANDRONICO
1575 422 2042 487 PALEOIDGO
2073 426 2228 488 LIB.
2268 426 2403 490 VII.

3167 422 3279 491 70‘2

93 538 275 613 τάχ’ἆν
298 534 381 589 καὶ
407 532 804 604 κατηυστόχουν
845 533 945 604 τῆς
978 534 1155 604 ἄγρας
1190 533 1463 598 σίς,τέλος
1485 551 1500 567 ·
1543 534 1590 588 εί
1618 533 1665 592 Α
1693 534 1990 606 ἀποδρὰς),
2028 537 2076 590 οἱ
2112 536 2169 591 δὲ
2220 536 2352 608 περὶ
2404 535 2497 591 τὸν
2537 533 2909 608 Ῥομοφόρτον
2955 536 3277 605 ταττόμενοι

90 636 173 707 τὰρ
191 627 454 698 ύφεικότων
483 623 686 679 τούτων
708 624 809 696 τῆς
830 624 1053 690 ὲλασίας
1076 627 1277 679 ἐκεῖνοι
1304 627 1584 686 ἀνωτστως

92 728 162 783 καὶ
190 722 332 777 εἰσέτι
368 721 457 773 τὸν
499 719 743 788 ποταμὸν
773 719 1132 789 παρήλλαξαν
1151 758 1167 783 ,
1201 728 1300 773 καὶ
1346 722 1442 775 ἐπὶ
1472 721 1584 774 τῶν

87 821 222 875 πέραν
244 814 407 867 τόπων
456 812 514 872 ἐς
557 810 681 862 ὅσον
722 806 793 879 ἦν
840 812 1116 881 ἀπωτέρω
1147 812 1421 879 ἐγένοντο,
1461 812 1584 882 τάχ,

90 914 137 967 ἂν
176 906 445 975 φθάσαντες
495 898 641 956 οὗτοι
692 903 843 966 ἐντὸς
877 903 1138 972 ἀφύκτων
1168 905 1391 974 ἀρκύων
1436 900 1589 974 εἶχον

88 1003 293 1062 ἐκείνους,
325 996 485 1067 μηδὲν
518 994 1067 1066 ὠφεληθησομένους,
1114 995 1202 1069 [Ρ.
1238 996 1369 1069 “6]
1406 998 1454 1051 εί
1490 998 1586 1051 καὶ

87 1098 302 1169 τῇχέρσῳ
340 1094 738 1161 προσήραττον,
780 1091 1048 1147 ἀδυνάτου
1094 1093 1250 1157 ὄντος
1297 1093 1586 1147 ξπανασὼ-

86 1188 226 1254 (εσθαι
261 1184 385 1252 πρὸς
430 1184 558 1245 τοὺς
609 1182 775 1246 ίδίους
821 1184 911 1238 διὰ
968 1184 1030 1237 τὸ
1083 1186 1288 1254 μεταξὺ
1334 1183 1587 1254 ἐμποδὼν

86 1278 247 1334 κεῖσθαι
269 1274 351 1328 τὸν
381 1272 649 1342 ποταμόν.
683 1270 803 1326 Νῦν
832 1271 882 1325 δ’
912 1271 1052 1327 ἀλλὰ
1086 1273 1504 1343 λιχνευσάμενοι
1537 1275 1587 1329 οἱ

85 1373 287 1442 ἡμέτεροι
339 1369 603 1435 ἐμφανεῖς
655 1362 798 1439 ἦσαν
846 1367 1095 1428 ἐκείνους
1151 1367 1588 1432 καταδιώκοντες

84 1468 180 1535 πρὶν
203 1461 522 1533 παραλλάξαι
555 1460 650 1513 τὸν
681 1460 949 1528 ποταμιίν.
980 1460 1147 1514 Ὅθεν
1186 1463 1281 1515 καὶ
1310 1464 1369 1514 ἐν
1415 1461 1588 1532 στενῷ

82 1560 152 1625 τῆς
171 1553 413 1622 σωτηρίας
451 1550 725 1615 ἐλθόντες,
753 1550 879 1604 ἐπεὶ
914 1551 1016 1603 οὐκ
1043 1545 1112 1621 ἦν
1140 1550 1293 1620 σφίσι
1323 1551 1461 1621 πρὸς
1487 1550 1589 1613 τὰς

81 1644 398 1719 τοῦβασιλέως
448 1642 751 1713 μάχεσθαι,
810 1645 1255 1714 προσαράττουσι
1302 1644 1370 1714 τῇ
1424 1641 1586 1714 ξηρᾷ,

81 1743 147 1796 καὶ
172 1743 224 1809 τῇ
246 1738 414 1807 χέρσῳ
440 1735 842 1799 πιστεύσαντες
868 1737 1119 1799 ἑαυτοὺς,
1146 1734 1311 1788 τινῶν
1344 1733 1587 1788 ἑαλωκό-

1687 627 1798 680 τῶν
1827 629 2031 681 λοιπῶν
2059 630 2212 683 οὐδὲν
2239 629 2498 683 ἐπαΐουσι
2528 629 2725 701 (μηδὲν
2753 628 2864 700 γὰρ
2888 629 3050 684 αὐτὸν
3085 629 3277 700 Ῥομοο

1688 722 1887 788 φόρτον
1926 721 1988 773 τὸ
2022 722 2126 775 ὑπὸ
2174 720 2270 775 τὸν
2314 720 2706 793 Μπυριγέριον
2757 720 3054 774 τάττεσθαι
3105 738 3277 775 κατα-

1687 811 1990 883 δέχεσθαι).

1687 922 1780 981 λδ’.
1818 924 1958 992 Περὶ
1992 922 2112 978 τῶν
2137 923 2290 998 ἑπτὰ
2318 923 2475 998 νεῶν
2503 924 2621 979 τῶν
2642 926 2795 998 μετὰ
2824 924 3010 980 Γίδου
3035 925 3274 998 Ἀμογα-

2182 995 2387 1065 ὅὰροις
2417 994 2789 1051 ἐπιστασῶν.

1757 1093 1857 1144 Διὰ
1902 1091 2077 1145 ταῦτα
2124 1091 2152 1144 6
2198 1090 2441 1154 τοιοῦτος
2487 1090 2642 1161 παρὰ
2678 1080 3003 1164 Θευδερίχου
3048 1093 3269 1162 σύναμα

1692 1185 1935 1253 μακραῖς
1956 1186 2148 1238 ναυσὶν
2179 1183 2343 1246 ἑπτὰ,
2373 1183 2449 1247 ὡς
2477 1185 2510 1255 ἡ
2544 1184 2704 1254 φήμη
2730 1179 2900 1256 εἶχεν,
2942 1185 3274 1251 ἐξαποστέλ-

1687 1277 1861 1331 λεται.
1883 1277 1948 1331 Ol.
1965 1276 2023 1330 δὲ
2043 1276 2135 1330 τὸν
2158 1275 2246 1349 [Ρ.
2271 1275 2404 1348 44η
2424 1278 2519 1329 τοῦ
2543 1277 2710 1347 ρηγὺς
2736 1277 2982 1342 Σικελίας
3005 1279 3273 1349 Ματέρκα
3303 1270 3310 1307 ⁸

1688 1373 1927 1441 Φαρὲντε
1961 1368 2138 1425 ταῦτα.
2185 1373 2448 1442 πράττειν
2495 1372 2790 1442 ὲφήμιζον.
2830 1374 2945 1425 Ούκ
2972 1369 3092 1427 οἶδα
3135 1372 3190 1426 δὲ
3222 1372 3271 1425 εί
3304 1360 3310 1370 ’

1689 1464 1847 1527 Γίδας
1879 1463 1956 1519 ὢν
1985 1463 2105 1519 κατ’
2136 1462 2309 1533 δνομα
2359 1448 2611 1533 κρείττον
2645 1465 2755 1517 τῶν
2803 1464 2938 1518 υίῶν
2971 1466 3066 1519 τοῦ
3100 1465 3273 1537 ῥηγδς

1689 1558 2047 1633 ὑπεκρίνετο,
2090 1556 2169 1619 ὡς
2210 1556 2415 1620 ἔξωθεν
2445 1555 2869 1627 περιλαλεῖσθαι
2915 1557 2979 1609 τὸ
3024 1555 3274 1609 τοιοῦτον

1686 1652 1861 1721 δνομα
1888 1651 2035 1706 κατά
2076 1668 2129 1704 τι
2168 1652 2439 1723 σέμνωμα
2482 1653 2770 1723 μέγιστον.
2806 1653 3003 1721 Ὅμως
3048 1651 3147 1720 μὲν
3181 1650 3274 1705 οὖν

1689 1743 1938 1807 mam;
1983 1744 2270 1806 κάκείνου,
2309 1745 2468 1798 οὐδὲν
2507 1745 2646 1807 ὅλως
2685 1746 2736 1797 οί
2767 1744 2971 1807 πάντες
3024 1742 3274 1810 συνεφώ-

81 1851 158 1888 mw
418 1831 541 1892 ταῖς
594 1830 808 1938 νξιυσὶνν
836 1830 925 1938 .0!“
948 1827 1137 1938 πολλξὶ
1161 1827 1465 1938 ,σάςξονταιο
1520 1827 1587 1880 οἱ
1612 1877 1661 1938 Β
1689 1855 1819 1891 νουν
1845 1837 1942 1890 ὑπ’
1969 1836 2121 1909 αὐτῷ
2158 1837 2492 1904 τάττεσθαι,
2543 1839 2636 1891 καὶ
2689 1837 2928 1906 μάλιστα
2969 1836 3275 1905 Ῥομοφόρ-

84 1923 248 2024 μὲγ-οὖν
271 1924 423 1993 ἔργον
454 1921 763 2024 μαχαίρας.
795 1922 853 1974 αι
877 1920 935 1973 δὲ
962 1920 1135 1990 πυρὸς
1158 1920 1410 1987 ἐγένοντο
1439 1936 1585 1991 παρ-
1612 1920 1661 1938 ³’
1688 1947 1800 1994 τος,
1830 1928 2206 2001 ύπερηφανῶν
2235 1928 2374 1992 ὅλως
2404 1931 2500 1981 καὶ
2531 1928 2989 1999 μεγαλιξόμενος,
3016 1931 3064 1982 εί
3088 1926 3276 1998 χώρας

81 2018 297 2087 ανάλωμα.

132 2114 248 2175 Γίδας
272 2111 325 2165 δέ
344 2127 429 2173 1t;
451 2108 681 2179 ἀνεψιδς
702 2108 1031 2180 Θευδερίχου
1053 2106 1147 2162 τοῦ
1171 2106 1312 2162 κατὰ
1333 2107 1588 2160 Σικελίαν

91 2203 351 2270 ὶξὰρχοντος,
401 2201 680 2254 ἀκουσθὲν
712 2200 789 2261 ὡς
820 2199 976 2253 οὐδὲν
1007 2199 1142 2261 ὅλως
1177 2200 1228 2251 οί
1269 2197 1378 2250 τῶν
1425 2197 1586 2265 Ἀμο-

94 2293 273 2362 γαεάρων
324 2290 656 2359 ἐξάρχοντες
704 2288 1128 2358 συμφωνοῦντες
1161 2288 1244 2342 ἑνὶ
1290 2287 1390 2358 τὴν
1435 2289 1588 2356 σφῶν

90 2383 304 2455 ἠγεμονίαν
329 2382 707 2443 πιστεύουσιν,
726 2379 844 2434 ἀλλ’
872 2381 923 2433 οί
963 2380 1062 2450 μὲν
1088 2380 1194 2434 ύπδ
1221 2381 1314 2434 τὸν
1334 2382 1586 2452 Φαρέντα

85 2476 237 2545 τζιμῆν
273 2474 517 2527 ἐθέλουσι
557 2471 877 2537 τάττεσθαι,
934 2472 985 2526 οί
1042 2472 1100 2526 δι
1152 2474 1256 2527 σὺν
1302 2474 1453 2545 αὐτῷ
1507 2471 1586 2545 τῷ

79 2568 262 2638 (lupina
287 2566 381 2635 τὴν
403 2565 711 2636 ἡγεμονίαν
735 2564 844 2618 τῶν
874 2563 1012 2619 ὅλων
1042 2566 1176 2620 Μπυ
1188 2567 1416 2637 ριγερίῳ
1447 2582 1584 2637 προ.

77 2662 276 2729 τρέπουσι
299 2660 409 2728 (καὶ
435 2658 554 2729 γὰρ
599 2651 756 2721 οὗτος
800 2656 961 2722 αὖθις
989 2658 1284 2729 ἐπανῆλθε,
1315 2659 1498 2724 καθὼς
1528 2663 1587 2714 ὲν

76 2757 157 2817 τοῖς
178 2755 269 2808 ἄνω
284 2753 459 2821 λόγοις
490 2752 782 2822 ἐλέγομεν,
814 2753 917 2806 ούκ
943 2750 1059 2807 οἶδα
1092 2753 1211 2817 πῶς
1248 2754 1312 2807 ἐκ
1351 2754 1587 2819 Γενούας

78 2940 172 3003 ipsis
211 2937 408 3006 eil‘ugin,
446 2939 502 2991 in
567 2937 720 2992 littus
774 2938 1024 3009 impacta
1076 2938 1305 2995 ulterius
1342 2949 1591 2997 vectores

76 3047 169 3084 suns
195 3032 239 3084 in
266 3030 510 3085 hostiletn
540 3029 710 3102 640
739 3040 1078 3100 exponerent
1098 3031 1409 3101 regionem,
1436 3043 1590 3088 certo

74 3123 284 3189 perituros
327 3122 378 3175 in
428 3119 557 3176 loco
599 3120 815 3185 infesto,
865 3123 1007 3176 unde
1034 3135 1315 3192 regressus
1349 3124 1480 3194 ipsis
1519 3122 1588 3177 ad

1686 2016 1754 2092 ἦς
1785 2021 1954 2083 αὐτὸς
1977 2022 2068 2074 διὰ
2111 2020 2327 2091 σπάθης
2372 2016 2531 2091 ἦρξε,
2567 2021 2663 2073 καὶ
2708 2021 3045 2074 δυναστείαν
3093 2021 3276 2089 ἑτέρῳ

1689 2113 2054 2185 παραχωροίη
2092 2113 2153 2178 ἒξ
2203 2112 2448 2181 ὑπογύου
2482 2113 2734 2182 φανέντι.
2792 2113 2905 2167 Καὶ
2952 2114 3013 2167 ού
3058 2115 3127 2183 τῇ
3161 2113 3274 2164 τῶν

1687 2207 1897 2261 λοιπῶν
1922 2205 2087 2276 βουλῇ
2113 2206 2488 2275 συνυπήγετο,
2519 2204 2660 2257 ἀλλὰ
2693 2203 2819 2257 καθ’
2843 2203 3007 2257 αὐτὸν
3038 2220 3277 2273 στρατη-

1691 2304 1810 2372 γεῖν
1840 2299 2126 2371 ἠϐούλετο.
2176 2301 2416 2363 Πύστεις
2448 2298 2543 2352 τὸν
2592 2298 2823 2369 βασιλέα
2856 2296 3276 2366 κατελάμϐανον

1691 2394 1787 2449 καὶ⁸
1811 2393 1887 2457 ὡς
1912 2394 2024 2447 οὐδ’
2046 2392 2212 2455 αὐτὸς
2242 2392 2406 2454 Γίδας
2434 2392 2517 2445 ἔτι
2550 2393 2873 2461 προσμενεῖ,
2903 2389 3078 2453 οὕτως
3101 2390 3280 2458 ἀσυμ-

1690 2487 1889 2557 φώνως
1941 2487 2182 2555 ἐχόντων
2218 2484 2645 2555 Ἀμογαόἀρων.
2701 2485 2877 2548 Τέως,
2932 2483 3133 2535 ὁπόσον
3179 2476 3274 2551 ἦν,

1688 2580 1815 2641 τοὺς
1837 2578 1970 2650 περὶ
1994 2579 2214 2648 Τζιμῆν
2246 2575 2678 2647 κατεμάλασσεν
2710 2578 2738 2630 ὁ
2766 2576 2987 2644 κρατῶν
3025 2574 3276 2643 μείζοσιν

1690 2671 1722 2732 ἦ
1760 2671 1880 2724 κατ’
1916 2670 2117 2733 αὐτοὺς
2165 2671 2528 2739 ὑποσχέσεσι,
2560 2670 2659 2723 καὶ
2698 2669 2801 2741 τὴν
2836 2668 2974 2739 πρὸς
3008 2665 3278 2737 ἀλλήλους

1692 2764 1913 2834 ἐφάπαξ
1943 2763 2313 2834 ἀσυμφωνίαν
2340 2762 2599 2817 ἐντεῦθεν
2633 2764 2883 2827 συνίστα,
2910 2761 3123 2823 καὶτὰς
3151 2755 3278 2812 καθ’

1691 2949 1946 3011 navibus,
1975 2947 2084 3011 vel,
2117 2954 2173 2999 nt
2200 2944 2290 2999 alii
2317 2943 2593 3007 dicebant,
2626 2941 2915 2996 Matercam
2948 2939 3275 2993 Pharentetn

1694 3040 1973 3111 proprium
2005 3038 2199 3099 ﬁlium,
2235 3035 2352 3090 sive
2382 3051 2438 3088 re
2475 3049 2602 3086 Vera
2646 3033 2735 3086 hic
2774 3031 3006 3103 venerit,
3036 3031 3150 3085 sive
3172 3026 3274 3083 Gi-

1693 3134 1814 3197 das,
1846 3140 1904 3187 ut
1936 3146 1994 3186 se
2022 3126 2411 3185 venerabiliori
2448 3125 2606 3180 titulo
2632 3123 3062 3188 commendaret,
3086 3138 3145 3177 se
3179 3136 3277 3175 ua-

74 3232 166 3271 suos
191 3231 333 3269 amne
360 3215 593 3284 praealto
624 3212 970 3269 interﬂuente
1001 3216 1399 3283 prohiberetur.
1436 3214 1584 3271 Prae-
1616 3206 1661 3265 (ἶ
1696 3233 1807 3279 tum
1857 3238 1887 3278 θ
2154 3220 2497 3277 Thenderico
2531 3216 2812 3271 simulavit
2845 3224 3138 3284 notamque
3176 3214 3272 3268 lilii

73 3323 251 3380 propere
285 3308 445 3379 igitur
476 3321 605 3363 sese
640 3308 812 3362 nostri
854 3307 1229 3374 ostendentes,
1266 3319 1322 3363 et
1357 3311 1590 3378 scaphas

73 3396 998 3468 insecutiAtnogabarorum‘nondum
1027 3414 1279 3455 emensas
1304 3399 1587 3455 dimidium

73 3493 249 3559 spatium
280 3490 592 3546 latitudinis
647 3490 810 3557 alvei,
859 3504 954 3545 eos
1011 3491 1250 3561 impares
1286 3490 1591 3548 resistendo

68 3589 307 3652 coegerunt
362 3582 646 3651 respicere
701 3582 846 3636 unde
883 3581 1184 3646 solverant,
1235 3591 1291 3637 et
1326 3584 1592 3639 naviculis

71 3675 474 3744 iuripamasuis
530 3676 802 3729 insessam
860 3674 1202 3731 reﬂectendis
1251 3677 1411 3732 saluti
1466 3692 1592 3747 pm-

70 3768 167 3835 pria:
196 3769 485 3823 consulere.
534 3767 616 3822 lla
646 3768 888 3836 plerique
911 3769 1019 3822 isto
1053 3779 1180 3823 sunt
1211 3769 1449 3839 periculo
1496 3769 1591 3823 de-

70 3857 217 3921 iuncti,
241 3859 419 3926 paucis
455 3860 723 3913 duntaxat
772 3861 1012 3927 ipsorum
1049 3868 1102 3914 et
1141 3861 1349 3928 cymbis
1381 3860 1594 3929 aliquot

70 3952 204 4015 Caplis
244 3968 334 4020 per
387 3962 635 4016 nostros,
690 3953 782 4021 qui
826 3952 1075 4006 homines
1118 3953 1337 4017 quidem
1384 3951 1589 4022 gladio,

68 4044 238 4109 cymhas
280 4054 456 4097 autem
503 4045 632 4114 igne
673 4045 1045 4112 absumpsere.
1103 4044 1253 4099 inter
1281 4045 1396 4098 inec
1425 4044 1593 4100 Gidas

67 4134 260 4200 quidam,
296 4151 326 4191 e
359 4135 698 4192 'Blteuderici
732 4136 1069 4192 dominantis
1104 4138 1160 4192 in
1195 4137 1382 4193 Sit-ilia
1423 4141 1591 4204 fratre

67 4238 203 4291 natus,
233 4230 425 4283 missus
453 4242 482 4282 a
519 4238 717 4299 patruo
751 4228 820 4283 ad
868 4228 1245 4301 Amogabaros
1277 4240 1362 4288 est
1400 4246 1588 4287 eorum

64 4318 174 4373 inter
197 4336 326 4386 sese,
356 4321 402 4376 si
454 4330 645 4391 posset
690 4321 829 4385 neri,
876 4322 1339 4379 conciliandorum
1391 4327 1586 4396 gratia.

65 4412 275 4466 Audierat
303 4414 518 4468 scilicet
545 4412 926 4469 Theudericus
962 4414 1213 4469 laborare
1246 4418 1590 4474 dissensione

1694 3318 1840 3387 regis
1883 3316 2043 3372 istius
2092 3313 2194 3370 sibi
2241 3312 2663 3383 appellationem
2720 3310 2973 3377 sumpsit.
3007 3306 3135 3362 Utut
3166 3316 3275 3370 est,

1694 3410 1879 3480 opinio
1908 3417 2035 3463 tunc
2062 3408 2284 3478 quidem
2323 3404 2616 3466 increbuit,
2650 3402 2791 3455 lanna
2817 3399 2927 3454 late
2955 3398 3272 3467 dissipante,

1695 3502 1978 3557 advectum
2026 3500 2108 3554 bis
2136 3499 2364 3554 navibus
2409 3496 2551 3566 regis
2581 3492 2750 3549 Siculi
2780 3492 2976 3546 lilium.
3006 3488 3274 3544 Caeterum

1696 3610 1792 3665 spe
1821 3594 1923 3647 ista
1948 3608 2042 3647 sua
2072 3590 2449 3646 'l‘beudericus
2500 3587 2670 3643 falsus
2698 3593 2782 3641 est
2823 3602 2838 3639 :
2877 3598 3000 3638 nam
3040 3590 3105 3637 ne
3148 3582 3275 3634 huic

1693 3686 1909 3755 quidem
1942 3683 2010 3738 ab
2033 3697 2098 3739 eo
2130 3682 2299 3736 misso
2345 3680 2613 3748 subjicere
2637 3690 2694 3732 se
2729 3690 2916 3732 omnes
2949 3671 3273 3742 Amogahari

1693 3779 2001 3833 voluerunt.
2034 3772 2529 3830 Contumacissime
2560 3770 2705 3824 inter
2737 3778 2968 3823 caeteros
2999 3765 3052 3819 id
3087 3764 3279 3833 rejerit

1695 3867 2066 3931 Romolortus,
2101 3865 2320 3922 sublato
2347 3877 2582 3918 renuens
2610 3859 2920 3929 supercilio,
2944 3868 3001 3912 et
3030 3857 3274 3927 glorian-

1696 3974 1782 4018 ter
1808 3962 2083 4017 disserens
2130 3972 2246 4012 rem
2297 3970 2418 4011 esse
2470 3971 2540 4010 ne
2591 3953 2778 4007 auditu
2832 3952 3047 4020 quidem
3095 3949 3275 4015 primo

1693 4050 2053 4113 tolerabilem,
2089 4063 2225 4117 quas
2269 4046 2385 4116 ipse
2415 4060 2570 4100 arces
2625 4057 2690 4097 ac
2732 4041 2985 4109 regiones
3015 4054 3181 4094 manu
3207 4050 3272 4091 ae

1693 4145 1839 4200 ferro
1868 4143 2149 4214 quasisset
2181 4138 2430 4209 propriis,
2460 4138 2649 4192 alienae
2669 4133 2904 4191 hominis
2928 4133 3088 4187 modo
3121 4144 3277 4199 pere-

1693 4254 1789 4312 gre
1817 4235 2022 4307 appulsi
2060 4232 2297 4288 obnoxie
2347 4231 2544 4286 cedere
2589 4228 2875 4300 potestati.
2926 4223 3071 4296 Ergo
3105 4223 3185 4276 vel
3227 4222 3272 4275 si

1694 4328 1872 4383 cuncti
1910 4327 1975 4379 ad
2002 4324 2241 4379 Siculum
2266 4322 2591 4378 inclinarent
2621 4318 2827 4382 cmteri,
2852 4317 3021 4373 solum
3047 4330 3106 4371 se
3128 4313 3272 4367 haud

1694 4420 2070 4488 acquieturqu
2103 4424 2189 4471 est
2220 4414 2449 4483 superbe
2496 4411 2797 4483 professus,
2833 4423 2933 4464 nec
2979 4420 3274 4462 concessu-

65 4503 171 4557 civili
208 4504 584 4562 Catelanorum
614 4522 725 4573 res,
772 4508 900 4561 dum
929 4523 1245 4575 supremum
1294 4508 1585 4577 imperium
1621 4534 1666 4591 υ
1696 4527 1811 4566 rmn
1843 4510 1957 4574 ulli,
1987 4509 2130 4578 quod
2161 4518 2215 4562 et.
2247 4508 2473 4561 meritus
2503 4513 2557 4559 et
2600 4504 2826 4557 idoneus
2850 4509 3060 4555 teneret
3092 4513 3156 4552 ac
3193 4508 3275 4550 te-

65 4596 250 4659 partium
296 4600 542 4669 plerique
575 4599 815 4669 ipsorum
852 4599 1105 4655 deferunt
1136 4599 1437 4656 Pharendze
1462 4601 1591 4656 Tzi-

65 4687 133 4741 mi.
170 4689 267 4744 Nec
287 4694 438 4762 pauci
473 4693 589 4757 alii,
615 4692 802 4749 Tzitne
829 4693 948 4761 ipso
979 4695 1332 4758 assentiente,
1368 4698 1591 4750 ductum

63 4785 283 4838 exercitus
313 4787 477 4841 totius
518 4785 823 4842 attribuunt
866 4785 1219 4857 Mpyrigerio,
1253 4788 1369 4855 qui,
1410 4798 1473 4843 ut
1502 4802 1593 4841 su-

64 4874 206 4937 prrius
247 4878 498 4944 diximus,
559 4880 833 4937 abductus
888 4880 1164 4940 Genuam.
1222 4879 1351 4934 inde
1404 4881 1592 4936 nescio

65 4969 286 5029 quomodo
311 4972 552 5041 elapsus,
588 4988 807 5029 rursum
846 4987 913 5027 eo
957 4974 1219 5027 redierat.
1271 4974 1493 5027 Diverse
1523 4975 1591 5027 ab

68 5057 130 5111 his
154 5067 340 5117 cunctis
373 5064 683 5120 sentiebant
710 5064 931 5135 proprie
963 5064 1193 5129 subiecti
1226 5064 1545 5119 Bomot‘orto
1574 5082 1589 5119 :

68 5147 105 5196 hi
128 5150 250 5204 enim
272 5155 387 5207 duci
421 5171 520 5209 suo
551 5153 932 5224 pralecturam
956 5154 1240 5223 copiarum
1274 5155 1589 5207 universam

67 5237 219 5295 deferri
240 5260 443 5311 ιῑιιιιιιιηι
469 5248 786 5310 censebant,
816 5261 915 5301 nec
936 5246 1059 5314 ipsi,
1087 5261 1188 5302 nec
1212 5244 1587 5310 Romol’ortus,

69 5332 221 5401 subjici
248 5336 562 5410 Mpyrigerio
596 5340 955 5395 su5tinentes.

66 5439 132 5497 δι.
161 5444 459 5507 Denavibus
508 5463 702 5523 septem
750 5470 875 5525 cunt
920 5452 1059 5508 Gida
1109 5453 1179 5507 ad
1226 5454 1589 5525 Amogabarut

668 5524 929 5594 appulsis.

119 5602 202 5660 Eas
236 5626 290 5665 se
316 5615 741 5683 compositurum
780 5618 1182 5672 controversias
1213 5618 1593 5673 Theudericus

72 5704 203 5760 πἰιιεν
226 5701 266 5753 si
292 5701 519 5772 aliquem
553 5719 586 5760 e
616 5720 713 5760 sua
743 5708 1092 5775 cognatione,
1124 5707 1212 5761 (ιιιὶ
1244 5724 1404 5763 nemo
1446 5713 1594 5776 ipso-

210 5803 387 5855 parere
435 5805 728 5861 recusaret,
779 5799 848 5852 ad
896 5798 1268 5869 Amogabaros
1311 5802 1583 5865 mitteret,

71 5866 218 5931 Gidam
250 5881 383 5938 hunc
411 5884 477 5941 ad
513 5900 608 5943 eos
641 5887 935 5945 destinavit
963 5866 1087 5944 cum
1136 5901 1349 5963 septem
1398 5891 1579 5963 longis

1696 4618 1827 4659 nere
1859 4615 2023 4670 porro
2058 4598 2218 4653 vellet
2242 4638 2258 4660 ,
2289 4609 2607 4663 supremum
2638 4592 2693 4646 in
2726 4606 2853 4646 suas
2887 4590 3070 4656 copias
3103 4588 3277 4655 impe-

1695 4696 1857 4746 rium.
1890 4690 2095 4744 [lorum
2126 4689 2267 4741 inter
2294 4683 2665 4752 Amogabaros
2699 4696 2886 4735 rumor
2911 4679 3269 4735 discidiornnt

1696 4787 1935 4855 perlatus
1974 4782 2038 4835 ad
2068 4782 2370 4850 Angusmm
2402 4792 2509 4830 non
2546 4775 2711 4842 parvo
2742 4773 2916 4843 ipsius
2951 4771 3142 4827 solatio
3168 4780 3273 4826 est.

1694 4880 1828 4934 Nam
1860 4887 1915 4933 et
1964 4875 2092 4929 hinc
2148 4870 2415 4927 intellexit
2465 4884 2570 4923 non
2608 4867 2965 4938 perstitnrum
3013 4865 3068 4919 in
3122 4864 3277 4919 hisce

1695 4974 1939 5043 partibus
1964 4970 2179 5028 Gidam.
2206 4976 2357 5020 tanta
2393 4964 2581 5031 utique
2611 4961 2882 5016 oll'ensum
2918 4958 3275 5039 contumelia,

1628 5063 1643 5071 ’
1692 5074 1747 5118 et
1776 5079 1923 5130 spent
1953 5061 2079 5115 inde
2103 5058 2352 5125 concepit
2390 5057 2442 5110 in
2474 5064 2656 5123 partes
2683 5052 2993 5107 attrahendi
3028 5051 3279 5121 proprias

1694 5153 1925 5224 alicujus
1961 5153 2185 5205 istorum
2224 5148 2555 5203 discordium
2590 5147 2733 5199 inter
2767 5158 2891 5199 sese
2920 5146 3116 5197 ducunt
3169 5142 3276 5196 La-

1696 5242 1956 5305 tinorum,
1989 5240 2034 5295 si
2066 5239 2273 5292 artibus
2303 5253 2368 5291 eo
2398 5253 2460 5290 ac
2488 5236 2773 5305 promissis
2805 5234 3164 5289 anniteretur.
3196 5234 3275 5288 ΑΙ

1694 5327 1749 5387 id
1777 5348 1906 5402 ergo
1940 5345 1998 5386 se
2033 5332 2288 5398 accingit,
2324 5331 2609 5383 fecundum
2646 5329 2830 5381 talium
2880 5327 3273 5382 industriarutn

1694 5425 1970 5495 ingenium
2013 5422 2137 5477 illnc
2169 5421 2465 5490 applicans,
2498 5420 2761 5489 nihilque,
2795 5430 2851 5472 ut
2879 5420 3088 5474 solebat
3117 5460 3131 5479 .
3168 5417 3275 5471 sibi

1694 5516 1889 5586 reliqui
1937 5514 2146 5570 faciens
2180 5514 2246 5567 ad
2297 5528 2568 5567 summum
2609 5524 2863 5567 conatum
2898 5512 3274 5567 sustentanda

1694 5609 1941 5663 consiliis
1967 5615 2019 5661 et
2052 5606 2299 5660 artiﬁciis
2328 5606 2641 5675 reipubliczn
2676 5604 2925 5667 labantis,
2961 5604 3045 5658 cui
3077 5605 3275 5657 subve-

1697 5702 1817 5755 nire
1848 5701 2017 5753 armis
2062 5710 2113 5754 et
2147 5714 2309 5752 manu
2340 5698 2615 5767 nequiret.
2649 5697 2912 5751 Submisit
2943 5697 3121 5765 itaque
3149 5711 3271 5748 rer-

1696 5806 1778 5849 tos
1818 5792 2071 5848 homines
2120 5792 2186 5845 ad
2231 5790 2456 5845 Tzitnen
2481 5829 2496 5855 ,
2550 5790 2641 5858 qui
2678 5805 2801 5845 eum
2843 5787 2995 5843 novis
3031 5785 3271 5842 ostensis

1689 5904 1850 5960 quam
1880 5887 2430 5963 magniﬁcentissimis
2467 5885 2711 5942 emollire
2746 5883 2981 5955 prmntiis
3014 5896 3077 5937 ac
3109 5882 3267 5957 quasi

2220 6037 2291 6058 κ..
2353 6033 2363 6045 ⁸
