  <div class='ocr_page' id='page_1' title='image "/cluster/home/n/w/nwhite01/storage/ocr_20150623/144/hvd.32044019208339/364.png"; bbox 0 0 3738 6546; ppageno 0'>
   <div class='ocr_carea' id='block_1_1' title="bbox 74 379 2379 462">
    <p class='ocr_par' dir='ltr' id='par_1_1' title="bbox 74 379 2379 462">
     <span class='ocr_line' id='line_1_1' title="bbox 74 379 2379 462; baseline -0.004 -8"><span class='ocrx_word' id='word_1_1' title='bbox 74 397 149 462; x_wconf 79' lang='lat'><strong>709</strong></span> <span class='ocrx_word' id='word_1_2' title='bbox 939 380 1038 442; x_wconf 86' lang='lat' dir='ltr'><strong>DE</strong></span> <span class='ocrx_word' id='word_1_3' title='bbox 1078 379 1528 443; x_wconf 81' lang='lat' dir='ltr'><strong>ANDRONICO</strong></span> <span class='ocrx_word' id='word_1_4' title='bbox 1562 379 2027 442; x_wconf 78' lang='lat' dir='ltr'><strong>PAL/EOLOGO</strong></span> <span class='ocrx_word' id='word_1_5' title='bbox 2057 381 2205 444; x_wconf 90' lang='lat' dir='ltr'><strong>LIB.</strong></span> <span class='ocrx_word' id='word_1_6' title='bbox 2242 380 2379 444; x_wconf 86' lang='lat' dir='ltr'><strong>VII.</strong></span> 
     </span>
    </p>
   </div>
   <div class='ocr_carea' id='block_1_2' title="bbox 3124 383 3229 445">
    <p class='ocr_par' dir='ltr' id='par_1_2' title="bbox 3124 383 3229 445">
     <span class='ocr_line' id='line_1_2' title="bbox 3124 383 3229 445; baseline -0.048 1"><span class='ocrx_word' id='word_1_7' title='bbox 3124 383 3229 445; x_wconf 81' lang='lat'><strong>710</strong></span> 
     </span>
    </p>
   </div>
   <div class='ocr_carea' id='block_1_3' title="bbox 68 494 3233 590">
    <p class='ocr_par' dir='ltr' id='par_1_3' title="bbox 68 494 3233 590">
     <span class='ocr_line' id='line_1_3' title="bbox 68 494 3233 590; baseline 0 -35"><span class='ocrx_word' id='word_1_8' title='bbox 68 508 192 590; x_wconf 64' lang='grc' dir='ltr'>ᾗτῶν</span> <span class='ocrx_word' id='word_1_9' title='bbox 215 500 465 576; x_wconf 70' lang='grc' dir='ltr'>ἡμετέρων</span> <span class='ocrx_word' id='word_1_10' title='bbox 498 494 829 590; x_wconf 63' lang='grc' dir='ltr'><strong>οἰκονομιῶνΔ</strong></span> <span class='ocrx_word' id='word_1_11' title='bbox 862 496 983 590; x_wconf 25' lang='grc' dir='ltr'>ἀπὸ.</span> <span class='ocrx_word' id='word_1_12' title='bbox 1017 496 1129 590; x_wconf 85' lang='grc' dir='ltr'><strong>τῶν</strong></span> <span class='ocrx_word' id='word_1_13' title='bbox 1176 496 1419 590; x_wconf 64' lang='grc' dir='ltr'>έχθρῶν,</span> <span class='ocrx_word' id='word_1_14' title='bbox 1452 496 1546 590; x_wconf 52' lang='grc' dir='ltr'>καλ.</span> <span class='ocrx_word' id='word_1_15' title='bbox 1577 504 1621 559; x_wconf 79' lang='grc' dir='ltr'><strong>Α</strong></span> <span class='ocrx_word' id='word_1_16' title='bbox 1650 497 1980 564; x_wconf 82' lang='grc' dir='ltr'>πνεύματος.</span> <span class='ocrx_word' id='word_1_17' title='bbox 2032 497 2218 551; x_wconf 86' lang='grc' dir='ltr'>Ταῦτα</span> <span class='ocrx_word' id='word_1_18' title='bbox 2260 498 2422 568; x_wconf 78' lang='grc' dir='ltr'>ἡμεῖς</span> <span class='ocrx_word' id='word_1_19' title='bbox 2452 495 2765 569; x_wconf 79' lang='grc' dir='ltr'><strong>βιασθέντες</strong></span> <span class='ocrx_word' id='word_1_20' title='bbox 2809 497 3060 569; x_wconf 85' lang='grc' dir='ltr'>εῐπομεν,</span> <span class='ocrx_word' id='word_1_21' title='bbox 3091 500 3233 571; x_wconf 77' lang='grc' dir='ltr'>πλὴν</span> 
     </span>
    </p>
   </div>
   <div class='ocr_carea' id='block_1_4' title="bbox 66 584 1546 666">
    <p class='ocr_par' dir='ltr' id='par_1_4' title="bbox 66 584 1546 666">
     <span class='ocr_line' id='line_1_4' title="bbox 66 584 1546 666; baseline -0.011 -10"><span class='ocrx_word' id='word_1_22' title='bbox 66 584 162 657; x_wconf 55' lang='lat' dir='ltr'><strong>ita</strong></span> <span class='ocrx_word' id='word_1_23' title='bbox 196 592 510 666; x_wconf 58' lang='grc' dir='ltr'>πριωνάγει</span> <span class='ocrx_word' id='word_1_24' title='bbox 554 592 582 643; x_wconf 85' lang='grc' dir='ltr'>ὁ</span> <span class='ocrx_word' id='word_1_25' title='bbox 624 588 731 642; x_wconf 87' lang='grc' dir='ltr'><strong>τῶν</strong></span> <span class='ocrx_word' id='word_1_26' title='bbox 762 588 872 642; x_wconf 85' lang='grc' dir='ltr'><strong>σῶν</strong></span> <span class='ocrx_word' id='word_1_27' title='bbox 918 584 1143 642; x_wconf 70' lang='grc' dir='ltr'>δικαίων</span> <span class='ocrx_word' id='word_1_28' title='bbox 1173 588 1386 661; x_wconf 67' lang='grc' dir='ltr'>ἔφορος.</span> <span class='ocrx_word' id='word_1_29' title='bbox 1436 587 1546 641; x_wconf 77' lang='grc' dir='ltr'><strong>Καὶ</strong></span> 
     </span>
    </p>
   </div>
   <div class='ocr_carea' id='block_1_5' title="bbox 65 678 1546 752">
    <p class='ocr_par' dir='ltr' id='par_1_5' title="bbox 65 678 1546 752">
     <span class='ocr_line' id='line_1_5' title="bbox 65 678 1546 752; baseline -0.007 -9"><span class='ocrx_word' id='word_1_30' title='bbox 65 691 180 747; x_wconf 78' lang='grc' dir='ltr'>τοῦτο</span> <span class='ocrx_word' id='word_1_31' title='bbox 198 686 368 751; x_wconf 75' lang='grc' dir='ltr'>καλόνς</span> <span class='ocrx_word' id='word_1_32' title='bbox 418 682 556 752; x_wconf 81' lang='grc' dir='ltr'>Πλὴν</span> <span class='ocrx_word' id='word_1_33' title='bbox 586 682 644 735; x_wconf 83' lang='grc' dir='ltr'>δὲ</span> <span class='ocrx_word' id='word_1_34' title='bbox 693 679 855 733; x_wconf 88' lang='grc' dir='ltr'>τοῦτο</span> <span class='ocrx_word' id='word_1_35' title='bbox 887 679 1050 745; x_wconf 80' lang='grc' dir='ltr'>μόνον</span> <span class='ocrx_word' id='word_1_36' title='bbox 1096 678 1546 749; x_wconf 77' lang='grc' dir='ltr'>παρακαλοῦμεν,</span> 
     </span>
    </p>
   </div>
   <div class='ocr_carea' id='block_1_6' title="bbox 63 768 1546 842">
    <p class='ocr_par' dir='ltr' id='par_1_6' title="bbox 63 768 1546 842">
     <span class='ocr_line' id='line_1_6' title="bbox 63 768 1546 842; baseline -0.003 -16"><span class='ocrx_word' id='word_1_37' title='bbox 63 787 119 837; x_wconf 74' lang='grc' dir='ltr'><strong>δτι</strong></span> <span class='ocrx_word' id='word_1_38' title='bbox 143 778 240 833; x_wconf 65' lang='grc' dir='ltr'>ἐπεὶ</span> <span class='ocrx_word' id='word_1_39' title='bbox 265 773 354 837; x_wconf 78' lang='grc' dir='ltr'><strong>τὰς</strong></span> <span class='ocrx_word' id='word_1_40' title='bbox 380 777 472 836; x_wconf 70' lang='grc' dir='ltr'><strong>σὰς</strong></span> <span class='ocrx_word' id='word_1_41' title='bbox 508 771 721 842; x_wconf 66' lang='grc' dir='ltr'>γραφὰς</span> <span class='ocrx_word' id='word_1_42' title='bbox 749 770 849 834; x_wconf 80' lang='grc' dir='ltr'>τὰς</span> <span class='ocrx_word' id='word_1_43' title='bbox 897 771 1035 840; x_wconf 83' lang='grc' dir='ltr'>πρὸς</span> <span class='ocrx_word' id='word_1_44' title='bbox 1062 770 1209 840; x_wconf 80' lang='grc' dir='ltr'>ἡμᾶς</span> <span class='ocrx_word' id='word_1_45' title='bbox 1252 768 1546 832; x_wconf 85' lang='grc' dir='ltr'>συνοδικῶς</span> 
     </span>
    </p>
   </div>
   <div class='ocr_carea' id='block_1_7' title="bbox 62 859 1544 945">
    <p class='ocr_par' dir='ltr' id='par_1_7' title="bbox 62 859 1544 945">
     <span class='ocr_line' id='line_1_7' title="bbox 62 859 1544 945; baseline -0.007 -22"><span class='ocrx_word' id='word_1_46' title='bbox 62 869 342 945; x_wconf 69' lang='grc' dir='ltr'><strong>προστάττεις</strong></span> <span class='ocrx_word' id='word_1_47' title='bbox 374 860 862 931; x_wconf 72' lang='grc' dir='ltr'><strong>ἀναγινώσκεσθαι,</strong></span> <span class='ocrx_word' id='word_1_48' title='bbox 912 862 1010 914; x_wconf 77' lang='grc' dir='ltr'>καὶ</span> <span class='ocrx_word' id='word_1_49' title='bbox 1057 862 1106 914; x_wconf 91' lang='grc' dir='ltr'><strong>οί</strong></span> <span class='ocrx_word' id='word_1_50' title='bbox 1136 859 1360 930; x_wconf 75' lang='grc' dir='ltr'>ἀδελφοὶ</span> <span class='ocrx_word' id='word_1_51' title='bbox 1382 860 1544 931; x_wconf 82' lang='grc' dir='ltr'>ἡμῶν</span> 
     </span>
    </p>
   </div>
   <div class='ocr_carea' id='block_1_8' title="bbox 64 953 1545 1039">
    <p class='ocr_par' dir='ltr' id='par_1_8' title="bbox 64 953 1545 1039">
     <span class='ocr_line' id='line_1_8' title="bbox 64 953 1545 1039; baseline -0.007 -23"><span class='ocrx_word' id='word_1_52' title='bbox 64 967 121 1039; x_wconf 84' lang='grc' dir='ltr'><strong>[Ρ.</strong></span> <span class='ocrx_word' id='word_1_53' title='bbox 143 961 245 1032; x_wconf 61' lang='grc'><strong>851]</strong></span> <span class='ocrx_word' id='word_1_54' title='bbox 265 961 309 1012; x_wconf 83' lang='grc' dir='ltr'>οἱ</span> <span class='ocrx_word' id='word_1_55' title='bbox 331 957 611 1028; x_wconf 74' lang='grc' dir='ltr'>ἡγούμενοι</span> <span class='ocrx_word' id='word_1_56' title='bbox 638 954 1066 1025; x_wconf 70' lang='grc' dir='ltr'>ἐπιψηφίζονται</span> <span class='ocrx_word' id='word_1_57' title='bbox 1089 956 1225 1024; x_wconf 83' lang='grc' dir='ltr'><strong>ήμίν</strong></span> <span class='ocrx_word' id='word_1_58' title='bbox 1244 956 1314 1007; x_wconf 65' lang='grc' dir='ltr'>τὰ.</span> <span class='ocrx_word' id='word_1_59' title='bbox 1339 953 1545 1024; x_wconf 83' lang='grc' dir='ltr'>ἀρεστά</span> 
     </span>
    </p>
   </div>
   <div class='ocr_carea' id='block_1_9' title="bbox 60 1044 1544 1127">
    <p class='ocr_par' dir='ltr' id='par_1_9' title="bbox 60 1044 1544 1127">
     <span class='ocr_line' id='line_1_9' title="bbox 60 1044 1544 1127; baseline -0.004 -23"><span class='ocrx_word' id='word_1_60' title='bbox 60 1063 105 1127; x_wconf 59' lang='grc' dir='ltr'><strong>τῇ</strong></span> <span class='ocrx_word' id='word_1_61' title='bbox 130 1051 355 1121; x_wconf 66' lang='grc' dir='ltr'>ἁγιωσύνῃ</span> <span class='ocrx_word' id='word_1_62' title='bbox 383 1066 496 1110; x_wconf 88' lang='grc' dir='ltr'>σου,</span> <span class='ocrx_word' id='word_1_63' title='bbox 529 1047 616 1101; x_wconf 78' lang='grc' dir='ltr'>ἵνα</span> <span class='ocrx_word' id='word_1_64' title='bbox 644 1045 969 1117; x_wconf 78' lang='grc' dir='ltr'>ἀναγνωσθῇ</span> <span class='ocrx_word' id='word_1_65' title='bbox 1003 1047 1101 1099; x_wconf 75' lang='grc' dir='ltr'>καὶ</span> <span class='ocrx_word' id='word_1_66' title='bbox 1127 1044 1269 1115; x_wconf 75' lang='grc' dir='ltr'>αὓτη</span> <span class='ocrx_word' id='word_1_67' title='bbox 1292 1046 1324 1115; x_wconf 79' lang='grc' dir='ltr'><strong>ή</strong></span> <span class='ocrx_word' id='word_1_68' title='bbox 1354 1045 1544 1116; x_wconf 80' lang='grc' dir='ltr'>γραφή</span> 
     </span>
    </p>
   </div>
   <div class='ocr_carea' id='block_1_10' title="bbox 60 1137 1548 1217">
    <p class='ocr_par' dir='ltr' id='par_1_10' title="bbox 60 1137 1548 1217">
     <span class='ocr_line' id='line_1_10' title="bbox 60 1137 1548 1217; baseline -0.006 -19"><span class='ocrx_word' id='word_1_69' title='bbox 60 1148 186 1217; x_wconf 61' lang='grc' dir='ltr'>ημῶν,</span> <span class='ocrx_word' id='word_1_70' title='bbox 214 1141 292 1195; x_wconf 77' lang='grc' dir='ltr'>καὶ</span> <span class='ocrx_word' id='word_1_71' title='bbox 326 1142 353 1193; x_wconf 87' lang='grc' dir='ltr'><strong>ὃ</strong></span> <span class='ocrx_word' id='word_1_72' title='bbox 380 1157 430 1193; x_wconf 88' lang='grc' dir='ltr'><strong>τι</strong></span> <span class='ocrx_word' id='word_1_73' title='bbox 465 1139 534 1193; x_wconf 83' lang='grc' dir='ltr'>ἂν</span> <span class='ocrx_word' id='word_1_74' title='bbox 565 1137 916 1210; x_wconf 74' lang='grc' dir='ltr'>διακρίνωσιν</span> <span class='ocrx_word' id='word_1_75' title='bbox 955 1138 1030 1201; x_wconf 89' lang='grc' dir='ltr'><strong>ώς</strong></span> <span class='ocrx_word' id='word_1_76' title='bbox 1063 1137 1404 1209; x_wconf 85' lang='grc' dir='ltr'>Χριστιανοί.</span> <span class='ocrx_word' id='word_1_77' title='bbox 1438 1138 1548 1190; x_wconf 78' lang='grc' dir='ltr'><strong>Καὶ</strong></span> 
     </span>
    </p>
   </div>
   <div class='ocr_carea' id='block_1_11' title="bbox 58 1230 1544 1303">
    <p class='ocr_par' dir='ltr' id='par_1_11' title="bbox 58 1230 1544 1303">
     <span class='ocr_line' id='line_1_11' title="bbox 58 1230 1544 1303; baseline -0.005 -13"><span class='ocrx_word' id='word_1_78' title='bbox 58 1240 146 1290; x_wconf 72' lang='grc' dir='ltr'>ἄλλο</span> <span class='ocrx_word' id='word_1_79' title='bbox 166 1234 308 1298; x_wconf 80' lang='grc' dir='ltr'>πιέζει</span> <span class='ocrx_word' id='word_1_80' title='bbox 327 1233 467 1302; x_wconf 74' lang='grc' dir='ltr'>ἡμᾶς</span> <span class='ocrx_word' id='word_1_81' title='bbox 487 1232 812 1303; x_wconf 87' lang='grc' dir='ltr'>δεινότερον,</span> <span class='ocrx_word' id='word_1_82' title='bbox 839 1231 900 1284; x_wconf 79' lang='grc' dir='ltr'>τὸ</span> <span class='ocrx_word' id='word_1_83' title='bbox 925 1231 1019 1287; x_wconf 64' lang='grc' dir='ltr'><strong>ἐπὶ</strong></span> <span class='ocrx_word' id='word_1_84' title='bbox 1040 1230 1311 1293; x_wconf 81' lang='grc' dir='ltr'>τοσούτοις</span> <span class='ocrx_word' id='word_1_85' title='bbox 1335 1230 1544 1300; x_wconf 70' lang='grc' dir='ltr'>χρόνοις</span> 
     </span>
    </p>
   </div>
   <div class='ocr_carea' id='block_1_12' title="bbox 56 1320 1555 1398">
    <p class='ocr_par' dir='ltr' id='par_1_12' title="bbox 56 1320 1555 1398">
     <span class='ocr_line' id='line_1_12' title="bbox 56 1320 1555 1398; baseline -0.006 -16"><span class='ocrx_word' id='word_1_86' title='bbox 56 1327 406 1398; x_wconf 72' lang='grc' dir='ltr'>ἀπριιῦιδάστους</span> <span class='ocrx_word' id='word_1_87' title='bbox 446 1324 724 1394; x_wconf 80' lang='grc' dir='ltr'>διαμένειν</span> <span class='ocrx_word' id='word_1_88' title='bbox 757 1323 928 1394; x_wconf 79' lang='grc' dir='ltr'>ἡμᾶς.</span> <span class='ocrx_word' id='word_1_89' title='bbox 964 1320 1152 1386; x_wconf 78' lang='grc' dir='ltr'>Ἔδοξε</span> <span class='ocrx_word' id='word_1_90' title='bbox 1202 1320 1362 1375; x_wconf 86' lang='grc' dir='ltr'>τοῦτο</span> <span class='ocrx_word' id='word_1_91' title='bbox 1394 1321 1555 1395; x_wconf 55' lang='grc' dir='ltr'>ὑμῖν,</span> 
     </span>
    </p>
   </div>
   <div class='ocr_carea' id='block_1_13' title="bbox 57 1410 1542 1485">
    <p class='ocr_par' dir='ltr' id='par_1_13' title="bbox 57 1410 1542 1485">
     <span class='ocr_line' id='line_1_13' title="bbox 57 1410 1542 1485; baseline -0.005 -12"><span class='ocrx_word' id='word_1_92' title='bbox 57 1419 270 1475; x_wconf 59' lang='lat' dir='ltr'><strong>ratis-rut.</strong></span> <span class='ocrx_word' id='word_1_93' title='bbox 300 1416 460 1469; x_wconf 76' lang='grc' dir='ltr'>Ὅπου</span> <span class='ocrx_word' id='word_1_94' title='bbox 507 1417 542 1485; x_wconf 78' lang='grc' dir='ltr'>ἡ</span> <span class='ocrx_word' id='word_1_95' title='bbox 590 1415 763 1485; x_wconf 81' lang='grc' dir='ltr'><strong>ζημία</strong></span> <span class='ocrx_word' id='word_1_96' title='bbox 811 1414 1026 1480; x_wconf 85' lang='grc' dir='ltr'>πίπτει,</span> <span class='ocrx_word' id='word_1_97' title='bbox 1058 1417 1086 1467; x_wconf 85' lang='grc' dir='ltr'><strong>ὁ</strong></span> <span class='ocrx_word' id='word_1_98' title='bbox 1130 1413 1350 1476; x_wconf 76' lang='grc' dir='ltr'>συνετὸς</span> <span class='ocrx_word' id='word_1_99' title='bbox 1384 1410 1542 1467; x_wconf 71' lang='grc' dir='ltr'>οἶδεν.</span> 
     </span>
    </p>
   </div>
   <div class='ocr_carea' id='block_1_14' title="bbox 55 1504 1541 1577">
    <p class='ocr_par' dir='ltr' id='par_1_14' title="bbox 55 1504 1541 1577">
     <span class='ocr_line' id='line_1_14' title="bbox 55 1504 1541 1577; baseline -0.006 -11"><span class='ocrx_word' id='word_1_100' title='bbox 55 1514 162 1566; x_wconf 58' lang='lat' dir='ltr'><strong>illis</strong></span> <span class='ocrx_word' id='word_1_101' title='bbox 184 1511 260 1564; x_wconf 73' lang='grc' dir='ltr'>κιὶ</span> <span class='ocrx_word' id='word_1_102' title='bbox 281 1507 381 1561; x_wconf 87' lang='grc' dir='ltr'><strong>τῶν</strong></span> <span class='ocrx_word' id='word_1_103' title='bbox 411 1508 693 1577; x_wconf 82' lang='grc' dir='ltr'>προσόδων</span> <span class='ocrx_word' id='word_1_104' title='bbox 736 1506 863 1561; x_wconf 64' lang='grc' dir='ltr'>τῶνε</span> <span class='ocrx_word' id='word_1_105' title='bbox 894 1505 1168 1577; x_wconf 62' lang='grc' dir='ltr'>ὁφςοικίων</span> <span class='ocrx_word' id='word_1_106' title='bbox 1194 1504 1354 1577; x_wconf 85' lang='grc' dir='ltr'>ήμῶν</span> <span class='ocrx_word' id='word_1_107' title='bbox 1415 1523 1541 1560; x_wconf 81' lang='grc' dir='ltr'>στεο</span> 
     </span>
    </p>
   </div>
   <div class='ocr_carea' id='block_1_15' title="bbox 57 1597 1547 1676">
    <p class='ocr_par' dir='ltr' id='par_1_15' title="bbox 57 1597 1547 1676">
     <span class='ocr_line' id='line_1_15' title="bbox 57 1597 1547 1676; baseline 0.01 -29"><span class='ocrx_word' id='word_1_108' title='bbox 57 1604 208 1676; x_wconf 69' lang='grc' dir='ltr'>ρεῐσθαι</span> <span class='ocrx_word' id='word_1_109' title='bbox 231 1602 310 1653; x_wconf 75' lang='grc' dir='ltr'><strong>καὶ</strong></span> <span class='ocrx_word' id='word_1_110' title='bbox 327 1599 433 1654; x_wconf 83' lang='grc' dir='ltr'>ἀπὸ</span> <span class='ocrx_word' id='word_1_111' title='bbox 452 1600 618 1671; x_wconf 84' lang='grc' dir='ltr'>λιμοῦ</span> <span class='ocrx_word' id='word_1_112' title='bbox 641 1600 1030 1671; x_wconf 87' lang='grc' dir='ltr'>ἀποθνήσκειν,</span> <span class='ocrx_word' id='word_1_113' title='bbox 1059 1602 1209 1663; x_wconf 84' lang='grc' dir='ltr'>ποῖος</span> <span class='ocrx_word' id='word_1_114' title='bbox 1239 1597 1418 1652; x_wconf 86' lang='grc' dir='ltr'>κανὼν</span> <span class='ocrx_word' id='word_1_115' title='bbox 1447 1600 1547 1669; x_wconf 81' lang='grc' dir='ltr'><strong>τῆς</strong></span> 
     </span>
    </p>
   </div>
   <div class='ocr_carea' id='block_1_16' title="bbox 62 1689 1548 1764">
    <p class='ocr_par' dir='ltr' id='par_1_16' title="bbox 62 1689 1548 1764">
     <span class='ocr_line' id='line_1_16' title="bbox 62 1689 1548 1764; baseline -0.005 -15"><span class='ocrx_word' id='word_1_116' title='bbox 62 1691 356 1764; x_wconf 75' lang='grc' dir='ltr'>Ἐκκλησίαςῆ</span> <span class='ocrx_word' id='word_1_117' title='bbox 387 1690 516 1745; x_wconf 82' lang='grc' dir='ltr'>ποία</span> <span class='ocrx_word' id='word_1_118' title='bbox 556 1690 668 1744; x_wconf 88' lang='grc' dir='ltr'><strong>τῶν</strong></span> <span class='ocrx_word' id='word_1_119' title='bbox 712 1691 970 1762; x_wconf 83' lang='grc' dir='ltr'>Πατέρων</span> <span class='ocrx_word' id='word_1_120' title='bbox 1003 1690 1199 1761; x_wconf 80' lang='grc' dir='ltr'>πρᾶξις</span> <span class='ocrx_word' id='word_1_121' title='bbox 1244 1689 1276 1759; x_wconf 85' lang='grc' dir='ltr'>ἢ</span> <span class='ocrx_word' id='word_1_122' title='bbox 1309 1691 1439 1742; x_wconf 85' lang='grc' dir='ltr'>ποῖα</span> <span class='ocrx_word' id='word_1_123' title='bbox 1471 1690 1548 1742; x_wconf 91' lang='grc' dir='ltr'>δι-</span> 
     </span>
    </p>
   </div>
   <div class='ocr_carea' id='block_1_17' title="bbox 1647 590 3233 663">
    <p class='ocr_par' dir='ltr' id='par_1_17' title="bbox 1647 590 3233 663">
     <span class='ocr_line' id='line_1_17' title="bbox 1647 590 3233 663; baseline 0.001 -18"><span class='ocrx_word' id='word_1_124' title='bbox 1647 592 1724 655; x_wconf 86' lang='grc' dir='ltr'><strong>ώς</strong></span> <span class='ocrx_word' id='word_1_125' title='bbox 1767 591 2027 662; x_wconf 80' lang='grc' dir='ltr'>Ῥωμαῖοι</span> <span class='ocrx_word' id='word_1_126' title='bbox 2060 593 2153 646; x_wconf 77' lang='grc' dir='ltr'><strong>καὶ</strong></span> <span class='ocrx_word' id='word_1_127' title='bbox 2184 594 2242 645; x_wconf 82' lang='grc' dir='ltr'>ὲν</span> <span class='ocrx_word' id='word_1_128' title='bbox 2264 591 2490 662; x_wconf 82' lang='grc' dir='ltr'>Χριστῷ</span> <span class='ocrx_word' id='word_1_129' title='bbox 2523 590 2926 663; x_wconf 81' lang='grc' dir='ltr'>ἀπελεύθεροι,</span> <span class='ocrx_word' id='word_1_130' title='bbox 2962 595 3023 646; x_wconf 70' lang='grc' dir='ltr'>οὐ</span> <span class='ocrx_word' id='word_1_131' title='bbox 3061 611 3233 647; x_wconf 86' lang='grc' dir='ltr'>κατα-</span> 
     </span>
    </p>
   </div>
   <div class='ocr_carea' id='block_1_18' title="bbox 1646 682 3232 754">
    <p class='ocr_par' dir='ltr' id='par_1_18' title="bbox 1646 682 3232 754">
     <span class='ocr_line' id='line_1_18' title="bbox 1646 682 3232 754; baseline 0.002 -19"><span class='ocrx_word' id='word_1_132' title='bbox 1646 682 1989 751; x_wconf 83' lang='grc' dir='ltr'>δουλούμενοι</span> <span class='ocrx_word' id='word_1_133' title='bbox 2011 682 2111 753; x_wconf 80' lang='grc' dir='ltr'>τὴν</span> <span class='ocrx_word' id='word_1_134' title='bbox 2140 682 2475 751; x_wconf 68' lang='grc' dir='ltr'>ἐλευθερίαν.</span> <span class='ocrx_word' id='word_1_135' title='bbox 2511 682 2703 736; x_wconf 81' lang='grc' dir='ltr'>Καίτοι</span> <span class='ocrx_word' id='word_1_136' title='bbox 2750 700 2813 751; x_wconf 87' lang='grc' dir='ltr'><strong>γε</strong></span> <span class='ocrx_word' id='word_1_137' title='bbox 2848 683 3091 754; x_wconf 85' lang='grc' dir='ltr'>Σευήρου</span> <span class='ocrx_word' id='word_1_138' title='bbox 3135 684 3232 738; x_wconf 76' lang='grc' dir='ltr'><strong>καὶ</strong></span> 
     </span>
    </p>
   </div>
   <div class='ocr_carea' id='block_1_19' title="bbox 1658 771 3224 842">
    <p class='ocr_par' dir='ltr' id='par_1_19' title="bbox 1658 771 3224 842">
     <span class='ocr_line' id='line_1_19' title="bbox 1658 771 3224 842; baseline -0.002 -13"><span class='ocrx_word' id='word_1_139' title='bbox 1658 773 1978 829; x_wconf 76' lang='grc' dir='ltr'>Ἀντωνίνου</span> <span class='ocrx_word' id='word_1_140' title='bbox 2028 772 2241 826; x_wconf 80' lang='grc' dir='ltr'>ἀσεϐῶν</span> <span class='ocrx_word' id='word_1_141' title='bbox 2315 771 2582 842; x_wconf 74' lang='grc' dir='ltr'>βασιλέων</span> <span class='ocrx_word' id='word_1_142' title='bbox 2634 773 2971 841; x_wconf 67' lang='grc' dir='ltr'>ἀντιγραφαὶ</span> <span class='ocrx_word' id='word_1_143' title='bbox 3040 774 3224 840; x_wconf 87' lang='grc' dir='ltr'>καλῶς</span> 
     </span>
    </p>
   </div>
   <div class='ocr_carea' id='block_1_20' title="bbox 1646 863 3228 938">
    <p class='ocr_par' dir='ltr' id='par_1_20' title="bbox 1646 863 3228 938">
     <span class='ocr_line' id='line_1_20' title="bbox 1646 863 3228 938; baseline 0 -20"><span class='ocrx_word' id='word_1_144' title='bbox 1646 865 1872 937; x_wconf 74' lang='grc' dir='ltr'>ἔχουσαι</span> <span class='ocrx_word' id='word_1_145' title='bbox 1913 866 2007 919; x_wconf 68' lang='grc' dir='ltr'>καὶ</span> <span class='ocrx_word' id='word_1_146' title='bbox 2063 866 2157 918; x_wconf 77' lang='grc' dir='ltr'><strong>ἐπὶ</strong></span> <span class='ocrx_word' id='word_1_147' title='bbox 2205 866 2316 928; x_wconf 84' lang='grc' dir='ltr'>τοῖς</span> <span class='ocrx_word' id='word_1_148' title='bbox 2349 863 2599 918; x_wconf 74' lang='grc' dir='ltr'>εὐσεϐέσι</span> <span class='ocrx_word' id='word_1_149' title='bbox 2644 864 2985 935; x_wconf 79' lang='grc' dir='ltr'>κατέχονται,</span> <span class='ocrx_word' id='word_1_150' title='bbox 3024 866 3097 929; x_wconf 86' lang='grc' dir='ltr'>ὡς</span> <span class='ocrx_word' id='word_1_151' title='bbox 3151 868 3228 938; x_wconf 81' lang='grc' dir='ltr'><strong>μή</strong></span> 
     </span>
    </p>
   </div>
   <div class='ocr_carea' id='block_1_21' title="bbox 1647 956 3229 1028">
    <p class='ocr_par' dir='ltr' id='par_1_21' title="bbox 1647 956 3229 1028">
     <span class='ocr_line' id='line_1_21' title="bbox 1647 956 3229 1028; baseline -0.001 -15"><span class='ocrx_word' id='word_1_152' title='bbox 1647 957 2053 1026; x_wconf 71' lang='grc' dir='ltr'>ἀναγκάζεσθαι</span> <span class='ocrx_word' id='word_1_153' title='bbox 2078 958 2229 1028; x_wconf 78' lang='grc' dir='ltr'>παρὰ</span> <span class='ocrx_word' id='word_1_154' title='bbox 2251 957 2482 1026; x_wconf 87' lang='grc' dir='ltr'>δύναμιν</span> <span class='ocrx_word' id='word_1_155' title='bbox 2515 959 2643 1021; x_wconf 81' lang='grc' dir='ltr'>τοὺς</span> <span class='ocrx_word' id='word_1_156' title='bbox 2668 956 2889 1021; x_wconf 83' lang='grc' dir='ltr'>δούλους</span> <span class='ocrx_word' id='word_1_157' title='bbox 2914 957 3017 1012; x_wconf 76' lang='grc' dir='ltr'>κᾶν</span> <span class='ocrx_word' id='word_1_158' title='bbox 3045 960 3229 1012; x_wconf 85' lang='grc' dir='ltr'>ὁπωσ-</span> 
     </span>
    </p>
   </div>
   <div class='ocr_carea' id='block_1_22' title="bbox 1645 1045 3230 1122">
    <p class='ocr_par' dir='ltr' id='par_1_22' title="bbox 1645 1045 3230 1122">
     <span class='ocr_line' id='line_1_22' title="bbox 1645 1045 3230 1122; baseline 0 -17"><span class='ocrx_word' id='word_1_159' title='bbox 1645 1050 1869 1122; x_wconf 80' lang='grc' dir='ltr'>δήποτε.</span> <span class='ocrx_word' id='word_1_160' title='bbox 1900 1045 2055 1111; x_wconf 70' lang='grc' dir='ltr'>ξΕϊτα</span> <span class='ocrx_word' id='word_1_161' title='bbox 2097 1050 2167 1102; x_wconf 88' lang='grc' dir='ltr'><strong>τά</strong></span> <span class='ocrx_word' id='word_1_162' title='bbox 2199 1049 2544 1119; x_wconf 84' lang='grc' dir='ltr'>δικαιώματα</span> <span class='ocrx_word' id='word_1_163' title='bbox 2573 1048 2668 1103; x_wconf 88' lang='grc' dir='ltr'><strong>τοῦ</strong></span> <span class='ocrx_word' id='word_1_164' title='bbox 2699 1049 2834 1103; x_wconf 83' lang='grc' dir='ltr'>Θεοῦ</span> <span class='ocrx_word' id='word_1_165' title='bbox 2866 1050 2943 1115; x_wconf 85' lang='grc' dir='ltr'><strong>ὡς</strong></span> <span class='ocrx_word' id='word_1_166' title='bbox 2977 1052 3066 1105; x_wconf 80' lang='grc' dir='ltr'><strong>ἐπ’</strong></span> <span class='ocrx_word' id='word_1_167' title='bbox 3102 1052 3230 1105; x_wconf 72' lang='grc' dir='ltr'><strong>Ἐκ-</strong></span> 
     </span>
    </p>
   </div>
   <div class='ocr_carea' id='block_1_23' title="bbox 1646 1138 3229 1214">
    <p class='ocr_par' dir='ltr' id='par_1_23' title="bbox 1646 1138 3229 1214">
     <span class='ocr_line' id='line_1_23' title="bbox 1646 1138 3229 1214; baseline -0.001 -18"><span class='ocrx_word' id='word_1_168' title='bbox 1646 1143 1879 1213; x_wconf 86' lang='grc' dir='ltr'>κλησίας</span> <span class='ocrx_word' id='word_1_169' title='bbox 1920 1142 2242 1208; x_wconf 76' lang='grc' dir='ltr'>ἱσταμένους</span> <span class='ocrx_word' id='word_1_170' title='bbox 2290 1141 2446 1204; x_wconf 82' lang='grc' dir='ltr'>ὅλους</span> <span class='ocrx_word' id='word_1_171' title='bbox 2485 1140 2901 1213; x_wconf 84' lang='grc' dir='ltr'>ὲστηλωμένους</span> <span class='ocrx_word' id='word_1_172' title='bbox 2934 1138 3077 1197; x_wconf 72' lang='grc' dir='ltr'>εἶναι</span> <span class='ocrx_word' id='word_1_173' title='bbox 3108 1143 3229 1214; x_wconf 87' lang='grc' dir='ltr'><strong>Θεῷ</strong></span> 
     </span>
    </p>
   </div>
   <div class='ocr_carea' id='block_1_24' title="bbox 1646 1230 3229 1305">
    <p class='ocr_par' dir='ltr' id='par_1_24' title="bbox 1646 1230 3229 1305">
     <span class='ocr_line' id='line_1_24' title="bbox 1646 1230 3229 1305; baseline 0.001 -19"><span class='ocrx_word' id='word_1_174' title='bbox 1646 1234 1747 1299; x_wconf 86' lang='grc' dir='ltr'>δεῖ,</span> <span class='ocrx_word' id='word_1_175' title='bbox 1782 1232 1950 1304; x_wconf 80' lang='grc' dir='ltr'>μηδὲν</span> <span class='ocrx_word' id='word_1_176' title='bbox 1974 1232 2111 1303; x_wconf 79' lang='grc' dir='ltr'>πρὸς</span> <span class='ocrx_word' id='word_1_177' title='bbox 2133 1232 2418 1301; x_wconf 84' lang='grc' dir='ltr'>ἀλλήλους,</span> <span class='ocrx_word' id='word_1_178' title='bbox 2443 1230 2546 1285; x_wconf 83' lang='grc' dir='ltr'>κᾶν</span> <span class='ocrx_word' id='word_1_179' title='bbox 2576 1233 2853 1301; x_wconf 88' lang='grc' dir='ltr'>ἀναγκαία</span> <span class='ocrx_word' id='word_1_180' title='bbox 2878 1235 3229 1305; x_wconf 82' lang='grc' dir='ltr'>παρεμπέσοι</span> 
     </span>
    </p>
   </div>
   <div class='ocr_carea' id='block_1_25' title="bbox 1647 1322 3230 1397">
    <p class='ocr_par' dir='ltr' id='par_1_25' title="bbox 1647 1322 3230 1397">
     <span class='ocr_line' id='line_1_25' title="bbox 1647 1322 3230 1397; baseline 0.001 -20"><span class='ocrx_word' id='word_1_181' title='bbox 1647 1324 1826 1394; x_wconf 85' lang='grc' dir='ltr'>χρεία,</span> <span class='ocrx_word' id='word_1_182' title='bbox 1863 1324 1925 1376; x_wconf 81' lang='grc' dir='ltr'>τὸ</span> <span class='ocrx_word' id='word_1_183' title='bbox 1955 1322 2162 1377; x_wconf 82' lang='grc' dir='ltr'>οίονοῦν</span> <span class='ocrx_word' id='word_1_184' title='bbox 2196 1323 2536 1393; x_wconf 77' lang='grc' dir='ltr'>ὁμιλοῦντας,</span> <span class='ocrx_word' id='word_1_185' title='bbox 2575 1326 2670 1378; x_wconf 78' lang='grc' dir='ltr'>καὶ</span> <span class='ocrx_word' id='word_1_186' title='bbox 2702 1324 2862 1378; x_wconf 86' lang='grc' dir='ltr'>τοῦτο</span> <span class='ocrx_word' id='word_1_187' title='bbox 2889 1326 3098 1397; x_wconf 77' lang='grc' dir='ltr'>ἔπρεπε</span> <span class='ocrx_word' id='word_1_188' title='bbox 3133 1329 3230 1380; x_wconf 80' lang='grc' dir='ltr'>καὶ</span> 
     </span>
    </p>
   </div>
   <div class='ocr_carea' id='block_1_26' title="bbox 1646 1415 3226 1490">
    <p class='ocr_par' dir='ltr' id='par_1_26' title="bbox 1646 1415 3226 1490">
     <span class='ocr_line' id='line_1_26' title="bbox 1646 1415 3226 1490; baseline -0.001 -21"><span class='ocrx_word' id='word_1_189' title='bbox 1646 1418 1779 1487; x_wconf 80' lang='grc' dir='ltr'>ήμίν</span> <span class='ocrx_word' id='word_1_190' title='bbox 1798 1416 2067 1485; x_wconf 87' lang='grc' dir='ltr'>γίνεσθαι,</span> <span class='ocrx_word' id='word_1_191' title='bbox 2087 1415 2328 1470; x_wconf 80' lang='grc' dir='ltr'>δέσποτα</span> <span class='ocrx_word' id='word_1_192' title='bbox 2347 1432 2363 1484; x_wconf 87' lang='grc'><strong>;</strong></span> <span class='ocrx_word' id='word_1_193' title='bbox 2387 1417 2436 1469; x_wconf 87' lang='grc' dir='ltr'><strong>εί</strong></span> <span class='ocrx_word' id='word_1_194' title='bbox 2464 1418 2605 1471; x_wconf 78' lang='grc' dir='ltr'>κατὰ</span> <span class='ocrx_word' id='word_1_195' title='bbox 2639 1418 2907 1489; x_wconf 78' lang='grc' dir='ltr'>μοναχοὺς</span> <span class='ocrx_word' id='word_1_196' title='bbox 2924 1422 3018 1472; x_wconf 75' lang='grc' dir='ltr'>καὶ</span> <span class='ocrx_word' id='word_1_197' title='bbox 3040 1421 3174 1490; x_wconf 63' lang='lat' dir='ltr'><strong>ipse!</strong></span> <span class='ocrx_word' id='word_1_198' title='bbox 3188 1438 3226 1486; x_wconf 60' lang='grc' dir='ltr'>γ,</span> 
     </span>
    </p>
   </div>
   <div class='ocr_carea' id='block_1_27' title="bbox 1647 1506 3232 1585">
    <p class='ocr_par' dir='ltr' id='par_1_27' title="bbox 1647 1506 3232 1585">
     <span class='ocr_line' id='line_1_27' title="bbox 1647 1506 3232 1585; baseline -0.001 -23"><span class='ocrx_word' id='word_1_199' title='bbox 1647 1507 1724 1585; x_wconf 82' lang='grc' dir='ltr'><strong>ὡς</strong></span> <span class='ocrx_word' id='word_1_200' title='bbox 1766 1509 1965 1561; x_wconf 68' lang='grc' dir='ltr'>ἐκεῖνοι</span> <span class='ocrx_word' id='word_1_201' title='bbox 2020 1506 2556 1579; x_wconf 75' lang='grc' dir='ltr'>ὲκκλησιαζώμεθα,</span> <span class='ocrx_word' id='word_1_202' title='bbox 2601 1506 2742 1561; x_wconf 83' lang='grc' dir='ltr'>ὥστε</span> <span class='ocrx_word' id='word_1_203' title='bbox 2784 1510 2858 1580; x_wconf 84' lang='grc' dir='ltr'>μὴ</span> <span class='ocrx_word' id='word_1_204' title='bbox 2896 1510 3074 1573; x_wconf 86' lang='grc' dir='ltr'>καλῶς</span> <span class='ocrx_word' id='word_1_205' title='bbox 3110 1512 3232 1562; x_wconf 75' lang='grc' dir='ltr'>ἑπι-</span> 
     </span>
    </p>
   </div>
   <div class='ocr_carea' id='block_1_28' title="bbox 1650 1599 3230 1672">
    <p class='ocr_par' dir='ltr' id='par_1_28' title="bbox 1650 1599 3230 1672">
     <span class='ocr_line' id='line_1_28' title="bbox 1650 1599 3230 1672; baseline 0.002 -20"><span class='ocrx_word' id='word_1_206' title='bbox 1650 1599 1889 1667; x_wconf 84' lang='grc' dir='ltr'>φώσκειν</span> <span class='ocrx_word' id='word_1_207' title='bbox 1916 1600 2015 1670; x_wconf 79' lang='grc' dir='ltr'>τὴν</span> <span class='ocrx_word' id='word_1_208' title='bbox 2047 1600 2261 1670; x_wconf 76' lang='grc' dir='ltr'>ἡμέραν</span> <span class='ocrx_word' id='word_1_209' title='bbox 2306 1602 2400 1653; x_wconf 73' lang='grc' dir='ltr'>καὶ</span> <span class='ocrx_word' id='word_1_210' title='bbox 2434 1600 2714 1665; x_wconf 77' lang='grc' dir='ltr'>ἀπολύειν,</span> <span class='ocrx_word' id='word_1_211' title='bbox 2757 1602 2892 1672; x_wconf 81' lang='grc' dir='ltr'>μηδέ</span> <span class='ocrx_word' id='word_1_212' title='bbox 2932 1619 3085 1665; x_wconf 87' lang='grc' dir='ltr'>τινας</span> <span class='ocrx_word' id='word_1_213' title='bbox 3121 1603 3230 1655; x_wconf 86' lang='grc' dir='ltr'><strong>τῶν</strong></span> 
     </span>
    </p>
   </div>
   <div class='ocr_carea' id='block_1_29' title="bbox 1650 1684 3230 1763">
    <p class='ocr_par' dir='ltr' id='par_1_29' title="bbox 1650 1684 3230 1763">
     <span class='ocr_line' id='line_1_29' title="bbox 1650 1684 3230 1763; baseline 0.004 -25"><span class='ocrx_word' id='word_1_214' title='bbox 1650 1684 1755 1751; x_wconf 76' lang='grc' dir='ltr'><strong>ἔξω</strong></span> <span class='ocrx_word' id='word_1_215' title='bbox 1779 1689 2189 1758; x_wconf 70' lang='grc' dir='ltr'>προσαπαντᾷν.</span> <span class='ocrx_word' id='word_1_216' title='bbox 2228 1688 2344 1741; x_wconf 87' lang='grc' dir='ltr'>Νῦν</span> <span class='ocrx_word' id='word_1_217' title='bbox 2382 1687 2440 1741; x_wconf 75' lang='grc' dir='ltr'>δὲ</span> <span class='ocrx_word' id='word_1_218' title='bbox 2472 1690 2536 1741; x_wconf 74' lang='grc' dir='ltr'>ἐκ</span> <span class='ocrx_word' id='word_1_219' title='bbox 2571 1690 2932 1759; x_wconf 79' lang='grc' dir='ltr'>μεσονυκτίου</span> <span class='ocrx_word' id='word_1_220' title='bbox 2961 1692 3019 1754; x_wconf 78' lang='grc' dir='ltr'>ἐς</span> <span class='ocrx_word' id='word_1_221' title='bbox 3056 1692 3230 1763; x_wconf 83' lang='grc' dir='ltr'>μέσην</span> 
     </span>
    </p>
   </div>
   <div class='ocr_carea' id='block_1_30' title="bbox 56 1774 3227 1854">
    <p class='ocr_par' dir='ltr' id='par_1_30' title="bbox 56 1774 3227 1854">
     <span class='ocr_line' id='line_1_30' title="bbox 56 1774 3227 1854; baseline -0.002 -13"><span class='ocrx_word' id='word_1_222' title='bbox 56 1786 267 1854; x_wconf 64' lang='lat' dir='ltr'><strong>arripere</strong></span> <span class='ocrx_word' id='word_1_223' title='bbox 288 1782 533 1848; x_wconf 86' lang='grc' dir='ltr'>δίδωσιν;</span> <span class='ocrx_word' id='word_1_224' title='bbox 568 1784 764 1854; x_wconf 84' lang='grc' dir='ltr'>Ὅμως</span> <span class='ocrx_word' id='word_1_225' title='bbox 788 1782 928 1850; x_wconf 72' lang='grc' dir='ltr'>ἔστω</span> <span class='ocrx_word' id='word_1_226' title='bbox 952 1785 1048 1836; x_wconf 71' lang='grc' dir='ltr'>καὶ</span> <span class='ocrx_word' id='word_1_227' title='bbox 1077 1781 1256 1838; x_wconf 90' lang='grc' dir='ltr'>τοῦτο.</span> <span class='ocrx_word' id='word_1_228' title='bbox 1282 1783 1431 1854; x_wconf 83' lang='grc' dir='ltr'>Πλὴν</span> <span class='ocrx_word' id='word_1_229' title='bbox 1461 1783 1547 1836; x_wconf 81' lang='grc' dir='ltr'>ἵνα</span> <span class='ocrx_word' id='word_1_230' title='bbox 1584 1774 1624 1828; x_wconf 82' lang='grc' dir='ltr'><strong><em>Β</em></strong></span> <span class='ocrx_word' id='word_1_231' title='bbox 1652 1776 1862 1849; x_wconf 75' lang='grc' dir='ltr'>ἡμέραν</span> <span class='ocrx_word' id='word_1_232' title='bbox 1887 1778 2179 1849; x_wconf 87' lang='grc' dir='ltr'>ίστάμεθα,</span> <span class='ocrx_word' id='word_1_233' title='bbox 2211 1780 2303 1832; x_wconf 70' lang='grc' dir='ltr'>καὶ</span> <span class='ocrx_word' id='word_1_234' title='bbox 2328 1779 2455 1842; x_wconf 79' lang='grc' dir='ltr'>λαὸς</span> <span class='ocrx_word' id='word_1_235' title='bbox 2479 1781 2573 1834; x_wconf 79' lang='grc' dir='ltr'>καὶ</span> <span class='ocrx_word' id='word_1_236' title='bbox 2597 1782 2801 1852; x_wconf 80' lang='grc' dir='ltr'>πλῆθος</span> <span class='ocrx_word' id='word_1_237' title='bbox 2832 1784 2927 1835; x_wconf 74' lang='grc' dir='ltr'>καὶ</span> <span class='ocrx_word' id='word_1_238' title='bbox 2956 1781 3227 1850; x_wconf 68' lang='grc' dir='ltr'>κώδωνες,</span> 
     </span>
    </p>
   </div>
   <div class='ocr_carea' id='block_1_31' title="bbox 57 1874 1546 1951">
    <p class='ocr_par' dir='ltr' id='par_1_31' title="bbox 57 1874 1546 1951">
     <span class='ocr_line' id='line_1_31' title="bbox 57 1874 1546 1951; baseline -0.003 -19"><span class='ocrx_word' id='word_1_239' title='bbox 57 1881 104 1951; x_wconf 71' lang='grc' dir='ltr'>μὴ</span> <span class='ocrx_word' id='word_1_240' title='bbox 141 1876 423 1946; x_wconf 77' lang='grc' dir='ltr'>αὑτοφόνται</span> <span class='ocrx_word' id='word_1_241' title='bbox 492 1874 828 1946; x_wconf 84' lang='grc' dir='ltr'>γενώμεθα,</span> <span class='ocrx_word' id='word_1_242' title='bbox 882 1877 981 1938; x_wconf 81' lang='grc' dir='ltr'>τὰς</span> <span class='ocrx_word' id='word_1_243' title='bbox 1048 1874 1151 1929; x_wconf 83' lang='grc' dir='ltr'><strong>τῶν</strong></span> <span class='ocrx_word' id='word_1_244' title='bbox 1201 1875 1546 1947; x_wconf 81' lang='grc' dir='ltr'>Χριστιανῶν</span> 
     </span>
    </p>
   </div>
   <div class='ocr_carea' id='block_1_32' title="bbox 54 1952 1549 2041">
    <p class='ocr_par' dir='ltr' id='par_1_32' title="bbox 54 1952 1549 2041">
     <span class='ocr_line' id='line_1_32' title="bbox 54 1952 1549 2041; baseline -0.003 -17"><span class='ocrx_word' id='word_1_245' title='bbox 54 1966 401 2041; x_wconf 76' lang='grc' dir='ltr'>περιθρεξόμεθα</span> <span class='ocrx_word' id='word_1_246' title='bbox 432 1952 608 2039; x_wconf 76' lang='grc' dir='ltr'>θύρας</span> <span class='ocrx_word' id='word_1_247' title='bbox 659 1969 757 2023; x_wconf 71' lang='grc' dir='ltr'><strong>καὶ</strong></span> <span class='ocrx_word' id='word_1_248' title='bbox 804 1967 1211 2038; x_wconf 83' lang='grc' dir='ltr'>ἀπαιτήσομεν,</span> <span class='ocrx_word' id='word_1_249' title='bbox 1247 1968 1342 2020; x_wconf 76' lang='lat' dir='ltr'><strong>atat</strong></span> <span class='ocrx_word' id='word_1_250' title='bbox 1388 1966 1549 2033; x_wconf 84' lang='grc' dir='ltr'>μολο-</span> 
     </span>
    </p>
   </div>
   <div class='ocr_carea' id='block_1_33' title="bbox 55 2058 1544 2133">
    <p class='ocr_par' dir='ltr' id='par_1_33' title="bbox 55 2058 1544 2133">
     <span class='ocr_line' id='line_1_33' title="bbox 55 2058 1544 2133; baseline -0.005 -15"><span class='ocrx_word' id='word_1_251' title='bbox 55 2061 280 2133; x_wconf 75' lang='grc' dir='ltr'>εροὶ,οἶμοι</span> <span class='ocrx_word' id='word_1_252' title='bbox 302 2060 314 2114; x_wconf 87' lang='lat' dir='ltr'><strong>l</strong></span> <span class='ocrx_word' id='word_1_253' title='bbox 336 2059 385 2112; x_wconf 85' lang='grc' dir='ltr'><strong>οί</strong></span> <span class='ocrx_word' id='word_1_254' title='bbox 408 2058 856 2130; x_wconf 79' lang='grc' dir='ltr'>τῆςἝκκλησίας</span> <span class='ocrx_word' id='word_1_255' title='bbox 891 2059 1146 2131; x_wconf 80' lang='grc' dir='ltr'>τρόφιμοι</span> <span class='ocrx_word' id='word_1_256' title='bbox 1174 2061 1240 2113; x_wconf 76' lang='grc' dir='ltr'>ἐκ</span> <span class='ocrx_word' id='word_1_257' title='bbox 1271 2060 1379 2111; x_wconf 89' lang='grc' dir='ltr'><strong>τῶν</strong></span> <span class='ocrx_word' id='word_1_258' title='bbox 1407 2060 1544 2127; x_wconf 84' lang='grc' dir='ltr'>Χρι-</span> 
     </span>
    </p>
   </div>
   <div class='ocr_carea' id='block_1_34' title="bbox 56 2150 1544 2223">
    <p class='ocr_par' dir='ltr' id='par_1_34' title="bbox 56 2150 1544 2223">
     <span class='ocr_line' id='line_1_34' title="bbox 56 2150 1544 2223; baseline -0.005 -14"><span class='ocrx_word' id='word_1_259' title='bbox 56 2156 211 2209; x_wconf 69' lang='grc' dir='ltr'>στιανῶν</span> <span class='ocrx_word' id='word_1_260' title='bbox 254 2152 426 2222; x_wconf 76' lang='grc' dir='ltr'>θυρῶν</span> <span class='ocrx_word' id='word_1_261' title='bbox 472 2152 904 2223; x_wconf 76' lang='grc' dir='ltr'>τραφησόμεθα,</span> <span class='ocrx_word' id='word_1_262' title='bbox 940 2151 1135 2204; x_wconf 85' lang='grc' dir='ltr'>πλατεί</span> <span class='ocrx_word' id='word_1_263' title='bbox 1187 2150 1264 2220; x_wconf 83' lang='grc' dir='ltr'>τῷ</span> <span class='ocrx_word' id='word_1_264' title='bbox 1315 2152 1544 2221; x_wconf 85' lang='grc' dir='ltr'>στόματι</span> 
     </span>
    </p>
   </div>
   <div class='ocr_carea' id='block_1_35' title="bbox 61 2241 1544 2317">
    <p class='ocr_par' dir='ltr' id='par_1_35' title="bbox 61 2241 1544 2317">
     <span class='ocr_line' id='line_1_35' title="bbox 61 2241 1544 2317; baseline -0.005 -16"><span class='ocrx_word' id='word_1_265' title='bbox 61 2243 452 2317; x_wconf 68' lang='grc' dir='ltr'>ίκτρσγφδοῦντες,</span> <span class='ocrx_word' id='word_1_266' title='bbox 477 2244 561 2308; x_wconf 75' lang='grc' dir='ltr'>ὡς</span> <span class='ocrx_word' id='word_1_267' title='bbox 594 2245 762 2308; x_wconf 80' lang='grc' dir='ltr'>εἰκὸς,</span> <span class='ocrx_word' id='word_1_268' title='bbox 788 2246 861 2297; x_wconf 87' lang='grc' dir='ltr'><strong>τά</strong></span> <span class='ocrx_word' id='word_1_269' title='bbox 883 2244 1152 2315; x_wconf 84' lang='grc' dir='ltr'>ήμέτερα.</span> <span class='ocrx_word' id='word_1_270' title='bbox 1186 2241 1544 2313; x_wconf 86' lang='grc' dir='ltr'>Παρακαλοῦ-</span> 
     </span>
    </p>
   </div>
   <div class='ocr_carea' id='block_1_36' title="bbox 61 2333 1541 2410">
    <p class='ocr_par' dir='ltr' id='par_1_36' title="bbox 61 2333 1541 2410">
     <span class='ocr_line' id='line_1_36' title="bbox 61 2333 1541 2410; baseline -0.005 -17"><span class='ocrx_word' id='word_1_271' title='bbox 61 2360 121 2410; x_wconf 71' lang='grc' dir='ltr'>μεν</span> <span class='ocrx_word' id='word_1_272' title='bbox 138 2339 472 2409; x_wconf 69' lang='grc' dir='ltr'>ἡσυχάζοντες.</span> <span class='ocrx_word' id='word_1_273' title='bbox 497 2338 618 2392; x_wconf 76' lang='grc' dir='ltr'><strong>Καὶ</strong></span> <span class='ocrx_word' id='word_1_274' title='bbox 645 2337 721 2409; x_wconf 77' lang='grc' dir='ltr'>μὴ</span> <span class='ocrx_word' id='word_1_275' title='bbox 748 2341 813 2390; x_wconf 85' lang='grc' dir='ltr'>ὲκ</span> <span class='ocrx_word' id='word_1_276' title='bbox 837 2336 947 2389; x_wconf 88' lang='grc' dir='ltr'><strong>τῶν</strong></span> <span class='ocrx_word' id='word_1_277' title='bbox 982 2336 1090 2389; x_wconf 89' lang='grc' dir='ltr'><strong>σῶν</strong></span> <span class='ocrx_word' id='word_1_278' title='bbox 1112 2333 1343 2407; x_wconf 81' lang='grc' dir='ltr'>γραφῶν</span> <span class='ocrx_word' id='word_1_279' title='bbox 1373 2348 1541 2402; x_wconf 74' lang='grc' dir='ltr'>παρο-</span> 
     </span>
    </p>
   </div>
   <div class='ocr_carea' id='block_1_37' title="bbox 54 2423 1541 2503">
    <p class='ocr_par' dir='ltr' id='par_1_37' title="bbox 54 2423 1541 2503">
     <span class='ocr_line' id='line_1_37' title="bbox 54 2423 1541 2503; baseline -0.007 -19"><span class='ocrx_word' id='word_1_280' title='bbox 54 2430 302 2503; x_wconf 63' lang='grc' dir='ltr'>ψδνώμεθα,</span> <span class='ocrx_word' id='word_1_281' title='bbox 326 2431 420 2482; x_wconf 74' lang='grc' dir='ltr'>καὶ</span> <span class='ocrx_word' id='word_1_282' title='bbox 446 2427 609 2483; x_wconf 82' lang='grc' dir='ltr'>ταῦτ’</span> <span class='ocrx_word' id='word_1_283' title='bbox 639 2428 1005 2495; x_wconf 73' lang='grc' dir='ltr'>ἀδικούμενοι.</span> <span class='ocrx_word' id='word_1_284' title='bbox 1027 2426 1178 2487; x_wconf 82' lang='grc' dir='ltr'>Τέως</span> <span class='ocrx_word' id='word_1_285' title='bbox 1196 2425 1250 2478; x_wconf 80' lang='grc' dir='ltr'>δὲ</span> <span class='ocrx_word' id='word_1_286' title='bbox 1272 2423 1541 2477; x_wconf 80' lang='grc' dir='ltr'>δουλεύειν</span> 
     </span>
    </p>
   </div>
   <div class='ocr_carea' id='block_1_38' title="bbox 49 2516 1539 2593">
    <p class='ocr_par' dir='ltr' id='par_1_38' title="bbox 49 2516 1539 2593">
     <span class='ocr_line' id='line_1_38' title="bbox 49 2516 1539 2593; baseline -0.004 -18"><span class='ocrx_word' id='word_1_287' title='bbox 49 2528 114 2593; x_wconf 72' lang='grc' dir='ltr'><strong>μὲν</strong></span> <span class='ocrx_word' id='word_1_288' title='bbox 142 2522 365 2591; x_wconf 78' lang='grc' dir='ltr'>μέλλομεν</span> <span class='ocrx_word' id='word_1_289' title='bbox 402 2522 558 2575; x_wconf 87' lang='grc' dir='ltr'><strong>κατά</strong></span> <span class='ocrx_word' id='word_1_290' title='bbox 593 2520 825 2591; x_wconf 86' lang='grc' dir='ltr'>δύναμιν</span> <span class='ocrx_word' id='word_1_291' title='bbox 847 2561 863 2585; x_wconf 88' lang='grc'><strong>,</strong></span> <span class='ocrx_word' id='word_1_292' title='bbox 920 2519 1013 2573; x_wconf 78' lang='grc' dir='ltr'>τὸν</span> <span class='ocrx_word' id='word_1_293' title='bbox 1057 2518 1115 2573; x_wconf 72' lang='grc' dir='ltr'>δὲ</span> <span class='ocrx_word' id='word_1_294' title='bbox 1152 2517 1345 2586; x_wconf 80' lang='grc' dir='ltr'>μισθὸν</span> <span class='ocrx_word' id='word_1_295' title='bbox 1380 2516 1539 2588; x_wconf 89' lang='grc' dir='ltr'>ήμῶν</span> 
     </span>
    </p>
   </div>
   <div class='ocr_carea' id='block_1_39' title="bbox 46 2606 1541 2687">
    <p class='ocr_par' dir='ltr' id='par_1_39' title="bbox 46 2606 1541 2687">
     <span class='ocr_line' id='line_1_39' title="bbox 46 2606 1541 2687; baseline -0.006 -19"><span class='ocrx_word' id='word_1_296' title='bbox 46 2616 274 2687; x_wconf 62' lang='grc' dir='ltr'>θαρροῦμεν</span> <span class='ocrx_word' id='word_1_297' title='bbox 295 2611 389 2678; x_wconf 83' lang='grc' dir='ltr'><strong>ὡς,</strong></span> <span class='ocrx_word' id='word_1_298' title='bbox 428 2612 481 2665; x_wconf 78' lang='grc' dir='ltr'><strong>εί</strong></span> <span class='ocrx_word' id='word_1_299' title='bbox 539 2611 674 2674; x_wconf 86' lang='grc' dir='ltr'>Θεὸς</span> <span class='ocrx_word' id='word_1_300' title='bbox 702 2610 869 2676; x_wconf 82' lang='grc' dir='ltr'>θέλοι,</span> <span class='ocrx_word' id='word_1_301' title='bbox 894 2610 996 2663; x_wconf 74' lang='grc' dir='ltr'>οὐκ</span> <span class='ocrx_word' id='word_1_302' title='bbox 1025 2608 1387 2677; x_wconf 78' lang='grc' dir='ltr'>ἀπολέσομεν,</span> <span class='ocrx_word' id='word_1_303' title='bbox 1435 2606 1541 2659; x_wconf 66' lang='grc' dir='ltr'>κᾶν</span> 
     </span>
    </p>
   </div>
   <div class='ocr_carea' id='block_1_40' title="bbox 43 2699 1538 2774">
    <p class='ocr_par' dir='ltr' id='par_1_40' title="bbox 43 2699 1538 2774">
     <span class='ocr_line' id='line_1_40' title="bbox 43 2699 1538 2774; baseline -0.007 -15"><span class='ocrx_word' id='word_1_304' title='bbox 43 2709 219 2773; x_wconf 72' lang='grc' dir='ltr'>κάλαμον</span> <span class='ocrx_word' id='word_1_305' title='bbox 263 2701 728 2774; x_wconf 73' lang='grc' dir='ltr'>συντετριμμένον</span> <span class='ocrx_word' id='word_1_306' title='bbox 777 2700 1067 2769; x_wconf 80' lang='grc' dir='ltr'>κατεάγειν</span> <span class='ocrx_word' id='word_1_307' title='bbox 1134 2700 1237 2752; x_wconf 85' lang='grc' dir='ltr'>οὐκ</span> <span class='ocrx_word' id='word_1_308' title='bbox 1281 2699 1538 2760; x_wconf 83' lang='grc' dir='ltr'>ἀποκνείς</span> 
     </span>
    </p>
   </div>
   <div class='ocr_carea' id='block_1_41' title="bbox 41 2790 1541 2868">
    <p class='ocr_par' dir='ltr' id='par_1_41' title="bbox 41 2790 1541 2868">
     <span class='ocr_line' id='line_1_41' title="bbox 41 2790 1541 2868; baseline -0.005 -19"><span class='ocrx_word' id='word_1_309' title='bbox 41 2800 103 2849; x_wconf 72' lang='lat'><strong>11&#39;:</strong></span> <span class='ocrx_word' id='word_1_310' title='bbox 128 2796 199 2850; x_wconf 81' lang='grc' dir='ltr'><strong>τοῦ</strong></span> <span class='ocrx_word' id='word_1_311' title='bbox 225 2794 407 2867; x_wconf 83' lang='grc' dir='ltr'>καιροῦ</span> <span class='ocrx_word' id='word_1_312' title='bbox 434 2794 774 2868; x_wconf 82' lang='grc' dir='ltr'>δριμύτερος</span> <span class='ocrx_word' id='word_1_313' title='bbox 803 2792 1075 2862; x_wconf 86' lang='grc' dir='ltr'>γίνεσθαι.</span> <span class='ocrx_word' id='word_1_314' title='bbox 1113 2790 1313 2860; x_wconf 78' lang='grc' dir='ltr'>Ἐχρῆν</span> <span class='ocrx_word' id='word_1_315' title='bbox 1344 2790 1401 2843; x_wconf 82' lang='grc' dir='ltr'>δὲ</span> <span class='ocrx_word' id='word_1_316' title='bbox 1440 2790 1541 2860; x_wconf 75' lang='grc' dir='ltr'>οὐχ</span> 
     </span>
    </p>
   </div>
   <div class='ocr_carea' id='block_1_42' title="bbox 39 2880 1542 2957">
    <p class='ocr_par' dir='ltr' id='par_1_42' title="bbox 39 2880 1542 2957">
     <span class='ocr_line' id='line_1_42' title="bbox 39 2880 1542 2957; baseline -0.005 -17"><span class='ocrx_word' id='word_1_317' title='bbox 39 2887 136 2941; x_wconf 73' lang='grc' dir='ltr'>οὕτω</span> <span class='ocrx_word' id='word_1_318' title='bbox 168 2887 249 2941; x_wconf 83' lang='grc' dir='ltr'><strong>τοῦ</strong></span> <span class='ocrx_word' id='word_1_319' title='bbox 286 2886 493 2957; x_wconf 85' lang='grc' dir='ltr'>ἀγαθοῦ</span> <span class='ocrx_word' id='word_1_320' title='bbox 561 2886 658 2942; x_wconf 83' lang='grc' dir='ltr'>καὶ</span> <span class='ocrx_word' id='word_1_321' title='bbox 708 2882 1090 2955; x_wconf 77' lang='grc' dir='ltr'>φιλανθρώπου</span> <span class='ocrx_word' id='word_1_322' title='bbox 1148 2880 1542 2952; x_wconf 87' lang='grc' dir='ltr'>πιστευόμενον</span> 
     </span>
    </p>
   </div>
   <div class='ocr_carea' id='block_1_43' title="bbox 38 3058 1543 3131">
    <p class='ocr_par' dir='ltr' id='par_1_43' title="bbox 38 3058 1543 3131">
     <span class='ocr_line' id='line_1_43' title="bbox 38 3058 1543 3131; baseline -0.002 -14"><span class='ocrx_word' id='word_1_323' title='bbox 38 3064 259 3131; x_wconf 70' lang='lat' dir='ltr'><strong>aientibus,</strong></span> <span class='ocrx_word' id='word_1_324' title='bbox 281 3070 336 3118; x_wconf 85' lang='lat' dir='ltr'><strong>et</strong></span> <span class='ocrx_word' id='word_1_325' title='bbox 367 3076 432 3119; x_wconf 84' lang='lat' dir='ltr'><strong>ea</strong></span> <span class='ocrx_word' id='word_1_326' title='bbox 468 3060 759 3118; x_wconf 83' lang='lat' dir='ltr'><strong>intellecta</strong></span> <span class='ocrx_word' id='word_1_327' title='bbox 806 3060 1071 3126; x_wconf 76' lang='lat' dir='ltr'><strong>judicium</strong></span> <span class='ocrx_word' id='word_1_328' title='bbox 1127 3058 1193 3113; x_wconf 90' lang='lat' dir='ltr'><strong>de</strong></span> <span class='ocrx_word' id='word_1_329' title='bbox 1225 3072 1391 3115; x_wconf 83' lang='lat' dir='ltr'><strong>causa</strong></span> <span class='ocrx_word' id='word_1_330' title='bbox 1444 3072 1543 3114; x_wconf 91' lang='lat' dir='ltr'><strong>no-</strong></span> 
     </span>
    </p>
   </div>
   <div class='ocr_carea' id='block_1_44' title="bbox 24 3150 1539 3231">
    <p class='ocr_par' dir='ltr' id='par_1_44' title="bbox 24 3150 1539 3231">
     <span class='ocr_line' id='line_1_44' title="bbox 24 3150 1539 3231; baseline -0.003 -21"><span class='ocrx_word' id='word_1_331' title='bbox 24 3167 108 3210; x_wconf 80' lang='lat' dir='ltr'><strong>stra</strong></span> <span class='ocrx_word' id='word_1_332' title='bbox 139 3155 308 3221; x_wconf 85' lang='lat' dir='ltr'><strong>lerant,</strong></span> <span class='ocrx_word' id='word_1_333' title='bbox 332 3171 395 3211; x_wconf 86' lang='lat' dir='ltr'><strong>ea</strong></span> <span class='ocrx_word' id='word_1_334' title='bbox 461 3153 804 3231; x_wconf 82' lang='lat' dir='ltr'><strong>rectitudine</strong></span> <span class='ocrx_word' id='word_1_335' title='bbox 834 3167 957 3222; x_wconf 71' lang='lat' dir='ltr'><strong>qua:</strong></span> <span class='ocrx_word' id='word_1_336' title='bbox 988 3150 1335 3206; x_wconf 86' lang='lat' dir='ltr'><strong>Christianos</strong></span> <span class='ocrx_word' id='word_1_337' title='bbox 1363 3152 1539 3216; x_wconf 88' lang='lat' dir='ltr'><strong>decet,</strong></span> 
     </span>
    </p>
   </div>
   <div class='ocr_carea' id='block_1_45' title="bbox 1649 1869 3232 1947">
    <p class='ocr_par' dir='ltr' id='par_1_45' title="bbox 1649 1869 3232 1947">
     <span class='ocr_line' id='line_1_45' title="bbox 1649 1869 3232 1947; baseline 0.003 -25"><span class='ocrx_word' id='word_1_338' title='bbox 1649 1870 1867 1947; x_wconf 75' lang='grc' dir='ltr'>καὶούκ</span> <span class='ocrx_word' id='word_1_339' title='bbox 1899 1869 2105 1923; x_wconf 79' lang='grc' dir='ltr'>ἔστιτὸ</span> <span class='ocrx_word' id='word_1_340' title='bbox 2154 1869 2547 1940; x_wconf 77' lang='grc' dir='ltr'>ἐνεργούμενον</span> <span class='ocrx_word' id='word_1_341' title='bbox 2598 1873 2706 1925; x_wconf 71' lang='grc' dir='ltr'>πᾶν</span> <span class='ocrx_word' id='word_1_342' title='bbox 2757 1874 3063 1945; x_wconf 84' lang='grc' dir='ltr'>προσευχὴ,</span> <span class='ocrx_word' id='word_1_343' title='bbox 3111 1874 3232 1927; x_wconf 79' lang='grc' dir='ltr'>ἀλλ’</span> 
     </span>
    </p>
   </div>
   <div class='ocr_carea' id='block_1_46' title="bbox 1649 1959 3233 2034">
    <p class='ocr_par' dir='ltr' id='par_1_46' title="bbox 1649 1959 3233 2034">
     <span class='ocr_line' id='line_1_46' title="bbox 1649 1959 3233 2034; baseline 0.003 -21"><span class='ocrx_word' id='word_1_344' title='bbox 1649 1961 1767 2015; x_wconf 81' lang='grc' dir='ltr'>ἐστι</span> <span class='ocrx_word' id='word_1_345' title='bbox 1798 1962 1905 2014; x_wconf 63' lang='grc' dir='ltr'><strong>καί</strong></span> <span class='ocrx_word' id='word_1_346' title='bbox 1924 1960 2255 2030; x_wconf 78' lang='grc' dir='ltr'>καλλιφωνία</span> <span class='ocrx_word' id='word_1_347' title='bbox 2286 1960 2380 2014; x_wconf 74' lang='grc' dir='ltr'>καὶ</span> <span class='ocrx_word' id='word_1_348' title='bbox 2408 1959 2817 2031; x_wconf 86' lang='grc' dir='ltr'>ἀναγνώσματα</span> <span class='ocrx_word' id='word_1_349' title='bbox 2850 1964 2943 2016; x_wconf 75' lang='grc' dir='ltr'>καὶ</span> <span class='ocrx_word' id='word_1_350' title='bbox 2989 1963 3233 2034; x_wconf 80' lang='grc' dir='ltr'>καθέδρα</span> 
     </span>
    </p>
   </div>
   <div class='ocr_carea' id='block_1_47' title="bbox 1650 2036 3230 2124">
    <p class='ocr_par' dir='ltr' id='par_1_47' title="bbox 1650 2036 3230 2124">
     <span class='ocr_line' id='line_1_47' title="bbox 1650 2036 3230 2124; baseline 0.001 -20"><span class='ocrx_word' id='word_1_351' title='bbox 1650 2051 1745 2106; x_wconf 81' lang='grc' dir='ltr'>καὶ</span> <span class='ocrx_word' id='word_1_352' title='bbox 1771 2052 1953 2116; x_wconf 82' lang='grc' dir='ltr'>ἄνεσις</span> <span class='ocrx_word' id='word_1_353' title='bbox 1981 2052 2069 2106; x_wconf 67' lang='grc' dir='ltr'>διὰ</span> <span class='ocrx_word' id='word_1_354' title='bbox 2098 2053 2285 2122; x_wconf 88' lang='grc' dir='ltr'>μέσου,</span> <span class='ocrx_word' id='word_1_355' title='bbox 2320 2050 2444 2105; x_wconf 80' lang='grc' dir='ltr'>καθ’</span> <span class='ocrx_word' id='word_1_356' title='bbox 2473 2051 2509 2106; x_wconf 79' lang='grc' dir='ltr'><strong>ἀ</strong></span> <span class='ocrx_word' id='word_1_357' title='bbox 2552 2036 2755 2117; x_wconf 67' lang='grc' dir='ltr'>ἇλλουῖ</span> <span class='ocrx_word' id='word_1_358' title='bbox 2773 2055 2871 2124; x_wconf 82' lang='grc' dir='ltr'>μὲν</span> <span class='ocrx_word' id='word_1_359' title='bbox 2914 2053 3093 2119; x_wconf 78' lang='grc' dir='ltr'>ἔξεστι</span> <span class='ocrx_word' id='word_1_360' title='bbox 3136 2058 3230 2108; x_wconf 75' lang='grc' dir='ltr'>καὶ</span> 
     </span>
    </p>
   </div>
   <div class='ocr_carea' id='block_1_48' title="bbox 1647 2142 3227 2215">
    <p class='ocr_par' dir='ltr' id='par_1_48' title="bbox 1647 2142 3227 2215">
     <span class='ocr_line' id='line_1_48' title="bbox 1647 2142 3227 2215; baseline 0.005 -20"><span class='ocrx_word' id='word_1_361' title='bbox 1647 2142 1829 2209; x_wconf 87' lang='grc' dir='ltr'>λέγειν</span> <span class='ocrx_word' id='word_1_362' title='bbox 1848 2144 1941 2196; x_wconf 77' lang='grc' dir='ltr'>καὶ</span> <span class='ocrx_word' id='word_1_363' title='bbox 1971 2145 2233 2212; x_wconf 79' lang='grc' dir='ltr'>πράττειν</span> <span class='ocrx_word' id='word_1_364' title='bbox 2257 2145 2318 2197; x_wconf 77' lang='grc' dir='ltr'><strong>τὸ</strong></span> <span class='ocrx_word' id='word_1_365' title='bbox 2348 2145 2756 2215; x_wconf 77' lang='grc' dir='ltr'>παριστάμενον</span> <span class='ocrx_word' id='word_1_366' title='bbox 2795 2145 2870 2208; x_wconf 85' lang='grc' dir='ltr'>ὠς</span> <span class='ocrx_word' id='word_1_367' title='bbox 2905 2146 3227 2214; x_wconf 79' lang='grc' dir='ltr'>ἀναγκαῖον.</span> 
     </span>
    </p>
   </div>
   <div class='ocr_carea' id='block_1_49' title="bbox 1647 2234 3226 2305">
    <p class='ocr_par' dir='ltr' id='par_1_49' title="bbox 1647 2234 3226 2305">
     <span class='ocr_line' id='line_1_49' title="bbox 1647 2234 3226 2305; baseline 0.002 -19"><span class='ocrx_word' id='word_1_368' title='bbox 1647 2234 1787 2288; x_wconf 63' lang='lat' dir='ltr'><strong>ossa.</strong></span> <span class='ocrx_word' id='word_1_369' title='bbox 1813 2235 1922 2305; x_wconf 83' lang='grc' dir='ltr'><strong>γάρ</strong></span> <span class='ocrx_word' id='word_1_370' title='bbox 1950 2237 2042 2287; x_wconf 77' lang='grc' dir='ltr'>καὶ</span> <span class='ocrx_word' id='word_1_371' title='bbox 2071 2235 2234 2305; x_wconf 87' lang='grc' dir='ltr'><strong>ήμείς</strong></span> <span class='ocrx_word' id='word_1_372' title='bbox 2263 2236 2456 2301; x_wconf 78' lang='grc' dir='ltr'>ἄλλους</span> <span class='ocrx_word' id='word_1_373' title='bbox 2490 2236 2617 2298; x_wconf 80' lang='grc' dir='ltr'>τοὺς</span> <span class='ocrx_word' id='word_1_374' title='bbox 2650 2235 2973 2305; x_wconf 76' lang='grc' dir='ltr'>οἰκονόμους</span> <span class='ocrx_word' id='word_1_375' title='bbox 3007 2238 3226 2305; x_wconf 81' lang='grc' dir='ltr'>ἔχομεν,</span> 
     </span>
    </p>
   </div>
   <div class='ocr_carea' id='block_1_50' title="bbox 1644 2323 3230 2399">
    <p class='ocr_par' dir='ltr' id='par_1_50' title="bbox 1644 2323 3230 2399">
     <span class='ocr_line' id='line_1_50' title="bbox 1644 2323 3230 2399; baseline 0.003 -21"><span class='ocrx_word' id='word_1_376' title='bbox 1644 2325 1721 2389; x_wconf 83' lang='grc' dir='ltr'><strong>ὡς</strong></span> <span class='ocrx_word' id='word_1_377' title='bbox 1751 2323 2004 2379; x_wconf 74' lang='grc' dir='ltr'>ἐντεῦθεν</span> <span class='ocrx_word' id='word_1_378' title='bbox 2028 2325 2434 2391; x_wconf 75' lang='grc' dir='ltr'>ἀπολυομένους</span> <span class='ocrx_word' id='word_1_379' title='bbox 2492 2326 2796 2396; x_wconf 81' lang='grc' dir='ltr'>τραπέζαις</span> <span class='ocrx_word' id='word_1_380' title='bbox 2846 2327 3099 2399; x_wconf 77' lang='grc' dir='ltr'>ἑτοίμαις</span> <span class='ocrx_word' id='word_1_381' title='bbox 3128 2333 3230 2397; x_wconf 72' lang='grc' dir='ltr'><strong>ἑφ-</strong></span> 
     </span>
    </p>
   </div>
   <div class='ocr_carea' id='block_1_51' title="bbox 1643 2413 3231 2488">
    <p class='ocr_par' dir='ltr' id='par_1_51' title="bbox 1643 2413 3231 2488">
     <span class='ocr_line' id='line_1_51' title="bbox 1643 2413 3231 2488; baseline 0.003 -20"><span class='ocrx_word' id='word_1_382' title='bbox 1643 2414 1917 2480; x_wconf 85' lang='grc' dir='ltr'>ίστασθαι,</span> <span class='ocrx_word' id='word_1_383' title='bbox 1972 2413 2113 2468; x_wconf 78' lang='grc' dir='ltr'>ἀλλὰ</span> <span class='ocrx_word' id='word_1_384' title='bbox 2168 2415 2333 2485; x_wconf 76' lang='grc' dir='ltr'>τυχὸν</span> <span class='ocrx_word' id='word_1_385' title='bbox 2390 2418 2454 2469; x_wconf 83' lang='grc' dir='ltr'>ὲκ</span> <span class='ocrx_word' id='word_1_386' title='bbox 2512 2417 2926 2488; x_wconf 84' lang='grc' dir='ltr'>διαλειμμάτων</span> <span class='ocrx_word' id='word_1_387' title='bbox 2977 2420 3118 2472; x_wconf 87' lang='grc' dir='ltr'><strong>κατά</strong></span> <span class='ocrx_word' id='word_1_388' title='bbox 3165 2421 3231 2474; x_wconf 82' lang='grc' dir='ltr'>τὸ</span> 
     </span>
    </p>
   </div>
   <div class='ocr_carea' id='block_1_52' title="bbox 1646 2506 3234 2585">
    <p class='ocr_par' dir='ltr' id='par_1_52' title="bbox 1646 2506 3234 2585">
     <span class='ocr_line' id='line_1_52' title="bbox 1646 2506 3234 2585; baseline 0.005 -24"><span class='ocrx_word' id='word_1_389' title='bbox 1646 2509 1793 2569; x_wconf 63' lang='lat' dir='ltr'><strong>sine;</strong></span> <span class='ocrx_word' id='word_1_390' title='bbox 1817 2509 2199 2580; x_wconf 76' lang='grc' dir='ltr'>φροντίσομεν.</span> <span class='ocrx_word' id='word_1_391' title='bbox 2233 2508 2321 2582; x_wconf 89' lang='grc' dir='ltr'><strong>[Ρ.</strong></span> <span class='ocrx_word' id='word_1_392' title='bbox 2340 2507 2471 2582; x_wconf 67' lang='grc' dir='ltr'>ιεε]</span> <span class='ocrx_word' id='word_1_393' title='bbox 2497 2509 2590 2580; x_wconf 79' lang='grc' dir='ltr'>Μή</span> <span class='ocrx_word' id='word_1_394' title='bbox 2613 2506 2706 2565; x_wconf 82' lang='grc' dir='ltr'><strong>οῦν</strong></span> <span class='ocrx_word' id='word_1_395' title='bbox 2731 2512 2870 2566; x_wconf 83' lang='grc' dir='ltr'><strong>κατά</strong></span> <span class='ocrx_word' id='word_1_396' title='bbox 2897 2513 2996 2584; x_wconf 78' lang='grc' dir='ltr'>τὴν</span> <span class='ocrx_word' id='word_1_397' title='bbox 3019 2512 3234 2585; x_wconf 74' lang='grc' dir='ltr'>ὑψηλὴν</span> 
     </span>
    </p>
   </div>
   <div class='ocr_carea' id='block_1_53' title="bbox 1644 2602 3233 2678">
    <p class='ocr_par' dir='ltr' id='par_1_53' title="bbox 1644 2602 3233 2678">
     <span class='ocr_line' id='line_1_53' title="bbox 1644 2602 3233 2678; baseline 0.004 -24"><span class='ocrx_word' id='word_1_398' title='bbox 1644 2602 1851 2672; x_wconf 83' lang='grc' dir='ltr'>ταύτην</span> <span class='ocrx_word' id='word_1_399' title='bbox 1871 2602 1931 2656; x_wconf 62' lang='grc' dir='ltr'>δὲ</span> <span class='ocrx_word' id='word_1_400' title='bbox 1969 2604 2064 2656; x_wconf 72' lang='grc' dir='ltr'>καὶ</span> <span class='ocrx_word' id='word_1_401' title='bbox 2107 2604 2372 2673; x_wconf 82' lang='grc' dir='ltr'>μεγίστην</span> <span class='ocrx_word' id='word_1_402' title='bbox 2405 2604 2502 2656; x_wconf 72' lang='grc' dir='ltr'>καὶ</span> <span class='ocrx_word' id='word_1_403' title='bbox 2543 2605 2671 2666; x_wconf 77' lang='grc' dir='ltr'>τοὺς</span> <span class='ocrx_word' id='word_1_404' title='bbox 2707 2604 3028 2676; x_wconf 79' lang='grc' dir='ltr'>χθαμαλοὺς</span> <span class='ocrx_word' id='word_1_405' title='bbox 3079 2607 3233 2678; x_wconf 77' lang='grc' dir='ltr'>ήμᾶς</span> 
     </span>
    </p>
   </div>
   <div class='ocr_carea' id='block_1_54' title="bbox 1649 2695 3229 2770">
    <p class='ocr_par' dir='ltr' id='par_1_54' title="bbox 1649 2695 3229 2770">
     <span class='ocr_line' id='line_1_54' title="bbox 1649 2695 3229 2770; baseline 0.001 -21"><span class='ocrx_word' id='word_1_406' title='bbox 1649 2696 1743 2749; x_wconf 58' lang='grc' dir='ltr'><strong>καὶ⁵</strong></span> <span class='ocrx_word' id='word_1_407' title='bbox 1776 2695 2060 2766; x_wconf 75' lang='grc' dir='ltr'>βιωτικοῦς</span> <span class='ocrx_word' id='word_1_408' title='bbox 2093 2695 2240 2768; x_wconf 74' lang='grc' dir='ltr'>ἔχειν</span> <span class='ocrx_word' id='word_1_409' title='bbox 2268 2695 2413 2760; x_wconf 87' lang='grc' dir='ltr'>θέλε,</span> <span class='ocrx_word' id='word_1_410' title='bbox 2456 2698 2553 2750; x_wconf 67' lang='grc' dir='ltr'>καὶ</span> <span class='ocrx_word' id='word_1_411' title='bbox 2583 2698 2666 2760; x_wconf 87' lang='grc' dir='ltr'><strong>είς</strong></span> <span class='ocrx_word' id='word_1_412' title='bbox 2697 2697 3045 2767; x_wconf 80' lang='grc' dir='ltr'>κατάγνωσιν</span> <span class='ocrx_word' id='word_1_413' title='bbox 3083 2701 3229 2770; x_wconf 83' lang='grc' dir='ltr'>ἀμε-</span> 
     </span>
    </p>
   </div>
   <div class='ocr_carea' id='block_1_55' title="bbox 1649 2787 3229 2863">
    <p class='ocr_par' dir='ltr' id='par_1_55' title="bbox 1649 2787 3229 2863">
     <span class='ocr_line' id='line_1_55' title="bbox 1649 2787 3229 2863; baseline 0.003 -22"><span class='ocrx_word' id='word_1_414' title='bbox 1649 2788 1799 2852; x_wconf 87' lang='grc' dir='ltr'>λείας</span> <span class='ocrx_word' id='word_1_415' title='bbox 1859 2787 2000 2842; x_wconf 88' lang='grc' dir='ltr'>τίθει</span> <span class='ocrx_word' id='word_1_416' title='bbox 2056 2789 2124 2843; x_wconf 81' lang='grc' dir='ltr'><strong>τά</strong></span> <span class='ocrx_word' id='word_1_417' title='bbox 2180 2790 2274 2859; x_wconf 82' lang='grc' dir='ltr'>τῆς</span> <span class='ocrx_word' id='word_1_418' title='bbox 2328 2789 2600 2857; x_wconf 81' lang='grc' dir='ltr'>ἀνάγκης.</span> <span class='ocrx_word' id='word_1_419' title='bbox 2660 2790 3028 2861; x_wconf 77' lang='grc' dir='ltr'>Ἀτονήσομεν</span> <span class='ocrx_word' id='word_1_420' title='bbox 3075 2792 3229 2863; x_wconf 75' lang='grc' dir='ltr'>γάρ,</span> 
     </span>
    </p>
   </div>
   <div class='ocr_carea' id='block_1_56' title="bbox 1650 2879 3284 2955">
    <p class='ocr_par' dir='ltr' id='par_1_56' title="bbox 1650 2879 3284 2955">
     <span class='ocr_line' id='line_1_56' title="bbox 1650 2879 3284 2955; baseline 0.002 -23"><span class='ocrx_word' id='word_1_421' title='bbox 1650 2880 1959 2933; x_wconf 84' lang='grc' dir='ltr'>πίστευσον.</span> <span class='ocrx_word' id='word_1_422' title='bbox 2016 2879 2121 2933; x_wconf 72' lang='grc' dir='ltr'><strong>Καὶ</strong></span> <span class='ocrx_word' id='word_1_423' title='bbox 2168 2880 2263 2933; x_wconf 79' lang='grc' dir='ltr'><strong>ὲάν</strong></span> <span class='ocrx_word' id='word_1_424' title='bbox 2319 2879 2607 2952; x_wconf 77' lang='grc' dir='ltr'>μέλλωμεν</span> <span class='ocrx_word' id='word_1_425' title='bbox 2652 2879 2908 2935; x_wconf 77' lang='grc' dir='ltr'>ἐντεῦθεν</span> <span class='ocrx_word' id='word_1_426' title='bbox 2961 2885 3234 2955; x_wconf 70' lang='grc' dir='ltr'>κατακρίο</span> <span class='ocrx_word' id='word_1_427' title='bbox 3279 2901 3284 2906; x_wconf 75' lang='grc'><em>’</em></span> 
     </span>
    </p>
   </div>
   <div class='ocr_carea' id='block_1_57' title="bbox 1652 3056 3234 3131">
    <p class='ocr_par' dir='ltr' id='par_1_57' title="bbox 1652 3056 3234 3131">
     <span class='ocr_line' id='line_1_57' title="bbox 1652 3056 3234 3131; baseline 0.005 -18"><span class='ocrx_word' id='word_1_428' title='bbox 1652 3067 1751 3113; x_wconf 87' lang='lat' dir='ltr'><strong>tes.</strong></span> <span class='ocrx_word' id='word_1_429' title='bbox 1797 3057 1954 3113; x_wconf 86' lang='lat' dir='ltr'><strong>Enim</strong></span> <span class='ocrx_word' id='word_1_430' title='bbox 1988 3072 2121 3114; x_wconf 85' lang='lat' dir='ltr'><strong>vero</strong></span> <span class='ocrx_word' id='word_1_431' title='bbox 2176 3056 2363 3115; x_wconf 77' lang='lat' dir='ltr'><strong>Severi</strong></span> <span class='ocrx_word' id='word_1_432' title='bbox 2394 3068 2447 3115; x_wconf 89' lang='lat' dir='ltr'><strong>et</strong></span> <span class='ocrx_word' id='word_1_433' title='bbox 2481 3059 2764 3127; x_wconf 77' lang='lat' dir='ltr'><strong>Antonini,</strong></span> <span class='ocrx_word' id='word_1_434' title='bbox 2796 3062 3074 3131; x_wconf 83' lang='lat' dir='ltr'><strong>gentilium</strong></span> <span class='ocrx_word' id='word_1_435' title='bbox 3106 3064 3234 3121; x_wconf 87' lang='lat' dir='ltr'><strong>licet</strong></span> 
     </span>
    </p>
   </div>
   <div class='ocr_carea' id='block_1_58' title="bbox 1652 3152 3235 3222">
    <p class='ocr_par' dir='ltr' id='par_1_58' title="bbox 1652 3152 3235 3222">
     <span class='ocr_line' id='line_1_58' title="bbox 1652 3152 3235 3222; baseline 0.003 -17"><span class='ocrx_word' id='word_1_436' title='bbox 1652 3152 2062 3221; x_wconf 87' lang='lat' dir='ltr'><strong>imperatorum.</strong></span> <span class='ocrx_word' id='word_1_437' title='bbox 2091 3152 2407 3222; x_wconf 71' lang='lat' dir='ltr'><strong>praescripta</strong></span> <span class='ocrx_word' id='word_1_438' title='bbox 2443 3162 2660 3209; x_wconf 75' lang='lat' dir='ltr'><strong>exstant</strong></span> <span class='ocrx_word' id='word_1_439' title='bbox 2716 3156 2854 3209; x_wconf 83' lang='lat' dir='ltr'><strong>bona</strong></span> <span class='ocrx_word' id='word_1_440' title='bbox 2901 3164 2956 3210; x_wconf 89' lang='lat' dir='ltr'><strong>et</strong></span> <span class='ocrx_word' id='word_1_441' title='bbox 3008 3169 3039 3209; x_wconf 91' lang='lat' dir='ltr'><strong>a</strong></span> <span class='ocrx_word' id='word_1_442' title='bbox 3073 3156 3235 3211; x_wconf 74' lang='lat' dir='ltr'><strong>Chri.</strong></span> 
     </span>
    </p>
   </div>
   <div class='ocr_carea' id='block_1_59' title="bbox 36 3219 3230 3317">
    <p class='ocr_par' dir='ltr' id='par_1_59' title="bbox 36 3219 3230 3317">
     <span class='ocr_line' id='line_1_59' title="bbox 36 3219 3230 3317; baseline -0 -15"><span class='ocrx_word' id='word_1_443' title='bbox 36 3247 127 3302; x_wconf 78' lang='lat' dir='ltr'><strong>nihil</strong></span> <span class='ocrx_word' id='word_1_444' title='bbox 149 3219 417 3303; x_wconf 85' lang='lat' dir='ltr'><strong>tribuentes</strong></span> <span class='ocrx_word' id='word_1_445' title='bbox 441 3227 783 3317; x_wconf 75' lang='lat' dir='ltr'><strong>praeiudiciis</strong></span> <span class='ocrx_word' id='word_1_446' title='bbox 814 3219 908 3297; x_wconf 77' lang='lat' dir='ltr'><strong>aut</strong></span> <span class='ocrx_word' id='word_1_447' title='bbox 936 3243 1242 3312; x_wconf 86' lang='lat' dir='ltr'><strong>acceptioni</strong></span> <span class='ocrx_word' id='word_1_448' title='bbox 1277 3258 1541 3313; x_wconf 73' lang='lat' dir='ltr'><strong>persona~</strong></span> <span class='ocrx_word' id='word_1_449' title='bbox 1565 3219 1611 3279; x_wconf 67' lang='grc' dir='ltr'><strong>θ</strong></span> <span class='ocrx_word' id='word_1_450' title='bbox 1644 3219 1836 3296; x_wconf 77' lang='lat' dir='ltr'><strong>stianis</strong></span> <span class='ocrx_word' id='word_1_451' title='bbox 1890 3219 2108 3310; x_wconf 75' lang='lat' dir='ltr'><strong>quoque</strong></span> <span class='ocrx_word' id='word_1_452' title='bbox 2183 3219 2521 3311; x_wconf 84' lang='lat' dir='ltr'><strong>principibus</strong></span> <span class='ocrx_word' id='word_1_453' title='bbox 2579 3256 2638 3298; x_wconf 85' lang='grc' dir='ltr'><strong>ιιι</strong></span> <span class='ocrx_word' id='word_1_454' title='bbox 2691 3245 2933 3300; x_wconf 77' lang='lat' dir='ltr'><strong>salubria</strong></span> <span class='ocrx_word' id='word_1_455' title='bbox 2990 3255 3230 3312; x_wconf 87' lang='lat' dir='ltr'><strong>retenta,</strong></span> 
     </span>
    </p>
   </div>
   <div class='ocr_carea' id='block_1_60' title="bbox 34 3335 1541 3412">
    <p class='ocr_par' dir='ltr' id='par_1_60' title="bbox 34 3335 1541 3412">
     <span class='ocr_line' id='line_1_60' title="bbox 34 3335 1541 3412; baseline -0.003 -16"><span class='ocrx_word' id='word_1_456' title='bbox 34 3356 131 3396; x_wconf 87' lang='lat' dir='ltr'><strong>t‘tllll.</strong></span> <span class='ocrx_word' id='word_1_457' title='bbox 153 3341 291 3396; x_wconf 82' lang='lat' dir='ltr'><strong>Aliud</strong></span> <span class='ocrx_word' id='word_1_458' title='bbox 328 3351 604 3411; x_wconf 62' lang='lat' dir='ltr'><strong>praeterea</strong></span> <span class='ocrx_word' id='word_1_459' title='bbox 641 3342 831 3412; x_wconf 77' lang='lat' dir='ltr'><strong>pungit</strong></span> <span class='ocrx_word' id='word_1_460' title='bbox 861 3356 961 3399; x_wconf 89' lang='lat' dir='ltr'><strong>nos</strong></span> <span class='ocrx_word' id='word_1_461' title='bbox 989 3339 1232 3412; x_wconf 76' lang='lat' dir='ltr'><strong>gravius,</strong></span> <span class='ocrx_word' id='word_1_462' title='bbox 1263 3337 1407 3406; x_wconf 86' lang='lat' dir='ltr'><strong>quod</strong></span> <span class='ocrx_word' id='word_1_463' title='bbox 1427 3335 1541 3407; x_wconf 85' lang='lat' dir='ltr'><strong>jam</strong></span> 
     </span>
    </p>
   </div>
   <div class='ocr_carea' id='block_1_61' title="bbox 34 3426 1546 3499">
    <p class='ocr_par' dir='ltr' id='par_1_61' title="bbox 34 3426 1546 3499">
     <span class='ocr_line' id='line_1_61' title="bbox 34 3426 1546 3499; baseline -0.003 -14"><span class='ocrx_word' id='word_1_464' title='bbox 34 3441 85 3485; x_wconf 87' lang='lat' dir='ltr'><strong>tot</strong></span> <span class='ocrx_word' id='word_1_465' title='bbox 100 3434 228 3486; x_wconf 83' lang='lat' dir='ltr'><strong>annis</strong></span> <span class='ocrx_word' id='word_1_466' title='bbox 251 3432 393 3486; x_wconf 88' lang='lat' dir='ltr'><strong>nulla</strong></span> <span class='ocrx_word' id='word_1_467' title='bbox 422 3429 762 3499; x_wconf 81' lang='lat' dir='ltr'><strong>cujusquam</strong></span> <span class='ocrx_word' id='word_1_468' title='bbox 814 3429 956 3485; x_wconf 75' lang='lat' dir='ltr'><strong>facta</strong></span> <span class='ocrx_word' id='word_1_469' title='bbox 1006 3426 1279 3499; x_wconf 87' lang='lat' dir='ltr'><strong>promotio</strong></span> <span class='ocrx_word' id='word_1_470' title='bbox 1305 3436 1408 3481; x_wconf 91' lang='lat' dir='ltr'><strong>est.</strong></span> <span class='ocrx_word' id='word_1_471' title='bbox 1452 3426 1546 3481; x_wconf 85' lang='lat' dir='ltr'><strong>Sic</strong></span> 
     </span>
    </p>
   </div>
   <div class='ocr_carea' id='block_1_62' title="bbox 34 3520 1543 3585">
    <p class='ocr_par' dir='ltr' id='par_1_62' title="bbox 34 3520 1543 3585">
     <span class='ocr_line' id='line_1_62' title="bbox 34 3520 1543 3585; baseline -0.005 -7"><span class='ocrx_word' id='word_1_472' title='bbox 34 3525 140 3580; x_wconf 67' lang='lat' dir='ltr'><strong>vobis</strong></span> <span class='ocrx_word' id='word_1_473' title='bbox 162 3526 314 3580; x_wconf 79' lang='lat' dir='ltr'><strong>visum</strong></span> <span class='ocrx_word' id='word_1_474' title='bbox 359 3534 462 3581; x_wconf 88' lang='lat' dir='ltr'><strong>est.</strong></span> <span class='ocrx_word' id='word_1_475' title='bbox 509 3522 819 3579; x_wconf 78' lang='lat' dir='ltr'><strong>Perleratur</strong></span> <span class='ocrx_word' id='word_1_476' title='bbox 866 3533 924 3577; x_wconf 87' lang='lat' dir='ltr'><strong>et</strong></span> <span class='ocrx_word' id='word_1_477' title='bbox 971 3522 1094 3576; x_wconf 85' lang='lat' dir='ltr'><strong>hoc.</strong></span> <span class='ocrx_word' id='word_1_478' title='bbox 1131 3520 1249 3585; x_wconf 87' lang='lat' dir='ltr'><strong>Quo</strong></span> <span class='ocrx_word' id='word_1_479' title='bbox 1284 3521 1543 3573; x_wconf 90' lang='lat' dir='ltr'><strong>damnum</strong></span> 
     </span>
    </p>
   </div>
   <div class='ocr_carea' id='block_1_63' title="bbox 30 3613 1542 3686">
    <p class='ocr_par' dir='ltr' id='par_1_63' title="bbox 30 3613 1542 3686">
     <span class='ocr_line' id='line_1_63' title="bbox 30 3613 1542 3686; baseline -0.001 -17"><span class='ocrx_word' id='word_1_480' title='bbox 30 3620 110 3685; x_wconf 78' lang='lat' dir='ltr'><strong>ejus</strong></span> <span class='ocrx_word' id='word_1_481' title='bbox 129 3618 411 3673; x_wconf 70' lang='lat' dir='ltr'><strong>omissionis</strong></span> <span class='ocrx_word' id='word_1_482' title='bbox 473 3618 710 3680; x_wconf 82' lang='lat' dir='ltr'><strong>recidat,</strong></span> <span class='ocrx_word' id='word_1_483' title='bbox 763 3615 1001 3686; x_wconf 84' lang='lat' dir='ltr'><strong>prudens</strong></span> <span class='ocrx_word' id='word_1_484' title='bbox 1062 3614 1243 3683; x_wconf 88' lang='lat' dir='ltr'><strong>quivis</strong></span> <span class='ocrx_word' id='word_1_485' title='bbox 1269 3613 1542 3684; x_wconf 90' lang='lat' dir='ltr'><strong>intelligit.</strong></span> 
     </span>
    </p>
   </div>
   <div class='ocr_carea' id='block_1_64' title="bbox 29 3703 1546 3778">
    <p class='ocr_par' dir='ltr' id='par_1_64' title="bbox 29 3703 1546 3778">
     <span class='ocr_line' id='line_1_64' title="bbox 29 3703 1546 3778; baseline -0.001 -16"><span class='ocrx_word' id='word_1_486' title='bbox 29 3707 185 3763; x_wconf 78' lang='lat' dir='ltr'><strong>i’rirari</strong></span> <span class='ocrx_word' id='word_1_487' title='bbox 209 3720 381 3763; x_wconf 84' lang='lat' dir='ltr'><strong>autem</strong></span> <span class='ocrx_word' id='word_1_488' title='bbox 433 3724 546 3765; x_wconf 91' lang='lat' dir='ltr'><strong>nos</strong></span> <span class='ocrx_word' id='word_1_489' title='bbox 595 3710 956 3778; x_wconf 72' lang='lat' dir='ltr'><strong>proventibus</strong></span> <span class='ocrx_word' id='word_1_490' title='bbox 988 3713 1305 3759; x_wconf 87' lang='lat' dir='ltr'><strong>nostrorum</strong></span> <span class='ocrx_word' id='word_1_491' title='bbox 1338 3703 1546 3761; x_wconf 79' lang='lat' dir='ltr'><strong>elﬁcie-</strong></span> 
     </span>
    </p>
   </div>
   <div class='ocr_carea' id='block_1_65' title="bbox 28 3798 1544 3870">
    <p class='ocr_par' dir='ltr' id='par_1_65' title="bbox 28 3798 1544 3870">
     <span class='ocr_line' id='line_1_65' title="bbox 28 3798 1544 3870; baseline -0.002 -16"><span class='ocrx_word' id='word_1_492' title='bbox 28 3816 108 3854; x_wconf 86' lang='lat' dir='ltr'><strong>rum</strong></span> <span class='ocrx_word' id='word_1_493' title='bbox 125 3812 168 3857; x_wconf 83' lang='lat' dir='ltr'><strong>ct</strong></span> <span class='ocrx_word' id='word_1_494' title='bbox 193 3801 325 3857; x_wconf 78' lang='lat' dir='ltr'><strong>fame</strong></span> <span class='ocrx_word' id='word_1_495' title='bbox 352 3800 559 3867; x_wconf 86' lang='lat' dir='ltr'><strong>emori,</strong></span> <span class='ocrx_word' id='word_1_496' title='bbox 583 3801 707 3869; x_wconf 87' lang='lat' dir='ltr'><strong>quis</strong></span> <span class='ocrx_word' id='word_1_497' title='bbox 739 3815 912 3856; x_wconf 88' lang='lat' dir='ltr'><strong>canon</strong></span> <span class='ocrx_word' id='word_1_498' title='bbox 961 3799 1237 3865; x_wconf 63' lang='lat' dir='ltr'><strong>Ecclesia,</strong></span> <span class='ocrx_word' id='word_1_499' title='bbox 1261 3798 1388 3870; x_wconf 82' lang='lat' dir='ltr'><strong>quis</strong></span> <span class='ocrx_word' id='word_1_500' title='bbox 1414 3812 1544 3853; x_wconf 84' lang='lat' dir='ltr'><strong>usus</strong></span> 
     </span>
    </p>
   </div>
   <div class='ocr_carea' id='block_1_66' title="bbox 24 3889 1545 3965">
    <p class='ocr_par' dir='ltr' id='par_1_66' title="bbox 24 3889 1545 3965">
     <span class='ocr_line' id='line_1_66' title="bbox 24 3889 1545 3965; baseline -0.001 -20"><span class='ocrx_word' id='word_1_501' title='bbox 24 3892 211 3960; x_wconf 81' lang='lat' dir='ltr'><strong>Patrum,</strong></span> <span class='ocrx_word' id='word_1_502' title='bbox 243 3908 360 3965; x_wconf 68' lang='lat' dir='ltr'><strong>qua:</strong></span> <span class='ocrx_word' id='word_1_503' title='bbox 407 3893 631 3965; x_wconf 69' lang='lat' dir='ltr'><strong>iustitia</strong></span> <span class='ocrx_word' id='word_1_504' title='bbox 689 3892 1007 3962; x_wconf 78' lang='lat' dir='ltr'><strong>permittit?</strong></span> <span class='ocrx_word' id='word_1_505' title='bbox 1042 3906 1232 3946; x_wconf 85' lang='lat' dir='ltr'><strong>verum</strong></span> <span class='ocrx_word' id='word_1_506' title='bbox 1291 3899 1347 3944; x_wconf 93' lang='lat' dir='ltr'><strong>et</strong></span> <span class='ocrx_word' id='word_1_507' title='bbox 1401 3889 1545 3944; x_wconf 85' lang='lat' dir='ltr'><strong>istud</strong></span> 
     </span>
    </p>
   </div>
   <div class='ocr_carea' id='block_1_67' title="bbox 23 3981 1543 4057">
    <p class='ocr_par' dir='ltr' id='par_1_67' title="bbox 23 3981 1543 4057">
     <span class='ocr_line' id='line_1_67' title="bbox 23 3981 1543 4057; baseline -0.002 -18"><span class='ocrx_word' id='word_1_508' title='bbox 23 4001 187 4057; x_wconf 82' lang='lat' dir='ltr'><strong>quoque</strong></span> <span class='ocrx_word' id='word_1_509' title='bbox 211 3990 495 4043; x_wconf 90' lang='lat' dir='ltr'><strong>toleretur.</strong></span> <span class='ocrx_word' id='word_1_510' title='bbox 521 3984 727 4040; x_wconf 82' lang='lat' dir='ltr'><strong>Tamen</strong></span> <span class='ocrx_word' id='word_1_511' title='bbox 762 3999 829 4040; x_wconf 90' lang='lat' dir='ltr'><strong>ne</strong></span> <span class='ocrx_word' id='word_1_512' title='bbox 865 3995 1070 4040; x_wconf 73' lang='lat' dir='ltr'><strong>nostrae</strong></span> <span class='ocrx_word' id='word_1_513' title='bbox 1107 3984 1232 4053; x_wconf 88' lang='lat' dir='ltr'><strong>ipsi,</strong></span> <span class='ocrx_word' id='word_1_514' title='bbox 1266 3981 1412 4054; x_wconf 86' lang='lat' dir='ltr'><strong>quod</strong></span> <span class='ocrx_word' id='word_1_515' title='bbox 1437 3996 1543 4036; x_wconf 92' lang='lat' dir='ltr'><strong>non</strong></span> 
     </span>
    </p>
   </div>
   <div class='ocr_carea' id='block_1_68' title="bbox 1642 3334 3234 3407">
    <p class='ocr_par' dir='ltr' id='par_1_68' title="bbox 1642 3334 3234 3407">
     <span class='ocr_line' id='line_1_68' title="bbox 1642 3334 3234 3407; baseline 0.004 -19"><span class='ocrx_word' id='word_1_516' title='bbox 1642 3334 1837 3404; x_wconf 85' lang='lat' dir='ltr'><strong>quibus</strong></span> <span class='ocrx_word' id='word_1_517' title='bbox 1863 3342 2079 3388; x_wconf 84' lang='lat' dir='ltr'><strong>vetatur</strong></span> <span class='ocrx_word' id='word_1_518' title='bbox 2112 3350 2180 3388; x_wconf 90' lang='lat' dir='ltr'><strong>ne</strong></span> <span class='ocrx_word' id='word_1_519' title='bbox 2213 3349 2242 3388; x_wconf 89' lang='lat' dir='ltr'><strong>a</strong></span> <span class='ocrx_word' id='word_1_520' title='bbox 2288 3336 2463 3392; x_wconf 84' lang='lat' dir='ltr'><strong>servis</strong></span> <span class='ocrx_word' id='word_1_521' title='bbox 2519 3351 2686 3406; x_wconf 79' lang='lat' dir='ltr'><strong>opera</strong></span> <span class='ocrx_word' id='word_1_522' title='bbox 2717 3352 2883 3407; x_wconf 84' lang='lat' dir='ltr'><strong>supra</strong></span> <span class='ocrx_word' id='word_1_523' title='bbox 2918 3338 3064 3394; x_wconf 86' lang='lat' dir='ltr'><strong>vires</strong></span> <span class='ocrx_word' id='word_1_524' title='bbox 3117 3341 3234 3394; x_wconf 81' lang='lat' dir='ltr'><strong>exi-</strong></span> 
     </span>
    </p>
   </div>
   <div class='ocr_carea' id='block_1_69' title="bbox 1644 3427 3233 3500">
    <p class='ocr_par' dir='ltr' id='par_1_69' title="bbox 1644 3427 3233 3500">
     <span class='ocr_line' id='line_1_69' title="bbox 1644 3427 3233 3500; baseline 0.006 -20"><span class='ocrx_word' id='word_1_525' title='bbox 1644 3427 2327 3498; x_wconf 80' lang='lat' dir='ltr'><strong>gatur,autcnjnscunque</strong></span> <span class='ocrx_word' id='word_1_526' title='bbox 2378 3430 2542 3485; x_wconf 86' lang='lat' dir='ltr'><strong>sortis</strong></span> <span class='ocrx_word' id='word_1_527' title='bbox 2573 3432 2840 3500; x_wconf 81' lang='lat' dir='ltr'><strong>tuancipia</strong></span> <span class='ocrx_word' id='word_1_528' title='bbox 2896 3435 3233 3490; x_wconf 75' lang='lat' dir='ltr'><strong>contendere</strong></span> 
     </span>
    </p>
   </div>
   <div class='ocr_carea' id='block_1_70' title="bbox 1643 3519 3233 3589">
    <p class='ocr_par' dir='ltr' id='par_1_70' title="bbox 1643 3519 3233 3589">
     <span class='ocr_line' id='line_1_70' title="bbox 1643 3519 3233 3589; baseline 0.004 -15"><span class='ocrx_word' id='word_1_529' title='bbox 1643 3532 1906 3589; x_wconf 84' lang='lat' dir='ltr'><strong>cogantur</strong></span> <span class='ocrx_word' id='word_1_530' title='bbox 1937 3519 2080 3574; x_wconf 88' lang='lat' dir='ltr'><strong>ultra</strong></span> <span class='ocrx_word' id='word_1_531' title='bbox 2108 3534 2269 3586; x_wconf 83' lang='lat' dir='ltr'><strong>quam</strong></span> <span class='ocrx_word' id='word_1_532' title='bbox 2307 3520 2513 3576; x_wconf 85' lang='lat' dir='ltr'><strong>valent.</strong></span> <span class='ocrx_word' id='word_1_533' title='bbox 2563 3522 2697 3587; x_wconf 69' lang='lat' dir='ltr'><strong>Quae</strong></span> <span class='ocrx_word' id='word_1_534' title='bbox 2730 3535 2914 3578; x_wconf 88' lang='lat' dir='ltr'><strong>autem</strong></span> <span class='ocrx_word' id='word_1_535' title='bbox 2950 3524 3071 3580; x_wconf 57' lang='lat' dir='ltr'><strong>ista;</strong></span> <span class='ocrx_word' id='word_1_536' title='bbox 3102 3534 3233 3580; x_wconf 83' lang='lat' dir='ltr'><strong>sunt</strong></span> 
     </span>
    </p>
   </div>
   <div class='ocr_carea' id='block_1_71' title="bbox 1644 3610 3236 3684">
    <p class='ocr_par' dir='ltr' id='par_1_71' title="bbox 1644 3610 3236 3684">
     <span class='ocr_line' id='line_1_71' title="bbox 1644 3610 3236 3684; baseline 0.003 -17"><span class='ocrx_word' id='word_1_537' title='bbox 1644 3628 1782 3684; x_wconf 86' lang='lat' dir='ltr'><strong>quas</strong></span> <span class='ocrx_word' id='word_1_538' title='bbox 1836 3612 2037 3680; x_wconf 75' lang='lat' dir='ltr'><strong>allegas</strong></span> <span class='ocrx_word' id='word_1_539' title='bbox 2080 3610 2502 3682; x_wconf 73' lang='lat' dir='ltr'><strong>iustiﬁcationes</strong></span> <span class='ocrx_word' id='word_1_540' title='bbox 2533 3611 2655 3680; x_wconf 89' lang='lat' dir='ltr'><strong>Dei,</strong></span> <span class='ocrx_word' id='word_1_541' title='bbox 2699 3614 3147 3684; x_wconf 37' lang='lat' dir='ltr'><strong>quibusrseillcet</strong></span> <span class='ocrx_word' id='word_1_542' title='bbox 3177 3628 3236 3673; x_wconf 87' lang='lat' dir='ltr'><strong>ut</strong></span> 
     </span>
    </p>
   </div>
   <div class='ocr_carea' id='block_1_72' title="bbox 1643 3707 3234 3778">
    <p class='ocr_par' dir='ltr' id='par_1_72' title="bbox 1643 3707 3234 3778">
     <span class='ocr_line' id='line_1_72' title="bbox 1643 3707 3234 3778; baseline 0.001 -15"><span class='ocrx_word' id='word_1_543' title='bbox 1643 3710 2010 3778; x_wconf 86' lang='lat' dir='ltr'><strong>obtemperes,</strong></span> <span class='ocrx_word' id='word_1_544' title='bbox 2046 3721 2075 3760; x_wconf 77' lang='grc' dir='ltr'><strong>ιι</strong></span> <span class='ocrx_word' id='word_1_545' title='bbox 2118 3707 2276 3761; x_wconf 87' lang='lat' dir='ltr'><strong>nobis</strong></span> <span class='ocrx_word' id='word_1_546' title='bbox 2329 3707 2506 3776; x_wconf 71' lang='lat' dir='ltr'><strong>exigis</strong></span> <span class='ocrx_word' id='word_1_547' title='bbox 2550 3715 2610 3762; x_wconf 90' lang='grc' dir='ltr'><strong>ιιι</strong></span> <span class='ocrx_word' id='word_1_548' title='bbox 2658 3716 2866 3763; x_wconf 88' lang='lat' dir='ltr'><strong>stemus</strong></span> <span class='ocrx_word' id='word_1_549' title='bbox 2918 3708 2972 3763; x_wconf 92' lang='lat' dir='ltr'><strong>in</strong></span> <span class='ocrx_word' id='word_1_550' title='bbox 3003 3710 3234 3764; x_wconf 77' lang='lat' dir='ltr'><strong>ecclesia</strong></span> 
     </span>
    </p>
   </div>
   <div class='ocr_carea' id='block_1_73' title="bbox 1647 3794 3234 3861">
    <p class='ocr_par' dir='ltr' id='par_1_73' title="bbox 1647 3794 3234 3861">
     <span class='ocr_line' id='line_1_73' title="bbox 1647 3794 3234 3861; baseline 0.001 -10"><span class='ocrx_word' id='word_1_551' title='bbox 1647 3795 1837 3861; x_wconf 88' lang='lat' dir='ltr'><strong>erecti,</strong></span> <span class='ocrx_word' id='word_1_552' title='bbox 1871 3794 2201 3855; x_wconf 83' lang='lat' dir='ltr'><strong>immobiles.</strong></span> <span class='ocrx_word' id='word_1_553' title='bbox 2226 3796 2397 3850; x_wconf 84' lang='lat' dir='ltr'><strong>instar</strong></span> <span class='ocrx_word' id='word_1_554' title='bbox 2429 3795 2696 3851; x_wconf 67' lang='lat' dir='ltr'><strong>columna:</strong></span> <span class='ocrx_word' id='word_1_555' title='bbox 2745 3795 2933 3861; x_wconf 66' lang='lat' dir='ltr'><strong>deliri,</strong></span> <span class='ocrx_word' id='word_1_556' title='bbox 2971 3797 3109 3852; x_wconf 84' lang='lat' dir='ltr'><strong>nihil</strong></span> <span class='ocrx_word' id='word_1_557' title='bbox 3149 3801 3234 3853; x_wconf 79' lang='lat' dir='ltr'><strong>hi-</strong></span> 
     </span>
    </p>
   </div>
   <div class='ocr_carea' id='block_1_74' title="bbox 1645 3886 3230 3959">
    <p class='ocr_par' dir='ltr' id='par_1_74' title="bbox 1645 3886 3230 3959">
     <span class='ocr_line' id='line_1_74' title="bbox 1645 3886 3230 3959; baseline 0.002 -18"><span class='ocrx_word' id='word_1_558' title='bbox 1645 3899 1859 3942; x_wconf 87' lang='lat' dir='ltr'><strong>sceutes</strong></span> <span class='ocrx_word' id='word_1_559' title='bbox 1881 3886 1949 3942; x_wconf 87' lang='lat' dir='ltr'><strong>ad</strong></span> <span class='ocrx_word' id='word_1_560' title='bbox 1982 3902 2079 3942; x_wconf 86' lang='lat' dir='ltr'><strong>nos</strong></span> <span class='ocrx_word' id='word_1_561' title='bbox 2103 3888 2361 3952; x_wconf 83' lang='lat' dir='ltr'><strong>invicem,</strong></span> <span class='ocrx_word' id='word_1_562' title='bbox 2384 3888 2734 3957; x_wconf 83' lang='lat' dir='ltr'><strong>quantumvis</strong></span> <span class='ocrx_word' id='word_1_563' title='bbox 2760 3904 2959 3958; x_wconf 79' lang='lat' dir='ltr'><strong>urgens</strong></span> <span class='ocrx_word' id='word_1_564' title='bbox 2975 3890 3230 3959; x_wconf 82' lang='lat' dir='ltr'><strong>cuiquam</strong></span> 
     </span>
    </p>
   </div>
   <div class='ocr_carea' id='block_1_75' title="bbox 1648 3972 3233 4036">
    <p class='ocr_par' dir='ltr' id='par_1_75' title="bbox 1648 3972 3233 4036">
     <span class='ocr_line' id='line_1_75' title="bbox 1648 3972 3233 4036; baseline 0.001 -1"><span class='ocrx_word' id='word_1_565' title='bbox 1648 3979 1901 4035; x_wconf 90' lang='lat' dir='ltr'><strong>inciderit</strong></span> <span class='ocrx_word' id='word_1_566' title='bbox 1944 3980 2254 4035; x_wconf 81' lang='lat' dir='ltr'><strong>necessitas</strong></span> <span class='ocrx_word' id='word_1_567' title='bbox 2287 3972 2574 4035; x_wconf 85' lang='lat' dir='ltr'><strong>verbulum</strong></span> <span class='ocrx_word' id='word_1_568' title='bbox 2616 3980 2767 4035; x_wconf 87' lang='lat' dir='ltr'><strong>socio</strong></span> <span class='ocrx_word' id='word_1_569' title='bbox 2800 3979 3233 4036; x_wconf 69' lang='lat' dir='ltr'><strong>insusurrandi?</strong></span> 
     </span>
    </p>
   </div>
   <div class='ocr_carea' id='block_1_76' title="bbox 24 4073 3235 4145">
    <p class='ocr_par' dir='ltr' id='par_1_76' title="bbox 24 4073 3235 4145">
     <span class='ocr_line' id='line_1_76' title="bbox 24 4073 3235 4145; baseline -0.001 -13"><span class='ocrx_word' id='word_1_570' title='bbox 24 4076 130 4145; x_wconf 79' lang='lat' dir='ltr'><strong>licet,</strong></span> <span class='ocrx_word' id='word_1_571' title='bbox 164 4080 339 4135; x_wconf 86' lang='lat' dir='ltr'><strong>mortis</strong></span> <span class='ocrx_word' id='word_1_572' title='bbox 394 4088 660 4135; x_wconf 84' lang='lat' dir='ltr'><strong>auctores</strong></span> <span class='ocrx_word' id='word_1_573' title='bbox 717 4078 911 4143; x_wconf 88' lang='lat' dir='ltr'><strong>simus,</strong></span> <span class='ocrx_word' id='word_1_574' title='bbox 940 4077 1288 4131; x_wconf 86' lang='lat' dir='ltr'><strong>cursabimus</strong></span> <span class='ocrx_word' id='word_1_575' title='bbox 1337 4074 1549 4130; x_wconf 87' lang='lat' dir='ltr'><strong>mendi-</strong></span> <span class='ocrx_word' id='word_1_576' title='bbox 1650 4075 1844 4132; x_wconf 83' lang='lat' dir='ltr'><strong>Utrum</strong></span> <span class='ocrx_word' id='word_1_577' title='bbox 1875 4084 1929 4130; x_wconf 91' lang='lat' dir='ltr'><strong>et</strong></span> <span class='ocrx_word' id='word_1_578' title='bbox 1962 4076 2066 4130; x_wconf 90' lang='lat' dir='ltr'><strong>hoc</strong></span> <span class='ocrx_word' id='word_1_579' title='bbox 2099 4074 2280 4129; x_wconf 83' lang='lat' dir='ltr'><strong>decuit</strong></span> <span class='ocrx_word' id='word_1_580' title='bbox 2321 4083 2372 4129; x_wconf 88' lang='lat' dir='ltr'><strong>te</strong></span> <span class='ocrx_word' id='word_1_581' title='bbox 2428 4075 2590 4130; x_wconf 89' lang='lat' dir='ltr'><strong>nobis</strong></span> <span class='ocrx_word' id='word_1_582' title='bbox 2627 4073 2939 4144; x_wconf 72' lang='lat' dir='ltr'><strong>iniungere,</strong></span> <span class='ocrx_word' id='word_1_583' title='bbox 2971 4075 3235 4131; x_wconf 72' lang='lat' dir='ltr'><strong>domine?</strong></span> 
     </span>
    </p>
   </div>
   <div class='ocr_carea' id='block_1_77' title="bbox 23 4166 3223 4239">
    <p class='ocr_par' dir='ltr' id='par_1_77' title="bbox 23 4166 3223 4239">
     <span class='ocr_line' id='line_1_77' title="bbox 23 4166 3223 4239; baseline 0 -17"><span class='ocrx_word' id='word_1_584' title='bbox 23 4172 153 4226; x_wconf 84' lang='lat' dir='ltr'><strong>cando</strong></span> <span class='ocrx_word' id='word_1_585' title='bbox 194 4174 392 4228; x_wconf 84' lang='lat' dir='ltr'><strong>circum</strong></span> <span class='ocrx_word' id='word_1_586' title='bbox 443 4170 892 4226; x_wconf 83' lang='lat' dir='ltr'><strong>Christianorum</strong></span> <span class='ocrx_word' id='word_1_587' title='bbox 947 4169 1113 4234; x_wconf 88' lang='lat' dir='ltr'><strong>ostia,</strong></span> <span class='ocrx_word' id='word_1_588' title='bbox 1155 4169 1355 4222; x_wconf 87' lang='lat' dir='ltr'><strong>misera</strong></span> <span class='ocrx_word' id='word_1_589' title='bbox 1391 4166 1548 4237; x_wconf 88' lang='lat' dir='ltr'><strong>panis</strong></span> <span class='ocrx_word' id='word_1_590' title='bbox 1646 4167 1703 4222; x_wconf 90' lang='lat' dir='ltr'><strong>Si</strong></span> <span class='ocrx_word' id='word_1_591' title='bbox 1729 4167 1937 4239; x_wconf 89' lang='lat' dir='ltr'><strong>legibus</strong></span> <span class='ocrx_word' id='word_1_592' title='bbox 1966 4168 2361 4221; x_wconf 83' lang='lat' dir='ltr'><strong>monachorum</strong></span> <span class='ocrx_word' id='word_1_593' title='bbox 2400 4169 2571 4223; x_wconf 88' lang='lat' dir='ltr'><strong>teneri</strong></span> <span class='ocrx_word' id='word_1_594' title='bbox 2627 4182 2728 4224; x_wconf 91' lang='lat' dir='ltr'><strong>nos</strong></span> <span class='ocrx_word' id='word_1_595' title='bbox 2751 4184 2968 4239; x_wconf 73' lang='lat' dir='ltr'><strong>:eqnum</strong></span> <span class='ocrx_word' id='word_1_596' title='bbox 3001 4184 3223 4232; x_wconf 80' lang='lat' dir='ltr'><strong>censes.</strong></span> 
     </span>
    </p>
   </div>
   <div class='ocr_carea' id='block_1_78' title="bbox 23 4259 3232 4344">
    <p class='ocr_par' dir='ltr' id='par_1_78' title="bbox 23 4259 3232 4344">
     <span class='ocr_line' id='line_1_78' title="bbox 23 4259 3232 4344; baseline -0 -28"><span class='ocrx_word' id='word_1_597' title='bbox 23 4263 148 4318; x_wconf 79' lang='lat' dir='ltr'><strong>frusta</strong></span> <span class='ocrx_word' id='word_1_598' title='bbox 171 4266 569 4337; x_wconf 75' lang='lat' dir='ltr'><strong>eouquirentes.</strong></span> <span class='ocrx_word' id='word_1_599' title='bbox 612 4263 678 4317; x_wconf 83' lang='lat' dir='ltr'><strong>Et</strong></span> <span class='ocrx_word' id='word_1_600' title='bbox 728 4278 873 4318; x_wconf 85' lang='lat' dir='ltr'><strong>nunc</strong></span> <span class='ocrx_word' id='word_1_601' title='bbox 910 4262 1084 4317; x_wconf 87' lang='lat' dir='ltr'><strong>lurida</strong></span> <span class='ocrx_word' id='word_1_602' title='bbox 1148 4262 1547 4344; x_wconf 73' lang='lat' dir='ltr'><strong>mendicabula,</strong></span> <span class='ocrx_word' id='word_1_603' title='bbox 1649 4260 1721 4315; x_wconf 90' lang='lat' dir='ltr'><strong>sit</strong></span> <span class='ocrx_word' id='word_1_604' title='bbox 1757 4260 1829 4313; x_wconf 87' lang='lat' dir='ltr'><strong>ita</strong></span> <span class='ocrx_word' id='word_1_605' title='bbox 1880 4274 2053 4326; x_wconf 88' lang='lat' dir='ltr'><strong>sane;</strong></span> <span class='ocrx_word' id='word_1_606' title='bbox 2101 4259 2443 4315; x_wconf 87' lang='lat' dir='ltr'><strong>celebremus</strong></span> <span class='ocrx_word' id='word_1_607' title='bbox 2483 4274 2614 4332; x_wconf 88' lang='lat' dir='ltr'><strong>ergo</strong></span> <span class='ocrx_word' id='word_1_608' title='bbox 2649 4276 2759 4332; x_wconf 87' lang='lat' dir='ltr'><strong>quo</strong></span> <span class='ocrx_word' id='word_1_609' title='bbox 2802 4262 2878 4315; x_wconf 92' lang='lat' dir='ltr'><strong>illi</strong></span> <span class='ocrx_word' id='word_1_610' title='bbox 2915 4262 3020 4317; x_wconf 91' lang='lat' dir='ltr'><strong>ritu</strong></span> <span class='ocrx_word' id='word_1_611' title='bbox 3058 4262 3232 4316; x_wconf 84' lang='lat' dir='ltr'><strong>eccle-</strong></span> 
     </span>
    </p>
   </div>
   <div class='ocr_carea' id='block_1_79' title="bbox 23 4349 3233 4423">
    <p class='ocr_par' dir='ltr' id='par_1_79' title="bbox 23 4349 3233 4423">
     <span class='ocr_line' id='line_1_79' title="bbox 23 4349 3233 4423; baseline -0.001 -13"><span class='ocrx_word' id='word_1_612' title='bbox 23 4355 119 4410; x_wconf 80' lang='lat' dir='ltr'><strong>tlteu</strong></span> <span class='ocrx_word' id='word_1_613' title='bbox 142 4358 155 4410; x_wconf 93' lang='lat' dir='ltr'><strong>l</strong></span> <span class='ocrx_word' id='word_1_614' title='bbox 176 4356 295 4412; x_wconf 87' lang='lat' dir='ltr'><strong>olim</strong></span> <span class='ocrx_word' id='word_1_615' title='bbox 332 4357 549 4413; x_wconf 79' lang='lat' dir='ltr'><strong>alumni</strong></span> <span class='ocrx_word' id='word_1_616' title='bbox 603 4356 886 4421; x_wconf 75' lang='lat' dir='ltr'><strong>Ecclesiae,</strong></span> <span class='ocrx_word' id='word_1_617' title='bbox 938 4352 1222 4410; x_wconf 86' lang='lat' dir='ltr'><strong>sordidum</strong></span> <span class='ocrx_word' id='word_1_618' title='bbox 1254 4355 1460 4409; x_wconf 87' lang='lat' dir='ltr'><strong>victum</strong></span> <span class='ocrx_word' id='word_1_619' title='bbox 1491 4354 1547 4408; x_wconf 89' lang='lat' dir='ltr'><strong>in</strong></span> <span class='ocrx_word' id='word_1_620' title='bbox 1650 4351 1907 4407; x_wconf 82' lang='lat' dir='ltr'><strong>siasticas</strong></span> <span class='ocrx_word' id='word_1_621' title='bbox 1943 4351 2180 4420; x_wconf 77' lang='lat' dir='ltr'><strong>vigilias.</strong></span> <span class='ocrx_word' id='word_1_622' title='bbox 2214 4349 2316 4407; x_wconf 84' lang='lat' dir='ltr'><strong>Ubi</strong></span> <span class='ocrx_word' id='word_1_623' title='bbox 2350 4352 2529 4423; x_wconf 88' lang='lat' dir='ltr'><strong>primo</strong></span> <span class='ocrx_word' id='word_1_624' title='bbox 2557 4353 2799 4408; x_wconf 87' lang='lat' dir='ltr'><strong>diluculo</strong></span> <span class='ocrx_word' id='word_1_625' title='bbox 2831 4353 2948 4409; x_wconf 89' lang='lat' dir='ltr'><strong>dies</strong></span> <span class='ocrx_word' id='word_1_626' title='bbox 2998 4354 3233 4423; x_wconf 68' lang='lat' dir='ltr'><strong>coeperit</strong></span> 
     </span>
    </p>
   </div>
   <div class='ocr_carea' id='block_1_80' title="bbox 23 4443 3226 4522">
    <p class='ocr_par' dir='ltr' id='par_1_80' title="bbox 23 4443 3226 4522">
     <span class='ocr_line' id='line_1_80' title="bbox 23 4443 3226 4522; baseline -0.001 -21"><span class='ocrx_word' id='word_1_627' title='bbox 23 4448 134 4503; x_wconf 76' lang='lat' dir='ltr'><strong>ostiis</strong></span> <span class='ocrx_word' id='word_1_628' title='bbox 151 4449 585 4504; x_wconf 80' lang='lat' dir='ltr'><strong>Christianorum</strong></span> <span class='ocrx_word' id='word_1_629' title='bbox 611 4449 858 4518; x_wconf 86' lang='lat' dir='ltr'><strong>precario</strong></span> <span class='ocrx_word' id='word_1_630' title='bbox 881 4447 1180 4517; x_wconf 87' lang='lat' dir='ltr'><strong>impetrare</strong></span> <span class='ocrx_word' id='word_1_631' title='bbox 1204 4447 1544 4522; x_wconf 72' lang='lat' dir='ltr'><strong>conabimur,</strong></span> <span class='ocrx_word' id='word_1_632' title='bbox 1580 4446 1623 4501; x_wconf 91' lang='lat' dir='ltr'><strong>D</strong></span> <span class='ocrx_word' id='word_1_633' title='bbox 1650 4443 1948 4508; x_wconf 75' lang='lat' dir='ltr'><strong>albescere,</strong></span> <span class='ocrx_word' id='word_1_634' title='bbox 1998 4457 2028 4496; x_wconf 85' lang='lat' dir='ltr'><strong>a</strong></span> <span class='ocrx_word' id='word_1_635' title='bbox 2092 4444 2262 4498; x_wconf 86' lang='lat' dir='ltr'><strong>choro</strong></span> <span class='ocrx_word' id='word_1_636' title='bbox 2319 4444 2695 4512; x_wconf 85' lang='lat' dir='ltr'><strong>dimittamnr;</strong></span> <span class='ocrx_word' id='word_1_637' title='bbox 2756 4445 3050 4513; x_wconf 89' lang='lat' dir='ltr'><strong>neminem,</strong></span> <span class='ocrx_word' id='word_1_638' title='bbox 3097 4446 3226 4501; x_wconf 86' lang='lat' dir='ltr'><strong>dum</strong></span> 
     </span>
    </p>
   </div>
   <div class='ocr_carea' id='block_1_81' title="bbox 23 4536 3229 4605">
    <p class='ocr_par' dir='ltr' id='par_1_81' title="bbox 23 4536 3229 4605">
     <span class='ocr_line' id='line_1_81' title="bbox 23 4536 3229 4605; baseline -0.001 -13"><span class='ocrx_word' id='word_1_639' title='bbox 23 4540 147 4594; x_wconf 77' lang='lat' dir='ltr'><strong>hianti</strong></span> <span class='ocrx_word' id='word_1_640' title='bbox 196 4541 562 4598; x_wconf 84' lang='lat' dir='ltr'><strong>lamentantes</strong></span> <span class='ocrx_word' id='word_1_641' title='bbox 589 4555 685 4595; x_wconf 86' lang='lat' dir='ltr'><strong>ore</strong></span> <span class='ocrx_word' id='word_1_642' title='bbox 717 4555 990 4594; x_wconf 85' lang='lat' dir='ltr'><strong>summam</strong></span> <span class='ocrx_word' id='word_1_643' title='bbox 1029 4538 1400 4593; x_wconf 79' lang='lat' dir='ltr'><strong>infelicitatem</strong></span> <span class='ocrx_word' id='word_1_644' title='bbox 1451 4554 1548 4592; x_wconf 89' lang='lat' dir='ltr'><strong>no-</strong></span> <span class='ocrx_word' id='word_1_645' title='bbox 1653 4548 1844 4605; x_wconf 87' lang='lat' dir='ltr'><strong>preces</strong></span> <span class='ocrx_word' id='word_1_646' title='bbox 1870 4543 2165 4589; x_wconf 80' lang='lat' dir='ltr'><strong>nocturnas</strong></span> <span class='ocrx_word' id='word_1_647' title='bbox 2184 4537 2516 4604; x_wconf 62' lang='lat' dir='ltr'><strong>peregimus,</strong></span> <span class='ocrx_word' id='word_1_648' title='bbox 2539 4536 2786 4592; x_wconf 85' lang='lat' dir='ltr'><strong>sinamus</strong></span> <span class='ocrx_word' id='word_1_649' title='bbox 2802 4546 3147 4591; x_wconf 79' lang='lat' dir='ltr'><strong>externorum</strong></span> <span class='ocrx_word' id='word_1_650' title='bbox 3174 4537 3229 4591; x_wconf 90' lang='lat' dir='ltr'><strong>in</strong></span> 
     </span>
    </p>
   </div>
   <div class='ocr_carea' id='block_1_82' title="bbox 23 4629 1546 4687">
    <p class='ocr_par' dir='ltr' id='par_1_82' title="bbox 23 4629 1546 4687">
     <span class='ocr_line' id='line_1_82' title="bbox 23 4629 1546 4687; baseline 0 -6"><span class='ocrx_word' id='word_1_651' title='bbox 23 4640 162 4683; x_wconf 74' lang='lat' dir='ltr'><strong>stram.</strong></span> <span class='ocrx_word' id='word_1_652' title='bbox 188 4629 417 4687; x_wconf 85' lang='lat' dir='ltr'><strong>Oramus</strong></span> <span class='ocrx_word' id='word_1_653' title='bbox 463 4641 647 4686; x_wconf 89' lang='lat' dir='ltr'><strong>autem</strong></span> <span class='ocrx_word' id='word_1_654' title='bbox 693 4643 750 4684; x_wconf 92' lang='lat' dir='ltr'><strong>ut</strong></span> <span class='ocrx_word' id='word_1_655' title='bbox 792 4631 846 4684; x_wconf 90' lang='lat' dir='ltr'><strong>in</strong></span> <span class='ocrx_word' id='word_1_656' title='bbox 877 4644 943 4687; x_wconf 85' lang='lat' dir='ltr'><strong>eo</strong></span> <span class='ocrx_word' id='word_1_657' title='bbox 994 4629 1187 4685; x_wconf 86' lang='lat' dir='ltr'><strong>saltem</strong></span> <span class='ocrx_word' id='word_1_658' title='bbox 1234 4629 1546 4683; x_wconf 84' lang='lat' dir='ltr'><strong>miserrimo</strong></span> 
     </span>
    </p>
   </div>
   <div class='ocr_carea' id='block_1_83' title="bbox 23 4723 1542 4793">
    <p class='ocr_par' dir='ltr' id='par_1_83' title="bbox 23 4723 1542 4793">
     <span class='ocr_line' id='line_1_83' title="bbox 23 4723 1542 4793; baseline 0 -17"><span class='ocrx_word' id='word_1_659' title='bbox 23 4731 126 4777; x_wconf 84' lang='lat' dir='ltr'><strong>ttatu</strong></span> <span class='ocrx_word' id='word_1_660' title='bbox 156 4740 331 4793; x_wconf 86' lang='lat' dir='ltr'><strong>pacem</strong></span> <span class='ocrx_word' id='word_1_661' title='bbox 365 4740 436 4780; x_wconf 81' lang='lat' dir='ltr'><strong>ex</strong></span> <span class='ocrx_word' id='word_1_662' title='bbox 460 4734 523 4780; x_wconf 78' lang='lat' dir='ltr'><strong>te</strong></span> <span class='ocrx_word' id='word_1_663' title='bbox 564 4725 864 4779; x_wconf 85' lang='lat' dir='ltr'><strong>habeamus</strong></span> <span class='ocrx_word' id='word_1_664' title='bbox 895 4723 1266 4793; x_wconf 86' lang='lat' dir='ltr'><strong>quiescentes,</strong></span> <span class='ocrx_word' id='word_1_665' title='bbox 1296 4737 1396 4777; x_wconf 83' lang='lat' dir='ltr'><strong>nec</strong></span> <span class='ocrx_word' id='word_1_666' title='bbox 1437 4725 1542 4776; x_wconf 85' lang='lat' dir='ltr'><strong>tuis</strong></span> 
     </span>
    </p>
   </div>
   <div class='ocr_carea' id='block_1_84' title="bbox 23 4811 1544 4883">
    <p class='ocr_par' dir='ltr' id='par_1_84' title="bbox 23 4811 1544 4883">
     <span class='ocr_line' id='line_1_84' title="bbox 23 4811 1544 4883; baseline -0.001 -16"><span class='ocrx_word' id='word_1_667' title='bbox 23 4812 280 4870; x_wconf 78' lang='lat' dir='ltr'><strong>infestentur</strong></span> <span class='ocrx_word' id='word_1_668' title='bbox 303 4816 530 4880; x_wconf 82' lang='lat' dir='ltr'><strong>litteris,</strong></span> <span class='ocrx_word' id='word_1_669' title='bbox 557 4817 612 4870; x_wconf 90' lang='lat' dir='ltr'><strong>in</strong></span> <span class='ocrx_word' id='word_1_670' title='bbox 643 4817 918 4869; x_wconf 88' lang='lat' dir='ltr'><strong>cumulum</strong></span> <span class='ocrx_word' id='word_1_671' title='bbox 949 4826 1026 4869; x_wconf 92' lang='lat' dir='ltr'><strong>tot</strong></span> <span class='ocrx_word' id='word_1_672' title='bbox 1058 4814 1315 4879; x_wconf 88' lang='lat' dir='ltr'><strong>aliarum,</strong></span> <span class='ocrx_word' id='word_1_673' title='bbox 1340 4811 1544 4883; x_wconf 87' lang='lat' dir='ltr'><strong>quibus</strong></span> 
     </span>
    </p>
   </div>
   <div class='ocr_carea' id='block_1_85' title="bbox 23 4905 1546 4979">
    <p class='ocr_par' dir='ltr' id='par_1_85' title="bbox 23 4905 1546 4979">
     <span class='ocr_line' id='line_1_85' title="bbox 23 4905 1546 4979; baseline -0.001 -18"><span class='ocrx_word' id='word_1_674' title='bbox 23 4908 343 4975; x_wconf 81' lang='lat' dir='ltr'><strong>tppriminmr,</strong></span> <span class='ocrx_word' id='word_1_675' title='bbox 389 4906 567 4979; x_wconf 70' lang='grc'><strong>648</strong></span> <span class='ocrx_word' id='word_1_676' title='bbox 617 4905 962 4977; x_wconf 84' lang='lat' dir='ltr'><strong>injuriarum.</strong></span> <span class='ocrx_word' id='word_1_677' title='bbox 1003 4906 1077 4960; x_wconf 88' lang='lat' dir='ltr'><strong>De</strong></span> <span class='ocrx_word' id='word_1_678' title='bbox 1110 4915 1311 4960; x_wconf 66' lang='lat' dir='ltr'><strong>caetero</strong></span> <span class='ocrx_word' id='word_1_679' title='bbox 1337 4905 1546 4959; x_wconf 84' lang='lat' dir='ltr'><strong>servie-</strong></span> 
     </span>
    </p>
   </div>
   <div class='ocr_carea' id='block_1_86' title="bbox 23 4993 1543 5069">
    <p class='ocr_par' dir='ltr' id='par_1_86' title="bbox 23 4993 1543 5069">
     <span class='ocr_line' id='line_1_86' title="bbox 23 4993 1543 5069; baseline -0.001 -21"><span class='ocrx_word' id='word_1_680' title='bbox 23 5011 107 5051; x_wconf 86' lang='lat' dir='ltr'><strong>tnus</strong></span> <span class='ocrx_word' id='word_1_681' title='bbox 131 5014 219 5053; x_wconf 90' lang='lat' dir='ltr'><strong>nos</strong></span> <span class='ocrx_word' id='word_1_682' title='bbox 258 5000 481 5069; x_wconf 86' lang='lat' dir='ltr'><strong>quidem</strong></span> <span class='ocrx_word' id='word_1_683' title='bbox 515 5005 778 5067; x_wconf 88' lang='lat' dir='ltr'><strong>quantum</strong></span> <span class='ocrx_word' id='word_1_684' title='bbox 834 4993 1134 5064; x_wconf 80' lang='lat' dir='ltr'><strong>poterimus</strong></span> <span class='ocrx_word' id='word_1_685' title='bbox 1167 5015 1183 5050; x_wconf 88' lang='lat'><strong>:</strong></span> <span class='ocrx_word' id='word_1_686' title='bbox 1237 4994 1543 5049; x_wconf 78' lang='lat' dir='ltr'><strong>mercedem</strong></span> 
     </span>
    </p>
   </div>
   <div class='ocr_carea' id='block_1_87' title="bbox 23 5086 1543 5150">
    <p class='ocr_par' dir='ltr' id='par_1_87' title="bbox 23 5086 1543 5150">
     <span class='ocr_line' id='line_1_87' title="bbox 23 5086 1543 5150; baseline -0.001 -10"><span class='ocrx_word' id='word_1_687' title='bbox 23 5099 113 5141; x_wconf 65' lang='lat' dir='ltr'><strong>vero</strong></span> <span class='ocrx_word' id='word_1_688' title='bbox 137 5099 368 5144; x_wconf 83' lang='lat' dir='ltr'><strong>nostram</strong></span> <span class='ocrx_word' id='word_1_689' title='bbox 399 5087 751 5149; x_wconf 74' lang='lat' dir='ltr'><strong>conﬁdimus,</strong></span> <span class='ocrx_word' id='word_1_690' title='bbox 779 5086 825 5140; x_wconf 88' lang='lat' dir='ltr'><strong>si</strong></span> <span class='ocrx_word' id='word_1_691' title='bbox 854 5086 997 5141; x_wconf 85' lang='lat' dir='ltr'><strong>Deus</strong></span> <span class='ocrx_word' id='word_1_692' title='bbox 1026 5086 1281 5150; x_wconf 87' lang='lat' dir='ltr'><strong>voluerit,</strong></span> <span class='ocrx_word' id='word_1_693' title='bbox 1314 5101 1412 5140; x_wconf 89' lang='lat' dir='ltr'><strong>nos</strong></span> <span class='ocrx_word' id='word_1_694' title='bbox 1438 5103 1543 5139; x_wconf 83' lang='lat' dir='ltr'><strong>non</strong></span> 
     </span>
    </p>
   </div>
   <div class='ocr_carea' id='block_1_88' title="bbox 23 5176 1545 5247">
    <p class='ocr_par' dir='ltr' id='par_1_88' title="bbox 23 5176 1545 5247">
     <span class='ocr_line' id='line_1_88' title="bbox 23 5176 1545 5247; baseline 0.001 -19"><span class='ocrx_word' id='word_1_695' title='bbox 23 5180 288 5247; x_wconf 73' lang='lat' dir='ltr'><strong>amissuros,</strong></span> <span class='ocrx_word' id='word_1_696' title='bbox 317 5180 537 5236; x_wconf 89' lang='lat' dir='ltr'><strong>etiamsi</strong></span> <span class='ocrx_word' id='word_1_697' title='bbox 587 5188 641 5233; x_wconf 90' lang='lat' dir='ltr'><strong>tu</strong></span> <span class='ocrx_word' id='word_1_698' title='bbox 668 5178 940 5234; x_wconf 80' lang='lat' dir='ltr'><strong>calamum</strong></span> <span class='ocrx_word' id='word_1_699' title='bbox 977 5179 1276 5232; x_wconf 88' lang='lat' dir='ltr'><strong>contritum</strong></span> <span class='ocrx_word' id='word_1_700' title='bbox 1304 5176 1545 5232; x_wconf 82' lang='lat' dir='ltr'><strong>confrin-</strong></span> 
     </span>
    </p>
   </div>
   <div class='ocr_carea' id='block_1_89' title="bbox 23 5258 1548 5341">
    <p class='ocr_par' dir='ltr' id='par_1_89' title="bbox 23 5258 1548 5341">
     <span class='ocr_line' id='line_1_89' title="bbox 23 5258 1548 5341; baseline -0.003 -14"><span class='ocrx_word' id='word_1_701' title='bbox 23 5258 114 5341; x_wconf 62' lang='lat' dir='ltr'><strong>gere</strong></span> <span class='ocrx_word' id='word_1_702' title='bbox 158 5289 257 5329; x_wconf 89' lang='lat' dir='ltr'><strong>non</strong></span> <span class='ocrx_word' id='word_1_703' title='bbox 299 5273 603 5338; x_wconf 88' lang='lat' dir='ltr'><strong>cuncteris,</strong></span> <span class='ocrx_word' id='word_1_704' title='bbox 647 5283 702 5328; x_wconf 89' lang='lat' dir='ltr'><strong>et</strong></span> <span class='ocrx_word' id='word_1_705' title='bbox 732 5272 836 5327; x_wconf 90' lang='lat' dir='ltr'><strong>isto</strong></span> <span class='ocrx_word' id='word_1_706' title='bbox 870 5276 972 5327; x_wconf 89' lang='lat' dir='ltr'><strong>hoc</strong></span> <span class='ocrx_word' id='word_1_707' title='bbox 1029 5271 1148 5341; x_wconf 91' lang='lat' dir='ltr'><strong>ipso</strong></span> <span class='ocrx_word' id='word_1_708' title='bbox 1197 5274 1548 5325; x_wconf 75' lang='lat' dir='ltr'><strong>:erumnosis-</strong></span> 
     </span>
    </p>
   </div>
   <div class='ocr_carea' id='block_1_90' title="bbox 23 5363 1551 5436">
    <p class='ocr_par' dir='ltr' id='par_1_90' title="bbox 23 5363 1551 5436">
     <span class='ocr_line' id='line_1_90' title="bbox 23 5363 1551 5436; baseline 0.003 -22"><span class='ocrx_word' id='word_1_709' title='bbox 23 5364 124 5419; x_wconf 85' lang='lat' dir='ltr'><strong>timo</strong></span> <span class='ocrx_word' id='word_1_710' title='bbox 168 5377 413 5436; x_wconf 89' lang='lat' dir='ltr'><strong>tempore</strong></span> <span class='ocrx_word' id='word_1_711' title='bbox 460 5367 708 5436; x_wconf 84' lang='lat' dir='ltr'><strong>asperior</strong></span> <span class='ocrx_word' id='word_1_712' title='bbox 753 5364 911 5419; x_wconf 88' lang='lat' dir='ltr'><strong>nobis</strong></span> <span class='ocrx_word' id='word_1_713' title='bbox 955 5364 1050 5418; x_wconf 90' lang='lat' dir='ltr'><strong>sis.</strong></span> <span class='ocrx_word' id='word_1_714' title='bbox 1103 5363 1272 5433; x_wconf 81' lang='lat' dir='ltr'><strong>Atqui</strong></span> <span class='ocrx_word' id='word_1_715' title='bbox 1323 5380 1427 5418; x_wconf 89' lang='lat' dir='ltr'><strong>non</strong></span> <span class='ocrx_word' id='word_1_716' title='bbox 1469 5366 1551 5419; x_wconf 88' lang='lat' dir='ltr'><strong>sic</strong></span> 
     </span>
    </p>
   </div>
   <div class='ocr_carea' id='block_1_91' title="bbox 23 5456 1553 5530">
    <p class='ocr_par' dir='ltr' id='par_1_91' title="bbox 23 5456 1553 5530">
     <span class='ocr_line' id='line_1_91' title="bbox 23 5456 1553 5530; baseline 0 -20"><span class='ocrx_word' id='word_1_717' title='bbox 23 5457 253 5525; x_wconf 63' lang='lat' dir='ltr'><strong>oportebat</strong></span> <span class='ocrx_word' id='word_1_718' title='bbox 299 5474 468 5530; x_wconf 85' lang='lat' dir='ltr'><strong>agere</strong></span> <span class='ocrx_word' id='word_1_719' title='bbox 523 5456 796 5513; x_wconf 87' lang='lat' dir='ltr'><strong>hominem</strong></span> <span class='ocrx_word' id='word_1_720' title='bbox 831 5457 925 5524; x_wconf 83' lang='lat' dir='ltr'><strong>qui</strong></span> <span class='ocrx_word' id='word_1_721' title='bbox 974 5456 1122 5511; x_wconf 87' lang='lat' dir='ltr'><strong>credi</strong></span> <span class='ocrx_word' id='word_1_722' title='bbox 1160 5456 1353 5525; x_wconf 81' lang='lat' dir='ltr'><strong>dignus</strong></span> <span class='ocrx_word' id='word_1_723' title='bbox 1404 5466 1553 5511; x_wconf 72' lang='lat' dir='ltr'><strong>esset</strong></span> 
     </span>
    </p>
   </div>
   <div class='ocr_carea' id='block_1_92' title="bbox 23 5548 1554 5618">
    <p class='ocr_par' dir='ltr' id='par_1_92' title="bbox 23 5548 1554 5618">
     <span class='ocr_line' id='line_1_92' title="bbox 23 5548 1554 5618; baseline 0.002 -16"><span class='ocrx_word' id='word_1_724' title='bbox 23 5548 179 5607; x_wconf 86' lang='lat' dir='ltr'><strong>thono</strong></span> <span class='ocrx_word' id='word_1_725' title='bbox 204 5563 260 5608; x_wconf 88' lang='lat' dir='ltr'><strong>et</strong></span> <span class='ocrx_word' id='word_1_726' title='bbox 288 5555 574 5608; x_wconf 88' lang='lat' dir='ltr'><strong>hominum</strong></span> <span class='ocrx_word' id='word_1_727' title='bbox 600 5562 818 5605; x_wconf 83' lang='lat' dir='ltr'><strong>amante</strong></span> <span class='ocrx_word' id='word_1_728' title='bbox 854 5551 1150 5605; x_wconf 84' lang='lat' dir='ltr'><strong>instinctus</strong></span> <span class='ocrx_word' id='word_1_729' title='bbox 1182 5550 1398 5618; x_wconf 74' lang='lat' dir='ltr'><strong>Spiritu.</strong></span> <span class='ocrx_word' id='word_1_730' title='bbox 1424 5550 1554 5605; x_wconf 59' lang='lat' dir='ltr'><strong>llaec</strong></span> 
     </span>
    </p>
   </div>
   <div class='ocr_carea' id='block_1_93' title="bbox 23 5642 1552 5712">
    <p class='ocr_par' dir='ltr' id='par_1_93' title="bbox 23 5642 1552 5712">
     <span class='ocr_line' id='line_1_93' title="bbox 23 5642 1552 5712; baseline 0.003 -19"><span class='ocrx_word' id='word_1_731' title='bbox 23 5656 92 5696; x_wconf 78' lang='lat' dir='ltr'><strong>nos</strong></span> <span class='ocrx_word' id='word_1_732' title='bbox 114 5659 310 5702; x_wconf 87' lang='lat' dir='ltr'><strong>summa</strong></span> <span class='ocrx_word' id='word_1_733' title='bbox 341 5646 392 5700; x_wconf 88' lang='lat' dir='ltr'><strong>vi</strong></span> <span class='ocrx_word' id='word_1_734' title='bbox 423 5644 602 5700; x_wconf 85' lang='lat' dir='ltr'><strong>adacti</strong></span> <span class='ocrx_word' id='word_1_735' title='bbox 634 5644 890 5709; x_wconf 80' lang='lat' dir='ltr'><strong>diximus,</strong></span> <span class='ocrx_word' id='word_1_736' title='bbox 926 5658 1120 5712; x_wconf 88' lang='lat' dir='ltr'><strong>nempe</strong></span> <span class='ocrx_word' id='word_1_737' title='bbox 1146 5651 1204 5697; x_wconf 87' lang='lat' dir='ltr'><strong>ut</strong></span> <span class='ocrx_word' id='word_1_738' title='bbox 1237 5642 1463 5697; x_wconf 79' lang='lat' dir='ltr'><strong>Romani</strong></span> <span class='ocrx_word' id='word_1_739' title='bbox 1495 5653 1552 5697; x_wconf 89' lang='lat' dir='ltr'><strong>et</strong></span> 
     </span>
    </p>
   </div>
   <div class='ocr_carea' id='block_1_94' title="bbox 23 5736 1549 5807">
    <p class='ocr_par' dir='ltr' id='par_1_94' title="bbox 23 5736 1549 5807">
     <span class='ocr_line' id='line_1_94' title="bbox 23 5736 1549 5807; baseline 0.003 -22"><span class='ocrx_word' id='word_1_740' title='bbox 23 5736 56 5787; x_wconf 80' lang='lat' dir='ltr'><strong>in</strong></span> <span class='ocrx_word' id='word_1_741' title='bbox 78 5736 276 5793; x_wconf 82' lang='lat' dir='ltr'><strong>Christo</strong></span> <span class='ocrx_word' id='word_1_742' title='bbox 306 5738 487 5805; x_wconf 87' lang='lat' dir='ltr'><strong>liberi,</strong></span> <span class='ocrx_word' id='word_1_743' title='bbox 523 5750 624 5792; x_wconf 87' lang='lat' dir='ltr'><strong>nec</strong></span> <span class='ocrx_word' id='word_1_744' title='bbox 661 5737 978 5807; x_wconf 85' lang='lat' dir='ltr'><strong>cujusquam</strong></span> <span class='ocrx_word' id='word_1_745' title='bbox 1030 5736 1327 5792; x_wconf 79' lang='lat' dir='ltr'><strong>obnoxiam</strong></span> <span class='ocrx_word' id='word_1_746' title='bbox 1361 5749 1549 5804; x_wconf 83' lang='lat' dir='ltr'><strong>respe-</strong></span> 
     </span>
    </p>
   </div>
   <div class='ocr_carea' id='block_1_95' title="bbox 23 5828 1553 5901">
    <p class='ocr_par' dir='ltr' id='par_1_95' title="bbox 23 5828 1553 5901">
     <span class='ocr_line' id='line_1_95' title="bbox 23 5828 1553 5901; baseline 0.001 -20"><span class='ocrx_word' id='word_1_747' title='bbox 23 5829 98 5882; x_wconf 72' lang='lat' dir='ltr'><strong>ttni</strong></span> <span class='ocrx_word' id='word_1_748' title='bbox 125 5828 430 5887; x_wconf 81' lang='lat' dir='ltr'><strong>libertatem</strong></span> <span class='ocrx_word' id='word_1_749' title='bbox 466 5829 781 5885; x_wconf 88' lang='lat' dir='ltr'><strong>enuntiandi</strong></span> <span class='ocrx_word' id='word_1_750' title='bbox 830 5845 951 5901; x_wconf 68' lang='lat' dir='ltr'><strong>quae</strong></span> <span class='ocrx_word' id='word_1_751' title='bbox 983 5831 1252 5887; x_wconf 87' lang='lat' dir='ltr'><strong>sentimus</strong></span> <span class='ocrx_word' id='word_1_752' title='bbox 1304 5829 1553 5885; x_wconf 84' lang='lat' dir='ltr'><strong>retinen-</strong></span> 
     </span>
    </p>
   </div>
   <div class='ocr_carea' id='block_1_96' title="bbox 1652 4625 3233 4697">
    <p class='ocr_par' dir='ltr' id='par_1_96' title="bbox 1652 4625 3233 4697">
     <span class='ocr_line' id='line_1_96' title="bbox 1652 4625 3233 4697; baseline 0.001 -15"><span class='ocrx_word' id='word_1_753' title='bbox 1652 4628 1911 4697; x_wconf 87' lang='lat' dir='ltr'><strong>templum</strong></span> <span class='ocrx_word' id='word_1_754' title='bbox 1934 4626 2167 4697; x_wconf 86' lang='lat' dir='ltr'><strong>ingredi.</strong></span> <span class='ocrx_word' id='word_1_755' title='bbox 2188 4625 2348 4683; x_wconf 84' lang='lat' dir='ltr'><strong>Nunc</strong></span> <span class='ocrx_word' id='word_1_756' title='bbox 2375 4629 2529 4682; x_wconf 85' lang='lat' dir='ltr'><strong>nobis</strong></span> <span class='ocrx_word' id='word_1_757' title='bbox 2552 4644 2580 4682; x_wconf 94' lang='lat' dir='ltr'><strong>a</strong></span> <span class='ocrx_word' id='word_1_758' title='bbox 2606 4639 2763 4683; x_wconf 87' lang='lat' dir='ltr'><strong>nocte</strong></span> <span class='ocrx_word' id='word_1_759' title='bbox 2788 4630 2960 4683; x_wconf 87' lang='lat' dir='ltr'><strong>media</strong></span> <span class='ocrx_word' id='word_1_760' title='bbox 2978 4629 3044 4696; x_wconf 79' lang='lat' dir='ltr'><strong>ad</strong></span> <span class='ocrx_word' id='word_1_761' title='bbox 3066 4629 3233 4683; x_wconf 73' lang='lat' dir='ltr'><strong>meri-</strong></span> 
     </span>
    </p>
   </div>
   <div class='ocr_carea' id='block_1_97' title="bbox 1652 4720 3228 4791">
    <p class='ocr_par' dir='ltr' id='par_1_97' title="bbox 1652 4720 3228 4791">
     <span class='ocr_line' id='line_1_97' title="bbox 1652 4720 3228 4791; baseline 0.001 -16"><span class='ocrx_word' id='word_1_762' title='bbox 1652 4720 1796 4775; x_wconf 86' lang='lat' dir='ltr'><strong>diem</strong></span> <span class='ocrx_word' id='word_1_763' title='bbox 1819 4721 2069 4775; x_wconf 87' lang='lat' dir='ltr'><strong>standum</strong></span> <span class='ocrx_word' id='word_1_764' title='bbox 2096 4730 2203 4787; x_wconf 90' lang='lat' dir='ltr'><strong>est,</strong></span> <span class='ocrx_word' id='word_1_765' title='bbox 2226 4720 2456 4790; x_wconf 81' lang='lat' dir='ltr'><strong>objectis</strong></span> <span class='ocrx_word' id='word_1_766' title='bbox 2477 4721 2650 4776; x_wconf 88' lang='lat' dir='ltr'><strong>oculis</strong></span> <span class='ocrx_word' id='word_1_767' title='bbox 2670 4723 2848 4791; x_wconf 83' lang='lat' dir='ltr'><strong>populi</strong></span> <span class='ocrx_word' id='word_1_768' title='bbox 2876 4724 2928 4776; x_wconf 91' lang='lat' dir='ltr'><strong>in</strong></span> <span class='ocrx_word' id='word_1_769' title='bbox 2956 4738 3228 4777; x_wconf 69' lang='lat' dir='ltr'><strong>concursu</strong></span> 
     </span>
    </p>
   </div>
   <div class='ocr_carea' id='block_1_98' title="bbox 1655 4813 3236 4869">
    <p class='ocr_par' dir='ltr' id='par_1_98' title="bbox 1655 4813 3236 4869">
     <span class='ocr_line' id='line_1_98' title="bbox 1655 4813 3236 4869; baseline 0.001 -2"><span class='ocrx_word' id='word_1_770' title='bbox 1655 4813 2013 4867; x_wconf 88' lang='lat' dir='ltr'><strong>multitudinis</strong></span> <span class='ocrx_word' id='word_1_771' title='bbox 2052 4814 2245 4869; x_wconf 63' lang='lat' dir='ltr'><strong>excitae</strong></span> <span class='ocrx_word' id='word_1_772' title='bbox 2271 4813 2755 4868; x_wconf 88' lang='lat' dir='ltr'><strong>tintinnabulornm</strong></span> <span class='ocrx_word' id='word_1_773' title='bbox 2782 4830 2938 4869; x_wconf 90' lang='lat' dir='ltr'><strong>sono.</strong></span> <span class='ocrx_word' id='word_1_774' title='bbox 2964 4814 3071 4869; x_wconf 81' lang='lat' dir='ltr'><strong>Nec</strong></span> <span class='ocrx_word' id='word_1_775' title='bbox 3104 4829 3236 4869; x_wconf 82' lang='lat' dir='ltr'><strong>vero</strong></span> 
     </span>
    </p>
   </div>
   <div class='ocr_carea' id='block_1_99' title="bbox 1652 4905 3238 4978">
    <p class='ocr_par' dir='ltr' id='par_1_99' title="bbox 1652 4905 3238 4978">
     <span class='ocr_line' id='line_1_99' title="bbox 1652 4905 3238 4978; baseline 0.002 -19"><span class='ocrx_word' id='word_1_776' title='bbox 1652 4905 1794 4975; x_wconf 84' lang='lat' dir='ltr'><strong>quod</strong></span> <span class='ocrx_word' id='word_1_777' title='bbox 1839 4915 1987 4960; x_wconf 87' lang='lat' dir='ltr'><strong>tanto</strong></span> <span class='ocrx_word' id='word_1_778' title='bbox 2018 4908 2273 4961; x_wconf 85' lang='lat' dir='ltr'><strong>continuo</strong></span> <span class='ocrx_word' id='word_1_779' title='bbox 2304 4906 2482 4978; x_wconf 89' lang='lat' dir='ltr'><strong>spatio</strong></span> <span class='ocrx_word' id='word_1_780' title='bbox 2513 4907 2564 4961; x_wconf 90' lang='lat' dir='ltr'><strong>in</strong></span> <span class='ocrx_word' id='word_1_781' title='bbox 2588 4907 2818 4962; x_wconf 86' lang='lat' dir='ltr'><strong>ecclesia</strong></span> <span class='ocrx_word' id='word_1_782' title='bbox 2846 4907 2928 4970; x_wconf 86' lang='lat' dir='ltr'><strong>lit.</strong></span> <span class='ocrx_word' id='word_1_783' title='bbox 2948 4910 3124 4961; x_wconf 84' lang='lat' dir='ltr'><strong>oratio</strong></span> <span class='ocrx_word' id='word_1_784' title='bbox 3147 4922 3238 4961; x_wconf 78' lang='lat' dir='ltr'><strong>so-</strong></span> 
     </span>
    </p>
   </div>
   <div class='ocr_carea' id='block_1_100' title="bbox 1652 4968 3308 5098">
    <p class='ocr_par' dir='ltr' id='par_1_100' title="bbox 1652 4968 3308 5098">
     <span class='ocr_line' id='line_1_100' title="bbox 1652 4968 3308 5098; baseline -0.001 -48"><span class='ocrx_word' id='word_1_785' title='bbox 1652 4996 1763 5050; x_wconf 91' lang='lat' dir='ltr'><strong>lum</strong></span> <span class='ocrx_word' id='word_1_786' title='bbox 1782 5003 1885 5051; x_wconf 86' lang='lat' dir='ltr'><strong>est.</strong></span> <span class='ocrx_word' id='word_1_787' title='bbox 1909 4995 2046 5050; x_wconf 91' lang='lat' dir='ltr'><strong>Sunt</strong></span> <span class='ocrx_word' id='word_1_788' title='bbox 2068 4998 2211 5052; x_wconf 79' lang='lat' dir='ltr'><strong>vices</strong></span> <span class='ocrx_word' id='word_1_789' title='bbox 2233 4997 2343 5052; x_wconf 84' lang='lat' dir='ltr'><strong>illic</strong></span> <span class='ocrx_word' id='word_1_790' title='bbox 2361 4995 2681 5052; x_wconf 81' lang='lat' dir='ltr'><strong>ofﬁciorum.</strong></span> <span class='ocrx_word' id='word_1_791' title='bbox 2698 4996 3028 5065; x_wconf 64' lang='lat' dir='ltr'><strong>Est;qnando</strong></span> <span class='ocrx_word' id='word_1_792' title='bbox 3050 4999 3236 5050; x_wconf 80' lang='lat' dir='ltr'><strong>lllmln-</strong></span> <span class='ocrx_word' id='word_1_793' title='bbox 3284 4968 3308 5098; x_wconf 39' lang='grc' dir='ltr'><strong>ί</strong></span> 
     </span>
    </p>
   </div>
   <div class='ocr_carea' id='block_1_101' title="bbox 1652 5075 3359 5161">
    <p class='ocr_par' dir='ltr' id='par_1_101' title="bbox 1652 5075 3359 5161">
     <span class='ocr_line' id='line_1_101' title="bbox 1652 5075 3359 5161; baseline 0.001 -19"><span class='ocrx_word' id='word_1_794' title='bbox 1652 5088 1761 5144; x_wconf 73' lang='lat' dir='ltr'><strong>late</strong></span> <span class='ocrx_word' id='word_1_795' title='bbox 1779 5099 2070 5142; x_wconf 84' lang='lat' dir='ltr'><strong>cantantur</strong></span> <span class='ocrx_word' id='word_1_796' title='bbox 2090 5090 2610 5161; x_wconf 68' lang='lat' dir='ltr'><strong>quredam;estcum</strong></span> <span class='ocrx_word' id='word_1_797' title='bbox 2647 5089 2849 5158; x_wconf 88' lang='lat' dir='ltr'><strong>aliquid</strong></span> <span class='ocrx_word' id='word_1_798' title='bbox 2903 5075 3317 5145; x_wconf 66' lang='lat' dir='ltr'><strong>audiendan</strong></span> <span class='ocrx_word' id='word_1_799' title='bbox 3354 5082 3359 5087; x_wconf 76' lang='grc'><strong>’</strong></span> 
     </span>
    </p>
   </div>
   <div class='ocr_carea' id='block_1_102' title="bbox 1648 5181 3231 5253">
    <p class='ocr_par' dir='ltr' id='par_1_102' title="bbox 1648 5181 3231 5253">
     <span class='ocr_line' id='line_1_102' title="bbox 1648 5181 3231 5253; baseline 0.004 -24"><span class='ocrx_word' id='word_1_800' title='bbox 1648 5185 2036 5250; x_wconf 65' lang='lat' dir='ltr'><strong>pronuntiatur</strong></span> <span class='ocrx_word' id='word_1_801' title='bbox 2052 5199 2080 5234; x_wconf 87' lang='lat' dir='ltr'><strong>a</strong></span> <span class='ocrx_word' id='word_1_802' title='bbox 2106 5186 2309 5236; x_wconf 87' lang='lat' dir='ltr'><strong>lectore</strong></span> <span class='ocrx_word' id='word_1_803' title='bbox 2331 5197 2347 5247; x_wconf 89' lang='lat'><strong>;</strong></span> <span class='ocrx_word' id='word_1_804' title='bbox 2372 5192 2457 5238; x_wconf 88' lang='lat' dir='ltr'><strong>est</strong></span> <span class='ocrx_word' id='word_1_805' title='bbox 2481 5182 2715 5253; x_wconf 84' lang='lat' dir='ltr'><strong>denique</strong></span> <span class='ocrx_word' id='word_1_806' title='bbox 2739 5181 2963 5237; x_wconf 87' lang='lat' dir='ltr'><strong>sedendi</strong></span> <span class='ocrx_word' id='word_1_807' title='bbox 2997 5191 3231 5252; x_wconf 85' lang='lat' dir='ltr'><strong>tempus;</strong></span> 
     </span>
    </p>
   </div>
   <div class='ocr_carea' id='block_1_103' title="bbox 1653 5273 3236 5346">
    <p class='ocr_par' dir='ltr' id='par_1_103' title="bbox 1653 5273 3236 5346">
     <span class='ocr_line' id='line_1_103' title="bbox 1653 5273 3236 5346; baseline 0.002 -18"><span class='ocrx_word' id='word_1_808' title='bbox 1653 5273 1821 5346; x_wconf 66' lang='lat'><strong>64.9</strong></span> <span class='ocrx_word' id='word_1_809' title='bbox 1865 5286 1945 5329; x_wconf 90' lang='lat' dir='ltr'><strong>est</strong></span> <span class='ocrx_word' id='word_1_810' title='bbox 1979 5285 2035 5329; x_wconf 90' lang='lat' dir='ltr'><strong>et</strong></span> <span class='ocrx_word' id='word_1_811' title='bbox 2080 5275 2281 5330; x_wconf 77' lang='lat' dir='ltr'><strong>inserta</strong></span> <span class='ocrx_word' id='word_1_812' title='bbox 2316 5275 2426 5330; x_wconf 90' lang='lat' dir='ltr'><strong>illic</strong></span> <span class='ocrx_word' id='word_1_813' title='bbox 2462 5276 2798 5331; x_wconf 89' lang='lat' dir='ltr'><strong>contentioni</strong></span> <span class='ocrx_word' id='word_1_814' title='bbox 2849 5277 3095 5346; x_wconf 69' lang='lat' dir='ltr'><strong>quaedam</strong></span> <span class='ocrx_word' id='word_1_815' title='bbox 3149 5291 3236 5331; x_wconf 77' lang='lat' dir='ltr'><strong>rc-</strong></span> 
     </span>
    </p>
   </div>
   <div class='ocr_carea' id='block_1_104' title="bbox 1660 5368 3237 5440">
    <p class='ocr_par' dir='ltr' id='par_1_104' title="bbox 1660 5368 3237 5440">
     <span class='ocr_line' id='line_1_104' title="bbox 1660 5368 3237 5440; baseline 0.003 -20"><span class='ocrx_word' id='word_1_816' title='bbox 1660 5368 1866 5431; x_wconf 84' lang='lat' dir='ltr'><strong>tnissio,</strong></span> <span class='ocrx_word' id='word_1_817' title='bbox 1932 5382 2023 5435; x_wconf 88' lang='lat' dir='ltr'><strong>per</strong></span> <span class='ocrx_word' id='word_1_818' title='bbox 2072 5383 2233 5437; x_wconf 83' lang='lat' dir='ltr'><strong>quam</strong></span> <span class='ocrx_word' id='word_1_819' title='bbox 2293 5368 2613 5423; x_wconf 86' lang='lat' dir='ltr'><strong>conceditur</strong></span> <span class='ocrx_word' id='word_1_820' title='bbox 2665 5368 2773 5423; x_wconf 78' lang='lat' dir='ltr'><strong>diri</strong></span> <span class='ocrx_word' id='word_1_821' title='bbox 2828 5371 3027 5440; x_wconf 77' lang='lat' dir='ltr'><strong>agique</strong></span> <span class='ocrx_word' id='word_1_822' title='bbox 3089 5370 3237 5437; x_wconf 82' lang='lat' dir='ltr'><strong>quod</strong></span> 
     </span>
    </p>
   </div>
   <div class='ocr_carea' id='block_1_105' title="bbox 1657 5460 3238 5530">
    <p class='ocr_par' dir='ltr' id='par_1_105' title="bbox 1657 5460 3238 5530">
     <span class='ocr_line' id='line_1_105' title="bbox 1657 5460 3238 5530; baseline 0.003 -20"><span class='ocrx_word' id='word_1_823' title='bbox 1657 5473 1896 5528; x_wconf 71' lang='lat' dir='ltr'><strong>praesens</strong></span> <span class='ocrx_word' id='word_1_824' title='bbox 1929 5460 2066 5513; x_wconf 78' lang='lat' dir='ltr'><strong>forte</strong></span> <span class='ocrx_word' id='word_1_825' title='bbox 2090 5474 2216 5514; x_wconf 89' lang='lat' dir='ltr'><strong>usus</strong></span> <span class='ocrx_word' id='word_1_826' title='bbox 2246 5460 2575 5530; x_wconf 81' lang='lat' dir='ltr'><strong>poposcerit.</strong></span> <span class='ocrx_word' id='word_1_827' title='bbox 2620 5462 2741 5517; x_wconf 83' lang='lat' dir='ltr'><strong>Non</strong></span> <span class='ocrx_word' id='word_1_828' title='bbox 2769 5462 2915 5516; x_wconf 88' lang='lat' dir='ltr'><strong>enim</strong></span> <span class='ocrx_word' id='word_1_829' title='bbox 2973 5475 3071 5515; x_wconf 88' lang='lat' dir='ltr'><strong>nos</strong></span> <span class='ocrx_word' id='word_1_830' title='bbox 3097 5460 3238 5514; x_wconf 80' lang='lat' dir='ltr'><strong>alios</strong></span> 
     </span>
    </p>
   </div>
   <div class='ocr_carea' id='block_1_106' title="bbox 1659 5552 3236 5619">
    <p class='ocr_par' dir='ltr' id='par_1_106' title="bbox 1659 5552 3236 5619">
     <span class='ocr_line' id='line_1_106' title="bbox 1659 5552 3236 5619; baseline -0.003 -13"><span class='ocrx_word' id='word_1_831' title='bbox 1659 5567 1688 5606; x_wconf 72' lang='grc' dir='ltr'><strong>ιι</strong></span> <span class='ocrx_word' id='word_1_832' title='bbox 1740 5552 1896 5606; x_wconf 86' lang='lat' dir='ltr'><strong>nobis</strong></span> <span class='ocrx_word' id='word_1_833' title='bbox 1958 5552 2237 5605; x_wconf 87' lang='lat' dir='ltr'><strong>ministros</strong></span> <span class='ocrx_word' id='word_1_834' title='bbox 2294 5568 2476 5607; x_wconf 85' lang='lat' dir='ltr'><strong>rerum</strong></span> <span class='ocrx_word' id='word_1_835' title='bbox 2529 5553 2880 5608; x_wconf 79' lang='lat' dir='ltr'><strong>familiarium</strong></span> <span class='ocrx_word' id='word_1_836' title='bbox 2948 5552 3236 5619; x_wconf 71' lang='lat' dir='ltr'><strong>habemus,</strong></span> 
     </span>
    </p>
   </div>
   <div class='ocr_carea' id='block_1_107' title="bbox 1658 5641 3238 5714">
    <p class='ocr_par' dir='ltr' id='par_1_107' title="bbox 1658 5641 3238 5714">
     <span class='ocr_line' id='line_1_107' title="bbox 1658 5641 3238 5714; baseline 0 -19"><span class='ocrx_word' id='word_1_837' title='bbox 1658 5659 1892 5712; x_wconf 86' lang='lat' dir='ltr'><strong>quorum</strong></span> <span class='ocrx_word' id='word_1_838' title='bbox 1945 5658 2134 5714; x_wconf 81' lang='lat' dir='ltr'><strong>opera,</strong></span> <span class='ocrx_word' id='word_1_839' title='bbox 2187 5641 2277 5697; x_wconf 88' lang='lat' dir='ltr'><strong>ubi</strong></span> <span class='ocrx_word' id='word_1_840' title='bbox 2337 5645 2507 5698; x_wconf 89' lang='lat' dir='ltr'><strong>choro</strong></span> <span class='ocrx_word' id='word_1_841' title='bbox 2554 5642 2973 5703; x_wconf 81' lang='lat' dir='ltr'><strong>excesserimns,</strong></span> <span class='ocrx_word' id='word_1_842' title='bbox 3019 5656 3238 5695; x_wconf 74' lang='lat' dir='ltr'><strong>rut-usas</strong></span> 
     </span>
    </p>
   </div>
   <div class='ocr_carea' id='block_1_108' title="bbox 1657 5733 3237 5804">
    <p class='ocr_par' dir='ltr' id='par_1_108' title="bbox 1657 5733 3237 5804">
     <span class='ocr_line' id='line_1_108' title="bbox 1657 5733 3237 5804; baseline -0.001 -13"><span class='ocrx_word' id='word_1_843' title='bbox 1657 5740 1956 5792; x_wconf 70' lang='lat' dir='ltr'><strong>instructas</strong></span> <span class='ocrx_word' id='word_1_844' title='bbox 1992 5738 2138 5792; x_wconf 86' lang='lat' dir='ltr'><strong>domi</strong></span> <span class='ocrx_word' id='word_1_845' title='bbox 2189 5737 2546 5804; x_wconf 83' lang='lat' dir='ltr'><strong>reperiamus.</strong></span> <span class='ocrx_word' id='word_1_846' title='bbox 2603 5735 2794 5804; x_wconf 83' lang='lat' dir='ltr'><strong>Itaque</strong></span> <span class='ocrx_word' id='word_1_847' title='bbox 2850 5733 3164 5787; x_wconf 76' lang='lat' dir='ltr'><strong>subsecivns</strong></span> <span class='ocrx_word' id='word_1_848' title='bbox 3202 5749 3237 5790; x_wconf 81' lang='grc' dir='ltr'>θ</span> 
     </span>
    </p>
   </div>
   <div class='ocr_carea' id='block_1_109' title="bbox 1659 5824 3241 5899">
    <p class='ocr_par' dir='ltr' id='par_1_109' title="bbox 1659 5824 3241 5899">
     <span class='ocr_line' id='line_1_109' title="bbox 1659 5824 3241 5899; baseline -0.007 -15"><span class='ocrx_word' id='word_1_849' title='bbox 1659 5826 1965 5886; x_wconf 76' lang='lat' dir='ltr'><strong>ministerio</strong></span> <span class='ocrx_word' id='word_1_850' title='bbox 2013 5838 2123 5882; x_wconf 88' lang='lat' dir='ltr'><strong>tam</strong></span> <span class='ocrx_word' id='word_1_851' title='bbox 2182 5828 2341 5899; x_wconf 78' lang='lat' dir='ltr'><strong>longe</strong></span> <span class='ocrx_word' id='word_1_852' title='bbox 2395 5827 2689 5898; x_wconf 78' lang='lat' dir='ltr'><strong>particulas</strong></span> <span class='ocrx_word' id='word_1_853' title='bbox 2740 5824 2913 5897; x_wconf 50' lang='lat' dir='ltr'><strong>Eliberi</strong></span> <span class='ocrx_word' id='word_1_854' title='bbox 2975 5828 3241 5896; x_wconf 71' lang='lat' dir='ltr'><strong>temporis</strong></span> 
     </span>
    </p>
   </div>
  </div>
