3856 6552
210 394 306 458 713

1085 344 1193 454 οε
1230 362 1670 456 ΑΝυἏυΝιρο
1705 393 2166 459 ΡΑιεεοιοοο
2205 400 2348 463 LIB.
2396 403 2523 462 v11.

3316 410 3422 475 714

204 506 633 578 παραλυπήσεων.
669 505 834 576 Ἡμῖν
863 506 920 562 δὲ
942 507 1107 573 πόνος
1131 509 1307 574 άλλως
1336 509 1416 573 εἰς
1442 508 1595 573 τέλος
1618 506 1745 569 τοὺς
1773 512 1819 565 Δ
1851 507 2054 571 οἴκαδε,
2095 513 2170 574 ὡς
2202 513 2256 568 δὲ
2285 515 2489 584 ἔλεγον,
2522 518 2607 587 ἐφ’
2648 511 2691 587 ᾦ
2727 521 3123 588 προσϐάλλοιεν
3165 528 3338 598 Ἀοῳ,
3368 534 3419 586 si

203 596 580 661 καταλύσαντες
615 598 716 669 τῆς
747 599 992 671 ἱστορίας
1037 599 1250 670 λόγους.
1300 600 1448 671 Πλὴν
1493 599 1609 655 ἀλλ’
1653 599 1744 651 εύ-

198 689 389 763 χόμεθα
408 690 569 744 πάλιν
588 693 684 746 καὶ
711 692 778 745 τὰ
799 691 1061 761 βελτίονα.
1095 694 1206 749 Καὶ
1230 695 1279 747 εἰ
1301 693 1435 758 Θεδς
1460 692 1737 764 βραϐεύει,

195 782 282 835 οὐκ
311 782 373 835 ἂν
418 781 518 851 τὴν
550 784 712 852 χεῖρα
749 783 1017 853 ὲφέξομεν
1060 784 1156 837 τοῦ
1204 784 1280 855 μὴ
1333 784 1629 856 προθύμως
1670 784 1740 838 τὰ

194 875 282 943 τῆς
294 872 707 944 ὲπανακλήσεως
725 875 954 929 καθόσον
972 875 1313 946 εὐποροῦμεν
1330 874 1736 931 συντάττεσθαι.

196 966 358 1019 Δεινδν
402 966 507 1036 γάρ
557 967 607 1019 εἰ
659 966 947 1038 συμφορὰς
997 968 1094 1038 μὲν
1142 968 1461 1039 ὑπέστημεν
1505 969 1738 1039 γράφειν

196 1056 374 1119 ταύτας
411 1057 618 1121 κοινάς,
675 1056 762 1131 [Ρ.
805 1056 935 1130 454]
977 1057 1157 1123 δεινὰς
1188 1059 1246 1112 δὲ
1276 1059 1372 1113 καὶ
1403 1058 1480 1127 τῷ
1523 1059 1737 1130 κόσμῳ,

196 1147 352 1210 δεινάς
379 1148 435 1201 δὲ
468 1149 559 1202 καὶ
584 1151 740 1220 ἡμῖν,
772 1149 1224 1221 άποναρκοίημεν
1255 1149 1314 1204 δὲ
1343 1150 1391 1203 εἰ
1415 1150 1548 1214 Θεὸς
1565 1151 1735 1223 διδοίη

197 1240 256 1294 τά
283 1240 434 1307 καλὰ,
464 1242 560 1294 καὶ
589 1242 765 1296 ταῦτα
795 1240 889 1295 τοῦ
915 1240 1184 1311 βασιλέως
1218 1241 1326 1297 ἀπὸ
1358 1242 1459 1314 τῆς
1492 1243 1572 1306 εις
1605 1242 1736 1297 Θεὸν

201 1332 435 1403 μεγίστης
486 1333 700 1396 ελπιδος
762 1333 857 1387 καὶ
916 1334 1154 1397 πίστεως
1206 1336 1611 1407 προσδοκῶντος
1665 1337 1734 1391 τά

199 1423 434 1494 βελτίονα,
485 1423 618 1492 μηδὲ
656 1423 821 1477 αὐτοῦ
853 1423 915 1478 es
961 1427 1220 1496 παράπαν
1264 1428 1732 1496 ὲπινυστάζοντος,

196 1516 294 1567 ἀλλ’
316 1514 385 1577 ὡς
404 1514 628 1567 δυνατὸν
661 1517 1100 1587 ἀντιμαχομένου
1130 1518 1264 1589 πρὸς
1282 1520 1351 1572 τά
1378 1521 1731 1591 παγχάλεπα.

195 1609 290 1663 Νῦν
314 1609 368 1663 δὲ
399 1610 657 1675 ἐπιεικῶς
710 1612 1046 1683 φημιςονται
1096 1617 1192 1669 καὶ
1243 1616 1312 1669 τὰ
1369 1616 1599 1686 βελτίω,
1637 1620 1733 1673 καὶ

195 1700 325 1753 ἔνθεν
351 1701 444 1770 μὲν
466 1701 545 1765 ὡς
577 1703 745 1771 δγγὺς
769 1707 1092 1776 τρισμύριοι
1123 1707 1357 1778 Τόχαροι
1384 1711 1733 1779 πεμφθέντες

196 1793 324 1862 παρὰ
350 1793 442 1847 τοῦ
476 1795 825 1865 Χαρμπαντᾶ
852 1796 1120 1869 μεγάλην,
1163 1800 1257 1853 καὶ
1299 1799 1375 1863 ὡς
1403 1800 1505 1853 οὐκ
1534 1802 1729 1871 ῆλπισέ

194 1901 263 1946 τις
289 1885 579 1956 ἀναστολὴν
627 1887 959 1955 ἐργάζεσθαι
1008 1891 1268 1961 ἄρχονται
1324 1876 1431 1945 τῶν
1479 1894 1731 1965 Περσῶν,

192 1975 309 2029 ὥστε
334 1977 427 2029 καὶ
456 1978 557 2031 ὅσα
590 1978 829 2050 φρούρια
861 1978 1153 2051 Ῥωμαίων
1185 1981 1500 2038 ἑαλώκεσαν
1538 1986 1734 2054 πρότεσ

197 2084 285 2136 ρον,
322 2069 422 2121 sva
454 2068 510 2122 δὲ
538 2072 608 2122 τὰ
643 2070 818 2141 ὀχυρὰ
839 2071 934 2124 τού
974 2071 1249 2141 Ὀλύμπου
1291 2074 1729 2148 παραϐυσθῆναι.

204 2158 278 2211 Ἐκ
300 2159 494 2223 δύσεως
514 2159 573 2213 δὲ
599 2161 969 2235 ’Δμογάύαροι
995 2163 1224 2233 ἀφέντες
1251 2164 1287 2220 ἃ
1330 2169 1606 2238 κατεῖχον,
1641 2168 1732 2221 τὸν

195 2249 414 2319 ποταμὸν
447 2251 659 2322 περῶσι
693 2254 1006 2324 Μαρίτζαν,
1061 2256 1116 2318 ἐς
1158 2256 1185 2309 δ
1231 2257 1390 2310 τάκεῖ
1434 2257 1733 2323 διελθόντες

1842 599 1979 661 τέως
2008 602 2193 666 αὐτοῖς
2211 605 2484 676 ἀναιμωτὶ
2516 609 2617 673 τὰς
2638 612 2695 663 ὲν
2717 611 2794 682 τῷ
2824 616 3031 683 μεταξὺ
3060 621 3422 693 κλεισωρείας

1842 689 2071 746 διελθεῖν
2119 694 2349 764 γένοιτο.
2397 700 2560 753 ’Δλλά
2602 702 2776 756 ταῦτα
2811 708 2911 775 μὲν
2945 708 3015 761 τά
3044 710 3145 779 τῆς
3184 689 3372 786 φήμης
3399 734 3415 749 ·

1842 781 2040 836 ἐκεῖνοι
2083 784 2140 837 δὲ
2171 787 2479 858 ἀπάραντες
2514 792 2624 845 άπδ
2668 795 2768 863 τῆς
2812 798 2997 862 Αἴνου,
3050 781 3418 877 Ῥομοφόρτος

1843 870 1945 971 σὺν
1979 874 2090 935 τοῖς
2123 873 2407 946 Τούρκοις,
2437 882 2817 957 Μπυριγὲριος
2843 890 2937 941 σὺν
2955 870 3205 968 Φαρέντᾳ
3234 870 3414 971 Τξιμῇ

1843 962 1935 1055 καὶ
1965 964 2145 1032 Γίδας,
2196 967 2394 1039 ἔχθραν
2421 972 2480 1025 δι
2513 976 2649 1045 πρὸς
2695 978 2966 1050 ἀλλήλους
3017 962 3259 1055 ἔχοντες,
3292 962 3417 1046 isi)?

1839 1053 1980 1109 οὕτω
2012 1056 2110 1127 μιν
2145 1059 2471 1126 ἀπελθόντες
2511 1070 2860 1140 κατήντησαν
2898 1075 2977 1137 εἰς
3006 1053 3414 1152 Κάσάνδρειαν,

1840 1148 2000 1200 κάκεῖ
2036 1150 2172 1219 πρὸς
2203 1151 2474 1224 ἀλλήλους
2512 1155 2939 1239 διετεχνάζοντο.
2985 1167 3047 1221 '0
3075 1170 3186 1241 γὰρ
3219 1148 3417 1246 Ῥομο.

1838 1239 2034 1339 φόρτος
2064 1241 2162 1298 σὺν
2192 1247 2306 1307 τοῖς
2337 1250 2466 1318 περὶ
2500 1250 2664 1304 αὑτὸν
2695 1254 2962 1326 Τούρκοις
3012 1239 3416 1339 ἐχθραίνωνψῆν

1836 1331 2232 1404 Μπυριγέριον,
2260 1338 2510 1409 Φαρὲντα
2551 1343 2768 1415 Τζιμῆν
2810 1351 2905 1401 καὶ
2938 1331 3133 1421 Γίδαν,
3166 1331 3415 1415 κακεῖνόι

1837 1420 2155 1493 σύμπαντες
2204 1427 2401 1501 τούτῳ.
2438 1431 2496 1485 '0
2544 1433 2599 1487 δὲ
2653 1436 3044 1509 Ῥομοφόρτος,
3102 1420 3282 1513 συνεὶς
3314 1452 3414 1523 τὴν

1834 1515 2152 1605 ὲπισούλὴν,
2179 1521 2425 1593 ἐνέδραις
2453 1526 2554 1597 τὴν
2592 1530 2776 1600 μάχην
2807 1534 3149 1605 ὲπὶστευσεν,
3192 1543 3286 1594 καὶ
3318 1515 3415 1598 πό-

1833 1606 1997 1702 λεμον
2020 1603 2377 1702 ’προσαράξας
2408 1617 2549 1671 κατὰ
2584 1619 2785 1690 κράτος
2804 1626 2951 1698 νικᾷ⁹
2982 1627 3059 1692 ὡς
3092 1603 3279 1684 πεσεῖν
3311 1636 3413 1702 μὲν

1833 1696 2229 1789 ἣξπυριγέριον,
2284 1703 2377 1757 τὸν
2429 1706 2488 1759 δέ
2536 1725 2600 1776 γε
2647 1711 2895 1783 Φαρέντα
2929 1696 3141 1782 άκλεῶς
3178 1696 3407 1789 ἁλῶναι,

1834 1783 1932 1882 εἶτ’
1962 1786 2120 1855 αὖθις
2147 1793 2485 1867 ἀπολυθῆναι
2520 1802 2674 1872 παρὰ
2701 1804 2795 1857 τοῦ
2832 1805 3227 1882 Ῥομοφόρτου.
3261 1815 3322 1869 '0
3353 1783 3410 1872 et

1835 1880 2079 1977 Φαρέντα
2132 1885 2346 1958 Τξιμῆς
2384 1891 2658 1961 ἀπογνοὺς
2710 1899 2826 1961 τοῖς
2873 1880 3038 1969 ὅλοις,
3077 1880 3275 1977 ήῶσπερ
3321 1925 3409 1973 τις

1834 1971 2112 2044 πλανήτης
2150 1977 2246 2030 καὶ
2275 1982 2624 2052 αἰχμάλωτος
2653 1987 2948 2058 αὐτομολεῖ
2992 1994 3068 2064 τῷ
3097 1971 3408 2070 δομεστικιρ

1834 2066 1971 2137 πρὸς
2010 2068 2305 2125 Ξάνθειαν·
2361 2074 2389 2127 δ
2420 2078 2512 2130 καὶ
2543 2079 2698 2148 μόλις
2743 2084 2984 2151 γνωσθὲν
3018 2066 3403 2157 περισώζεται.

1833 2160 1897 2211 0i
1938 2160 2122 2228 μέντοι
2174 2180 2237 2231 γε
2288 2167 2439 2238 παρὰ
2488 2170 2615 2234 τοὺς
2663 2173 2720 2226 έν
2749 2174 2829 2247 τῷ
2862 2177 3084 2250 πολέμῳ
3135 2182 3406 2248 πεσόντας

1833 2252 2170 2340 προσέπεσον
2212 2254 2587 2333 Ῥομοφόρτῳ,
2623 2264 2720 2320 καὶ
2761 2266 2904 2320 οὕτω
2935 2271 3073 2340 πρὸς
3109 2271 3407 2330 Θετταλίαν

192 2344 562 2414 ἀπαλλαγεῖεν,
597 2347 674 2412 ὡς
710 2349 776 2403 ἄν
830 2367 891 2403 τε
947 2351 1043 2404 καὶ
1073 2350 1343 2417 δύναιντο,
1393 2353 1486 2406 καὶ
1525 2354 1600 2418 ὡς
1632 2354 1731 2425 μὲν
1790 2338 2065 2420 ,ἀπῆρενο
2101 2342 2264 2399 Ἀλλά
2298 2348 2471 2402 ταῦτα
2507 2350 2627 2421 μὲν.
2661 2354 2760 2425 ὅση
2799 2356 2920 2427 Θεῷ
2949 2338 3124 2431 φίλον,
3155 2363 3401 2432 ἀγέσθω.

192 2544 326 2596 quam
358 2529 699 2585 scribendam
750 2546 1185 2600 susceperamus,
1218 2533 1272 2589 in
1302 2535 1462 2590 ﬁnem
1494 2536 1730 2595 destina-

194 2631 283 2672 uun
335 2620 621 2690 aliquando
666 2623 941 2693 perducta.
979 2625 1203 2692 Verum,
1247 2626 1514 2696 siquidem
1547 2632 1733 2683 arcin-

192 2711 307 2765 eturi
355 2728 453 2767 nos
504 2714 639 2768 alias
698 2716 764 2768 ad
809 2730 991 2771 rerum
1036 2732 1315 2786 gestarum
1358 2722 1726 2775 narrationem

191 2813 369 2865 sumus,
426 2811 697 2872 optamus,
746 2813 802 2858 et
846 2819 876 2859 a
932 2806 1114 2860 divina
1163 2807 1512 2878 benignitate,
1562 2810 1722 2883 65],

192 2906 278 2945 non
309 2895 656 2962 desperantes
700 2896 815 2952 ﬁeri
838 2901 951 2951 voti
996 2907 1299 2968 compotes,
1327 2900 1559 2969 petimus
1594 2917 1725 2972 stig-

192 2983 282 3050 geri
311 2984 462 3039 nobis
489 2985 706 3041 felicius
732 3002 796 3043 ae
824 2988 1016 3044 saltem
1051 2991 1232 3047 minus
1262 2991 1592 3059 luctuosum,
1622 2994 1725 3047 hoc

190 3077 309 3142 quod
339 3076 599 3132 hactenus
621 3078 835 3149 obtigit,
868 3080 1184 3151 scriptionis
1213 3092 1614 3153 argumentum.
1657 3083 1726 3138 Et

1832 2523 1906 2576 illi
1962 2527 2193 2593 perculsi
2249 2544 2353 2584 non
2406 2531 2583 2587 solum
2645 2549 2707 2592 se
2763 2540 3118 2597 continebant
3163 2558 3192 2597 a
3247 2548 3403 2602 novis

1830 2615 2288 2678 incursationibus
2339 2633 2395 2679 et
2428 2630 2926 2697 oppugnationibus
2964 2638 3258 2703 tentandis,
3304 2642 3400 2693 sed

1829 2716 1883 2761 et
1931 2710 2100 2764 multa
2150 2712 2267 2768 loca
2304 2716 2454 2784 prius
2485 2719 2696 2787 invasa,
2730 2733 2783 2777 et
2811 2735 3075 2795 quotquot
3113 2744 3264 2785 arces
3293 2732 3401 2785 ito-

1831 2814 2110 2855 manorum
2146 2812 2275 2859 ante
2307 2820 2723 2878 occupaverant,
2758 2816 2959 2882 passim
2993 2817 3396 2890 relinquebam,

1820 2905 1948 2965 sese
1994 2890 2137 2949 intra
2167 2892 2384 2968 Olympi
2441 2900 2644 2956 montis
2694 2903 2976 2965 inaccessa
3012 2917 3224 2978 tesqua,
3278 2920 3399 2967 arto

1829 2985 2079 3050 transitu,
2116 2996 2169 3040 et
2199 2992 2482 3060 prmruptis
2535 2993 2658 3048 hinc
2702 2996 2827 3050 inde
2874 2999 3081 3054 munita
3137 3004 3387 3073 rupibus,

1828 3077 2209 3134 recondentes.
2276 3079 2355 3134 Ex
2417 3080 2649 3138 Occidna
2674 3100 2802 3142 vero
2834 3090 3145 3147 continente
3165 3096 3397 3168 Amoga-

189 3169 484 3233 sperabatur
532 3169 634 3225 hoc
673 3172 905 3227 articulo
947 3188 1128 3229 rerum
1160 3175 1404 3245 quadam
1434 3176 1491 3231 in
1530 3176 1723 3231 melius
1749 3172 1799 3238 α
1828 3166 1949 3222 barl
1984 3171 2393 3238 nuntiabantur,
2434 3174 2674 3232 dimissis
2724 3193 2845 3248 qua
2892 3182 3170 3250 tenebant,
3206 3166 3395 3244 Marit-

190 3262 518 3317 commntatio
566 3263 797 3332 publica:
854 3264 1103 3321 fortunae.
1134 3266 1264 3332 Quas
1312 3266 1362 3322 si
1413 3267 1721 3339 contigerit,

186 3350 306 3406 haud
334 3355 674 3411 retraliemus
712 3373 952 3425 manum,
996 3368 1244 3431 prompte
1267 3362 1548 3417 occursuri
1580 3362 1723 3418 desi-

181 3443 322 3499 deriis
355 3448 722 3502 revocantium
748 3449 813 3504 ad
845 3449 1184 3520 provinciam
1240 3452 1411 3508 semel
1446 3463 1723 3524 utcunque

179 3547 361 3602 gestam
404 3540 819 3594 commendandi
867 3542 1143 3597 memoriae
1174 3558 1271 3612 pro
1305 3545 1522 3599 modulo
1554 3545 1722 3600 facul-

179 3628 291 3683 tatis
322 3640 542 3697 nostrae,
585 3648 704 3702 qua:
750 3634 1044 3689 viderimus
1082 3635 1303 3691 evenire
1338 3651 1444 3691 non
1497 3635 1717 3706 indigna

176 3719 351 3815 notitia.
409 3726 777 3792 posterorum.
817 3725 1088 3782 lltiberale
1137 3727 1334 3798 quippe
1377 3743 1478 3784 nec
1520 3742 1718 3785 conse-

176 3828 325 3881 quens
372 3816 541 3871 tuerit
586 3832 704 3882 nos,
736 3829 1021 3889 postquam
1074 3819 1218 3875 ultro
1248 3819 1465 3875 taedium
1489 3821 1718 3878 devora-

176 3903 393 3959 verimus
442 3904 795 3975 consignandi
844 3906 1211 3962 monumentis
1243 3906 1329 3961 illa
1363 3915 1442 3962 tot
1470 3908 1714 3977 exposita

176 3989 311 4047 libris
339 3993 511 4059 hisce,
549 3996 750 4051 mundo
784 4000 1001 4063 acerba,
1040 3994 1286 4051 Romano
1338 3997 1565 4066 imperio
1617 3996 1714 4052 fu-

173 4094 338 4152 nesta,
401 4086 521 4141 urbi
570 4086 696 4142 huic
748 4097 951 4143 nostra
1006 4099 1063 4144 et
1110 4088 1374 4145 Ecclesia:
1436 4088 1715 4154 luctuosa,

170 4178 489 4249 prosperiora
525 4179 739 4242 deinde,
768 4181 987 4250 quando
1010 4182 1395 4245 successerint,
1437 4181 1581 4238 nolle
1618 4196 1717 4236 nec

172 4270 433 4345 invitatos.
465 4271 756 4341 attingere.
790 4270 982 4327 Vertat
1042 4273 1223 4338 modo,
1287 4272 1376 4343 qui
1425 4271 1581 4328 facile
1619 4286 1716 4342 po-

166 4368 278 4429 ιςει,
326 4378 545 4420 scenam
583 4365 723 4420 lianc
778 4364 1025 4431 feralem,
1084 4375 1141 4419 et
1177 4367 1531 4422 conversione
1584 4376 1715 4421 rotae

170 4456 372 4512 meliora
430 4458 576 4512 Deus
608 4457 820 4513 tandem
872 4458 1138 4528 propitius
1168 4459 1394 4513 reducat
1427 4468 1707 4527 tempora:

169 4544 290 4601 haud
329 4557 654 4604 cunctantes
688 4564 1040 4606 occurremus
1088 4549 1155 4604 ad
1192 4548 1367 4604 fausta
1403 4547 1709 4619 posteritati

170 4642 484 4708 nuntianda;
544 4626 783 4712 qualium
832 4658 938 4698 non
996 4658 1210 4712 semper
1241 4643 1551 4698 defuturam
1585 4643 1711 4698 liuic

167 4744 261 4786 πετο
307 4735 519 4802 copiam
552 4734 679 4791 licet
711 4734 965 4805 augurari
1000 4750 1064 4789 ex
1102 4734 1469 4805 perseveranti
1502 4749 1596 4804 spe
1647 4748 1713 4789 ac

169 4822 253 4876 ﬁde
317 4824 629 4894 longanima
683 4826 1047 4895 imperatoris,
1102 4828 1255 4895 cujus
1308 4825 1450 4880 haud
1505 4824 1713 4880 fractus

168 4914 388 4970 adversis
438 4918 657 4972 animus
711 4928 764 4971 et
806 4917 1037 4973 lidenter
1084 4926 1371 4985 exspectat
1413 4924 1712 4970 commuta-

171 5003 341 5060 tionem
396 5010 564 5062 sortis
611 5009 863 5077 publicae,
891 5017 947 5064 et
973 5010 1021 5063 ei
1057 5025 1155 5078 pro
1180 5008 1322 5062 virili
1359 5008 1711 5077 procurandae

169 5097 355 5154 sedulus
411 5101 640 5165 insistit,
693 5114 961 5170 nusquam
1020 5100 1376 5160 indormiens,
1431 5101 1525 5153 sed
1598 5107 1710 5152 toto

169 5181 336 5243 conatu
362 5206 639 5257 generosae
669 5193 892 5246 virtutis
926 5191 1144 5247 infesris
1184 5201 1373 5247 contra
1403 5189 1706 5260 ingruenti-

170 5270 250 5332 bus
277 5282 560 5337 obluctatus
586 5284 829 5341 casibus.
860 5284 1005 5338 Sane
1054 5285 1156 5337 hoc
1187 5294 1432 5350 tempore
1460 5282 1707 5349 quaedam

170 5379 247 5431 pro
283 5374 502 5428 tristitia
567 5376 962 5444 praeteritorum
1017 5377 1151 5429 satis
1201 5374 1318 5428 laeta
1366 5372 1708 5428 sermonibus

171 5461 575 5519 relebrabantur.
628 5464 762 5520 Nam
817 5466 947 5519 binc
976 5469 1190 5534 quidem
1222 5466 1443 5534 triginta
1487 5466 1709 5518 circiter

170 5552 309 5607 millia
358 5554 734 5611 Tocltarorum
794 5573 821 5610 a
857 5556 1295 5626 Charmpantane
1334 5560 1385 5610 in
1438 5559 1701 5613 auxilium

171 5640 453 5711 imperatori
488 5650 651 5705 missa
679 5652 836 5719 plane
863 5666 1136 5721 magnam,
1161 5653 1322 5705 etiam
1352 5664 1514 5719 supra
1541 5666 1702 5720 quam

170 5741 351 5801 sperari
400 5743 771 5797 verisimiliter
823 5753 1091 5813 potuerat,
1142 5743 1323 5799 Persis
1378 5759 1473 5814 per
1518 5744 1701 5797 Asiam

172 5833 513 5893 grassantibus
543 5832 745 5889 inferre
778 5835 1192 5904 trepidationem
1224 5843 1538 5903 cameram;
1594 5850 1700 5905 qua

452 5930 724 5989 Ριτιιοι.
760 5932 874 5988 (in.
910 5928 1011 5991 CX
1029 5930 1188 5993 LIV.

1827 3271 1945 3312 sam
1998 3258 2222 3318 ﬂuvium
2276 3265 2543 3335 trajicere,
2599 3269 2781 3324 animo
2824 3287 2921 3342 per
2965 3274 3251 3333 ulteriores
3315 3283 3392 3337 illi

1827 3350 1970 3405 amni
2002 3353 2255 3423 regiones
2288 3356 2595 3424 recedendi,
2630 3374 2790 3428 quam
2842 3363 3109 3420 citissime
3144 3381 3389 3437 possent,

1824 3440 1879 3495 in
1933 3443 2139 3511 patrias
2171 3443 2431 3513 ipsorum,
2459 3456 2519 3501 ut
2560 3447 2781 3518 quidem
2817 3450 3168 3519 audiebatur,
3201 3466 3257 3511 ut
3297 3473 3395 3513 au-

1822 3541 1929 3589 tem
1973 3535 2072 3606 ipsi
2119 3535 2388 3603 dicebant,
2417 3540 2689 3608 proposito
2719 3540 3004 3598 invadendi
3033 3548 3218 3602 urbem
3248 3548 3392 3604 Atho

1822 3623 1984 3679 sitam
2048 3625 2099 3679 in
2160 3634 2343 3681 monte
2386 3627 2708 3697 cognomine
2742 3627 3088 3699 Macedonian,
3121 3635 3165 3689 si
3207 3645 3387 3690 tamen

1821 3716 1954 3787 ipsis
2012 3717 2296 3773 incruente
2351 3727 2641 3789 penetrare
2677 3720 2842 3791 352
2890 3726 3236 3795 contingeret
3291 3743 3390 3781 an-

1819 3807 2025 3878 gustias
2056 3807 2291 3864 faucium
2323 3825 2420 3880 per
2439 3825 2574 3879 quas
2593 3811 2717 3866 illuc
2744 3816 3113 3872 necessarium
3142 3828 3228 3874 est
3255 3821 3385 3875 iter.

1817 3898 1896 3953 Ac
1949 3897 2073 3953 talia
2112 3899 2346 3967 quidem.
2393 3900 2533 3953 fama
2595 3900 2929 3960 ferebantur.
2979 3905 3244 3961 (laterum
3308 3909 3387 3964 illi

1819 3988 1983 4043 motis
2019 3989 2087 4042 ab
2139 3987 2282 4043 ιλΕιιο
2329 3990 2552 4054 castris,
2608 3990 2960 4047 Romofortus
3003 4010 3126 4049 cum
3168 3996 3385 4064 Turcis,

1816 4076 2172 4150 Mpyrigerius
2223 4094 2347 4134 cum
2395 4078 2680 4134 Pbareuda
2732 4081 2943 4145 'l‘sime,
2984 4094 3039 4137 et
3069 4083 3257 4152 Gidas,
3303 4089 3389 4143 iu-

1817 4169 1956 4224 fensi
2010 4168 2141 4225 licet
2185 4168 2456 4235 invicem,
2507 4169 2710 4238 junctis
2771 4173 3126 4231 nihilominus
3186 4180 3384 4246 copiis,

1818 4261 2092 4316 communi
2132 4262 2391 4316 comitatu
2422 4261 2822 4319 Cassandream
2859 4278 3247 4334 pervenerunt.
3281 4268 3383 4325 Ubi

1816 4354 2183 4419 considentes,
2212 4369 2310 4424 pro
2337 4368 2402 4408 eo
2424 4370 2535 4426 quo
2573 4355 2713 4410 clam
2748 4356 2800 4409 in
2842 4371 2963 4412 sese
3006 4369 3193 4414 mutuo
3225 4362 3387 4415 arde-

1816 4443 1948 4497 bant
1990 4443 2138 4510 odio,
2215 4444 2566 4499 intenderunt
2622 4448 2836 4501 animos
2897 4446 3277 4504 machinandis
3329 4452 3384 4504 in

1817 4537 1918 4591 sibi
1947 4547 2228 4607 suspectos
2252 4537 2414 4602 dolis,
2448 4538 2628 4607 quoad
2670 4540 2722 4593 in
2764 4540 2872 4593 vim
2926 4549 3173 4609 apertam
3220 4543 3388 4597 disci-

1818 4630 1967 4685 dium
2021 4632 2223 4700 erupit,
2278 4632 2588 4687 commissis
2624 4631 2798 4699 palam
2848 4631 3197 4690 factionibus.
3248 4633 3384 4691 Nam

1816 4723 2175 4779 Romofortus
2222 4739 2345 4777 cum
2389 4725 2502 4779 suis
2530 4723 2727 4779 Turcis
2773 4723 2909 4780 iram
2957 4725 3238 4789 bostilent,
3285 4744 3384 4784 nec

1812 4818 1985 4885 ipsmn
2019 4817 2157 4871 bene
2194 4816 2613 4881 dissimulatam,
2644 4819 2915 4887 coquebat
2952 4818 3210 4873 adversus
3237 4820 3386 4892 Μυῖα

1815 4908 2096 4976 rigerium,
2149 4905 2517 4972 Pharendam,
2558 4908 2801 4962 Tzimrm
2836 4918 2891 4962 et
2936 4907 3162 4974 Gidam;
3219 4911 3385 4980 hique

1812 4999 2052 5054 vicissim
2088 4996 2232 5051 baud
2262 4999 2394 5053 satis
2442 4999 2696 5067 tegebant
2722 4998 3051 5053 voluntatem
3092 4999 3384 5057 Romofor-

1814 5102 1927 5145 tum
1985 5090 2200 5145 insidiis
2239 5090 2671 5145 circumventum
2707 5091 3074 5161 opprimendi.
3106 5092 3259 5160 Quod
3294 5096 3379 5150 hic

1810 5186 2136 5255 intelligens,
2182 5186 2315 5239 aleae
2343 5183 2531 5238 Martis
2574 5199 2730 5253 spem
2760 5185 2989 5240 credere
3024 5194 3188 5255 atque
3231 5187 3382 5242 anci-
3422 5248 3423 5251 η

1809 5279 1906 5347 piti
1979 5277 2299 5331 discrimine
2363 5279 2615 5332 lraudmn
2677 5278 3029 5332 occultarum.
3072 5278 3379 5334 invadenda

1808 5373 1984 5441 palam
2070 5371 2256 5440 praelio
2318 5371 2485 5424 semel
2560 5369 2778 5441 defungi
2839 5372 2996 5425 duxit
3047 5374 3375 5429 consultius.

1807 5463 1961 5528 Quod
1997 5471 2049 5516 et
2082 5461 2157 5514 illi
2190 5473 2219 5513 e
2248 5460 2811 5515 seutentiasuccessit
2837 5461 3098 5530 :plenam
3126 5462 3272 5516 enim
3311 5463 3376 5515 de

1805 5554 2153 5616 adversariis,
2188 5553 2241 5606 in
2289 5566 2382 5606 eos
2420 5552 2655 5617 irruens,
2683 5552 2965 5607 victoriam
3006 5552 3214 5615 retulit,
3242 5552 3376 5607 adeo

1806 5658 1860 5700 ut
1896 5646 2249 5715 Mpyrigerius
2294 5644 2515 5713 quidem
2562 5660 2624 5700 ea
2672 5661 2850 5715 pugna
2898 5645 3181 5707 ceciderit,
3232 5644 3377 5699 Plia-

1806 5739 1969 5791 renda
2024 5748 2153 5789 vero
2200 5733 2415 5791 Tzimes
2464 5736 2695 5803 primum
2739 5735 3099 5803 ignominiosa
3153 5743 3370 5803 captus,

1804 5840 1923 5901 post
1947 5844 1976 5884 a
2016 5824 2334 5883 Bomoforto
2368 5823 2504 5881 liber
2538 5826 2817 5892 dimissus,
2845 5826 3138 5891 desperata
3156 5838 3372 5881 summa

2972 5920 3050 5980 23
