3744 6558
419 285 535 349 .719

2209 84 2243 118 Ι

1343 283 1408 344 P.
1451 281 1753 344 POSSINI
1793 280 2449 346 OBSERVATIONUM
2494 282 2642 344 LIB.
2685 283 2734 349 ῐ.
3182 309 3206 333 ο
3536 296 3619 359 ’ἱΞο

422 413 633 475 genteos
664 418 780 456 cum
801 399 1032 472 quinque
1071 398 1215 454 stolis
1249 399 1479 470 optimis.
1519 399 1577 454 lu
1611 401 1841 455 historia
1870 415 2004 471 quo-
2031 403 2076 461 Α
2107 395 2428 451 diuturnam
2477 398 2805 469 probassent
2834 414 3080 471 operam,
3132 400 3259 457 inde
3284 405 3486 460 emeriti
3530 427 3629 476 pri.-

425 511 534 564 que
572 494 817 564 Augusta
844 493 1123 546 Romanos
1155 491 1518 560 imperatores
1544 493 1825 548 munerari
1859 494 1995 547 soli-

423 597 515 641 tos
558 585 816 658 pretiosis
845 585 1089 640 vestibus
1137 599 1277 653 quos
1331 585 1536 639 vellent
1569 584 1868 646 honorare.
1929 585 1999 641 de

419 680 734 735 Alexandro
762 677 969 733 Severo
1000 676 1242 731 refertur
1271 692 1301 731 a
1341 674 1680 747 Lampridio,
1715 675 1783 732 de
1816 676 1998 732 Probo

420 788 452 828 a
478 771 665 827 Flavio
701 769 958 840 Vopisco.
988 768 1166 836 Quem
1202 768 1330 824 olim
1373 784 1582 823 morem
1613 768 1667 822 in
1701 769 1825 823 aula
1855 766 2000 824 Con-

416 862 1336 930 stantinopolitana,Orientalium
1396 860 1676 916 Cassarum
1724 861 1996 932 viguisse,

419 965 786 1027 przeterquam
840 955 894 1010 hi
949 954 1307 1026 Pachymeris
1359 952 1465 1008 loci
1524 952 1790 1015 indicant,
1832 952 1995 1006 etiam

423 1055 603 1116 potest
629 1046 859 1116 intelligi
895 1061 961 1101 ex
986 1045 1389 1101 consuetudine
1425 1045 1728 1100 Turcarum
1761 1044 1871 1099 illic
1900 1043 1997 1097 ho-

419 1140 513 1193 die
549 1139 897 1208 regnantium
920 1135 1108 1208 ;“quos
1140 1137 1195 1193 in
1223 1137 1652 1191 admissionibus
1689 1136 1994 1206 legatorum

420 1227 1183 1299 insigniumve‘personarum
1242 1227 1522 1282 donativis
1573 1227 1772 1282 talibus
1822 1237 1995 1282 vestu-

417 1341 565 1385 rum,
600 1332 662 1376 ut
711 1324 877 1393 vulgo
910 1334 1130 1389 vocant,
1163 1323 1368 1393 passim
1400 1321 1481 1376 uti
1513 1333 1855 1394 compertum
1888 1330 1994 1378 cst.

419 1415 484 1470 Et
518 1414 792 1468 Andream
840 1414 1008 1484 igitur
1069 1422 1125 1468 et
1169 1412 1559 1485 Mpyrigcrium
1608 1413 1990 1484 Pachymeres,

419 1509 547 1561 dum
581 1507 847 1576 ἀλλαγαῖς
897 1508 965 1563 ab
993 1495 1314 1564 Andronico
1351 1509 1651 1564 honoratos
1676 1507 1892 1570 scribit,
1921 1508 1995 1563 si-

415 1597 641 1668 gnificat
665 1597 826 1652 donis
858 1599 1222 1668 pretiosarum
1267 1609 1324 1655 et
1355 1600 1728 1671 speciosarum
1755 1601 1989 1671 vestium

417 1705 526 1742 non
551 1689 721 1744 semel
739 1691 940 1744 cultos.
962 1691 1088 1744 llmc
1105 1690 1373 1746 hactenus
1397 1692 1750 1761 scripseram,
1772 1692 1993 1761 quando

417 1783 561 1836 forte
598 1785 652 1836 iu
702 1783 885 1838 locum
934 1783 1102 1838 incidi
1156 1784 1532 1855 paraphrastis
1578 1783 1828 1840 Vaticani
1880 1801 1990 1855 quo

417 1874 735 1928 declaratur
781 1875 962 1945 ipsum
1013 1876 1066 1930 in
1099 1875 1292 1930 eadem
1346 1891 1559 1930 mecum
1606 1876 1675 1932 de
1723 1886 1992 1948 potestate

414 1966 569 2021 vocis
630 1967 843 2048 ἀλλαγὴ
894 1967 1166 2022 sententia
1223 1969 1418 2032 fuisse,
1461 1969 1736 2040 siquidem
1799 1969 1844 2026 is
1898 1971 1990 2026 illa

411 2057 583 2112 acrba
632 2057 988 2129 Pachymeris
1034 2059 1200 2130 658
1266 2076 1320 2130 p.
1373 2059 1499 2126 5.12,
1551 2060 1675 2124 Tol;
1722 2058 1822 2130 μὲν
1859 2079 1993 2116 vau-

417 2154 608 2222 άρχοις
668 2151 740 2204 τὰ
791 2151 901 2203 τῶν
947 2152 1261 2216 ἀναϐολῶν,
1309 2151 1382 2217 ὡς
1429 2149 1594 2223 εἶχον,
1649 2153 1788 2227 πρὸς
1832 2154 1991 2226 βασις

400 2239 551 2302 ’λὲως
585 2239 670 2313 [Ρ.
703 2239 828 2313 460]
867 2240 1282 2311 φιλοτιμότερον
1333 2243 1740 2315 μετημφίαστο,
1777 2245 1857 2299 sic
1898 2259 1992 2298 ex-

417 2334 648 2404 primit:
683 2335 745 2386 Oi
801 2334 1067 2404 vadapxm
1126 2334 1440 2389 Γεννουῗται
1504 2337 1774 2407 τιμῶνται
1836 2338 1990 2407 παρά

415 2427 512 2480 τοῦ
549 2427 816 2494 βασιλέως
861 2427 1125 2496 ἀλλαγαῖς
1163 2430 1394 2498 ἱματίων
1425 2429 1719 2499 λαμπρῶν.
1761 2429 1838 2484 Ita
1866 2430 1984 2493 ille;

415 2521 472 2576 in
504 2519 710 2591 quibus
745 2536 853 2574 non
889 2531 1095 2575 temere
1126 2521 1376 2592 suspicor
1418 2537 1608 2578 vocem
1646 2521 1874 2593 quidem
1910 2522 1990 2593 ip-

399 2628 539 2668 sum
566 2612 819 2680 ἀλλαγῶν
839 2628 905 2668 ex
931 2612 1080 2668 hisce
1101 2629 1222 2686 qua:
1257 2614 1418 2669 modo
1446 2623 1746 2670 tractamus
1784 2615 1993 2687 Pachy-

416 2704 586 2760 meris
613 2702 752 2760 locis
794 2705 1099 2775 accepisse,
1151 2706 1284 2776 quid
1317 2715 1502 2762 autem
1533 2722 1596 2763 ea
1640 2722 1742 2762 suo
1776 2709 1990 2780 judicio

404 2797 658 2863 'valeret,
719 2797 1098 2853 demonstrare
1157 2798 1438 2855 studuisse
1499 2799 1853 2870 adjunctione
1922 2800 1990 2854 ad

396 2889 565 2942 'illam
601 2889 885 2959 exegctiea
937 2889 1181 2960 ἱματίων
1228 2891 1524 2962 ὶαμπρῶν.
1553 2893 1672 2947 Νοη
1703 2892 1992 2947 omittatur

397 2978 484 3032 .ad
545 2987 875 3044 extremum,
913 2978 1046 3034 hinc
1100 2978 1332 3036 fortasse
1384 2979 1802 3050 originationem
1862 2979 1992 3036 duci

2106 489 2472 544 movebantur
2513 491 2567 545 in
2597 491 2935 562 speciosiora
2967 493 3162 557 ollicia,
3202 505 3262 549 ut
3294 495 3383 550 hic
3414 498 3629 559 Nicolaus

2103 580 2170 634 ad
2204 581 2612 652 episcopatum,
2665 600 2984 655 quanquam
3022 601 3090 641 ne
3121 587 3343 656 ἁμέσως
3388 605 3560 648 manus
3607 619 3628 648 ιε

2101 673 2285 727 culina
2329 674 2584 728 sordidas
2616 675 2683 729 ad
2713 693 2838 732 aras
2887 675 3080 742 ferret,
3122 678 3464 748 professione
3509 687 3629 753 prius

2102 763 2407 819 monastica
2469 773 2734 838 purgatus
2787 768 2961 823 videri
3020 772 3223 840 potuit,
3270 787 3463 828 nomen
3498 791 3554 831 ex
3579 797 3626 834 ea

2101 865 2407 926 sumptum,
2439 859 2733 932 Neaphyti,
2767 863 3043 917 cathedrae
3079 865 3339 936 Prusv-nsi
3385 866 3628 930 honestius

2101 945 2369 1002 inferens.
2402 950 2521 1004 Etsi
2556 960 2740 1005 autem
2787 953 2845 1006 in
2881 952 3089 1008 Gra'cis
3137 956 3445 1024 originibus
3471 961 3627 1016 culina.

2100 1037 2191 1092 hic
2222 1039 2482 1096 Palatinae
2536 1043 2685 1098 nulla
2731 1043 2996 1099 iudicatio
3025 1055 3130 1111 est,
3186 1063 3275 1101 res
3329 1057 3497 1104 tamen
3536 1055 3627 1124 ipsa

2101 1131 2358 1199 prudenti
2419 1134 2794 1205 conjecturam
2864 1139 3141 1207 suggerit,
3204 1140 3371 1195 talem
3438 1143 3624 1216 intelligi

2099 1233 2379 1293 oportere,
2418 1225 2524 1281 hoc
2557 1226 2677 1297 ipso
2721 1229 2866 1298 quod
2910 1231 3094 1284 culina
3131 1243 3482 1289 memoratur.
3523 1236 3628 1292 Nam

2096 1316 2150 1370 id
2184 1333 2282 1388 per
2304 1334 2363 1374 se
2417 1328 2524 1373 tam
2580 1321 2689 1375 vile
2735 1322 3108 1378 ministerium
3161 1324 3268 1379 nisi
3319 1341 3349 1380 e
3385 1327 3624 1398 principali

2097 1409 2258 1462 domo
2283 1409 2596 1478 splendoris
2622 1412 2832 1482 aliquid
2861 1414 3117 1484 accipiat,
3149 1415 3451 1471 obsoletius
3470 1419 3628 1475 obscu-

2098 1501 2327 1570 riusque
2360 1517 2459 1572 per
2499 1516 2558 1556 se
2588 1503 2660 1557 sit
2689 1519 2853 1574 quam
2902 1513 2962 1559 ut
3001 1505 3055 1559 in
3101 1507 3313 1576 scripto
3341 1509 3542 1578 publico
3562 1528 3626 1567 re-

2094 1601 2184 1647 cte
2217 1578 2548 1647 ostentatur.
2600 1593 2975 1664 Praeterquam
3023 1595 3276 1652 favorem
3332 1599 3621 1670 principum,

2099 1687 2220 1741 sine
2276 1702 2388 1757 quo
2435 1687 2536 1742 iste
2596 1687 2920 1760 Ncophytus
2978 1705 3088 1744 non
3152 1706 3553 1760 promoveretur
3589 1698 3625 1750 iu

2096 1780 2476 1850 episcopatum
2516 1780 2670 1834 urbis
2702 1781 2954 1845 illustris,
3004 1798 3242 1852 pronum
3276 1785 3533 1841 acstimatu
3567 1804 3628 1844 est

2097 1888 2209 1927 non
2251 1873 2357 1927 alia
2395 1875 2566 1942 gratia
2616 1873 2745 1929 huic
2777 1874 3050 1945 aspirasse
3086 1891 3253 1946 quam
3292 1893 3360 1932 ex
3393 1895 3626 1938 commen-

2097 1965 2317 2020 datione
2369 1965 2547 2019 intimi
2608 1966 2902 2022 ministerii
2963 1967 3093 2022 olim
3157 1971 3512 2040 regnantibus
3550 1974 3628 2029 im-

2095 2055 2274 2126 pensi.
2327 2054 2596 2125 Cungruit
2647 2065 2830 2111 autem
2881 2056 3154 2128 analogia,
3230 2067 3294 2113 ut
3353 2060 3624 2118 missionem

2093 2145 2260 2216 659
2288 2158 2483 2201 nactus
2511 2145 2709 2200 bonam
2759 2161 2790 2201 a
2821 2147 3165 2217 coquinariis
3219 2150 3526 2219 imperatori
3553 2170 3626 2208 εις
3709 2189 3715 2200 ι

2095 2237 2355 2293 hibendis
2408 2238 2694 2308 obsequiis
2743 2239 2824 2295 sic
2857 2240 3270 2312 ἀμαγείρευτος
3318 2254 3545 2308 vocetur,
3584 2261 3625 2302 ut

2095 2328 2461 2400 ἀστράτευτος
2485 2331 2687 2388 dicitur
2715 2333 2808 2402 qui
2838 2333 3040 2388 bonam
3072 2350 3103 2389 a
3129 2335 3328 2390 militia
3355 2337 3624 2394 missionem

2093 2421 2358 2475 emeruit.

2171 2513 2258 2588 [P.
2310 2513 2439 2588 461]
2472 2516 2879 2588 Ἀμογὰὄαροι,
2911 2533 2968 2589 p.
3001 2515 3128 2575 395.
3160 2518 3293 2576 Περ
3320 2522 3488 2591 prima
3510 2523 3625 2591 quod

2094 2607 2442 2664 meminerim
2493 2610 2546 2664 in
2605 2609 2708 2666 hac
2759 2611 2991 2667 historia
3038 2612 3250 2667 mentio
3305 2623 3390 2668 est
3434 2614 3624 2684 Anioga-

2094 2701 2378 2767 barorum,
2403 2717 2542 2772 quos
2586 2703 2718 2758 alibi
2755 2714 2962 2769 noster,
2994 2720 3192 2775 nempe
3229 2721 3288 2775 p.
3315 2705 3439 2766 416,
3472 2707 3541 2759 sic
3563 2708 3623 2760 di-

2094 2803 2213 2848 ctos
2262 2803 2418 2864 putat
2480 2793 2626 2864 quod
2678 2796 2946 2866 originem
3009 2796 3307 2851 traherent
3361 2811 3425 2851 ex
3476 2797 3628 2851 Araris

2095 2889 2212 2942 sive
2268 2887 2561 2953 Avaribus,
2597 2889 2921 2945 Borealibus
2961 2891 3220 2944 videlicet
3277 2891 3418 2951 Asia:
3455 2893 3625 2960 pOpulis

2093 2981 2242 3036 circa
2271 2980 2574 3036 Caucasum
2632 2981 2792 3037 sedes
2823 2980 3178 3037 habentibus.
3238 2980 3349 3036 Sed
3383 2981 3626 3036 ea-histo-

401 3069 853 3140 ,plausibiliorem
911 3086 1073 3141 posse
1127 3072 1381 3126 vocabuli
1417 3072 1676 3140 ἀλλάγιον
1724 3087 1786 3127 ea
1825 3067 1986 3142 quam
2015 3095 2060 3153 ο
2094 3074 2195 3128 rici
2244 3073 2486 3144 suspicio
2531 3083 2617 3128 est
2665 3073 2826 3144 plane
2868 3073 3253 3129 inverisimilis
3301 3091 3317 3128 :
3360 3074 3484 3143 quid
3511 3074 3622 3128 enim

400 3162 585 3232 mriori
635 3171 824 3216 nostro
874 3162 1154 3217 Glossario
1221 3163 1588 3218 haesitabundi
1640 3164 1985 3233 proponeba-

399 3269 561 3308 anus.
586 3255 726 3322 Quid
775 3255 821 3309 si
871 3256 1018 3309 enim
1055 3255 1294 3323 ἀλλάγια
1340 3267 1601 3324 putemus
1636 3257 1782 3310 dicta
1819 3256 1988 3311 fuisse

404 3347 645 3417 .collegia
695 3363 789 3402 seu
827 3347 1345 3417 eorpora.militum
1403 3349 1614 3420 ἀλλαγῇ
1662 3348 1850 3412 simili,
1882 3348 1988 3404 hoc

413 3449 500 3495 est
549 3452 722 3502 veste,
754 3441 1064 3495 utentium?
1101 3456 1222 3510 qua:
1265 3441 1578 3495 communio
1609 3440 1768 3495 facile
1801 3441 1987 3496 coale-

410 3545 571 3585 scere
605 3529 749 3584 inter
779 3531 1026 3600 ejusdem
1048 3531 1288 3585 nationis
1320 3540 1562 3585 armatos
1596 3532 1797 3602 potuit.
1827 3530 1987 3587 Certe

406 3621 468 3675 id
503 3622 827 3676 convenisse
852 3623 1076 3692 proprio
1104 3623 1408 3692 praesertim
1442 3623 1794 3692 imperatoris
1825 3621 1986 3676 ἀλλα-

407 3714 519 3784 γίῳ
548 3715 871 3768 nominatim
894 3714 963 3769 ab
987 3715 1302 3784 Acropolita
1327 3724 1646 3780 memorato,
1675 3715 1790 3769 sive
1810 3714 1992 3782 τάξει,-

402 3805 748 3876 quam'idem
766 3823 962 3861 vocem
996 3823 1096 3877 pro
1128 3808 1276 3863 illius
1307 3807 1538 3862 alterius
1560 3823 1861 3880 synonyma
1889 3824 1989 3879 po-
2009 3876 2023 3887 ,

411 3898 954 3964 nit,verisimillime
999 3900 1332 3970 cogitabit-ur
1365 3915 1432 3954 ex
1467 3915 1567 3956 usu
1616 3917 1835 3972 quoque
1882 3902 1986 3958 ho-

409 3990 612 4043 dierno
646 3990 1025 4060 distinguendi
1073 4005 1226 4047 certo
1262 4008 1465 4062 genere
1498 3994 1718 4058 coloris,
1754 3993 1985 4064 insignis

411 4080 641 4136 habitus
697 4088 794 4136 aut
826 4083 1127 4151 peculiaris
1175 4083 1482 4155 chlamydis
1537 4091 1720 4140 certos
1758 4085 1984 4142 ordines

413 4172 673 4236 militum,
698 4173 931 4244 principi
965 4173 1187 4230 nomine
1221 4175 1338 4244 ipso
1377 4190 1440 4231 ac
1469 4176 1729 4247 singulari
1763 4177 1982 4238 delectu

401 4263 778 4320 addictorum.
815 4266 944 4321 Post
989 4266 1109 4322 haec
1144 4267 1330 4322 omnia
1370 4267 1574 4338 scripta
1617 4271 1983 4328 animadverti

412 4357 592 4411 locum
643 4357 812 4412 alium
869 4357 980 4414 huc
1041 4360 1410 4430 pertinentem
1477 4361 1655 4418 nostri
1713 4363 1980 4430 auctoris,

411 4463 576 4518 quem
598 4450 721 4505 vide
748 4465 803 4520 p.
832 4451 920 4505 81.

484 4542 948 4609 Ἀλλη.ιένδετα,
995 4559 1045 4613 p.
1092 4543 1181 4598 93.
1220 4544 1299 4599 lta
1333 4543 1541 4616 optime
1567 4545 1812 4601 omnium
1845 4546 1981 4602 Bar-

403 4635 638 4689 bcrinus
673 4633 868 4699 codex,
909 4651 1033 4690 cum
1069 4637 1376 4692 Allatianus
1406 4637 1807 4709 ἀλληθενδεκτά
1840 4641 1981 4696 scri-

409 4730 526 4790 bat,
579 4728 876 4783 Vaticanus
937 4739 1120 4784 autem
1157 4730 1545 4800 ἀλληλενδοτὰ,
1575 4729 1667 4786 ille
1701 4731 1978 4801 vitiosius,

396 4820 499 4874 hic
529 4819 895 4888 prepinquius
925 4834 1077 4874 vero.
1112 4819 1312 4874 Notum
1349 4828 1433 4874 est
1464 4819 1618 4874 δετδν
1647 4821 1894 4877 vinctum
1923 4832 1982 4879 et

407 4925 606 4965 nexum
658 4924 878 4972 sonare,
932 4929 961 4966 a
992 4912 1096 4966 δέω
1129 4913 1254 4984 ligo.
1302 4909 1400 4966 Est
1428 4927 1556 4984 ergo
1593 4913 1982 4980 ἀλληλὲνδετον

405 5006 627 5058 invicem
687 5019 903 5069 nexum,
964 5014 1024 5058 ut
1094 5004 1162 5058 sit
1220 5002 1550 5072 ῑσοδύναμοὺ
1613 5004 1693 5076 τῷ
1745 5001 1979 5076 ἀλληλό-

407 5097 589 5150 sileam
618 5113 742 5151 mox
789 5098 988 5168 posito.
1017 5097 1304 5166 aptissima
1353 5097 1579 5152 notione
1614 5098 1681 5152 ad
1713 5099 1822 5154 loci
1857 5114 1982 5156 sen-

409 5191 661 5251 tentiam,
693 5188 959 5242 ut'lcctor
985 5187 1240 5242 oculatus
1266 5189 1451 5244 Statim
1488 5197 1696 5246 cernet.

477 5279 907 5350 Ἀμαγειρευτοι
960 5295 1015 5348 p.
1049 5278 1140 5332 88.
1195 5279 1298 5344 Qui
1348 5289 1678 5335 vocarentur
1707 5279 1812 5336 hoc
1857 5281 1980 5337 loco

405 5374 799 5442 ἁλαγείρευτοι
863 5387 987 5426 cum
1029 5371 1174 5425 foret
1215 5371 1469 5426 divinare
1514 5375 1888 5428 necessarium
1921 5373 1978 5428 in

407 5466 632 5519 silentio
681 5463 1035 5534 scriptorum,
1074 5479 1183 5517 non
1240 5464 1480 5518 occurrit
1514 5465 1660 5535 quod
1705 5464 1982 5520 verisimi-

415 5561 523 5612 lius
546 5558 788 5612 dicerem
832 5570 994 5626 quam
1023 5555 1169 5626 quod
1213 5556 1266 5610 in
1310 5556 1765 5627 interpretatione
1793 5557 1977 5628 posui,

403 5649 485 5703 sic
520 5663 720 5716 nempe
768 5656 993 5702 vocatos
1048 5661 1144 5701 eos
1200 5647 1293 5717 qui
1348 5656 1637 5717 postquam
1680 5648 1737 5702 in
1795 5648 1980 5719 aliqua

404 5747 562 5801 parte
597 5736 888 5793 ministerii
916 5745 1009 5793 aut
1040 5737 1387 5808 praefectura:
1420 5735 1673 5811 coquinae
1719 5737 1979 5796 Palatina:

2095 3165 2367 3221 Avaribns
2425 3165 2780 3220 Hamaxobiis
2838 3179 2906 3219 ex
2971 3165 3235 3235 Scythico
3303 3180 3496 3234 genere
3531 3179 3626 3217 rem

2095 3260 2248 3314 hisce
2293 3258 2571 3313 Catelanis
2622 3273 2744 3313 esse
2805 3271 3100 3312 commune
3149 3257 3331 3327 potuit
3363 3273 3430 3311 ex
3479 3255 3626 3310 Sicilia

2096 3349 2375 3420 profectis,
2409 3345 2704 3419 quo'prius
2734 3361 2800 3402 ex
2831 3345 3088 3417 Hispania
3119 3347 3491 3402 transierant?
3511 3346 3627 3416 plau-

2094 3441 2314 3496 sibilius
2370 3441 2426 3495 hi
2469 3455 2672 3495 nomen
2718 3438 2939 3494 duxisse
2975 3437 3148 3492 videri
3184 3444 3445 3508 poterant
3475 3451 3501 3489 a
3531 3450 3628 3503 pro-

2094 3533 2374 3588 montorio
2427 3531 2866 3587 Tarraconensis
2925 3529 3227 3600 Hispanias,
3288 3527 3435 3598 quod
3486 3527 3629 3580 l'tole-

2097 3639 2266 3679 luteus
2300 3622 2516 3693 Abzpov
2575 3622 2816 3678 Avarum
2867 3631 3125 3675 vocatum
3181 3621 3398 3674 scribit.
3434 3615 3627 3686 Reperio

2095 3717 2238 3786 apud
2271 3714 2594 3778 Mariauam,
2631 3716 2668 3768 l.
2704 3731 2796 3780 xtl,
2845 3729 2897 3769 c.
2931 3714 3020 3780 i7,
3055 3712 3131 3767 De
3177 3713 3336 3767 rebus
3380 3709 3624 3780 Hispania,

2097 3807 2478 3878 Almagaraves
2513 3807 2625 3861 illic
2679 3806 2983 3876 appellatos
3034 3814 3334 3862 veteranos
3392 3803 3570 3858 milites
3605 3816 3627 3853 e

2095 3911 2257 3973 gente
2285 3899 2545 3956 Maurica.
2581 3899 2788 3956 Horum
2832 3899 3038 3956 multos
3085 3897 3360 3954 admistos
3393 3895 3626 3953 Catelauis

2093 3989 2347 4047 subsidio
2376 3991 2574 4046 missos
2603 3991 2882 4046 Friderico
2912 3991 3118 4047 bellum
3147 3991 3203 4045 in
3232 3990 3422 4047 Sicilia
3450 3988 3622 4060 gerenti

2093 4097 2123 4137 a
2151 4082 2324 4137 fratre
2354 4081 2530 4154 ipsius
2553 4097 2680 4153 rege
2711 4082 2996 4152 Aragonim
3023 4083 3287 4149 arbitror,
3310 4093 3371 4151 et
3402 4082 3494 4136 hos
3515 4080 3624 4134 bello

2094 4173 2277 4231 Siculo
2303 4187 2438 4245 pace
2481 4173 2624 4229 facta
2674 4174 2992 4238 terminato,
3026 4174 3170 4230 duce
3201 4175 3440 4245 Bogerio
3483 4173 3624 4227 Brun-

2093 4265 2314 4330 dusino,
2341 4252 2504 4336 quem
2538 4275 2726 4321 noster
2747 4265 3102 4321 Rontzerlum
3138 4276 3320 4335 vocat,
3354 4263 3626 4321 Constanti-

2092 4358 2335 4426 n0pol'im
2370 4359 2608 4413 venisse.
2656 4349 2848 4427 Itaque
2889 4359 3006 4429 pari
3061 4358 3285 4414 licentia
3333 4374 3439 4429 qua
3469 4357 3622 4412 Fride-

2014 4449 2268 4509 Dricum
2321 4445 2377 4505 in
2437 4449 2910 4515 Theuderichum,
2957 4451 3264 4522 .llogerium
3323 4453 3376 4506 in
3427 4449 3624 4503 Bontze-

2093 4543 2261 4608 rium,
2287 4543 2654 4614 Pachymeres
2688 4543 2975 4618 deformat.
3005 4545 3172 4598 etiam
3212 4543 3269 4598 in
3309 4538 3622 4612 Aniogabaris

2093 4632 2434 4698 balbutierit,
2490 4633 2571 4690 sic
2601 4649 2700 4689 eos
2758 4620 2882 4704 pro.
2922 4635 3288 4704 Almogaravis
3349 4635 3619 4688 nominans.

2089 4724 2263 4780 liabet
2291 4741 2354 4780 ea
2384 4741 2491 4781 vox
2524 4725 2671 4781 haud
2701 4726 2931 4782 dubium
2956 4727 3158 4797 lingua:
3186 4727 3430 4782 Arabicae
3456 4725 3623 4780 Mauris

2089 4815 2381 4871 familiaris
2432 4815 2834 4872 characterem.
2887 4816 3072 4888 Itaque
3124 4819 3323 4887 placet,
3361 4831 3513 4886 quam
3556 4816 3622 4870 vir

2088 4908 2446 4978 pereruditus
2498 4908 2746 4978 mihique
2777 4908 3148 4965 amicissimus
3199 4909 3508 4965 Dominicus
3531 4907 3621 4960 lla-

2089 5001 2238 5070 grius
2263 5017 2293 5056 e
2318 5002 2478 5071 patrii
2509 5001 2812 5057 Melitensis
2836 5003 3112 5058 idiomalis
3146 5019 3247 5060 usu
3280 5013 3333 5058 et
3360 5001 3620 5058 domestica

2085 5093 2285 5147 notitia
2335 5095 2598 5164 suggerit,
2654 5095 2949 5165 originatio
3013 5095 3166 5152 vocis
3229 5097 3411 5167 hujus.
3463 5096 3541 5150 Ait
3583 5092 3619 5146 is

2087 5183 2376 5238 Africanos
2403 5186 2660 5255 Algharbi
2690 5186 2886 5241 Melita:
2917 5187 3125 5255 vocari,
3153 5190 3296 5258 quod
3327 5187 3614 5243 vocabulum

2086 5276 2446 5333 Occidentales
2505 5288 2684 5344 sonat,
2754 5281 3017 5349 quoniam
3077 5280 3146 5335 ab
3203 5280 3409 5337 Occasu
3461 5278 3611 5334 Melita

2087 5369 2323 5425 Africam
2355 5370 2601 5442 respicit.
2634 5371 2905 5428 Inseritur
2935 5381 3120 5428 autem
3155 5375 3300 5430 inter
3329 5367 3540 5446 primam
3572 5379 3615 5425 et

2087 5463 2384 5518 secundam
2412 5463 2676 5535 syllabam
2705 5465 2958 5520 vocabuli
2991 5464 3250 5538 Algharbi
3279 5466 3525 5539 particula
3551 5478 3615 5516 me

2088 5553 2298 5612 Latina:
2345 5558 2722 5630 praapositioni
2766 5575 2831 5614 ea:
2879 5559 3233 5630 aequivalens,
3270 5560 3476 5632 quoties
3499 5554 3614 5610 desi-

2087 5665 2255 5720 gnare
2287 5665 2427 5721 opus
2449 5660 2536 5705 est
2561 5651 2802 5721 aliquem
2829 5667 2897 5707 ex
2931 5651 3114 5708 Africa
3141 5654 3258 5710 sive
3299 5653 3398 5709 alia
3424 5649 3611 5720 regione

2087 5739 2331 5799 Occidua
2381 5741 2690 5815 profectum
2741 5745 2912 5802 :talis
2947 5745 3097 5802 enim
3150 5745 3263 5803 illic
3309 5737 3613 5813 Almogltarbi
