3856 6582
209 551 294 618 721
1549 569 1766 629 GLOSS

1871 571 2063 632 llUM.

3331 570 3440 632 7‘22

209 689 405 755 dicitur,
440 689 545 746 hoc
591 699 676 747 est
711 693 803 763 qui
835 708 900 749 ex
930 695 1110 766 Africa
1147 697 1264 754 sive
1309 699 1535 763 Occiduo
1582 709 1757 756 tractu

1871 689 2077 735 tantum
2119 682 2284 737 habet
2315 700 2328 737 ι
2364 683 2468 736 Καὶ
2497 683 2677 737 πάντα
2711 685 3019 753 ’ἀνέτρεπον
3052 683 3144 735 καὶ
3171 682 3426 749 συνέχεον

206 785 416 839 venerit.
451 785 563 841 Nec
589 796 676 842 est
726 789 1054 846 incredibile
1087 809 1152 846 ex
1178 801 1364 866 etymo
1393 797 1677 866 ejusmodi
1701 797 1753 849 in

206 877 436 948 llispania
466 895 716 952 quoque
770 900 970 939 nomen
1028 886 1173 940 istud
1236 887 1529 944 inolevisse
1568 908 1582 944 :
1626 905 1750 943 nam

202 970 400 1025 Mauros
428 987 622 1028 omnes
668 986 884 1029 certum
932 965 1016 1031 cst
1051 995 1114 1032 ex
1158 978 1341 1034 Africa
1379 983 1664 1052 trajecisse
1700 980 1763 1059 in,

201 1065 433 1130 lberiam,
475 1080 529 1121 et
565 1083 632 1122 ex
658 1067 823 1138 hujus
851 1069 1108 1125 Occiduis
1151 1071 1408 1140 partibus
1443 1073 1499 1126 in
1529 1084 1757 1128 caeteras

202 1155 520 1210 dominatum
565 1158 904 1221 extendisse,
944 1160 1089 1214 unde
1139 1163 1302 1218 isthic
1347 1179 1570 1234 quoque
1605 1173 1758 1220 recte

200 1247 521 1318 Almogltarbi
550 1247 660 1304 dici
703 1252 1010 1320 potuerint,
1050 1263 1144 1306 aut
1176 1255 1446 1312 vocabulo
1485 1257 1542 1312 in
1577 1272 1756 1326 popu-

200 1337 350 1392 larem
382 1355 578 1394 sonum
616 1340 841 1396 detorto
890 1342 1232 1413 Almogabari
1278 1360 1398 1406 seu.
1448 1356 1613 1416 prout
1643 1347 1758 1402 Ma-

200 1435 337 1487 riana
366 1432 580 1499 scribit,
613 1433 1013 1506 Almogaraves,
1044 1435 1218 1490 Mauri
1249 1437 1452 1493 milites
1476 1454 1542 1493 ex
1573 1439 1758 1495 Africa

200 1536 249 1579 et
290 1525 543 1580 Occiduis
597 1527 870 1582 tractibus
925 1527 1234 1583 venientes.
1297 1531 1591 1599 Postquam
1642 1531 1760 1586 lucc

200 1617 530 1686 scripseram,
567 1617 678 1672 vidi
727 1633 849 1688 qua:
897 1619 1096 1674 Petrus
1131 1620 1598 1676 d‘Outremannus
1654 1638 1756 1678 no-

199 1721 317 1774 ster,
348 1710 404 1764 in
445 1709 593 1766 notis
623 1709 691 1764 ad
723 1726 775 1766 c.
823 1710 856 1764 5
883 1711 1013 1766 libri
1055 1712 1144 1767 sui
1185 1712 1254 1768 de
1296 1712 1515 1768 excidio
1537 1713 1758 1770 Graeco-

200 1818 329 1868 rum,
363 1802 508 1858 circa
541 1817 736 1857 vocem
774 1803 1095 1874 Amogabari
1129 1803 1319 1860 tradit.
1359 1805 1436 1860 Ea
1466 1805 1604 1860 nihil
1637 1821 1760 1860 mu-

199 1892 408 1947 tandum
438 1892 494 1947 in
541 1893 612 1947 iis
643 1908 766 1963 quae
805 1908 971 1964 supra
1010 1895 1170 1963 posui
1212 1895 1469 1951 suadent.
1497 1895 1761 1951 Iudican-

1857 771 1946 824 διὰ
1993 773 2092 843 τὴν
2120 775 2486 845 νομιζομένην
2537 775 2856 846 ἀκρίϐειαν.
2909 775 3112 831 Habuit
3158 783 3343 828 autem
3382 771 3437 824 in

1860 865 2048 920 animo
2094 865 2210 921 [nec
2251 868 2499 923 scribens
2546 869 2911 940 Pacliymeres
2944 868 3162 924 initium
3201 864 3440 920 celebris

1859 957 2045 1025 aperis
2103 957 2170 1012 ab
2207 956 2528 1030 Anaxagora
2595 960 2664 1014 de
2719 975 2904 1015 rerum
2966 969 3163 1013 natura
3219 956 3434 1027 scripti.

1861 1050 2155 1106 recitatum
2197 1067 2228 1110 a
2265 1054 2503 1126 Diogene
2536 1056 2757 1111 Laertio
2799 1058 2854 1111 in
2885 1058 3006 1129 ejus
3037 1057 3159 1112 Vita
3186 1054 3274 1109 his
3315 1068 3441 1106 ver-

1861 1143 1992 1197 bis:
2032 1146 2214 1198 ῐιάντα
2261 1148 2524 1218 χρήματα
2571 1144 2639 1220 ἦν
2694 1149 2865 1220 ὀμοῦ’
2921 1148 3041 1202 εἷτα
3093 1148 3219 1210 νοῦς
3270 1146 3442 1199 ἐλθὼν
3489 1139 3491 1142 ⁴

1860 1236 2002 1288 αὐτὰ
2053 1238 2407 1310 διεκόσμησε.
2445 1239 2636 1296 Omnes
2690 1258 2770 1296 res
2823 1251 2978 1302 erant
3011 1241 3208 1306 simul;
3254 1239 3442 1291 deinde

1860 1346 2005 1384 mens
2031 1333 2238 1388 ueniens
2267 1335 2408 1403 ipsas
2437 1343 2626 1389 ornate
2654 1335 2929 1406 disposuit.

1944 1424 2544 1497 Ἀποσκίπτω.,Ηυ]υε
2568 1442 2792 1497 quoque
2820 1442 3095 1497 nusquam
3130 1428 3261 1481 alibi
3297 1444 3326 1482 a
3365 1437 3445 1482 tot

1860 1511 2304 1584 diligentissimis
2353 1517 2752 1572 vocabulorum
2781 1517 3179 1574 collectoribus
3232 1522 3442 1588 reperti

1861 1606 2017 1662 verbi
2053 1607 2294 1678 aliquam
2323 1609 2379 1663 in
2425 1609 2533 1664 hoc
2560 1609 2745 1664 minus
2775 1610 3068 1664 obviorum
3111 1625 3279 1665 censu
3323 1613 3445 1667 ficri

1861 1700 2200 1756 mentionem
2256 1716 2473 1771 aequum
2503 1713 2620 1769 est;
2655 1703 2816 1774 cujus
2867 1705 3210 1772 przeteritum
3259 1704 3448 1758 inlini-

1863 1794 1960 1848 tivi
1997 1794 2197 1865 passivi
2226 1805 2416 1849 noster
2441 1805 2670 1865 usurpat
2695 1795 2827 1850 dum
2867 1796 2950 1851 sic
2979 1797 3194 1862 scribit,
3226 1812 3280 1866 p.
3304 1798 3445 1853 269:

1862 1888 1954 1957 Μὴ
2040 1887 2138 1952 τῆς
2221 1889 2398 1957 φορᾶς
2479 1889 2759 1959 ληγούσης
2845 1890 2977 1962 πρὶν
3056 1891 3124 1943 ἂν
3209 1892 3447 1944 ἀπεσκί-

200 1979 318 2033 dum
356 1988 536 2035 tamen
584 1980 763 2034 locum
794 1981 985 2051 putavi
1036 1983 1287 2039 studioso
1320 1985 1534 2053 lectori,
1566 1997 1626 2041 ut
1669 2003 1757 2050 eo.

1871 1977 1998 2048 φθαι
2043 1977 2120 2049 τῷ
2167 1980 2339 2049 τείχει
2400 1977 2501 2050 της
2538 1983 2771 2046 πόλεως.
2811 1981 2932 2036 Non
2974 1991 3208 2037 cessante
3247 1983 3448 2054 impetu

199 2070 236 2122 si
265 2069 364 2138 ipsi
388 2069 705 2135 ‘videbitur,
737 2069 912 2137 adito,
944 2073 1114 2144 eligat
1149 2090 1214 2129 ex
1255 2075 1517 2130 omnibus
1545 2091 1644 2146 pro
1675 2094 1763 2132 ar-

200 2160 352 2216 bitrio
384 2178 504 2232 quae
529 2165 706 2234 magis
746 2164 1086 2234 probaverit.

258 2255 668 2325 Ἀμφιδρόμια,
716 2273 771 2327 p.
804 2257 933 2313 282.
963 2259 1097 2312 Οὐδὲ
1132 2260 1240 2331 γὰρ
1265 2260 1414 2324 εἰκὸς
1443 2291 1514 2301 -
1545 2263 1642 2316 καὶ
1670 2261 1763 2316 εὐ-

175 2349 383 2416 ’).ογείν.
415 2347 824 2404 Perobscurum
886 2351 954 2405 de
997 2353 1150 2407 more
1189 2353 1438 2408 auctoris
1483 2352 1634 2410 hunc
1683 2354 1765 2410 lo-

199 2454 332 2505 cum,
378 2440 472 2510 qui
524 2440 713 2496 Grmca
743 2442 908 2514 660
939 2443 1219 2512 inspiciet,
1258 2447 1520 2515 reperiet,
1553 2446 1608 2501 ni
1658 2445 1761 2500 fal-

201 2533 294 2587 lor.
343 2534 475 2588 Mihi
536 2535 761 2604 quidem
834 2535 983 2590 haud
1030 2523 1243 2606 parum
1305 2538 1515 2608 negotii
1589 2539 1763 2603 dedit,

202 2626 362 2693 quoad
395 2627 658 2682 omnibus
685 2629 933 2698 pensatis
967 2645 1130 2699 quam
1165 2631 1548 2701 interpretatio
1578 2633 1764 2702 expri-

204 2718 289 2771 mit
336 2718 611 2788 exsculpsi
662 2721 1020 2777 sententiam.
1074 2723 1346 2779 Caeterum
1410 2727 1764 2798 ἀρχαιολογία

206 2807 281 2864 hic
322 2811 559 2863 notanda
593 2811 648 2864 in
681 2810 853 2865 verbo
899 2811 1246 2884 ἀμφιδρὸμια
1282 2815 1430 2884 quod
1480 2825 1672 2872 noster
1698 2832 1766 2872 ex

208 2918 295 2956 suo
319 2912 599 2956 mutuatur
629 2903 926 2974 llesychio,
983 2906 1063 2960 sic
1095 2908 1369 2963 scribente
1411 2928 1425 2964 :
1469 2911 1765 2981 Ἀμφιδρό-

211 3013 296 3063 μια
333 2997 516 3066 ἡμέρα
557 2999 805 3067 ἀγομένη
851 3002 964 3062 τοῖς
999 3001 1266 3068 παιδίοις,
1309 2996 1430 3076 ὲνῇ
1473 3005 1534 3057 τὸ
1565 3004 1765 3075 βρέφος

209 3089 323 3158 περὶ
347 3091 444 3152 τὴν
477 3089 666 3141 ἑστίαν
687 3088 886 3160 ἔφερον
918 3091 1210 3162 τρέχοντες
1247 3093 1462 3166 κύκλῳ,
1509 3097 1604 3149 καὶ
1634 3099 1763 3150 ὲπε-

207 3181 412 3232 τίθεσαν
467 3181 631 3252 (forte
681 3183 1070 3253 corrigendum
1105 3186 1201 3239 καὶ
1253 3187 1567 3257 ἑπετίθουν)
1613 3189 1765 3261 αὐτῷ

207 3273 361 3342 ὄνομα
407 3274 494 3326 ὅτε
548 3274 652 3327 ὑπὸ
680 3275 791 3327 τῶν
823 3277 1042 3330 οἰκείων
1089 3279 1183 3331 καὶ
1211 3279 1384 3348 φίλων
1414 3280 1568 3354 δῶρα
1593 3282 1765 3352 ἐπέμ-
1792 3318 1835 3378 c

213 3381 345 3418 πετο.
409 3368 578 3422 Paulo
630 3368 948 3426 distinctius
994 3370 1218 3436 Suidas,
1279 3374 1373 3442 qui
1423 3390 1622 3429 nomen
1662 3375 1767 3430 hoc

217 3460 478 3529 singulare
517 3461 841 3516 femininum
889 3463 1022 3519 facit
1058 3484 1072 3518 :
1115 3467 1516 3537 ’Δμφιδρομία,
1561 3468 1763 3537 inquit,

209 3554 268 3622 ἢν
296 3554 547 3625 πέμπτην
587 3555 822 3623 ἄγουσιν
858 3557 956 3610 ἐπὶ
993 3559 1110 3621 τοῖς
1146 3559 1430 3630 βρέφεσιν,
1465 3562 1522 3614 ὲν
1624 3563 1768 3616 ἀπο⁴

213 3645 550 3718 καθαίρονται
586 3647 686 3712 τὰς
714 3650 906 3720 χεῖρας
934 3650 990 3703 αι
1021 3651 1416 3722 συναψάμεναι
1457 3651 1560 3724 τῆς
1589 3651 1768 3723 μαιώ-

218 3755 353 3803 σεως,
378 3741 436 3792 τὸ
459 3739 662 3811 βρέφος
694 3746 1062 3813 περιφέρουσι
1099 3745 1198 3817 τὴν
1233 3745 1420 3820 ἑστίαν
1445 3748 1766 3819 τρέχοντες,

218 3831 300 3882 καὶ
343 3830 486 3901 δῶρα
530 3835 848 3904 πέμπουσιν
897 3837 948 3888 οἱ
1010 3837 1389 3908 προσήκοντες
1433 3837 1509 3902 ὡς
1567 3838 1663 3890 ἐπὶ
1709 3838 1770 3892 τὸ

218 3918 447 3975 πλεῖστον
494 3921 807 3987 πολύποδας
858 3925 955 3979 καὶ
1021 3925 1252 3997 σηπίας,
1309 3929 1376 3997 τῇ
1414 3926 1621 3998 δεκάτῃ
1671 3927 1771 3979 καὶ

218 4008 432 4081 τοῦνομα
471 4012 737 4068 τίθενται.
786 4014 902 4069 Hoc
950 4023 1081 4070 est:
1136 4015 1564 4086 Antpltidromia,
1610 4031 1769 4085 quam

219 4102 338 4156 diem
367 4105 626 4160 celebrant
667 4107 910 4177 quintam
937 4125 968 4161 α
999 4109 1141 4162 natis
1173 4108 1485 4178 infantibus,
1517 4125 1620 4178 qua
1644 4124 1773 4177 pur—

217 4203 328 4262 gant
377 4213 564 4251 manus
596 4213 714 4269 qua:
759 4197 1172 4254 obstetricationi
1223 4215 1437 4268 operam
1489 4201 1771 4266 dederunt,

219 4285 451 4354 infantem
489 4291 688 4344 circum
720 4291 892 4360 focum
931 4301 1136 4362 gestant
1187 4303 1481 4358 currentes,
1545 4303 1596 4346 et
1631 4294 1772 4347 dona

220 4379 408 4434 mittunt
441 4382 749 4452 prapinqui,
783 4382 1073 4459 po‘lypodas
1115 4383 1423 4455 plerumque
1462 4401 1524 4440 ac
1563 4384 1770 4455 sepius;

215 4468 394 4525 decima
421 4489 539 4527 vero
564 4491 751 4527 nomen
789 4477 1086 4546 imponunt.
1123 4475 1202 4529 Ex
1234 4475 1321 4530 his
1345 4487 1574 4546 apparet
1598 4492 1772 4531 etcre-

215 4565 434 4620 monium
473 4577 716 4622 veterem
752 4579 940 4638 aptare
971 4569 1250 4624 studuisse
1283 4569 1612 4624 Chrisrianis
1648 4567 1772 4624 riti-
1805 4563 1846 4618 ι)

215 4655 304 4712 bus
359 4657 750 4731 Pacbymcrem
787 4668 889 4716 :et
934 4659 1078 4715 forte
1124 4661 1172 4714 is
1230 4662 1406 4716 voluit
1447 4663 1554 4717 isto
1601 4663 1770 4718 verbo

215 4747 452 4819 baptismi
484 4753 800 4824 panegyrim
825 4752 908 4826 [P.
935 4752 1064 4826 469.]
1090 4754 1419 4823 exprimere.
1445 4754 1559 4823 Ego
1587 4763 1771 4809 tamen

217 4846 524 4915 conjectum:
553 4846 699 4901 docti
734 4846 963 4903 lectoris
1011 4846 1412 4901 divinationem
1459 4847 1772 4903 istiusmodi

221 4938 540 5008 relinquens,
596 4938 732 4995 satis
792 4939 962 4995 habui
1019 4940 1272 5011 quintam
1324 4939 1395 4994 ab
1451 4949 1578 4994 ortu
1625 4939 1771 4994 diem

220 5033 529 5100 exprimere,
556 5041 782 5102 quotam
810 5047 945 5088 voce
970 5031 1340 5103 ἀμφιδρομία,
1360 5034 1450 5086 cui
1472 5046 1774 5104 synonyma

223 5132 509 5178 consonant
529 5125 597 5178 τὰ
627 5123 998 5195 ἀμφιδρόμια,
1031 5123 1308 5195 designari
1341 5125 1568 5181 Suidam
1609 5126 1771 5182 retuli

225 5211 340 5267 doce
347 5232 375 5268 n
385 5228 432 5271 te
439 5233 489 5270 tn
500 5257 514 5270 .

284 5305 628 5378 'Ardrwroc,
682 5324 736 5380 p.
792 5308 918 5366 537.
973 5310 1139 5366 Vocis
1189 5311 1478 5381 ἀνάγωγος
1526 5329 1650 5385 quae
1684 5315 1774 5371 hic

231 5409 498 5468 usurpatur
531 5401 684 5457 notio
718 5403 1022 5473 repetenda
1071 5419 1141 5458 ex
1171 5401 1443 5476 Hesychio
1488 5414 1594 5469 est,
1629 5405 1774 5478 apud

233 5503 370 5556 quem
420 5492 701 5563 legimus:
747 5495 1059 5565 Ἀνάγωγος
1115 5495 1400 5566 ὑϐριστὴς,
1460 5499 1488 5550 ὁ
1538 5499 1615 5571 μὴ
1675 5502 1775 5571 τῆς

235 5578 431 5652 δεούσης
463 5587 686 5657 ἀγωγῆς
718 5591 1056 5659 τετυχηκώς.

294 5669 699 5746 Ἀναξαγόρειοι
739 5680 1042 5750 χρήματα,
1094 5699 1149 5753 p.
1187 5682 1306 5738 150.
1341 5684 1528 5738 Πάντα
1573 5684 1618 5738 δ’
1649 5685 1774 5738 ἀνέ-

242 5776 414 5829 τρεπον
463 5772 557 5824 καὶ
590 5773 848 5844 συνέχεον
909 5775 1000 5829 διὰ
1056 5778 1156 5847 τὴν
1190 5779 1561 5849 νομιζομένην
1614 5779 1776 5851 ἀκρί-

247 5853 393 5923 ὕειαν,
443 5865 578 5920 κατὰ
613 5867 682 5921 τὰ
727 5868 1127 5939 ἰιναξαγόρεια
1185 5871 1472 5942 χρήματα.
1519 5872 1611 5927 Sic
1662 5871 1772 5927 duo

249 5945 381 6002 codul.
414 5957 594 6023 optimi
628 5959 979 6015 concorditer
1006 5959 1047 6015 Β
1085 5970 1139 6016 et
1173 5963 1235 6015 Α.
1275 5962 1572 6018 Vaticanus
1603 5965 1774 6019 inter-

257 6038 452 6113 liolator,
502 6065 594 6118 pro
645 6067 746 6109 suo
797 6067 952 6109 more
999 6053 1232 6111 obscura
1276 6055 1643 6123 transiliendi,
1696 6059 1775 6114 sic

1865 2071 2178 2142 priusquam
2209 2072 2541 2128 illiderentur
2579 2092 2730 2128 muro
2769 2077 3018 2130 civitatis.
3049 2065 3174 2144 Agii
3203 2075 3272 2131 de
3303 2076 3448 2130 casis

1864 2161 2200 2220 rusticorum
2249 2163 2506 2218 eluvione
2556 2165 2768 2218 avulsis
2799 2175 2853 2220 et
2900 2175 3145 2221 torrente
3177 2166 3442 2235 abreptis.

1864 2251 2022 2317 Quod
2059 2253 2292 2307 verbum
2336 2255 2500 2326 vulgo
2536 2256 2802 2310 scribitur
2846 2257 3094 2327 σκήπτω,
3127 2247 3266 2313 alias
3297 2274 3396 2326 per
3431 2279 3446 2311 -.

1864 2345 2033 2400 scribi
2068 2346 2316 2411 solitum,
2360 2363 2468 2403 non
2509 2349 2746 2404 obscura
2792 2353 3020 2420 vestigia
3050 2361 3353 2420 supersunt
3391 2353 3442 2406 iu

1865 2437 2095 2492 vocibus
2147 2437 2274 2494 inde
2328 2439 2612 2504 derivatis,
2650 2442 2882 2506 σκίπων,
2938 2460 3101 2512 quam
3137 2443 3446 2514 Hesychius

1864 2530 2092 2598 exponit
2119 2531 2418 2601 βακτηρία,
2454 2532 2675 2600 ῥάϐδος,
2728 2542 2785 2588 et
2818 2535 3074 2600 σκιπίων,
3127 2551 3295 2605 quam
3331 2539 3444 2603 jam

1863 2622 2023 2693 661
2064 2623 2194 2676 olim
2221 2622 2401 2678 Latini
2437 2625 2816 2695 arripuerunt,
2845 2625 3148 2696 scipionem
3179 2627 3441 2683 baculum

1868 2716 2141 2772 dicentes.
2177 2715 2320 2782 Quin
2355 2727 2411 2770 et
2462 2717 2664 2789 ipsum,
2699 2717 2796 2772 sed
2828 2719 3111 2774 ἐπενθέσει
3151 2719 3244 2772 τοῦ
3277 2741 3315 2790 μ
3343 2740 3445 2778 au-

1867 2821 2017 2866 ctum
2049 2811 2325 2879 reperitur
2370 2811 2601 2865 verbum
2635 2811 2894 2881 σκίμπτω
2940 2812 3220 2883 Hesyebio
3244 2817 3445 2886 saepius

1869 2915 2232 2960 memoratum
2273 2923 2287 2960 :
2327 2920 2452 2959 nam
2515 2905 2658 2972 apud
2696 2906 2845 2961 hunc
2889 2906 3092 2977 legitur
3148 2909 3441 2980 σκίμπτει,

1869 2998 2228 3067 σκίμπτεται,
2275 2998 2620 3068 χαλεπαίνει,
2673 2998 2966 3068 ἐρείδεται,
3026 3001 3339 3066 ἐπιπίπτει,
3381 3013 3438 3056 et

1869 3087 2108 3156 σκίμψαι
2140 3082 2484 3156 ἐμπαγῆναι,
2507 3088 2941 3158 ἐμπελασθῆναι,
2972 3089 3214 3160 denique
3247 3101 3307 3146 ut
3337 3092 3446 3146 alia

1866 3179 2148 3243 omittam,
2181 3181 2450 3250 σκιμφθῇ.
2475 3180 2708 3249 ἐγγίσει,
2744 3181 3140 3251 προσπελάσει.
3171 3182 3315 3238 Bene
3349 3184 3446 3238 ba-

1868 3271 1986 3339 bet,
2053 3271 2200 3327 dicet
2257 3272 2497 3343 aliquis:
2531 3275 2627 3328 sed
2671 3275 2732 3327 τὸ
2784 3275 2896 3329 ἀπὸ
2936 3277 3015 3345 τῇ
3064 3278 3443 3348 σχίμπτεσθαι

1869 3367 2225 3434 praepositum
2269 3365 2726 3436 significationem
2774 3368 2829 3446 in
2863 3371 3206 3426 contrarium
3257 3374 3445 3427 vertit.

1868 3455 2010 3511 lluie
2036 3472 2137 3528 ego
2165 3459 2244 3512 sic
2275 3474 2508 3514 occurro
2535 3471 2594 3514 ut
2634 3460 2778 3515 ultro
2826 3461 3094 3517 confitear
3123 3465 3450 3533 plerumque

1871 3549 2196 3618 στερητικὸν
2231 3564 2353 3604 esse
2397 3550 2457 3603 τὸ
2490 3551 2595 3603 ἀπὸ
2631 3551 2684 3606 in
2716 3555 3119 3622 compositione
3153 3556 3449 3610 verborum

1869 3652 1965 3698 aut.
2015 3643 2326 3698 nominum.
2358 3644 2448 3699 Sic
2499 3646 2766 3700 ἀπανθεῖν
2793 3655 2878 3701 est
2909 3648 3269 3719 deﬂorescere,
3309 3651 3448 3703 ἁπά-

1873 3732 1986 3797 ξιος
2029 3735 2300 3804 indignus.
2339 3751 2404 3791 ac
2427 3737 2630 3792 similia
2660 3741 2863 3808 passim
2893 3739 3052 3796 obvia
3078 3751 3357 3797 sexcenta.
3391 3741 3450 3795 In

1871 3825 2075 3895 quibus
2138 3829 2297 3898 juvat
2355 3830 2537 3884 obiter
2589 3848 2898 3888 memorare
2961 3849 3153 3890 vocem
3219 3838 3446 3904 ἀπαρτι·

1871 3922 2028 3984 τόκος
2056 3921 2465 3990 elegantissime
2515 3928 2874 3994 compositam
2921 3925 2991 3980 ab
3051 3941 3279 3982 aucore
3333 3931 3442 3998 pul-

1873 4009 2134 4066 cherrimi
2197 4013 2609 4083 epigrammatis
2657 4015 2725 4080 ab
2777 4017 3160 4073 eruditissimo
3219 4017 3454 4074 Octavio

1875 4101 2193 4158 Faleoncrio
2217 4105 2481 4174 descripti
2511 4122 2542 4161 e
2566 4107 2683 4162 basi
2715 4123 3021 4163 marmorea
3053 4124 3230 4179 nuper
3257 4111 3452 4167 emissa

1874 4206 1929 4250 et
1969 4211 2093 4251 cum
2125 4197 2272 4252 notis
2301 4199 2546 4270 ejusdem
2575 4199 2914 4256 doctissimis
2939 4201 3095 4256 editi.
3137 4203 3456 4259 Sustinebat

1875 4289 2007 4342 olim
2063 4304 2124 4343 ea
2172 4290 2319 4344 basis
2375 4291 2593 4362 signum
2649 4290 2998 4364 IEsculapii,
3050 4304 3458 4364 reprxscntans

1876 4379 2030 4434 illum
2083 4391 2142 4436 ut
2185 4381 2448 4438 infantem
2496 4400 2692 4441 recens
2739 4397 2951 4444 natum.
3004 4387 3161 4444 Unde
3215 4388 3454 4456 primum

1877 4471 2153 4527 distichon
2184 4473 2266 4528 sic
2289 4474 2458 4530 habet
2487 4493 2503 4529 :

1987 4587 2102 4642 Τὰν
2136 4589 2351 4655 παιδός
2380 4593 2726 4646 καλλίσταν
2755 4594 2897 4648 εἰκὼ
2929 4593 3110 4648 τάνδε
3148 4595 3306 4650 θεοῖο

2121 4659 2387 4727 [Iactis-oc
2425 4664 2648 4729 κούρου
2683 4665 2907 4732 ματρὸς
2935 4666 3367 4734 ἀπαρτιτόκου.

1888 4748 2219 4816 Ἀρτιτόκον,
2253 4750 2357 4806 hoc
2378 4752 2462 4806 est
2487 4769 2664 4831 recens
2689 4756 2922 4822 enixam,
2954 4754 3259 4827 Esculapii
3289 4759 3452 4813 modu

1875 4839 1992 4894 nati
2021 4842 2346 4910 genitricem
2371 4860 2498 4900 vere
2525 4846 2801 4915 appellare
2831 4846 3161 4902 Nicomedes
3179 4849 3456 4919 epigram-

1879 4940 2046 4995 matis
2078 4938 2316 5008 scriptor
2350 4953 2460 4992 non
2500 4938 2719 5008 potuit,
2751 4941 3014 5008 quoniam
3067 4957 3189 4996 eam
3244 4942 3456 4996 sciebat

1875 5046 2161 5102 nunquam
2186 5029 2488 5101 peperisse,
2517 5030 2709 5100 utique
2736 5046 2845 5090 non
2880 5033 3142 5102 ignorans
3185 5034 3450 5104 vulgaris-

1876 5123 2074 5178 simam
2123 5129 2178 5176 et
2207 5120 2655 5176 constantissime
2703 5121 3294 5189 creditamjabulam,
3346 5140 3452 5194 qua

1876 5229 2222 5284 quaecunque
2273 5214 2494 5269 tandem
2549 5213 2718 5269 fuerit
2749 5225 2926 5270 mater
2969 5214 3276 5287 A‘Isculapii
3305 5221 3451 5289 (nam

1876 5309 1973 5365 alii
1997 5308 2295 5374 Coronide,
2321 5310 2556 5364 Arsinoe
2581 5309 2675 5364 alii
2703 5320 2896 5365 natum
2925 5316 3265 5380 autumant),
3297 5315 3453 5382 prius

1877 5413 2092 5459 mortua
2149 5418 2316 5472 quam
2376 5415 2596 5473 pareret
2663 5405 2950 5470 asseritur,
3005 5421 3072 5461 ex
3117 5407 3267 5459 illius
3323 5423 3454 5462 vero

1877 5496 2064 5550 statim
2108 5504 2332 5550 exsecto
2365 5506 2524 5554 utero
2566 5497 2753 5552 vivum
2813 5506 3041 5567 puerum
3074 5497 3451 5566 Alsculapium

1875 5596 2204 5644 extractum.
2239 5575 2420 5653 Quare
2450 5588 2499 5644 is
2535 5591 2733 5644 merito
2762 5598 2992 5644 vocatur
3015 5591 3211 5660 κοῦρος
3244 5593 3453 5660 ματρὸς

1876 5681 2247 5752 ἁπαρτιτόκου
2305 5680 2451 5752 ﬁlius
2504 5685 2690 5736 matris
2737 5700 2840 5736 non
2891 5699 3198 5752 puerperae,
3244 5684 3451 5752 quippe

1877 5792 2000 5847 qua:
2051 5776 2207 5831 illum
2249 5775 2521 5830 duntaxat
2569 5774 2652 5848 [P.
2689 5774 2814 5846 463]
2867 5776 2990 5828 alvo
3044 5775 3362 5844 conceperit
3395 5787 3452 5836 et

1881 5867 2223 5933 formaverit,
2249 5869 2412 5922 enixa
2452 5868 2506 5921 in
2533 5868 2710 5921 lucem
2755 5881 3034 5935 nunquam
3059 5865 3254 5930 fuerit,
3278 5875 3456 5921 moue

1883 5971 2099 6032 partum
2158 5970 2599 6031 praeoccupante.
2638 5961 2784 6014 Inest
2841 5974 2975 6028 ergo
3008 5958 3130 6011 sine
3178 5958 3348 6013 dubio
3400 5961 3453 6012 in

1885 6055 2289 6125 compmitioue
2312 6054 2394 6108 vis
2423 6053 2657 6123 negandi
2679 6052 2753 6123 τῷ
2784 6051 2893 6106 ἀπὸ
2919 6067 2933 6111 :
2963 6051 3062 6107 sed
3099 6068 3209 6107 non
3235 6068 3456 6123 semper
