3744 6568
439 479 550 547 723

1359 484 1429 549 Ρ.
1470 485 1776 552 POSSINI
1816 487 2016 552 OBSE.

2120 491 2472 556 ATIONUM
2505 493 2658 557 ΗΒ.
2695 492 2750 556 Ι.
3537 499 3615 563 ﬁl

434 590 574 651 Nam
598 594 664 651 ad
683 609 736 650 v.
765 593 872 650 775
891 592 1087 649 Iliadis
1117 593 1171 666 β,
1207 593 1300 651 ubi
1325 595 1530 669 legitur
1552 597 1620 655 de
1639 598 1854 658 Achille
1878 599 2016 655 κεῖτ’
2044 603 2092 662 Α
2116 602 2559 670 denominatum,
2587 620 2714 661 cum
2743 614 2901 662 antea
2926 605 3207 674 γουστεῖον
3236 616 3521 675 vocaretur.
3538 613 3614 674 hoc

433 686 809 759 ἀπομηνίσας,
840 686 920 743 sic
948 694 1179 743 annotat
1206 688 1537 747 Eustathius
1570 708 1585 748 :
1629 690 1721 745 'Ev
1760 692 1859 764 μὲν
1900 693 2018 756 τοῖς

435 782 569 852 ἑξῆς
595 783 939 853 ἀπομηνϊσαι
966 779 1059 836 τόν
1089 779 1342 854 Ἀχιλλέα
1362 785 1391 838 ό
1424 784 1659 858 ποιητὴς
1696 786 1833 859 ἐρεῖ,
1855 802 2017 839 τουτ-

435 880 588 933 έστιν
642 874 947 932 ἀποθέσθαι
993 876 1093 947 τὴν
1145 877 1344 953 μῆνιν
1383 877 1621 933 ἐνταῦθα
1655 875 1713 935 δὲ
1743 876 1915 933 εἰπὼν
1935 879 2018 933 ὅτι

437 975 499 1029 ἐν
541 974 764 1046 νήεσσιν
821 971 1004 1026 ἔκειτο
1057 970 1409 1044 ἀπομηνίσας
1478 969 1887 1044 Ἀγαμέμνονι,
1917 968 2017 1043 τὴν

436 1066 710 1139 ἐπιμονὴν
765 1064 923 1136 δη).οἳ
970 1056 1071 1137 τῆς
1115 1064 1359 1136 μήνιδος.
1401 1065 1600 1119 Κεῖται
1644 1063 1758 1139 γὰρ
1818 1064 1851 1135 ἡ
1905 1061 2019 1135 ἀπό

436 1158 707 1232 πρόθεσις
756 1156 929 1229 ἀργὴ,
960 1155 1038 1222 ὡς
1077 1156 1174 1210 καὶ
1220 1156 1311 1210 ὅτε
1355 1172 1441 1221 τις
1492 1155 1644 1226 λέγει
1691 1157 2019 1227 ἀπομνημο-

437 1234 618 1307 νεύειν
651 1253 898 1323 χάριτος,
931 1249 992 1317 ἐξ
1034 1242 1096 1305 οὗ
1129 1249 1305 1304 καὶτὸ
1334 1249 1835 1321 ἀπομνημόνευμα.
1862 1247 2020 1303 Οὕτω

436 1347 495 1402 δὲ
528 1346 624 1401 καὶ
643 1346 704 1401 τδ
753 1346 1002 1418 ἀπαντᾷν
1029 1344 1350 1421 ’ἀδιάφορον
1413 1344 1549 1417 πρὸς
1607 1343 1670 1399 τὸ
1714 1343 1904 1415 ἀντᾷν.
1953 1340 2019 1398 In

432 1439 867 1513 consequentibus
908 1438 1041 1495 dicet
1062 1437 1491 1512 poetaAchillem
1518 1437 1893 1510 ἀπομηνϊσαι,
1925 1437 2021 1493 hoc

434 1541 510 1587 est
538 1534 836 1605 deposuisse
851 1535 1012 1589 iram.
1037 1530 1138 1588 llic
1164 1549 1285 1588 vero
1302 1532 1476 1588 dicens
1501 1531 1641 1603 quod
1662 1530 1705 1585 is
1727 1530 1783 1586 in
1800 1530 2019 1586 navibus

426 1625 665 1696 jacuerit
718 1624 1065 1698 ἀπομηνίσας
1102 1624 1513 1697 Agamemnoni,
1565 1624 2019 1697 perseverantiam

431 1720 528 1776 irae
540 1720 827 1793 signiﬁcat.
840 1721 1144 1794 Prwpositio
1157 1722 1294 1777 enim
1309 1722 1414 1775 ἀπό
1429 1722 1509 1797 hic
1525 1723 1693 1777 otiosa
1695 1723 1867 1794 jacet,
1884 1722 2020 1779 sicut

432 1823 484 1868 et
507 1812 719 1884 quando
756 1815 872 1886 quis
903 1814 1030 1868 dicit
1072 1812 1552 1885 ἀπομνημονεύειν
1583 1814 1809 1886 χάριτος
1841 1828 2019 1869 recor-

434 1907 561 1963 dari
591 1923 647 1960 se
671 1907 891 1978 gratias;
919 1906 1057 1961 unde
1087 1913 1164 1961 est
1200 1915 1248 1960 et
1282 1922 1474 1960 nomen
1509 1905 2015 1978 ἀπομνημόνευμα.

432 1997 691 2070 Ejusdem
746 1998 931 2070 former
985 2016 1048 2053 ac
1094 1999 1326 2053 nationis
1372 1998 1588 2054 uerbum
1618 1999 1891 2071 ἀπαντᾷν,
1932 2014 2020 2054 oc-

433 2111 666 2160 currere,
694 2096 833 2151 idem
860 2094 1042 2151 valens
1075 2113 1138 2151 ac
1170 2096 1396 2168 simplex
1432 2098 1620 2170 ἀντᾷν,
1653 2105 1762 2154 etc.
1808 2096 2019 2155 Doctri-

434 2204 560 2245 nam
586 2186 751 2262 hujus
782 2188 1031 2260 magistri
1061 2188 1129 2244 ad
1162 2204 1277 2246 rem
1331 2205 1435 2262 ego
1492 2204 1669 2246 meam
1723 2192 2018 2249 conterens

433 2282 524 2338 aio
556 2282 614 2337 in
644 2282 753 2339 hoc
804 2291 998 2339 nostro
1050 2282 1223 2338 verbo
1273 2282 1757 2353 ἀποσκίμπτεσθαι
1807 2286 1868 2338 τὸ
1910 2283 2018 2339 ἀπό

432 2390 654 2445 vacare,
698 2385 757 2433 et
804 2375 951 2431 idem
999 2375 1183 2431 valere
1242 2375 1611 2446 compositum
1646 2390 1713 2432 ac
1759 2374 2013 2448 simplex,

366 2482 371 2487 '
418 2443 731 2539 ’σκίμπτειν
762 2468 1313 2539 καὶάποσκίμπτειν,
1338 2468 1446 2523 nisi
1494 2468 1542 2523 si
1583 2481 1748 2537 quam
1792 2468 2017 2541 majoris

429 2562 598 2635 662
645 2562 889 2634 impetus
933 2563 1242 2634 emphasim
1292 2561 1626 2633 compositio
1664 2561 1915 2635 adjiciat,
1958 2571 2018 2618 ut

430 2672 555 2713 cum
575 2655 945 2726 σκίμπτεσθαι
963 2655 1035 2715 sit
1056 2655 1237 2711 solum
1255 2651 1594 2719 ἐπιπίπτειν,
1612 2653 1864 2718 incidere,
1882 2655 2017 2709 ἁπο-

432 2743 806 2814 σκίμπτεσθαι
842 2744 915 2799 sit
947 2744 1305 2800 vehementer
1360 2742 1629 2811 incidere,
1667 2743 1775 2799 hoc
1816 2753 1923 2811 est,
1958 2753 2018 2800 ut

430 2835 724 2900 vertimus,
759 2832 917 2889 illidi.

515 2957 1101 3027 'Apuatogpvddmor,
1138 2973 1193 3030 p.
1232 2957 1357 3014 155.
1396 2957 1488 3011 Ἐν
1516 2955 1595 3029 τῷ
1632 2957 1804 3013 πάλαι
1829 2958 2017 3029 ἁρμα-

431 3053 767 3125 τοφυλακεφ.
793 3053 1069 3109 Nimirum
1100 3053 1156 3108 in
1182 3052 1355 3109 veteri
1378 3052 1836 3109 armamentario.
1858 3052 2016 3110 Unde

428 3146 833 3204 conﬁrmantur
887 3162 1009 3217 quas
1061 3147 1119 3203 in
1165 3145 1448 3203 Glossario
1480 3144 1657 3217 priori
1683 3144 1753 3202 de
1783 3144 2014 3202 notione

426 3240 583 3297 vocis
614 3241 770 3314 ἅρμα
818 3241 962 3312 apud
1010 3238 1233 3296 Graecos
1282 3240 1626 3311 posteriores
1662 3238 2012 3304 notavimus;

428 3333 639 3404 quibus
708 3332 853 3389 addo
911 3331 1291 3388 testimonium
1364 3340 1614 3387 veterum
1693 3330 2012 3387 Glossarum

428 3424 602 3490 luris,
632 3425 726 3482 ubi
751 3425 955 3496 legitur
979 3441 996 3482 :
1018 3426 1210 3496 ’Δρμα
1234 3424 1602 3496 παρ’Ἔλλησι
1622 3423 1721 3495 μιν
1738 3423 1800 3478 τὸ
1820 3422 2016 3493 (euro;

432 3519 596 3591 βοῶν,
627 3518 784 3591 παρὰ
813 3518 870 3572 δὲ
914 3518 1212 3590 Ῥωμαιοις
1258 3518 1361 3590 τὴν
1417 3517 1699 3589 καροῦχαν
1755 3518 2016 3588 σημαίνει

429 3615 531 3668 καὶ
555 3613 743 3668 ὅπλον.

506 3739 983 3811 Αὐπυιιστεῶνος
1038 3726 1286 3805 amula,
1344 3754 1397 3808 p.
1454 3737 1577 3792 196.
1624 3738 1744 3807 Agit
1778 3737 1845 3791 de
1883 3751 2015 3791 con-

432 3848 601 3889 cursu
634 3832 1011 3919 multigudinis
1039 3831 1278 3902 ingentis
1298 3847 1420 3902 qua:
1450 3831 1629 3887 forum
1657 3838 1751 3885 aut
1778 3831 2014 3901 plateam

434 3925 714 3997 propylzco
764 3923 951 3995 templi
981 3923 1039 3980 S.
1070 3922 1291 3995 Suphia:
1332 3923 1646 3995 contiguam
1692 3923 2016 3992 impleverat

435 4019 623 4075 studio
654 4017 897 4074 visenda:
930 4018 1276 4073 emremonize
1306 4016 1748 4085 inaugurationis
1778 4015 2012 4071 Michae-

431 4109 504 4165 lis
547 4124 576 4163 a
630 4118 784 4179 patre
829 4106 1148 4163 Andronico
1186 4107 1239 4161 in
1282 4108 1498 4177 imperii
1551 4107 1817 4176 collegam
1861 4120 2015 4160 assu-

431 4200 642 4267 mendi,
681 4210 737 4257 et
763 4199 1088 4256 solemnite'r
1118 4197 1443 4253 coronandi.
1480 4199 1524 4252 A
1555 4206 1888 4269 congregata
1921 4194 2012 4252 tali

431 4292 728 4349 occasione
755 4292 915 4347 turba
948 4290 1249 4349 confertam
1273 4289 1490 4361 stipatis
1518 4289 1846 4359 corporibus
1870 4297 1925 4343 et
1955 4303 2015 4343 se

430 4372 550 4441 arte
597 4383 1095 4455 comprimentibus
1127 4382 1299 4438 fuisse
1337 4383 1414 4437 ait
1456 4382 1878 4450 Αὐγουστεῶνος
1918 4380 2014 4433 αὑ.

430 4476 611 4540 λαίαν,
652 4475 816 4547 quod
882 4482 1179 4545 utrumque
1231 4474 1561 4529 vocabulum
1618 4473 2011 4528 declarandum

430 4577 538 4625 est.
560 4569 899 4637 incipiamus
924 4581 958 4620 a
987 4566 1179 4636 priori.
1209 4565 1333 4621 Non
1358 4566 1579 4620 videtur
1614 4564 1845 4619 dubium
1874 4565 2010 4635 quin

421 4658 795 4731 Αὐγουστεὼν
828 4658 1007 4714 furum
1037 4658 1108 4715 sit
1148 4658 1295 4714 idem
1329 4658 1476 4728 quod
1509 4658 1755 4714 Codinus
1792 4660 2009 4728 Παρεκ-

2126 4666 2310 4721 Romre
2367 4666 2733 4734 Δύγουστεῐον
2782 4678 2880 4732 per
2924 4680 2996 4728 ει,
3050 4661 3320 4716 nimirum
3360 4657 3501 4737 quod
3522 4656 3647 4712 hoca

430 4755 618 4818 ϐολαῖς
654 4753 785 4824 περὶ
812 4752 923 4807 τῶν
950 4751 1209 4824 πατρίων
1239 4751 1339 4823 τῆς
1370 4752 2010 4815 Κωνσταντινουπόλεως

431 4849 594 4903 docet
637 4858 894 4904 vocatum
928 4847 1101 4904 fuisse
1150 4846 1524 4915 Αὑγουσταῖον
1563 4860 1592 4899 a
1625 4844 2007 4908 Constantino,

430 4957 553 4997 cum
573 4953 732 4997 antea
758 4942 1092 5014 στρατήγιον
1108 4940 1409 4997 diceretur.
1431 4937 1611 4995 Verba
1630 4938 1826 4994 Codini
1844 4948 1973 4993 sunt
1994 4955 2010 4992 :

429 5035 490 5086 ὲν
537 5034 614 5106 τῷ
661 5031 1305 5107 στρατηγιῳλεγομὲνῳ
1360 5029 1544 5101 φόρῳί,
1594 5029 1723 5084 ἔνθα
1788 5030 1915 5082 ποτὲ
1963 5031 2011 5082 οἱ

430 5126 872 5197 στρατηγοῦντες
903 5128 1003 5190 τὰς
1022 5127 1191 5196 τιμὰς
1221 5124 1407 5178 αὐτῶν
1434 5124 1783 5195 ἀπεδέχοντο,
1818 5124 2011 5177 ἑαυτὸν

430 5222 526 5275 ἐπὶ
577 5220 787 5291 λιθίνης
838 5219 1119 5290 ἀνέγραψε
1171 5218 1497 5291 στήλης.....
1551 5219 1649 5271 καὶ
1702 5218 1795 5270 τδν
1845 5215 2011 5270 τόπον

429 5313 692 5368 ἐκάλεσεν
723 5314 1116 5366 Αὒνουσταῖον.
1166 5311 1229 5366 1η
1270 5312 1382 5382 {oro
1428 5312 1687 5383 stratrgio
1723 5311 1881 5373 dicto,
1925 5310 2012 5361 ubi

426 5406 692 5462 militares
773 5405 1121 5477 magistratus
1181 5394 1303 5458 suos
1363 5404 1583 5457 honores
1658 5403 2006 5474 accipiebant,

429 5517 585 5556 suam
616 5500 779 5571 ipsius
807 5505 1045 5553 statuam
1077 5498 1301 5567 lapidare
1340 5497 1599 5551 columnae
1642 5496 2008 5566 imposuit.....

431 5593 691 5651 stlocum
726 5595 1063 5663 Angustrrum
1107 5592 1423 5645 nominavit.
1474 5590 1550 5645 Ita
1583 5587 1829 5643 Codinus
1858 5589 2011 5659 juxta

430 5686 735 5742 editionem
764 5687 987 5757 ‘ieorgii
1011 5686 1209 5741 Douzre
1251 5701 1396 5739 anno
1430 5682 1587 5738 1596.
1615 5683 1791 5738 Aliter
1828 5694 2008 5736 tamen

427 5778 708 5847 eumdem,
755 5788 818 5835 ’,ιι
868 5786 1129 5850 apparet,
1189 5777 1371 5834 locum
1437 5774 1710 5831 Meursius
1766 5772 1848 5847 [P.
1883 5772 2007 5846 ιοι]

429 5872 650 5937 recitat,
706 5872 878 5927 verbo
930 5874 1257 5942 γουστεῖον,
1309 5886 1377 5925 ex
1431 5868 1626 5924 Codini
1690 5866 2010 5937 Originibus

429 5964 932 6037 ConstantinOpoiis
952 5965 1195 6023 referens
1220 5965 1399 6018 forum
1429 5961 1575 6018 istud
1612 5958 2008 6030 Αὐγουττεῶνα

2041 3300 2086 3360 c
2120 3287 2288 3359 τιμὴν
2332 3283 2607 3356 Τιϐερίου.
2644 3282 2750 3337 Τὸν
2787 3281 2844 3336 δὲ
2878 3281 3125 3335 τοιοῦτον
3166 3279 3338 3334 τόπον
3368 3279 3523 3343 οὕτως
3543 3278 3633 3333 ἑκά-

2120 703 2205 752 est
2256 695 2605 767 ὀψοπώλιοντ
2629 696 2705 756 De
2746 696 2871 752 i'oro
2902 695 3101 754 eodem
3132 697 3247 753 haec
3269 697 3421 763 habet
3457 701 3613 765 Proeo.

2119 787 2267 858 pius,
2322 786 2361 842 l.
2408 803 2448 854 ι,
2485 788 2561 842 De
2590 786 2846 855 rediﬁciis,
2877 802 2930 843 c.
2967 786 3002 842 2
3033 807 3049 844 :
3094 787 3297 861 ’Δγορά
3328 808 3407 856 τις
3443 792 3531 848 ἀπδ
3550 798 3618 854 τοῦ

2123 879 2510 952 βουλευτηρίου
2583 880 2887 950 ἐτύγχανεν
2933 879 3091 948 οὖσα,
3141 878 3361 937 καλοῦσι
3386 882 3437 937 δὲ
3460 885 3619 957 Αὑγου·

2122 971 2310 1025 σταῖον
2354 971 2456 1042 τὴν
2495 970 2706 1042 ἀγορὰν
2731 971 2781 1024 οἱ
2816 969 3133 1036 Βυζάντιοι.
3161 963 3277 1026 Hoc
3308 982 3385 1028 est
3420 991 3476 1029 ex
3498 978 3622 1036 inter-

2120 1064 2432 1134 pretatione
2464 1060 2698 1120 Maltreti
2731 1080 2745 1119 :
2775 1062 2884 1118 Pro
2940 1066 3093 1119 curia
3131 1062 3304 1135 forum
3344 1068 3440 1133 est,
3476 1072 3622 1128 dictum

2120 1152 2396 1226 Byzantiis
2439 1154 2808 1228 Augusta'um.
2862 1150 3057 1210 Fuisse
3104 1155 3213 1211 hoc
3264 1144 3465 1223 lorum,
3513 1165 3621 1233 quod

2121 1245 2475 1319 Pachymeris
2508 1249 2754 1303 narratio
2788 1247 2979 1318 exigit,
3004 1263 3177 1319 prope
3214 1246 3457 1320 templum
3480 1249 3528 1307 S.
3553 1250 3624 1310 So-

2120 1337 2286 1411 phim,
2314 1338 2582 1394 suadetur
2611 1350 2681 1395 ex
2710 1338 2778 1396 iis
2810 1354 2934 1409 quae
2958 1338 3155 1395 scribit
3187 1338 3378 1395 Petrus
3395 1338 3557 1399 Gillius
3576 1344 3625 1402 de

2120 1426 2363 1506 ‘l‘opogr.
2392 1432 2741 1490 Constantin.
2782 1434 2821 1490 Ι.
2853 1451 2915 1500 ιι,
2947 1450 2999 1491 c.
3034 1435 3122 1501 l7,
3168 1434 3260 1491 his
3288 1435 3459 1491 verbis
3487 1455 3499 1491 :
3531 1437 3625 1495 Pro-

2120 1529 2302 1590 copius
2351 1527 2525 1595 [orum
2559 1526 2702 1597 quod
2730 1520 3318 1597 Constantinopolitani
3350 1524 3622 1597 Augustum

2122 1616 2424 1681 nominant,
2455 1617 2698 1672 declarat
2743 1612 2869 1672 ante
2919 1617 3095 1688 regias
3139 1615 3302 1670 situm
3348 1615 3484 1685 {uisse
3518 1618 3624 1671 cols-

2123 1708 2260 1763 mnis
2301 1710 2708 1764 circumdatum.
2746 1709 2899 1766 Nunc
2936 1725 3128 1764 nomen
3168 1724 3275 1762 non
3314 1708 3454 1763 modo
3479 1710 3624 1777 amisit,

2120 1803 2213 1857 sed
2243 1817 2307 1857 ne
2334 1802 2513 1877 forum
2541 1803 2751 1875 quidem
2800 1810 3000 1865 exstat,
3038 1810 3209 1855 totum
3255 1800 3362 1870 fere
3391 1800 3625 1868 candiﬁcu-

2120 1898 2256 1950 tum.
2327 1891 2505 1966 Regia:
2561 1895 2762 1950 dudum
2806 1878 3021 1949 deleta:
3080 1900 3228 1948 sunt.
3285 1888 3456 1945 Fuisse
3497 1902 3625 1947 tamen

2120 1985 2462 2059 Augustarum
2512 1986 2602 2041 ubi
2646 2001 2789 2040 nunc
2829 1986 3069 2040 cernitur
3110 1976 3433 2055 aqua
3458 1983 3622 2050 saliens,

2122 2095 2227 2135 non
2265 2079 2419 2152 longe
2450 2080 2500 2135 ἀ
2529 2075 2739 2150 Sophia:
2776 2075 2977 2151 angulo
3016 2077 3088 2132 ad
3117 2070 3377 2133 Occasum
3421 2091 3624 2149 vergente,

2119 2187 2369 2245 assequar
2405 2188 2470 2226 ex
2494 2171 2761 2243 stylobata
2790 2169 2955 2243 paulo
2982 2179 3107 2225 ante
3134 2176 3382 2223 exstante
3430 2171 3627 2226 columna

2116 2256 2411 2322 Iustiniani
2447 2282 2481 2320 a
2528 2263 2707 2320 Turcis
2736 2262 2983 2328 sublata',
3014 2279 3176 2334 quam
3211 2260 3487 2334 Procopius
3508 2268 3631 2320 tradit

2116 2355 2481 2415 Iustinianum
2537 2356 2595 2410 in
2648 2355 2931 2427 Augustam
2974 2354 3126 2425 foro,
3178 2350 3495 2408 Zonarasin
3539 2357 3629 2409 aula

2119 2455 2244 2502 ante
2277 2445 2440 2502 adem
2475 2442 2685 2516 Sophia
2716 2444 2992 2500 excitasse.
3028 2440 3227 2499 Suidas
3258 2442 3400 2498 addit
3433 2441 3633 2500 Justinia-
3692 2466 3693 2516 ξ

2119 2556 2278 2607 num,
2331 2556 2448 2594 cum
2498 2538 2709 2611 Sophia:
2762 2537 3016 2610 templum
3041 2535 3393 2602 condidisset,
3438 2553 3632 2608 purgasse

2118 2633 2307 2687 aulam
2348 2641 2399 2687 et
2430 2647 2696 2688 marmore
2722 2632 2994 2698 strauisse,
3035 2629 3371 2701 appellatam
3401 2630 3530 2701 prius
3558 2630 3631 2685 As-

2117 2732 2378 2799 gustrrum
2426 2726 2626 2797 forum.
2676 2723 2960 2780 llacteuus
3003 2722 3224 2779 Gillius.
3281 2720 3466 2777 Suidas
3508 2720 3629 2776 verba

2117 2820 2429 2891 Αὔγουστος
2460 2818 2713 2875 meminit
2737 2816 3045 2887 ὀψοπωλίου
3093 2818 3175 2881 είς
3221 2816 3547 2885 αὑγουστείον
3568 2830 3631 2885 μεο
3692 2846 3693 2849 η

2116 2915 2571 2985 τωνομασμένου.
2606 2911 2716 2968 Sed
2759 2911 2985 2967 videtur
3015 2923 3178 2982 agere
3221 2908 3294 2966 de
3330 2909 3446 2964 loco
3482 2907 3630 2963 veteris
3692 2907 3693 2985 ξ

2119 3007 2308 3064 Romae
2350 3006 2432 3063 sic
2469 3006 2639 3073 dicto,
2674 3019 2875 3076 nempe
2926 3002 2997 3059 de
3045 3002 3167 3057 {oro
3207 3001 3459 3072 Augusti.
3500 2997 3631 3056 Verba

2120 3099 2242 3168 eius
2270 3108 2402 3155 sunt
2445 3117 2459 3154 :
2510 3098 2574 3153 Ol
2611 3096 2988 3168 ῥεγεωνάρχαι
3034 3093 3127 3149 καὶ
3161 3092 3631 3163 σεϐαστοφόραέχό-

2122 3208 2282 3266 ρευον
2317 3193 2375 3246 ὲν
2406 3190 2483 3262 τῷ
2522 3189 2895 3260 Αὐγουστειῳ,
2925 3181 3037 3241 οἷον
3079 3190 3136 3241 ὲν
3166 3186 3252 3257 τῷ
3288 3184 3633 3257 όψοπωλίῳ,εἱς

2118 3376 2287 3430 λεσαν
2336 3375 2446 3429 ἀπὺ
2493 3372 2589 3428 τοῦ
2640 3372 2980 3445 Αὐγούστου.
3014 3370 3091 3427 Ita
3149 3371 3388 3438 Suidas,
3434 3370 3635 3426 continue

2121 3468 2463 3541 subjungens
2495 3485 2508 3522 :
2538 3469 2775 3540 Ἔστησε
2807 3466 2864 3521 δὲ
2895 3469 2989 3521 καὶ
3018 3466 3262 3537 open;
3286 3464 3634 3523 Κωνσταντῖνος

2117 3564 2199 3625 εἰς
2232 3562 2295 3616 τὸ
2326 3561 2571 3625 ἀσκεπὲς
2605 3560 2707 3632 τῆς
2743 3560 2953 3631 δάφνης
2993 3559 3197 3630 στήλην
3234 3558 3336 3629 τῆς
3370 3555 3543 3611 ἑαυτοῦ
3566 3572 3638 3626 μην

2120 3655 2269 3726 τρὸς,
2301 3652 2361 3719 ἐξ
2391 3647 2459 3725 ἦς
2485 3653 2737 3725 ὠνόμασε
2776 3650 2867 3704 τὸν
2910 3651 3077 3705 τόπον
3108 3651 3493 3720 Δύγουστεῐον.
3523 3644 3639 3699 Forte

2116 3746 2235 3800 vult
2311 3736 2625 3818 signiﬁcare
2676 3744 3105 3801 Constantinum
3156 3741 3470 3798 studentem
3495 3751 3640 3793 novam

2118 3853 2283 3910 quam
2319 3839 2593 3895 condebat
2640 3838 2873 3894 Romam
2904 3836 3076 3891 veteri
3109 3851 3210 3907 per
3249 3834 3434 3890 omnia
3458 3830 3639 3888 similem

2119 3920 2338 3997 facere,
2385 3930 2488 3984 fori
2534 3929 2701 3985 etiam
2753 3928 3055 4000 Augustei.
3117 3927 3283 3999 cujus
3338 3925 3475 3995 apud
3539 3920 3642 3976 anti-

2118 4038 2281 4095 quam
2335 4020 2561 4077 Romam
2624 4018 2831 4076 dudum
2894 4020 2997 4074 visi
3056 4018 3432 4081 meminisset,
3472 4013 3643 4070 simula-

2118 4128 2274 4169 crum
2299 4112 2491 4168 eade‘m
2522 4113 2896 4184 appellatione
2922 4109 3171 4184 Byzantii
3209 4107 3641 4173 fccisse,etlocum
3692 4107 3693 4171 ξ

2118 4206 2274 4278 prius
2328 4206 2662 4278 Strategium
2712 4212 2991 4271 vocatum,
3017 4210 3206 4271 erecta
3242 4199 3324 4257 ibi
3357 4198 3534 4255 matris
3567 4208 3646 4250 sua

2119 4300 2379 4371 Augustae
2421 4308 2623 4364 statua,
2665 4297 3023 4368 Augustaeum
3087 4307 3462 4365 nuncupasse.
3512 4290 3644 4357 Atque

2118 4370 2250 4446 hinc
2293 4390 2433 4446 forte
2485 4389 2782 4462 repetenda
2836 4389 2979 4444 ratio
3019 4388 3190 4443 fuerit
3239 4403 3346 4444 cur
3375 4382 3646 4441 Codinuset

2119 4482 2422 4553 Procopius
2439 4481 2621 4538 forum
2655 4483 2759 4537 hoc
2784 4479 3463 4553 Constantinopolitauum
3490 4474 3647 4542 Αὐγουο

2123 4575 2308 4628 σταίον
2344 4588 2442 4644 per
2466 4590 2521 4625 αι
2553 4571 2817 4638 scribant,
2853 4571 3053 4628 Suidas
3084 4585 3218 4627 vero
3248 4568 3431 4625 forum
3463 4565 3647 4633 antiqua:
3692 4578 3693 4644 ξ

2122 4757 2346 4813 nomine
2389 4754 2740 4826 imperatoris
2782 4753 3024 4823 Augusti
3059 4751 3482 4825 appellationem
3540 4758 3649 4802 sum-

2122 4851 2317 4923 pserit,
2346 4865 2413 4904 ex
2443 4864 2553 4919 quo
2601 4849 2755 4921 juxta
2801 4846 3111 4917 analogiam
3166 4843 3399 4900 formari
3443 4837 3645 4898 debuerit

2122 4939 2465 5007 αὑγυστεῖον,
2486 4937 2626 4993 illud
2665 4952 2795 4991 vero
2820 4952 2890 4991 ex
2926 4938 3171 5006 Augusta
3203 4932 3413 4990 Helena
3448 4927 3647 4987 denomi-
3692 4934 3693 4985 Ὺ

2122 5040 2314 5087 natum
2358 5045 2484 5086 cum
2528 5047 2585 5085 αι
2616 5029 2779 5086 scribi
2811 5029 3086 5084 debuerit.
3135 5026 3273 5083 Utut
3300 5029 3395 5093 sit,
3435 5019 3650 5094 positam

2123 5126 2226 5180 hoc
2252 5123 2731 5193 Constantinopoli
2776 5131 2929 5178 tanto
2970 5122 3092 5177 foro
3127 5136 3157 5176 a
3192 5136 3398 5191 magno
3433 5116 3648 5173 Constan-

2124 5220 2240 5273 tino
2284 5226 2483 5288 praeter
2526 5216 2809 5288 propriam
2858 5225 3099 5272 statuam
3131 5215 3302 5270 etiam
3333 5211 3547 5271 alterius
3568 5213 3646 5260 sta.
3692 5234 3693 5241 η

2123 5322 2227 5366 tua:
2260 5309 2451 5364 matris
2480 5324 2593 5363 sum
2626 5308 2867 5369 Helenae.
2907 5307 3160 5363 meminit
3200 5319 3427 5376 quoque
3456 5298 3646 5356 Codiuus
3692 5348 3693 5355 η

2121 5403 2244 5460 loco
2296 5402 2551 5473 superius
2608 5400 2876 5466 indicato,
2919 5400 2975 5453 in
3022 5415 3135 5470 quo
3164 5399 3392 5453 videtur
3421 5387 3646 5451 successio

2125 5498 2386 5568 temporis
2418 5496 2609 5555 fuisse.
2639 5505 2694 5548 ut
2755 5494 2935 5564 primo
2967 5507 3123 5547 suam
3173 5501 3408 5546 matrem
3458 5488 3644 5541 honora-

2120 5590 2262 5646 verit
2311 5589 2608 5644 simulacro
2676 5586 2824 5641 illius
2870 5584 2983 5639 illic
3043 5592 3228 5640 erecto
3269 5594 3330 5637 et
3374 5587 3486 5636 loco
3524 5591 3577 5629 ex
3600 5584 3642 5625 ea
3692 5624 3693 5643 η

2122 5683 2424 5744 nominato,
2452 5678 2651 5734 deinde
2676 5677 2892 5746 signum
2928 5690 3148 5749 quoque
3174 5688 3231 5730 se
3257 5676 3434 5743 ipsum
3457 5670 3644 5724 referens

2124 5774 2328 5830 ibidem
2379 5781 2598 5828 exstare
2655 5770 2919 5825 voluerit.
2957 5769 3134 5826 Porro
3178 5771 3335 5839 lapsu
3387 5770 3639 5829 temporum
3692 5772 3693 5851 ἦ

2122 5864 2421 5920 inValuisse
2445 5873 2500 5917 ut
2519 5862 2679 5917 locus
2700 5860 2856 5932 prius
2884 5860 3067 5916 dictus
3090 5860 3268 5929 Ᾱύγου
3279 5858 3473 5918 σταῖον,
3492 5854 3638 5921 postea

2119 5965 2277 6012 aetate
2300 5956 2649 6030 Paehymuris
2674 5975 2685 5997 ι
2704 5955 2827 6028 ulgo
2855 5955 3190 6011 vocitaretur
3222 5945 3568 6018 Αὖγουσςεὼγ»
3591 5952 3639 5992 θλ
3692 5952 3693 5989 Ῡ
