3744 6554
512 443 622 507 727

504 557 726 628 aliquos
757 555 985 622 oli‘endi,
1037 555 1132 612 sed
1166 555 1238 611 ita
1277 570 1338 612 se
1372 555 1609 626 gessisse
1661 564 1721 612 ut
1755 571 1896 628 pene
1935 556 2088 612 vide-

404 685 414 700 ,
512 658 668 702 retur
696 647 765 702 de
795 646 1069 702 industria
1099 662 1347 718 quaerere
1391 662 1457 702 ac
1495 656 1717 718 captare
1764 648 2086 704 occasiones

509 738 824 795 oll'endendi
853 755 1016 795 omne
1045 756 1218 812 genus
1259 740 1566 808 hominum,
1613 757 1741 797 eum
1783 743 2088 814 αὐτοπροσ-

521 849 587 885 κο
607 832 782 901 πίτην
814 832 919 887 hoc
950 833 1072 888 loco
1107 842 1285 889 vocat.
1613 894 1616 898 _

577 927 905 994 Βλαχικόν,
941 942 993 995 p.
1027 926 1148 982 £06.
1167 927 1493 998 Congruunt
1522 946 1645 1001 qua
1671 931 1762 986 hic
1786 930 2086 1002 Pachyme-

509 1033 598 1074 res
627 1017 696 1074 de
741 1027 905 1090 gente
952 1019 1206 1076 Blachica
1246 1021 1459 1088 scribit,
1500 1038 1625 1078 cum
1667 1024 1736 1078 iis
1771 1039 1895 1094 qua:
1927 1025 2084 1094 prius

507 1113 664 1167 Anna
694 1110 974 1167 Comnena
1023 1113 1079 1168 in
1122 1113 1384 1171 Alexiade
1413 1115 1480 1171 de.
1511 1115 1730 1171 Blaehis
1761 1117 2083 1187 scripserat.

504 1205 544 1259 l.
571 1221 691 1272 vm,
723 1221 780 1277 p.
815 1206 922 1261 227
959 1224 974 1260 :
1003 1207 1113 1260 Kal.
1137 1207 1324 1262 ὁπόσοι
1351 1208 1443 1262 τὸν
1472 1209 1679 1280 νομάδα
1711 1209 1825 1280 βίον
1856 1210 2081 1274 εἴλοντο,

503 1297 743 1368 Βλάχους
781 1299 1056 1370 τούτουςὴ
1092 1300 1245 1372 κοινὴ
1293 1301 1480 1356 καὶιῖν
1521 1296 1629 1354 οἶδε
1667 1301 1972 1364 διάλεκτος.
2011 1301 2083 1356 De

502 1389 710 1460 quibus
727 1391 936 1460 juverit
951 1391 1139 1448 videre
1164 1409 1286 1463 quae
1309 1393 1364 1448 in
1383 1402 1573 1449 nostro
1598 1393 1875 1450 Glossario
1893 1394 2082 1465 prima

501 1481 785 1538 Alexiadis
811 1482 1046 1540 editioni
1076 1484 1372 1555 subjuncto
1399 1485 1614 1556 pridem
1668 1485 2078 1541 annotavimus.

573 1574 1130 1645 Βοηδρομιὼν..ισζιεί
1169 1593 1389 1648 semper
1419 1577 1550 1633 alibi
1583 1576 1948 1650 Pachymeres
1975 1577 2082 1633 hoc

500 1667 776 1724 vocabulo
807 1684 1053 1724 mensem
1086 1670 1327 1739 Aprilem
1364 1669 1590 1736 indicat,
1621 1678 1826 1732 tamen,
1851 1679 2080 1740 propter

500 1760 743 1815 rationes
780 1776 810 1816 a
845 1776 931 1817 me
975 1760 1013 1816 l.
1057 1777 1115 1816 ιιι
1151 1761 1361 1818 Obseru.
1395 1778 1446 1818 c.
1481 1763 1514 1819 6
1548 1779 1602 1817 n.
1635 1763 1690 1827 9,
1737 1763 1950 1827 allatas,
1980 1779 2077 1818 ne-

499 1853 745 1908 cessario
782 1852 1078 1910 dicendum
1125 1863 1210 1910 est
1253 1871 1404 1922 enim,
1448 1872 1504 1926 p.
1551 1856 1678 1920 525,
1713 1856 1816 1912 hoc
1855 1855 2076 1912 nomine

499 1945 817 2018 designasse
850 1947 1109 2004 Martium
1149 1964 1420 2006 mensem.
1457 1950 1571 2006 Nec
1600 1965 1803 2006 novum
1851 1959 1938 2006 est
1983 1967 2076 2006 va-

501 2037 650 2094 riare
702 2040 872 2112 666
921 2041 1076 2097 illum
1133 2043 1190 2098 in
1245 2044 1688 2101 nomenclatione
1742 2045 2015 2102 mensium
2059 2063 2073 2100 :

498 2129 626 2185 vide
662 2147 784 2202 qua:
827 2132 998 2189 verbo
1047 2135 1301 2206 Ληναιών
1326 2144 1383 2192 et
1424 2133 1594 2192 verbo
1625 2135 2076 2209 Μαιμακτηριών

499 2220 607 2276 hoc
637 2222 757 2292 ipso
781 2223 1060 2281 Glossario
1094 2237 1368 2283 notamus.

571 2315 853 2384 Βοῐιτζον,
893 2334 948 2389 p.
1003 2319 1134 2375 399.
1181 2320 1326 2388 Quid
1384 2321 1494 2377 sint
1538 2323 1644 2379 hoc
1690 2323 1815 2379 loco
1871 2323 2072 2395 βοῦτξα

495 2410 785 2480 quaeritur.
818 2411 957 2468 Puto
1007 2413 1148 2468 idem
1173 2415 1320 2484 quod
1350 2415 1574 2486 βουτξαι
1613 2427 1670 2473 et
1702 2418 1947 2488 βουτζία.
1975 2433 2073 2474 vo-

497 2502 688 2557 cabula
713 2501 921 2557 dudum
945 2505 1214 2574 explicata
1252 2522 1281 2561 a
1335 2507 1598 2575 Meursio,
1628 2508 1778 2566 dolia
1812 2508 2072 2566 videlicet

497 2593 711 2650 vinaria
740 2595 918 2666 lignea
947 2597 1202 2662 rotunda,
1233 2599 1479 2668 qualium
1527 2601 1740 2672 liquore
1769 2619 2068 2659 vacuorum

496 2696 555 2741 et
581 2696 726 2742 terra
758 2689 1104 2759 oppletorum
1151 2708 1303 2762 usus
1330 2702 1416 2748 est
1461 2694 1721 2764 frequens
1768 2696 1823 2752 in
1868 2697 2070 2753 subitis

495 2776 994 2847 ohvallationihus;
1049 2798 1188 2853 quas
1231 2784 1370 2840 Galli
1419 2785 1582 2842 hodie
1628 2787 1930 2844 barricades
1977 2805 2070 2844 vo-

497 2878 645 2930 cant,
673 2871 802 2941 quia
848 2872 995 2928 dolia
1048 2876 1262 2930 vinaria
1316 2877 1574 2943 barritus,
1612 2881 1749 2944 sive,
1782 2889 1844 2936 nt
1887 2883 2070 2938 solent

496 2961 765 3029 scribere,
799 2964 1092 3036 δατ-νίψω,
1119 2970 1418 3038 appellant.
1445 2971 1596 3028 italis
1617 2973 1886 3044 ejusmodi
1921 2974 2068 3029 dolia

495 3054 638 3108 boue
666 3054 950 3120 dicuntur,
982 3073 1116 3114 voce
1143 3062 1379 3131 pro-pius
1439 3063 1736 3119 accedente
1766 3064 1835 3120 ad
1869 3081 2064 3120 sonum

495 3147 658 3213 butzi,
692 3148 853 3218 cujus
894 3149 1262 3221 significatum
1315 3153 1530 3210 obtinet
1556 3164 1613 3211 et
1650 3155 1881 3212 fortasse
1911 3157 2066 3229 origo

493 3249 601 3293 est.

568 3335 819 3402 l‘vabc
839 3335 1062 3405 ἀγκών,
1091 3354 1144 3408 p.
1176 3340 1330 3396 “.ln
1360 3341 1526 3410 hujus
1553 3342 1904 3398 enarratione
1938 3343 2067 3397 ada-

493 3423 566 3493 gii
609 3424 882 3482 dissident
935 3428 1170 3485 invicem
1216 3433 1557 3502 grammatici
1597 3435 1890 3490 sententiis
1933 3450 2067 3490 con-

494 3515 660 3570 trarie
692 3518 1022 3575 commissis.
1059 3520 1334 3577 Zenobius
1358 3533 1509 3580 cent.
1543 3526 1598 3591 2,
1636 3541 1691 3580 ιι.
1729 3525 1817 3588 92,
1851 3525 2067 3596 Anony-

494 3619 620 3660 mus
649 3605 976 3666 Vaticanus.
1001 3620 1148 3666 cent.
1180 3613 1201 3667 i
1239 3629 1296 3669 ιι.
1331 3615 1420 3672 55.
1473 3616 1797 3674 Eustathius
1826 3617 1910 3691 [Ρ.
1937 3617 2062 3692 ιδη

491 3699 559 3753 ad
585 3697 748 3754 Iliad.
781 3717 834 3766 κ,
873 3718 926 3772 p.
959 3704 1052 3759 79!
1074 3706 1171 3762 ed.
1207 3707 1348 3762 Rom
1377 3748 1393 3775 ,
1417 3711 1761 3766 contendunt
1789 3727 1888 3782 per
1920 3714 2065 3768 anti-

493 3789 738 3858 phrasim
772 3791 880 3849 dici
908 3795 976 3850 de
1007 3812 1066 3852 re
1106 3799 1361 3856 molesta.
1402 3799 1604 3857 Suidas
1634 3813 1826 3859 contra
1851 3805 2064 3875 judicat

489 3891 638 3937 cent.
668 3883 723 3950 ι,
756 3900 812 3939 n.
837 3885 925 3951 94,
956 3887 1038 3942 sic
1075 3890 1222 3944 enim
1253 3892 1451 3948 scribit
1483 3911 1498 3948 :
1538 3895 1747 3959 Γλυκὺς
1778 3897 1966 3965 ἀγκὼν
1999 3899 2062 3952 οὐ

493 3975 619 4031 κατ’
654 3978 1028 4049 ἑναντίωτινή
1065 3985 1358 4054 παροιμία.
1420 3986 1582 4041 Ἀλλὰ
1633 3987 1961 4059 βουλόμενος
1988 3994 2064 4046 el-

491 4068 639 4130 πεῐν,
673 4061 721 4136 ᾧ
746 4069 954 4138 γλυκέα
1005 4073 1112 4145 ἤθη
1171 4077 1445 4146 ἐχρήσατο
1505 4077 1728 4134 Πλάτων
1754 4081 1782 4133 δ
1816 4082 2059 4152 κωμικὸς

491 4163 553 4213 ἐν
580 4163 658 4232 τῷ
678 4163 878 4220 Φάωνι..
915 4166 1096 4237 Γέρων
1141 4167 1186 4220 δ’
1216 4169 1364 4240 αὑτῷ
1393 4170 1684 4227 ὑπόκειται.
1724 4173 1866 4245 ἱρῶν
1897 4176 2062 4245 αὐλη-

489 4254 691 4322 τρίδος,
726 4248 770 4324 ᾧ
797 4259 1036 4326 χρυσοῦν
1069 4260 1326 4330 ἁνάδημα
1353 4305 1365 4315 .
1391 4301 1404 4315 .
1429 4303 1443 4318 .
1462 4303 1476 4317 .
1512 4258 1557 4317 ὦ
1591 4265 1797 4333 γλυκὺς
1847 4269 2056 4336 ἀγκών.

489 4346 674 4404 Suida:
715 4349 1084 4422 Pachymeres
1127 4356 1396 4413 accedens
1443 4357 1657 4414 facilem
1717 4361 1782 4416 ad
1841 4363 2060 4432 quidvis

489 4440 668 4496 cuivis
719 4442 1140 4513 gratiﬁcandum
1199 4447 1461 4521 Ctzyleni
1511 4452 1756 4525 episcopi
1811 4458 2056 4512 animum

489 4531 594 4588 hac
619 4533 855 4589 formula
879 4539 1172 4605 expressit.

559 4625 772 4716 Δεξεις,
840 4644 898 4697 p.
946 4630 1074 4686 524.
1121 4633 1264 4716 Quid
1317 4635 1391 4690 sit
1443 4637 1544 4691 hoc
1583 4639 1703 4693 loco
1737 4639 1924 4703 δεῖξις.
1961 4641 2055 4696 diu

487 4714 734 4783 quaesivi.
769 4716 882 4773 Nec
911 4720 1154 4790 vulgaris
1179 4714 1337 4778 notio
1361 4727 1694 4782 ostensionis
1737 4730 1826 4784 vel
1871 4741 2056 4787 osten-

488 4809 853 4874 tationis,nec
879 4813 1174 4881 peculiaris
1194 4829 1358 4884 quam
1382 4824 1535 4872 notat
1565 4818 2056 4888 Plutarchus,Con-

488 4899 748 4955 nivalium
767 4919 1069 4958 sermonum
1100 4905 1140 4958 l.
1159 4920 1279 4972 vnn,
1297 4915 1492 4975 quaest.
1513 4908 1602 4975 l5,
1624 4910 1829 4968 docens
1854 4915 1933 4970 sic
1956 4903 2055 4970 vo-

487 4993 602 5048 cari
629 4994 868 5062 speciem
917 5004 1014 5050 aut
1043 5005 1256 5067 partem
1304 5001 1596 5069 quamdam
1627 5004 1908 5076 ὀρχήσεως
1940 5010 2055 5063 sal-

489 5085 840 5149 tutionis,huc
860 5087 1158 5158 quidquam
1180 5089 1720 5166 faciunt;Aliqnando
1741 5101 2057 5171 suspicabar

489 5177 658 5243 δεῖξιν
686 5188 941 5236 vocatum
964 5196 1214 5252 campum
1244 5187 1537 5255 quemdam
1567 5191 1943 5250 suburbanum
1964 5212 2057 5252 ur-

489 5270 543 5322 hi
565 5269 941 5342 Adrianopoli,
975 5271 1027 5326 in
1057 5289 1164 5343 qua
1187 5284 1318 5332 tunc
1340 5277 1718 5337 diversahatur
1755 5283 2054 5355 imperator

490 5361 744 5429 Michael,
791 5365 1120 5428 exercitum,
1171 5376 1230 5422 nt
1275 5371 1416 5425 solet
1451 5371 1590 5438 fieri,
1633 5374 1687 5428 in
1725 5377 1922 5432 castris
1951 5377 2052 5432 ha-

492 5453 626 5507 bens
649 5452 986 5510 suburbanis
1019 5455 1142 5511 loco
1168 5459 1333 5526 δεῖξις
1361 5472 1554 5517 vocato
1589 5466 1805 5535 positis,
1833 5468 1898 5522 ad
1931 5484 2052 5539 qua:

485 5561 544 5601 se
574 5546 668 5601 ille
693 5557 807 5603 tum
829 5548 972 5605 forte
1007 5551 1334 5608 contulisset
1368 5571 1490 5609 cum
1521 5559 1803 5616 nuntiatus
1836 5570 1919 5616 cst
1953 5563 2046 5617 ad-

485 5649 684 5694 ventus
715 5639 969 5697 Caasaris.
1007 5643 1120 5698 Nec
1155 5645 1448 5700 abludcret
1481 5664 1611 5704 usus
1648 5653 2051 5722 prepositionis

482 5730 606 5797 ἀνὰ,
640 5747 763 5802 qua:
787 5747 931 5802 saepe
959 5737 1249 5805 mquivalct
1279 5737 1486 5793 Latina:
1515 5758 1627 5810 per,
1659 5754 1713 5798 et
1742 5746 1921 5801 locum
1955 5763 2052 5816 per

480 5839 644 5892 quem
689 5824 802 5878 itur
831 5825 1078 5881 denotat.
1117 5827 1208 5882 Sic
1256 5829 1527 5886 Homerus
1558 5834 1722 5888 habet
1761 5838 1937 5892 Ὀδυσ.
1974 5840 2001 5906 ξ
2033 5858 2045 5893 :

479 5913 659 5986 χῶρον
700 5918 783 5971 ἀν’
833 5919 1088 5990 ὑλήεντα,
1141 5941 1233 5994 per
1283 5924 1448 5981 locum
1503 5927 1867 6000 sylvowm,ct
1919 5934 2045 5989 alibi

1427 445 1491 507 P.
1535 444 1837 506 POSSINI
1877 443 2530 507 OBSERVATIONUM
2571 444 2719 507 LIB.
2757 442 2813 504 Ι.

3594 451 3664 514 πει

2118 561 2162 616 Α
2192 554 2294 608 ἀνά
2327 553 2580 625 στρατόν,
2614 571 2708 624 per
2749 553 3055 610 exercitum.
3091 550 3331 608 Aliorum
3360 568 3546 625 quoque
3567 566 3666 618 mi-

2188 654 2410 716 ptorum
2443 646 2802 701 classicorum
2854 644 3169 702 testimonia
3215 644 3266 700 in
3316 657 3558 718 promptu.
3593 652 3665 710 Sed

2190 737 2352 806 figere
2405 737 2731 792 sententiam
2784 736 2840 790 in
2898 736 3216 806 conjectura
3268 751 3407 790 mera
3453 754 3544 794 non
3583 757 3665 799 sum

2187 843 2376 894 ausus,
2417 828 2596 884 donec
2627 829 2936 884 auctoritas
2962 843 3051 884 me
3093 828 3316 884 doceret
3338 829 3511 885 idonea
3536 833 3664 890 locum

2187 919 2262 974 ita
2312 920 2658 976 nominatum
2707 936 2882 991 prope
2929 920 3342 990 Adrianopolim
3373 921 3536 978 fuisse.
3569 926 3665 984 lllud

2187 1006 2245 1059 in
2276 1005 2381 1085 hoc
2418 1006 2585 1061 dubio
2611 1008 2761 1078 quod
2792 1009 2978 1065 minus
3021 1009 3447 1093 inverisimiliter
3473 1027 3668 1084 sequerer

2184 1113 2244 1154 se
2277 1114 2451 1153 unum
2491 1100 2713 1166 obtulit,
2753 1110 3018 1156 novatum
3057 1101 3113 1156 in
3148 1117 3250 1156 usu
3279 1102 3421 1157 vocis
3453 1104 3583 1175 hujus
3607 1106 3667 1164 hic

2173 1189 2392 1260 «aliquid
2443 1206 2744 1262 agnoscere
2792 1207 2860 1247 ex
2907 1193 3279 1264 posteriorum
3322 1195 3525 1252 militari
3547 1199 3667 1255 disci~

2184 1278 2331 1350 plina
2393 1269 2726 1351 temporum.
2779 1281 2986 1352 Nempe
3025 1281 3245 1346 Franci,
3301 1284 3391 1352 qui
3435 1297 3517 1353 per
3538 1286 3666 1342 Asiam

2185 1368 2328 1422 sacri
2356 1368 2486 1424 belli
2513 1385 2678 1426 causa
2707 1369 2800 1424 diu
2831 1370 3227 1432 militaverant,
3261 1385 3455 1426 census
3475 1374 3664 1440 militum,

2182 1460 2374 1530 quales
2401 1461 2637 1517 maxime
2677 1462 3070 1518 solvendorum
3105 1463 3307 1535 cuique
3347 1465 3664 1534 stipendiorum

2181 1551 2474 1608 occasione
2511 1567 2540 1607 a
2583 1551 2724 1610 duce
2762 1553 2881 1623 ipso
2919 1568 3180 1622 supremo
3212 1569 3338 1624 rege
3370 1563 3458 1609 aut
3495 1556 3665 1627 impen-

2182 1646 2302 1695 tore
2351 1641 2730 1708 celebrantur,
2759 1653 2990 1698 montres
3025 1644 3305 1716 hodieque
3344 1656 3538 1711 vocant,
3558 1654 3663 1720 quasi

2181 1728 2398 1786 diceres
2453 1734 2793 1798 oatemiones,
2855 1735 3059 1804 quibus
3105 1735 3320 1790 scilicet
3361 1741 3664 1809 unusquisque

2180 1822 2414 1878 militum
2455 1823 2524 1878 ad
2565 1840 2771 1881 nomen
2797 1826 3000 1882 citatus
3032 1842 3092 1882 se
3128 1827 3369 1883 ostendit
3395 1837 3538 1899 atque
3557 1833 3664 1888 exhi-

2177 1911 2290 1967 bet.
2325 1912 2668 1970 Manifestum
2699 1929 2882 1972 autem
2909 1928 3014 1982 est,
3050 1919 3096 1973 si
3121 1919 3244 1990 quis
3273 1935 3452 1976 vocem
3476 1920 3664 1979 Gallicam

2179 2015 2384 2059 montre
2411 2005 2603 2063 Graeco
2646 2008 2917 2064 vocabulo
2955 2009 3090 2064 velit
3143 2005 3395 2074 reddere,
3438 2027 3532 2066 non
3565 2015 3664 2069 aliud

2174 2093 2358 2164 aptius
2391 2105 2737 2166 reperturum
2761 2099 2926 2170 667
2965 2100 3187 2154 nomine
3220 2100 3405 2167 δεῖξις.
3429 2101 3521 2158 lies
3540 2114 3665 2161 autem

2175 2183 2289 2253 ipsa
2317 2187 2617 2241 narrationi
2662 2189 2944 2258 aptissime
2983 2189 3258 2260 congruit,
3295 2199 3356 2245 nt
3383 2191 3666 2259 dicstur,im-

2173 2280 2484 2343 peratorem
2515 2291 2580 2331 ex
2614 2276 2750 2334 urbe
2782 2277 2839 2332 in
2871 2278 3051 2334 vicina
3075 2287 3254 2335 castra
3274 2295 3462 2338 census
3481 2284 3665 2340 militarit

2172 2373 2229 2420 et
2261 2365 2556 2422 solutionis
2588 2368 2992 2439 stipendiorum
3022 2386 3189 2428 causa
3215 2373 3497 2443 prodiisse.
3533 2375 3663 2446 ibique

2175 2470 2454 2528 repertum
2497 2476 2622 2515 cum
2651 2461 2703 2517 ei
2746 2463 3036 2520 nuntiatus
3059 2479 3319 2522 accessus
3345 2466 3412 2521 ad
3434 2482 3541 2522 eum
3579 2474 3663 2524 non

2171 2555 2257 2600 est
2283 2545 2534 2603 Cmsaris.

2243 2635 2654 2703 Δεφενδεύειν,
2715 2655 2770 2708 p.
2817 2640 2943 2695 175.
2993 2641 3354 2711 Δεφενδεύειν
3423 2644 3562 2715 plane
3597 2663 3663 2717 pro
3716 2661 3717 2664 ‘

2172 2723 2327 2790 tueri,
2371 2738 2663 2798 protegere,
2695 2730 2976 2800 defendere
3017 2735 3271 2803 ponitur.
3305 2735 3413 2790 Nec
3450 2753 3572 2792 nunc
3592 2741 3665 2807 pri-
3716 2755 3717 2764 η

2171 2829 2319 2869 mum
2369 2817 2472 2871 hoc
2529 2819 2760 2874 verbum
2806 2836 2837 2875 ο
2887 2822 3047 2878 Latio
3094 2825 3302 2880 transit
3344 2825 3397 2880 in
3436 2825 3662 2883 llelladem.

2168 2902 2376 2961 Glossae
2421 2906 2782 2965 Basilicarum
2815 2911 3198 2982 διφενδεύεται
3237 2914 3507 2984 explicant
3533 2915 3662 2980 ὲξκου·

2171 2996 2410 3059 σεύετιι.
2443 2999 2762 3056 ἐκδικεϊται.
2797 3001 2903 3057 Sed
2944 3002 3062 3058 haec
3085 3002 3340 3059 defensio
3361 3005 3664 3076 judicialisest

2169 3097 2524 3157 patronorum
2573 3100 2669 3147 ant
2706 3093 3100 3149 advocatorum
3153 3111 3286 3152 reos
3326 3099 3658 3161 excusandum,

2168 3191 2264 3236 aut
2293 3182 2360 3237 ah
2386 3181 2453 3237 iis
2478 3183 2708 3240 crimina
2743 3186 2955 3257 objecta
2995 3187 3304 3244 refellendo
3325 3189 3662 3260 depellentiutn.
3716 3191 3717 3210 ‘

2093 3245 2136 3302 θ
2168 3271 2336 3342 Magis
2350 3273 2459 3328 huc
2477 3273 2607 3328 facit
2628 3245 2960 3332 declaratum
2982 3279 3175 3334 iisdem
3199 3245 3662 3359 glossislvocabulum

2164 3364 2504 3438 δεφένσωρες
2532 3367 2586 3421 in
2609 3367 2757 3424 hunc
2783 3370 3006 3425 modum
3038 3389 3050 3427 :
3077 3373 3140 3425 Ol
3177 3373 3326 3444 μετὰ
3341 3376 3458 3438 τοὺς
3482 3376 3662 3446 κουρσῶ·

2167 3471 2264 3525 ρας
2290 3455 2410 3526 ἤτοι
2440 3459 2756 3527 προμάχους
2781 3459 3276 3525 ἐπακολουθοῦντες
3306 3463 3436 3532 πρὸς
3458 3463 3664 3531 ἐκδίκησιν

2165 3547 2368 3601 αὐτῶν.
2409 3534 2593 3604 Utitur
2640 3557 2698 3604 et
2742 3549 2874 3605 alibi
2925 3562 3116 3607 noster
3159 3553 3271 3609 hoc
3319 3554 3498 3620 verbo,
3525 3569 3663 3624 nempe

2165 3634 2205 3689 l.
2243 3650 2324 3702 Ill,
2360 3651 2413 3691 c.
2445 3636 2511 3691 18
2537 3637 2640 3694 sub
2673 3637 2858 3703 linem.
2889 3642 2968 3697 sic
2998 3643 3252 3699 scribens
3281 3662 3295 3700 :
3327 3647 3433 3698 Καὶ
3475 3647 3566 3713 γὰρ
3603 3647 3662 3697 καὶ

2164 3728 2266 3790 τὰς
2311 3729 2419 3783 τῶν
2470 3730 2685 3784 Ἰταλῶν
2741 3732 2988 3804 (οἰκίας)
3025 3734 3202 3805 χρεὼν
3254 3732 3326 3807 ἦν
3371 3737 3659 3805 δεφινδεύειν.

2169 3817 2378 3873 Etenim
2412 3830 2464 3875 et
2491 3823 2670 3877 domos
2707 3821 2976 3879 Italorum
3030 3827 3312 3896 defendere
3366 3828 3662 3900 imperatam:
3716 3817 3717 3884 l

2167 3911 2464 3979 Oportebat.
2521 3911 2626 3967 hoc
2662 3921 2768 3980 est,
2804 3914 2872 3969 ah
2909 3914 3108 3987 injuria
3163 3928 3317 3974 tutas
3352 3930 3594 3989 pncstare,
3628 3929 3662 3973 et
3716 3917 3717 3954 ξ

2166 4001 2448 4059 vindicare
2475 4004 2520 4059 si
2551 4005 2684 4075 quid
2711 4006 2908 4063 fuisset
2952 4008 3006 4063 in
3037 4025 3132 4065 eas
3161 4022 3357 4067 contra
3386 4014 3470 4084 jus
3493 4011 3660 4066 factum.
3716 4025 3717 4040 ξ

2167 4094 2294 4162 Agit
2347 4095 2416 4150 de
2462 4095 2718 4152 domibus
2759 4097 3136 4156 Genuensium
3202 4102 3407 4159 Galatae
3459 4105 3664 4175 permissu

2166 4187 2518 4257 imperatoris
2548 4188 2950 4257 habitantium;
2980 4207 3119 4262 quas
3146 4210 3274 4250 cum
3301 4197 3482 4252 Veneti
3508 4197 3662 4250 ﬂamma

2165 4279 2364 4350 injecta
2418 4281 2816 4350 corrupissent,
2866 4284 3036 4338 multa
3084 4285 3152 4340 iis
3202 4303 3305 4356 per
3346 4287 3660 4357 imperatorem

2165 4374 2368 4431 indicta
2405 4378 2662 4431 damnum
2707 4393 2965 4448 reparare
2995 4388 3124 4435 sunt
3149 4383 3440 4452 compulsi.

2234 4467 2316 4539 [P.
2350 4467 2477 4540 468]
2522 4471 2975 4540 Διακινήσιμος.
3019 4487 3070 4542 p.
3107 4472 3197 4529 50.
3238 4474 3320 4545 Τῇ
3355 4474 3457 4544 γὰρ
3493 4472 3662 4540 δευτέρᾳ

2092 4580 2134 4634 ο
2163 4559 2455 4629 ἑδδομάδος
2489 4560 2628 4630 μετὰ
2657 4561 2758 4632 τὴν
2793 4563 3189 4634 ἁναστᾶισιμον,
3221 4565 3289 4630 ἦν
3331 4565 3395 4636 δὴ
3434 4566 3515 4618 καὶ
3540 4565 3664 4616 διικι-
3716 4569 3717 4636 ς

2165 4652 2395 4722 νήσιμον
2426 4641 2694 4722 λέγουσιν.
2733 4643 3045 4727 Legebatur
3075 4657 3130 4712 in
3164 4674 3267 4714 ms.
3300 4659 3562 4721 mendose,
3583 4654 3662 4722 opi-
3716 4649 3717 4727 ἲ

2164 4759 2287 4808 nor,
2324 4747 2424 4816 τῆς
2452 4745 2560 4817 γὰρ
2606 4747 2888 4819 δευτέρας,
2935 4751 3090 4819 quasi
3144 4751 3444 4807 referretur
3475 4751 3532 4805 ad
3555 4750 3662 4802 ἐδεηο

2165 4836 2351 4905 μάδος.
2383 4837 2538 4903 Quod
2569 4855 2599 4893 a
2631 4849 2783 4895 recto
2827 4840 3049 4896 aberrat
3082 4859 3095 4897 :
3127 4858 3236 4897 non
3277 4844 3423 4896 enim
3471 4837 3660 4898 meminit
3716 4841 3717 4846 ‘

2103 1891 2150 1952 Β

2160 4925 2418 4980 secundae
2446 4928 2751 4998 cujuspiam
2800 4929 3181 4996 hebdomadis,
3214 4930 3312 4987 sed
3354 4932 3494 4986 feriat
3515 4945 3660 4985 secun-

2158 5016 2242 5073 da:
2275 5019 2642 5075 hebdomadis
2664 5022 2966 5085 Paschalis.
2998 5039 3122 5093 qua:
3167 5025 3328 5080 feria.
3351 5025 3487 5080 diem
3527 5035 3660 5076 resur-

2159 5111 2423 5166 rectionis
2447 5112 2662 5167 Domini
2687 5113 2905 5183 ἁμέσως
2929 5115 3203 5186 sequitur,
3229 5116 3301 5170 ita
3329 5125 3386 5170 ut
3419 5116 3468 5170 in
3488 5114 3660 5180 δευτέρᾳ

2159 5202 2496 5272 intelligatur
2536 5204 2743 5274 ἡμέρᾳ,
2792 5214 2848 5259 et
2870 5203 3022 5274 [dum
3068 5206 3168 5278 τὴν
3210 5209 3558 5274 ἀναστάσιμον
3589 5217 3657 5270 ap-

2155 5293 2348 5361 pellat,
2387 5309 2498 5348 non
2526 5296 2795 5365 ἑὸδομάδα
2825 5296 3222 5367 subintelligat,
3254 5298 3348 5352 sed
3381 5297 3571 5367 ἡμέραν
3593 5299 3658 5346 aut

2155 5384 2373 5454 ἑορτὴν,
2413 5384 2518 5440 hoc
2555 5395 2639 5440 est
2672 5386 3004 5442 dominicam
3040 5389 3213 5458 ipsam
3267 5389 3496 5451 Paschm,
3537 5400 3655 5455 quam

2154 5476 2448 5532 Vaticanus
2511 5477 2896 5547 paraphrastes
2942 5489 3102 5535 vocat
3151 5480 3258 5535 hoc
3287 5479 3405 5534 loco
3442 5474 3654 5546 κυριακὴν

2154 5572 2302 5636 νέαν,
2358 5572 2504 5626 diem
2549 5573 2807 5628 nimirum
2845 5591 3009 5644 quam
3057 5574 3188 5631 fecit
3222 5577 3494 5631 Dominus.
3520 5567 3648 5626 Gra'ci

2151 5666 2297 5718 enim
2354 5665 2753 5722 hebdomadem
2795 5682 2916 5736 quae
2963 5669 3159 5739 incipit
3203 5684 3233 5722 a
3274 5667 3362 5723 die
3403 5665 3562 5722 statim
3592 5676 3654 5714 sc-

2155 5767 2358 5824 quentc
2382 5758 2526 5813 diem
2560 5758 2805 5823 PasChw,
2837 5761 2936 5829 τὴν
2963 5759 3345 5833 διακινήσιμον
3373 5762 3649 5823 nuncupant.

2155 5849 2235 5900 uti
2261 5857 2315 5901 et
2336 5864 2454 5902 eam
2485 5865 2607 5918 qua:
2637 5851 2929 5906 inchoatur
2958 5853 3222 5926 postridie
3259 5863 3455 5906 octava:
3482 5845 3650 5903 Pasch!

2150 5942 2437 5995 nominant
2482 5941 2748 6012 ἑϐδομάδα
2796 5944 2888 5997 τοῦ
2940 5947 3128 6017 Eloqui,
3182 5944 3320 6017 quod
3354 5943 3424 6000 illi
3461 5949 3645 6011 Quoquo.
