3856 6586
215 473 317 538 729

1571 476 2095 540 GLOSSARIUM.

3358 478 3468 542 730

212 603 271 648 ut
303 590 511 660 Latini,
542 593 593 648 in
630 592 796 651 missa
839 602 1049 651 octavae
1092 594 1319 652 Paschae
1349 594 1586 651 recitem
1621 610 1789 651 evan-
1819 601 1961 658 A‘cx
2000 595 2160 666 equis
2189 592 2394 648 milites
2437 591 2721 664 colligant,
2771 600 3048 660 recreent,
3077 591 3373 664 deportent
3421 595 3480 650 in

211 687 406 758 gelium
443 686 502 742 in
531 701 641 758 quo
669 697 927 742 narratur
975 687 1200 742 Thomas
1229 686 1469 758 apostoli
1506 684 1790 742 correctio

207 791 261 838 et
312 779 624 847 confessio;
681 781 842 852 cujus
899 779 1264 838 hebdomadas
1325 779 1550 835 Thomas
1586 778 1643 834 in
1685 777 1792 834 hac

207 888 422 944 quoque
475 881 662 928 nostra
717 872 950 928 historia
1014 871 1075 928 fit
1115 871 1349 936 mentio,
1402 872 1438 926 Ι.
1484 885 1560 936 vr,
1595 885 1645 926 c.
1697 869 1787 934 15,

207 974 346 1031 reae
378 963 654 1035 siquidem
707 963 946 1020 Jacobus
993 964 1140 1022 Goar
1171 963 1237 1021 Ο.
1267 965 1329 1020 Ρ.
1360 963 1414 1018 in
1452 959 1790 1034 Euchologio

208 1075 260 1131 p.
302 1058 408 1113 953
458 1057 576 1114 haec
637 1058 804 1114 verba
846 1062 938 1130 τῇ-
973 1058 1202 1130 πέμπτῃ
1249 1057 1350 1126 τῆς
1403 1055 1789 1124 διακινησιμου

207 1149 366 1205 vertit
425 1150 562 1220 feria
613 1151 802 1222 quinta
866 1157 982 1221 post
1045 1150 1271 1204 Pascha.
1329 1149 1399 1206 Ut
1463 1157 1648 1203 autem
1679 1147 1791 1203 illic

205 1243 426 1314 πέμπτη
455 1243 674 1308 feriam,
703 1243 784 1298 sic
807 1243 908 1299 hoc
939 1245 1062 1300 loco
1094 1242 1324 1311 δευτέρα
1350 1257 1460 1296 non
1486 1240 1791 1296 hebdoma-

203 1334 345 1400 dem,
375 1343 436 1390 ut
463 1336 674 1400 monui,
702 1336 800 1392 sed
839 1333 1200 1391 hebdomadis
1252 1333 1398 1389 diem
1447 1332 1677 1398 indicat,
1709 1330 1792 1386 fe-

204 1428 338 1482 riam
365 1427 630 1485 videlicet
666 1427 991 1495 secundam,
1023 1443 1130 1499 qua
1189 1425 1357 1482 fuerit
1400 1425 1666 1487 edictum,
1719 1421 1789 1478 de

205 1534 310 1590 quo
384 1519 481 1576 hic
527 1520 734 1591 agitur,
790 1521 1220 1593 promulgatum.
1275 1518 1352 1572 Ex
1408 1517 1495 1572 his
1571 1516 1790 1572 conﬁdo

204 1613 576 1682 apparitursm
621 1615 1012 1670 necessitatem
1074 1611 1482 1670 emendationis
1545 1610 1790 1666 loci'hn-

201 1705 284 1776 jus
317 1719 353 1760 α
406 1722 496 1762 me
553 1707 733 1762 factas.
780 1707 1034 1762 Restaret
1096 1705 1428 1764 excutienda
1492 1704 1789 1760 diversitas

204 1797 490 1868 scripturae
518 1799 574 1854 in
599 1815 734 1856 voce
761 1801 1169 1871 διακινήσιμος.
1216 1815 1381 1871 quam
1430 1798 1522 1854 alii
1575 1797 1790 1851 διακαι-

206 1892 450 1961 νήσιμος.
510 1893 765 1948 nonnulli
814 1894 982 1950 etiam
1041 1893 1448 1963 ’διακενήσιμος
1508 1890 1782 1948 scribunt.

207 1981 309 2037 Nos
330 1983 622 2039 codicibus
649 1985 998 2042 adhaeremus
1026 1987 1235 2042 nostris
1257 1987 1338 2041 sic
1364 1995 1706 2050 constanter,
1728 1994 1789 2040 ut

132 2107 136 2111 ε
208 2085 686 2146 repmsentamus,
715 2079 1116 2136 scribentibus.
1143 2080 1316 2152 idque
1344 2079 1598 2135 sufficere
1617 2079 1790 2150 668

213 2184 352 2224 nunc
390 2169 621 2240 quidem
662 2170 918 2228 ducimus
954 2190 968 2226 :
1004 2188 1106 2229 nec
1149 2173 1299 2229 enim
1332 2183 1492 2228 vacat
1518 2180 1614 2226 aut
1643 2170 1786 2226 tanti

206 2271 283 2316 est
315 2263 371 2316 in
420 2264 640 2320 ratione
681 2265 806 2320 talis
846 2265 1238 2336 appellationis
1262 2273 1360 2321 aut
1403 2275 1589 2338 etymo
1635 2263 1788 2320 vocis

209 2353 514 2424 indagando
544 2355 880 2411 conflictari.
1480 2415 1481 2420 η

267 2449 634 2515 Διασωσταί,
665 2465 722 2520 p.
777 2449 905 2506 507.
956 2450 1085 2522 Agit
1122 2450 1190 2506 de
1238 2447 1427 2504 Alanis
1459 2449 1608 2518 Nega
1655 2445 1785 2501 sub-

206 2539 327 2605 lato,
379 2541 472 2596 cui
517 2543 912 2606 militaverant.
957 2543 1105 2598 ultro
1149 2559 1208 2600 se
1248 2541 1615 2598 offerentibus
1671 2539 1785 2594 An-

205 2631 448 2700 dronico,
494 2634 590 2704 qui
639 2649 736 2690 eos
781 2636 934 2690 velut
975 2635 1244 2691 divinitus
1296 2634 1497 2690 miSSus
1549 2632 1782 2703 accepit,

205 2739 466 2781 summam
510 2728 594 2783 eis
642 2728 724 2784 rei
769 2728 1026 2784 militaris
1071 2729 1419 2798 permittens,
1466 2725 1783 2782 adsciscens

208 2816 256 2871 in
277 2817 462 2874 locum
493 2821 778 2891 copiarum
827 2821 1223 2888 Romanarum,
1259 2821 1399 2888 adeo
1442 2829 1504 2875 ut
1552 2817 1783 2875 delectis

208 2925 267 2965 ex
294 2911 404 2967 isto
431 2929 635 2983 genere
662 2915 756 2985 qui
794 2915 1048 2986 equitatu
1081 2930 1307 2986 operam
1339 2914 1595 2969 navaturi
1626 2913 1783 2969 vide-

212 3013 415 3067 rentur,
444 3005 723 3062 detractas
754 3007 996 3077 propriis
1027 3007 1310 3078 equitibus
1334 3021 1508 3077 equos
1537 3005 1783 3076 assigna-

213 3098 367 3162 verit,
426 3095 575 3168 ipsos
643 3113 866 3168 quoque
922 3098 1200 3154 Romanos
1255 3099 1454 3154 horum
1509 3096 1780 3153 Barbaro-

215 3202 322 3241 rum
349 3189 634 3259 obsequiis
667 3188 1015 3261 maneipans.
1039 3189 1175 3246 Nam
1217 3206 1344 3245 cum
1379 3198 1528 3245 esset
1550 3188 1784 3260 jampri-

1895 697 2095 743 tutum.
2123 687 2264 741 Tum
2302 686 2370 742 iis
2392 685 2529 741 solvi
2561 684 2810 757 praecipit
2837 702 2936 757 pro
2967 686 3218 757 quolibet
3254 697 3478 740 servato

1893 779 2069 836 milite
2095 794 2384 833 nummum
2415 794 2586 833 unum
2614 819 2629 840 ,
2665 777 2693 850 §
2719 793 2852 833 vero
2882 779 2953 834 δι
2979 778 3124 833 idem
3155 778 3264 833 Leo
3297 777 3478 848 impe-

1892 881 1978 928 rat
2023 874 2078 927 in
2124 887 2284 927 usum
2329 871 2559 927 istorum
2602 871 2995 942 deputatorum
3028 871 3155 925 addi
3197 869 3475 940 ephippiis

1893 966 2218 1022 militarium
2260 980 2532 1036 equorum
2578 965 2781 1020 scalam
2829 965 3100 1036 geminam
3145 963 3212 1019 ad
3258 965 3472 1024 laevam,

1893 1069 1956 1116 ut
1982 1059 2179 1114 harum
2210 1058 2381 1114 altera
2421 1057 2742 1128 deputatus,
2778 1056 2999 1127 quoties
3041 1071 3180 1127 opus
3211 1055 3378 1110 fuerit
3405 1055 3474 1109 ad

1891 1148 2204 1205 subsidium
2237 1147 2448 1218 equitis
2470 1171 2474 1174 ·
2494 1147 2882 1217 periclitantis,
2911 1146 3160 1214 adjuvari
3199 1147 3377 1216 possit
3406 1157 3473 1200 au

1892 1243 2269 1305 scandendum
2301 1241 2357 1298 in
2400 1257 2630 1313 equum.
2676 1239 2856 1296 Verba
2888 1240 3092 1296 Leonis
3125 1248 3256 1295 sunt
3287 1259 3302 1294 :
3329 1241 3476 1310 npt-

1893 1355 1995 1392 πον
2023 1338 2176 1392 ἐστὶν
2194 1337 2284 1390 ἴνα
2311 1336 2340 1389 ὁ
2359 1335 2661 1398 δεποτάτος
2681 1334 2782 1398 τὰς
2809 1334 2906 1387 δύο
2927 1333 3131 1398 σκάλας
3162 1336 3240 1396 εἰς
3269 1335 3333 1386 τὸ
3353 1335 3476 1404 api.

1893 1431 2086 1502 στερδν
2121 1431 2288 1502 μέρος
2310 1430 2411 1499 τῆς
2437 1429 2596 1491 σέλας
2627 1428 2750 1500 ἔχῃ.
2786 1426 2954 1482 Addit
2981 1426 3222 1498 denique
3246 1425 3474 1482 eosdetn

1843 1531 1846 1534 ’
1891 1524 2189 1596 deputatos
2219 1521 2425 1578 debere
2453 1522 2552 1576 καὶ
2599 1521 2682 1584 τις
2709 1518 2954 1591 φλάσκια
2988 1515 3136 1592 ὕδωρ
3180 1517 3478 1590 βαστάζειν

1890 1616 1981 1670 διὰ
2007 1616 2134 1680 τοὺς
2163 1614 2425 1678 πολλάκις
2451 1611 2924 1683 λειποθυμοῦντας
2949 1613 3317 1682 τραυματίας,
3365 1611 3474 1666 cir-

1893 1711 2173 1770 cumferre
2203 1726 2402 1781 aquam
2432 1710 2486 1764 in
2512 1708 2745 1779 lagenis,
2783 1707 2928 1763 unde
2958 1714 3220 1762 revocent
3245 1705 3313 1760 ad
3344 1719 3476 1760 sen-

1891 1821 2013 1864 sum
2043 1805 2263 1861 ssucios
2288 1818 2434 1874 saepe
2479 1818 2547 1858 ex
2593 1802 2790 1857 dolore
2818 1800 3110 1854 vulnerum
3142 1806 3236 1854 aut
3259 1797 3475 1868 jactura

1893 1899 2176 1971 sanguinis
2211 1895 2520 1968 deliquium
2550 1895 2853 1966 patientes.
2888 1893 3082 1950 Obiter
3125 1891 3363 1946 observo
3407 1904 3476 1944 ex

1892 1992 2163 2046 hactenus
2187 1988 2379 2044 relatis
2405 2005 2421 2043 :
2454 1986 2605 2057 quod
2633 1985 2693 2042 hi
2724 1985 2964 2056 deputati
2993 1982 3197 2038 Leonis
3233 1982 3476 2051 impera-

1892 2081 2030 2138 toris
2057 2089 2331 2152 tempore,
2375 2088 2435 2134 ut
2465 2079 2586 2150 ipse
2617 2084 2878 2140 testatur,
2915 2074 3183 2128 scribones
3211 2071 3478 2126 diceban-

1891 2183 2003 2239 tur,
2038 2190 2162 2246 qua:
2184 2172 2362 2229 aillnis
2398 2173 2642 2229 notionis
2667 2187 2773 2227 vox
2801 2179 2888 2227 est
2921 2169 3192 2232 actuario,
3223 2165 3363 2221 satis
3385 2163 3476 2218 in-

1888 2269 2036 2324 dicat
2068 2277 2126 2323 et
2163 2267 2266 2322 hos
2303 2265 2472 2338 669
2507 2281 2575 2322 ex
2619 2265 2996 2321 ‘actuariorum
3027 2275 3229 2333 genere
3277 2259 3472 2323 fuisse,

1887 2360 1982 2431 qui
2016 2359 2202 2421 multi,
2232 2367 2396 2428 prout
2419 2357 2766 2413 ostendimus
2804 2357 2858 2410 in
2891 2370 2956 2411 ea
2988 2369 3125 2409 voce
3154 2353 3334 2422 primo
3363 2365 3464 2403 no-

1886 2464 2006 2510 stro
2040 2452 2346 2515 Glossario,
2381 2459 2562 2507 castra
2601 2450 2732 2505 olim
2779 2450 3026 2505 Romana
3072 2445 3469 2516 sequebantur.

1886 2549 1963 2601 Ac
1997 2546 2143 2616 quod
2189 2545 2266 2600 ibi
2305 2545 2549 2600 diximus
2599 2542 2845 2598 medicos
2889 2556 3134 2611 quoque,
3180 2537 3472 2604 chirurgos

1884 2647 1942 2694 et
1971 2637 2304 2708 νοσοκόμους
2339 2637 2628 2692 universos
2667 2649 2736 2691 eo
2785 2634 3056 2690 vocabulo
3099 2631 3472 2703 paritercen-

1885 2730 2019 2796 seri,
2055 2728 2346 2786 conﬁrmat
2374 2729 2487 2785 Leo
2517 2727 2970 2798 idem'Augustus
3002 2724 3192 2782 Const.
3227 2724 3280 2787 3,
3315 2721 3343 2792 ᾗ
3379 2721 3468 2787 15,

1883 2823 2014 2878 dum
2047 2823 2134 2877 his
2180 2820 2504 2884 δεποτάτοις
2553 2819 2900 2876 medicorum
2935 2826 3121 2888 partes
3172 2813 3323 2869 clare
3370 2811 3469 2867 tri-

1889 2914 2034 2981 buit,
2073 2917 2155 2970 sic
2181 2914 2250 2969 de
2277 2914 2386 2970 illis
2417 2913 2672 2968 scribens
2703 2929 2717 2968 :
2752 2911 2965 2973 Οῖτινες
2995 2905 3472 2979 παρακολουθοῦν-

1881 3025 1975 3072 τες
2009 3009 2075 3078 τῇ
2117 3006 2422 3076 παρατάξει
2468 3009 2594 3069 τοὺς
2627 3007 2685 3058 ὲν
2721 3007 2790 3076 τῇ
2819 3004 2964 3074 μάχῃ
2997 2999 3342 3071 τραυματίας
3385 3013 3474 3065 γι-

1881 3102 2140 3173 νομένους
2153 3098 2626 3171 ἀναλαμϐάνονται
2660 3097 2736 3162 ὡς
2767 3096 2942 3168 ἰατροὶ
2975 3095 3072 3149 καὶ
3118 3109 3322 3165 περιπο
3345 3087 3472 3145 οὖν-

1880 3210 1992 3247 τιι.
2035 3190 2175 3246 Hinc
2221 3191 2356 3246 istos
2401 3191 2508 3247 hoc
2546 3191 2672 3246 loco
2721 3201 2908 3246 uoster
2943 3196 3102 3243 vocat
3132 3185 3463 3246 διασωστας.

213 3279 326 3334 dem
363 3283 417 3336 in
445 3281 710 3338 Orientali
740 3283 990 3354 equestri
1017 3283 1216 3339 militia
1251 3282 1520 3339 usitatum
1545 3289 1609 3336 ut
1630 3289 1778 3337 cata-
1803 3301 1848 3359 ο
1881 3293 2200 3348 servatores,
2219 3298 2314 3338 seu
2331 3283 2644 3338 δεποτάτων
2665 3297 2857 3337 vocem
2879 3275 3320 3347 usitatam,quod
3342 3275 3471 3331 alie-

212 3369 444 3439 phractis
482 3373 769 3444 equitibus
801 3375 1062 3431 adessent
1093 3375 1146 3430 in
1194 3375 1397 3447 praeliis
1429 3374 1656 3446 quidam
1686 3389 1782 3445 pe-

213 3463 362 3529 dites,
397 3467 493 3536 qui
521 3483 638 3536 eos,
672 3469 717 3524 si
740 3469 908 3535 forte,
933 3469 1254 3526 vulneratos
1273 3471 1369 3524 aut
1396 3469 1504 3524 alio
1530 3482 1662 3524 casu
1686 3481 1782 3538 pe-

217 3557 504 3616 riclitantes
530 3560 792 3632 iuvarent
818 3572 1243 3634 servarentque,
1276 3563 1414 3619 tales
1443 3562 1566 3618 istis
1611 3560 1778 3616 mini-

214 3657 375 3705 strare
404 3649 658 3708 homines
711 3655 987 3711 Romanos
1032 3657 1216 3728 jussit.
1259 3655 1372 3710 Hoc
1404 3671 1580 3724 genus
1609 3669 1778 3726 eque-

218 3743 397 3798 strium
435 3745 820 3803 ministrorum
869 3757 1062 3805 noster
1111 3749 1218 3804 hoc
1271 3749 1390 3804 loco
1445 3749 1778 3814 διασωστάς,

213 3838 355 3904 qnasi
383 3837 532 3905 dicat
565 3851 988 3905 conservatores.
1030 3851 1214 3898 vocat.
1277 3843 1625 3905 Δεποτάτους
1659 3841 1778 3897 sive

214 3925 579 3995 διαπωτάτους
633 3932 1008 4002 appellaverat
1064 3931 1370 3989 Mauricius
1419 3932 1689 3988 recitatos
1744 3946 1776 3988 a

216 4017 433 4091 Rigaltio
464 4023 519 4078 in
550 4023 854 4091 Glossario,
898 4025 978 4081 sic
1004 4027 1268 4081 continuo
1312 4041 1507 4082 eorum
1535 4023 1776 4080 omcium

215 4107 520 4168 describens
571 4132 586 4170 :
640 4117 704 4169 οι
753 4115 1297 4188 παρακολουθοῦντες
1355 4119 1421 4189 τῇ
1476 4115 1629 4182 τάξει
1680 4113 1778 4169 καὶ

217 4204 330 4268 τοὺς
367 4206 426 4259 ιν
469 4209 537 4278 τῇ
587 4208 736 4279 μάχῃ
779 4209 1129 4280 τραυματίας
1156 4208 1487 4279 γενομένους
1516 4206 1779 4278 ἀνακομι-

217 4291 384 4361 ζοντές
406 4313 462 4352 τε
494 4300 590 4352 καὶ
628 4299 1104 4371 περιποιούμενοι.
1148 4299 1410 4370 Adiungit
1452 4299 1544 4354 hic
1591 4297 1777 4354 erudi-

218 4387 444 4444 tissimus
475 4389 744 4460 ltigaltius
785 4389 903 4445 loca
947 4390 1099 4445 varia
1139 4388 1608 4446 Constitutionum
1638 4387 1778 4445 Leo-

218 4478 292 4534 nis
312 4480 376 4536 de
409 4482 513 4537 hoc
557 4498 757 4554 genere
797 4484 1264 4541 subsidiariorutn
1295 4485 1468 4539 multa
1494 4483 1774 4541 docentia.

218 4567 407 4626 llorum
433 4571 487 4628 in
515 4589 626 4629 uno
648 4590 716 4630 ex
746 4575 985 4630 Constit.
1012 4577 1069 4643 5,
1093 4575 1119 4647 ᾗ
1146 4576 1233 4642 l5,
1271 4575 1480 4631 dicitur
1507 4577 1644 4633 istos
1682 4592 1776 4632 as-

1890 3393 1974 3432 ηαξ
2004 3384 2152 3433 esset
2179 3375 2434 3447 originis,
2467 3391 2598 3430 vere
2641 3373 2832 3431 Graeca
2860 3381 3103 3433 mutans,
3149 3379 3211 3424 ut
3245 3370 3386 3424 solet
3413 3369 3469 3422 in

1887 3468 2211 3526 nominibus
2276 3468 2551 3525 mensium
2611 3477 2669 3523 et
2736 3465 3131 3522 occasionibus
3194 3461 3474 3518 similibus

1887 3565 2057 3636 (nam
2101 3571 2158 3617 et
2209 3576 2348 3633 quas
2395 3559 2604 3624 σκάλας
2653 3559 2818 3614 modo
2875 3555 3159 3626 descripto
3188 3555 3312 3610 loco
3357 3553 3472 3608 Leo

1888 3658 2195 3729 imperator
2231 3654 2394 3720 dixit,
2438 3655 2693 3725 stapedas
2731 3651 3052 3724 designans,
3104 3648 3473 3720 Pacliymeres

1886 3749 2000 3805 vol.
2030 3748 2071 3814 ἰ,
2099 3763 2156 3819 p.
2181 3747 2310 3810 411,
2349 3745 2626 3816 κλίμακας
2649 3745 2844 3799 maluit
2876 3742 3108 3811 dicere),
3157 3741 3276 3796 sive
3317 3738 3466 3809 quod

1885 3843 2030 3898 forte
2082 3850 2218 3895 tunc
2269 3837 2352 3894 sic
2386 3851 2520 3894 usus
2563 3837 2912 3900 invaluisset,
2958 3843 3022 3890 ut
3057 3834 3151 3905 qui
3183 3833 3504 3888 δεποτάτοι.

1883 3932 2147 4004 appellati
2178 3933 2424 3995 fuerant,
2479 3941 2595 3986 tum
2641 3931 2806 4002 vulgo
2851 3929 3110 3984 audirent
3142 3925 3468 3980 διασωσται.

1895 4027 2170 4084 Caeterum
2217 4025 2321 4081 hos
2344 4024 2653 4088 διασωστάς
2679 4023 2876 4078 solitos
2919 4021 3116 4086 fuisse,
3143 4019 3340 4076 saltem
3365 4017 3470 4073 Pa-

1884 4121 2163 4193 ebymeris
2207 4127 2478 4191 tempore,
2521 4116 2804 4173 interdum
2846 4115 3049 4193 armari
3090 4123 3148 4171 et
3169 4112 3469 4169 militarem

1885 4222 2148 4286 praestare
2171 4227 2399 4283 operam
2427 4219 2548 4266 tuto
2588 4208 2937 4266 deducendis
2963 4224 3062 4278 per
3085 4209 3202 4262 vias
3239 4207 3468 4262 infestas
3518 4205 3520 4210 ’

1882 4304 2210 4371 viatoribus,
2245 4303 2409 4360 docet
2435 4319 2538 4360 nos
2570 4303 2726 4359 locus
2750 4317 2817 4358 ex
2862 4318 2916 4373 p.
2953 4301 3057 4358 ηε)
3094 4301 3262 4373 hujus
3287 4302 3467 4356 hlsto-

1883 4398 2001 4464 riae,
2031 4395 2128 4451 ubi
2153 4394 2396 4452 refertur
2420 4393 2780 4450 Bontzerium
2811 4409 3066 4466 magnum
3091 4393 3312 4458 ducem,
3338 4407 3465 4447 cum

1881 4487 2157 4560 Magnesia
2203 4486 2743 4556 Constantinopolim
2791 4485 3209 4542 Cannaburium
3271 4499 3467 4554 quem-

1883 4585 2010 4640 dam
2050 4583 2314 4648 mitteret,
2368 4572 2650 4647 Nostongo
2692 4582 2995 4655 provinciae
3042 4581 3157 4638 illic
3204 4580 3465 4653 Praefecto

214 4662 370 4718 seclas
398 4674 454 4720 et
478 4665 760 4734 adjutores
790 4669 1039 4736 equitum
1076 4667 1206 4723 olim
1250 4668 1528 4739 deputatas
1566 4668 1767 4737 dictos,
1806 4673 1850 4729 ι)
1886 4676 2181 4733 mandasse
2225 4683 2288 4730 ut
2323 4676 2376 4732 ei
2409 4674 2718 4738 διασωστάς
2758 4690 2790 4732 e
2842 4675 2961 4731 suis
3003 4675 3182 4746 copiis
3232 4674 3466 4730 comites

217 4751 402 4812 Leonis
433 4756 664 4830 Augusti
702 4767 948 4830 tempore
997 4761 1265 4832 appellari
1310 4763 1504 4817 solitos
1538 4762 1777 4834 σκρῑόω-

215 4865 320 4914 νας,
348 4853 623 4909 scribones.
655 4853 713 4908 ιιι
752 4853 929 4910 altero
971 4870 1039 4910 ex
1061 4857 1298 4914 Constit.
1331 4857 1420 4920 i2,
1455 4856 1598 4929 s52,
1644 4867 1778 4914 noto

217 4941 430 5010 glossam
477 4945 644 5013 hanc,
690 4947 817 5012 τοὺς
866 4946 1196 5019 λεγομένους
1227 4949 1584 5017 δεποτάτους,
1631 4949 1778 5003 τοῦτ’

216 5031 318 5087 ἔστι
349 5039 472 5101 τοὺς
503 5038 845 5110 ἐπιμελητὰς
889 5041 1001 5095 τῶν
1040 5042 1575 5114 τραυματιζομένων
1608 5059 1778 5115 στρα-

217 5127 427 5185 τιωτῶν.
464 5129 782 5187 Praescribit
823 5131 1089 5204 deinceps
1135 5133 1339 5189 ibidem
1371 5134 1484 5192 Lco
1519 5135 1773 5207 quaedam

217 5216 343 5274 circa
369 5237 660 5278 numerum
691 5232 748 5280 et
791 5224 1068 5280 delectum
1119 5225 1319 5282 horum
1362 5227 1775 5298 deputatorum,

214 5307 394 5375 iubens
425 5313 691 5369 constitui
729 5314 798 5370 ad
837 5331 1000 5372 omne
1051 5318 1262 5387 signum
1300 5317 1510 5388 (Graece
1561 5318 1775 5389 βάνδον,

216 5417 394 5475 nempe
421 5416 662 5462 turmam
693 5417 786 5463 aut
809 5410 951 5464 alam
981 5411 1234 5480 equitum
1280 5411 1386 5466 sub
1416 5427 1527 5466 uno
1573 5411 1775 5468 vexillo

216 5500 548 5563 merentium,
575 5502 768 5571 quales
789 5501 927 5558 Galli
954 5511 1218 5558 σοι-ηεαρδ
1253 5507 1469 5574 vocant)
1513 5513 1640 5561 octo
1680 5513 1777 5560 aut

220 5585 274 5660 [P
320 5590 662 5665 4691decem
702 5609 770 5649 ex
824 5594 1221 5665 deputatorum‘
1264 5596 1461 5653 ordine
1503 5597 1775 5669 ἐλαφροὺς

217 5684 301 5734 καὶ
351 5685 582 5756 γοργοὺς
635 5687 765 5740 ἄνευ
815 5687 1020 5754 ὃπλων,
1056 5687 1225 5760 agiles
1273 5701 1322 5744 et
1371 5697 1615 5745 strenuos
1665 5693 1776 5747 sine

221 5778 382 5841 armis,
409 5779 500 5847 qui
531 5779 773 5836 debeant
803 5789 1015 5839 turmas
1043 5783 1248 5855 quibus
1272 5782 1582 5840 inserviunt
1607 5785 1776 5841 inter-

222 5865 347 5922 vallo
382 5880 597 5927 centum
632 5873 830 5942 pedum
867 5883 1020 5930 retro
1071 5873 1312 5948 insequi,
1357 5885 1419 5932 ut
1464 5875 1517 5931 in
1569 5877 1774 5948 praeliis

227 5958 507 6022 periculose
531 5965 748 6022 saucios
785 5976 878 6024 aut
914 5983 1245 6041 quocunque
1293 5985 1420 6029 casu
1454 5968 1774 6028 delabentes

1880 4769 2064 4835 daret,
2118 4783 2358 4840 quorum
2405 4776 2562 4825 tutus
2607 4767 2870 4840 praesidio
2914 4783 3111 4824 secure
3163 4767 3272 4822 iter
3315 4766 3465 4823 istud

1878 4861 2182 4919 conﬁceret
2237 4880 2253 4920 :
2311 4861 2538 4934 Πέμπει
2583 4859 2722 4932 πρὸς
2769 4859 2861 4915 τὸν
2913 4859 3227 4930 Νόστογγον
3257 4877 3467 4931 παρεγ-

1878 4954 2030 5024 γυῶν
2075 4953 2348 5010 ἱκανῶσαι
2400 4953 2737 5015 διασωσταῖς
2788 4952 2855 5007 ἐκ
2900 4951 2998 5006 τοῦ
3060 4950 3462 5024 στρατιωτικοῦ

1879 5047 1973 5100 τὸν
2007 5044 2505 5114 ὰποστελλόμενον.
2532 5043 2811 5114 Additque
2842 5059 2971 5100 mox
3018 5043 3320 5101 historicus
3347 5042 3462 5120 No—

1879 5141 2162 5208 stongum’
2189 5136 2486 5193 ostendere
2525 5135 2876 5192 aﬂ‘ectantem
2928 5136 3220 5192 abundans
3263 5136 3465 5208 gratifi-

1877 5231 2042 5287 candi
2066 5230 2196 5286 duci
2237 5245 2436 5302 magno
2476 5229 2748 5297 studium,
2798 5214 3131 5301 plusquam
3165 5231 3462 5301 rogabatur

1879 5324 2122 5382 fecisse:
2159 5321 2402 5378 obivisse
2445 5322 2596 5379 enim
2630 5321 2810 5392 ipsum
2856 5339 2981 5379 cum
3028 5323 3148 5378 suis
3179 5322 3462 5392 praetoria-

1877 5415 1966 5470 nis
2008 5415 2062 5469 id
2103 5414 2368 5482 ofﬁcium,
2422 5423 2480 5470 et
2523 5414 2940 5472 Cannaburium
2988 5417 3047 5471 in
3097 5415 3292 5471 urbem
3337 5430 3464 5486 pcr-

1843 5519 1850 5526 ‘
1877 5505 2100 5562 duxisse

1948 5597 2397 5669 Δισάμϐουλςν,
2431 5615 2555 5673 pag.
2603 5600 2726 5658 l86.
2763 5599 2906 5669 Quid
2937 5600 3155 5658 dicatur
3199 5599 3307 5656 hoc
3337 5599 3462 5657 loco

1871 5692 2270 5765 διϐάμὸουλον,
2305 5695 2695 5763 dibambulum,
2720 5712 2789 5754 eo
2837 5697 2978 5752 mihi
3013 5696 3340 5768 diligentius
3373 5705 3461 5752 est

1877 5787 2278 5858 querendum,
2323 5805 2434 5860 quo
2482 5789 2933 5847 doctissimOrum
2982 5790 3268 5846 hominum
3298 5789 3461 5846 edita:

1878 5879 2147 5937 hactenus
2195 5881 2266 5937 de
2325 5881 2491 5955 hujus
2522 5883 2775 5940 vocabuli
2810 5883 3034 5940 notione
3088 5883 3374 5939 sententias
3425 5901 3460 5940 a

1877 5989 2010 6031 vero
2039 5973 2297 6032 aberrare
2346 5975 2432 6033 vcl
2482 5991 2551 6034 ex
2590 5974 2694 6034 hoc
2728 5975 2846 6048 ipso
2888 5974 3137 6033 historici
3168 5975 3342 6033 nostri
3378 5984 3461 6032 ιον
