3856 6552
193 469 280 533 733

1475 463 1990 528 GLOSSARIUM.

3319 469 3431 545 731,

189 580 404 640 Cadini:
437 575 829 648 Λαμωδάριος
883 576 1106 647 κρατῶν
1156 576 1218 630 τὸ
1259 576 1495 649 χρυσοῦν
1536 576 1731 647 δισάμ.

1837 583 2000 632 antea
2031 571 2168 631 solis
2195 573 2463 660 Augustis
2495 581 2812 632 reservatus
2862 573 3059 644 honos)
3095 585 3223 634 ante
3276 580 3430 652 ipsos
3507 607 3510 610 θ

188 673 376 728 ϐουλον.
399 669 539 738 Quid
561 669 636 726 ita
659 684 815 737 vero,
845 667 954 724 nisi
991 669 1123 739 quia
1155 669 1306 726 hunc
1331 669 1532 740 praeire
1561 686 1727 739 opor-

186 763 313 822 tebat
342 775 666 832 processum
693 777 789 832 per
833 761 1098 832 templum
1138 764 1426 833 Augusto?
1472 762 1629 830 Quod
1655 763 1726 825 si.

187 865 236 912 ut
254 853 501 919 vidimus,
529 853 967 924 μονοόἀμῦουλον
986 862 1266 926 gestamen
1286 864 1407 912 erat
1423 855 1734 925 lampadem

185 946 376 1002 unicam
401 946 666 1002 insertam
695 947 928 1014 habens,
947 947 1082 1017 quid
1115 957 1284 1004 restat
1313 950 1420 1006 nisi
1457 959 1516 1004 ut
1535 950 1735 1017 διὸἀμ-

183 1039 350 1092 ϐουλον
375 1038 748 1108 intelligamus
772 1049 868 1095 aut
901 1038 1173 1095 lucernam
1206 1039 1380 1096 fuisse
1420 1041 1734 1113 bilychuem,

181 1130 337 1200 qualis
388 1131 646 1185 meminit
696 1131 994 1188 Petronius
1042 1133 1100 1188 in
1158 1149 1339 1202 nuper
1387 1133 1538 1190 edito
1589 1135 1740 1206 frag:

181 1231 342 1276 mento
371 1221 752 1293 Traguriensi,
797 1233 894 1279 aut
946 1225 1374 1281 instrumentum
1419 1227 1566 1282 aliud
1613 1229 1738 1284 bili-

181 1315 290 1368 dum
317 1313 367 1368 in
394 1313 620 1371 duobus
661 1317 790 1370 hinc
820 1317 948 1372 inde
975 1319 1254 1388 protensis
1282 1319 1452 1376 ramis
1478 1323 1735 1392 geminas

179 1406 430 1474 lampades
481 1407 744 1462 ardentes
791 1407 1050 1463 habens?
1091 1408 1233 1464 Sane
1264 1412 1734 1481 opportunissime

177 1495 230 1550 ad
243 1497 372 1551 hanc
386 1511 500 1550 rem
530 1499 792 1554 admonet
811 1499 1120 1566 Balsamou,
1149 1500 1737 1572 imperatori.q.uando

177 1585 222 1640 in
247 1586 685 1643 solemnitatibus
730 1588 1030 1644 accedebat
1075 1591 1144 1645 ad
1196 1593 1513 1656 ecclesiam,
1544 1593 1731 1665 dupli-

175 1690 275 1731 cem
323 1676 636 1746 lampadem
688 1678 934 1748 praeferri
976 1683 1371 1750 consuevisse;
1416 1684 1730 1742 miniStrmu

174 1782 364 1837 quoque
394 1778 732 1838 gestatorem
763 1772 886 1842 ejus
937 1773 1173 1843 duplicis
1221 1775 1489 1845 lampadis
1519 1775 1732 1845 lampa-

173 1862 362 1914 «larium
413 1873 700 1918 vocatum.
739 1864 914 1935 Igitur
939 1867 1087 1936 quod
1119 1866 1345 1924 Codino
1367 1855 1730 1926 dibambulum

174 1970 363 2008 aureum
401 1954 642 2020 dicitur,
665 1973 763 2013 vas
795 1968 880 2014 est
919 1961 1075 2030 juxta
1100 1959 1480 2016 Ba‘lsatnonem
1512 1967 1731 2032 gemina

175 2044 396 2114 lampade
449 2047 692 2119 insigne.
727 2049 909 2116 Quane
960 2051 1047 2108 his
1101 2054 1426 2108 auctoribus
1457 2070 1566 2110 non
1599 2072 1734 2113 sane

171 2136 258 2205 jam
279 2136 582 2193 reformido
602 2140 723 2196 falsi
749 2142 926 2197 dicam
948 2145 1250 2215 impingere
1273 2145 1468 2200 Latino
1493 2147 1734 2203 Phrant-

172 2243 248 2290 ve,
276 2229 585 2286 dibambula
611 2248 709 2302 per
737 2237 940 2290 atrium
969 2240 1292 2306 exponenti.
1319 2238 1544 2295 Utinam
1571 2244 1731 2313 copia

172 2319 471 2389 inapiciendl
528 2324 758 2381 daretur
799 2328 1081 2399 archetypi
1131 2340 1438 2386 contextus.
1494 2332 1731 2400 Ωιιεείνὶ

171 2407 249 2463 diu
300 2420 354 2466 et
418 2411 686 2479 sollicite,
741 2417 837 2472 sed
889 2416 1115 2475 frustra.
1152 2419 1383 2478 Confldo
1439 2432 1622 2479 tamen
1674 2425 1730 2482 in

170 2503 349 2569 Graeca,
381 2506 426 2560 si
479 2507 696 2577 uspiam
727 2520 928 2578 exstet,
961 2514 1215 2570 oratione
1261 2517 1467 2572 nullam
1504 2534 1732 2588 prorsus

168 2596 306 2668 672
327 2601 715 2668 reperiendam
738 2606 865 2658 atrii
900 2607 1257 2664 mentionem.
1277 2608 1347 2664 Et
1363 2611 1508 2681 quod
1525 2613 1735 2668 Phraa-

174 2698 272 2746 tars
308 2692 617 2747 dibambula
673 2696 727 2749 in
775 2696 970 2765 plurali
1022 2700 1225 2768 posuit,
1256 2701 1564 2773 signiﬁcare
1601 2713 1733 2773 puto

171 2785 386 2840 voluisse
420 2789 648 2858 gemina
673 2790 993 2846 candelabri
1029 2792 1275 2857 brachia,
1304 2811 1540 2866 quorum
1573 2811 1728 2852 suam

172 2878 588 2948 unumquodque
641 2880 947 2937 sustineret
1001 2883 1332 2954 lampadem.
1385 2886 1520 2953 Quis
1575 2888 1727 2944 enim

168 2977 307 3037 neget
337 2980 574 3039 perapte
619 2971 816 3027 cadere
865 2988 1088 3028 sensum
1121 2975 1286 3031 istum
1319 2978 1372 3032 in
1404 2979 1522 3035 hare
1561 2981 1728 3036 verba

167 3077 264 3113 cum
290 3059 630 3132 lampadibus
667 3064 738 3117 ad
775 3065 1082 3122 dibambula
1101 3069 1128 3122 .9

223 3155 421 3228 Opponi
460 3159 735 3216 adversus
778 3160 896 3216 haec
938 3171 1126 3232 posset
1174 3177 1240 3216 ex
1293 3164 1454 3218 modo
1504 3164 1728 3221 laudato

1839 675 2056 738 portata
2105 667 2397 736 conSpicui
2461 667 2818 724 ambularent
2877 668 2932 723 in
2987 669 3266 738 ecclesia,
3311 681 3425 727 tam

1838 756 2016 828 prima
2047 758 2341 829 potestatis
2378 759 2738 828 usurpatione
2790 775 2954 829 quam
2989 759 3273 829 deinceps.
3309 761 3424 818 Eli-

1838 858 1932 921 gat
1989 851 2160 920 igitur
2217 866 2410 920 aequus
2467 850 2642 905 lector
2701 862 2888 907 utrum
2942 853 3116 920 malit,
3154 869 3220 907 an
3259 864 3420 910 {etate

1837 958 2063 1012 quoque
2093 943 2442 1000 Balsamonis
2487 945 3138 1023 Constantinopolitanos
3169 944 3255 1019 [Ρ.
3287 946 3420 1021 472]

1835 1034 2183 1104 patriarchas
2226 1035 2279 1090 in
2332 1037 2509 1107 prima
2564 1037 2990 1092 consecratione
3042 1053 3171 1100 usos
3205 1039 3420 1094 dibam-

1837 1127 1991 1190 bulo,
2031 1127 2088 1181 in
2120 1128 2358 1200 reliquo,
2393 1129 2559 1183 etiam
2604 1129 3018 1184 solemnitatqu
3065 1145 3416 1201 magnarum,

1835 1235 1935 1290 per
1969 1221 2262 1276 ecclesiam
2317 1221 2540 1277 incessu
2603 1221 3034 1278 monobambulo
3087 1233 3415 1292 contentos;

1834 1329 1903 1370 an
1937 1322 2197 1372 neutrum
2253 1313 2384 1368 dum
2439 1313 2730 1369 Balsamou
2782 1315 3058 1374 scriberet
3087 1330 3411 1370 concessum

1835 1406 1992 1477 ipsis,
2022 1417 2344 1476 utrumque,
2376 1417 2484 1474 aut
2507 1408 2700 1462 saltem
2733 1409 2912 1479 prius,
2946 1417 3076 1464 aute
3120 1408 3262 1464 hanc
3292 1409 3417 1466 edi-

1836 1509 1948 1556 tam
1977 1515 2006 1555 a
2037 1500 2384 1572 Pachymere
2413 1500 2701 1555 historiam
2734 1500 3050 1569 Byzantinis
3078 1499 3250 1555 fuisse
3281 1500 3419 1554 anti-

1832 1593 2060 1650 stitibus
2085 1608 2185 1663 per
2225 1607 2358 1649 suos
2393 1588 2674 1663 principes
2721 1592 3016 1647 indultum.
3043 1590 3418 1648 Confirmatur

1803 1685 1992 1756 ‘prior
2032 1686 2323 1756 responsio
2361 1701 2430 1740 ex
2455 1701 2524 1741 eo
2564 1684 2711 1756 quod
2745 1685 2822 1740 ait
2855 1683 3173 1748 Balsamon,
3199 1684 3418 1754 episco-

1833 1777 1920 1848 pis
1948 1786 2152 1846 praeter
2174 1776 2543 1848 patriarcham
2566 1784 2624 1831 et
2648 1774 3072 1845 paucos‘eximie
3096 1774 3418 1841 honoratos,

1837 1878 1899 1924 ut
1931 1868 2096 1940 Cypri
2135 1878 2192 1923 et
2221 1867 2488 1939 Bulgaria:
2518 1868 3003 1938 archiepiscopus,
3047 1866 3222 1922 fuisse
3252 1875 3415 1926 caete-

1836 1959 1915 2014 ris
1960 1968 2213 2028 negatam
2258 1959 2314 2014 in
2372 1974 2634 2030 processu
2667 1975 2764 2029 per
2792 1959 3102 2022 ecclesiam,
3148 1958 3416 2014 solemni-

1835 2049 1940 2106 bus
1971 2050 2136 2105 etiam
2194 2049 2414 2115 diebus,
2457 2051 2621 2106 unius
2675 2050 3055 2120 praelationem
3107 2050 3415 2119 lampadis;

1835 2158 1941 2213 qua
1989 2152 2172 2198 tamen
2210 2143 2335 2198 illos
2392 2143 2448 2198 in
2505 2143 2687 2213 prima
2742 2143 2956 2198 saltem
2995 2142 3419 2213 iuauguratione

1833 2234 2002 2290 fuisse
2052 2223 2444 2288 cobonestatos
2495 2234 2584 2288 vix
2645 2243 2828 2303 potest
2868 2233 2940 2288 ob
2973 2233 3234 2302 superius
3269 2231 3417 2286 dicta

1835 2325 2099 2381 dubitari.
2149 2325 2354 2390 Quidni
2399 2339 2534 2396 ergo
2589 2325 2671 2380 sic
2723 2325 2943 2380 dicatur
2980 2325 3048 2378 de
3103 2324 3418 2394 patriarcha

1832 2417 2159 2487 quoque.in
2189 2418 2369 2488 prima
2426 2417 2504 2471 illi
2558 2416 2991 2488 inauguratione
3032 2414 3414 2471 dibambulum

1834 2527 2198 2577 concessum;
2243 2512 2299 2567 in
2343 2512 2575 2582 reliquis
2626 2513 2976 2567 caeremoniis
3015 2511 3419 2578 monobambu-

1835 2605 1949 2662 lum
2008 2605 2323 2661 duntaxat?
2357 2604 2629 2676 Superest
2673 2612 2734 2660 ut
2789 2603 3163 2674 veriloquium
3217 2619 3413 2658 vocum

1833 2699 2064 2753 istarum
2113 2697 2280 2768 673
2337 2696 2782 2768 μονοδὰμόουλον
2831 2705 2889 2751 et
2921 2694 3290 2766 διὸἀμὸουλον
3330 2695 3416 2748 ἰιιο

1833 2791 2141 2860 quiremus.
2183 2791 2325 2845 Puto
2347 2788 2609 2860 equidem
2654 2805 2684 2844 e
2717 2789 2916 2844 Latina
2939 2802 3073 2843 voce
3099 2785 3414 2844 obambulat;

1835 2882 2061 2947 deduci,
2082 2891 2136 2938 et
2165 2891 2223 2937 ut
2251 2897 2390 2948 rem,
2429 2884 2500 2938 ita
2527 2897 2728 2936 nomen
2761 2880 2818 2936 in
2835 2881 3014 2938 aulam
3044 2880 3229 2934 Romae
3259 2893 3418 2933 nova:

1830 2990 1863 3031 e
1911 2974 2085 3030 veteri
2134 2974 2424 3044 migrasse.
2477 2973 2536 3028 lu
2591 2974 2773 3028 aulam
2805 2973 2952 3040 dico,
2995 2971 3196 3027 nonin
3233 2969 3413 3026 eccle-

1829 3066 1994 3123 siam.
2023 3065 2160 3120 Nam
2190 3065 2538 3134 praelationes
2573 3064 2893 3134 lampadum
2924 3064 3201 3133 episcopis
3237 3076 3412 3132 usque

1830 3159 1902 3218 ab
1942 3159 2267 3230 apostolicis
2313 3159 2369 3214 in
2412 3158 2539 3214 Asia
2603 3159 2836 3214 usitatas
2892 3157 3234 3228 temporibus
3272 3154 3411 3210 scio.

166 3250 485 3320 Balsamone,
521 3253 858 3324 singularem
905 3254 1265 3325 imperatoris
1296 3256 1466 3312 fuisse
1514 3273 1723 3328 praero-
1757 3259 1799 3316 C
1831 3251 2094 3322 Augustis
2139 3252 2364 3323 quidem
2421 3255 2606 3323 ignem
2674 3253 2957 3320 praelatum
3017 3251 3172 3321 prius
3222 3248 3414 3304 Romae

164 3344 377 3413 gativam
439 3347 668 3417 praeviis
720 3345 936 3403 duabus
993 3365 1091 3418 per
1146 3350 1438 3405 ecclesiam
1470 3351 1729 3408 incedere

166 3436 517 3508 lampadibus,
557 3439 740 3510 qualis
783 3455 888 3496 nec
920 3441 1251 3511 patriarchae
1280 3455 1345 3507 ac
1378 3457 1446 3498 ne
1479 3442 1580 3512 ipsi
1605 3445 1732 3514 qui-

164 3526 270 3581 dem
301 3527 643 3600 imperatriei
673 3531 1045 3586 tribuebatur.
1079 3529 1175 3585 His
1203 3531 1350 3586 enim
1397 3532 1566 3586 tradit
1609 3533 1732 3588 Bal-

165 3633 335 3676 samon
355 3621 612 3692 singulas
645 3629 854 3677 tantum
897 3621 1148 3692 praeferri
1194 3623 1389 3678 solitas
1428 3624 1727 3694 lampades.

164 3707 233 3762 Ad
259 3708 359 3764 hoc
384 3709 594 3781 duplex
626 3712 917 3781 responsio
942 3727 1063 3767 mea
1085 3722 1191 3767 est.
1228 3713 1386 3768 Prior
1418 3730 1432 3766 :
1469 3730 1578 3768 non
1606 3731 1732 3771 om.

165 3799 244 3856 nia
270 3813 388 3872 quae.
418 3804 626 3875 primis
675 3805 940 3876 auspiciis
991 3806 1246 3861 ineundae
1284 3805 1575 3877 dignitatis
1609 3808 1732 3876 qni-

166 3892 371 3948 busdam
407 3897 830 3966 magistratibus
880 3898 1127 3969 legitime
1183 3898 1482 3965 dabantur,
1533 3899 1728 3955 eadem

165 3985 336 4043 itidem
371 3989 707 4059 quotidiana
732 3989 858 4046 vitae
893 4006 996 4046 usu
1049 3991 1244 4046 tribui.
1287 3991 1434 4058 Quot
1463 4007 1730 4048 caeremoo

164 4078 255 4134 nite
308 4080 790 4152 imperatoribus,
845 4083 1113 4154 regibus,
1195 4083 1322 4140 aliis
1379 4084 1731 4155 principibus

165 4170 552 4244 inaugurandis
617 4175 998 4261 adhibentur,
1059 4191 1198 4246 quas
1252 4177 1405 4232 nefas
1452 4187 1539 4232 est
1585 4177 1731 4231 ultra

166 4263 302 4320 illum
340 4266 491 4321 diem
537 4267 751 4337 repeti?
781 4266 873 4322 Sic
901 4279 957 4322 et
991 4265 1048 4321 in
1085 4268 1414 4338 patriarchis
1456 4267 1732 4326 Constan-

165 4353 534 4426 tinopolitanis
591 4357 906 4413 institutum
964 4360 1138 4414 fuisse
1194 4364 1378 4430 potuit
1425 4371 1488 4416 ut
1551 4361 1730 4432 prima

165 4445 414 4504 duntaxat
479 4449 831 4506 ordinatione
883 4450 1212 4506 dibambulo
1267 4452 1726 4520 honorarentur,

165 4539 358 4611 reliqua
398 4543 514 4598 vita
560 4559 687 4598 cum
757 4544 1048 4615 prodirent
1107 4561 1204 4614 per
1258 4545 1574 4610 ecclesiam,
1615 4561 1727 4600 non

1831 3360 1996 3415 quam
2026 3345 2514 3416 ConstantinOpoli
2548 3345 2707 3404 fateri
2747 3359 2976 3400 necesse
3017 3355 3122 3406 est,
3150 3359 3278 3400 cum
3301 3342 3414 3412 jam

1829 3438 2116 3496 Commodi
2145 3447 2307 3499 aetate
2365 3439 2614 3494 solemne
2645 3438 2833 3494 Romae
2883 3445 3032 3493 esset
3065 3437 3248 3506 ignem
3301 3435 3415 3490 Au-

1831 3533 2008 3603 gustis
2048 3532 2320 3602 prmferri.
2363 3531 2731 3598 Herodianus,
2763 3531 2802 3585 l.
2844 3545 2902 3583 ιε
2936 3528 3210 3584 Λουκίλλα
3243 3523 3312 3598 ἧν
3335 3525 3412 3593 τῷ

1832 3626 2110 3696 Κομμόδῳ
2154 3625 2512 3695 πρεσόυτάτη
2547 3625 2767 3678 πάντων
2807 3622 3037 3691 ἀδελφή.
3080 3621 3232 3690 Αὕτη
3270 3618 3408 3688 πρό-

1830 3734 1990 3787 τερον
2018 3717 2236 3787 Δουκὶῳ
2285 3717 2450 3788 Βήρῳ
2497 3716 2870 3786 αὐτοκράτορι
2906 3711 3242 3784 comparatu"
3294 3707 3411 3764 ἀλλ’

1827 3810 1958 3864 {uel
1993 3810 2192 3880 συνέϐη
2237 3810 2328 3864 τὸν
2365 3809 2600 3864 Λούκιον
2645 3811 2996 3880 τελευτῆσαι,
3045 3805 3316 3876 μενόντων
3346 3805 3414 3874 τῇ

1832 3902 2102 3972 Λουκίλλῃ
2137 3901 2236 3972 τῆς
2290 3902 2568 3972 βασιλείας
2625 3901 2956 3972 συμϐόλων,
3016 3897 3354 3969 Πομπηῖανῴ
3388 3898 3417 3948 ὁ

1833 3991 2014 4063 πατὴρ
2049 3991 2218 4063 αὐτὴν
2266 3992 2499 4057 ἐξέδοτο.
2538 3991 2708 4046 Οὐδὲν
2762 3984 2929 4062 ἦττον
2973 3990 3160 4058 μέντοι
3195 3989 3222 4040 ὁ
3262 3987 3416 4055 Κόμ·

1827 4081 1994 4150 μσδος
2029 4081 2294 4151 ἐφύλαττε
2331 4080 2430 4146 τὰς
2471 4083 2639 4151 τιμὰς
2669 4083 2736 4152 τῇ
2767 4081 2992 4150 ἀδελφῇ
3023 4079 3119 4132 καὶ
3164 4079 3277 4146 γὰρ
3317 4076 3414 4130 ἐπὶ

1833 4173 1927 4227 τοῦ
1971 4173 2245 4244 βαςιλειου
2284 4173 2477 4240 Θρόνου
2514 4174 2754 4243 καθῆστο
2784 4175 2842 4228 ἐν
2869 4175 2978 4236 τοῖς
3004 4172 3279 4242 θεάτροις,
3316 4170 3414 4223 καὶ

1827 4266 1896 4320 τὸ
1948 4265 2060 4337 πῦρ
2101 4266 2532 4338 προεπόμπευον
2565 4267 2760 4336 αὐτῆς.
2797 4266 2879 4322 Ειι
2918 4265 3270 4321 Herodianus
3299 4265 3415 4318 Au-

1827 4361 2008 4431 gustis
2058 4361 2243 4415 Romc
2295 4361 2699 4430 imperantibus
2732 4370 2882 4416 tanto
2920 4371 3049 4415 ante
3088 4359 3410 4414 Constanti-

1829 4471 1965 4510 num
1999 4463 2056 4510 et
2089 4456 2360 4511 uxoribus
2387 4471 2582 4510 eorum
2617 4457 2797 4526 ignem
2822 4471 3040 4525 quaqua
3082 4455 3408 4509 incederent

1835 4549 2116 4616 praelatum
2162 4547 2362 4612 docet,
2416 4559 2472 4602 et
2515 4549 2600 4621 (ut
2647 4549 2753 4603 hoc
2815 4549 2997 4603 obiter
3055 4545 3413 4617 admoneam)

165 4631 256 4685 nisi
287 4635 774 4690 monobambulum
811 4637 945 4706 ipsis
973 4637 1219 4707 praeiret,
1255 4646 1313 4690 ut
1349 4637 1540 4692 multis
1563 4637 1726 4692 hodie
1753 4629 1804 4690 D
1831 4638 1982 4692 solus
2003 4635 2187 4702 docet,
2231 4654 2300 4694 ne
2333 4639 2604 4694 miremur
2635 4639 2705 4693 ab
2737 4655 2848 4694 uno
2871 4638 3150 4694 interdum
3181 4647 3413 4692 auctore

165 4722 426 4797 episcopis
473 4727 654 4798 primo
686 4727 938 4798 ingressu
987 4729 1044 4783 in
1099 4729 1268 4783 urbes
1309 4744 1442 4785 suas
1477 4729 1730 4784 umbella:

168 4812 417 4874 honorem
455 4819 576 4874 dari
610 4819 884 4886 videmus,
929 4821 1020 4891 qui
1073 4831 1263 4891 postea
1295 4831 1546 4888 negatur.
1576 4824 1731 4876 Alte-

165 4923 217 4962 ra
244 4925 260 4965 :
287 4914 418 4969 satis
445 4929 706 4984 magnum
740 4929 862 4970 esse
892 4914 1192 4969 discrimen
1221 4915 1364 4970 inter
1390 4915 1732 4970 Balsamonis

166 5007 214 5054 et
261 5001 611 5076 Pachym‘eris
653 5015 890 5061 :etatem.
941 5003 1078 5061 Nam
1131 5016 1359 5061 centum
1414 5007 1530 5061 fere
1569 5005 1730 5060 annis

167 5091 437 5153 Balsamon
489 5098 826 5169 Pachymere
857 5098 1140 5168 antiquior
1171 5106 1278 5152 est.
1313 5099 1390 5152 Eo
1418 5106 1603 5153 autem
1646 5099 1732 5153 in-

173 5190 381 5246 tervallo
411 5193 588 5246 multa
625 5201 843 5248 conatat
890 5193 945 5246 in
993 5192 1418 5262 magistratuum
1462 5193 1730 5248 ecclesia-

171 5281 416 5340 sticorum
451 5295 506 5340 et
529 5287 881 5342 secularium
918 5287 1297 5358 praerogativis
1329 5295 1386 5342 et
1419 5286 1730 5343 honoribus

169 5371 665 5433 fuisseimmutata.
692 5379 849 5436 Unde
883 5393 1117 5446 pronum
1157 5388 1242 5434 est
1271 5379 1484 5435 creditu
1531 5379 1602 5434 ab
1630 5381 1734 5435 im-

171 5470 500 5534 peratoribus
542 5469 930 5535 schismaticis,
975 5483 1136 5524 suum
1169 5469 1733 5538 Constantinoiiolita-

173 5571 288 5612 num
328 5562 585 5616 thronum
633 5563 700 5617 ad
742 5563 1004 5617 invidiam
1039 5573 1095 5617 et
1127 5563 1539 5632 depressionem
1563 5563 1728 5617 etiam

173 5652 402 5706 omnium
435 5654 597 5723 primi
644 5655 874 5709 Romani
909 5654 1202 5708 ambitiose
1231 5655 1482 5709 attollere
1513 5664 1729 5708 certan-

177 5738 328 5800 tibus.
357 5743 513 5800 facile
567 5745 673 5800 isto
716 5745 895 5815 spatio
929 5757 1253 5799 concessum
1293 5753 1374 5807 ut,
1405 5759 1532 5800 cum
1565 5754 1728 5797 antea

176 5834 326 5890 unius
352 5836 665 5905 prmlatlone
717 5836 987 5907 lampadis
1022 5835 1349 5906 patriarchae
1379 5835 1727 5890 honoraren-

179 5929 276 5989 tur,
305 5924 560 5998 deinceps
623 5926 865 6000 bilycltni
919 5942 1140 5998 quoque
1185 5927 1410 5982 lucerna
1448 5927 1562 5995 (qui
1609 5935 1728 5981 erat

1833 4730 2042 4799 scripto
2065 4738 2251 4784 notata
2285 4731 2518 4800 reperiri
2549 4731 2798 4801 quaedam
2838 4732 2969 4785 olim
3019 4746 3120 4786 usu
3147 4731 3415 4801 vulgatis-

1831 4822 1970 4878 sima
2020 4823 2252 4893 ideoque
2285 4824 2431 4894 quod
2484 4832 2616 4880 tunc
2651 4835 2840 4880 essent
2873 4825 3166 4880 notissima
3211 4825 3416 4881 litteris

1831 4913 2193 4970 scribentiqu
2223 4930 2331 4969 non
2363 4929 2646 4986 expressa.
2669 4913 2762 4970 Sic
2802 4914 2973 4970 fuisse
3016 4915 3070 4969 in
3091 4931 3210 4981 ,usu
3236 4929 3413 4986 quan-

1829 5004 1956 5061 dam
1983 5013 2040 5059 et
2080 5005 2258 5075 pretio
2289 5007 2585 5076 quemdam
2633 5006 2900 5062 honorem
2936 5005 3128 5062 bisellii
3158 5016 3414 5064 vocatum

1832 5100 2021 5166 (quem
2073 5107 2160 5152 est
2204 5097 2501 5153 verisimile
2541 5099 2706 5152 situm
2765 5098 2934 5154 fuisse
2980 5099 3037 5154 in
3092 5100 3412 5169 prmlatione

1830 5189 1965 5241 aedis
2021 5191 2242 5258 geminis
2289 5188 2570 5257 aliquibus
2621 5189 2823 5244 eximie
2870 5192 3155 5260 conceSsa)
3203 5205 3272 5246 ex
3304 5205 3412 5246 una

1832 5296 2010 5350 nuper
2083 5280 2358 5350 exscripta
2415 5291 2472 5362 et
2523 5281 2738 5352 vulgata
2803 5292 3019 5338 constat
3071 5300 3169 5353 per
3231 5283 3412 5340 virum

1832 5374 2213 5430 doctissimum
2263 5374 2718 5430 Chimentellium
2762 5376 2946 5434 Pisani
2999 5377 3292 5432 marmoris
3327 5377 3410 5452 in-

1833 5466 2161 5534 scriptione,
2198 5466 2432 5534 reliquis
2463 5483 2528 5522 ea
2568 5468 2635 5522 de
2667 5484 2726 5524 re
2754 5473 3047 5526 vetustatis
3080 5483 3408 5523 monumen~

1835 5561 1910 5614 tis
1948 5559 2263 5615 silentibus.
2298 5557 2451 5616 Unde
2482 5575 2582 5616 nec
2615 5563 2661 5616 si
2691 5563 2901 5632 primus
2936 5572 2994 5617 et
3019 5562 3168 5616 solus
3202 5561 3410 5632 Pachy-

1835 5667 2014 5706 meres
2047 5653 2208 5706 istaut
2241 5652 2311 5707 de
2352 5668 2459 5721 qua
2502 5669 2650 5710 nunc
2690 5655 2904 5726 agimus
2958 5653 3262 5708 dibambuli
3310 5670 3412 5709 vo-

1834 5741 2662 5814 cabulodesignatumgeminae
2699 5745 2968 5813 lampadis
3007 5753 3136 5798 ante
3177 5747 3411 5812 patriar~

1831 5834 1990 5890 cbam
2017 5834 2692 5908 Constantinopolitanum
2723 5838 3097 5907 pra'lationetn
3132 5840 3413 5894 utentur-ite

1833 5926 2190 5996 prodidisset,
2229 5927 2417 5983 mirari
2463 5927 2708 5999 prudens
2754 5929 2928 5985 lector
2961 5937 3052 5983 aut
3094 5937 3417 5996 suspectam
