3856 6578
479 481 588 547 ’135

1395 486 1459 547 Ρ.
1503 488 1806 550 POSSINI
1846 487 2499 554 OBSERVATIONUM
2543 494 2688 556 LIB.
2727 493 2773 556 Ι.

3635 497 3728 552 736

393 661 396 664 ,
474 596 643 652 unius
670 594 872 652 habere
921 593 1083 652 tidem
1139 606 1430 669 propterea
1464 600 1713 654 deberet.
1747 599 1853 655 Sed
1899 599 2044 670 quod
2081 609 2120 662 Α
2154 601 2344 670 censis)
2399 603 2685 656 celebraret
2714 641 2728 664 ,
2764 609 2814 654 et
2865 600 3085 667 quidam
3111 596 3324 670 παθαιιί
3390 599 3724 654 ministerium

473 687 743 757 carpimus
788 703 1012 758 agamus
1063 687 1133 744 de
1180 690 1398 762 origine
1448 692 1608 747 vocis
1665 691 2051 746 dibambulum.

392 763 397 777 ⁷
472 779 654 834 Credo
682 779 941 848 equidem
969 781 1283 837 ministrum
1319 783 1412 852 qui
1442 784 1626 838 lumen
1653 784 2058 852 imperantibus

472 867 663 922 Roma:
717 869 1001 939 pra-ferret
1052 873 1214 943 vulgo
1267 874 1476 928 dictum
1533 873 1889 936 obambulum,
1922 874 2052 942 quin

472 968 531 1012 et
585 957 951 1016 instrumento
987 971 1081 1016 aut
1115 963 1225 1018 vasi
1258 980 1368 1034 quo
1421 965 1466 1019 is
1495 964 1603 1035 igni
1637 965 1907 1035 portando
1936 975 2056 1020 ute-

473 1055 631 1102 retur
661 1051 911 1106 eamdem
944 1068 1165 1123 quoque
1205 1054 1635 1124 appellationem
1669 1055 2055 1110 accommoda-

473 1149 584 1194 tam
613 1157 716 1196 usu
749 1144 1044 1212 papulari;
1089 1153 1144 1200 et
1183 1145 1450 1201 translata
1486 1162 1585 1216 per
1628 1146 2053 1203 Constantinum

472 1248 505 1286 e
538 1233 712 1289 Roma
763 1244 952 1290 vetere
993 1235 1049 1290 in
1098 1252 1296 1292 novam
1348 1239 1479 1293 sede
1538 1239 1800 1310 imperii,
1850 1255 2051 1295 nomen

473 1324 621 1379 idem
665 1324 872 1382 Latina:
904 1328 1134 1399 originis
1177 1329 1382 1387 Graecis
1424 1332 1626 1388 litteris
1653 1335 1950 1404 signatum.
1975 1334 2054 1389 Ac

473 1428 600 1470 cum
647 1416 790 1474 forte
824 1428 1015 1488 postea
1043 1422 1340 1490 excogitati
1367 1424 1573 1491 gradus
1613 1434 1800 1480 essent
1831 1425 1886 1480 in
1921 1441 2054 1496 par-

481 1508 808 1578 ticipatione
845 1511 1012 1582 hujus
1055 1513 1430 1587 honorispita
1489 1525 1549 1570 ut
1589 1516 1676 1572 fax
1709 1528 1805 1572 aut
1843 1520 2054 1590 lampas

474 1599 640 1652 unica
678 1607 806 1654 ante
837 1600 1106 1670 quosdam
1141 1613 1475 1672 portaretur,
1501 1616 1628 1660 ante
1656 1606 1794 1662 alios
1825 1608 2050 1678 duplex,

471 1690 801 1759 explicatam
827 1692 984 1746 istam
1017 1695 1389 1751 ilill‘rrentiam
1417 1698 1645 1754 vocibus
1665 1698 1851 1755 Graeca
1880 1702 2052 1758 forma

473 1783 836 1850 compositis,
879 1784 955 1839 ita
1009 1794 1068 1840 ut
1110 1787 1538 1843 instrumentum
1590 1790 1806 1846 unicam
1856 1807 2053 1861 gerens

470 1871 782 1943 lampadem
808 1877 1293 1945 monobambulum,
1323 1882 1572 1951 geminas
1607 1883 1819 1938 habens
1845 1885 2052 1939 dibam-

2153 693 2474 763 negligenter
2511 694 2791 755 exhiberet,
2839 690 3137 761 lampadem
3189 689 3428 759 impulit
3485 698 3534 742 et
3575 691 3728 744 oleum

2150 799 2308 849 super
2337 783 2510 836 altare
2549 783 2705 852 fudit.
2753 783 2924 836 Erant
2983 796 3179 849 nempe
3242 780 3470 850 ριπίδια
3534 781 3726 835 lamina

2153 884 2347 930 tenues
2379 876 2432 929 in
2459 875 2666 930 alarum
2699 874 2907 929 form-is
2935 885 3200 935 extensaa,
3238 888 3374 942 qua:
3407 872 3559 926 circa
3581 873 3727 927 Chri-

2151 967 2223 1021 sti
2265 977 2492 1036 corpus,
2532 966 2663 1020 dum
2715 965 2769 1019 in
2811 965 2974 1018 altari
3004 965 3210 1030 stabat,
3245 979 3278 1017 a
3316 964 3596 1019 ministris
3624 982 3727 1022 mo-

2151 1059 2443 1114 vebantur.
2480 1057 2798 1113 Istiusmodi
2846 1057 3214 1111 instrumenta
3271 1057 3384 1110 tria
3429 1072 3464 1111 e
3509 1059 3730 1124 pretioso

2151 1151 2272 1207 lusa
2319 1152 2558 1216 metallo,
2615 1151 2710 1205 sed
2760 1161 2987 1207 contusa
3038 1159 3132 1203 aut
3167 1149 3476 1202 maculosa
3515 1149 3727 1217 ideoque

2152 1243 2519 1314 reparationis
2547 1241 2788 1313 egentia,
2819 1241 3248 1310 haudquaquam
3290 1239 3480 1302 fuere,
3529 1249 3588 1292 ut
3615 1241 3728 1301 alia.

2151 1333 2208 1388 in
2254 1334 2496 1404 priorem
2544 1331 2735 1386 relicta
2781 1341 2838 1385 et
2881 1331 3105 1384 climata
3157 1330 3435 1398 ﬁguram,
3469 1345 3651 1384 verum
3680 1333 3724 1386 in

2153 1426 2378 1480 unicum
2427 1424 2661 1479 conﬂata
2718 1420 3100 1477 dibambulum.
3148 1421 3307 1474 Ἀντὶ
3344 1418 3447 1473 τοῦ
3482 1419 3722 1491 ὲδρασθῆο

2150 1534 2240 1571 ναι
2275 1517 2369 1570 καὶ
2420 1515 2871 1586 εὐτρεπισθῆναι,
2908 1513 2985 1575 ὡς
3033 1513 3129 1566 καὶ
3161 1512 3239 1564 τὰ
3271 1511 3448 1564 λοιπὰ
3477 1497 3720 1582 ηὺτρεπὶσ

2154 1608 2450 1678 σθησαν....
2498 1609 2577 1670 εἰς
2608 1606 2978 1674 διόἀμὸουλον
3018 1603 3601 1676 μετισκευάσθησαν,
3637 1604 3724 1672 τῆς

2155 1697 2372 1767 μορφῆς
2438 1695 2547 1750 τῶν
2612 1696 3008 1768 ἑξαπτερύγων
3051 1695 3402 1761 ἀποπτάσης
3451 1693 3484 1766 ἢ
3538 1694 3722 1748 ἀπελα-

2155 1786 2412 1856 σϐεἰσης,
2455 1788 2656 1850 εἰπεῖν,
2711 1784 2770 1852 ἐξ
2823 1785 3041 1840 αὐτῶνθ
3112 1784 3296 1838 Priori
3332 1785 3513 1854 {arma
3568 1785 3619 1837 in
3664 1786 3718 1838 iis

2153 1878 2362 1946 sculpta
2415 1878 2829 1933 Cherubinorum
2879 1894 2971 1932 sea:
3021 1877 3122 1933 alis
3163 1881 3561 1933 inatructoram
3611 1893 3720 1931 ara-

471 1963 656 2019 .‘mlum
683 1980 998 2024 vocaretur.
1040 1970 1200 2026 Dicet
1231 1971 1436 2043 aliquis
1463 1974 1814 2030 commodius
1837 1960 2048 2030 dibam-
2081 1953 2121 2009 Β
2152 1970 2318 2034 laute.
2359 1980 2451 2024 aut
2483 1972 2626 2037 inde,
2663 1982 2719 2024 ut
2750 1973 2826 2026 sic
2862 1972 3056 2032 dicam,
3093 1971 3352 2041 expulsa.
3389 1971 3474 2024 En
3517 1985 3640 2040 ergo
3663 1987 3717 2023 ex

475 2055 654 2111 aulum
694 2058 903 2115 dictum
947 2061 1122 2118 videri
1157 2079 1315 2132 posse
1355 2066 1512 2135 quasi
1554 2065 1917 2137 dibamputum
1976 2070 2047 2124 ab

473 2150 742 2220 ampulla,
781 2153 995 2208 mollito
1019 2171 1052 2223 ρ
1085 2155 1148 2212 in
1171 2155 1222 2210 b.
1257 2157 1420 2226 Atqui
1461 2157 1505 2212 si
1535 2157 1642 2213 hoc
1665 2170 1835 2224 esset,
1870 2178 2051 2216 mono-

472 2242 785 2299 bumbulum
838 2259 906 2300 ex
971 2248 1220 2318 analogia
1258 2249 1484 2304 formari
1522 2249 1826 2307 debuisset.
1866 2253 2049 2324 Agno—

471 2349 695 2391 scamus
748 2351 880 2407 ergo
919 2340 973 2393 in
1015 2353 1153 2395 voce
1186 2342 1646 2397 manobambulum
1694 2359 1880 2400 veram
1939 2355 2047 2401 tam

472 2427 866 2482 monobambali
929 2445 1093 2500 quam
1149 2432 1441 2487 dibambuli
1485 2435 1752 2505 originem
1792 2436 2045 2492 Latinum

467 2519 801 2573 vocabulum
824 2522 1184 2578 obambulum.
1210 2523 1334 2579 llaec
1359 2541 1479 2581 mea
1511 2527 1655 2581 circa
1687 2527 2047 2584 dibambulum

468 2612 854 2682 conjectanea,
900 2624 961 2670 ut
1004 2618 1156 2671 soleo
1192 2633 1316 2673 meo
1348 2617 1557 2688 judicio
1599 2619 1870 2686 dillizlerc,
1918 2637 2044 2676 cum

467 2703 597 2758 aliis
625 2704 974 2762 discutienda
1018 2709 1194 2762 obtuli
1229 2708 1363 2764 viris
1389 2709 1660 2777 eruditis,
1692 2721 1807 2766 tum
1841 2712 2048 2768 doctis-

467 2797 611 2852 simo
643 2797 812 2870 674
861 2810 917 2854 ct
953 2800 1086 2854 mihi
1129 2800 1467 2856 amicissimo
1518 2803 1800 2858 Dominico
1841 2805 2046 2875 Magrio

468 2891 732 2961 theolmgo
755 2893 1006 2948 ecclesia:
1033 2893 1438 2962 Viterbiensis;
1469 2877 1564 2966 qui
1607 2911 1720 2950 rem
1753 2896 1888 2951 adeo
1918 2913 2046 2968 pro-

467 2982 622 3036 bavit
684 2996 743 3040 ut
787 2987 997 3052 statim,
1033 3003 1156 3057 quae
1208 2987 1419 3042 dudum
1480 2989 1782 3059 scripserat
1837 2990 1892 3044 in
1941 3007 2045 3046 suo

465 3076 822 3132 Unomastico
862 3079 1245 3134 ecclesiastico
1289 3078 1506 3135 duabus
1536 3080 1648 3150 jam
1705 3081 2045 3138 editionibus

462 3165 708 3236 vulgato,
758 3183 989 3238 qumque
1050 3169 1103 3223 in
1159 3169 1340 3236 tertia,
1379 3170 1432 3223 in
1467 3185 1573 3240 qua
1625 3186 1773 3225 nunc
1818 3172 2041 3240 prmium

463 3257 714 3325 laborat,
766 3260 1089 3316 decreverat
1146 3277 1353 3332 ponere
1410 3261 1494 3334 [P.
1551 3262 1678 3335 475]
1711 3263 1778 3318 de
1814 3264 2038 3320 notione

463 3347 619 3402 vocis
676 3348 1039 3404 dibamlmlum
1113 3342 1360 3421 Opinioni
1416 3353 1641 3409 Meursii
1684 3362 1741 3410 et
1797 3355 2036 3410 Martinii

463 3451 858 3507 consentanea,
910 3442 965 3496 in
1007 3459 1184 3497 meam
1220 3444 1551 3499 sententiam
1597 3447 1900 3502 relinxerit.

533 3534 814 3589 Hactenus
876 3535 944 3589 de
997 3535 1082 3590 his
1129 3537 1486 3605 scripseram,
1523 3553 1649 3593 cum
1683 3539 2040 3596 lorteiucidit

463 3624 523 3680 in
557 3641 706 3680 meas
740 3641 936 3682 manus
965 3627 1206 3683 Historia
1233 3627 1421 3686 Grzeca
1445 3630 1669 3685 concilii
1708 3630 2036 3697 Florentini,

461 3725 714 3778 auctore.
747 3725 808 3772 ut
859 3733 1106 3786 nuperus
1151 3719 1336 3774 editor
1365 3729 1544 3786 vocat,
1581 3721 1863 3792 Sylvestro
1903 3722 2041 3794 Sgu-

461 3809 705 3877 ropulo:
746 3809 840 3864 alii
895 3809 1230 3881 Syropulum
1290 3811 1500 3866 dictum
1563 3815 1777 3870 volunt.
1834 3815 1894 3869 lu
1933 3816 2038 3871 hoc

459 3915 564 3970 ego
617 3901 760 3956 libro
809 3903 990 3972 reperi
1025 3903 1363 3959 luculentam
1391 3905 1876 3961 confirmationem
1909 3921 2039 3962 con-

461 3994 687 4065 iecturze
717 3993 786 4050 de
813 3991 1113 4050 itibambulo
1162 4011 1321 4062 meae,
1363 4012 1530 4067 quam
1579 3999 1802 4054 tacitam
1854 4009 2035 4053 trans-v

460 4087 682 4144 mittere
723 4089 1069 4158 prmvaricari
1124 4091 1218 4146 sit.
1259 4089 1456 4144 Narrat
1502 4089 1549 4145 is
1574 4092 1836 4161 scriptor,
1869 4106 1918 4146 c.
1945 4091 2034 4159 Π,

458 4190 595 4234 sect.
627 4181 681 4244 5,
717 4196 774 4251 p.
816 4181 1067 4252 62,,cum
1101 4193 1248 4237 esset
1295 4182 1608 4252 patriarcha
1641 4181 2037 4238 Constantino-

459 4240 740 4343 politanus
765 4274 821 4328 in
853 4240 1143 4345 prlocinctu
1179 4273 1507 4330 desiderata:
1534 4275 1638 4330 sibi
1669 4276 2035 4346 navigationis

459 4360 517 4414 in
557 4363 768 4417 Italiam
819 4363 885 4418 ad
921 4365 1222 4419 concilium
1255 4365 1367 4420 illic
1391 4365 1786 4420 celebrandum
1821 4375 1878 4421 et
1901 4381 2035 4421 con-

457 4457 702 4510 cordiam
737 4457 1106 4512 Ecclesiarum
1142 4458 1519 4520 statuendam.
1557 4457 1822 4523 voluisse,
1858 4472 2029 4528 repu-

455 4559 660 4618 gnautc
708 4547 984 4620 Syropulo
1021 4558 1077 4605 et
1117 4550 1244 4604 aliis
1273 4550 1602 4621 quibusdam
1636 4551 1690 4605 in
1732 4551 2034 4606 schismate

2149 2062 2420 2118 relatione
2453 2062 2730 2134 Syropuli,
2767 2073 2878 2117 tres
2905 2063 3134 2118 laminas
3177 2073 3490 2133 argenteas
3519 2063 3717 2116 simula-

2149 2155 2262 2209 cris
2299 2153 2745 2209 Cherubinorum
2789 2154 3026 2219 caelatas,
3053 2153 3107 2209 in
3139 2171 3320 2208 unum
3357 2155 3617 2209 conﬂatas
3645 2155 3715 2207 di-

2150 2244 2470 2299 bamlmlum.
2533 2245 2720 2300 Restat
2773 2246 2962 2299 videre
3016 2245 3151 2314 quid
3203 2245 3441 2299 tandem
3501 2245 3576 2298 rei
3608 2259 3714 2299 esse

2149 2338 2506 2392 dibambulum
2538 2339 2955 2403 existimaverit,
2986 2339 3096 2392 imo
3135 2349 3299 2392 certo
3347 2338 3559 2399 scierit,
3581 2346 3633 2391 et
3651 2352 3709 2390 ex

2149 2429 2370 2499 publica
2399 2440 2531 2484 tunc
2557 2430 2800 2484 omnium
2832 2429 3026 2484 notitia
3056 2429 3304 2485 iunuere
3342 2429 3482 2483 satis
3521 2427 3706 2482 habue-

2151 2521 2220 2574 rit
2277 2520 2579 2591 Syropulns
2638 2520 2804 2574 idem.
2855 2519 3188 2588 lntclligitur
3255 2518 3313 2572 id
3379 2535 3446 2574 ex
3494 2517 3707 2587 quadam

2149 2613 2326 2684 ipsius
2351 2614 2712 2683 auguratione
2750 2613 2878 2668 inde
2911 2620 3132 2682 captata
3155 2654 3170 2677 ,
3208 2628 3386 2682 quam
3430 2612 3519 2666 his
3547 2610 3708 2664 verbis

2148 2721 2273 2761 mox
2308 2707 2547 2775 esplicat
2581 2722 2595 2758 :
2629 2707 2738 2758 Καὶ
2794 2706 2920 2759 ἀντὶ
2966 2704 3064 2759 τοῦ
3115 2704 3242 2775 θείᾳ.
3307 2702 3702 2756 ἐναποτίϐεσσαι

2145 2795 2422 2867 τραπέζῃ,
2465 2797 2541 2860 ὠς
2600 2796 2744 2867 ἱερὸν
2807 2796 3089 2865 ἀνάθημα.
3131 2796 3194 2848 τὸ
3248 2796 3309 2849 δὲ
3341 2793 3702 2864 λαμπαδοῦχθν

2147 2889 2512 2958 περιάγεσθαι
2542 2882 2641 2942 ὦδε
2673 2889 2916 2953 κάκεῖσε,
2942 2888 3107 2960 675
3139 2889 3239 2942 καὶ
3262 2890 3342 2952 ὡς
3371 2890 3558 2958 ἔτυχεν
3587 2891 3699 2942 ἀπο-

2143 2981 2393 3036 τίθεσθαι
2434 2984 2527 3036 καὶ
2578 2981 2891 3053 ῥιπτεῖσθαι
2948 2982 3261 3051 προοίμιον,
3319 2977 3478 3034 εἶπεν
3530 2982 3592 3035 ἄν
3631 2996 3700 3040 τις

2145 3070 2306 3124 τοῦτο
2357 3073 2456 3141 τῆς
2525 3072 2651 3124 ὅσον
2700 3069 2856 3123 abitio
2923 3071 3312 3140 γενησομένης
3363 3065 3695 3140 παρατροπῆς

2143 3162 2240 3216 τοῦ
2274 3162 2514 3232 καθαροῦ
2544 3163 2640 3216 καὶ
2665 3162 2961 3231 ἁκισδὴλου
2999 3163 3099 3230 τῆς
3148 3161 3489 3232 Ἐκκλησίας
3517 3160 3696 3228 δόγμα·

2147 3271 2258 3318 τος.
2284 3253 2412 3311 Hazc
2459 3264 2699 3311 sonant:
2733 3271 2802 3310 ex
2833 3256 2934 3310 ista
2965 3255 3304 3310 conﬂatione
3342 3255 3508 3310 trium
3541 3251 3693 3307 venti-

2145 3349 2426 3406 labrorum
2459 3365 2524 3404 ex
2557 3357 2802 3420 argento,
2835 3348 3029 3405 formis
3066 3349 3516 3405 Cherubinorum
3559 3346 3694 3400 cala-

2144 3452 2352 3508 torum,
2413 3442 2468 3496 in
2523 3458 2695 3498 unum
2737 3442 3141 3502 dibambulum.
3193 3449 3555 3498 consecutum
3587 3449 3689 3492 esse

2141 3541 2204 3586 ut
2234 3533 2325 3588 illa
2357 3535 2585 3588 materia
2617 3533 2888 3590 exciderit
2915 3533 3127 3588 honore
3154 3549 3270 3604 quo
3310 3533 3528 3604 dignata
3559 3528 3690 3599 prius

2140 3624 2341 3688 fuerat,
2375 3625 2651 3681 insideudi
2703 3641 2875 3682 sacrae
2918 3641 3123 3682 mensae
3162 3637 3220 3682 et
3273 3642 3344 3682 ex
3377 3641 3440 3680 ea
3466 3623 3680 3693 speciem

2139 3727 2426 3789 augustam
2459 3718 2775 3774 ostentandi
2801 3719 3011 3775 circum
3043 3719 3467 3782 venerantibus,
3493 3715 3676 3786 dejecta

2140 3826 2272 3866 vero
2309 3811 2474 3866 fuerit
2522 3811 2581 3866 in
2622 3826 2781 3866 usum
2834 3812 2996 3882 longe
3023 3802 3300 3877 viliorem,
3331 3810 3531 3880 quippe
3563 3805 3680 3860 facta

2138 3902 2529 3958 candelabrum
2563 3903 2670 3958 huc
2701 3903 2944 3973 illucque
2974 3902 3249 3973 portabile
3280 3913 3338 3958 et
3369 3898 3564 3970 deponi
3603 3903 3680 3950 aut

2137 3995 2331 4066 projici
2361 3994 2542 4051 ubivis
2575 3995 2818 4052 solitum.
2849 3995 3024 4061 Quam
3077 4009 3192 4049 rem
3226 3993 3548 4066 Syropulus,
3587 3986 3667 4056 qui

2135 4086 2417 4158 negotium
2444 4087 2848 4142 conciliationis
2873 4086 3240 4142 Ecclesiarum
3276 4085 3477 4142 Graecae
3505 4096 3564 4136 ac
3592 4078 3678 4132 La-

2137 4183 2268 4238 tinae
2291 4197 2394 4237 nee
2415 4181 2622 4252 suscipi
2644 4197 2887 4252 unquam
2915 4181 3180 4236 voluisset
3204 4196 3312 4236 nec
3335 4182 3677 4250 perpetratum

2135 4275 2381 4340 admisit,
2413 4274 2469 4329 in
2504 4289 2673 4329 omen
2713 4274 2897 4344 rapuit
2932 4289 3059 4328 mox
3090 4283 3365 4328 secutura:
3399 4263 3678 4340 perversiu-

2135 4367 2224 4423 nis
2253 4367 2381 4438 puri
2435 4375 2493 4421 et
2539 4366 2746 4421 sinceri
2803 4365 3061 4421 Ecclesiae
3118 4364 3432 4434 dogmatis;
3487 4356 3674 4429 qualem

2134 4460 2414 4522 evenisse,
2459 4459 2694 4524 sancita,
2750 4458 2998 4512 unanimi
3073 4457 3320 4513 Orientis
3375 4468 3495 4508 cum
3542 4445 3674 4504 Decio

2137 4551 2301 4608 dente
2330 4565 2628 4615 consensu,
2679 4553 2735 4604 in
2777 4555 2938 4604 sacro
2977 4549 3301 4605 Florentino
3328 4543 3557 4602 concilio
3590 4537 3673 4591 dav

455 4651 513 4693 et
543 4641 671 4695 odio
703 4641 1028 4696 Latinorum
1059 4642 1388 4707 obﬁrmatis,
1428 4644 1640 4712 portari
1683 4657 1871 4698 secum
1903 4657 2032 4696 vasa
2065 4651 2109 4708 ι)
2137 4644 2316 4699 ctrina
2339 4641 2712 4712 processionis
2744 4640 2983 4712 Spiritus
3029 4641 3205 4695 sancti
3237 4656 3302 4696 ex
3329 4639 3500 4721 [Patre
3527 4629 3664 4687 Filio-

455 4745 613 4785 sacra
655 4733 842 4786 omnia
874 4743 1078 4788 sancta:
1113 4732 1319 4804 Magna:
1343 4734 1604 4791 Ecclesiae
1634 4753 1648 4790 :
1679 4736 2034 4806 Πατριάρχης

457 4824 908 4894 πῖρεκελεύσατο
957 4826 1358 4896 ἑτοιμασθῆναι
1427 4829 1522 4880 καὶ
1570 4829 1638 4881 τὰ
1677 4830 1800 4894 ἱερὰ
1858 4829 2032 4899 σκεύη

455 4917 638 4971 πάντα
667 4917 768 4988 τῆς
808 4917 1120 4988 ἁγιωτάτης
1155 4918 1411 4989 Μεγάλης
1446 4921 1798 4990 Ἐκκλησιας,
1839 4921 2034 4991 δυσχε-

459 5009 765 5078 ραινόντων
799 5010 858 5064 δὲ
888 5011 1067 5081 ἡμῶν,
1105 5021 1215 5067 etc.
1262 5011 1337 5066 Ea
1365 5013 1680 5078 occasione,
1714 5027 1839 5068 cum
1874 5027 2030 5068 sacra

457 5101 550 5155 illa
586 5115 716 5156 vasa
768 5111 1195 5158 recenserentur
1247 5103 1304 5159 in
1340 5104 1588 5159 sarcinas
1629 5103 1869 5174 Iiganda,
1906 5119 2030 5174 quae

455 5190 702 5259 ipsorum
739 5205 858 5246 αενο
904 5199 1001 5247 aut
1047 5192 1210 5264 longo
1267 5208 1368 5248 usu
1401 5207 1562 5263 passa
1588 5190 1872 5262 quippiam
1913 5192 2034 5249 fue-

455 5292 600 5345 rant,
629 5282 1018 5338 reconcinnata
1049 5301 1112 5340 ac
1146 5294 1455 5342 restaurata
1481 5296 1647 5354 sunt;
1679 5287 1732 5341 in
1761 5303 1871 5358 quo
1897 5287 2026 5342 dum

439 5373 746 5439 (laborant
803 5375 1067 5439 artiﬁces.
1116 5379 1352 5450 contigit
1391 5379 1578 5434 oﬂ‘erri
1625 5381 1706 5436 eis
1741 5381 1841 5435 tria
1875 5379 2023 5450 ριπε-

451 5467 562 5520 δια.
599 5467 945 5539 Creygtonus
989 5471 1187 5526 inscite
1217 5473 1435 5543 pyxides
1471 5475 1656 5528 vertit.
1714 5472 2020 5527 Ventilabra

449 5561 599 5614 enim
632 5561 724 5615 illa
763 5578 865 5615 vox
919 5573 1102 5628 sonat,
1153 5571 1248 5620 aut
1286 5575 1347 5621 ut
1378 5576 1570 5621 auctor
1599 5565 1862 5634 antiquus
1883 5565 2022 5620 V'itze

453 5651 518 5708 S.
550 5650 697 5706 Petri
738 5651 1020 5719 Cavensis,
1055 5655 1199 5726 apud
1229 5655 1635 5712 lienschcnium
1665 5655 1752 5710 die
1777 5656 1811 5710 4
1846 5655 2027 5710 Martii

448 5758 500 5799 c.
535 5744 568 5797 4
595 5745 813 5810 scribit,
841 5745 1076 5817 ﬂabella.
1128 5749 1308 5805 Verba
1356 5750 1478 5817 ejus
1522 5750 1610 5804 hic
1638 5764 1861 5820 ponam,
1889 5749 2019 5818 quia

448 5850 612 5890 usum
645 5838 758 5889 τῶν
789 5839 1038 5908 ριπιδίων
1079 5841 1131 5898 in
1175 5860 1332 5899 sacro
1365 5843 1610 5897 indicant
1646 5840 1817 5897 :Cum
1866 5840 2024 5895 Tere-

445 5931 552 5987 δὶηὶ
598 5933 649 5987 in
691 5933 908 5989 ecclesia
945 5934 1259 5995 SJoamtis
1319 5941 1504 5995 missas
1564 5938 1640 6009 (S.
1688 5935 1876 5991 l’ctrus
1912 5936 2018 5993 Ca-

2136 4750 2268 4805 que,
2304 4734 2395 4790 hic
2421 4735 2674 4804 pertinax
2716 4735 2774 4789 in
2821 4734 3019 4790 haeresi
3051 4743 3108 4790 et
3135 4735 3435 4793 schismate
3467 4725 3671 4792 scriptor

2136 4835 2345 4882 temere
2379 4841 2445 4881 ac
2469 4825 2792 4896 blaspheme
2822 4842 2933 4881 non
2971 4834 3200 4880 veretur
3238 4823 3519 4878 allirmarc.
3551 4807 3665 4866 Illud

2135 4929 2323 4974 tamen
2375 4919 2494 4974 haec
2540 4919 2663 4989 ejus
2702 4918 2871 4988 impia
2899 4917 3168 4972 divinatio
3196 4916 3332 4971 mihi
3364 4912 3514 4969 aﬂ'ert
3541 4916 3668 4960 com-

2132 5010 2306 5076 modi,
2364 5020 2425 5066 ut
2468 5025 2536 5065 ex
2584 5026 2650 5068 ea
2702 5009 2992 5064 manifeste
3027 5018 3291 5078 appareat
3341 4993 3660 5060 dibambulunt

2131 5103 2280 5158 aliud
2305 5103 2443 5158 nihil
2472 5118 2641 5173 quam
2667 5101 3078 5172 λαμπαδοῦχον,
3103 5101 3520 5158 instrumentum
3543 5089 3659 5142 lanio

2130 5197 2365 5269 padibus
2410 5196 2694 5267 gestandis
2734 5198 2790 5251 in
2827 5202 3028 5266 pompa
3075 5194 3324 5267 praeferri
3369 5179 3654 5262 patriarcha:

2129 5287 2352 5344 solitum
2373 5327 2390 5354 ,
2423 5287 2584 5358 quale
2617 5287 2666 5342 is
2704 5301 3038 5358 processura
3079 5287 3136 5340 in
3172 5285 3379 5356 Italiam
3417 5275 3534 5336 sibi,
3564 5281 3654 5338 quo

2131 5380 2370 5434 maxime
2393 5389 2686 5451 augustam
2735 5394 2920 5434 rerum
2955 5393 3179 5434 suarum
3222 5373 3450 5448 speciem
3473 5361 3648 5438 plmbe'

2128 5483 2211 5528 ret
2245 5472 2474 5536 Latinis,
2509 5489 2733 5528 curasse
2766 5481 2827 5527 ut
2855 5487 3018 5541 quam
3049 5470 3497 5542 speciosissimum
3527 5451 3646 5554 tuo}?

2127 5581 2192 5620 ac
2235 5567 2413 5620 forma
2461 5575 2772 5634 pararetur,
2807 5538 2941 5620 hinc
2971 5538 3359 5634 intelligimus;
3385 5554 3510 5611 unde
3533 5549 3576 5600 iu
3601 5538 3642 5596 id

2129 5674 2302 5713 unum
2334 5657 2564 5712 materia
2589 5673 2710 5726 qua:
2754 5656 2933 5712 tribus
2969 5655 3161 5710 altaris
3196 5652 3338 5707 vasis
3373 5639 3641 5702 suﬂ‘ecerat.

2126 5762 2211 5807 cst
2266 5751 2536 5819 impensa.
2585 5751 2653 5806 Et
2699 5751 2928 5822 pertulit
2976 5749 3060 5822 [P.
3105 5746 3231 5818 £74]
3280 5753 3457 5800 revera
3507 5733 3638 5822 sitm“

2127 5842 2274 5897 istud
2322 5843 2404 5897 sic
2452 5843 2634 5898 lusum
2667 5819 2995 5913 casumque
3025 5839 3379 5896 dihambulum
3410 5819 3641 5927 losepbttl

2127 5935 2773 6008 Constantinopolitanus
2804 5937 3116 6008 patriarcha
3139 5930 3471 5992 Florentium,
3499 5914 3633 5982 ίεμιιιο
