3744 6546
94 388 167 448 737

89 503 142 558 ibi
171 491 361 552 solemni
400 504 493 544 suo
529 487 593 543 ad
642 501 836 559 papam
892 501 1114 542 accessu
1143 494 1422 541 ostentare
1448 495 1561 538 stu-
1589 494 1630 547 Α

86 593 186 646 duit.
230 585 468 640 Audiatur
518 580 656 634 idem
690 579 1017 651 Syropulus,
1075 595 1128 634 c.
1181 581 1274 641 2t.
1327 588 1466 634 sect.
1500 578 1554 641 4,

85 701 124 756 ρ,
145 681 232 734 99:
274 672 386 729 Εἶτα
412 672 770 742 διεμηνὺσατο
801 674 828 723 ὀ
864 672 1216 741 πατριάρχης
1247 670 1323 740 τῷ
1352 671 1558 739 πάππα

83 779 136 837 ὡς
166 769 379 841 βούλεται
405 765 495 816 καὶ
528 763 654 816 ίδεῑν
696 763 896 828 αὐτὸν,
930 764 1027 817 καὶ
1057 763 1143 816 ἕνα
1176 762 1317 834 τάξῃ
1342 763 1559 832 ἡμέραν

85 863 242 931 καθ’ἥν
270 856 573 925 ἀποδέχεται
603 854 766 908 τοῦτο
816 857 1076 925 ποιῆσαι·
1141 853 1342 908 Deinde
1389 854 1558 923 signi-

79 957 207 1028 ﬁmi-it
235 950 516 1021 patriarcha
569 963 723 1018 papa
761 946 894 1002 velle
939 963 995 1001 se
1041 948 1215 1017 ipsum
1246 946 1438 1009 visere,
1468 961 1558 998 ro-

35 1111 42 1121 ,
77 1066 168 1122 gens
191 1045 370 1100 utdiem
398 1041 703 1096 admissioni
724 1042 1048 1113 assignaret.
1076 1039 1245 1096 Paulo
1268 1048 1410 1110 post,
1441 1042 1559 1092 ἐπι-

78 1141 229 1204 στάσης
272 1128 356 1184 ὸῦν
395 1131 488 1199 τῆς
519 1129 926 1201 ἀποταχθείσης
977 1130 1210 1202 ἡμέρας,
1259 1147 1378 1183 cum
1421 1145 1559 1190 ῃινω.

74 1232 207 1283 tlituta
242 1225 336 1277 dies
363 1222 678 1289 advenisset,
722 1226 800 1276 ait
837 1222 1148 1294 Syropulus
1186 1222 1558 1292 patriarcham

77 1319 357 1366 intercutem
396 1325 514 1379 quae
550 1310 618 1364 ad
664 1326 918 1381 pompam
951 1311 1037 1366 sui
1062 1326 1259 1366 versus
1289 1327 1441 1383 papae
1463 1327 1572 1388 pa-_

74 1405 209 1458 latium
258 1414 527 1468 processus
587 1401 1080 1464 commendandam
1127 1402 1391 1472 providit,
1444 1403 1563 1474 jus-

73 1496 168 1550 sisse
195 1501 242 1546 ut
278 1491 375 1546 sibi
411 1491 770 1547 dibambulum
799 1503 854 1548 et
879 1495 1197 1550 dicanicium
1230 1497 1560 1567 praeferren-

75 1597 166 1639 tur:
201 1583 429 1650 Ἐπέταξε
476 1585 532 1637 δὲ
564 1585 654 1638 ἵνα
689 1585 965 1657 κατέχωσι
1015 1591 1111 1642 καὶ
1153 1587 1215 1641 τὸ
1259 1588 1560 1659 δισάμὸουι

71 1681 128 1729 lat
162 1678 234 1729 καὶ
261 1676 313 1728 τὸ
347 1676 647 1730 δικανίκιον
706 1679 1022 1750 ἔμπροσθεν
1086 1679 1274 1734 αὐτοῦ.
1331 1681 1430 1736 Est
1469 1681 1554 1734 δι-

76 1770 256 1822 κανίκιον
305 1769 618 1824 dieanicium
673 1771 883 1841 aliquid
947 1773 1130 1829 simile
1176 1774 1388 1829 baculis
1445 1774 1556 1830 illis

1360 368 1877 430 GLOSSARIUM.

3127 371 3238 437 738

1665 481 1774 534 lum
1819 497 1938 535 cum
1985 479 2253 552 lampade.
2281 480 2444 538 Aliud
2490 482 2638 538 enim
2685 491 2772 539 est
2833 483 3063 557 lampas,
3089 487 3241 546 aliud

1659 584 1843 626 contus
1877 584 2089 642 gestans
2133 572 2458 644 lampadem.
2479 574 2638 642 Quod
2664 575 2710 632 si
2735 587 2932 633 contus
2964 579 3241 653 intelliga-

1667 673 1758 719 tu‘r
1791 663 1990 720 bilidus
2021 667 2160 718 duos
2192 666 2349 734 quasi
2386 681 2568 720 ramos
2605 668 2964 736 prosendens,
2999 685 3245 740 quorum

1661 755 1896 824 quisque
1951 754 2004 810 in
2045 769 2262 810 summo
2292 755 2492 810 habeat
2520 756 2761 813 loculum
2789 761 3073 830 capiendae
3103 763 3242 818 lam-

1662 846 1790 916 padi
1813 856 2027 916 aptum,
2058 861 2240 902 veram
2271 847 2644 916 δισαμὸούλου
2681 852 3046 920 expressisset
3076 853 3240 910 Gret-

1662 952 1824 994 serus
1882 939 2156 1006 formam;
2214 948 2272 995 et
2330 940 2377 995 si
2414 941 2635 996 audiret
2685 957 2848 998 suum
2902 945 3235 1016 Syropulum

1661 1029 1945 1099 Creigton,
1999 1030 2143 1085 idem
2193 1031 2309 1101 ipse
2340 1035 2551 1087 sentire
2581 1032 2876 1089 debuerat.
2935 1035 3028 1091 Sic
3082 1039 3234 1093 enim

1662 1135 1773 1175 non
1819 1122 2099 1176 laboraret
2152 1122 2209 1176 in
2254 1121 2554 1178 divinando
2601 1139 2868 1193 quorsum
2927 1125 2973 1180 is
3007 1127 3232 1196 λαμπα-

1662 1209 1880 1281 δούχου,
1911 1213 2247 1266 instrumenti
2277 1211 2610 1284 lampadibus
2647 1215 2912 1284 gestandis
2937 1233 3232 1273 accommo-

1669 1299 1780 1354 dati
1817 1302 2175 1368 mentionem,
2209 1318 2262 1356 v.
2297 1304 2388 1366 55.
2428 1302 2609 1364 faciat.
2655 1320 2862 1374 ponens
2900 1307 2954 1362 id
2997 1309 3234 1364 vocabu-

1661 1392 1776 1447 lum
1835 1402 2093 1464 tanquam
2137 1410 2503 1466 synonymum
2545 1395 2935 1466 διὸαμδούλου.
2985 1401 3057 1456 At
3095 1405 3236 1459 nihil

1663 1482 1974 1537 mirabilius
2003 1493 2088 1538 est
2111 1499 2275 1554 quam
2310 1484 2456 1554 quod
2493 1485 2740 1540 omnium
2783 1487 2981 1542 horum
3033 1489 3240 1545 oblitus

1659 1572 1953 1643 Creygton,
1986 1574 2114 1629 dum
2154 1591 2206 1631 c.
2247 1576 2342 1642 24,
2376 1586 2510 1632 sect.
2548 1578 2606 1640 4,
2642 1593 2696 1646 p.
2747 1579 2838 1644 99,
2881 1579 3084 1634 iterum
3129 1582 3240 1637 illic

1660 1676 2027 1721 memoratum
2073 1682 2103 1721 a
2137 1682 2238 1722 suo
2272 1668 2546 1759 Syropulo
2567 1670 2933 1738 διδάμόουλον
2960 1656 3239 1742 interpre-

1661 1764 1828 1822 tatus,
1878 1761 2113 1813 astieum
2143 1760 2462 1830 papilionem
2523 1761 2576 1816 id
2632 1763 2896 1834 appellat.
2955 1763 3022 1818 Et
3069 1763 3236 1819 Nota-

71 1872 132 1916 ant
155 1859 297 1916 contis
340 1864 615 1932 argenteis
655 1865 838 1934 specie
871 1865 1151 1922 clavarum
1181 1867 1370 1938 (vulgo
1414 1884 1554 1932 mlas.
1591 1844 1632 1903 Β
1661 1864 1780 1904 rum
1842 1867 1896 1920 p.
1934 1850 2019 1916 18,
2053 1851 2200 1907 hunc
2234 1855 2412 1908 locum
2441 1853 2739 1924 indigitans
2762 1855 2842 1911 sic
2873 1857 3067 1911 scribit
3101 1873 3115 1910 :
3143 1859 3237 1912 At-

72 1969 128 2009 sas
157 1952 340 2024 vocant)
378 1969 514 2023 quas
565 1955 814 2025 praeferri
860 1955 1115 2013 videmus
1157 1958 1211 2012 S.
1244 1956 1310 2011 Β.
1337 1958 1399 2013 E.
1433 1974 1556 2015 car-

72 2045 306 2108 dinalibus,
374 2045 502 2100 dum
555 2048 883 2102 solemniler
929 2049 1242 2116 incedunt;
1307 2052 1553 2121 qualium

74 2136 213 2190 Grecis
233 2137 547 2205 patriarchis
590 2140 916 2194 usitatorum
965 2142 1214 2196 meminit
1239 2141 1553 2200 Chronicon

79 2227 404 2298 Coastantinop.
456 2228 544 2284 his
608 2230 792 2285 verbis
840 2245 856 2286 :
902 2232 1085 2298 ’ἰδίαις
1120 2236 1278 2304 χερσὶ
1324 2235 1557 2290 δέδωκεν

79 2322 168 2389 αὐτῷ
186 2319 455 2374 δικανίκιον
486 2322 690 2376 πολλοῦ
723 2323 892 2391 ἄξιον,
921 2325 1043 2397 ἦτοι
1074 2326 1272 2397 ῥάϐδον
1306 2328 1557 2400 ἀργυρᾶν

76 2413 585 2483 περιχιχρυσωμένην·
632 2411 875 2484 Propriis
938 2415 1184 2470 manibus
1241 2415 1386 2471 dedit
1452 2420 1556 2490 ipsi

71 2507 301 2559 dicaaieium
361 2509 543 2578 magni
605 2509 788 2578 pretii,
826 2509 934 2563 sive
977 2510 1184 2580 virgam
1248 2520 1557 2582 argenteam

68 2602 452 2658 circumeuntem.
500 2601 706 2656 Motam
773 2593 905 2656 vero
962 2617 1197 2672 pergens
1250 2603 1558 2676 Syropulus

68 2691 183 2745 fuisse
220 2692 372 2747 refert
416 2694 753 2763 patriarcha:
783 2695 1218 2750 controversiam
1253 2696 1320 2751 de
1357 2698 1557 2768 praela-

69 2783 167 2836 tlone
204 2779 467 2838 dibambuli
505 2794 562 2840 et
598 2786 854 2840 dicanicii
876 2826 893 2853 ,
944 2786 1172 2843 dicente
1217 2788 1298 2844 illi
1358 2804 1557 2860 magno

67 2875 430 2946 chartopbylace,
463 2879 551 2931 ὅτι
603 2878 843 2932 ἐνταῦθα
889 2878 1044 2933 οὖδὶν
1091 2880 1358 2949 ἀνήκουσι
1385 2898 1556 2950 προη-

64 2968 217 3034 γεϊσθαι
240 2969 417 3036 ταῦτα,
456 2971 630 3042 676
677 2969 771 3025 καὶ
815 2973 864 3025 sl
895 2971 1123 3042 bplass;,
1175 2971 1559 3042 καταλειφθεί-

63 3064 336 3117 τωσαν·Ηανσ
356 3065 449 3117 hoc
471 3066 588 3118 loco
607 3067 918 3136 prcegestari
948 3065 1084 3120 nihil
1107 3067 1336 3131 attinet;
1364 3083 1552 3138 quare,

61 3153 90 3204 si
121 3154 190 3208 tibi
218 3156 438 3221 videtur,
497 3157 897 3227 relinquantur.
945 3157 1152 3215 Contra
1202 3167 1384 3216 tamen
1437 3169 1624 3245 ten-c

61 3243 173 3298 dente
204 3247 530 3314 patriarcha,
589 3249 846 3304 convenit
893 3249 962 3304 ad
1017 3259 1328 3306 extremum
1381 3250 1555 3307 solius

60 3333 290 3390 dibambuli
336 3339 716 3408 praelationem
769 3341 972 3396 omitti.
1007 3341 1203 3411 Ὅμως
1251 3343 1436 3412 ἀφῆκε
1494 3345 1555 3398 τὸ

60 3426 362 3496 διὸάμδιυλον.
414 3430 749 3488 Candelabri
801 3433 958 3488 bifidi
1010 3437 1394 3504 praegestatio,
1431 3445 1556 3491 tan-

58 3535 170 3588 quam
212 3523 270 3576 ab
309 3538 403 3578 usu
457 3524 514 3578 in
565 3525 724 3580 Italia
770 3533 992 3595 recepto
1022 3525 1188 3582 nimis
1235 3526 1440 3592 aliena,
1469 3527 1552 3584 vel

56 3613 168 3666 aliam
213 3615 496 3684 quamlibet
555 3615 628 3670 ob
668 3631 926 3683 causam,
960 3617 1104 3673 ultro
1159 3634 1190 3672 a
1238 3620 1553 3689 patriarcha

56 3706 222 3761 remissa
265 3719 342 3764 est
374 3728 390 3764 :
421 3709 728 3764 dibambulo
791 3709 940 3764 domi
1017 3711 1236 3767 relicto.
1292 3713 1553 3770 Potuitne

56 3799 202 3854 clarius
226 3803 383 3856 astrui
430 3819 460 3858 a
491 3811 584 3858 me
616 3802 774 3872 prius
809 3802 1005 3858 tradita
1052 3803 1422 3875 διὸαμὸούλου
1455 3821 1554 3861 ηο-

56 3889 136 3943 tio?
158 3891 335 3948 Tamen
375 3895 481 3953 hoc
529 3895 668 3950 mihi
697 3895 954 3968 Syropuli
979 3896 1299 3968 sulfragium
1332 3897 1551 3969 eripere

53 3981 257 4054 Creygton
289 3988 561 4059 interpres
590 3997 821 4044 conatur
849 4005 862 4043 :
900 4005 1011 4058 quo
1041 4004 1325 4057 successu,
1359 3991 1552 4047 viden-

53 4073 142 4127 dum
185 4079 330 4133 modo
356 4088 552 4135 restat.
605 4079 695 4134 Ille
744 4081 914 4150 priori
965 4096 1031 4136 ex
1079 4081 1338 4137 indicatis
1386 4081 1547 4148 locis,

53 4182 86 4220 ι.
111 4169 174 4231 l7,
195 4174 384 4236 sect.5.
407 4189 467 4245 p.
501 4172 594 4237 6‘2,
628 4173 792 4228 verba
827 4174 940 4238 illa,
969 4174 1037 4227 τὰ
1067 4175 1122 4228 δὲ
1149 4174 1277 4246 (hoc
1310 4183 1398 4228 est
1422 4175 1550 4244 τρία

54 4258 223 4330 bulbis)
248 4263 320 4326 είς
346 4263 714 4335 διόάμόουλον
743 4266 1290 4337 μετεσκιυάσῦησαν.
1313 4267 1398 4322 sic
1427 4283 1551 4321 ver-

53 4347 128 4403 tit:
154 4349 237 4405 Sed
265 4356 428 4411 lum...
455 4366 561 4410 tres
593 4357 808 4426 pyxides
858 4359 912 4410 in
947 4374 1134 4425 unam,
1174 4360 1268 4412 sed
1309 4359 1548 4414 eamdem

50 4445 83 4486 et
119 4443 341 4508 gendnarn
388 4445 687 4518 ampullam
734 4447 996 4516 prodiere.
1057 4446 1206 4502 Idem
1275 4464 1440 4516 porro
1488 4449 1544 4504 in

1657 1945 1971 2015 ϐάμϐουλον
2024 1949 2079 2002 in
2135 1952 2230 2003 hoc
2272 1948 2388 2005 loco
2437 1952 2583 2004 omni
2636 1952 2792 2006 dubio
2822 1951 3011 2024 procul
3059 1953 3235 2009 velum

1655 2037 1920 2106 signiﬁcat
1956 2039 2333 2097 umbratile....
2376 2040 2512 2096 illud
2567 2044 2707 2097 enim
2766 2045 2939 2098 velum
2993 2043 3141 2110 dum,
3171 2054 3230 2098 ut

1655 2129 1896 2184 umbram
1949 2141 2154 2196 arceat,
2206 2148 2241 2186 a
2268 2140 2422 2187 conto
2451 2132 2679 2204 longiori
2717 2151 2884 2206 supra
2913 2138 3108 2206 capitis
3141 2137 3232 2205 [αα
3318 2179 3322 2183 .
3387 2148 3398 2157 ‘

1653 2223 1868 2293 stigium
1917 2223 2252 2294 explicatur,
2287 2226 2570 2281 incurvum
2615 2235 2663 2281 et
2708 2239 3035 2304 cameratum
3067 2229 3236 2297 [orni-

1655 2330 1766 2368 cem
1793 2324 2161 2386 reprcsentat,
2190 2317 2316 2372 dum
2353 2335 2536 2373 rursus
2573 2320 2643 2374 ad
2681 2330 2893 2374 contum
2937 2323 3232 2387 reducitur,

1657 2416 1954 2463 ventrosam
2003 2408 2344 2481 lagunculam
2386 2422 2479 2466 aut
2529 2412 2844 2483 ampullam.
2896 2412 2956 2468 In
3001 2413 3089 2468 his
3121 2429 3234 2468 non

1657 2514 1845 2566 qurere
1883 2515 1983 2555 cur
2023 2502 2241 2558 dicatur
2285 2503 2538 2568 umbella,
2567 2505 2705 2569 sive,
2759 2515 2818 2559 ut
2848 2504 3122 2578 Creygton
3153 2507 3236 2560 lo-

1657 2593 1846 2660 quitur
1869 2631 1884 2657 ,
1929 2594 2140 2648 wstivus
2178 2595 2404 2665 papilio.
2448 2597 2691 2651 umbram
2722 2613 2922 2665 arcere,
2970 2613 3096 2652 cum
3130 2597 3234 2652 soli

1655 2685 1844 2752 potius
1871 2685 2097 2740 arcendo
2148 2685 2236 2757 [P.
2287 2687 2415 2762 475]
2449 2698 2504 2745 et
2546 2689 2756 2745 umbras
2786 2691 3052 2747 facienda:
3080 2707 3233 2746 com-

1657 2787 1910 2846 paratum
1963 2782 2235 2852 ejusmodi
2281 2775 2707 2842 instrumentum
2751 2785 2846 2842 sit.
2884 2784 3024 2841 Illud
3064 2785 3233 2841 etiam

1657 2859 1821 2942 atque
1870 2874 2032 2928 etiam
2077 2875 2352 2946 explicare
2395 2874 2768 2948 Creygtonum
2819 2893 2888 2932 ne
2935 2887 3232 2949 gravetur,

1658 2976 1814 3033 rogo,
1861 2979 1968 3034 qua
1996 2967 2215 3022 tandem
2261 2967 2476 3024 ratione
2518 2971 2798 3024 metallum
2852 2970 3014 3022 trium
3075 2969 3233 3038 pyxi-

1655 3054 1781 3110 dum
1813 3057 2039 3112 conllari
2081 3058 2136 3115 in
2187 3060 2350 3132 6'77
2394 3077 2565 3117 unum
2615 3065 2852 3118 a’stivum
2901 3061 3232 3132 papilionem

1657 3149 1773 3204 sive
1804 3151 2096 3206 umbellam
2125 3154 2392 3224 potuerit.
2434 3154 2544 3209 Sed
2581 3158 2766 3232 omnia
2801 3155 2920 3210 lucc
2949 3156 3229 3210 arbitran-

1657 3241 1726 3297 da
1761 3257 1920 3314 :equo
1947 3253 2005 3299 et
2041 3245 2263 3301 erudito
2302 3247 2498 3303 lectori
2536 3247 2930 3317 permittantur
2962 3265 2976 3302 :
3006 3245 3230 3301 interim

1655 3333 1810 3402 dum,
1854 3351 1977 3405 qua:
2011 3338 2182 3393 multa
2213 3353 2314 3394 nos
2343 3350 2544 3395 vocant
2577 3339 2705 3403 alia,
2745 3340 3157 3410 prosequimur.

1723 3433 1934 3501 Διωρία
1983 3450 2038 3504 p.
2093 3435 2217 3491 589.
2257 3436 2435 3491 Videri
2494 3445 2681 3506 posset
2731 3436 2960 3507 διωρίαν
2993 3435 3085 3489 hic
3115 3429 3230 3488 dici

1654 3524 1888 3581 duarum
1929 3527 2191 3582 horarum
2220 3530 2484 3600 spatium,
2531 3531 2678 3587 sicut
2719 3532 3002 3584 trihorium
3028 3529 3229 3599 (Auso-

1654 3617 1751 3672 nio
1778 3627 1956 3688 poeta:
2006 3630 2270 3691 usurpata
2328 3625 2456 3693 vos)
2493 3631 2603 3678 tres
2633 3623 2800 3679 horas
2833 3623 3042 3684 iudicat
3077 3638 3092 3674 :
3131 3621 3228 3676 sed

1653 3725 1764 3766 non
1814 3719 1900 3768 est
1931 3711 2030 3766 ita.
2059 3713 2194 3768 Nam
2222 3715 2418 3785 glossa:
2462 3725 2680 3770 veteres
2713 3715 3016 3769 universim
3059 3729 3231 3784 expo-

1652 3807 1793 3854 nunt
1839 3798 2032 3870 διωρία
2064 3801 2422 3868 intercapedo,
2457 3805 2711 3872 spatium.
2739 3803 2803 3858 Et
2825 3802 3025 3859 Suidas
3053 3820 3066 3857 :
3097 3804 3226 3858 διω-

1655 3889 1766 3960 ρία,
1795 3890 2083 3960 ἀνακωχὴ,
2119 3893 2266 3965 quod
2297 3894 2496 3962 probat
2524 3894 2762 3949 adducto
2789 3895 2975 3950 statim
3006 3894 3128 3950 loco
3159 3911 3231 3951 ex

1649 3981 1910 4051 quodam.
1955 3991 2014 4036 ut
2045 3991 2295 4053 apparet,
2324 3984 2590 4039 historico
2623 4002 2637 4039 :
2663 3985 2835 4052 Δόξαν
2859 3986 2904 4040 δ’
2937 3987 3226 4044 ἐπανεῖναι

1649 4071 1748 4145 τὴν
1791 4074 2140 4144 πολιορκίαν,
2175 4077 2268 4130 καὶ
2319 4075 2546 4144 διωρίαν
2591 4075 2795 4147 βουλῆς
2830 4079 2946 4141 τοῖς
3000 4094 3229 4134 στασια-

1651 4165 1802 4228 σταῖς
1831 4169 2157 4236 παρασχεῖν.
2201 4165 2332 4222 Cum
2365 4175 2544 4221 autem
2591 4177 2720 4223 esset
2749 4169 3230 4224 visumremittea-

1649 4257 1775 4311 dam
1819 4258 2264 4328 oppugnationem
2316 4259 2460 4314 urbis
2513 4266 2562 4312 et
2612 4262 2846 4330 spatium
2897 4260 3227 4316 deliberandi

1647 4350 1908 4405 seditiosis
1949 4349 2207 4405 dandum.
2242 4350 2387 4420 Ergo
2426 4359 2483 4406 et
2536 4351 2590 4405 in
2619 4351 2724 4406 hac
2750 4352 2964 4424 reliqua
2995 4352 3225 4407 historia

1652 4452 1843 4497 noster
1872 4441 2167 4512 aliquoties
2202 4441 2431 4512 διωρίαν
2479 4459 2578 4514 pro
2613 4459 2765 4500 mora
2798 4451 2852 4498 et
2882 4443 3082 4513 spatio,
3112 4459 3224 4514 quo

53 4534 154 4587 notis
189 4536 246 4591 ad
293 4554 414 4594 eum
461 4541 645 4595 locum
684 4539 846 4594 docet
894 4558 907 4594 :
948 4539 1304 4611 dibambglum
1354 4557 1475 4596 esse
1515 4557 1546 4596 a

1698 4542 1903 4587 essatur
1953 4541 2051 4586 aut
2101 4531 2463 4606 deliberatur,
2520 4534 2696 4604 ponit,
2754 4543 2812 4589 ut
2870 4550 2995 4604 pag.
3058 4535 3219 4591 497:

51 4621 188 4681 Latina
216 4644 334 4685 voce
355 4631 618 4700 ampulla,
650 4647 958 4702 sonareque
983 4631 1278 4702 ampullam
1311 4633 1547 4704 biguttu-

53 4733 124 4769 rem
146 4724 323 4789 gemino
351 4741 438 4779 ore
463 4741 556 4779 seu
590 4725 865 4796 epistomio
897 4741 1126 4796 superne
1157 4726 1413 4780 hiantem.
1444 4727 1549 4782 De-

53 4809 194 4865 buerat
220 4827 388 4870 autem
431 4817 638 4872 addere
671 4831 836 4888 quem
865 4831 1025 4872 usum
1059 4817 1165 4872 tale
1200 4834 1295 4872 vas
1335 4818 1548 4874 habue-

52 4903 113 4967 rit,
139 4915 214 4960 aut
251 4924 401 4978 quam
426 4891 498 4964 ab
523 4924 770 4976 causam,
795 4911 944 4964 ituro
972 4907 1028 4963 in
1056 4908 1272 4965 Italiam
1307 4911 1546 4980 patriar-

50 4993 118 5049 cha
156 4997 553 5056 instrumentum
582 5001 704 5072 eius
730 5001 920 5057 formae
952 5009 1061 5058 tam
1095 5001 1334 5058 sollicite
1386 5018 1546 5073 para-

54 5095 130 5141 tum
162 5091 324 5159 fuerit,
356 5095 536 5150 tribus
563 5094 731 5150 etiam
771 5094 948 5150 sacris
987 5111 1058 5151 ex
1103 5095 1266 5150 altari
1299 5097 1448 5150 vasis
1485 5096 1544 5151 in

54 5179 88 5231 id
109 5185 314 5242 conflatis
340 5203 354 5241 :
383 5197 679 5242 contentus
700 5186 910 5244 erroris
930 5186 1194 5242 damnare
1223 5187 1544 5243 Gretserum

52 5272 270 5341 lesuitam,
301 5280 440 5350 quod
479 5279 579 5334 lib.
606 5280 914 5336 Comment.
960 5278 1018 5333 in
1063 5277 1262 5336 Codin.
1309 5281 1365 5345 5,
1400 5296 1453 5336 c.
1487 5281 1540 5345 I,

55 5381 89 5430 [ι.
111 5368 188 5423 217
211 5373 542 5443 dibambylum
570 5390 688 5427 cum
719 5372 964 5443 lampade
990 5373 1288 5441 confundit.
1318 5374 1373 5428 Id
1411 5389 1543 5428 vero

56 5457 252 5518 tiretscro
283 5464 409 5520 falso
437 5464 763 5536 imponitur.
792 5465 842 5520 Is
873 5465 1019 5520 enim
1054 5463 1130 5520 ibi
1173 5474 1385 5520 tantum
1409 5465 1543 5520 dicit

54 5550 122 5603 sibi
170 5555 285 5611 alias
322 5574 428 5612 non
469 5557 820 5627 displicuisse
879 5556 1246 5627 διὸάμϐουλον
1297 5557 1404 5613 dici
1444 5575 1543 5611 au-

57 5657 156 5696 reum
179 5659 361 5703 contum
412 5652 494 5704 cui
550 5649 755 5718 lampas
813 5649 1218 5717 imponebatur,
1249 5650 1341 5702 sed
1381 5665 1438 5703 se
1484 5650 1544 5703 in

56 5735 130 5787 alia
158 5751 299 5796 mente
324 5760 454 5796 nunc
482 5759 611 5798 esse.
641 5742 746 5809 Qui
779 5742 882 5798 etsi
947 5757 1056 5798 non
1103 5751 1373 5798 mutasset
1410 5759 1540 5798 sen-

59 5827 243 5898 tentiam,
275 5832 373 5892 dici
414 5851 518 5891 non
544 5843 727 5906 posset
750 5849 876 5891 eum
925 5835 1224 5907 confudisse
1266 5835 1538 5908 dibamby-

1662 4626 1752 4680 Ἐν
1773 4625 2023 4697 διωρίαις
2065 4625 2232 4680 ἐτίθει
2279 4625 2348 4678 τὰ
2388 4629 2504 4678 κατ’
2531 4629 2762 4681 ἐκεῖνον.
2801 4627 2986 4684 Utitur
3017 4637 3072 4682 ct
3117 4629 3225 4687 hoc
3295 4685 3298 4688 .

1649 4719 1918 4776 vocabulo
1977 4718 2036 4775 S.
2092 4719 2264 4774 abbas
2293 4718 2449 4773 Nilus
2495 4735 2548 4774 in
2579 4721 2806 4789 epistola
2845 4724 3002 4793 juxta
3027 4723 3228 4780 editio-

1647 4827 1773 4868 nem
1826 4823 2072 4866 nostram
2107 4811 2228 4875 150,
2281 4828 2337 4883 p.
2372 4813 2474 4868 159
2499 4815 2576 4886 (in
2607 4815 2914 4884 posteriore
2951 4825 3010 4872 et
3054 4818 3214 4888 longe

1646 4906 1896 4978 pleniore
1925 4905 2197 4960 Allatiana
2228 4914 2315 4961 est
2345 4907 2472 4971 215,
2505 4907 2542 4962 ι.
2577 4923 2656 4972 ιιι,
2679 4923 2734 4978 p.
2778 4905 2908 4974 396,
2952 4909 3220 4980 inscripta

1649 5003 1981 5068 Rodomino,
2017 5019 2143 5058 cum
2191 5003 2246 5058 in
2297 5003 2598 5074 archetypo
2631 5001 2778 5057 unde
2809 5001 3077 5073 descripsi
3109 5011 3222 5060 Ite-

1647 5097 1804 5153 diceo
1837 5096 2027 5152 codice
2060 5096 2192 5150 olim
2223 5096 2450 5166 legerim
2481 5111 2582 5167 ego
2617 5103 2673 5150 et
2696 5095 2966 5150 ediderim
2997 5098 3220 5154 Rhodo-

1644 5191 1854 5263 nymo).
1895 5189 1975 5244 Ibi
1999 5203 2131 5259 ergo
2158 5189 2274 5244 hac
2303 5188 2623 5258 loquentem
2654 5187 2787 5244 facit
2811 5198 3036 5245 sanctus
3055 5190 3221 5245 Pater

1645 5293 1994 5352 peccatorem
2049 5282 2488 5350 impmnltentem
2531 5282 2587 5336 in
2638 5281 2854 5351 judicio
2903 5297 3215 5352 supremo:

1646 5379 1811 5448 οἶμοι
1839 5376 1960 5439 πῶς
1990 5375 2256 5438 ἑκουσίως
2283 5375 2546 5428 ἀπώλεσα
2569 5377 2667 5442 τὴν
2691 5375 2918 5450 διωρίαν
2939 5376 3033 5428 τοῦ
3066 5393 3212 5448 παρ-

1643 5469 1890 5532 ελθόντος
1932 5467 2160 5538 χρόνουι
2194 5466 2294 5522 Hei
2326 5469 2468 5533 mihi,
2497 5468 2636 5537 quod
2679 5467 2856 5523 volens
2886 5484 3072 5540 passus
3095 5485 3213 5521 sum

1642 5565 1859 5633 efﬂuere
1895 5563 1952 5617 in
2005 5577 2197 5616 vanum
2258 5562 2493 5631 spatium
2527 5562 2785 5617 transacti
2846 5559 3094 5631 temporis
3146 5559 3216 5614 ad

1643 5653 2004 5724 paenitentiam
2040 5669 2340 5707 concessum
2359 5653 2379 5708 !
2846 5660 2854 5667 '

1718 5745 2147 5814 Ἐγκλητεύειν
2173 5758 2229 5814 p.
2268 5741 2393 5799 570.
2442 5743 2523 5800 An
2567 5743 2926 5814 ὲγκλητεύειν
2969 5744 3213 5813 reperia-

1645 5845 1735 5894 tur
1781 5835 1927 5908 apud
1977 5837 2150 5895 alium
2195 5835 2446 5896 Graecum
2511 5845 2814 5906 auctorem,
2876 5836 3064 5894 dicant
3111 5837 3211 5909 qui
