3744 6586
133 429 199 495 7n
288 412 293 417 ’

1386 407 1898 469 GLOSSARIUM.

3170 415 3279 480 742

134 517 287 578 .ientia,
313 506 691 580 ἀπροσδιόνυπα,
741 503 935 559 videor
987 502 1120 558 milii
1169 511 1351 559 tanten
1391 503 1476 558 vel
1525 519 1593 558 ex
1625 511 1672 570 Α
1697 503 2132 564 internecionem
2171 521 2358 578 usque.
2385 507 2763 573 conflixerant,
2804 507 3142 568 secutainde
3172 514 3283 566 mi.

130 617 202 668 hoc
222 607 360 664 nostri
385 604 494 655 loco
517 613 618 652 non
647 605 855 652 temere
883 597 1180 666 suspicariI
1205 596 1502 667 signiﬁcari
1533 611 1602 650 eo

129 699 325 757 vocabulo
347 709 451 764 qua:
491 691 661 745 Latini
711 689 980 743 subseciva
1009 698 1233 763 vocant,
1279 689 1421 744 ultra
1455 703 1604 744 men-

123 807 258 847 suram
286 793 461 844 rectam
477 780 787 836 excedentia
818 779 874 832 in
899 777 1293 852 partitionibus
1323 793 1602 846 agrorum.

121 888 216 940 tium
241 878 364 935 enim
401 871 721 946 agrimensio
756 887 855 943 per
904 871 1082 926 lineas
1128 872 1220 924 fiat
1263 868 1504 924 invicem
1535 867 1602 922 ad

122 983 249 1029 rectos
299 965 501 1037 angulos
547 973 744 1027 sectas,
811 977 954 1032 saepe
1009 963 1064 1014 in
1116 960 1328 1030 campis
1370 959 1606 1028 obliqua:

122 1072 254 1139 ligone
270 1057 583 1128 contingebat
612 1054 894 1110 abundare
932 1052 1168 1122 Spatium
1204 1050 1428 1121 aliquod
1452 1058 1608 1104 extra

118 1156 340 1228 anguium,
377 1151 471 1216 ἔξω
492 1148 708 1216 γωνίας,
744 1146 890 1218 quod
926 1145 1222 1214 ἐξαγώνιον
1262 1143 1460 1209 Grznci,
1505 1141 1608 1196 La-

118 1253 206 1312 tini,
242 1257 290 1301 ut
329 1245 451 1304 dixi.
488 1239 841 1296 subsecivum
880 1247 1159 1303 vocarent,
1193 1252 1336 1307 smpe
1365 1251 1462 1304 per
1491 1235 1607 1290 haec

115 1337 316 1394 vocabula
358 1317 565 1402 utrique
628 1339 786 1400 tropo
841 1331 1081 1400 quodam
1139 1329 1456 1383 indicantes
1521 1342 1608 1382 res

114 1429 375 1488 uceessorias
409 1441 502 1480 nec
535 1425 808 1496 praecipue
843 1423 1110 1484 intentas,
1139 1421 1236 1476 sed
1271 1435 1391 1489 qua:
1421 1430 1607 1475 aucta-

115 1528 156 1579 rii
199 1525 300 1578 loco
337 1519 400 1574 ad
454 1517 740 1589 primarias
792 1514 1232 1578 accumulentur,
1296 1513 1439 1570 sicut
1491 1512 1608 1568 istm

113 1612 477 1684 \tleCCiVﬂllaBl‘i
535 1615 721 1683 partes
755 1608 914 1662 alteri
962 1605 1259 1661 confinium
1285 1605 1604 1680 colonorum

111 1707 400 1763 addebantur.
419 1704 675 1774 Πάρεργα.
704 1700 876 1756 Graeci
900 1700 1060 1758 aliter
1078 1701 1377 1771 appellant.
1404 1687 1612 1770 quibus

111 1801 317 1874 precipue
345 1799 610 1854 intentum
648 1794 950 1868 designans
987 1793 1288 1863 respondet
1308 1792 1369 1846 τὸ
1398 1793 1606 1863 προύρ-

110 1913 192 1965 γῖυ,
214 1891 406 1963 quodet
429 1889 518 1948 hic
544 1896 732 1944 noster
754 1895 1005 1955 usurpat.

157 1985 402 2050 Ἐξὰντης
424 1997 476 2052 p.
507 1979 638 2036 265.
676 1979 804 2034 Scio
837 1977 1064 2046 ὲξάντην
1101 1977 1263 2047 vulgo
1299 1977 1482 2046 putari
1513 1976 1595 2030 di-

109 2092 209 2134 ctum
228 2076 366 2147 quasi
384 2075 484 2141 ἔξω
513 2075 670 2146 ἄτης,
697 2074 808 2126 sine
843 2087 1003 2136 noxa,
1035 2071 1370 2134 incolumem,
1400 2070 1608 2124 indem-

1707 597 1940 651 serrima
1993 598 2334 654 desolatione
2393 600 2562 658 totius
2600 601 2844 668 ipsorum
2900 603 3163 672 regionis,
3225 613 3284 658 et

1705 689 1898 757 paucis
1951 690 2250 746 admodum
2296 693 2540 760 ipsorum
2593 693 2825 750 Tzacam
2879 695 3180 765 fugientem
3227 697 3285 753 in

1707 782 2014 854 Bnlgariam
2041 785 2266 849 secutis,
2295 803 2473 856 nuper
2503 787 2616 842 illic
2647 789 2925 857 Oppressi:
2951 791 3283 859 praevalente

1705 859 2210 943 Osplientisthlabo.
2275 876 2455 932 Unum
2524 888 2781 948 superest
2850 880 3122 946 dubium,
3183 898 3286 937 cur

1707 966 2076 1036 Pacbyrneres
2105 967 2160 1022 in
2187 968 2436 1024 secundo
2459 985 2589 1024 casu
2622 970 2852 1042 ὲξάντης
2883 973 3091 1028 scribat
3116 991 3129 1026 :
3158 991 3285 1028 nam

1707 1059 1764 1114 in
1790 1059 1968 1128 primo
1998 1058 2174 1128 accipi
2234 1075 2342 1114 non
2396 1068 2596 1130 potest,
2649 1077 2774 1118 cum
2802 1063 2980 1118 tribus
3017 1079 3146 1121 mox
3189 1065 3286 1118 ad-

1703 1151 1908 1220 iunctis
1933 1149 2218 1205 femininis
2247 1151 2509 1220 genitivis
2558 1162 2847 1223 coaptetur
2891 1159 3156 1228 φανείσης
3191 1161 3287 1214 To-

1708 1242 1945 1312 χαρικῆς
1995 1242 2271 1307 ὲξθυσίας.
2322 1246 2404 1298 An
2456 1260 2614 1299 error
2658 1246 2747 1301 hic
2787 1250 3173 1318 agnoscendus
3228 1261 3287 1306 et

1706 1335 1963 1398 ἑξάπους
2015 1335 2471 1403 rescribendum,
2526 1348 2719 1393 contra
2798 1339 2962 1395 fidem
3035 1343 3284 1398 codicum

1709 1425 1792 1499 [l’.
1823 1427 1949 1500 478]
1981 1429 2318 1498 optimorum
2345 1429 2386 1482 Β
2423 1438 2478 1484 et
2503 1431 2547 1485 A
2570 1432 2592 1485 i
2616 1448 2741 1487 nam
2765 1433 3062 1490 Vaticanus
3091 1435 3194 1490 hoc
3216 1437 3285 1492 de

1708 1535 1860 1574 more
1887 1520 2091 1576 omisit.
2117 1521 2198 1576 An
2236 1521 2423 1592 petius
2467 1511 2997 1591 existimandumLe
3033 1527 3285 1581 nomina-

1709 1610 1822 1664 tivo
1855 1609 2121 1667 feminino
2149 1612 2344 1684 ἐξάντη
2377 1614 2616 1683 patrium
2651 1614 2798 1672 hunc
2821 1630 3006 1670 casum
3037 1631 3066 1670 a
3095 1627 3286 1672 nostro

1709 1703 1878 1757 duci?
1914 1704 2058 1774 quod
2093 1721 2291 1760 vereor
2324 1717 2382 1760 ut
2426 1707 2677 1776 analogia
2711 1717 2769 1762 et
2813 1717 2965 1764 recta
3016 1724 3287 1779 grammao

1711 1795 1832 1851 tica:
1856 1796 1998 1850 ratio
2021 1799 2332 1866 permittat.

1638 1882 1686 1946 Β
1783 1849 2378 1958 ’.Επιτύμὲιον-ᾖῗᾶὓ.
2409 1889 2538 1959 Agit
2568 1889 2636 1944 de
2681 1849 2963 1948 Nicandro
2993 1888 3286 1946 Larisseno

1711 1977 1980 2032 irridente
2005 1979 2383 2038 Andronicum
2413 1982 2542 2036 olim
2569 1983 2892 2052 episcopum
2933 1981 3285 2048 Sardcnsem,

1709 2079 1900 2139 postea
1925 2072 2280 2138 monachum,
2312 2073 2408 2130 sed
2443 2090 2543 2144 per
2574 2076 2936 2132 ambitionem
2971 2092 3004 2132 e
3034 2077 3144 2131 vita
3169 2093 3287 2130 mo.

111 2189 202 2225 ηειιι.
233 2169 382 2242 Cujus
406 2167 651 2224 nationis
686 2166 741 2220 in
778 2163 1055 2220 Phaedone
1086 2161 1329 2220 Platonis
1353 2161 1616 2231 exempla
1703 2162 1920 2250 pastica
1980 2179 2262 2238 reversum
2314 2166 2382 2220 ad
2447 2166 2784 2238 dignitates;
2841 2169 3046 2238 quibus
3104 2169 3288 2224 subita

111 2267 316 2333 ltguntur.
347 2258 446 2314 Sed
487 2273 603 2313 non
658 2257 959 2326 quadraret
993 2255 1058 2310 ad
1120 2255 1228 2310 loci
1277 2255 1610 2312 sententiam

111 2353 439 2428 interpretatio,
481 2367 608 2426 qua
661 2351 786 2406 istis
846 2349 1136 2420 vocabulis
1193 2347 1284 2404 hic
1337 2356 1606 2408 uteretur.

107 2447 185 2503 Non
208 2447 332 2502 enim
381 2445 503 2502 ideo
564 2443 843 2498 vocabant
883 2441 1106 2516 Bulgari
1139 2439 1208 2494 ad
1237 2456 1469 2510 regnum
1506 2439 1608 2496 Mi-

107 2541 287 2598 chaelem
337 2539 688 2604 Constantini
741 2538 886 2608 regis
937 2535 1215 2609 quondam
1265 2535 1352 2590 sui
1407 2533 1611 2598 filium,

103 2635 205 2705 quod
240 2634 347 2706 ejus
397 2650 521 2689 cum
573 2648 671 2702 spe
717 2644 1010 2702 successus
1062 2628 1362 2684 inchoandi
1400 2629 1610 2702 negotii

104 2739 264 2797 tempus
285 2740 422 2781 nunc
472 2739 600 2792 esse
657 2730 939 2795 putarent,
1007 2735 1136 2778 cum
1189 2719 1422 2776 adversa
1449 2720 1611 2791 stirpi

101 2818 377 2874 Ειηιευηιὶηὶ
409 2817 658 2888 potentia
691 2815 1072 2872 Tocharorum
1103 2812 1158 2867 in
1183 2809 1451 2887 Bulgaria;
1482 2827 1613 2868 con-

101 2909 195 2962 ﬁnio
218 2909 606 2964 dominantium
641 2915 814 2963 staret
843 2904 1143 2962 incolumis
1169 2921 1184 2958 :
1210 2903 1306 2962 sed
1341 2902 1396 2960 id
1417 2903 1611 2962 volunt

101 3001 363 3072 signiﬁcare,
398 3001 675 3058 infirmam
735 3013 858 3054 esse
912 2997 1078 3056 modo.
1127 2997 1278 3054 illam
1313 2997 1613 3072 minusque.

98 3108 216 3160 quam
235 3092 373 3164 prius
402 3090 832 3158 formidabilem,
863 3089 1011 3152 unde
1035 3089 1385 3146 occasionem
1417 3088 1612 3148 otIerri

99 3198 175 3236 non
214 3182 598 3252 aSpernandam
633 3183 936 3260 censebant
966 3181 1252 3238 Michaelis
1297 3181 1355 3238 in
1389 3183 1612 3254 paterni

96 3275 204 3343 regni
233 3275 626 3344 possessionem
653 3275 978 3346 reducendi.
1011 3273 1124 3352 Nec
1145 3273 1362 3330 abludit
1400 3273 1472 3332 ab
1496 3273 1609 3330 ori~

93 3365 182 3432 giae
205 3381 258 3422 ac
299 3368 610 3440 veriloquio
645 3369 756 3444 iam
785 3369 952 3441 680
979 3367 1223 3425 indicato
1254 3368 1407 3424 vocis
1446 3367 1611 3440 hujus

92 3461 175 3516 hac
218 3463 440 3520 secunda
504 3463 686 3520 notio.
750 3464 889 3519 Nam
942 3463 1174 3534 ὲξάντης
1219 3477 1288 3520 ex
1338 3463 1394 3517 vi
1442 3461 1611 3534 etymi

89 3555 266 3624 proprie
315 3565 473 3616 sonat
527 3571 660 3612 eum
710 3557 806 3626 qui
839 3572 907 3610 ex
933 3557 1087 3630 gravi
1122 3571 1264 3612 noxa
1309 3556 1610 3623 primulum

88 3660 336 3724 cmergere.
367 3649 568 3722 incipit
600 3657 657 3705 et
697 3648 801 3715 ἔξω
833 3649 974 3716 ἄτης
1015 3665 1158 3712 esse.
1195 3650 1394 3724 Itaque
1414 3659 1610 3710 votum

87 3746 147 3790 est
169 3736 298 3796 febre
323 3739 640 3818 laborantis
660 3753 724 3814 et
745 3742 948 3804 morbo
969 3743 1337 3814 periclitantis
1367 3743 1609 3810 sontica,

87 3831 156 3885 illo
201 3849 349 3894 versu
383 3852 733 3913 expressum
795 3853 961 3908 quem
1013 3839 1212 3900 recitat
1245 3837 1612 3910 Etymolos'tci

89 3936 265 3992 auctor,
292 3922 334 3984 ὦ
357 3915 498 3997 Ζεῦς
519 3930 780 3998 γενέσθαι
811 3931 996 4004 ,τῆσδέ
1055 3929 1112 4001 μ’
1161 3931 1392 4002 ιξάντην
1426 3931 1611 4002 νόσῳ.

88 4019 393 4102 Da,lupiter,
412 4023 639 4084 euadere
662 4040 743 4080 me
765 4024 1056 4098 perieulum
1082 4025 1240 4102 hujus
1271 4025 1458 4080 morbi.
1489 4025 1613 4086 iam

84 4130 212 4184 Porro
233 4132 397 4192 sanus
421 4131 554 4190 esse
577 4115 802 4184 dicitur,
827 4118 987 4191 cuius
1016 4117 1310 4174 remittens
1329 4123 1427 4172 aut
1456 4115 1614 4188 penis

84 4218 148 4262 tus
178 4225 379 4270 cessans
426 4210 609 4284 febris
639 4224 815 4280 spem
861 4208 1122 4280 reditura:
1161 4207 1494 4268 valetudinis
1523 4225 1614 4265 res

84 4301 244 4371 linquit
284 4303 586 4378 integram,
616 4301 786 4373 Cujus
829 4301 1070 4373 reiqqia
1099 4316 1328 4378 somnus
1359 4301 1416 4356 in
1452 4310 1613 4368 acute

83 4389 397 4454 febrientibus
448 4395 737 4474 interdum
796 4393 1013 4470 signum
1037 4401 1147 4458 est,
1192 4391 1453 4468 discipuli
1487 4391 1614 4448 dor-

83 4483 188 4540 mire
233 4486 587 4560 languentem
637 4485 908 4548 Lazarum
964 4501 998 4544 a
1041 4479 1266 4562 Christo
1323 4485 1615 4562 audientes

1639 3233 1677 3286 C

1710 2255 2074 2314 conversione
2113 2257 2286 2315 sortis
2307 2260 2542 2328 ejectns,
2578 2261 2766 2315 multis
2800 2277 2941 2330 quos
2973 2262 3290 2324 irritaverat

1709 2345 2013 2424 ludibrium
2071 2349 2286 2422 debuit,
2337 2353 2393 2408 in
2451 2354 2650 2424 primis
2715 2354 2996 2410 Nicandro
3023 2357 3112 2410 isti
3167 2357 3290 2427 ejus

1709 2454 1881 2510 opera
1925 2442 2243 2515 episcopatu
2275 2445 2457 2516 pulso.
2491 2447 2596 2514 Qui
2628 2457 2687 2504 ut
2721 2448 3044 2510 Andronico
3084 2465 3308 2519 expro-.

1711 2531 2269 2596 braretambitiosam
2303 2539 2650 2610 eruptionem
2685 2556 2716 2596 θ
2761 2550 2912 2598 statu
2959 2543 3285 2608 monastico,

1711 2628 2100 2689 monachicum
2156 2633 2214 2686 ei
2265 2633 2594 2704 ἐπιτύμϐιον
2646 2633 2861 2703 injecit,
2923 2619 3044 2704 ipso
3097 2636 3287 2692 statim

1711 2723 2018 2794 rejiciente.
2051 2721 2173 2780 Non
2203 2727 2420 2794 reperio
2449 2729 2578 2784 alibi
2610 2727 2754 2783 lianc
2797 2729 3139 2792 vocem,‘sed
3170 2745 3292 2784 ma-

1710 2815 1910 2871 nifeste
1935 2817 2221 2885 docet‘ltic
2252 2819 2372 2889 ipse
2416 2819 2573 2876 locus
2607 2819 2803 2889 capitis
2836 2829 3053 2890 tegmen
3098 2832 3292 2876 mona-

1709 2908 1940 2966 chorum
2007 2910 2290 2980 proprium
2329 2911 2409 2966 sic
2439 2913 2684 2977 dictum;
2727 2915 2874 2968 unde
2920 2921 2978 2971 et
3011 2914 3292 2976 cucullum

1710 2999 1904 3059 Latine
1927 3001 2167 3068 reddidi,
2200 3014 2260 3058 et
2287 3019 2413 3066 nios
2441 3004 2500 3060 in
2549 3005 2882 3074 repetitione
2925 3005 3008 3062 rei
3045 3005 3300 3076 ejusdem

1712 3095 2108 3152 ecclesiasticis
2158 3107 2482 3170 usurpatam
2539 3097 2916 3167 scriptoribus
2960 3114 3060 3168 pro
3089 3098 3306 3156 cuculli.

1713 3203 2018 3260 synonyma
2069 3189 2275 3260 caputii
2327 3204 2520 3246 vocem
2577 3189 2826 3250 adhibui.
2878 3190 3070 3252 Videri
3105 3192 3302 3260 possit

1681 3280 1996 3338 cucullum
2046 3281 2414 3350 monasticum
2480 3282 2614 3366 ideo
2663 3281 2892 3348 dictum
2946 3283 3292 3353 ἐπιτύμϐιον.

1715 3374 1862 3444 quod
1887 3390 2012 3429 cum
2045 3376 2216 3430 vestis
2245 3376 2362 3446 ipsa
2391 3375 2464 3431 sit
2493 3376 2650 3446 quasi
2672 3376 2985 3445 sepulcrum
3011 3374 3292 3440 monachi,

1717 3467 1967 3528 cucullus
1993 3477 2175 3534 exstet
2198 3469 2347 3526 velut
2377 3485 2515 3538 apex
2538 3485 2602 3525 ac
2626 3466 2908 3538 fastigium
2939 3468 3163 3524 tumbae.

1708 3567 1720 3578 '
1784 3562 1949 3634 εει
1981 3562 2603 3632 Ἐσκαμματισμένος,
2636 3577 2690 3630 p.
2743 3561 2870 3616 “5.
2904 3560 3048 3628 Quid
3089 3560 3160 3618 sit
3189 3561 3298 3622 hoc

1718 3656 1848 3712 loco
1890 3655 2410 3726 ἑσκαμματισμένος
2443 3659 2630 3716 minus
2663 3654 2868 3714 mirum
2903 3665 2993 3714 est
3045 3653 3296 3724 ignotum

1717 3747 1855 3808 mihi
1901 3763 2022 3806 esse
2061 3763 2332 3819 nusquam
2387 3747 2519 3804 alibi
2551 3748 2660 3806 tale
2718 3747 3050 3808 vocabulum
3109 3754 3294 3812 nacte,

1717 3855 1842 3901 cum
1867 3855 1939 3897 ne
1972 3839 2236 3898 Vaticano
2266 3823 2490 3912 quidem
2523 3837 2899 3910 paraphrasta
2928 3836 3082 3896 vocis
3127 3837 3300 3907 huius

1718 3941 1963 4005 potestas
1981 3940 2274 4008 perspecta
2298 3929 2490 4000 fuerit,
2521 3938 2687 4000 prout
2703 3937 2944 3999 apparet
2965 3943 3034 3992 ex
3057 3943 3123 3986 eo
3147 3939 3306 3998 queo.

1719 4021 2246 4094 ὲσκαμματισμὲνος
2285 4021 2394 4076 viri
2437 4036 2644 4088 nomen
2700 4020 2962 4094 intelligit
2988 4017 3236 4080 distincti
3264 4032 3301 4074 a

1719 4112 2154 4186 Mosebampare,
2211 4113 2390 4185 hujus.
2429 4111 2688 4174 videlicet
2750 4099 3302 4181 incliartopbylacis

1719 4205 1899 4264 ofﬁcio
1925 4205 2283 4264 successoris.
2320 4203 2413 4262 Sic
2440 4203 2682 4274 enimah
2707 4218 2771 4260 eo
2797 4203 2900 4260 hic.
2919 4203 3087 4271 locus
3109 4201 3300 4268 reddi-

1720 4305 1811 4354 tur
1847 4315 1863 4352 :
1895 4297 2128 4369 ⁴Συμὸἂιν
2167 4297 2223 4351 δέ
2257 4315 2309 4351 τι
2343 4297 2440 4352 καὶ
2481 4297 2612 4369 περὶ
2645 4297 2735 4352 τὸν
2775 4294 3300 4366 tantamtantade

1721 4389 2116 4462 χαρτοφύλακα
2145 4389 2244 4446 καὶ
2285 4389 2708 4460 Μοσχάμπαρα.
2745 4389 2999 4458 Ἔχοντες
3030 4385 3124 4440 οὖν
3153 4378 3302 4446 οὗτοι

1722 4481 1817 4542 καὶ
1849 4483 1942 4536 τὸν
1973 4479 2506 4552 Πεντεκκλησιὼτην
2537 4480 2822 4544 ὲνεκότουν
2851 4479 2928 4548 τῷ
2955 4477 3299 4549 πατριάρχῃ·

79 4575 220 4642 aiunt,
251 4565 406 4640 Joatt.
449 4595 531 4654 It,
566 4577 636 4632 η
674 4595 688 4633 :
731 4577 926 4648 Κύριε,
953 4577 1001 4629 εί
1047 4576 1404 4648 κεκοίμηται,
1439 4577 1612 4655 stoer]-

1723 4575 1801 4632 ιω
1831 4576 1951 4643 ille,
2006 4584 2118 4631 tres
2151 4590 2388 4645 ponens,
2434 4574 2530 4630 ubi
2563 4575 2700 4630 satis
2741 4572 3034 4630 manifeste
3059 4571 3301 4628 duorum
3397 4637 3402 4644 _

81 4682 220 4724 aetat.
255 4669 496 4737 Damnat,
548 4672 597 4724 ai
651 4669 869 4748 dormit,
906 4668 1086 4749 salvus
1118 4670 1241 4724 erit.
1273 4669 1416 4746 Ergo
1469 4685 1616 4731 cum,
1647 4673 1652 4678 “
1725 4678 1939 4726 tantum
1973 4678 2166 4736 auctor
2218 4669 2494 4734 meminit,
2547 4665 2983 4736 lloschamparis
3009 4663 3303 4740 ex_cbarto~

78 4776 208 4830 quem
262 4762 628 4838 Hippocrates
689 4761 918 4830 ὲξᾶντην
973 4761 1132 4827 dicit,
1199 4759 1442 4834 Galenus
1491 4761 1619 4833 ὑγιῆ

78 4872 233 4911 tunam
257 4839 682 4932 interpretatur,
715 4855 796 4916 sic
825 4855 1534 4931 intelligendumputarim,
1562 4867 1624 4912 ut

81 4949 193 5003 malo
254 4951 576 5010 defunctum
631 4959 688 5006 et
741 4949 900 5006 febre
955 4935 1156 5024 purum
1195 4949 1330 5006 velit
1385 4947 1620 5020 dicere:

80 5055 176 5096 nam
192 5052 243 5100 et
265 5044 321 5100 bi
345 5044 615 5110 dicuntur
635 5042 924 5119 ὑγιαίνειν,
948 5041 1078 5097 licet
1105 5039 1175 5098 ad
1205 5041 1431 5112 plenum
1457 5041 1625 5112 robur

80 5131 243 5206 integri
269 5138 478 5210 vigoris
521 5136 768 5196 nondum
807 5133 1121 5193 confirmati
1149 5133 1282 5198 sint,
1314 5134 1410 5190 sed
1441 5134 1624 5190 adhuc

79 5225 381 5285 debilitatem
412 5230 833 5285 imminutarum
875 5227 1072 5284 morbo
1119 5227 1322 5284 virium
1357 5227 1622 5284 sentiant.

79 5318 140 5374 Ac
170 5320 299 5378 forte
333 5329 492 5380 more
521 5338 624 5396 suo
651 5321 909 5393 llesycbii
965 5321 1177 5393 glossas
1211 5320 1268 5376 in
1301 5320 1492 5377 animo
1530 5321 1626 5375 ha-

82 5411 235 5471 buerit
257 5417 626 5490 Pacbymeres
648 5417 766 5472 hate
783 5415 1059 5480 scribens,
1085 5414 1401 5486 ubilegerat
1428 5433 1442 5470 :
1464 5414 1623 5482 ἐξάνο

80 5521 179 5576 τηη
212 5510 355 5582 ὁτῆς
395 5511 552 5565 νόσου
585 5509 690 5575 ἔξω
720 5509 818 5564 ὢν.
853 5507 958 5576 Qui
1007 5516 1191 5572 autem
1241 5523 1273 5564 e
1307 5509 1508 5564 morbo
1537 5525 1628 5566 re-

79 5611 182 5655 cens
201 5603 458 5672 emergit,
482 5601 682 5656 debilis
713 5600 1408 5676 videlicetlimbeciliisque
1441 5601 1626 5660 adhuc

79 5700 163 5755 est,
186 5695 369 5763 quales
397 5703 522 5750 tum
555 5692 731 5749 videri
764 5701 1021 5764 poterant
1074 5692 1450 5750 Tocharorum
1499 5694 1629 5749 Bul-

81 5785 199 5852 garis
223 5787 585 5844 ﬁnitimorum
615 5803 771 5860 opes,
802 5785 1112 5858 utpotequi
1143 5787 1308 5856 paulo
1332 5796 1458 5844 ante
1480 5786 1627 5844 bello

83 5878 198 5938 inter
223 5898 278 5940 se
315 5885 490 5950 civili,
531 5884 766 5956 ducibus
790 5883 922 5940 hinc
949 5883 1148 5940 Tuctai
1191 5883 1320 5940 inde
1343 5884 1520 5956 Nega,
1556 5886 1624 5944 ad

1723 4761 1975 4836 pbylacis
2029 4770 2088 4816 et
2133 4759 2748 4830 Quinqueecclcsiensis
2809 4757 3099 4818 antistitis.
3161 4753 3300 4812 Nam

1725 4870 1851 4912 cum
1907 4855 2254 4918 nominasset
2304 4853 2836 4924 ἑσκαμματισμένρν
2881 4850 3300 4923 χαρτοφύλακα.

1722 4962 1854 5016 mox
1901 4961 2185 5018 exponens
2221 4946 2348 5017 quis
2379 4946 2426 5002 is
2455 4954 2603 5004 esset
2651 4955 2709 5003 et
2753 4961 2927 5016 quam
2976 4943 3052 5000 ob
3082 4959 3304 5000 causam

1724 5041 2249 5113 ὲσκαμματισμένος
2299 5041 2605 5116 diceretur,
2667 5037 3050 5110 parentbesim
3112 5035 3307 5093 inserit

1723 5153 1831 5208 qua
1873 5141 2037 5192 docet
2087 5135 2558 5203 Moscbamparem
2614 5132 2794 5194 cilicio
2839 5131 3304 5202 chartopbylacis,

1727 5232 1883 5302 prius
1906 5245 2069 5300 quam
2101 5230 2218 5285 bare
2243 5226 2440 5284 fierent
2469 5227 2678 5294 quibus
2707 5241 2768 5283 se
2799 5225 3094 5282 narrandis
3123 5224 3310 5281 accitu

1725 5326 1911 5396 gebat,
1936 5324 2260 5388 decessisse,
2287 5322 2394 5378 hoc
2422 5323 2541 5392 ipso
2569 5321 2824 5376 indicans
2849 5318 3313 5390 ὶσκαμματισμέ-

1726 5437 1817 5474 νον
1845 5417 2239 5490 χαρτοφύλακα
2282 5415 2371 5470 bie
2404 5431 2435 5469 a
2491 5429 2550 5470 se
2608 5415 2847 5484 positum
2881 5427 2983 5483 pro
3024 5413 3313 5467 excitat-to-

1731 5514 1960 5585 pbylaee
2040 5510 2154 5568 sive
2223 5507 2652 5580 chartophylace
2717 5517 3093 5566 exauctorato.
3167 5502 3314 5572 Quid

1729 5608 1962 5673 σκάμμα.
2002 5603 2075 5657 sit
2135 5611 2192 5656 et
2255 5601 2390 5672 quid
2444 5602 2513 5654 sit
2565 5600 2920 5670 ἐσκαμμένα,
2957 5597 3170 5652 nemini
3229 5604 3316 5651 est

1729 5702 1980 5770 ignotum
2028 5711 2140 5752 non
2175 5696 2334 5766 plane
2371 5694 2666 5764 peregrino
2703 5695 2757 5747 in
2791 5692 3112 5748 Graecorum
3144 5690 3318 5744 libro-

1731 5808 1850 5848 rum
1887 5791 2145 5846 lectione.
2189 5788 2331 5855 Quid
2363 5798 2550 5843 autem
2587 5789 2678 5841 hic
2720 5784 3069 5841 comminisci
3115 5781 3316 5836 verisi-

1729 5885 1921 5941 milius
1974 5897 2266 5955 possumus
2311 5897 2474 5951 quam
2531 5881 2614 5936 vel
2654 5876 3312 5957 finxissePaehvmerem
