3856 6570
427 390 537 456 'Ilrl

1354 388 1418 447 1’-
1464 377 2464 449 POSSINITOBSERVA'NONUM
2514 368 2659 441 LIB.
2702 378 2754 441 Ι.
3571 380 3662 446 ιιι

431 515 666 556 vernum
705 497 1113 570 σκαμματίζειν
1165 513 1232 553 ex
1282 498 1505 554 nomine
1549 500 1805 568 σκάμμα,
1841 496 1926 550 vel
1961 494 2018 550 id

2145 494 2319 567 igibili
2347 494 2569 549 cunctis
2592 505 2751 547 voce.
2786 490 2911 545 Post
2945 490 3093 561 quod
3118 497 3175 543 ut
3201 501 3476 562 praecepto
3501 492 3668 549 orandi

430 593 667 648 verbum
712 601 806 645 aut
847 592 992 662 apud
1019 599 1302 646 auctorem
1347 591 1507 645 nobis
1541 589 1881 658 incognitum
1926 603 2017 641 re-

430 696 650 758 pertum
701 697 793 739 aut
836 699 937 739 usu
980 685 1193 755 vulgari
1236 684 1513 738 sermonis
1561 666 1849 753 Byzantini
1885 690 2019 734 tunc

433 780 625 833 tritum
667 791 781 831 suae
825 777 1072 831 historia:
1113 776 1460 830 inseruisse?
1499 772 1811 841 Excogi'ari
1854 788 2020 843 porro

432 871 637 939 duplex
673 878 853 940 potest
884 867 1129 922 notionis
1162 867 1287 920 talis
1319 867 1451 921 huic
1487 864 1779 934 participio
1810 866 2021 934 ἐσκαμ-

396 1034 398 1037 τ
436 963 769 1034 ματισμένος
799 962 904 1015 hoc
944 960 1065 1014 loco
1099 958 1288 1013 inditae
1327 958 1491 1013 ratio.
1525 958 1684 1012 Prior
1704 957 1832 1027 quia
1859 957 2022 1012 tabu-

434 1054 637 1109 larium
694 1053 1156 1117 ecclesiasticum,
1195 1051 1284 1106 cui
1337 1050 1704 1105 custodiendo
1758 1049 2015 1120 praeposi-

435 1157 525 1203 tus
551 1157 671 1201 erat
718 1145 1139 1217 chartopbylax,
1175 1143 1448 1199 credibile
1479 1154 1564 1199 est
1606 1144 1661 1197 in
1696 1144 1819 1199 loco
1851 1143 2021 1213 septis

433 1245 779 1299 circumdato
808 1242 983 1298 fuisse
1027 1251 1331 1297 servatum.
1384 1240 1551 1310 Septa
1582 1249 1766 1295 autem
1813 1241 2024 1311 taxat»-

438 1337 578 1406 μένα
621 1347 677 1392 et
725 1337 957 1406 σκάμμα
990 1335 1145 1390 locus
1177 1333 1321 1388 fossa
1350 1343 1405 1389 et
1429 1333 1574 1388 vallo
1616 1332 2021 1387 circumclusus

435 1429 677 1493 dicitur;
712 1428 858 1482 unde
919 1430 1363 1499 σκαμματισθεὶς
1409 1437 1504 1483 aut
1557 1424 2023 1497 ὲσκαμματισμέ-

435 1539 525 1584 νος
556 1521 797 1581 dicatur,
833 1519 929 1588 qni
969 1530 1125 1589 septo
1167 1519 1528 1575 ecclesiastici
1571 1519 1741 1575 archii
1772 1533 2025 1573 excesse-

436 1615 510 1668 rit
534 1615 657 1685 jure
704 1613 907 1667 amisso
947 1613 1061 1669 illic
1111 1612 1441 1683 praesidendi
1476 1620 1596 1682 post
1639 1612 2025 1684 chartOphyla-

436 1708 517 1761 cis
552 1704 791 1760 ofﬁcium
825 1705 1112 1760 amissum.
1148 1704 1247 1760 Est
1274 1715 1537 1773 praeterea
1576 1704 1808 1773 σκάμμα
1850 1703 2024 1773 magis

435 1797 661 1869 preprie
697 1798 853 1851 locus
883 1796 1227 1852 certaminis.
1268 1795 1636 1866 Hieronymus
1668 1793 1733 1848 ad
1765 1792 2023 1848 Pamma-

2121 603 2225 659 pro
2259 585 2573 642 ordinando
2612 592 2864 655 pareant,
2909 592 3020 637 tam
3072 582 3163 653 qui
3204 593 3337 637 sunt
3382 584 3517 642 intra
3562 603 3673 641 can.

2122 680 2291 736 cellos
2329 676 2661 750 presbyterii
2686 691 2877 746 ,quam
2924 675 3019 746 qui
3061 685 3235 739 extra,
3282 677 3488 744 pariter
3516 680 3674 734 accla-

2122 772 2518 842 mant,Ktipts,
2556 770 2804 841 ιλέησον,
2836 768 3080 832 Domine,
3115 770 3386 823 miserere.
3426 769 3573 825 Tunc
3599 787 3673 827 cc—

2121 868 2344 923 lebrans
2375 863 2656 935 Evangelii
2690 863 2947 918 volumen
2969 862 3210 932 explicat
3260 870 3317 916 et
3344 862 3426 916 sic
3455 874 3676 933 apertum

2124 962 2357 1032 imponit
2404 959 2571 1030 capiti
2614 967 2671 1013 ct
2723 956 2867 1013 collo
2904 957 3026 1027 ejus
3066 956 3161 1027 qui
3196 954 3509 1020 ordinatur,
3543 956 3676 1030 adju-

2124 1052 2370 1108 tantibus
2404 1052 2457 1106 in
2485 1067 2554 1107 eo
2585 1058 2642 1106 et
2684 1049 2810 1105 aliis
2849 1048 3127 1119 episcOpis
3160 1068 3174 1101 :
3219 1049 3578 1103 ’Δναπτύσσει
3627 1050 3677 1103 τὸ

2123 1144 2461 1214 Εὑαγγέλιον
2488 1145 2516 1197 ὁ
2549 1144 2867 1215 ἀρχιερεὺς,
2902 1144 2998 1197 καὶ
3048 1141 3329 1213 ἐπιτίθησι
3383 1144 3446 1214 τῇ
3492 1142 3675 1214 κεῳαλῇ

2123 1238 2221 1291 καὶ
2271 1235 2349 1307 τῷ
2387 1235 2650 1306 τραχήλῳ
2683 1234 2779 1288 τοῦ
2813 1235 3325 1306 χειροτονουμένου.
3374 1238 3678 1302 ἁυνεφαπτο-

2129 1330 2305 1400 μένων
2363 1330 2459 1383 καὶ
2513 1328 2625 1381 τῶν
2676 1328 2855 1382 ἄλλων
2908 1328 3237 1399 ἀρχιερέων.
3293 1326 3375 1382 En
3442 1326 3566 1398 quid
3614 1328 3675 1383 sit

2125 1422 2292 1489 ζυγὸν
2347 1420 2443 1476 τοῦ
2502 1420 2661 1489 ἁγίου
2717 1420 3058 1489 Εὑαγγελὶου
3109 1419 3364 1483 τιθέναι,
3415 1420 3553 1490 quod
3604 1420 3678 1475 hic

2125 1525 2315 1571 noster
2366 1523 2656 1581 memorat,
2688 1514 3028 1570 caeremoniae
3080 1512 3452 1568 ordinationis
3493 1522 3674 1583 partem

2127 1608 2276 1662 illam
2306 1607 2461 1661 obire
2510 1621 2617 1677 qua
2661 1621 2820 1661 sacer
2850 1605 3140 1677 Evangelii
3193 1604 3374 1660 codex
3402 1606 3678 1675 explicatus

2126 1698 2353 1767 ponitur
2388 1713 2551 1768 supra
2591 1707 2760 1768 caput
2790 1707 2845 1753 et
2875 1698 3079 1753 collum
3115 1697 3239 1769 ejus
3283 1696 3379 1767 qui
3421 1696 3680 1751 ordinatur

2128 1787 2195 1843 ad
2226 1789 2449 1843 modum
2478 1789 2619 1859 jngi,
2648 1786 2837 1856 ζυγοῦ.
2870 1788 3046 1843 Porro
3097 1787 3153 1842 in
3197 1785 3411 1843 codicis
3457 1795 3677 1856 apertum

438 1890 627 1943 ebium
664 1907 677 1943 :
709 1888 820 1943 Cur
862 1898 918 1941 tu
943 1888 1153 1943 omissis
1189 1903 1352 1955 super
1380 1887 1567 1958 quibus
1606 1902 1784 1957 pugna
1815 1896 1911 1953 est,
1962 1886 2025 1939 de
2056 1891 2098 1946 Β
2129 1882 2345 1935 curiosa
2402 1881 2726 1950 superstitio
2783 1880 3039 1951 captabat
3086 1894 3253 1935 omen
3306 1895 3376 1935 ex
3421 1878 3595 1934 verbis
3632 1879 3675 1933 in

435 1987 724 2034 scammate
762 1987 811 2032 et
841 1979 954 2032 loco
975 1980 1283 2034 certaminis
1313 1978 1610 2049 egrediens,
1649 1979 1705 2031 in
1733 1978 2026 2048 peregrinis

436 2082 486 2127 et
518 2071 670 2143 longe
699 2073 885 2126 alienis
916 2072 1361 2142 disputationibus
1403 2071 1750 2126 immoraris?
1778 2069 1871 2126 Sic
1903 2086 2031 2125 san-

440 2174 564 2221 ctus
595 2163 791 2218 doctor
825 2182 840 2231 ;
869 2178 935 2218 ex
966 2178 1077 2234 quo
1116 2163 1293 2233 liquet
1314 2162 1674 2218 usitatissimo
1719 2160 2029 2233 significatu

440 2256 673 2325 σκάμμα
719 2255 956 2327 [ιλιιτν]
1002 2254 1111 2310 dici
1156 2263 1376 2323 septum
1433 2257 1581 2311 intra
1613 2255 1763 2327 quod
1815 2264 2031 2312 certant

439 2348 682 2413 athletze,
720 2347 865 2417 quod
892 2346 1036 2402 Galli
1068 2347 1398 2418 champ-clos
1429 2355 1648 2403 vocant.
1687 2345 1828 2405 Hine
1856 2347 2029 2404 altera

340 2478 349 2485 -
440 2441 664 2496 ducitur
693 2455 859 2496 causa
883 2456 984 2494 cur
1007 2454 1038 2493 a
1069 2439 1405 2511 Paebymere
1451 2438 1838 2511 Moscbampar
1868 2440 2031 2495 char-

442 2534 707 2605 tophylax
740 2533 848 2588 dici
908 2532 1437 2603 ἔσκαμματισμινος
1484 2532 1749 2603 potuerit.
1786 2531 2033 2589 Commi-

444 2634 593 2681 serat
620 2625 769 2681 enim
819 2624 867 2678 is
894 2638 1016 2679 sese
1052 2638 1178 2679 cum
1219 2623 1399 2679 Vecco
1434 2622 1490 2678 in
1530 2622 1737 2678 celebri
1788 2623 1886 2678 illo
1920 2622 2034 2678 col-

446 2719 659 2789 loquio,
710 2719 750 2771 l.
786 2734 825 2782 ι,
860 2732 910 2774 c.
948 2717 1018 2771 '55
1048 2727 1296 2781 narrato,
1328 2725 1526 2771 contra
1557 2730 1685 2771 eum
1718 2715 2030 2786 disputans,

444 2812 547 2867 sed
580 2810 789 2866 infelici
835 2825 1098 2867 successu
1132 2830 1145 2865 :
1185 2824 1310 2864 nam
1363 2824 1486 2880 quae
1513 2808 1648 2864 dixit
1677 2808 1816 2864 adeo
1851 2809 2034 2865 valide

442 2913 575 2962 sunt
620 2920 651 2959 a
689 2905 869 2961 Vecco
917 2912 1125 2969 retusa,
1154 2910 1217 2958 ut
1268 2902 1337 2957 ab
1390 2903 1511 2974 ipso
1563 2901 1902 2972 patriarcha,
1938 2903 2030 2958 cui

442 3006 579 3052 tunc
612 2997 1001 3067 Moschampar
1044 2995 1337 3062 militabat,
1367 2995 1660 3065 reprobata
1692 2994 1822 3050 sint.
1848 2993 2033 3062 Quare

442 3088 592 3161 quod
626 3090 793 3146 victis
819 3089 1042 3145 athletis
1076 3098 1134 3145 et
1163 3097 1322 3159 septo
1348 3088 1523 3158 pulsis
1551 3088 1849 3144 convenire
1874 3086 2033 3144 vide-

442 3182 610 3239 batur
641 3181 1170 3253 ἑσκαμματισμένου
1212 3183 1330 3237 sive
1379 3179 1712 3246 ἑξωσθέντος
1745 3181 1810 3233 ὲκ
1848 3180 2032 3252 σκάμ-

2128 1976 2321 2029 oculos
2353 1974 2655 2030 astantium
2692 1973 3116 2030 incurrentibus
3144 1974 3267 2028 visu
3295 1975 3473 2044 primo
3499 1971 3678 2028 diducti

2127 2068 2478 2133 voluminis;
2540 2068 2699 2139 cujus
2758 2067 3020 2122 vanitatis
3079 2068 3401 2139 exemplum
3458 2066 3541 2120 hic
3595 2065 3679 2120 Pa-

2129 2161 2420 2232 chymeres
2452 2161 2673 2224 recitat,
2719 2170 2885 2231 prout
2938 2158 2992 2214 in
3043 2158 3401 2215 ordinatione
3430 2156 3679 2214 Athanasii

2130 2252 2390 2325 contigit.

2204 2342 2495 2414 Θεμέλιον
2526 2385 2542 2410 ,
2600 2356 2655 2413 p.
2715 2339 2843 2400 306.
2896 2342 3039 2410 Quid
3076 2353 3243 2400 vocet
3308 2343 3415 2401 hoc
3457 2343 3567 2398 loco
3596 2342 3679 2398 Pa-

2130 2437 2424 2510 cbymeres
2492 2432 2751 2505 θεμέλιον
2804 2436 3057 2508 πρῶτον,
3135 2439 3373 2510 exponit
3432 2453 3552 2492 mox
3599 2451 3677 2506 per

2133 2531 2225 2585 illa
2276 2529 2446 2585 verba
2494 2529 2686 2601 πρώτη
2721 2529 2899 2599 βάσις.
2942 2531 3039 2587 Est
3085 2546 3223 2601 ergo
3277 2548 3344 2587 ex
3381 2531 3495 2603 ejus
3526 2541 3678 2585 mente

2133 2623 2384 2694 Θεμέλιον
2404 2621 2643 2694 σελήνης
2671 2625 2915 2694 πρῶτον,
2950 2623 3163 2694 primus
3190 2639 3220 2678 a
3253 2622 3461 2696 synodo
3491 2622 3676 2678 novilu-

2131 2718 2213 2774 nii
2241 2731 2560 2789 processus,
2608 2715 2715 2772 hoc
2747 2725 2833 2772 est
2871 2716 3142 2788 νουμηνία
3189 2726 3248 2773 et
3289 2731 3476 2772 verum
3507 2715 3680 2770 mensis

2132 2808 2345 2865 lunaris
2375 2808 2615 2864 initium.
2643 2806 2859 2864 Idcirco
2884 2817 3067 2863 autem
3100 2823 3216 2865 non
3242 2809 3420 2865 otiose
3464 2806 3513 2863 id
3547 2816 3681 2862 nota.

2136 2912 2247 2969 tur,
2281 2902 2430 2974 quod
2464 2903 2790 2973 plerumque
2810 2902 2866 2957 in
2891 2902 3195 2969 mensibus,
3231 2903 3423 2974 quales
3452 2910 3567 2957 sunt
3590 2901 3678 2959 ilo-

2134 2995 2305 3060 mani,
2351 2994 2627 3051 solaribus
2668 2993 2951 3066 contingat
2983 2994 3355 3065 plenilunium
3404 3004 3459 3050 et
3495 3009 3682 3049 neome-

2135 3088 2287 3144 niam
2342 3087 2411 3143 ad
2456 3102 2677 3145 menses
2719 3086 2970 3144 diversos
3001 3090 3314 3159 pertinere.
3354 3086 3679 3145 Ostendemns

2136 3189 2324 3237 autem
2352 3180 2496 3237 libro
2522 3181 2719 3236 harum
2752 3180 3220 3239 Observationum
3248 3174 3427 3246 3,ubi
3457 3178 3682 3235 defectio-

448 3292 619 3346 ματος
677 3274 1034 3339 vocabulum,
1080 3273 1432 3345 adaptaverit
1493 3272 1585 3329 hic
1644 3281 1837 3329 noster
1891 3259 2105 3330 Mos-C
2140 3274 2229 3330 nis
2281 3273 2448 3345 hujus
2505 3274 2714 3330 lunaris
2770 3273 3016 3330 calculos
3084 3275 3382 3339 dabimus,
3430 3271 3680 3342 contigisse

444 3368 755 3439 champari.
1024 3386 1025 3389 η
1931 3428 1937 3434 ,

517 3464 718 3531 Ζυγόν
754 3456 1125 3531 Εὑατγελὶου
1148 3463 1393 3526 τιθέναι,
1422 3476 1478 3531 p.
1501 3460 1625 3516 146.
1652 3460 1778 3533 Agit
1825 3461 1893 3517 de
1928 3476 2034 3517 or-

446 3554 735 3608 dinatione
753 3555 1039 3609 Athanasu
1064 3553 1393 3624 patriarchae
1409 3554 2033 3625 Constantinopolitani,

447 3646 504 3701 in
553 3660 663 3717 qua
718 3646 1074 3717 quaerendum
1131 3644 1200 3699 ad
1242 3646 1663 3717 intelligentiam
1701 3646 1866 3719 hujus
1903 3647 2035 3711 loci.

448 3735 579 3805 qttid
605 3737 678 3790 sit
698 3736 894 3807 jugum
917 3737 1094 3791 sancti
1123 3735 1404 3808 Evangelii
1428 3737 1598 3811 684
1628 3754 1855 3811 ponere,
1869 3740 2039 3795 Docet

450 3827 504 3882 id
542 3844 643 3884 nos
683 3829 829 3885 ritus
862 3830 1234 3887 ordinationis
1268 3832 1656 3902 episcoporum
1698 3832 1841 3904 apud
1881 3833 2036 3890 Gra-

450 3934 566 3984 cos,
600 3921 691 3991 qui
723 3932 904 3977 exstat
945 3924 1001 3978 in
1040 3924 1408 3996 Enchelogio.
1443 3940 1506 3995 p.‘
1539 3925 1667 3991 502,
1710 3925 1802 3981 ubi
1834 3926 2037 3982 diserte

451 4015 693 4069 traditur
719 4016 1000 4087 completo
1029 4018 1281 4089 Trisagio
1306 4018 1679 4074 celebrantem
1714 4019 2035 4091 episcopum

451 4107 753 4162 ascendere
801 4108 856 4163 in
888 4109 1232 4179 crepidinem
1263 4124 1435 4164 sacra:
1463 4124 1689 4174 mensae,
1732 4110 1917 4182 ibique
1958 4110 2039 4167 illi

452 4198 642 4253 oﬂ‘erri
669 4216 699 4253 a
731 4201 1101 4271 prasentihus
1131 4202 1307 4256 tribus
1342 4200 1620 4272 episcopis
1662 4200 2035 4258 ordinandum

453 4304 483 4343 a
532 4288 746 4345 dextris
802 4290 1177 4355 celebrantis;
1232 4307 1264 4346 a
1323 4292 1570 4347 sinistris
1622 4302 1807 4348 autem
1857 4304 2038 4352 astare

453 4377 958 4450 chartOpbylacem,
990 4380 1087 4451 qui
1136 4380 1449 4435 celebranti
1484 4381 1734 4436 chartam
1769 4381 1952 4448 oﬂ‘ert,
1980 4383 2037 4439 in

454 4486 560 4539 qua
585 4472 951 4542 scriptumlsit
979 4489 995 4527 :
1020 4474 1191 4543 Φήφῳ
1211 4474 1306 4527 καὶ
1331 4474 1627 4548 δοκιμασίᾳ
1656 4474 1765 4528 τῶν
1793 4475 2037 4545 θεοφιλε-

2140 3363 2292 3421 illam
2347 3365 2437 3421 die
2487 3365 2551 3421 ιι
2598 3365 2848 3421 Januarii
2891 3381 3038 3421 anno
3081 3366 3218 3423 Chr.
3251 3366 3413 3423 £302.
3439 3364 3581 3422 Unde
3618 3366 3727 3415 est-

2140 3470 2489 3529 consequens
2516 3459 2822 3528 νουμηνίαν
2872 3473 2995 3529 qua:
3025 3461 3312 3529 praecessit
3344 3459 3447 3515 hoc
3485 3453 3679 3528 plenilu-

2140 3554 2297 3609 nium
2342 3550 2664 3624 eclipticum
2714 3551 2771 3606 in
2806 3550 2957 3623 ipsas
2990 3551 3242 3607 Januarii
3270 3549 3531 3607 Kalendas
3569 3544 3680 3599 inci-

2141 3645 2313 3702 disse.
2338 3644 2477 3700 Nam
2503 3643 2572 3700 ιι
2593 3643 2738 3699 lunae
2757 3644 2848 3700 die
2878 3644 3182 3715 plenilunia
3217 3643 3377 3699 fiunt.
3405 3640 3679 3713 Exprimere

2141 3735 2315 3808 igitur
2359 3743 2552 3791 noster
2611 3734 2703 3790 hic
2761 3734 2941 3789 voluit
2992 3734 3158 3807 685
3205 3734 3352 3791 luna:
3381 3739 3677 3788 menstruum

2140 3844 2368 3886 cursum
2396 3828 2658 3900 allegoria
2680 3826 2917 3899 quadam
2951 3827 3197 3884 aedilicii.
3238 3827 3377 3896 Quia
3406 3825 3542 3881 enim
3572 3818 3677 3877 ιεὼς

2139 3922 2469 3980 structionis
2512 3922 2733 3978 initium
2780 3920 3207 3977 fundamentum
3256 3929 3361 3985 est,
3388 3914 3578 3974 Grecis
3615 3909 3679 3965 di-

2141 4024 2293 4073 ctum
2315 4015 2373 4070 οε
2385 4016 2593 4087 μίλιον,
2620 4025 2773 4072 recte
2802 4013 3093 4071 transferri
3122 4030 3288 4085 posse
3314 4014 3367 4070 id
3398 4023 3578 4068 nomen
3600 4020 3680 4077 pn-

2141 4110 2278 4166 tavit
2324 4108 2393 4165 ad
2441 4108 2867 4180 significandum
2917 4107 3138 4164 initium
3192 4116 3395 4173 motus,
3439 4119 3540 4177 quo
3572 4101 3676 4155 luna

2141 4202 2329 4258 statim
2355 4219 2385 4257 a
2421 4211 2630 4273 puncto
2666 4201 2848 4257 coitus
2885 4217 3012 4258 cum
3042 4201 3159 4258 sole
3194 4201 3266 4257 ad
3295 4214 3489 4257 novum
3514 4191 3679 4252 circul-

2143 4304 2260 4350 tum
2305 4310 2428 4352 sese
2475 4294 2694 4351 incitat.
2732 4294 2901 4351 Forte
2934 4302 3120 4351 autem
3154 4293 3501 4367 κυριολογίαν
3524 4299 3677 4360 quam-

2142 4389 2267 4445 dam
2301 4398 2499 4446 auctor
2522 4389 2717 4462 posuit
2742 4390 2798 4445 in
2830 4404 2965 4446 voce
2992 4389 3120 4462 μὴν,
3149 4400 3210 4446 ιιι
3248 4406 3346 4462 per
3367 4404 3480 4444 eam
3509 4378 3676 4453 alioqui

2144 4490 2322 4538 totum
2355 4466 2871 4554 τριακονταήμερον
2907 4484 3147 4554 spatium
3182 4484 3424 4555 triginta,
3446 4490 3497 4538 et
3515 4478 3554 4533 si
3573 4471 3676 4547 quid

455 4563 666 4616 στάτων
690 4564 1007 4618 ἐπισκόπων
1032 4567 1128 4618 καὶ
1153 4564 1264 4619 τῶν
1287 4565 1601 4620 ὁσιωτάτων
1624 4566 2031 4637 πρεσϐυτέρων,

2145 4575 2412 4640 excurrit,
2436 4574 2655 4630 dierum
2687 4575 2932 4631 indicare
2961 4577 3125 4648 vulgo
3174 4578 3414 4642 solitam,
3456 4575 3537 4630 hic
3572 4583 3676 4641 pro-

453 4655 488 4724 ἡ
519 4652 643 4708 θεία
676 4655 837 4725 χάρις
865 4659 899 4727 ἡ
928 4658 1162 4711 πάντοτε
1196 4660 1265 4711 τὰ
1298 4659 1502 4729 ἀσθενῆ
1530 4660 1913 4730 θεραπεύουσα
1939 4665 2034 4718 καὶ

456 4750 526 4803 τὰ
556 4750 875 4805 ἐλλείποντα
906 4754 1304 4825 ἀναπληροῦσα
1332 4755 1751 4828 προχειριζεται
1777 4756 1870 4810 τὸν
1892 4758 2042 4813 δεῖνα,

456 4843 548 4897 τὸν
578 4840 1000 4911 Θεοφιλέστατον
1045 4845 1423 4914 πρεσϐύτερον
1454 4847 1759 4901 ἐπίσκοπον
1787 4850 1890 4919 τῆς
1920 4847 2043 4903 θεο-

458 4931 671 4985 σώστου
704 4932 914 4993 πόλεως
943 4934 1129 5003 τῆσδε.
1168 4932 1256 5004 [Ρ.
1289 4934 1418 5007 481]
1445 4934 1749 5005 Εὐξώμεθα
1777 4936 1869 4991 οὖν
1899 4938 2043 5011 ὑπὲρ

456 5023 625 5079 α.)τοῦ
679 5024 767 5078 ἵνα
820 5025 952 5100 ἔλθῃ
987 5026 1075 5078 ἐπ’
1110 5026 1275 5080 αὐτὸν
1324 5029 1357 5098 ἡ
1404 5030 1567 5100 χάρις
1616 5029 1711 5083 τοῦ
1767 5034 2042 5102 παναγῐου

458 5118 798 5190 Πνεύματος.
834 5118 950 5173 Hoc
991 5127 1075 5174 est
1104 5138 1117 5175 :
1146 5116 1409 5192 Suffragio
1446 5131 1497 5175 et
1537 5123 1916 5192 apprsbatione
1946 5126 2045 5181 Dei

460 5210 953 5265 amantissimoram
974 5212 1337 5281 episcoporum
1362 5225 1412 5267 et
1439 5216 1895 5272 sanctissimorum
1923 5236 2044 5288 prec

457 5305 787 5375 sbyterorum
822 5343 836 5366 ,
874 5304 1055 5357 diuina
1085 5307 1287 5375 gratia,
1328 5323 1445 5377 quas
1485 5307 1672 5378 ubique
1700 5309 1918 5376 inﬁrma
1948 5329 2043 5366 cu~

460 5403 545 5448 rat
578 5402 632 5446 et
661 5392 960 5461 deﬁcientia
987 5394 1216 5465 supplet,
1245 5407 1508 5460 promovet
1543 5397 1613 5451 Ν.
1660 5398 1754 5453 Dei
1783 5403 2046 5455 amantis-

461 5485 657 5538 simum
688 5484 1048 5553 presbyterum
1077 5489 1377 5556 episcopum
1413 5505 1445 5541 a
1476 5486 1582 5541 Deo
1611 5500 1834 5544 servatas
1857 5492 2045 5545 civita-

461 5578 530 5630 tis
575 5575 644 5629 N.
670 5573 890 5630 Oremus
934 5575 1098 5646 igitur
1125 5595 1219 5647 pro
1246 5596 1330 5643 eo,
1380 5589 1440 5633 ut
1490 5582 1667 5635 veniat
1712 5599 1873 5651 super
1923 5600 2043 5637 eum

462 5668 639 5740 gratia
671 5669 990 5723 sanctissimi
1021 5669 1272 5742 Spiritus.
1308 5672 1410 5729 Ubi
1446 5673 1693 5729 chartam
1728 5676 1869 5732 hanc
1894 5678 2042 5732 cele-

463 5764 630 5818 brans
693 5763 954 5833 accepit,
1011 5766 1439 5821 archidiaconus
1501 5770 1839 5825 audientiam
1897 5773 2045 5827 indi-

460 5857 560 5921 cit,
617 5854 882 5922 clamans,
919 5857 1277 5942 ῌρόσχωμεν,
1315 5864 1677 5915 attendamus.
1717 5863 1838 5919 Mox
1895 5865 2045 5920 cclc-

462 5948 631 6005 lrans
661 5962 779 6020 qua
815 5950 1021 6019 scripta
1051 5960 1179 6008 sunt
1208 5953 1265 6010 in
1291 5952 1481 6010 charta
1511 5956 1848 6026 pronuntiat,
1885 5958 2047 6013 intel-

2146 4666 2265 4738 prie
2303 4667 2637 4723 intellexerit
2666 4666 2937 4724 Kalendas
2973 4667 3119 4738 ipsas
3151 4670 3268 4726 sive
3300 4669 3518 4740 primam
3552 4672 3677 4715 men-

2147 4761 2224 4813 sis
2252 4758 2434 4825 diem;
2469 4760 2542 4814 ita
2572 4768 2654 4823 ut.
2674 4775 2800 4816 cum
2834 4760 2975 4817 dixit
3004 4764 3149 4833 μῆνα
3183 4764 3241 4817 δὲ
3267 4759 3480 4832 Ληναίῳ
3509 4752 3664 4825 πρώτη

2147 4850 2306 4922 βάσις
2359 4850 2551 4906 laturo
2599 4853 2797 4923 μήνης,
2840 4853 3091 4910 indicare
3124 4854 3271 4925 quod
3306 4853 3415 4909 dixi
3455 4842 3671 4903 voluerit.

2146 4956 2392 4997 mensem
2415 4943 2669 4998 lunarem
2697 4957 2763 4999 eo
2782 4959 2928 4999 anno
2959 4960 3085 5000 eum
3111 4945 3257 5000 civili
3283 4934 3425 5013 paria
3449 4938 3674 4995 inchoan-

2146 5035 2218 5091 do
2251 5036 2472 5102 fecisse,
2501 5053 2564 5094 ac
2596 5039 2778 5108 primo
2812 5039 2932 5109 ipso
2955 5038 3206 5094 Januarii
3233 5036 3460 5107 primum
3489 5024 3673 5083 inivisse

2146 5127 2360 5183 lunaris
2407 5129 2620 5199 periodi
2680 5130 2853 5185 diem.
2902 5129 3060 5196 Quod
3107 5145 3173 5184 ex
3208 5127 3408 5183 tabulis
3442 5120 3672 5181 hodieque

2145 5221 2529 5276 astronomicis
2560 5222 2911 5277 verissimum
2947 5220 3397 5292 deprehenditur.

2220 5313 2444 5381 Ἵκταρ,
2500 5328 2550 5379 p.
2602 5314 2690 5368 45.
2750 5312 2954 5368 lterum
3014 5330 3068 5383 p.
3141 5313 3261 5368 155.
3305 5296 3579 5379 Hesychius
3624 5294 3671 5346 τδ

2152 5404 2312 5474 ἵκταρ
2353 5404 2581 5476 exponit
2609 5405 2799 5474 ἐγγύς,
2824 5423 3007 5479 prope.
3042 5407 3188 5461 idem
3230 5408 3380 5462 docet
3399 5391 3671 5479 Eustathius

2148 5496 2213 5549 ad
2250 5494 2447 5567 οδγεςο
2480 5495 2542 5565 ψ,
2585 5506 2643 5551 ει
2671 5507 2904 5568 “lemne
2926 5478 3123 5553 reeitat
3153 5505 3461 5567 usurpatum
3493 5478 3669 5544 Platoni

2147 5588 2181 5642 9
2209 5586 2278 5643 de
2326 5588 2465 5659 Rep.
2502 5588 2782 5660 adagium.
2829 5590 2939 5643 οὐδ’
2968 5593 3132 5664 ἴκταρ
3160 5593 3361 5664 βάλλει,
3406 5587 3466 5642 de
3494 5576 3665 5655 jacula-

2151 5694 2270 5738 tore
2298 5683 2529 5747 infelici,
2564 5684 2658 5753 qui
2695 5701 2805 5740 non
2837 5686 3015 5740 solum
3053 5703 3159 5743 non
3200 5688 3324 5744 ferit
3347 5692 3567 5752 scopum,
3591 5665 3664 5724 Sed

2151 5790 2223 5829 ne
2258 5789 2428 5845 prepe
2457 5775 2684 5845 quidem
2715 5777 2949 5833 accedit.
2983 5777 3063 5833 Ad
3100 5779 3243 5837 hanc
3278 5778 3430 5849 hujus
3464 5756 3662 5843 [P139]

2150 5868 2304 5923 vocis
2339 5868 2626 5923 notionem
2682 5871 2978 5941 cogitatam
3032 5873 3085 5927 in
3119 5874 3205 5930 his
3229 5872 3361 5929 locis
3395 5850 3662 5933 Pachthri

2151 5959 2665 6031 interpretationem
2724 5963 3018 6036 utrobique
3061 5980 3237 6023 meam
3277 5951 3657 6021 accommodans-
