3744 6598
127 477 204 544 ιηδ
1397 451 1605 517 GLOSI

1785 451 1919 516 ΗΜ.
2773 460 2783 469 ’
3160 449 3263 511 7ἱ6

131 586 229 645 haud
259 582 491 639 aberrasse
514 587 594 627 me
628 570 693 625 ab
717 569 960 624 auctoris
1012 568 1284 623 sententia
1336 566 1575 621 conﬁdo.
1611 575 1650 629 Α
1685 567 1835 622 Meus
1894 548 2193 636 Procopius
2242 563 2497 617 eumdem
2551 560 2750 616 asserit
2793 562 3019 616 Cubadis
3065 561 3262 616 ﬁlium.

124 636 316 749 Adiciam
336 663 644 735 obiterquod
679 663 732 717 in
763 671 1003 717 mentem
1030 661 1201 725 venit,
1231 669 1452 731 etymon
1486 671 1583 713 νο·
1694 658 1883 715 Liceat
1920 656 2192 727 suspicari
2212 654 2595 725 ‘exscriptorcs
2627 654 2754 749 libri
2803 652 3136 749 Sethdaﬁia
3169 669 3266 722 pro

123 746 360 827 cisrlatina:
392 762 548 815 instar
576 770 679 810 non
711 754 933 808 aliunde
974 752 1145 806 videri
1178 767 1341 820 quam
1382 750 1449 805 ab
1486 748 1591 803 hac
1694 750 1886 805 Καϐάδ
1932 751 2127 805 vitiose
2154 751 2432 839 oposuisse
2470 763 2635 802 :nam
2669 747 2722 801 in
2766 757 2876 802 tota
2912 746 3140 839 historia
3179 750 3266 800 re-

123 856 403 921 cmcaixrap
428 847 796 917 repetendum.
831 844 1139 914 Estixtap,
1170 855 1227 899 ut
1262 853 1448 897 monet
1480 842 1588 896 lle-
1692 857 1818 912 gum
1861 836 2210 894 Persicorum
2265 839 2447 893 nullus
2500 839 2777 917 reperitur
2840 836 3008 890 David
3062 836 3264 892 dictus.

122 950 298 1011 minus,
322 940 515 998 ἀπὸτοῦ
546 939 832 1002 ἱκνεῖσθαι,
861 938 1007 1001 quod
1037 948 1195 992 sonat
1214 936 1506 1006 pervenire,
1525 950 1593 989 ex
1694 926 1834 984 Puto
1854 929 2020 1017 etiam
2047 944 2142 982 eos
2164 942 2379 1017 errasse
2407 927 2461 982 in
2487 929 2706 982 nomine
2741 928 2972 982 Perzoes
3001 927 3270 997 trajectio-

121 1012 162 1096 εξ.
184 1038 349 1106 origine
375 1031 826 1086 accommodatum
860 1029 926 1083 ad
963 1028 1144 1100 signiﬁ
1181 1030 1384 1083 andum
1417 1027 1596 1081 imita—
1696 1036 1764 1074 ne
1790 1012 2121 1081 litterarum,
2145 1034 2273 1073 cum
2309 1016 2528 1072 I’crozes
2557 1027 2703 1073 recta
2734 1019 2958 1088 scriptio
2988 1019 3060 1074 sit
3092 1037 3106 1073 :
3139 1035 3266 1073 nam

122 1134 269 1184 tionem
295 1138 375 1178 seu
407 1121 799 1189 expressionem
831 1121 1041 1184 formte,
1084 1135 1206 1189 quae
1236 1128 1446 1173 tantum
1481 1132 1594 1172 non
1698 1113 1802 1167 hoc
1833 1127 2034 1166 nomen
2072 1111 2258 1166 Persis
2290 1111 2548 1166 usitatum
2574 1112 2865 1181 reperitur.
2888 1110 3067 1178 Quare
3094 1110 3268 1165 corri-

120 1218 305 1291 perrenit
344 1224 397 1269 et
434 1214 580 1269 abest
618 1214 864 1282 proximo
901 1225 930 1265 a
958 1227 1086 1265 vera
1113 1209 1474 1264 similitudine
1505 1223 1597 1261 ar—
1696 1203 1934 1275 gendum
2004 1219 2225 1273 quoque
2275 1213 2410 1274 puto
2459 1202 2813 1259 Ammianum
2868 1202 3270 1266 Marcellinum,

121 1307 298 1379 chetypi,
318 1314 370 1359 ut
400 1314 540 1359 recte
571 1305 744 1358 instar
770 1303 920 1357 illius
957 1303 1129 1372 possit
1153 1301 1367 1355 haberi.
1401 1295 1595 1355 Gram-
1697 1297 1794 1351 lib.
1818 1312 1931 1362 nx,
1961 1295 2092 1350 dum
2137 1295 2357 1350 Pirosen
2382 1312 2481 1367 pro
2519 1295 2773 1360 Perozen,
2795 1306 2855 1351 ut
2883 1295 3101 1367 opinor,
3137 1297 3275 1351 scri-

118 1398 270 1464 matici,
296 1406 343 1451 et
364 1396 414 1450 in
444 1394 524 1449 his
556 1394 852 1448 novissime
874 1393 1323 1446 accuratissimus
1348 1390 1594 1455 Vossius,
1698 1390 1800 1445 bit.
1832 1389 2031 1445 Totum
2063 1390 2246 1446 locum
2281 1391 2354 1446 ita
2388 1399 2443 1445 et
2471 1391 2704 1461 legerem
2736 1400 2790 1445 et
2822 1389 2907 1463 [Ρ.
2939 1389 3067 1463 485]
3100 1391 3278 1444 intcr-

117 1497 281 1553 lrustra,
308 1489 354 1542 ni
383 1487 548 1550 fallor,
581 1485 971 1541 conﬂictantur
996 1485 1051 1538 in
1085 1483 1442 1539 estundeudo
1479 1483 1598 1538 Mu-
1700 1491 1951 1553 pretarer
1978 1498 2111 1554 pace
2135 1484 2437 1539 doctissimi
2460 1483 2659 1539 Valesii
2686 1500 2699 1535 :
2724 1482 2903 1538 Persis
2930 1483 3192 1554 Saporem
3223 1497 3278 1539 ct

116 1588 168 1641 sis
188 1581 338 1637 inritis
367 1579 660 1648 veriloquio
707 1577 859 1631 vocis
889 1576 1056 1646 hujus
1094 1591 1125 1630 e
1164 1576 1333 1629 verbo
1374 1577 1595 1629 instare.
1698 1572 1993 1629 Xahan-xa
2027 1585 2083 1630 et
2114 1573 2346 1630 Perozen
2380 1576 2806 1645 appellantibus,
2855 1592 3035 1645 regum
3085 1593 3275 1647 regem,

116 1678 323 1733 Habemus
372 1687 431 1725 ex
473 1685 539 1723 eo
566 1670 712 1740 quod
745 1669 1034 1740 subjiciam
1079 1669 1243 1723 etiam
1280 1668 1516 1721 litteram
1540 1683 1596 1731 η,
1699 1671 1755 1717 et
1781 1662 2170 1734 dissipatorcm,
2214 1665 2409 1735 supple
2450 1664 2770 1731 hostium;a
2954 1680 3137 1737 parata
3175 1667 3280 1723 lle-

114 1787 158 1825 ex
189 1786 210 1820 ν
245 1764 323 1818 τοῦ
359 1763 612 1830 ἰκίέομαι.
647 1761 830 1831 Cappa
870 1776 1004 1815 vero
1036 1760 1197 1814 facile
1229 1760 1378 1814 credi
1417 1768 1601 1829 potest
1701 1754 1867 1812 braao.
1899 1756 2055 1813 Unde
2085 1754 2212 1811 Baal
2258 1759 2525 1828 peratsim
2574 1759 2760 1813 dictus
2794 1760 2952 1815 locus
2983 1759 3072 1815 ubi
3103 1761 3281 1814 divisit

112 1863 160 1916 ob
178 1857 457 1928 euphoniam
492 1856 768 1910 sublatqu
805 1863 899 1908 aut
937 1853 991 1906 in
1017 1871 1041 1907 ε
1072 1853 1381 1907 emollitum
1410 1852 1463 1907 in
1501 1866 1600 1905 vo‘
1702 1848 1955 1904 Dominus
1987 1850 2227 1905 inimicos
2254 1851 2470 1906 Daridis
2491 1852 2553 1923 (ll
2583 1851 2734 1906 Sum.
2754 1853 2936 1923 v.20).
2958 1872 2976 1905 ι
3000 1852 3126 1909 Hice
3150 1854 3283 1909 Mal-

111 1954 250 2007 cabulo
299 1950 476 2004 Latino
519 1949 711 2005 instar.
765 1946 855 2002 Sic
912 1946 1182 2017 opinabar
1221 1943 1512 2016 :judiccnt
1551 1944 1601 1996 ci
1635 1935 1672 1992 Β
1704 1952 1899 2009 tretus,
1943 1944 2145 2012 quibus
2169 1944 2312 2000 addo
2343 1945 2488 2015 quod
2511 1945 2671 2001 amici
2699 1943 2979 2000 Florentia
3004 1947 3279 2011 scribunt,

110 2044 276 2097 τοιαῦτα
300 2040 469 2105 δεινοί,
504 2054 738 2112 quorum
769 2038 1017 2096 arbitriis
1037 2038 1309 2093 obnoxius
1332 2043 1387 2090 et
1422 2034 1602 2091 libens
1705 2050 1903 2103 nempe
1946 2035 2075 2092 illic.
2111 2037 2166 2091 in
2207 2036 2573 2092 celeberrima
2614 2038 2779 2093 Ducis
2822 2038 2998 2109 Magni
3038 2039 3281 2094 Medicca

112 2148 279 2192 stetere.
324 2134 622 2203 Antequam
669 2131 886 2198 desino,
934 2131 1209 2186 admoneo
1254 2130 1479 2184 tertium
1520 2129 1600 2182 uti
1706 2124 2042 2182 bibliotheca
2093 2128 2304 2184 servari
2336 2130 2621 2199 exemplar
2651 2126 2902 2184 Graecum
2934 2129 3100 2201 hujus
3133 2132 3284 2203 ejus-

111 2228 227 2280 rerbo
269 2226 362 2280 hoc
405 2225 822 2296 Paehymerem,
863 2239 918 2294 ιι.
960 2223 1223 2278 nimirum
1261 2223 1371 2277 290
1417 2237 1431 2273 :
1482 2219 1603 2274 Οὐδ’
1706 2217 1830 2273 dem
1866 2217 2016 2286 libri,
2043 2235 2168 2274 cum
2212 2220 2418 2276 indicio
2453 2221 2742 2292 temporis,
2775 2238 2885 2290 quo
2914 2222 2959 2277 is
2992 2232 3077 2278 est
3104 2239 3134 2279 o
3158 2223 3286 2278 bar-

112 2321 220 2386 τκταρ
257 2317 387 2380 ἄξιον
436 2317 701 2387 κρίνουσα.
734 2315 795 2368 τὸ
825 2314 1205 2383 συνάλλαγμα,
1255 2313 1322 2367 de
1360 2313 1590 2382 Augusta

1805 2312 1894 2365 'ica
1917 2311 1969 2365 in
2001 2312 2242 2368 Graecam
2279 2313 2574 2368 translatus
2600 2314 2807 2381 lingua.
2833 2314 3114 2370 Asseritur
3136 2318 3283 2371 enim

112 2420 229 2463 matre
269 2408 477 2463 Joannis
523 2409 773 2479 despotze
823 2407 988 2477 hujus
1019 2404 1430 2459 matrimonium
1478 2416 1601 2457 cum
1710 2403 1763 2457 id
1798 2403 1999 2459 factum
2037 2406 2193 2476 jussu
2218 2405 2393 2460 Alexii
2423 2403 2716 2469 Coinueni,
2738 2422 2903 2476 quem
2936 2417 3154 2462 constat
3186 2407 3289 2461 im-

110 2497 402 2552 tiliaCliunini
436 2499 679 2568 praefecti
705 2497 973 2560 ranicleo,
1007 2495 1136 2551 licet
1172 2495 1223 2549 id
1259 2495 1606 2550 Andronicus
1709 2498 1922 2566 perium
1961 2498 2239 2555 Orientale
2276 2501 2519 2556 tenuisse
2539 2503 2608 2557 ab
2638 2517 2784 2557 anno
2811 2503 3012 2558 Christi
3057 2504 3193 2560 1080
3218 2506 3285 2560 ad

110 2601 221 2661 pater
245 2593 466 2662 despotae
491 2602 736 2663 optaret,
765 2593 945 2660 impar
972 2591 1228 2662 dignitati
1266 2592 1359 2645 ﬁlii
1400 2580 1606 2647 ducen-
1711 2590 1871 2645 1118.
1905 2591 2017 2646 Nec
2054 2592 2320 2649 abhorret
2372 2596 2443 2649 ab
2476 2595 2580 2652 hac
2622 2597 2982 2667 chronologia
3018 2607 3151 2653 artas
3188 2598 3286 2668 Sy-

107 2696 156 2737 ιθ.
188 2682 274 2738 Sed
312 2693 364 2738 et
396 2685 536 2737 alter
570 2683 822 2738 occurrit
863 2683 1039 2747 locus,
1088 2698 1141 2752 p.
1191 2681 1296 2737 502
1341 2697 1354 2735 :
1406 2683 1476 2734 Τὸ
1506 2682 1607 2749 μξν
1712 2685 1925 2739 mennis
1965 2683 2142 2746 Sethi,
2176 2685 2379 2757 quippe
2408 2703 2571 2758 quem
2607 2689 2888 2745 illustriss.
2914 2690 3026 2744 Leo
3051 2690 3286 2745 Allatius

104 2777 253 2843 Ξαιπερ
284 2775 436 2846 ᾔτουν
498 2776 725 2841 διδόναι,
762 2759 1066 2841 οὐδ”ῖκταρ
1100 2774 1312 2845 βάλλων
1341 2775 1582 2842 stipem?

1831 2774 1950 2830 riba
2003 2778 2071 2833 de
2122 2776 2439 2834 Simeonum
2491 2783 2735 2851 scriptis,
2776 2799 2833 2852 p.
2869 2783 2992 2844 181.
3030 2782 3287 2838 ﬂoruisse

102 2866 344 2934 ἐδηκξμαζε.
382 2867 670 2939 Signiﬁcat
698 2882 766 2921 ne
796 2867 975 2937 prima
1013 2866 1237 2935 quidem
1272 2866 1605 2935 cogitatione
1716 2874 1949 2920 testatur
1981 2865 2086 2922 sub
2114 2865 2449 2938 imperatore
2484 2871 2747 2928 Michaele
2771 2872 2959 2937 Duca;
2993 2874 3154 2942 cujus
3181 2873 3284 2927 im-

104 2966 218 3011 tenus
240 2959 432 3014 venisse
465 2961 519 3015 in
545 2968 789 3015 mentem
822 2959 1143 3028 Imperatori
1178 2957 1308 3012 dare
1328 2955 1608 3012 Catelanis
1712 2958 1926 3026 perium
1959 2975 2084 3013 cum
2115 2960 2184 3015 ab
2223 2976 2369 3018 anno
2415 2961 2620 3018 Christi
2669 2964 2796 3018 1071
2834 2964 2901 3019 ad
2933 2965 3067 3021 1078
3111 2968 3286 3035 perti-

100 3050 305 3118 stipendia
333 3051 701 3122 ﬂagitantibus
733 3060 998 3122 quantum
1039 3050 1285 3121 pecuniae
1332 3063 1600 3120 poposce-
1715 3051 1922 3115 nuerit,
1967 3051 2128 3107 facile
2170 3055 2353 3124 potuit
2404 3054 2655 3113 ﬂorentis
2701 3068 2831 3114 tunc
2860 3060 3038 3115 mtatis
3084 3059 3288 3115 Setbus

101 3152 199 3195 rant.
219 3141 332 3198 Vide
356 3146 517 3199 etiam
545 3161 604 3215 ρ,
628 3143 754 3200 480,
1716 3143 1882 3197 vitam
1934 3143 1999 3198 ad
2035 3144 2239 3200 multos
2266 3146 2394 3202 inde
2426 3163 2602 3203 annos
2632 3165 2962 3221 propagasse
3002 3159 3058 3206 et
3095 3167 3289 3208 conse-

152 3277 312 3345 ’ἰπνὸς
338 3280 519 3348 ἅγιος.
558 3296 617 3352 ρ.
655 3251 746 3335 ἑο.
782 3280 1012 3353 Vulgata
1044 3282 1268 3336 notione
1313 3278 1462 3344 ἰπνὸς
1495 3278 1608 3335 fur-

1523 3295 1608 3335 ur_
1636 3273 1682 3336 ς
1717 3245 1950 3332 quenter
1971 3237 2066 3291 diu
2106 3237 2311 3295 vixisse
2338 3241 2441 3295 sub
2470 3242 2661 3296 Alexio
2696 3242 3001 3297 Comneno.

100 3384 172 3422 nus
200 3382 285 3436 est,
318 3383 408 3427 aut
436 3374 611 3428 etiam
648 3373 892 3428 ﬁmetutn
936 3383 992 3428 et
1030 3373 1442 3443 receptaculum
1484 3388 1578 3428 sor

1813 3375 2237 3444 ἴαὸαλλαρικαὶ
2278 3379 2455 3445 τιμαί,
2487 3395 2539 3449 p.
2574 3380 2698 3437 498.
2733 3380 2858 3453 Agit
2897 3383 2965 3437 de
2998 3384 3291 3440 comitibus

97 3460 225 3515 dium.
253 3463 378 3519 llinc
412 3465 466 3519 in
503 3466 721 3521 aedibus
752 3465 924 3520 sacris
952 3466 1107 3521 locus
1144 3466 1199 3519 in
1225 3480 1387 3535 quem
1415 3479 1505 3520 res
1528 3478 1611 3519 εει·
1720 3459 2027 3535 Mpyrigerii
2053 3465 2295 3529 Tcntza',
2331 3484 2566 3536 quorum
2584 3470 2797 3541 aliquos
2823 3471 2986 3528 docet
3017 3473 3086 3527 ab
3116 3473 3296 3544 impeo

95 3567 171 3605 cra:
209 3559 475 3625 putredine
527 3558 756 3614 inutiles
797 3558 1187 3614 consumenda:
1216 3557 1611 3628 projiciuntur,
1689 3565 1903 3611 .ratore
1934 3558 2290 3628 equestribus
2319 3559 2488 3616 fuisse
2523 3561 2833 3620 honoribus
2851 3563 3104 3623 aﬁ‘ectos.
3131 3565 3299 3620 Intel-

93 3640 265 3709 Graecis,
295 3656 348 3701 ut
396 3648 485 3704 bic
519 3650 722 3706 doceat
752 3661 963 3716 noster,
993 3653 1144 3713 imi;
1190 3650 1345 3718 ᾶγιος
1407 3651 1614 3706 dicitur
1721 3648 1863 3719 ligit,
1924 3652 2143 3721 opinor,
2173 3663 2487 3722 equestrem
2536 3656 2701 3726 637
2751 3655 3071 3726 dignitatem
3127 3659 3300 3715 certis

92 3736 216 3806 686
231 3738 435 3795 Memini
473 3752 529 3797 et
552 3744 754 3799 alicubi
790 3744 970 3815 legere
998 3742 1301 3815 δεξαμενὴν
1338 3753 1612 3799 vocatum.
1722 3738 1976 3797 formulis
2009 3753 2064 3797 ct
2092 3745 2312 3813 publica
2338 3747 2666 3801 caircmonia
2708 3748 2840 3816 ipsis
2886 3748 2955 3803 ab
2980 3748 3302 3804 Andronico

92 3825 227 3883 Latini
251 3833 499 3902 piscinam
529 3836 829 3905 appellant.
1722 3834 1967 3906 Augusto
2002 3837 2300 3891 honoriﬁce
2333 3839 2610 3893 collatam.
2637 3838 2792 3905 Quod
2837 3840 2890 3894 in
2923 3840 3171 3897 historiis
3195 3843 3300 3897 aevi

1723 3927 2001 3980 citerioris
2030 3927 2226 3982 crebro
2252 3928 2558 3983 factitatum
2590 3946 2619 3982 a
2646 3931 2868 3999 regibus
2894 3930 3148 4001 legimus,
3166 3941 3300 4003 puta

1724 4031 1848 4071 cum
1884 4034 2045 4072 manu
2088 4034 2186 4073 sua
2233 4020 2465 4073 calcaria
2523 4016 2805 4075 nobilibus
2855 4022 2960 4076 sibi
2996 4023 3183 4077 charis
3217 4023 3301 4078 in-

1725 4108 1925 4171 duunt.
1975 4120 2070 4163 aut
2127 4119 2378 4181 torquem
2432 4113 2486 4167 in
2526 4113 2729 4168 collum
2772 4113 3049 4184 injiciunt,
3083 4113 3303 4185 insigne

1728 4198 2085 4254 honorarium
2117 4202 2392 4270 equestris
2427 4202 2731 4273 dignitatis.

153 3967 507 4038 Ἰχνηλάτης.
538 3972 659 4027 Hoc
683 3974 915 4028 verbum
944 3974 1115 4044 priori
1150 3990 1179 4029 a
1217 3990 1305 4030 me
1333 3974 1615 4031 Glossario

92 4066 328 4117 tractatum
358 4079 594 4134 repono,
620 4079 690 4118 ue
740 4065 1002 4120 lectorem
1056 4066 1265 4122 lateant
1300 4081 1422 4136 quae
1454 4065 1615 4121 Clau-

92 4148 185 4204 dius
224 4140 498 4210 Maltretus
552 4156 669 4211 illic
718 4171 749 4211 a
807 4172 892 4212 tne
920 4158 1126 4228 scripta
1170 4158 1360 4227 legens
1408 4157 1475 4212 de
1513 4172 1615 4212 suo

92 4247 278 4300 contulit
323 4247 389 4301 ad
428 4264 549 4302 rem
584 4248 732 4302 illam
781 4249 1183 4313 illustrandum,
1236 4264 1374 4303 auro
1425 4260 1615 4303 contra

91 4350 172 4390 non
195 4353 326 4393 cara.
361 4359 378 4391 ι
413 4341 661 4405 Texeira,
702 4340 904 4411 inquit,
932 4342 1235 4397 Lusitanus
1289 4341 1344 4396 in
1373 4341 1569 4396 Ηίθεοι-1

1824 4334 1963 4403 (dun
2019 4336 2118 4390 καὶ
2170 4337 2368 4404 κάκην
2400 4339 2700 4402 ἐπιλύειν,
2746 4355 2800 4409 p.
2839 4336 2963 4391 128.
3004 4340 3145 4409 Μηδ⁹
3182 4343 3302 4394 ἐπι-

91 4428 290 4495 Persidis,
319 4434 353 4488 1.
388 4451 424 4499 ι,
449 4450 499 4489 c.
526 4434 622 4500 35,
649 4435 901 4489 meminit
935 4436 1078 4504 regis
1102 4434 1389 4506 cujusdam
1426 4434 1619 4488 Rcsere
1725 4430 1877 4483 λύειν
1923 4430 2023 4501 τὴν
2052 4432 2255 4499 κάκην.
2294 4431 2367 4484 lta
2400 4431 2572 4486 codex
2603 4443 2837 4502 uterque
2872 4433 3206 4489 Barberinus
3247 4445 3305 4488 et

89 4520 315 4578 AnuIiron
348 4526 555 4581 vocati.
582 4528 630 4581 ls
654 4527 914 4582 nimirum
946 4537 1030 4583 est
1058 4527 1311 4582 Cliosroes
1342 4527 1618 4581 Anasura-
1725 4523 2050 4584 Allatianus,
2077 4539 2199 4590 qua:
2234 4522 2530 4577 Vaticanus
2567 4524 2795 4581 omittit.
2830 4526 2887 4581 In
2916 4527 3020 4581 hoc
3048 4527 3169 4580 loco
3197 4540 3303 4580 no-

90 4626 163 4664 mu
202 4618 269 4669 tui
312 4615 606 4688 Symeonis
654 4616 809 4672 Seth.
843 4618 1011 4673 Addit
1047 4618 1279 4672 Texcira
1321 4619 1443 4689 ejus
1476 4617 1620 4686 regis
1654 4636 1699 4689 ι)
1729 4619 1891 4670 tanda
1922 4616 2227 4685 praesertim
2265 4631 2363 4668 vox
2394 4616 2573 4686 κάκην
2620 4632 2746 4673 cum
2773 4629 3006 4674 accentu
3034 4619 3089 4673 in
3119 4618 3305 4688 priore

92 4710 293 4771 tempore
328 4709 547 4764 delatos
581 4726 648 4764 ex
676 4711 831 4764 ludia
874 4711 930 4764 in
955 4709 1238 4765 Persidem
1273 4710 1449 4764 libros
1478 4709 1620 4764 duos
1728 4708 2136 4779 syllaba,longe
2164 4707 2289 4762 ideo
2316 4708 2531 4763 diversa
2564 4724 2592 4763 a
2619 4710 2888 4765 feminino
2919 4710 3176 4781 adjectivi
3210 4726 3307 4763 κα-

90 4792 478 4867 philosopbicos,
507 4816 747 4869 quorum
778 4802 870 4855 uni
902 4816 1101 4855 nomen
1136 4801 1239 4854 fuit
1271 4801 1499 4864 Celilnh,
1537 4801 1621 4854 al-
1728 4800 1843 4861 κός,
1878 4798 2023 4868 quod
2050 4812 2269 4867 semper
2294 4800 2436 4868 κακή
2471 4815 2594 4852 cum
2620 4799 2769 4867 gravi
2803 4799 2857 4853 in
2884 4800 3075 4855 ultima
3106 4799 3309 4856 scribi-

92 4890 168 4937 teri
204 4888 557 4947 Vuademana.
596 4892 775 4947 Unum
805 4893 1067 4947 nimirum
1105 4894 1308 4947 librum
1340 4893 1527 4948 divisit
1563 4895 1619 4948 in
1732 4903 1840 4947 tur.
1865 4892 1976 4946 Nec
2006 4890 2248 4961 antiquis
2278 4892 2461 4961 ignota
2495 4901 2580 4947 est
2611 4893 2728 4948 haec
2757 4892 3093 4948 differentia.
3128 4892 3309 4948 Enar-

88 4976 217 5042 duos,
246 4999 341 5053 pro
379 4986 607 5054 duplice
636 4986 861 5041 nomine
891 4987 1126 5041 duorutn
1165 4988 1619 5043 intcrlocutorum
1733 4998 1815 5040 rat
1840 4984 2142 5056 Hesychius
2163 4985 2455 5053 quemdam
2479 4985 2659 5040 locum
2683 4985 3012 5040 innominati
3037 4986 3308 5044 auctoris.

93 5071 243 5135 prima:
279 5076 712 5132 dissertationis.
748 5062 871 5137 ’ν’-ω
919 5079 1134 5143 celilaii,
1187 5081 1330 5146 apud
1379 5080 1571 5133 Schim

1830 5093 1934 5147 quo
1960 5077 2280 5132 visebantur
2315 5077 2428 5131 haec
2458 5077 2621 5131 verba
2652 5078 2753 5149 τῆς
2792 5077 2932 5148 ἐμῆς
2956 5077 3155 5145 κάκης,
3184 5074 3308 5131 voci

89 5160 253 5229 lerutn,
298 5183 353 5236 ι).
394 5168 528 5233 861,
564 5169 833 5239 signiﬁcat
877 5170 1107 5224 Arabico
1132 5186 1347 5231 corona,
1383 5172 1436 5223 in
1490 5187 1567 5224 νο‹

1831 5188 1910 5237 ιης
1962 5178 2021 5224 ιιι
2067 5184 2425 5241 synonymam
2461 5169 2762 5247 subjiciens
2784 5184 2974 5225 vocem
3008 5170 3309 5234 κακουχίας

90 5260 377 5313 υκαάιπιαηα
435 5261 679 5330 primum
727 5277 755 5314 υ
801 5261 1119 5330 coniunctio
1160 5272 1243 5315 est
1284 5271 1326 5320 Ἰ.
1374 5260 1568 5314 Secum

1832 5262 1999 5317 scribe
2044 5264 2389 5332 κακουχίας).
2418 5262 2743 5316 Eustathius
2782 5277 3004 5333 quoque
3032 5263 3310 5333 παρεκϐα-

89 5346 252 5413 syllaba
280 5368 344 5404 va
366 5348 454 5407 esi
486 5354 713 5407 verbum
745 5365 821 5410 ΝΞ
856 5369 941 5416 ra,
972 5354 1257 5422 ingressus,
1283 5353 1366 5408 vel
1398 5354 1567 5429 quitlt

1834 5374 1851 5418 ;
1883 5356 1949 5408 ad
1978 5354 2140 5408 Iliad.
2171 5372 2221 5417 ν,
2263 5354 2329 5409 a-l
2364 5356 2515 5408 illum
2543 5340 2760 5409 versum
2785 5356 2912 5419 651,
2945 5357 3048 5408 Ἦν
3080 5355 3181 5426 ἐμὲ
3211 5354 3312 5407 λω-

89 5449 141 5488 eo
160 5438 474 5499 derivatum.
505 5445 754 5513 Reliqua:
784 5455 897 5499 tres
930 5447 1150 5515 syllaba:
1177 5446 1406 5499 demana
1434 5447 1629 5500 videu-
1736 5450 1996 5519 δήσασθε,
2047 5450 2217 5500 κακαὶ
2263 5448 2441 5511 κύνες,
2494 5448 2746 5516 agnoscit
2792 5449 3123 5504 vocabulum
3168 5449 3318 5514 κάκη

92 5536 283 5596 {messe
306 5546 483 5595 δῆσε
508 5537 692 5599 dama,
716 5535 1021 5590 observavit.
1042 5537 1191 5590 unde
1214 5553 1339 5591 cum
1371 5538 1567 5601 adjunc

1840 5557 2013 5597 ersnm
2044 5557 2072 5594 a
2095 5541 2262 5606 κακή.
2290 5542 2368 5595 sic
2400 5540 2667 5596 adnotans
2693 5557 2707 5596 :
2733 5541 2894 5613 Κᾶκη
2921 5542 3030 5612 γὰρ
3059 5543 3118 5594 ο)
3149 5543 3318 5610 μόνον

88 5627 108 5672 ,ι
148 5619 254 5676 Nam
297 5628 619 5680 heernantico
654 5643 853 5681 nomen
890 5627 1158 5680 feriuntur
1187 5627 1503 5696 signiﬁcans
1536 5645 1563 5679 ο

1831 5635 1998 5695 ιικία,
2029 5630 2170 5684 κατὰ
2208 5631 2333 5693 τοὺς
2361 5632 2491 5700 περὶ
2528 5632 2812 5697 Πλάτωνα,
2838 5632 2975 5686 ἀλλὰ
3008 5633 3102 5684 καὶ
3139 5632 3171 5699 ἡ
3199 5630 3309 5680 δει-

88 5726 361 5770 δετυαιονειιι
387 5736 685 5790 gressuum,
712 5721 1007 5789 ἱχνηλάτην
1032 5720 1293 5774 videlicet
1320 5736 1383 5774 ac
1401 5723 1630 5791 restiga-
1736 5727 1843 5779 lix.
1877 5726 2119 5794 Denique
2149 5723 2412 5793 antiquus
2433 5725 2825 5795 grammaticus
2846 5732 3039 5778 auctor
3062 5719 3315 5791 opusculi
3407 5762 3411 5771 .

90 5811 224 5861 forem
244 5820 420 5865 tuum.
447 5814 685 5885 Symeon
720 5814 851 5868 Seth
884 5815 963 5867 ait
988 5813 1144 5867 initio
1175 5814 1333 5882 primi
1374 5814 1565 5881 Proleg

1860 5817 2050 5872 titulus
2082 5827 2201 5869 est:
2232 5818 2395 5870 Ὅσαι
2419 5817 2590 5881 λέξεις
2620 5817 2755 5887 πρὸς
2776 5816 3034 5884 διάφορον
3058 5812 3324 5881 σημαινό-

90 5903 207 5955 metti
244 5907 507 5963 Cltosroen
546 5911 920 5964 Annsuranum
964 5909 1132 5963 fuisse
1173 5910 1347 5962 filium
1391 5908 1568 5961 Doridi

1844 5928 1907 5960 τιν
1937 5910 2197 5978 διὰςξιιρςν
2245 5910 2489 5979 δέχονται
2520 5910 2698 5975 τόνεν,
2742 5910 2885 5963 inter
2921 5907 3188 5961 vocabula
3222 5920 3322 5976 pro

422 6006 693 6087 Pnjuoc.
737 6008 852 6066 Gn.
894 6004 1161 6065 CXLIV.
2935 6001 3015 6061 24
