3856 6566
171 384 257 449 ῗι19
1510 379 1705 443 GLOS

1812 376 2032 441 RIUM.

3293 377 3401 441 750

172 516 287 551 Γιυσι.
327 495 424 552 Ubi
476 495 657 551 obiter
692 492 962 550 habemus
1012 507 1124 549 non
1168 501 1542 550 memoratum
1586 492 1705 547 alibi

1826 494 2075 542 noverat.
2114 482 2330 538 Etenim
2366 480 2623 536 Siuarum
2670 497 2808 543 rex.
2851 496 3013 553 quem
3058 483 3219 540 Kaan
3265 490 3403 545 vicit

128 576 141 589 ’
169 591 493 660 magistratus
520 588 689 660 hujus
726 604 927 644 nomen
960 587 1392 659 ὑπεκκλησίονα.
1426 588 1501 643 De
1532 598 1715 658 etytno

168 684 394 739 vocabuli
442 683 628 753 hujus,
660 682 763 737 nisi
828 689 915 737 est
950 698 979 736 a
1014 682 1210 737 Latina
1273 697 1406 736 voce
1463 680 1711 745 rancelﬁ,

166 777 292 830 unde
338 775 715 829 cance’llarium
764 775 965 830 merito
1017 775 1392 847 Spelmaunus
1460 775 1710 839 deducit,

166 872 408 922 rationem
447 867 684 938 originis
724 868 1029 938 explicans,
1064 868 1301 938 amplius
1346 867 1709 938 quaerendum

165 970 297 1029 puto.

216 1056 410 1121 Κάνις,
436 1072 491 1127 p.
517 1056 640 1114 156.
670 1058 751 1115 De
781 1073 916 1115 voce
949 1060 1256 1125 Ka’wtc‘aut,
1276 1070 1336 1114 ut
1365 1060 1495 1115 alibi
1523 1069 1713 1116 noster

154 1150 328 1206 scribit
371 1151 580 1220 Κάνης,
626 1152 738 1206 dixi
782 1152 1031 1223 quaedam
1085 1151 1365 1208 Glossario
1406 1152 1608 1222 priori.
1641 1152 1712 1208 lis

155 1257 283 1295 nttnc
314 1242 426 1295 hac
445 1241 631 1296 habeo
656 1257 778 1313 quae
809 1241 1028 1297 addam.
1057 1242 1433 1297 Animadverti
1454 1243 1513 1297 in
1532 1243 1713 1297 Chro-

153 1336 261 1388 nico
285 1333 520 1388 Arabico
546 1333 963 1406 Abulpharagii,
984 1335 1130 1391 unde
1157 1333 1471 1390 universam
1491 1335 1708 1406 imperii

150 1421 507 1481 Tochar‘orum
546 1425 803 1498 Mogulici
849 1425 1291 1498 eirronologiam,
1336 1438 1617 1498 quatenus
1640 1427 1709 1483 ad

148 1518 579 1589 Pachymerianre
649 1518 895 1576 historiae
957 1519 1380 1576 illustratiouem
1438 1521 1708 1590 pertinet,

151 1609 360 1664 inferius
385 1608 533 1664 libro
550 1609 747 1664 barum
769 1610 1209 1667 Observationum
1231 1612 1284 1676 5,
1300 1626 1355 1667 c.
1378 1610 1413 1666 7
1438 1611 1706 1682 digeram,

147 1701 518 1766 animadverti,
571 1703 824 1772 inquam,
878 1703 1156 1775 duplicem
1205 1704 1260 1759 in
1294 1718 1398 1759 usu
1447 1700 1707 1760 Orienta-

148 1795 264 1849 lium
307 1796 550 1866 gentium
598 1794 784 1851 afﬁnis
815 1795 939 1851 soni
994 1811 1183 1851 vocem
1218 1795 1398 1851 fuisse
1436 1810 1708 1865 suprema:

150 1868 481 1940 iudieativam
539 1887 847 1957 potestatis,
894 1902 1129 1957 quarum
1176 1887 1350 1942 altera
1396 1885 1709 1942 communis

148 1980 390 2034 Tocltaris
447 1994 574 2034 eum
628 1981 1202 2035 Praesteiannensibus
1252 1988 1309 2036 et
1354 1978 1706 2043 Sinensibus.

150 2073 239 2127 alia
282 2072 679 2143 Mogulensium
728 2073 839 2128 fuit
889 2074 1139 2144 propria.
1190 2073 1367 2130 Voces
1425 2074 1508 2129 hae
1577 2083 1710 2129 sunt

151 2164 279 2218 Chsn
307 2174 360 2218 et
388 2161 575 2217 lt’aan.
622 2164 816 2219 Priore
852 2164 1152 2237 insignitus
1209 2165 1415 2236 legitur
1446 2165 1540 2234 qui
1579 2165 1710 2220 ulti-

153 2272 257 2311 mus
303 2261 351 2312 ei
396 2255 619 2327 prmfuit
680 2258 916 2328 imperio
957 2258 1106 2329 quod
1139 2258 1450 2330 presbyteri
1479 2258 1710 2315 Joannis

148 2350 547 2418 appellabatur;
599 2366 667 2404 ex
702 2351 861 2421 cujus
905 2352 1198 2407 eversione
1250 2352 1583 2423 Mogulicum
1616 2369 1710 2408 or-

153 2452 247 2494 tum
300 2452 397 2496 est.
465 2441 657 2496 Refert
715 2442 864 2496 enim
908 2442 1347 2515 Abulpltaragitts
1399 2455 1707 2500 extremum

148 2533 281 2586 illunt
328 2532 592 2586 Joannem
636 2531 806 2587 fuisse
844 2534 1072 2603 proprio
1107 2535 1378 2590 vocabulo
1410 2534 1708 2605 Ung-Chan

146 2623 480 2691 appellatum.
521 2620 676 2676 Hunc
731 2623 824 2692 qui
870 2623 1078 2679 occidit
1133 2625 1369 2695 ejusque
1417 2625 1709 2695 orcupavit

150 2714 323 2768 solium
380 2714 696 2768 Tamuiinus
760 2714 1001 2784 primum
1057 2716 1276 2781 dictus,
1323 2733 1467 2771 novo
1507 2719 1708 2774 deinde

150 2806 338 2861 adscito
371 2807 560 2875 Gingiz
591 2807 803 2860 nomini
851 2806 1047 2863 Chattis
1097 2809 1597 2864 nomenclationem
1648 2822 1710 2866 Ut

146 2901 280 2969 regni
315 2900 556 2954 indicem
585 2899 825 2962 addidit,
850 2899 1306 2956 Ginbiz-Chtmes
1326 2913 1706 2972 nuncupatus.

148 2990 297 3062 llujus
327 2993 471 3048 illius
511 3003 567 3045 et
600 2993 775 3047 haeres
812 2993 965 3062 prius
1000 3005 1230 3049 vocatus
1285 2993 1466 3064 Ogtai,
1502 2995 1708 3050 Kaanis

145 3085 193 3138 in
241 3086 500 3155 auspiciis
551 3085 705 3156 regni
753 3087 1093 3141 vocabulum
1146 3086 1394 3156 accepit,
1451 3087 1595 3156 quod
1653 3097 1709 3141 et

144 3176 336 3231 illustre
379 3178 626 3232 reddidit
672 3179 843 3248 gestis
874 3178 1040 3232 rebus
1072 3178 1435 3248 victoriisque
1460 3178 1707 3234 CinriSSi'
1732 3195 1775 3252 C

148 3270 252 3324 mis.
280 3269 406 3325 lude
438 3272 643 3327 factum
676 3282 810 3342 puto
843 3279 903 3325 ut
933 3270 1158 3341 quidam
1200 3271 1323 3342 ejus
1357 3280 1703 3342 posterorum

148 3377 324 3416 nonten
362 3364 498 3416 illud
558 3377 660 3433 pro
714 3363 869 3431 regni
911 3362 1113 3434 insigni
1166 3378 1517 3435 usurparent.
1575 3364 1706 3419 Dico

146 3455 347 3523 quidam
386 3474 399 3509 :
460 3472 568 3509 non
616 3456 764 3510 enim
794 3471 1027 3519 omnes,
1058 3472 1182 3510 cum
1233 3442 1537 3526 quiiKanni
1576 3458 1707 3512 huic

143 3546 237 3614 ipsi
284 3550 500 3617 ἁμέσως
554 3548 828 3603 successit
877 3549 999 3620 ejus
1048 3546 1194 3602 [ilius
1224 3548 1543 3621 Cayucltns,
1592 3562 1703 3603 non

149 3637 351 3703 Raetiis,
383 3640 480 3695 sed
526 3639 727 3694 Chattis
759 3640 1120 3711 appendicem
1178 3640 1233 3695 in
1260 3641 1478 3711 imperii
1515 3651 1702 3697 notant

146 3731 335 3797 privato
367 3731 574 3786 nomini
600 3731 916 3802 adiunxerit
938 3730 1106 3801 69o
1127 3740 1358 3786 vocatus
1384 3742 1707 3789 constanter

143 3822 537 3893 Cayucb-cltan.
584 3823 803 3879 Primus
834 3823 930 3894 qui
953 3821 1219 3893 Cayucbo
1262 3822 1552 3878 decedenti
1584 3823 1701 3879 suf-

150 3911 303 3966 fectus
327 3921 431 3976 est,
466 3910 809 3967 Munkakaus
845 3924 955 3965 non
981 3910 1180 3965 Chattis
1209 3908 1305 3965 sed
1344 3910 1553 3966 Kaam's
1581 3915 1705 3981 epi-

146 4003 318 4058 theton
351 4004 603 4059 ascivit»
624 4002 933 4059 Munkakao
972 4011 1195 4057 mortuo
1228 4010 1285 4056 et
1317 4002 1439 4073 ejus
1481 4018 1707 4059 succes-

151 4097 283 4147 sione
307 4094 513 4149 incerta
541 4104 772 4164 propter
803 4091 1001 4148 Kublai
1041 4103 1097 4148 et
1126 4092 1389 4163 Arib-ugaa
1440 4094 1705 4149 candida-

151 4195 308 4241 torum
333 4188 547 4258 imperii
575 4203 673 4258 per
694 4187 1077 4256 duodeviginti
1107 4202 1285 4245 annos
1320 4188 1461 4243 bella
1495 4189 1700 4257 civilia,

153 4278 333 4334 llulztcu
378 4282 546 4335 frater
593 4278 910 4347 Munkakai,
948 4280 1154 4335 missus
1196 4279 1405 4335 (ludum
1439 4280 1508 4335 ab
1542 4296 1610 4336 eo
1642 4290 1705 4336 ttt

152 4386 236 4437 pro
266 4389 318 4427 se
352 4384 614 4445 prtecsset
665 4372 924 4430 Occidttis
969 4372 1188 4442 imperii
1248 4374 1537 4438 tractibus,
1570 4372 1700 4439 etsi,

152 4474 399 4530 nunquam
448 4465 555 4518 rite
605 4464 785 4519 lectus
833 4472 929 4518 aut
962 4462 1328 4533 inauguratus
1371 4465 1697 4534 imperator,

154 4551 276 4607 haud
320 4556 502 4610 obtine
535 4571 567 4610 e
618 4555 903 4611 videretur
952 4571 1142 4611 verum
1186 4558 1277 4625 jus
1311 4558 1464 4627 regni
1502 4556 1693 4626 Mogn-
1730 4556 1775 4610 ο

152 4643 375 4710 lensiuut,
412 4656 590 4702 tamen
621 4647 751 4718 quia
793 4649 860 4703 de
888 4648 1035 4703 facto
1069 4649 1161 4703 tali
1194 4659 1469 4718 potestate
1503 4649 1702 4719 funge-

155 4738 309 4801 batur,
338 4741 404 4794 ab
445 4741 856 4812 Abulpharagio
882 4741 1183 4813 aliquando
1229 4741 1544 4813 appellatur
1591 4741 1701 4794 llu-

153 4825 254 4881 lacu
302 4833 337 4885 it
384 4835 555 4889 Chan.
608 4832 722 4889 Hoc
780 4850 913 4889 vero
965 4845 1221 4900 mortuo,
1280 4834 1377 4889 ubi
1436 4833 1699 4903 legitimis

152 4923 398 4993 suil‘ragiis
447 4930 629 4999 gentis
660 4929 997 4984 collocatum
1040 4926 1094 4982 in
1127 4927 1528 4997 Mogulensium
1561 4926 1700 4981 solio

151 5014 362 5073 Abakam
385 5019 591 5075 Hulaeu
626 5019 798 5074 ﬁlium
826 5020 1040 5085 retulit,
1057 5035 1280 5089 semper
1314 5020 1470 5074 illum
1498 5018 1700 5074 deinde

152 5109 369 5165 Abaka-tt
401 5113 554 5168 Chau
605 5112 849 5168 Abakam
899 5112 1145 5168 Cbanem
1193 5113 1467 5173 nominat.
1499 5122 1704 5167 utem-

153 5201 333 5269 pltasitu
365 5207 836 5277 autoxparoptxﬁ;
888 5205 1226 5261 monarchim
1260 5205 1317 5259 in
1366 5221 1503 5261 voce
1548 5204 1700 5260 Chan

154 5306 243 5349 non
291 5300 509 5354 dubiam
577 5308 856 5371 agnoscat.
910 5299 1165 5355 Cazanen
1243 5298 1474 5361 deinde,
1534 5313 1700 5368 quem

154 5386 482 5461 l'acltytneres
509 5392 753 5447 celebrat
785 5392 1098 5462 principum
1132 5396 1388 5443 veterum
1422 5388 1476 5443 in
1512 5388 1703 5458 paucis

154 5476 418 5539 illustrium
473 5485 829 5539 ambitiosum
875 5483 1281 5542 aemulatorem,
1317 5480 1478 5534 facile
1519 5480 1704 5533 credi-

154 5571 300 5629 derint
331 5576 536 5632 [ianuis
570 5575 799 5631 secundi
838 5588 951 5628 que
979 5572 1161 5644 gentis
1204 5573 1364 5643 longe
1406 5571 1699 5627 clarissimi

157 5671 434 5723 ntunarcha:
460 5653 992 5739 cognomen-potius
1016 5674 1238 5735 aptasse
1273 5681 1440 5734 quam
1482 5663 1700 5724 Chattis,

156 5759 277 5820 quod
310 5760 360 5814 in
398 5777 556 5832 reges
604 5774 826 5832 quoque
856 5774 968 5814 sua:
1006 5756 1189 5828 gentis
1237 5772 1347 5811 non
1383 5754 1703 5810 laudatissi-

159 5860 257 5904 πῶς
288 5855 558 5926 vulgatum
590 5864 644 5910 et
680 5854 735 5909 in
764 5852 893 5909 aliis
929 5854 1158 5922 insuper
1179 5851 1400 5921 populis
1432 5849 1700 5904 usitatum

1821 578 1902 650 [P.
1961 577 2084 649 486]
2134 586 2193 631 et
2237 578 2303 631 ad
2356 589 2553 629 necent
2608 577 2753 631 ultro
2792 576 2898 631 sibi
2948 579 3403 638 oonseiseendam

1817 672 2019 743 adegit,
2056 669 2397 725 Αἰαίη-(Μαῖα
2428 673 2744 725 nominatus
2796 671 3052 727 traditur.
3100 672 3228 730 Haec
3265 691 3399 733 cum

1818 765 1892 819 ita
1926 765 2058 829 sint,
2092 763 2480 833 Pacltymeres,
2514 762 2592 816 uti
2624 771 2681 816 et
2708 762 2863 817 multi
2915 764 3009 818 alii
3064 767 3395 836 scriptores,

1813 872 1882 911 ett
1912 855 2064 911 Chao
2084 858 2328 909 et-Kaen
2346 853 2570 908 unicam
2606 852 2914 909 ΜΒΝ-ωε
2947 855 3394 926 appellationem,

1816 934 2139 1004 Tatamrum
2170 989 2185 1015 ,
2228 958 2286 1003 ut
2337 958 2579 1019 putant,
2643 949 2979 1019 peculiarem
3042 951 3391 1021 principum,

1815 1058 1941 1096 cum
2004 1051 2186 1096 tanten
2222 1042 2316 1101 sit.
2354 1056 2480 1096 meo
2524 1041 2762 1111 judicio,
2800 1043 3157 1099 verisimilius
3204 1059 3396 1101 vocem

1813 1134 2036 1203 quidem
2097 1133 2254 1189 Kaan
2288 1136 2580 1205 propriam
2614 1133 2797 1205 gentis
2851 1134 3139 1206 Moguliete
3190 1135 3396 1201 fuisse,

1811 1227 1964 1283 Claan
2008 1235 2194 1283 autem
2228 1227 2553 1284 Sinensibus
2590 1228 2785 1283 saltem
2822 1236 2879 1283 et
2906 1228 3423 1286 Praesteianuettsi-‘

1812 1323 1939 1385 bus.
1977 1322 2228 1379 fortassis
2281 1322 2450 1379 etiam
2500 1330 2558 1378 et
2589 1321 2716 1378 aliis
2764 1321 3047 1380 interioris
3079 1321 3223 1379 Asiae
3266 1337 3401 1395 gen-

1812 1416 1949 1471 tium
1980 1414 2229 1489 dynastis
2254 1415 2431 1472 tribui
2464 1424 2732 1488 praeterea
2758 1414 2939 1472 fuisse
2962 1412 3216 1472 solitam.

1883 1553 2174 1625 Κάραϐος,
2207 1571 2264 1626 p.
2308 1553 2438 1611 2H.
2462 1552 2776 1628 Hesychius
2794 1553 3051 1625 κάραϐον
3074 1568 3107 1609 a
3139 1552 3397 1613 Macedo-

1804 1648 1979 1704 nibus
1995 1648 2105 1702 dici
2133 1647 2213 1703 ait
2242 1646 2442 1719 πύλην.
2483 1647 2613 1703 Haec
2643 1647 2760 1703 sola
2788 1663 2821 1704 ο
2841 1645 3033 1704 multis
3056 1646 3223 1721 hujus
3245 1646 3401 1704 vocis
3428 1698 3433 1719 λ

1812 1740 2139 1796 notionibus
2187 1741 2294 1796 huc
2344 1743 2602 1811 quadrat,
2628 1740 2762 1796 dum
2797 1756 2865 1797 ea
2901 1753 3005 1812 pro
3032 1749 3234 1798 natura
3262 1739 3397 1795 sub-

1741 1850 1781 1905 B
1804 1833 1967 1902 jectae
2002 1835 2084 1888 rei
2120 1832 2462 1901 signiﬁcatus
2500 1846 2761 1904 putemus
2802 1834 2987 1889 exitus
3014 1833 3238 1904 paludis
3276 1833 3397 1890 sive

1811 1926 2032 1981 canales
2061 1927 2228 1982 certis
2255 1926 2394 1982 locis
2421 1926 2673 1983 defossos
2690 1936 2750 1983 et
2788 1927 2919 1982 hinc
2945 1926 3074 1983 inde
3095 1926 3263 1999 tignis
3285 1927 3397 1982 alte

1811 2021 1934 2077 ﬁxis
1970 2022 2216 2077 munitos
2252 2020 2325 2076 ad
2370 2034 2571 2092 aquam
2612 2020 3029 2076 currit/audam.
3068 2018 3276 2075 Horum
3302 2035 3398 2075 ca-

1812 2114 1924 2184 pita
1951 2114 2222 2169 exstantia
2244 2115 2524 2184 tignorum
2544 2113 2785 2183 primum
2816 2111 3129 2169 devinxisse
3155 2112 3396 2168 invicem

1812 2205 2012 2259 validis
2072 2204 2297 2259 funibus
2368 2204 2881 2274 Philanthropenus
2947 2205 3040 2260 hic
3104 2213 3395 2264 narratur.

1811 2296 2010 2352 deinde
2064 2296 2390 2352 instravisse
2452 2298 2789 2352 transversis
2837 2296 3063 2360 tabulis,
3115 2306 3231 2352 tum
3290 2296 3399 2350 hoc

1812 2390 1974 2460 plano
2004 2406 2108 2460 pro
2157 2390 2331 2445 fundo
2363 2405 2494 2445 usus
2527 2389 2783 2444 turribus
2816 2391 3101 2456 tollendis,
3131 2404 3165 2447 e
3191 2392 3397 2462 quibus

1810 2494 1993 2534 arcem
2020 2492 2386 2551 oppugnaret.
2425 2480 2543 2535 Non
2572 2495 2662 2535 me
2697 2480 2902 2535 latebat
2936 2496 3064 2536 cum
3096 2482 3217 2536 haec
3252 2482 3396 2537 scri-

1812 2574 2001 2627 berem
2037 2572 2282 2643 κὰραὸον
2314 2586 2509 2626 navem
2537 2587 2757 2642 quoque
2785 2573 3127 2643 signiﬁcare.
3159 2572 3298 2628 Nam
3337 2581 3396 2628 et

1811 2664 1943 2719 alibi
1974 2664 2117 2720 hanc
2142 2672 2470 2731 usurpatam
2496 2680 2525 2718 a
2554 2663 2898 2735 Pachymere
2930 2679 3125 2720 vocem
3157 2665 3240 2719 sic
3270 2677 3395 2719 sum

1811 2754 2232 2824 interpretatus.
2267 2754 2396 2809 ideo
2442 2764 2623 2809 tamen
2665 2755 2798 2809 mihi
2848 2756 3036 2810 minus
3087 2755 3397 2813 verisimile

1812 2848 1988 2903 visum
2038 2847 2225 2913 est,-id
2263 2848 2595 2902 vocabulum
2638 2850 2744 2902 isto
2769 2847 2893 2903 loco
2926 2864 2955 2903 a
2988 2859 3182 2903 nostro
3211 2848 3394 2904 histo-

1813 2941 1927 2995 rico
1962 2940 2017 2995 in
2052 2941 2155 2995 hac
2200 2939 2412 3011 vulgari
2441 2941 2671 2996 notione
2692 2949 3045 3011 usurpatum,
3064 2941 3219 3011 quod
3235 2943 3397 2998 navi-

1802 3033 1987 3095 colas.
2021 3031 2438 3102 quantumlibet
2486 3033 2632 3088 inter
2675 3048 2740 3086 se
2782 3034 3030 3099 vinctas,
3074 3033 3396 3092 innatantes

1811 3136 2024 3195 stagno.
2045 3139 2239 3193 parum
2267 3124 2506 3178 solidum
2531 3123 2763 3177 fundum
2792 3124 3167 3180 existimarem
3189 3126 3397 3196 polim-

2055 3216 2328 3271 uzacltinis
2383 3216 2745 3280 sustinendis,
2806 3225 2972 3287 prout
3023 3216 3230 3274 factum
3281 3218 3396 3277 illic

1812 3317 2094 3362 narratum
2146 3307 2332 3376 exigit.
2373 3306 2513 3372 Quia
2566 3321 2746 3362 tamen
2773 3308 3025 3378 exempla
3056 3324 3168 3364 non
3195 3309 3397 3366 desunt

1814 3399 2084 3470 μοπύνων,
2121 3399 2529 3454 obsidionaLum
2558 3400 2812 3466 turrium,
2846 3410 2903 3455 et
2921 3402 3306 3458 machinarum
3340 3403 3397 3459 id

1809 3505 2008 3560 genus,
2051 3490 2381 3557 ἑλεπόλεων,
2417 3486 2655 3548 navibus
2702 3491 3092 3563 impositurum
3116 3493 3181 3549 in
3214 3508 3398 3566 Oppu-

1806 3582 2163 3653 gnationibus
2220 3582 2552 3638 littoralium
2602 3583 2862 3650 arcium;
2907 3584 2955 3640 si
3009 3586 3097 3640 cui
3152 3585 3400 3658 pruden-

1810 3675 1939 3730 tiori
1991 3690 2079 3731 me
2129 3676 2329 3732 lectori
2368 3675 2715 3747 praeferenda
2764 3677 3054 3735 videretur
3087 3678 3399 3751 simplicior

1802 3769 1967 3841 691
2020 3778 2077 3826 et
2132 3770 2307 3841 magis
2351 3769 2515 3826 obvia
2547 3770 2653 3826 loci
2703 3770 2829 3840 ejus
2884 3771 3184 3842 expositio,
3226 3772 3401 3830 inter-

1808 3860 2175 3931 pretationem
2213 3860 2362 3916 illam
2391 3876 2569 3916 meam
2612 3861 2668 3915 in
2705 3861 2856 3917 hunc
2890 3863 3117 3919 modum
3145 3864 3397 3921 relictam

1802 3952 1901 4008 hic
1950 3952 2149 4008 habeat
2183 3972 2196 4008 :
2233 3969 2331 4023 pro
2368 3952 2526 4009 hisce
2573 3952 2783 4010 Graecis
2827 3954 3184 4028 Pacbymeris
3206 3957 3397 4014 verbis

1806 4061 1936 4116 pag.
1968 4044 2067 4100 9H
2135 4062 2149 4098 :
2224 4037 2503 4117 'Enta'xtbv
2541 4046 2669 4110 τοὺς
2718 4045 2819 4115 τῆς
2870 4046 3070 4120 λίμνης
3117 4050 3398 4118 καράϐους

1809 4137 1993 4191 συνδεῖ
2051 4138 2284 4208 σχοίνοις
2306 4179 2320 4203 ,
2373 4139 2467 4192 καὶ
2496 4138 2629 4205 ξύλα
2666 4140 2902 4209 μέγιστα
2927 4140 3094 4206 ἐνιεὶς
3127 4141 3216 4196 ἐπ’
3250 4142 3397 4196 ὲκεί-

1808 4249 1915 4285 νων
1955 4233 2430 4298 κατασκευάζεται
2463 4235 2741 4301 μόσυναςς
2784 4232 2899 4289 haec
2938 4235 2994 4290 in
3030 4234 3233 4291 Latina
3271 4252 3397 4292 ver-

1808 4322 1965 4377 sione
1983 4323 2394 4379 subsﬁtuantur
2420 4341 2432 4376 :
2459 4325 2736 4393 Arreptas,
2755 4341 2874 4395 qua:
2889 4325 2943 4380 in
2963 4334 3153 4398 stagno
3172 4337 3399 4399 repertae

1806 4424 1952 4478 sunt,
2008 4417 2221 4488 cymbas
2268 4417 2479 4486 funibus
2524 4417 2776 4489 colligat;
2833 4429 2883 4473 et
2928 4418 3086 4491 lignis
3117 4436 3278 4491 super
3305 4437 3397 4477 ea:

1807 4510 2091 4562 constratis
2155 4510 2429 4571 maximis,
2479 4516 2652 4562 turres
2700 4511 2756 4563 in
2790 4525 2850 4563 eo
2888 4508 3152 4577 tabulato,
3190 4522 3239 4566 et
3281 4529 3399 4567 ma-

1804 4606 1987 4657 chinas
2029 4607 2308 4658 construit.
2349 4606 2532 4674 Atque
2577 4605 2719 4661 hunc
2752 4604 2989 4676 ingenue
3014 4605 3214 4671 fateor,
3248 4621 3398 4663 nunc

1810 4692 1943 4747 mihi
1976 4693 2441 4748 verosimiliorem
2467 4692 2641 4750 videri
2672 4695 3045 4762 sententiam;
3079 4712 3148 4752 ex
3169 4712 3236 4753 eo
3257 4712 3399 4768 pre-

1804 4784 1998 4840 sertim
2050 4785 2200 4855 quod
2252 4786 2622 4859 Pachymeres
2641 4788 2823 4842 statim
2872 4787 3065 4857 addat,
3095 4790 3165 4843 τὰ
3190 4790 3238 4845 δ’
3259 4789 3396 4845 ἄλλα

1808 4878 1965 4931 πλοῖα
1992 4877 2312 4947 πληρώσας.
2341 4878 2449 4932 lsta
2494 4880 2643 4934 enim
2675 4877 2911 4934 aliarum
2939 4881 3156 4936 navium
3185 4882 3396 4939 mentio

1807 4969 1944 5024 satis
1992 4970 2220 5031 indicat.
2275 4979 2500 5040 putasse
2549 4972 2755 5041 ipsum,
2792 4972 3072 5042 καράϐους
3146 4989 3393 5046 quoque,

1806 5074 1944 5128 quos
1994 5061 2157 5130 paulo
2206 5067 2335 5117 ante
2370 5072 2879 5127 memoraverat,ex
2920 5064 3119 5120 eodem
3188 5064 3394 5122 πλοίων

1807 5152 1925 5206 sive
1960 5153 2304 5223 navigiorum
2341 5168 2546 5225 genere
2590 5168 2733 5209 esse.
2774 5210 2779 5215 ,

1880 5286 2141 5355 Καρπός,
2193 5303 2245 5355 ρ.
2307 5286 2434 5342 146.
2479 5288 2595 5344 Vox
2655 5289 2872 5362 καρπός
2923 5290 3015 5347 hic
3064 5290 3122 5346 iu
3170 5291 3397 5347 notione

1808 5380 2028 5448 qualem
2063 5380 2194 5435 alibi
2225 5381 2481 5450 nttspiam
2533 5382 2964 5439 observaveram
3002 5384 3250 5456 ponitur,
3275 5384 3394 5440 folii

1810 5473 2063 5541 paginam
2102 5473 2390 5538 indicans,
2429 5476 2757 5547 metaphora
2809 5477 3074 5533 nimirum
3114 5475 3391 5548 populari,

1808 5565 1955 5633 quali
2006 5567 2170 5637 vulgo
2223 5567 2277 5621 in
2321 5567 2497 5623 Gallia
2550 5584 2751 5640 scapus
2779 5569 2987 5629 charta
3017 5570 3203 5625 vocari
3253 5569 3399 5624 solet

1813 5674 1915 5712 tute
1949 5662 2094 5713 main
2134 5660 2200 5713 de
2254 5663 2463 5731 papier.
2490 5661 2589 5717 Est
2638 5661 2852 5733 καρπός
2882 5663 3141 5733 iunctura
3183 5660 3402 5718 brachii
3487 5688 3501 5725 ι

1810 5767 1937 5805 cum
1968 5767 2158 5816 manu,
2196 5754 2400 5824 ἄρθραν
2440 5755 2625 5826 χειρὸς
2662 5754 2756 5807 καὶ
2784 5754 3094 5826 βραχίονος.
3124 5759 3185 5807 ut
3216 5751 3404 5822 loqui-

1813 5854 1904 5899 tur
1952 5847 2299 5916 Aristoteles,
2337 5863 2371 5902 n
2408 5848 2483 5904 De
2519 5860 2664 5920 part.
2700 5847 2927 5904 animat.
2946 5849 3189 5920 Apparet
3215 5855 3408 5907 tamen
