3856 6562
120 475 205 535 753
1436 466 1643 530 (ποετ

1824 467 1963 528 υΜ.-
2146 437 2154 444 ’
2197 464 2201 467 ’
3228 465 3335 531 754

94 586 219 642 'nnn
263 580 595 639 ballistarum
635 582 781 639 tubis
818 582 987 640 aeneis
1018 582 1453 655 praegrandibus,
1490 582 1654 654 globo
1685 582 1726 638 Α
1755 590 1949 652 negant
2003 583 2120 653 igne
2165 599 2314 656 posse
2344 581 2530 654 subigi,
2560 582 2635 637 sic
2670 580 2758 637 isti
2798 599 2831 637 a
2879 581 3053 652 legum
3086 583 3137 636 vi
3162 598 3330 651 quan-

119 680 272 731 terreo
299 676 451 747 ignea
498 675 549 730 vi
592 675 900 732 fulminato.
930 676 1226 731 Vaticanus
1263 676 1653 748 paraphrastes
1760 677 1951 729 tumvis
1979 675 2157 730 valida
2183 677 2367 732 intacti
2397 675 2706 747 perdurent.
2739 674 2899 730 Hunc
2927 675 3106 729 locum
3140 673 3324 729 Plato-

119 769 258 840 iguoti
295 768 437 823 verbi
473 770 631 838 quasi
678 770 1061 837 contagionem
1105 768 1553 839 perhorrescens.
1579 778 1657 822 ιο·
1764 769 1851 823 nis
1877 769 2101 824 videtur
2131 769 2480 839 potissimum
2505 769 2561 822 in
2589 767 2775 823 animo
2804 767 3070 823 habuisse
3115 766 3332 837 Pachy-

120 877 208 916 tam
245 862 326 916 cui
372 871 495 915 erat
542 862 813 916 insertum
848 862 1107 917 transiliit
1141 861 1497 927 sententiam,
1538 877 1657 917 om-
1760 879 1941 918 meres
1980 864 2098 919 hzec
2151 862 2422 918 scribens.
2453 862 2562 919 Sed
2594 873 2764 917 totam
2816 863 2960 918 hanc
3010 877 3126 917 rem
3158 859 3331 931 magis

118 967 319 1019 nemque
349 950 586 1005 ballista:
613 967 675 1006 ac
701 951 1055 1021 explosorum
1099 966 1196 1021 per
1215 966 1337 1007 eam
1363 951 1653 1006 molarium
1759 954 2000 1010 illustrat
2039 955 2385 1021 Plutarchus,
2421 953 2520 1028 [P.
2582 953 2722 1028 489]
2778 954 2886 1009 hoc
2950 962 3332 1019 argumentum

118 1043 472 1098 imlicationem
510 1041 737 1098 conscio
789 1043 1011 1098 silentio
1061 1043 1335 1115 absorpsit
1361 1082 1378 1109 ,
1418 1043 1499 1100 sic
1536 1044 1657 1114 ple-
1758 1046 1915 1116 quasi
1942 1062 2009 1101 ex
2040 1047 2290 1118 professo
2321 1054 2584 1111 tractans,
2617 1045 2654 1101 Ι.
2699 1060 2777 1100 vn
2802 1044 3171 1101 convivalium
3204 1043 3335 1098 Ser-

116 1150 315 1205 rumque
345 1133 571 1203 defungi
602 1134 819 1189 solitus.
1758 1154 1982 1193 monum
2011 1179 2026 1203 ,
2060 1148 2253 1209 quaest.
2292 1138 2366 1201 τὶς
2428 1153 2494 1194 ac
2548 1137 2751 1194 factum
2794 1136 3020 1207 quidem
3070 1149 3137 1190 ex
3182 1147 3335 1189 coms

168 1233 640 1299 Κατατροποῦμαι
669 1272 685 1295 ,
722 1248 774 1301 p.
819 1231 944 1287 528.
978 1232 1102 1301 Agit
1145 1233 1212 1287 de
1243 1249 1440 1305 magno
1465 1234 1650 1305 primi-

1808 1232 1910 1287 iuni
1957 1226 2217 1302 opinione
2264 1245 2454 1287 verum
2492 1244 2724 1301 ponens,
2768 1243 2991 1284 causam
3021 1225 3143 1297 ejus
3177 1240 3331 1280 com-

110 1324 397 1391 ceriojussu
424 1323 658 1392 Augusti
685 1324 968 1379 Michaelis
996 1324 1288 1380 Catelanos
1310 1326 1653 1397 Calliopolim
1759 1323 2077 1379 miniscitur
2125 1321 2353 1379 minime
2401 1322 2870 1393 superstitiosam.
2898 1321 3110 1391 Nempe
3147 1320 3222 1374 ait
3253 1318 3335 1373 le-

110 1426 326 1468 tenentes
381 1425 742 1484 oppugante,
791 1433 899 1471 non
964 1418 1083 1471 sine
1133 1418 1318 1489 aliquo
1379 1421 1653 1476 interdum
1757 1418 1980 1487 gumina
2024 1427 2120 1472 aut
2170 1417 2379 1472 semina
2433 1432 2579 1487 quat,
2618 1426 2679 1470 ut
2731 1416 2876 1471 solet
2919 1413 3052 1478 dici,
3111 1412 3241 1467 dum
3277 1412 3331 1466 in

108 1520 328 1559 SIICCOSSll
362 1505 538 1573 praelii
598 1508 849 1569 secundi.
886 1522 997 1575 quo
1037 1507 1162 1561 illos
1191 1508 1449 1564 funderet
1503 1509 1657 1580 fuga-
1698 1547 1705 1557 ε
1758 1521 1962 1565 terram
1987 1509 2348 1581 jaciunturin
2381 1523 2590 1563 cornua
2623 1506 2933 1576 impingunt
2972 1505 3135 1560 boum
3168 1520 3330 1557 aran-

110 1607 289 1666 retjue.
329 1598 447 1652 Non
509 1598 644 1653 alibi
699 1615 864 1670 quam
898 1599 1041 1669 apud
1101 1599 1327 1655 Suidam
1382 1601 1657 1670 reperitur
1759 1603 1918 1665 tium,
1946 1616 2057 1656 non
2085 1615 2156 1655 ex
2195 1613 2262 1653 eo
2291 1606 2544 1654 contactu
2577 1596 2843 1667 qualitate
2876 1592 3017 1648 allici
3071 1593 3331 1662 maligna,

109 1689 189 1741 huc
229 1688 454 1742 verbum
496 1689 977 1759 κατατροποῦμαι.
1025 1690 1223 1745 Suidas
1261 1699 1445 1745 autem
1479 1693 1656 1749 notio-
1757 1709 1865 1765 qua
1895 1692 2096 1749 deinde
2131 1692 2225 1747 ﬁat
2267 1700 2322 1746 ut
2363 1708 2486 1762 quae
2541 1691 2670 1745 inde
2701 1686 3134 1759 germinaverint
3180 1686 3333 1740 dum

109 1795 206 1831 nem
228 1781 339 1851 ejus
367 1797 476 1836 non
505 1782 790 1851 exprimit,
828 1783 922 1836 sed
947 1789 1157 1835 tantum
1189 1784 1504 1838 accusativo
1529 1784 1659 1851 jun-
1755 1795 2000 1843 coctura:
2034 1784 2168 1848 sint.
2221 1784 2318 1840 sed
2350 1785 2500 1855 quod
2547 1799 2613 1840 ea
2664 1781 2970 1838 oll'ensione
3008 1793 3333 1849 repercussa

106 1868 145 1934 gi
170 1878 352 1923 monet.
392 1871 469 1949 Es
503 1871 612 1927 hoc
646 1872 996 1944 Pacliymeris
1040 1873 1164 1928 loco
1198 1874 1462 1930 habemus
1490 1877 1652 1931 activi
1689 1923 1728 1976 Β
1758 1877 1867 1932 alio
1894 1876 2144 1932 resiliant
2172 1890 2336 1946 quam
2365 1890 2475 1945 quo
2503 1889 2699 1928 manus
2724 1871 2964 1928 serentis
2994 1869 3331 1934 destinabat,

106 1974 200 2014 esse
227 1960 587 2030 signiﬁcatus,
615 1974 672 2018 et
692 1963 923 2020 fundere
953 1980 1016 2018 ac
1041 1965 1233 2035 fugare
1261 1967 1476 2037 aliquos
1505 1978 1653 2026 recte
1689 1960 1728 1976 ”
1762 1970 1817 2024 in
1850 1971 2033 2025 sinum
2062 1982 2256 2039 nempe
2277 1967 2440 2033 sulci,
2466 1967 2560 2021 ubi
2589 1966 2774 2021 statim
2802 1974 2946 2020 terra
2973 1971 3292 2034 tegerentur
3316 1981 3330 2019 :

107 2050 190 2104 dici
219 2051 393 2108 Graece
425 2056 915 2126 κατατροποῦσθαί
949 2076 1121 2122 τινας.

1809 2076 1906 2116 unc
1940 2076 2072 2116 vero
2104 2058 2159 2114 in
2192 2059 2371 2129 campi
2409 2057 2757 2129 superﬁciem
2790 2065 2998 2111 temere
3027 2054 3233 2119 effusa,
3255 2054 3332 2111 ibi

163 2146 511 2213 Κερασσόλοι
543 2147 787 2217 κύαμοι,
823 2164 945 2219 pag.
993 2150 1119 2207 5l9.
1157 2150 1284 2221 Agit
1316 2151 1385 2207 de
1415 2151 1653 2207 bthana-
1756 2148 2004 2220 exposita
2032 2148 2221 2219 frigori
2250 2164 2321 2204 ac
2338 2148 2569 2218 reliquis
2592 2147 2738 2203 aeris
2763 2147 2981 2217 injuriis
3006 2145 3333 2215 relinquan-

109 2231 170 2287 εἰσ
200 2235 498 2301 patriarcha
528 2275 547 2299 ,
605 2236 829 2292 duritiei
876 2238 1133 2295 immanis
1192 2251 1250 2295 et
1300 2241 1652 2297 inexorabilis
1759 2249 1869 2308 tur,
1903 2239 2048 2297 unde
2072 2256 2182 2296 non
2211 2240 2317 2296 nisi
2352 2254 2478 2295 sero
2500 2248 2556 2295 et
2583 2254 2725 2310 :egre
2757 2238 3031 2309 pullulent
3053 2235 3337 2307 sequioris

113 2322 314 2379 homine.
347 2325 509 2381 llunc
544 2336 836 2398 comparat
882 2328 1025 2384 fabis
1084 2345 1150 2384 ex
1192 2329 1262 2385 iis
1317 2331 1488 2395 ortis,
1527 2347 1652 2402 qua:
1755 2336 1921 2391 etiam
1967 2342 2179 2389 natura:
2223 2332 2440 2389 fructus
2466 2348 2529 2389 ac
2556 2340 2913 2388 contumaces
2934 2330 3002 2385 ad
3024 2336 3329 2387 cocturam.

110 2429 206 2468 cum
234 2415 283 2471 in
318 2426 523 2474 terram
564 2434 596 2474 a
641 2430 861 2476 serente
902 2421 1240 2491 iacerentur,
1276 2423 1430 2478 bovis
1474 2438 1655 2479 cornu
1756 2428 1834 2484 De
1864 2435 2065 2484 caetero
2094 2427 2239 2482 idem
2271 2425 2522 2493 agnoscit
2560 2424 2820 2479 usitatam
2858 2423 2987 2479 inde
3014 2421 3332 2479 translatio-

110 2505 347 2577 ίθίῖῧθτίηῑ
380 2525 395 2562 ε
427 2511 567 2566 ιθιθε
586 2509 736 2566 enim
770 2510 1087 2566 ferebamur
1108 2512 1246 2568 adeo
1278 2512 1431 2568 dum
1472 2515 1647 2582 nasci.
1756 2536 1882 2577 nem
1912 2520 1979 2575 ad
2005 2520 2287 2591 praefracti
2308 2516 2564 2573 homines
2593 2515 2799 2588 ingenii
2826 2514 3180 2586 κερασϐόλων
3203 2529 3329 2569 ver-

110 2606 157 2651 ut
198 2600 329 2655 nulla
378 2612 616 2659 coctura
657 2604 725 2658 ad
780 2605 1073 2659 mollitiem
1124 2607 1243 2660 esui
1274 2617 1644 2676 opportunam
1756 2614 1827 2668 bo
1869 2612 2260 2683 designandos.
2293 2613 2465 2683 Δῆλον
2492 2611 2626 2682 γὰρ,
2665 2610 2963 2680 inquiens,
3000 2604 3187 2681 ﬁvbn
3218 2607 3333 2660 τῶν

110 2690 250 2763 subigi
283 2704 530 2762 possent.
564 2695 816 2751 Meminit
847 2696 1011 2768 hujus
1047 2706 1108 2754 ut
1146 2698 1387 2768 antiquae
1414 2708 1471 2754 et
1498 2701 1633 2755 cele-

1803 2704 2089 2775 κερμάτων
2133 2703 2204 2758 τὰ
2236 2704 2655 2774 προσπίπτοντα
2689 2704 2803 2765 τοῖς
2832 2700 2945 2755 τῶν
2979 2699 3120 2771 βὀῶν
3154 2699 3326 2770 κέρα-

111 2781 199 2838 bris
241 2785 426 2842 fabulae
458 2787 902 2858 Theophrastus,
929 2788 1028 2844 lib.
1065 2799 1138 2854 tv,
1181 2805 1235 2846 c.
1285 2791 1371 2856 14,
1415 2791 1501 2847 his
1526 2808 1634 2848 eam

1794 2814 1840 2849 ιν
1893 2794 2214 2866 ἀτεράμονα
2270 2795 2366 2848 τὸν
2427 2793 2643 2864 καρπὸν
2700 2790 2931 2861 ἐκφύειν
2983 2789 3317 2863 νομίζοντες,

108 2875 254 2932 verbis
301 2894 400 2950 pro
448 2881 851 2952 superstitione
900 2881 1096 2938 frivola
1131 2882 1464 2939 traducens:
1499 2888 1564 2940 Ὀ
1588 2886 1631 2940 δέ

1801 2885 1896 2940 isto
1960 2886 2055 2941 τὸν
2084 2885 2295 2955 αὐθάδη
2328 2887 2422 2939 καὶ
2453 2884 2691 2955 σκληρὸν
2719 2883 3013 2954 ἄνθρωπον
3047 2883 3114 2936 ὲκ
3155 2899 3324 2952 μετα-

111 2965 320 3033 λέγουσιν
365 2972 416 3024 oi
475 2972 670 3028 πολλοὶ
699 2973 835 3031 διότι
864 2974 924 3027 τὸ
965 2974 1306 3046 κερασϐόλον
1335 2978 1647 3050 ἀτέραμνον
1754 2981 1927 3051 φορᾶς
1976 2977 2311 3051 κερασϐόλον
2367 2978 2462 3032 καὶ
2501 2977 2818 3049 ἀτεράμονα
2875 2974 3320 3048 προσηγόρευον.

110 3056 300 3125 γίνεται,
327 3063 531 3131 μήποτ’
564 3062 708 3131 ἄγαν
736 3063 933 3134 εὔηθες
1064 3067 1431 3139 σκληρότερος
1469 3071 1580 3142 γὰρ
1617 3073 1633 3126 ί

1801 3072 1934 3143 iquet
1990 3073 2150 3139 enim,
2207 3073 2272 3127 ab
2313 3071 2649 3145 opinantibus
2710 3088 2773 3127 ea
2823 3072 3027 3125 semina
3092 3085 3212 3141 qua:
3268 3070 3324 3123 in

110 3147 244 3215 λίθος,
278 3155 409 3224 πρὸς
446 3156 508 3209 ὃν
541 3156 804 3220 πολλάκις
838 3158 1175 3229 προσπίπτει
1204 3160 1272 3214 τὰ
1308 3161 1633 3234 σπέρματαε

1802 3182 1907 3219 mm
1952 3181 2153 3220 cornua
2210 3165 2507 3219 inciderunt
2546 3154 2777 3235 fructum
2825 3165 2978 3217 edere
3034 3163 3229 3216 durum
3274 3170 3325 3217 et

109 3240 190 3335 ait:
212 3243 279 3314 μὴ
317 3247 636 3320 προσκόψῃ,
673 3249 807 3320 μηδὲ
856 3250 1041 3320 βουσὶν
1083 3251 1315 3325 ἀροτριᾷ
1354 3271 1459 3319 τις,
1489 3254 1632 3311 obdit

1803 3265 1899 3312 ictu
1954 3257 2239 3327 difﬁcilem,
2292 3257 2450 3329 fuisse
2488 3256 2609 3311 inde
2647 3255 2899 3311 uocabulo
2938 3253 3204 3308 translato
3230 3255 3326 3307 bo—

108 3326 240 3399 ἧττον
272 3338 587 3411 ἀτέραμνον
636 3342 868 3409 γίνεται.
913 3340 1065 3408 Quod
1111 3354 1287 3400 autem
1316 3346 1470 3418 uulgo
1508 3349 1631 3405 diri-

1806 3353 1942 3406 inem
1994 3352 2339 3423 prwfractum
2396 3357 2447 3403 et
2497 3357 2857 3403 contumacem
2908 3357 3224 3401 ateramona
3276 3350 3328 3398 et

107 3433 297 3493 tnr,car
323 3450 483 3489 cornu
535 3439 1097 3495 eontactnmincoctile
1117 3440 1224 3511 ﬁt?
1259 3443 1548 3499 videndum
1573 3464 1645 3500 an
1748 3442 2057 3498 kernsbolon
2113 3444 2334 3499 dictum.
2401 3440 2478 3496 Ita
2543 3440 2892 3497 Plutarchus.
2953 3439 3091 3493 Vide
3150 3436 3321 3492 etiam

106 3535 184 3573 non
208 3525 547 3586 reiiciendum
574 3545 669 3592 pro
695 3546 833 3585 uano
857 3540 907 3585 et
938 3536 1216 3603 nugatoria
1254 3536 1419 3591 uideri
1441 3537 1644 3595 debeat.
1748 3536 1867 3592 haec
1889 3535 2083 3591 eadem
2128 3534 2519 3589 conﬁrmamus
2546 3532 2787 3587 Plinium
2819 3540 2876 3585 et
2901 3528 3129 3587 Suidam
3151 3543 3167 3594 ;
3193 3540 3324 3582 nam

108 3608 267 3667 Durior
300 3620 491 3689 quippe
526 3636 684 3689 quam
717 3638 882 3676 cornu
907 3623 1074 3696 695
1102 3634 1180 3679 est
1210 3626 1365 3697 lapis,
1403 3630 1458 3682 in
1490 3647 1653 3700 quem
1749 3626 1914 3682 nobis
1949 3626 2391 3681 testimoniorum
2439 3624 2662 3681 abunde
2690 3625 2802 3695 jam
2833 3634 2940 3678 est.

105 3720 211 3773 sape
258 3711 522 3777 incidunt,
583 3713 786 3793 dum‘e
838 3732 1001 3770 manu
1045 3717 1327 3785 iaciuntur
1351 3721 1407 3774 in
1444 3729 1628 3776 terrea

1818 3718 1983 3790 695
1993 3719 2244 3784 Κλοϐός.
2274 3717 2469 3786 Ἐπιφε
2479 3716 2792 3787 ρόμενος-
2807 3712 3033 3784 ἀδελφὺν
3054 3715 3114 3767 ὲν
3135 3710 3316 3783 κλοϐᾦ

105 3799 287 3853 mnina.
328 3801 397 3855 Et
425 3804 691 3868 uidemus,
719 3823 835 3876 qua:
871 3808 942 3862 ad
971 3823 1136 3862 cornu
1179 3827 1282 3865 non
1311 3813 1645 3883 oﬁ‘enderint,
1748 3840 1818 3852 —
1842 3808 1897 3881 p.
1948 3808 2179 3864 165.1ta
2236 3808 2401 3864 codd.
2457 3808 2500 3862 B
2564 3816 2621 3864 et
2686 3806 2753 3862 Α.
2804 3807 3106 3863 Vaticanus
3145 3802 3327 3860 solum

107 3903 154 3938 ac
182 3906 237 3945 ne
259 3910 413 3962 opera
448 3896 666 3966 quidem
698 3899 851 3953 boum
882 3900 946 3955 iis
989 3904 1230 3958 serendis
1253 3905 1496 3961 adhibita
1528 3908 1630 3978 {uel

1803 3902 1921 3957 ibet
1951 3900 2365 3972 ἐπιφερόμενος
2394 3901 2490 3954 καὶ
2514 3899 2640 3965 τοὺς
2669 3899 3039 3967 κατακρίτους
3068 3896 3326 3968 δεσμίους

109 3980 178 4044 rit,
209 3986 550 4043 nihilominus
588 3991 865 4065 iucoctilia
913 3997 1084 4049 nasci.
1115 3994 1389 4051 Catterum
1429 4014 1498 4053 ex
1543 3999 1632 4055 ho<

1805 4008 1842 4043 ιν
1871 3990 2099 4061 ἀδελφὸν
2149 3990 2243 4044 καὶ
2276 3988 2370 4042 τὸν
2424 3988 2940 4060 Στρατηγόπουλον,
2974 4001 3167 4042 vocem
3196 3986 3328 4039 κλο-

108 4075 434 4149 qualieunque
499 4082 719 4153 vulgari
777 4085 929 4139 dicto
970 4086 1083 4155 jam
1141 4088 1272 4142 olim
1310 4070 1547 4146 invaluit
1588 4102 1651 4147 ut
1751 4083 1871 4149 ϐοὖ,
1905 4090 1966 4137 ut
2003 4080 2219 4152 reliqua
2277 4080 2420 4137 solet
2466 4095 2591 4151 quae
2645 4095 2759 4136 non
2822 4078 3104 4148 intelligit,
3163 4077 3331 4133 omits

107 4163 320 4226 homines
354 4173 700 4245 immorigeri
743 4186 800 4230 et
862 4177 1032 4233 ductu
1094 4160 1275 4248 legum
1316 4181 1651 4240 inﬂexibiles
1752 4188 1903 4241 tens;
1950 4175 2007 4231 in
2042 4190 2154 4246 quo
2194 4190 2305 4230 non
2358 4175 2537 4231 solum
2590 4172 2809 4228 mutilat
2861 4171 3192 4229 sententiam
3229 4186 3330 4226 au-

108 4263 386 4326 κερασϐόλοι
416 4266 699 4324 dicantur.
724 4270 900 4330 Plato.
934 4271 972 4326 l.
997 4286 1072 4339 Ix,
1102 4272 1176 4326 De
1211 4273 1407 4342 legibus
1436 4291 1458 4331 :
1494 4276 1631 4332 ‘Avs-

1810 4268 1949 4334 oris,
1978 4266 2076 4323 sed
2111 4266 2418 4337 corrumpit
2449 4275 2506 4322 et
2539 4265 2824 4337 pervertit,
2854 4262 3060 4320 faciens
3092 4270 3152 4318 ut
3180 4260 3329 4316 allir-

110 4350 303 4421 μέσητον
358 4357 422 4427 δὴ
461 4358 759 4426 φοϐεῖσθαι
812 4365 886 4434 μή
935 4381 1019 4427 τις
1046 4365 1371 4437 ἐγγίγνηται.
1400 4367 1513 4422 τῶν
1549 4386 1633 4423 πο·

1811 4377 1903 4417 are
1953 4360 2323 4432 Pachymeres
2369 4359 2646 4422 videatur,
2695 4357 2842 4429 quod
2877 4357 3065 4428 potius
3095 4368 3327 4425 apparet

117 4438 249 4497 λιτῶν
286 4448 415 4517 ἡμῖν
446 4446 569 4504 οἷον
597 4452 946 4523 κερασϐόλος,
995 4455 1053 4520 ὃς
1107 4457 1405 4527 ἀτεράμων
1445 4459 1528 4522 είς
1559 4472 1640 4513 ἰο-

1806 4470 1932 4509 ηευῐιι
1960 4452 2213 4508 studiose
2235 4465 2438 4522 negare
2474 4449 2740 4515 voluisse,
2782 4463 2982 4518 nempe
3011 4444 3329 4503 Constanti-

121 4534 282 4639 σοῦτον
301 4541 460 4608 φύσει
503 4545 737 4612 γίγνοιτ’
765 4546 831 4599 ἂν
862 4546 1002 4602 ὥστε
1037 4548 1112 4619 μὴ
1132 4549 1399 4619 τήκεσθαι
1428 4567 1446 4584 θ
1476 4552 1644 4607 καθά-

1803 4563 1889 4602 um
1929 4546 2466 4639 quphyrogenitum
2522 4558 2553 4598 a
2596 4543 2765 4598 fratre
2805 4541 3051 4639 Augusto
3079 4539 3326 4594 vinctum

118 4643 202 4698 περ
226 4632 398 4689 ἐκεῖνα
424 4638 497 4689 τὰ
535 4636 826 4707 σπέρματα
853 4639 1010 4709 πυρὶ,
1042 4640 1228 4709 νόμοις
1255 4634 1403 4696 οὗτοι
1443 4644 1641 4716 καίπερ

1908 4626 2057 4694 etim
2110 4653 2224 4693 non
2269 4636 2455 4691 minus
2487 4650 2653 4706 quam
2698 4630 3168 4703 Strategopulum,
3201 4645 3327 4685 cum
3423 4626 3427 4631 “

112 4715 252 4784 οὕτως
283 4726 528 4794 ἰσχυροῖς
578 4725 731 4779 οὖσιν
769 4727 981 4781 ἄθικτοι
1032 4731 1355 4800 γίγνωνται.
1406 4731 1530 4788 Hice
1566 4715 1635 4789 sit

1802 4739 1905 4785 iter
1943 4744 2041 4785 eos
2072 4725 2373 4786 historicus
2401 4726 2698 4782 discrimen
2728 4724 2979 4779 habitum
3019 4732 3189 4793 ponat
3219 4721 3325 4776 itu--

117 4814 250 4867 vertit
279 4816 546 4873 Serranus
580 4836 593 4872 :
628 4819 848 4875 Minime
878 4822 1268 4892 indignandum
1324 4833 1420 4888 est,
1471 4826 1518 4879 si
1562 4843 1650 4880 ue-
1747 4821 2014 4893 jusmodi,
2040 4829 2102 4876 ut
2151 4818 2580 4889 Strategopulus
2635 4814 2858 4887 quidem
2891 4813 3095 4885 ligatus
3130 4812 3329 4883 depor-

122 4919 300 4962 ream,-
344 4928 405 4966 ηε
442 4916 562 4983 qui,
613 4916 805 4968 είυεαηι
847 4916 923 4967 im
958 4916 1193 4986 profecta
1248 4917 1475 4973 audacia
1504 4921 1649 4974 nobis
1754 4920 1902 4966 tatus
1960 4911 2168 4978 fuerit,
2218 4908 2617 4966 Constantinus
2666 4922 2801 4962 vero
2850 4920 2952 4977 pro
3013 4898 3328 4960 reverentia

121 5012 354 5069 nascatur,
388 5006 471 5061 uel
499 5023 661 5060 cornu
690 5006 1067 5071 minabundus,
1112 5015 1271 5062 atrox
1314 5010 1571 5063 nimirum
1598 5019 1648 5064 ει
1752 5003 2295 5059 ηιιιεῐῑυιηνίιιουιίε
2325 5001 2549 5072 quidem
2602 4999 2868 5065 caruerit,
2896 4999 3017 5081 sed
3069 4997 3124 5052 in
3169 5006 3328 5068 septo

119 5088 249 5157 (ms,
298 5104 353 5151 ut
401 5100 557 5169 quasi
607 5098 877 5170 legumina
927 5112 1077 5154 cocta
1118 5100 1394 5169 prtedura,
1447 5102 1525 5157 ita
1566 5101 1648 5158 illi
1751 5095 2025 5149 clathrato
2081 5102 2178 5148 aut
2221 5107 2427 5154 cavea,
2475 5089 2627 5146 velut
2662 5103 2887 5145 carcere
2935 5086 3204 5158 portatili,
3252 5087 3329 5142 sit

119 5179 221 5235 adeo
248 5184 493 5242 indomito
529 5190 636 5243 sint
663 5198 711 5242 et
743 5189 1060 5259 refractario
1108 5192 1341 5260 ingenio,
1388 5200 1447 5243 ut
1494 5192 1647 5246 uehe-
1751 5196 2018 5257 gestatus.
2043 5184 2461 5242 Consideranda
2491 5181 2655 5239 nobis
2676 5182 2944 5251 deinceps
2963 5189 3048 5235 est
3073 5194 3180 5235 vox
3202 5179 3328 5232 κλο-

121 5278 525 5335 mentissimarum
573 5283 1162 5352 robustissimarumque
1197 5282 1370 5354 legum
1412 5285 1532 5354 igne
1577 5285 1644 5339 li-

1819 5299 1868 5346 ς,
1902 5296 2068 5350 quam
2101 5281 2193 5334 alii
2222 5279 2473 5341 κλουϐόν,
2499 5276 2593 5331 alii
2623 5274 2839 5330 κλωϐόν
2875 5273 3147 5329 scribunt.
3189 5270 3325 5328 Eam

120 5363 296 5429 'Wﬁeri
328 5386 417 5425 nec
447 5373 753 5442 pet-domari
792 5373 1016 5443 possint.
1059 5371 1137 5426 lta
1193 5371 1306 5427 ille.
1359 5373 1525 5442 Atqui
1558 5390 1643 5426 κε-

1803 5378 1898 5425 ’ϐῐϐ
1925 5373 2319 5439 interpretatur
2343 5369 2432 5422 hic
2457 5374 2648 5422 noster
2666 5365 2890 5435 εἱρκτὴν
2908 5364 3178 5435 φορητὴν,
3206 5377 3326 5415 car-

124 5457 338 5524 ιπσϐὁὶης
375 5480 484 5519 non
530 5465 679 5520 valet
731 5465 823 5522 hic
873 5481 1039 5520 cornu
1094 5466 1471 5523 minabundus,
1535 5468 1645 5537 Ego
1750 5476 1918 5514 cerem
1965 5458 2295 5529 portatilem,
2329 5456 2620 5513 deﬁniens.
2680 5454 2773 5509 Εει
2826 5455 2997 5519 enim,
3024 5461 3085 5506 ut
3129 5451 3327 5522 glossas

121 5541 261 5602 locum
284 5553 358 5608 sic
384 5555 797 5626 interpretarer,
830 5557 1125 5628 judicium,
1166 5568 1289 5614 utra
1334 5558 1407 5613 sit
1449 5559 1646 5614 melior
1748 5562 1966 5606 veteres
2000 5551 2219 5614 docent,
2254 5549 2463 5612 κλωϐὸς
2491 5563 2689 5612 cavea;
2722 5546 2871 5600 unde
2918 5555 3005 5600 est
3037 5540 3327 5596 diminutio

125 5641 280 5707 t'ersio,
331 5663 486 5717 aequo
533 5657 590 5703 et
642 5649 818 5718 perito
870 5650 1061 5706 lectori
1124 5650 1454 5719 permittens
1489 5666 1503 5702 :
1533 5649 1643 5705 Nec
1746 5658 1877 5697 vum
1906 5642 2139 5696 κλωϐίον
2172 5644 2507 5699 recensitum
2544 5655 2574 5694 a
2605 5638 2909 5694 scholiaste
2954 5632 3190 5706 Oppiani
3236 5632 3328 5687 in-

127 5738 475 5794 reprehensibile
523 5741 682 5807 fuerit
735 5742 905 5795 vereri
965 5758 1028 5795 ne
1056 5742 1182 5796 civis
1209 5742 1435 5795 exsistat
1491 5741 1643 5795 nobis
1752 5746 1836 5790 ter
1915 5734 2288 5789 instrumenta
2377 5732 2696 5802 piscatoria.
2774 5730 2944 5802 Igitur
3006 5727 3325 5782 vehiculum

131 5821 346 5889 William
386 5830 522 5885 velut
571 5848 732 5887 cornu
764 5844 1061 5896 contactus,
1088 5835 1180 5905 qui
1213 5850 1271 5887 eo
1300 5848 1463 5904 usque
1491 5833 1642 5886 inde.
1744 5825 2021 5896 quoddam
2055 5835 2151 5881 aut
2179 5826 2373 5881 cellam
2399 5825 2488 5880 vel
2529 5824 2780 5880 lecticam
2829 5822 3183 5893 gestatoriam
3213 5819 3326 5876 cla-

133 5914 297 5973 mabitis
331 5932 576 5979 nascatur
602 5966 617 5993 ,
669 5935 725 5981 ut
766 5928 895 5981 sicut
936 5925 1033 5981 illa
1069 5925 1122 5980 id
1164 5941 1323 5992 passa
1370 5924 1639 5989 lequmina
1748 5920 1987 5974 thratatn
2025 5919 2115 5975 hic
2160 5918 2457 5984 signiﬁcari
2505 5917 2773 5973 vocabqu
2826 5913 3027 5969 κλοϐοὖ
3076 5920 3331 5984 apparet,
