3856 6566
142 411 239 475 757

1470 391 1987 460 GIOSSARIUM.

3267 379 3371 444 758

142 529 234 581 vol.
287 526 326 586 l,
371 539 425 593 p.
484 520 617 584 489,
662 518 1092 594 Pachymerem.
1153 515 1286 571 licet
1345 514 1466 581 eius
1518 513 1687 568 libra-

1813 510 1977 578 [εἴρας
2016 503 2342 577 προσφέρων
2381 500 2471 557 διὰ
2522 501 2618 572 τῆς
2667 498 2750 571 [Ρ.
2811 494 2939 568 492]
2993 495 3244 565 θυρίδος,
3273 494 3394 577 καὶ,

142 620 222 684 cii,
249 618 493 674 codicum
544 631 686 686 quos
742 615 984 670 vidimus
1038 611 1431 681 descriptores,
1484 608 1539 663 in
1568 607 1692 678 ejus

141 715 395 782 scriptura
451 708 609 765 verbi
654 710 852 765 leviter
903 706 1240 769 erraverint,
1292 704 1528 766 κόκκους
1594 715 1697 769 pro

145 808 349 867 καξκους
407 811 503 858 aut
564 803 782 864 κρίκους
845 800 1183 856 scribentes.
1245 795 1480 866 Reperio
1547 792 1697 863 apud

144 896 449 967 llesyrhium
488 895 715 957 καιλτιυς
752 894 1023 964 οὐρανοὺς
1060 891 1362 960 Ῥωμαῖοι·
1404 904 1475 942 an
1519 886 1695 956 magis

146 989 321 1042 mirum
365 986 521 1041 stzlos
562 1001 760 1042 vocem
810 985 1057 1041 Latinam
1113 997 1143 1036 a
1181 980 1388 1037 Graecis
1445 977 1513 1031 ad
1550 976 1693 1031 idem

142 1076 269 1148 quod
329 1077 573 1131 Romane
632 1082 794 1130 sonat
851 1071 1273 1145 significandum
1330 1074 1694 1138 usurpatam,

141 1183 289 1236 quam
337 1171 532 1222 καΐκον
583 1168 655 1223 ab
697 1168 895 1223 iisdem
926 1166 1143 1221 dictum
1169 1162 1392 1240 τυφλόν,
1428 1160 1697 1232 quoniam

139 1261 210 1317 sic
251 1260 426 1315 Latini
479 1261 722 1316 vocant?
773 1260 843 1315 Et
903 1259 997 1313 hic
1041 1258 1209 1313 etiam
1272 1265 1401 1310 nota
1459 1253 1693 1308 abusum

139 1354 457 1423 scriptionis,
490 1354 623 1409 dum
652 1354 843 1409 καῖλον
873 1365 1133 1423 tanquam
1179 1365 1248 1405 ex
1279 1348 1475 1404 Latino
1508 1346 1699 1402 cwlum

138 1445 306 1503 Graece
352 1447 653 1515 scribitur,
685 1448 833 1518 quod
884 1445 1114 1502 omnino
1149 1442 1323 1500 scribi
1370 1441 1564 1497 debuit
1591 1438 1701 1494 La-

140 1539 238 1594 tine
291 1540 500 1596 certain.
543 1539 837 1621 Est‘enim
888 1537 1182 1594 manifeste
1208 1551 1244 1591 a
1272 1535 1464 1591 Graeco
1495 1534 1692 1595 κοῖλον,

139 1650 337 1699 eorum;
376 1643 439 1689 ut
490 1634 677 1689 minus
709 1643 763 1688 te
802 1641 1043 1699 moveat,
1072 1632 1143 1694 si.
1171 1629 1327 1700 quod
1357 1626 1694 1689 monuimus,

141 1722 458 1780 increbnerit
503 1739 639 1779 usus
684 1722 967 1778 scribendi
1010 1737 1200 1787 cacus,
1230 1734 1357 1776 cum
1396 1718 1467 1773 sit
1489 1716 1695 1771 rectius

142 1831 304 1870 τωρωι.

203 1905 721 1972 Κουόουκλεισιος,
769 1920 891 1977 pag.
925 1903 1052 1961 480.
1082 1904 1209 1975 Agit
1255 1905 1323 1960 de
1360 1904 1569 1959 honore
1601 1904 1701 1958 ha-

146 1995 245 2049 bito
266 1997 483 2066 corpori
539 2006 664 2066 post
716 1996 947 2067 longum
994 2007 1215 2064 tempus
1257 1994 1585 2063 incorrupto
1611 2008 1702 2048 re-

148 2096 282 2153 perto
347 2087 638 2157 cujusdam
696 2085 993 2151 monachi,
1034 2099 1208 2154 quem
1232 2082 1703 2137 ’κουϐουκλείσιον

149 2176 280 2242 dicit,
307 2178 415 2235 hoc
449 2187 558 2244 est,
588 2194 659 2234 ex
702 2195 773 2235 eo
802 2191 1005 2250 genere
1030 2178 1126 2248 qui
1156 2175 1539 2246 exquisitioris
1575 2175 1703 2230 reli-

151 2269 301 2338 gionis
322 2286 489 2327 causa
519 2279 793 2342 perpetuo
830 2270 1035 2326 inclusi
1076 2271 1212 2324 cella
1260 2269 1703 2338 permanebant;

151 2363 366 2431 qualium
415 2357 555 2419 cum'
598 2364 671 2419 sit
715 2363 1052 2419 creberrima
1101 2364 1156 2418 in
1193 2363 1590 2419 ecclesiasticis
1618 2362 1707 2417 hi-

152 2457 312 2512 storiis
367 2460 624 2522 mentio,
669 2457 997 2514 lucrifacere
1049 2472 1277 2528 operam
1322 2472 1549 2527 possum
1605 2457 1704 2513 de-

153 2548 467 2603 monstrandi
511 2549 652 2603 tales
702 2547 979 2603 exstitisse
1023 2548 1297 2618 esempiis
1345 2563 1468 2618 qum
1497 2549 1703 2619 passim

148 2647 484 2693 occurrerent
522 2638 874 2709 colligendis.
935 2638 1176 2692 Tantum
1223 2638 1386 2701 dico.
1436 2652 1579 2707 quos
1620 2637 1705 2693 in-

145 2729 309 2784 clusos
339 2731 523 2785 Latini
570 2738 799 2793 vocant,
857 2730 950 2786 hic
1002 2748 1030 2785 a
1084 2732 1421 2802 Pachymere
1472 2731 1708 2786 κουδου-

144 2820 400 2885 ﬂetuum;
436 2822 570 2885 dici.
604 2823 763 2892 quasi
794 2824 1016 2879 clausos
1066 2824 1328 2880 cubiculo
1361 2842 1373 2877 :
1413 2840 1539 2879 nam
1572 2842 1707 2879 κου-

144 2912 406 2967 (εσυκλείον
432 2914 609 2969 Graeci
672 2916 1035 2985 p08teriorcs,
1069 2930 1208 2971 voce
1244 2934 1271 2970 a
1325 2915 1538 2971 Latinis
1589 2931 1713 2969 mu-

146 3011 301 3069 tuata,
330 3005 630 3060 amiculum
661 3007 1034 3077 appellarunt,
1058 3016 1118 3061 ut
1150 3007 1359 3061 dudum
1391 3006 1710 3062 observavit

144 3096 417 3153 Meursius.
455 3098 695 3154 Eosdem
746 3100 1097 3168 ὲγκλείστους
1157 3096 1470 3156 nominatos
1508 3100 1686 3168 intelli

144 3120 417 3153 πίσω-5111³.
455 3120 695 3154 ιοδαωιι
746 3120 1097 3168 εγκιειστους
1157 3120 1470 3156 110011113ιοῦ
1508 3120 1545 3155 ll
1573 3120 1596 3154 ῑι

142 3190 308 3258 gimus
334 3206 401 3246 ex
429 3192 664 3260 epistola
702 3194 875 3249 sancti
931 3194 1153 3249 abbatis
1208 3194 1335 3257 Nili,
1368 3195 1408 3250 l.
1441 3211 1498 3258 ιι,
1528 3120 1596 3250 ἐδ

141 3282 369 3338 editione
404 3298 620 3353 nupera
668 3285 875 3341 Leonis
926 3286 1109 3339 Allatii
1164 3289 1259 3339 τοῦ
1294 3288 1458 3343 πάνυ.
1512 3288 1584 3342 Ea
1625 3288 1711 3341 in-

142 3373 389 3427 scribitur
423 3377 844 3446 ΦΙΛΟΥΜΕΝῼ
906 3380 1296 3447 ΕΓΚΛΙΣΤῼ.
1336 3379 1414 3432 Ita
1462 3380 1709 3448 oportuit

142 3462 188 3517 in
213 3480 313 3520 ms.
345 3465 649 3537 archetypo
675 3467 806 3538 legi,
848 3468 959 3522 nisi
1008 3483 1168 3523 error
1212 3479 1297 3525 est
1332 3471 1659 3541 typographi
1692 3490 1704 3524 :

142 3558 227 3609 sed
276 3557 454 3611 ausim
489 3558 695 3627 quovis
738 3559 968 3627 pignore
1017 3561 1355 3615 contendere
1400 3563 1707 3633 ἐγκλείστῳ

142 3648 396 3719 scriptum
447 3665 478 3704 a
539 3650 684 3705 Nilo.
731 3651 856 3723 Agit
916 3655 1072 3707 enim
1107 3654 1400 3710 manifeste
1451 3671 1577 3709 cum
1616 3658 1715 3712 bo-

141 3742 303 3803 mine.
330 3742 425 3813 qui
456 3753 653 3813 sponte
686 3744 934 3800 inclusus
954 3745 1213 3814 degeret;
1243 3763 1406 3816 quem
1445 3758 1503 3803 et
1530 3751 1713 3819 arguit

144 3832 282 3902 quod
318 3849 513 3903 parum
542 3844 919 3891 consentanee
968 3837 1061 3890 tali
1111 3832 1443 3906 professioni
1476 3840 1709 3895 viveret.

142 3925 457 3981 Describam.
475 3936 696 3982 tantum
732 3927 903 3999 693
934 3929 1104 3984 verba
1137 3930 1567 4000 qumdatn,-qum
1607 3931 1714 3986 hoc

144 4022 430 4079 evidenter
461 4022 716 4092 probant.
744 4023 843 4079 Sic
872 4018 1069 4094 incipit
1096 4043 1112 4080 :
1146 4020 1288 4092 Εὖγε
1306 4025 1414 4078 τῶν
1432 4026 1718 4096 ὑμετέρων

142 4112 285 4168 κατὰ
323 4113 425 4182 τὴν
466 4110 822 4184 ἀναχώρησιν
895 4114 1335 4186 ἀρεστωμᾶτων.
1412 4114 1555 4184 Εὖγε
1607 4114 1717 4168 τῶν

148 4204 427 4275 uti.sz
487 4203 611 4259 κατ’
639 4205 842 4275 ἀρετὴν
904 4206 1229 4276 τροπαίωνν
1255 4205 1562 4279 ’Υπέρευγε
1615 4208 1718 4278 τῆς

147 4292 413 4365 ὑμετέρας
443 4294 591 4348 κατὰ
617 4295 713 4349 τὸν
759 4291 1090 4366 δγκλιισμὺν
1130 4295 1365 4366 ματαίας
1411 4298 1504 4352 καὶ
1531 4315 1720 4368 σκηνι-

148 4386 238 4457 κῆς
263 4388 362 4441 καὶ
383 4383 991 4459 ’κατεσχηματισμᾶνης
1018 4388 1313 4459 διαγωγῆς.
1345 4388 1513 4447 Vides
1543 4392 1598 4447 in
1630 4393 1718 4448 his

147 4478 345 4534 claram
374 4478 716 4534 mentionem
736 4480 1173 4552 ἀναχωρήσεως,
1198 4484 1559 4538 secessionisa
1590 4502 1714 4539 con-

147 4588 319 4641 gressu
368 4573 666 4638 hominum,
689 4582 743 4629 et
780 4573 1069 4642 διαγωγῆς
1096 4575 1219 4627 κατ’
1243 4574 1596 4647 ἂγκλεισμόν,
1629 4579 1712 4632 in-

149 4668 319 4722 stituti.
342 4669 466 4723 sita:
490 4668 641 4722 intra
679 4667 997 4724 clausuram
1042 4684 1101 4723 se
1138 4670 1477 4726 continentis.
1515 4670 1723 4742 Objur.

152 4772 448 4831 astantem
488 4763 637 4819 hunc
673 4764 828 4835 quod
851 4779 922 4821 ex
967 4763 1265 4819 fenestella.
1288 4765 1530 4821 cubiculi
1566 4767 1715 4822 intra

155 4857 299 4920 quod.
314 4857 542 4911 clausus
562 4856 825 4918 durabat,
843 4865 899 4912 et
922 4867 1081 4912 trans
1099 4856 1343 4913 obducta
1377 4854 1455 4913 illi
1488 4859 1722 4926 clathra,

155 4950 481 5005 audiebatur
520 4949 881 5020 cupidissime
911 4965 978 5005 ac
1008 4949 1403 5020 loquacimime
1434 4954 1725 5021 negotian-

156 5039 225 5094 do
256 5042 629 5106 tumultuans,
668 5043 884 5112 uitiosos
904 5041 1170 5098 iracunde
1195 5042 1541 5109 convicians,
1585 5058 1728 5100 non-

158 5148 426 5204 nunquam
460 5149 661 5191 manus
688 5148 799 5205 per'
817 5144 1004 5190 crates
1044 5134 1111 5189 ad
1156 5134 1463 5206 pulsandos
1508 5136 1728 5193 rabioso

159 5224 338 5282 obvios
387 5226 688 5293 eminens,
746 5235 807 5281 ut
853 5242 1020 5283 ursus
1068 5241 1101 5282 e
1138 5242 1329 5284 cavea.
1385 5228 1564 5285 Verba
1611 5230 1729 5288 haec

162 5332 277 5377 sunt
320 5341 333 5379 :
369 5322 495 5376 Τῶν
539 5324 603 5377 ἐν
657 5325 725 5394 τῇ
775 5322 953 5393 ἀγορᾷ
994 5321 1214 5393 θερμῶς
1246 5324 1728 5397 ὲμπορευομένων,

164 5414 247 5467 καὶ
282 5414 397 5469 τῶν
430 5415 532 5479 τὰς
561 5414 761 5485 μυρίας
798 5413 954 5477 δίκας
993 5415 1087 5468 καὶ
1131 5415 1233 5478 τὰς
1279 5417 1531 5481 ποικίλας
1572 5418 1732 5487 λογο-

170 5506 354 5575 μαχίας
412 5507 471 5560 ιν
530 5506 887 5577 πραιτωρίοις
937 5506 1283 5573 πλεκύντων,
1348 5509 1505 5563 οὐδὲν
1554 5511 1733 5573 δοκεῖς

165 5588 508 5658 διαλλάττειν,
530 5595 917 5666 πραγματείας
940 5598 1475 5663 πα·θτοίας’ὲπινοῶν,
1504 5601 1731 5671 κράζων

174 5686 275 5749 μετ’
301 5686 475 5757 ὀργῆς
507 5687 603 5740 καὶ
646 5688 887 5759 βρύχων,
938 5690 1046 5742 ἀπὸ
1091 5692 1191 5759 τῆς
1245 5690 1565 5761 γαλεάγρας-
1603 5692 1735 5744 καθ-

173 5773 395 5844 υϐρίζων
428 5779 524 5831 καὶ
557 5781 946 5835 σκώπτων-καὶ
976 5781 1255 5851 λοιδορῶν,
1285 5782 1733 5855 διαμεμφόμενος

169 5868 283 5932 τὼς
336 5859 891 5943 παραὲυγχάνονεοας,
926 5872 1039 5955 εσθέ
1070 5873 1160 5928 ὅτε
1197 5873 1265 5927 δὲ.
1305 5877 1403 5929 καὶ
1445 5875 1557 5962 τὰς
1598 5875 1737 5942 ιδίας
1762 5889 1790 5908 δ
1837 5892 1963 5934 nem
2004 5876 2421 5941 κιὼεεηιριίνιηειι

1794 574 1923 665 robe
1958 574 2244 669 ἀδελφοὺς
2272 597 2513 652 τύπτων.
2576 594 2749 651 Paulo
2803 601 2929 664 post
2981 590 3148 661 hujus
3174 574 3370 645 cellam

1794 694 2006 749 inducit
2042 693 2435 746 lamentantem
2467 687 2540 743 ob
2569 683 2970 741 immanitatem
3005 693 3061 738 ct
3099 680 3374 737 acerbita~

1796 797 1901 842 tem
1944 786 2050 842 feri
2104 786 2289 857 huius,
2325 796 2489 855 quem
2538 781 2689 835 velut
2748 778 2805 834 in
2848 776 3064 832 vivario
3122 776 3370 831 clausum

1796 881 2090 938 detineret.
2121 878 2332 934 Deinde
2384 877 2566 946 ipsum
2619 872 2823 928 aﬂatur
2855 890 2870 926 :
2903 866 3041 924 Εἰπέ
3096 887 3208 941 μοι,
3268 884 3374 921 πα-

1798 973 2047 1046 ραιεαλῶ,
2079 972 2133 1027 τί
2169 970 2540 1040 κεκέρδακας,
2568 967 2646 1039 τῷ
2684 965 2892 1036 οἶκιδίῳ
2920 961 3373 1027 maximam-1;;

1795 1063 1891 1119 Dic
1922 1065 2072 1128 mihi,
2106 1062 2298 1117 amabo
2329 1072 2396 1128 te,
2432 1059 2560 1132 quid
2595 1059 2833 1113 lucratus
2867 1073 2942 1121 es,
2969 1054 3291 1110 domuncula
3328 1063 3377 1107 te

1796 1157 2071 1213 includens
2092 1156 2118 1210 .’
2156 1153 2207 1208 τι
2241 1153 2460 1226 ὤνησας
2489 1154 2591 1224 τὴν
2641 1150 2842 1205 σαυτοῦ
2874 1147 3054 1220 ψυχὴν
3075 1189 3090 1210 ,
3125 1149 3238 1211 τοῖς
3270 1163 3379 1199 τοι-

1796 1248 2010 1321 χαρὶοις
2042 1247 2104 1301 τὸ
2147 1247 2309 1318 σῶμα
2360 1242 2764 1315 ὲγκεκρυφώςς
2798 1241 2926 1311 quid
2958 1240 3207 1310 profuisti
3257 1239 3379 1292 ani-

1797 1358 1898 1398 mae
1940 1350 2066 1406 tute,
2098 1356 2288 1411 corpus
2339 1348 2490 1392 tuum
2534 1339 2679 1392 intra
2715 1352 2895 1390 muros
2944 1343 3120 1388 arctos
3156 1334 3375 1387 abscon-

1797 1434 1961 1489 dens?
1995 1432 2119 1488 Haec
2152 1431 2381 1487 dubium
2426 1444 2536 1484 non
2586 1428 2910 1497 relinquunt
2943 1425 3077 1493 quin
3112 1424 3230 1478 inec
3262 1426 3381 1493 cpi-

1798 1528 1941 1584 stola
1994 1526 2260 1596 inscripta
2314 1523 2481 1579 fuerit
2544 1520 2860 1576 Philumena
2925 1516 3161 1572 Inclusa.
3208 1517 3383 1570 Porro

1798 1636 2161 1692 permagnum
2214 1620 2326 1691 jam
2381 1617 2512 1673 olim
2575 1616 2721 1670 inter
2780 1612 3002 1668 Graecos
3052 1608 3383 1680 Byzantinos

1798 1715 1968 1770 fuisse
2003 1727 2295 1768 numerum
2342 1712 2577 1766 istorum
2637 1707 2794 1764 cellis
2839 1704 3210 1767 inclusorum,
3251 1701 3380 1755 inde

1802 1807 2165 1880 intelligimus
2212 1806 2360 1877 quod
2404 1818 2716 1876 anonymns
2756 1800 2997 1869 scriptor
3025 1798 3152 1852 vita:
3180 1803 3386 1851 sanctae

1806 1899 2247 1972 Mari'ejunioris
2300 1899 2354 1953 in
2396 1899 2573 1954 Vatic.
2621 1898 2745 1952 cod.
2796 1894 2923 1961 800,
2965 1892 3061 1964 qui
3091 1907 3150 1946 se
3181 1890 3384 1944 vixisse

1807 1994 2016 2049 indicat
2040 1994 2144 2048 sub
2170 1991 2374 2048 Basilio
2409 1989 2733 2052 Macedone,
2760 1988 2907 2041 circa
2936 1984 3145 2041 Christi
3178 1996 3385 2037 annum

1806 2088 1933 2153 875,
1969 2087 2023 2141 in
2051 2085 2191 2141 duas
2224 2083 2383 2155 quasi
2419 2083 2742 2138 notissimas
2787 2087 2840 2133 et
2892 2076 3145 2146 copiosas
3176 2072 3388 2143 species

1808 2180 2205 2235 monachorum
2278 2191 2454 2249 genus
2509 2174 2832 2228 universum
2901 2167 3134 2228 dividat,
3178 2165 3259 2221 sic
3319 2164 3389 2219 dc

1807 2286 1995 2330 sancta
2030 2273 2200 2328 Maria
2240 2270 2462 2342 juniore
2512 2267 2763 2323 scribens
2804 2281 2817 2317 :
2859 2263 3153 2333 Movaxo'lg,
3184 2261 3305 2322 τοῖς.
3328 2276 3387 2310 τε

1807 2369 1864 2421 ὲν
1893 2366 2185 2439 σπηλαίοις
2204 2366 2299 2418 καὶ
2329 2366 2442 2427 τοῖς
2468 2363 2527 2415 ἐν
2557 2360 2826 2422 οἰκίσκοις
2856 2358 3085 2418 ἑαυτοὺς
3111 2353 3390 2422 ὲγκλεῐου-

1808 2478 1913 2523 σιν,
1948 2460 2202 2531 ἐχορήγει
2235 2458 2304 2512 τὰ
2357 2456 2496 2527 πρὸς
2533 2454 2633 2525 τὴν
2677 2452 2894 2525 χρείαν.
2957 2450 3249 2513 Monacltis,
3280 2448 3393 2501 sive

1806 2554 1859 2607 in
1883 2549 2144 2622 speluncis
2178 2551 2286 2605 sive
2316 2550 2369 2603 in
2398 2544 2734 2602 domunculis
2790 2559 2844 2598 se
2893 2543 3039 2612 ipsos
3071 2538 3391 2594 includenti-

1806 2646 1921 2705 bus.
1959 2660 2075 2715 qua!
2108 2659 2236 2713 Opus
2280 2650 2435 2696 erant
2468 2639 2752 2711 prmbebat.
2784 2635 2903 2691 Huc
2934 2632 3232 2704 facitquod
3261 2646 3390 2686 san-

1807 2751 1931 2791 etus
1958 2735 2286 2790 Theodorus
2329 2731 2550 2788 Studita
2610 2730 2678 2785 de
2726 2729 2785 2784 S.
2839 2728 3068 2783 Platone
3118 2720 3392 2778 monacho

1810 2830 1862 2882 in
1908 2829 2031 2899 ejus
2099 2824 2437 2898 perc‘leganti
2497 2821 2762 2879 Oratione
2816 2816 3082 2882 funebri,
3141 2812 3393 2869 nondum

1807 2920 1980 2983 edita,
2015 2918 2118 2974 sub
2158 2918 2319 2973 tinem
2367 2915 2605 2972 scribit:
2642 2912 2781 2968 Μεθ’
2814 2909 3146 2981 ἠσυχαστῶν
3185 2908 3395 2977 ἡσυχα-

1810 3018 1941 3086 στὴς
1994 3011 2257 3081 ἔννομος,
2327 3010 2466 3080 μετὰ
2530 3005 2867 3077 καθηγητῶν
2918 2999 3240 3072 καθηγητὴς
3301 2997 3393 3052 ἔν-

1811 3107 2033 3176 θεσμος,
2066 3104 2186 3175 μετ’
2221 3100 2558 3172 ὲγκλειστῶν
2587 3099 2648 3153 οὐ
2687 3098 2854 3170 μόνον
2883 3093 3222 3165 ἐγκλειστδς,
3251 3090 3392 3146 ἀλλὰ

1607 3237 1619 3256 ,
1652 3196 1708 3249 in

1815 3197 1912 3252 καὶ
1935 3196 2343 3265 ὑποτακτήτης,
2374 3192 2403 3247 ὃ
2430 3192 2527 3247 καὶ
2560 3189 2883 3259 σεϐάσμιον.
2923 3184 3032 3244 Ubi
3064 3185 3211 3241 clare
3236 3182 3394 3237 vides

1813 3291 1958 3346 inter
1991 3290 2206 3358 species
2252 3286 2654 3342 monachorum
2701 3279 3053 3351 ὲγκλειστούς
3083 3276 3388 3334 reccnscri.

1811 3384 1869 3437 In
1919 3397 2032 3451 quo
2073 3391 2130 3436 et
2193 3381 2379 3435 obiter
2448 3376 2695 3432 notanda
2757 3373 2872 3430 toni
2926 3370 3259 3437 diversitas,
3323 3369 3391 3423 ad

1812 3492 1974 3546 quam
2009 3484 2066 3529 ut
2112 3473 2551 3529 emendatiorem
2585 3468 2782 3539 reﬁngi
2819 3466 3072 3523 volumus
3105 3478 3224 3519 eam
3274 3473 3387 3533 qua

1813 3585 2006 3626 smnus
2049 3568 2155 3634 usi,
2182 3567 2498 3637 ἕγκλειστον
2530 3580 2656 3620 cum
2688 3571 2850 3618 acuto
2874 3562 2928 3616 in
2961 3557 3396 3628 antepenultima

1814 3661 2126 3717 scribendo.

1888 3756 2286 3822 Κοινμούνιον,
2343 3765 2469 3821 pag.
2530 3749 2657 3806 559.
2735 3748 2864 3804 Scio
2896 3760 3089 3803 vocem
3146 3761 3393 3809 κονμου-

1816 3846 1931 3899 νίου
2000 3844 2258 3914 usurpari
2334 3845 2389 3898 in
2449 3841 2688 3898 concilio
2765 3840 3085 3896 Florentino
3169 3853 3271 3908 pro
3327 3851 3395 3892 eo

1816 3939 1962 4010 quod
2014 3938 2223 3995 Gallice
2275 3936 2481 3993 dicitur
2533 3935 2940 3998 communauté,
2976 3946 3186 3987 sonans
3243 3945 3398 3985 com-

1818 4033 2130 4104 plexionem
2159 4030 2408 4087 omnium
2442 4027 2702 4084 ordinum
2725 4042 2788 4082 ac
2819 4025 3026 4082 civium
3053 4022 3204 4077 urbis
3230 4020 3399 4093 699

1818 4141 1885 4182 ac
1923 4124 2246 4197 reipublicte
2279 4122 2549 4193 cujusvis.
2599 4120 2801 4187 Quales
2846 4116 3207 4175 collectioncs
3272 4112 3400 4167 uni-

1818 4232 1990 4277 versa:
2015 4234 2140 4274 cum
2192 4225 2472 4288 nequeant
2520 4214 2684 4271 simul
2729 4209 3068 4268 intervenire
3088 4207 3400 4264 [conventi-

1820 4314 1948 4377 bus,
1992 4320 2177 4368 certos
2216 4310 2473 4367 homines
2519 4307 2799 4363 destinant
2829 4305 2925 4375 qui
2972 4304 3099 4359 loco
3148 4301 3398 4372 ipsarum

1822 4407 2023 4462 adsint.
2064 4405 2133 4462 Et
2161 4404 2217 4459 bi
2249 4412 2521 4459 vocantur
2550 4399 2605 4455 in
2632 4400 2773 4456 actis
2800 4397 3050 4454 Floreat.
3082 4393 3282 4467 synodi
3309 4410 3403 4447 το·-

1825 4502 2136 4571 ποτηρηταὶ
2168 4498 2279 4552 τῶν
2312 4495 2680 4565 κουμουνίων.
2710 4491 2826 4548 Hoc
2855 4491 2979 4545 loco
3012 4504 3076 4544 ea
3110 4503 3213 4543 vox
3250 4486 3404 4541 vide-

1827 4600 1919 4648 tur
1972 4591 2285 4664 signiﬁcare
2321 4598 2531 4644 certum
2569 4598 2867 4641 numerum"
2890 4584 3162 4640 lectorum
3207 4579 3407 4635 sull‘ra-

1824 4686 1929 4757 giis
1960 4684 2152 4755 populi
2207 4681 2680 4746 consiliariorum,
2732 4678 2828 4750 qui
2860 4676 3183 4748 praescripto
3228 4674 3407 4744 spatio

1827 4776 2093 4846 temporis
2153 4787 2391 4845 prteesse
2451 4770 2706 4842 regimini
2762 4767 3083 4839 reipublicae
3137 4765 3401 4821 debeant.

1825 4870 1916 4927 Ait
1946 4869 2095 4925 enim
2137 4875 2325 4923 noster
2369 4865 2749 4921 Andronicum
2783 4861 3055 4918 oll'ensnm
3094 4858 3407 4916 Genucnsi-

1826 4965 1931 5020 bus
1955 4962 2100 5034 quod
2135 4962 2172 5018 i'i
2199 4960 2495 5033 quemdam
2537 4958 2681 5014 male
2714 4954 3062 5012 multandum
3094 4959 3404 5013 curassent,

1826 5056 2131 5110 exclusisse
2182 5054 2334 5123 ipsos
2380 5052 2541 5113 urbe,
2586 5048 2909 5117 versarique
2940 5047 3165 5101 solitum
3199 5045 3254 5100 in
3285 5045 3410 5113 ejus

1828 5144 2097 5199 comitatu
2135 5144 2374 5214 legatum
2425 5141 2721 5211 quemdam
2768 5148 2865 5194 aut
2896 5137 3276 5207 magistratum
3306 5152 3408 5191 eo-

1830 5250 1951 5289 rum
2007 5250 2037 5287 a
2089 5241 2390 5302 conspectu
2444 5231 2740 5296 amovisse,
2784 5231 2853 5284 de
2888 5226 3031 5284 facto
3063 5237 3245 5283 tamen
3286 5226 3410 5295 ipso

1832 5326 2076 5381 nondum
2130 5323 2429 5395 iudicando
2491 5333 2586 5378 aut
2634 5321 2885 5394 ju‘dicari'
2938 5336 3038 5391 per
3085 5318 3410 5375 Gennenses

1832 5415 2186 5488 postulando,
2221 5415 2369 5486 quod
2418 5414 2540 5485 ejus
2573 5413 2849 5484 judicium
2897 5416 3212 5464 reservaret
3261 5420 3407 5461 novo

1832 5509 2149 5571 communio,
2201 5506 2308 5562 hoc
2347 5513 2433 5561 est
2471 5504 2706 5589 collegio
2746 5502 3165 5570 magistratuum
3195 5499 3409 5555 delecto

1833 5599 1901 5653 ad
1928 5598 2216 5669 regiminis
2252 5597 2815 5652 administrationem.
2848 5591 3168 5648 Istiusmodi
3200 5591 3407 5660 quippe

1835 5707 2042 5746 novum
2087 5690 2383 5746 concilium
2420 5701 2521 5744 aut
2553 5680 2844 5757 collegium
2894 5685 3279 5756 praefectorum
3322 5696 3411 5736 re-

1836 5784 2026 5855 gimini
2071 5783 2183 5853 jam
2226 5783 2574 5854 designatum
2631 5794 2757 5834 mox
2801 5779 3066 5832 initurum
3110 5775 3413 5849 posscssio-

2520 5892 2525 5893 ν
2571 5886 2653 5909 "—-
2704 5870 2985 5923 --υιεηινημ
