3744 6604
1548 313 1577 334 δ

369 386 475 455 759

1286 390 1342 451 P.
1393 391 1692 452 POSSINI
1734 392 2390 456 OBSERVATIONUM
2432 393 2577 455 LIB.
2623 394 2672 455 Ι.

3512 395 3615 455 763

370 520 379 527 '
444 502 808 569 Κτητορικόν
837 501 1089 557 δίκαιον.
1151 516 1205 569 p.
1268 500 1385 556 195.
1423 501 1548 572 Agit
1595 502 1664 557 de
1714 517 1917 572 corpor

2060 501 2282 558 Proclus
2312 503 2451 556 alter
2477 500 2824 566 scholiastes,
2862 501 3017 558 varia
3043 501 3334 573 disputans
3366 500 3434 556 de
3460 515 3617 557 voca-

370 595 776 664 protovestiarii
841 593 1320 663 Constantinopoli
1375 594 1603 659 mortui,
1653 595 1798 664 quod
1866 595 1945 649 ait

370 698 649 756 portatum
681 687 940 751 NIcwam,
972 686 1101 755 quia
1140 689 1234 757 jus
1287 687 1363 741 ibi
1415 688 1715 757 sepultus-se
1771 689 1817 741 is
1849 688 1947 740 ha-

371 780 529 832 beret
551 777 719 831 dotali
753 776 966 830 ratione
993 785 1235 845 partum,
1265 792 1439 830 uxore
1472 777 1646 847 ipsius
1682 784 1946 844 patrona-

370 880 486 923 tum
536 869 591 923 in
634 867 684 921 id
721 868 1116 921 monasterium
1162 867 1473 930 obtinente,
1522 868 1666 938 quod
1703 866 1947 935 majores

369 956 580 1010 scilicet
615 956 736 1027 ejus
789 968 883 1010 aut
920 956 1035 1026 ipsa
1061 966 1234 1012 totum
1287 957 1369 1012 vel
1419 974 1486 1012 ex
1535 968 1689 1026 parte
1719 957 1946 1012 fundas-

368 1057 511 1102 sent.
552 1047 664 1103 Hoc
695 1048 915 1102 videtur
947 1048 1035 1102 hic
1089 1049 1195 1103 diei
1238 1049 1560 1119 κτητορικὶν
1593 1050 1799 1102 δίκαιον
1838 1048 1946 1100 ἀπὸ

366 1140 467 1207 τῆς
492 1138 751 1203 συζύγου.
790 1141 1067 1209 κτήτορες
1100 1140 1372 1210 Hesychio
1401 1150 1526 1194 sunt
1555 1140 1793 1200 κτίσται,
1818 1155 1945 1192 con-

367 1233 587 1292 ditores,
620 1246 739 1294 seu,
778 1242 838 1285 ut
878 1233 1040 1301 vulgo
1079 1210 1382 1302 loquimui',
1419 1232 1765 1302 fundatores;
1800 1231 1946 1287 unde

365 1324 478 1392 jus,
508 1323 654 1394 quod
688 1339 752 1377 ex
809 1325 1020 1378 conditu
1073 1324 1187 1379 site
1216 1306 1526 1394 fundatione
1558 1322 1947 1377 t‘undatoribus

370 1417 659 1486 competit,
719 1426 868 1471 recte
921 1418 1247 1488 κτητορικδν
1312 1417 1520 1469 δίκαιον
1570 1415 1680 1470 diei
1743 1414 1946 1485 potuit.

372 1510 528 1579 Saepe
552 1519 737 1564 autem
765 1510 1144 1567 ecclesiastico
1180 1527 1279 1565 usu
1313 1511 1459 1565 inter
1499 1510 1601 1564 alia
1630 1507 1947 1570 honoraria,

371 1620 494 1668 quae
546 1604 937 1660 fundatoribus
986 1605 1259 1666 ecclesiaa,
1300 1602 1621 1658 monasterii
1672 1610 1769 1655 aut
1806 1599 1947 1654 sacri

372 1697 619 1768 cujusvis
663 1696 771 1753 loci
815 1705 1163 1767 competunt,
1211 1707 1293 1750 est
1318 1697 1410 1766 jus
1452 1694 1749 1764 sepultura:
1788 1691 1842 1745 in
1883 1691 1951 1745 iis

373 1789 531 1844 locis.

2048 595 2197 649 bulis
2245 594 2539 657 mensium,
2574 594 2881 664 propendet
2930 594 3148 649 eodem.
3203 593 3453 662 Denique
3491 593 3618 649 folio

2034 678 2138 751 ‘75,
2171 685 2414 741 Joannes
2439 685 2671 741 Tzetzes
2698 685 2902 741 diserte
2944 684 3141 741 scribit
3178 686 3476 754 Ληναιῶνα
3506 685 3621 755 ἢτοι

2047 778 2140 849 τῖιν
2204 777 2555 848 Ἰανουάριον,
2614 777 2691 841 ὡς
2744 776 2961 848 ληναιδς
3018 778 3173 848 παρᾶ
3227 778 3383 830 Ἴωσι
3441 776 3615 829 καλεῖ-

2048 888 2159 925 ται.
2203 871 2469 927 Υἰιιειηιιε
2514 870 2645 927 hinc
2673 887 2943 941 quosnam
3001 871 3197 924 innuat
3230 871 3616 940 Pachymeres.

2050 978 2247 1033 nempe
2259 962 2698 1034 Mosehopulum,
2722 965 2979 1020 Proclum
3000 972 3058 1019 et
3075 963 3342 1020 Joannem
3361 964 3621 1019 Tzetzen.

2049 1053 2190 1122 Quid
2231 1054 2504 1125 significat
2537 1065 2726 1111 autem
2781 1071 2909 1111 cum
2970 1072 3029 1113 se
3058 1057 3478 1126 ὲποποεήσαντα
3506 1054 3623 1107 κατ’

2048 1144 2246 1210 αὐτούς
2280 1146 2688 1202 memoratian
2727 1162 2807 1211 se,
2846 1162 2973 1202 cum
3004 1162 3143 1217 puer
3175 1147 3397 1202 illorum
3432 1144 3623 1199 ludum

2050 1237 2429 1308 frequentaret
2472 1250 2527 1295 et
2556 1254 2751 1295 versus
2778 1255 2919 1309 quos
2950 1239 3151 1295 recitat
3174 1239 3244 1295 de
3275 1239 3464 1294 lunari
3491 1238 3629 1292 deli-

2049 1333 2181 1403 quio
2213 1332 2549 1402 compositos
2594 1342 2653 1387 ut
2675 1334 3068 1390 scholasticum
3099 1348 3330 1404 pensum
3371 1332 3485 1387 illis
3519 1347 3629 1385 ma-

2050 1427 2239 1500 gistris
2266 1428 2545 1493 redderet,
2585 1428 2678 1484 isti
2705 1445 2898 1486 eorutn
2944 1429 2999 1483 in
3032 1428 3121 1484 his
3154 1428 3408 1499 opinioni
3451 1427 3626 1481 :1th-

2051 1522 2223 1577 sisse?
2253 1538 2322 1577 an
2365 1522 2577 1593 potius,
2629 1537 2757 1577 cum
2796 1522 3056 1592 privatim
3101 1520 3404 1577 Hesiodum
3444 1519 3628 1588 legens

2053 1614 2252 1670 horum
2285 1616 2578 1671 adhiberet
2606 1615 2839 1679 scholia,
2883 1625 2941 1670 et
2973 1614 3191 1670 interim
3223 1613 3495 1671 subortas
3533 1611 3627 1677 ipsi

2049 1716 2197 1761 esset
2239 1705 2480 1776 impetus
2519 1704 2820 1762 meditandi
2865 1721 3089 1762 carmen
3138 1703 3459 1760 imitatione
3497 1704 3629 1756 vatis

2050 1813 2214 1868 quem
2263 1806 2758 1861 commentaretur,
2810 1798 2977 1853 obvio
3038 1806 3372 1866 argumento
3425 1794 3630 1848 lunaris

443 1882 668 1947 Λεπάς,
692 1896 747 1951 p.
779 1881 866 1936 5'5.
897 1880 1012 1935 Hoc
1043 1880 1395 1950 proverbium
1445 1888 1592 1933 tomo
1616 1877 1787 1948 priori
1819 1893 1849 1932 a
1886 1892 1918 1931 si

2060 1890 2397 1955 defectionis,
2460 1890 2706 1945 noluisse
2763 1889 2819 1944 in
2879 1903 2948 1944 eo
2977 1888 3240 1944 recedere
3277 1904 3309 1941 a
3360 1884 3630 1941 sententia

373 1987 720 2047 usurpatum,
751 1984 808 2031 et
852 1975 964 2030 illic
997 1992 1025 2029 a
1073 1976 1235 2030 nobis
1268 1975 1608 2030 declaratum
1643 1972 1696 2025 in
1728 1969 1951 2025 Glossa—

373 2069 477 2129 rio.
514 2084 579 2124 eo
607 2070 788 2137 aptius
822 2077 877 2122 et
907 2068 1213 2138 elegantius
1257 2068 1346 2122 hic
1377 2066 1604 2122 adhibet
1644 2064 1949 2134 Pachyme-

373 2176 481 2225 res,
514 2164 662 2231 quod
712 2161 854 2216 istud
894 2160 1184 2216 Prodromi
1221 2156 1641 2218 monasterium.
1682 2171 1711 2209 a
1754 2169 1864 2224 quo
1890 2167 1949 2207 se

372 2254 557 2310 divelli
583 2270 724 2324 aegre
750 2254 965 2309 sinebat
989 2252 1076 2326 [P.
1109 2251 1236 2325 493]
1267 2250 1595 2307 Theodorus
1621 2248 1947 2320 Cyzicenus,

372 2348 590 2404 fortiter
618 2347 895 2403 abducere
924 2347 1259 2402 conantibus
1287 2345 1604 2407 obluctans,
1635 2343 1814 2398 Petra:
1856 2353 1951 2395 co-

371 2455 609 2510 gnomen
648 2440 907 2494 habebat.
940 2438 1091 2494 Idem
1115 2439 1286 2501 enim,
1326 2447 1387 2493 ut
1418 2437 1660 2499 videtur,
1701 2440 1791 2489 est
1822 2445 1949 2487 cum

372 2534 470 2588 illo
502 2531 647 2601 quod
690 2533 948 2601 superius
980 2546 1033 2601 p.
1066 2530 1157 2591 44.
1204 2530 1340 2600 μονὴ
1372 2528 1464 2582 τοῦ
1501 2527 1819 2600 Προδρόμου
1851 2523 1951 2592 τῆς

375 2626 622 2697 Πέτρας,
682 2625 1063 2679 monasterium
1115 2622 1399 2677 Prodromi
1468 2619 1664 2701 Petra,
1706 2615 1949 2687 appella-

372 2729 487 2774 l'Jl'.

441 2812 688 2875 Λικνος,
724 2826 777 2879 p.
815 2809 900 2865 i9.
952 2809 1171 2872 Λέκνος,
1201 2806 1367 2875 vulgo
1402 2818 1569 2871 cuna,
1601 2803 1823 2858 videtur
1858 2803 1950 2858 hic

371 2900 478 2959 dici
508 2915 681 2971 genus
710 2899 916 2955 lecticze
941 2905 1036 2951 aut
1065 2895 1281 2955 ferculi,
1306 2909 1417 2965 quo
1446 2903 1758 2964 gestaretur
1781 2908 1950 2949 senex

373 2994 716 3065 decrepitus,
748 3007 943 3062 nempe
974 2989 1344 3061 gestatorium,
1375 3002 1479 3040 vox
1520 2995 1786 3056 usurpata
1814 2987 1951 3042 Suc-

372 3089 525 3145 tonio
558 3087 613 3142 in
637 3085 867 3143 Claudio
895 3102 907 3138 :
953 3083 1153 3139 Soh'tus
1173 3084 1227 3137 in
1254 3084 1542 3153 gestatoria
1570 3079 1770 3135 ludere.

444 3177 741 3248 Ληναιών,
772 3193 823 3247 p.
861 3176 986 3231 506.
1022 3175 1127 3227 Τοῦ
1160 3173 1202 3227 δ’
1247 3173 1412 3227 αὐτοῦ
1437 3173 1949 3242 ἔτους-Ἑκατομ-

369 3272 578 3327 6αιῶνα
615 3270 857 3340 λέγουσι.
883 3268 951 3324 Ει
985 3268 1165 3322 infra:

446 3366 636 3432 Μῆνας
667 3363 722 3417 δὲ
752 3361 976 3431 Ληναιῶ
1000 3358 1191 3430 πρώτη
1227 3357 1385 3429 βάσις
1420 3357 1607 3411 ἵστατο
1644 3357 1837 3437 μήνης.

374 3457 557 3513 llabes
591 3457 644 3511 in
674 3455 762 3509 his
825 3454 1215 3525 Pacliymereni
1263 3458 1515 3507 secutum
1567 3448 1946 3505 auctoritatem

368 3553 733 3623 interpretum
764 3546 1007 3610 Hesiodi,
1040 3545 1171 3600 dum
1200 3558 1423 3598 carmen
1450 3542 1594 3613 apud
1623 3542 1772 3610 ipsos
1798 3557 1949 3613 pan-

368 3634 890 3717 geretJanuarium
926 3654 1151 3695 vocasse
1184 3637 1499 3708 Ληναιῶνα,
1532 3636 1691 3705 quasi
1738 3635 1820 3690 sic
1853 3633 1947 3689 ille

372 3738 579 3793 mensis
600 3736 668 3792 ab
689 3732 1126 3791 Atheniensibus
1154 3729 1557 3791 nominaretur,
1578 3741 1705 3781 cum
1732 3742 1791 3782 re
1817 3744 1948 3783 vera

364 3831 522 3903 juxta
575 3830 932 3889 exactiorem,
967 3833 1029 3879 ut
1087 3831 1266 3894 putat,
1305 3822 1635 3876 sententiam
1670 3821 1949 3874 Romano-

371 3941 492 3978 rum
523 3924 819 3981 Ianuarius
844 3919 1009 3990 700
1058 3915 1490 3971 Atheniensibus
1522 3912 1947 3968 llecatombaeon

366 4022 554 4077 dictus
604 4020 699 4075 sit.
767 4017 881 4073 lam
933 4014 1146 4084 pridem
1213 4012 1269 4067 in
1331 4009 1795 4067 Observationibus
1879 4007 1947 4061 ad

369 4111 607 4183 priorem
635 4107 890 4162 llistorim
918 4103 1364 4174 Pacliymerianm
1384 4114 1619 4173 partem,
1651 4102 1690 4155 l.
1717 4117 1795 4163 ut.
1816 4115 1867 4154 c.
1895 4099 1945 4165 i,

368 4202 743 4260 demonstravi
802 4200 959 4253 hanc,
1000 4195 1250 4251 historici
1304 4199 1477 4251 nostri
1527 4200 1845 4270 opinionem
1893 4208 1946 4250 et

372 4298 450 4354 illi
506 4295 842 4367 singularem
900 4299 954 4345 et
1004 4288 1194 4342 falsam
1246 4303 1388 4351 esse,
1436 4290 1541 4345 nisi
1588 4291 1765 4345 solum
1815 4288 1949 4343 velit

373 4390 610 4461 primum
668 4386 798 4441 anni
854 4381 1019 4440 Attici
1066 4398 1311 4439 mensem
1354 4383 1807 4454 Ἑκατομϐαιῶνα
1864 4381 1949 4436 di-

369 4494 545 4544 ctum,
585 4478 1049 4550 quemadmodum
1079 4479 1290 4548 primus
1308 4476 1438 4532 anni
1474 4474 1706 4531 Romani
1746 4476 1949 4531 mensis

1972 3236 2019 3298 C

2052 1982 2477 2037 scholiastarum
2518 1978 2765 2046 Hesiodi,
2804 1987 3087 2048 utcunque
3144 1979 3334 2034 minus
3362 1976 3473 2030 sibi
3513 1990 3629 2044 pro-

2052 2075 2219 2129 bata?
2275 2073 2580 2143 Suspicari.
2646 2073 2866 2143 opinor,
2919 2071 3118 2127 liceret
3168 2071 3534 2132 alterutrum,
3585 2067 3627 2120 si

2051 2161 2493 2231 Moschopulum,
2522 2160 2781 2217 Proclum
2804 2171 2864 2220 et
2880 2160 3116 2215 Tzetzen
3149 2176 3215 2215 eo
3245 2172 3534 2215 constaret
3562 2159 3634 2212 si-

2052 2255 2165 2309 mul
2190 2268 2385 2309 omnes
2411 2261 2657 2322 tempore
2683 2252 2884 2309 vixisse
2905 2267 3017 2323 quo
3037 2252 3313 2319 potuisset
3345 2251 3481 2305 dare
3510 2249 3635 2319 ipsis

2053 2362 2192 2417 puer
2222 2362 2446 2417 operam
2482 2345 2849 2417 Pachymeres
2902 2346 2956 2399 in
3007 2345 3143 2400 ludo
3192 2344 3497 2399 litterario.
3539 2342 3630 2398 Cui

2052 2455 2123 2496 ne
2163 2455 2266 2495 nos
2320 2438 2670 2509 implicemus
2723 2437 3102 2508 disquisitioni
3134 2452 3245 2491 non
3279 2436 3627 2497 neceSsariae,

2052 2531 2351 2588 secundam
2380 2531 2565 2602 potius
2605 2532 2749 2585 viam
2781 2528 3116 2591 tenebimus,
3148 2527 3252 2581 nisi
3285 2527 3334 2581 si
3368 2526 3499 2595 quis
3529 2540 3631 2578 ma-

2051 2623 2117 2678 lit
2145 2623 2415 2693 suspieari
2452 2622 2869 2693 Pacbymerem.
2903 2619 3048 2689 apud
3075 2619 3502 2689 qualescunque
3535 2632 3631 2669 ma-

2052 2717 2257 2786 gistros
2285 2716 2443 2772 daret
2473 2731 2697 2785 operam
2738 2712 2961 2774 litteris,
2995 2711 3143 2782 quod
3197 2710 3234 2764 ii
3292 2710 3461 2780 vulgo
3502 2708 3630 2762 cele-

2052 2809 2235 2864 brium
2273 2809 2503 2864 istorqu
2540 2806 2761 2863 Hesiodi
2796 2808 3164 2875 interpretum
3205 2800 3547 2858 sententiam
3568 2815 3629 2854 eo

2050 2913 2217 2973 poeta
2240 2902 2551 2959 enarrando
2580 2910 2969 2971 sequerentur,
3006 2900 3153 2953 illam
3190 2896 3338 2951 dicis
3376 2908 3547 2949 causa
3580 2904 3631 2947 et

2053 2994 2433 3067 perfunctorie
2489 2994 2543 3048 in
2607 2995 2865 3050 versibus
2919 2993 3074 3065 juxta
3124 3006 3373 3063 ipsorum
3431 2988 3627 3042 dictata

2052 3088 2275 3158 scriptis
2315 3087 2624 3157 amplexum
2657 3086 2849 3142 fuisse.

2125 3162 2369 3253 μήνη
2392 3179 2810 3250 Λοταριαστὴς
2839 3178 2951 3248 τῆς
2967 3174 3188 3244 αὐλῆς,
3216 3191 3273 3246 ρ.
3310 3173 3445 3231 296.
3483 3172 3618 3241 ua,»

2051 3273 2156 3344 ἦγε
2214 3274 2271 3328 δὲ
2318 3275 2410 3328 καὶ
2442 3274 2700 3345 μάρτυρα
2748 3271 3064 3342 λεγομένων
3096 3272 3188 3324 τὸν
3220 3270 3344 3322 τότε
3375 3268 3625 3336 λογαρια-

2052 3368 2186 3437 στῆν
2212 3369 2310 3437 τῆς
2341 3366 2511 3438 αὐλῆς
2543 3367 2832 3437 Ἄγγελον.
2881 3366 3005 3420 Mox
3038 3365 3193 3418 illum
3231 3361 3310 3416 ait
3343 3360 3518 3415 fuisse
3544 3359 3627 3426 61p-

2052 3459 2219 3530 φικίῳ
2242 3458 2630 3528 τετιμημένον,
2656 3460 2974 3513 honoratum
2997 3455 3195 3526 ofﬁcio,
3221 3454 3329 3509 hoe
3353 3462 3443 3507 est
3472 3451 3627 3521 magi-

2050 3561 2229 3606 stratu
2271 3550 2578 3605 honorifico
2613 3549 3112 3621 insignemxﬂujus
3135 3561 3342 3601 munus
3363 3545 3624 3602 Codinus.

2050 3658 2101 3698 ο.
2152 3644 2206 3706 5.
2256 3660 2314 3698 ιι.
2351 3643 2444 3703 84.
2495 3642 2581 3697 his
2619 3642 2807 3696 verbis
2847 3640 3111 3710 exprimit
3153 3655 3170 3693 :
3215 3637 3275 3692 '0
3327 3636 3435 3702 τῆς
3470 3633 3625 3702 αὐλῆς

2054 3737 2413 3807 λογαριαστὴς
2446 3734 2720 3802 λογίζεται
2763 3734 2889 3796 τοὺς
2926 3733 2986 3786 ἐν
3028 3734 3094 3802 τῇ
3131 3730 3272 3800 αὐλῇ
3301 3726 3623 3799 εὑρισκομέ-

2052 3847 2175 3891 νους
2201 3830 2409 3890 πάντας
2443 3826 2766 3896 ρογάτορας,
2799 3827 2847 3878 εἰ
2869 3823 3171 3878 λείπειτινὶ
3206 3822 3320 3875 ἀπὸ
3342 3823 3443 3889 τῆς
3475 3819 3617 3890 ⁷01

2053 3923 2218 3992 ρόγας
2241 3920 2431 3983 αὐτοῦ,
2475 3917 2916 3990 ἢὲξεδούλευαεν
2971 3917 3113 3987 ὑπὲρ
3165 3909 3242 3970 ὧν
3292 3916 3614 3986 teme-seq.

2053 4014 2169 4069 Hoc
2208 4022 2293 4067 est
2350 4014 2656 4081 interprete
2705 4010 2970 4066 Gretsero
3010 4018 3202 4064 nostro
3240 4025 3256 4062 :
3298 4007 3621 4078 Logariasm

2051 4104 2189 4159 aula
2207 4112 2450 4159 numerat
2478 4114 2525 4158 et
2556 4110 2825 4174 computat
2850 4118 3032 4157 omnes
3059 4099 3255 4155 milites
3277 4100 3371 4169 qui
3422 4102 3481 4152 in
3508 4098 3619 4150 aula

2049 4199 2314 4269 stipendia
2361 4206 2596 4261 merent;
2645 4204 2697 4250 et
2755 4195 2966 4265 dispicit
3044 4193 3283 4263 nunquid
3348 4192 3514 4246 alicui
3566 4191 3622 4243 de

2049 4290 2309 4362 stipendio
2353 4289 2506 4351 desit.
2531 4297 2625 4342 aut
2666 4304 2793 4342 nam
2824 4286 2979 4359 plene
3021 4286 3345 4356 satisfecerit
3396 4302 3496 4355 pro
3540 4284 3621 4337 sti-

2051 4390 2241 4464 pendio
2262 4388 2401 4462 quod
2430 4389 2656 4459 accepit.
2687 4386 2938 4442 Meminit
2961 4385 3123 4456 hujus
3146 4383 3315 4439 oilicii
3335 4397 3485 4453 sape
3500 4380 3618 4435 alibi

2051 4482 2316 4538 Codinus.
2347 4480 2482 4535 Erat
2528 4487 2586 4535 et
2635 4479 2777 4535 alius
2807 4476 3133 4547 logoriastes
3157 4491 3394 4545 magnus
3423 4488 3619 4530 mento-

371 4574 661 4629 lanuarius
721 4572 952 4626 dicitur.
1006 4571 1123 4627 Hoc
1167 4570 1313 4626 enim
1368 4585 1501 4625 sane
1570 4568 1944 4624 verissimum.
1976 4588 2022 4643 ῃ
2050 4587 2205 4633 ranis
2232 4575 2410 4630 eidem
2444 4589 2556 4629 non
2617 4572 2813 4635 semel,
2863 4580 2925 4625 ut
2972 4586 3023 4626 c.
3074 4572 3129 4635 2,
3167 4587 3223 4626 n.
3261 4570 3369 4636 40;
3422 4571 3493 4625 ab
3529 4568 3620 4623 hoc

370 4666 507 4719 Illud
577 4673 761 4718 autem
828 4662 1227 4727 falsissimum,
1285 4661 1609 4717 Januarium
1669 4658 1945 4727 Ἑκατομ-

369 4758 565 4810 ϐαιῶνι
613 4755 977 4825 respondere.
1015 4753 1089 4809 ita
1140 4762 1200 4808 ut
1236 4751 1582 4822 temporibus
1634 4749 1949 4804 indicandis

367 4850 604 4905 alterum
642 4847 864 4901 illorum
915 4846 1315 4901 vocabulorum
1375 4846 1630 4915 usurpari
1690 4855 1947 4917 tauquam

366 4940 703 5011 :equivalens
730 4939 890 4994 alteri
917 4949 1103 5007 queat,
1146 4940 1294 5010 quod
1330 4949 1674 5005 constanter,
1713 4940 1808 4996 sed
1834 4941 1950 4995 sin-

369 5032 636 5105 gulariter
658 5041 714 5085 et
742 5031 1028 5099 mendose,
1054 5033 1417 5105 Paehymeres
1447 5030 1599 5087 facit.
1631 5032 1731 5088 Hic
1758 5029 1951 5087 viden-

370 5129 501 5180 dum
536 5125 712 5179 solum
742 5134 827 5180 est
847 5125 1072 5195 quinam
1106 5126 1219 5181 sint
1243 5125 1323 5180 illi
1356 5140 1497 5196 quos
1522 5125 1613 5180 hic
1654 5136 1946 5189 memorat,

371 5218 635 5287 ἐξηγηταὶ
661 5217 757 5271 τοῦ
779 5218 1094 5289 ’Λσκρηθεν
1121 5218 1726 5289 ποιητοῦ,εηανναιοτεε
1752 5221 1949 5273 Ascrau'

369 5320 560 5379 poetae.
596 5309 873 5367 Habemus
901 5311 1207 5366 Hesiodum
1241 5327 1391 5366 mere
1421 5312 1607 5368 Graece
1639 5327 1764 5366 eum
1798 5327 1948 5366 mere

372 5402 577 5459 Graecis
613 5402 866 5466 scholiis,
899 5400 1112 5456 editum
1158 5399 1428 5468 Venetiis,
1469 5418 1561 5456 an.
1596 5402 1727 5457 Chr.
1785 5404 1947 5465 1557,

369 5510 536 5564 opera
572 5494 813 5548 Victoris
860 5492 1197 5557 Trincaveli,
1229 5495 1384 5565 cujus
1422 5495 1473 5549 in
1529 5494 1657 5549 libri
1691 5493 1823 5550 folio
1855 5496 1945 5559 68,

369 5589 435 5639 ad
470 5585 624 5639 illum
654 5585 771 5654 ejus
798 5594 972 5654 poetae
1002 5577 1221 5639 versdin
1257 5603 1271 5640 :

439 5678 602 5746 Μῆνα
631 5677 690 5729 δὲ
719 5675 1014 5743 Ληναιῶνα
1041 5681 1135 5729 καὶ
1165 5678 1352 5749 ἤματα
1389 5678 1623 5751 βούδορα
1658 5680 1856 5745 πάντα,

368 5768 763 5838 Μοεειιορυιυε
814 5767 895 5821 sic
926 5768 1154 5823 adnotat
1186 5788 1200 5824 :
1237 5772 1392 5825 Κατὰ
1435 5772 1491 5824 δὲ
1523 5772 1671 5841 μῆνα
1699 5774 1805 5833 ,τὸν
1833 5773 1948 5843 Λη-

372 5860 598 5926 ηιῶνα,
632 5861 781 5923 ὅστις
810 5860 959 5915 ἐστὶν
997 5864 1025 5915 ὁ
1060 5863 1413 5936 Ἰανουάριος.
1446 5865 1603 5921 Folio
1631 5876 1822 5936 postea
1857 5868 1944 5936 τι,

2053 4668 2207 4738 prior
2233 4667 2598 4738 distinguitur
2631 4668 2892 4740 adjuncto
2920 4664 3061 4719 aula:
3083 4664 3383 4722 vocabulo.
3418 4662 3613 4730 Quod:

2049 4757 2261 4813 Codino
2274 4758 2557 4823 scribitur,
2577 4774 2626 4814 c.
2646 4757 2704 4824 5,
2722 4774 2778 4812 n.
2794 4758 2967 4824 61,de
2982 4755 3276 4826 logariaste
3291 4746 3616 4818 aulae,0§to¢

2050 4851 2153 4903 οὐκ
2186 4849 2302 4920 ἔχει
2326 4869 2379 4904 τι
2405 4851 2743 4922 ὑπηρέτημα
2775 4848 2891 4916 νῦν,
2923 4864 3107 4903 carere
3161 4864 3303 4902 nunc
3342 4847 3611 4917 functione,

2050 4940 2212 4997 facile
2240 4942 2479 5013 quadrat
2505 4944 2562 4999 in
2591 4943 2706 4999 haec
2730 4953 2826 4997 aut
2857 4940 3023 5012 paulo
3042 4940 3352 5010 posteriora
3375 4939 3461 4993 bis
3494 4946 3614 4992 tem—

2050 5057 2209 5112 pora,
2255 5036 2461 5108 quibus
2503 5035 2709 5091 vixisse
2765 5033 3015 5091 Codinus
3067 5046 3301 5107 putatur
3346 5030 3451 5089 sub
3486 5032 3612 5088 Can-

2054 5143 2319 5189 tacuzeno
2357 5138 2451 5185 aut
2481 5144 2608 5184 cum
2638 5128 2768 5191 illo,
2810 5128 2917 5182 hoc
2947 5135 3033 5182 est
3063 5128 3382 5198 principatu
3418 5127 3611 5184 Andro-

2052 5225 2162 5280 nici
2190 5224 2455 5285 Junioris,
2482 5220 2647 5291 hujus
2671 5219 2993 5284 Andronici,
3016 5220 3178 5290 cujus
3225 5221 3503 5275 historiam
3522 5220 3611 5274 Pa-

2050 5317 2339 5388 chymeres
2388 5314 2494 5368 hoc
2544 5327 2708 5380 Opere
2747 5312 2932 5374 tradit,
2971 5314 3189 5381 nepotis
3237 5321 3296 5367 et
3335 5314 3608 5383 aliquando

2052 5411 2294 5480 collegas.
2324 5408 2460 5463 Cum
2503 5406 2649 5460 enim
2682 5421 2749 5459 ex
2780 5405 2867 5460 his
2897 5421 3018 5474 qua:
3064 5421 3209 5475 saepe
3245 5408 3493 5475 superius
3522 5420 3604 5459 no-

2053 5515 2166 5558 ster
2201 5511 2431 5571 questus
2462 5507 2544 5554 est
2584 5498 2654 5552 de
2698 5497 2946 5568 neglecta
2985 5498 3265 5554 solutione
3300 5500 3600 5569 pensionutn

2052 5595 2322 5649 militibus
2368 5592 2741 5657 decretorum,
2781 5607 2918 5660 quas
2945 5591 3111 5661 ρόγας
3160 5591 3402 5646 Codinus
3444 5600 3498 5645 et
3519 5589 3599 5643 alii

2049 5696 2269 5751 vocant,
2306 5684 2644 5754 intelligatur
2673 5684 2881 5738 sensim
2915 5683 3203 5738 inductum
3252 5684 3354 5737 sub
3399 5681 3588 5737 Andro

2049 5780 2180 5835 nico
2208 5778 2415 5835 seniori
2455 5792 2665 5832 morem
2695 5777 2934 5847 primum
2973 5792 3103 5831 sero
3133 5792 3237 5832 nec
3282 5777 3480 5845 integre
3502 5773 3575 5827 sol

2042 5872 2217 5930 s'endi
2238 5872 2387 5943 'quod
2415 5872 2780 5928 constitutum
2816 5870 3189 5928 militantibus
3219 5878 3355 5936 erat,
3391 5865 3589 5933 deinde,
