3744 6564
126 402 207 468 76l

1443 411 1971 480 GLOSSARIUM.

3222 415 3338 480 762
3364 480 3377 487 -

122 533 168 576 ut
187 526 403 589 apparet,
445 534 670 588 prorsus
713 521 974 592 negandi,
1013 525 1194 581 locum
1249 528 1490 599 amplius
1527 542 1641 582 non
1675 537 1719 593 Α
1750 533 1872 586 dam
1897 534 1963 587 ad
1995 532 2122 589 olitn
2153 549 2182 588 a
2209 549 2294 592 me
2317 545 2500 593 notata
2530 538 2596 591 ad
2638 536 2742 592 hoc
2781 538 3027 592 verbum.
3069 535 3330 593 Occurrit

120 612 281 669 nabuit
306 611 505 666 functio
536 612 838 681 logariastte
864 618 1025 682 anlte,
1058 618 1102 673 si
1141 620 1258 691 cjus
1290 633 1431 684 erat,
1457 630 1517 675 ut
1554 630 1641 675 est

117 709 308 769 dictum,
359 705 643 776 providere
682 716 741 763 ut
776 709 987 780 integre
1048 714 1343 781 pensiones
1387 716 1502 771 istae
1541 731 1643 782 pro

118 799 249 853 modo
278 804 479 851 navata:
528 813 711 868 Opera:
743 815 1190 859 numerarentur.
1229 806 1415 862 Potuit
1456 818 1641 862 tamen

114 904 279 945 nomen
307 897 361 941 et
402 887 583 943 honor
633 890 796 959 hujus
837 893 1186 962 magistratus
1216 897 1462 958 retineri.
1495 901 1643 966 quod

116 985 182 1036 hic
205 990 374 1035 noster
397 981 621 1037 indicat.
661 985 767 1038 etsi
800 987 910 1054 jam
948 997 1060 1040 tum
1094 989 1260 1053 forte,
1295 991 1337 1044 si
1368 992 1645 1057 (Zodiuus,

112 1076 239 1147 cujus
283 1081 409 1126 artas
475 1082 563 1127 est
618 1073 847 1141 incerta,
902 1081 1007 1135 sub
1061 1082 1379 1138 Andronico
1426 1086 1648 1140 seniore

111 1169 316 1237 scripsit,
361 1168 488 1237 ejus
560 1169 953 1237 ministerium,
1023 1174 1381 1246 ὑπηρέτημα,
1441 1192 1653 1234 cessas-

112 1275 194 1319 εει.

164 1355 628 1424 Μαιμακτηριών.
662 1372 715 1426 p.
767 1356 893 1412 582.
930 1356 1077 1414 Cave
1110 1370 1270 1429 putes
1302 1362 1406 1417 hoc
1437 1373 1496 1417 ut
1530 1364 1652 1418 aliis

108 1450 219 1504 locis
244 1449 401 1520 hujus
438 1450 688 1504 historiae
720 1452 890 1519 priori
921 1462 1111 1506 nostro
1135 1452 1414 1507 Glossario
1447 1454 1655 1510 indica-

111 1538 651 1608 ιὶςΜιιμακτηριῶνα
696 1540 919 1596 Juniutn
959 1541 1092 1597 dici.
1145 1543 1443 1615 chugnat
1476 1546 1654 1600 mani-

108 1636 215 1690 {este
238 1633 520 1688 character
564 1634 734 1689 feriae.
768 1635 904 1689 Nam
939 1637 1312 1691 certissimum
1332 1652 1418 1692 est
1441 1654 1650 1693 annum

108 1745 195 1797 quo
229 1729 311 1784 hic
351 1737 575 1783 narrata
604 1729 718 1799 geri
750 1729 1006 1800 contigit,
1040 1730 1214 1784 fuisse
1251 1730 1457 1785 Christi
1492 1730 1650 1795 1504,

1744 625 1875 678 tnihi
1924 626 2117 681 deinde
2165 626 2306 683 forte
2358 628 2558 696 legenti
2592 630 2828 685 Tzetzcn
2862 629 3020 700 hujus
3043 634 3331 686 enarratio

1743 716 2018 776 vocabuli.
2047 718 2287 776 cltiliade
2320 720 2378 784 ι,
2411 721 2494 776 his
2528 722 2777 777 versibus
2806 739 2824 777 :

1732 842 1990 902 ’Ταυτύν
2037 847 2118 915 τῷ
2156 850 2640 921 βλιτομάμμοντι
2667 854 3071 924 μαμμὰκυτος
3106 854 3330 924 σημαι-

1752 991 1918 1046 ἼΙτοι
1946 994 2151 1062 μωρὸν
2182 996 2653 1062 συγκρύπτοντα
2699 996 2950 1066 μ’ἀμμαν
2981 1016 3044 1052 τε
3081 943 3332 1052 argutior

1750 1131 1941 1200 Μωρὲ,
1972 1136 2121 1204 φησι
2155 1135 2265 1206 γὰρ
2298 1134 2640 1205 προφανῶς,
2683 1068 3326 1282 σύπηὲρωῖτεῃῗῖῗῖιέμ-

2963 1227 3087 1278 [lar
3118 1226 3259 1263 σου.

2963 1227 3087 1278 [lar
3118 1226 3259 1263 σου.

1752 1335 1955 1406 Origini
1989 1340 2075 1394 hic
2127 1342 2374 1396 iudicata:
2427 1344 2573 1396 vocis
2624 1342 3021 1413 μαμμάκουοος
3076 1344 3184 1395 ἀπὸ
3233 1340 3333 1410 τῆς

1759 1432 1995 1501 μάμμης
2032 1446 2396 1495 censentauee
2431 1435 2618 1488 scribit
2644 1435 2983 1489 Phavorinus
3010 1436 3062 1489 in
3093 1434 3330 1489 chico;

1755 1524 2167 1592 Μαμμάκουοοι
2226 1526 2349 1580 ἀντὶ
2408 1526 2503 1581 τοῦ
2563 1527 3014 1598 μαμμόῦρεπτοι.
3070 1526 3339 1583 Henricus

1756 1616 2063 1687 Stephanus
2117 1618 2170 1673 in
2206 1616 2477 1674 Thesauro
2510 1619 2983 1689 μαμμοθρὲπτους
3015 1621 3119 1675 dici
3180 1627 3335 1689 putat

1755 1724 1953 1780 pueros
1983 1711 2199 1767 mollius
2230 1721 2282 1765 et
2318 1712 2688 1783 indulgentius
2712 1712 2992 1775 educatos,
3035 1713 3222 1782 quales
3257 1714 3335 1768 illi

88 1816 180 1891 ’φη
216 1821 326 1876 sine
363 1822 472 1874 una
511 1824 894 1876 controversia
922 1824 1138 1893 Cyam“
1172 1824 1307 1879 sons
1336 1827 1652 1879 numeravi,
1688 1875 1726 1893 η
1755 1811 1880 1855 sunt
1923 1802 2012 1871 qui
2045 1804 2114 1858 ab
2139 1803 2258 1857 avia
2294 1819 2390 1873 pro
2424 1820 2617 1861 senum
2646 1820 2801 1861 more
2832 1806 3078 1861 tenerius
3110 1817 3337 1876 nepotu-

107 1911 188 1981 25,
217 1911 335 1979 quia
367 1926 505 1965 vero
530 1912 831 1966 bissextilis
861 1913 987 1977 fuit,
1017 1913 1292 1980 duplicem
1346 1913 1540 1969 habuit
1571 1914 1655 1969 in—

108 2006 255 2061 dicem
304 2004 607 2059 Dominicte
662 2006 925 2072 litteram,
955 2004 996 2059 Ε
1044 2015 1103 2061 et
1132 2007 1198 2073 D,
1229 2021 1464 2076 quarum
1497 2008 1655 2078 prior

109 2112 249 2167 usque
280 2095 344 2150 ad
367 2095 440 2149 28
462 2097 754 2152 Februarii
790 2098 960 2162 diem,
998 2098 1215 2168 reliquo
1246 2099 1374 2154 inde
1405 2109 1654 2170 tempore

106 2189 346 2259 posterior
381 2190 438 2242 in
504 2204 606 2243 usu
665 2187 789 2242 fuit.
823 2188 1008 2244 Mense
1039 2190 1208 2260 igitur
1230 2191 1419 2253 Junio.
1447 2192 1493 2246 si
1532 2192 1655 2262 ejus

108 2282 409 2337 meminisset
440 2281 553 2335 hoc
577 2281 698 2335 loco
728 2282 1118 2354 Pachymcres,
1148 2292 1433 2353 oporteret
1465 2284 1518 2339 itt
1551 2286 1656 2341 Ka-

107 2376 319 2432 lendario
349 2376 418 2430 ad
447 2377 599 2432 latus
620 2377 896 2433 vicesimae
938 2377 1129 2446 prima;
1161 2377 1271 2433 diei
1321 2378 1563 2435 litteram
1612 2381 1655 2436 B

108 2475 307 2530 indicem
346 2482 523 2528 sexta:
554 2473 728 2538 feriae,
791 2474 1015 2544 quando
1045 2474 1089 2528 D
1141 2474 1375 2544 primam
1403 2474 1658 2546 designat

106 2567 283 2629 feriam,
331 2567 565 2636 signari.
593 2569 755 2637 Atqui
792 2579 1009 2630 contra,
1045 2569 1319 2637 ut'palam
1370 2568 1654 2645 cernitur,

109 2660 140 2710 ἰ)
164 2660 349 2722 littera,
384 2661 681 2715 character
709 2658 973 2714 videlicet
1003 2658 1305 2714 Dominicte
1335 2658 1533 2728 ipsius,
1575 2659 1659 2714 vi-

107 2753 328 2805 cesimam
381 2752 622 2819 primam
647 2751 799 2808 Junii
840 2752 987 2805 diem
1039 2750 1286 2819 insignit.
1318 2750 1438 2806 Non
1492 2752 1659 2823 igitur

108 2843 159 2895 de
184 2842 335 2897 iunio
366 2843 466 2896 hic
490 2858 697 2897 sermo.
744 2840 897 2896 Vidit
927 2843 1031 2897 hoc
1062 2842 1316 2912 quisquis
1345 2851 1432 2897 est
1465 2854 1659 2900 auctor

109 2935 482 3005 paraphraseos
510 2936 802 2992 Vaticanze.
853 2936 989 2991 Nam
1026 2936 1072 2991 is
1110 2938 1212 2992 etsi
1256 2937 1390 2992 alibi
1439 2953 1660 3004 semper

110 3028 565 3098 Μαιμακτηριῶνα.
620 3027 846 3084 Iunium
886 3026 1087 3091 reddit,
1122 3030 1201 3084 sic
1227 3039 1425 3099 prater
1450 3045 1657 3083 morem

108 3124 228 3176 hunc
258 3122 445 3177 locum
489 3120 868 3191 παραφράζει.
921 3118 1140 3192 Ἡμέρᾳ.
1193 3124 1294 3190 μὲν
1329 3120 1441 3201 οὖν’,
1476 3123 1659 3191 Παρα-

1686 1875 1726 1929 θ
1757 1893 1837 1948 los
1866 1905 2082 1949 amante
2130 1896 2467 1953 nutriuntur.
2521 1896 2798 1968 Ejusmodi
2849 1913 2973 1953 cum
3030 1900 3235 1953 ittcrtes
3283 1909 3339 1952 ct

1758 1987 2045 2056 voluptarii
2086 2002 2207 2042 esse
2234 1989 2464 2052 soleant,
2496 1989 2623 2044 hinc
2668 1990 2963 2044 adhaesisse
2996 2000 3144 2058 putat
3177 2004 3337 2044 voca--

1758 2079 1882 2134 bnlo
1917 2080 2355 2150 μαμμόθρεπτος
2413 2082 2647 2136 similem
2699 2081 3082 2137 dissolutionis
3118 2093 3172 2137 ct
3204 2082 3338 2134 ἀκο-

1755 2170 1950 2235 λασίας
1989 2172 2268 2226 infamiam
2296 2174 2344 2226 ei
2375 2187 2537 2242 quam
2567 2173 2743 2228 Latini
2766 2190 2863 2229 usu
2893 2175 3121 2245 antiquo
3152 2173 3333 2230 allise-

1758 2273 1887 2317 runt
1920 2264 2084 2317 verbo
2119 2280 2296 2334 nepos.
2340 2266 2413 2319 ita
2446 2266 2575 2322 ille:
2625 2284 2689 2322 ex
2726 2269 2885 2336 cujus
2914 2270 3183 2323 sententia
3218 2269 3341 2324 nul-

1759 2356 1862 2409 lam
1926 2357 2167 2412 stultitiae
2219 2374 2281 2413 ac
2339 2359 2687 2416 hebetudinis
2738 2362 2956 2426 mentis,
3007 2363 3100 2417 sed
3163 2363 3340 2418 solum

1760 2449 1987 2503 luxurici
2018 2450 2397 2505 iudicationem
2429 2454 2739 2508 contineret
2769 2453 3088 2508 vocabulum
3114 2454 3343 2525 μαμμόο

1760 2539 2016 2611 Θρεπτος,
2065 2551 2227 2611 atque
2259 2544 2391 2598 adeo
2438 2558 2545 2598 non
2580 2546 2931 2613 :equivalcret
2988 2546 3066 2616 τῷ
3107 2562 3344 2616 μαμμᾶ-

1759 2634 1961 2705 κούοῳ,
2010 2646 2170 2705 prout
2218 2637 2376 2690 docet
2426 2634 2800 2703 Phavorinus;
2860 2637 2949 2693 cui
3021 2647 3231 2704 tamen,
3284 2647 3345 2691 ut

1764 2724 1985 2793 Opinor,
2028 2724 2199 2779 tutius
2222 2726 2462 2780 creditur
2492 2726 2772 2780 euarrauti
2803 2743 2915 2781 suae
2962 2725 3158 2796 linguae
3181 2727 3348 2797 origi-

1761 2833 1857 2873 nes
1887 2832 2047 2887 quam
2079 2826 2227 2870 tanto
2256 2820 2544 2874 recentiori
2574 2816 2964 2883 Grammatice,
2990 2822 3346 2890 quantumvis

1761 2922 2040 2973 accurato,
2096 2911 2395 2981 Stephano.
2427 2910 2595 2968 Multo
2630 2913 2793 2984 igitur
2841 2914 3035 2970 melior
3066 2914 3156 2967 illa
3193 2914 3344 2969 vocis

1765 3005 2203 3078 μαμμόθρεπτος
2238 3004 2508 3072 expositio
2536 3017 2615 3059 est
2657 3022 2818 3075 quam
2851 3007 3089 3078 suggerit
3120 3020 3346 3064 sanctus

1761 3098 2117 3169 Augustinus,
2149 3097 2411 3151 coiicione
2434 3097 2488 3160 2,
2513 3096 2567 3150 in
2601 3094 2751 3152 I’sal.
2783 3115 2913 3163 xxx,
2934 3100 3001 3154 ad
3032 3099 3120 3155 illa
3142 3100 3341 3154 verba:

110 3216 248 3282 σκευῇ
275 3211 477 3286 πρώτῃ
518 3189 613 3265 rei
644 3189 863 3266 ἰὸυλίου
895 3189 1090 3282 pave;
1116 3189 1230 3268 etc.
1263 3189 1535 3268 (laterum
1568 3189 1658 3267 hic

1809 3192 1879 3262 ’ρο
1904 3200 2080 3244 autem
2115 3189 2170 3245 in
2208 3200 2257 3244 te
2311 3189 2541 3254 speravi,
2598 3189 2841 3244 Domine.
2872 3190 2931 3247 Si
2975 3191 3224 3256 attendit,
3259 3191 3346 3246 in-

106 3308 320 3377 argutior
351 3308 414 3362 in
446 3305 735 3364 odoranda
765 3306 916 3362 vocis
946 3303 1394 3376 Μαιμακτηριών
1424 3306 1656 3375 ancipiti

107 3402 300 3456 notione
356 3416 529 3470 quam
587 3400 802 3455 felicior
849 3401 904 3455 in
964 3416 1070 3455 una
1115 3416 1245 3456 vera
1278 3416 1344 3453 ex
1409 3398 1658 3468 pluribus

107 3495 444 3550 discernenda
492 3493 618 3550 fuit.
647 3494 761 3550 Nec
795 3494 944 3549 enim
979 3494 1126 3551 Julio
1161 3496 1336 3548 mensi
1370 3493 1659 3549 character

108 3586 180 3640 hic
204 3588 453 3658 congruit
484 3595 543 3640 ut
573 3587 636 3641 21
666 3586 812 3641 diem
845 3586 1029 3641 littera
1060 3585 1102 3640 Β
1129 3585 1398 3654 insignem
1434 3584 1655 3640 habeat.

108 3672 222 3727 Nota
251 3673 365 3729 hzre
392 3675 614 3745 propria
649 3674 862 3730 settilis
891 3676 1011 3731 sive
1051 3676 1281 3745 Augusti
1314 3675 1521 3730 mensis
1550 3683 1658 3737 est,

108 3763 391 3831 etquidem
423 3766 600 3819 solius
648 3764 793 3819 inter
823 3780 1022 3820 omnes
1068 3769 1199 3821 anni
1231 3781 1469 3821 menses.
1501 3763 1661 3821 Unde

111 3873 205 3911 non
250 3858 471 3913 videtur
520 3858 888 3915 dubitandum
926 3862 1060 3930 quin
1113 3877 1278 3931 quem
1327 3861 1462 3916 alibi
1498 3861 1661 3932 702

112 3950 426 4005 Ποσειδεῶνα
474 3962 664 4007 noster
722 3952 1001 4022 appellare
1053 3954 1361 4018 consuevit,
1394 3955 1499 4009 hoc
1528 3955 1663 4011 loco

114 4044 574 4115 Μαιμακτηριῶνα
607 4043 830 4103 dixerit.
878 4045 1023 4101 Sane
1065 4048 1181 4117 ipse
1224 4049 1404 4103 innuit
1446 4063 1555 4103 non
1593 4063 1664 4104 ex

115 4137 313 4206 tropria
344 4152 403 4191 se
431 4135 548 4199 hic,
585 4135 682 4190 sed
730 4151 795 4190 ex
823 4135 1002 4190 aliena
1038 4136 1188 4207 loqui
1210 4137 1506 4204 sententia,
1530 4138 1661 4193 dum

114 4226 238 4285 hunc
266 4243 508 4283 mensem
541 4243 651 4283 non
684 4227 936 4284 absolute
966 4229 1447 4299 Μαιμακτηριῶνα
1479 4239 1661 4295 vocat,

115 4320 195 4374 sed
242 4336 367 4376 eum
429 4321 524 4390 qui
563 4322 719 4388 juxta
771 4322 1139 4377 Athenienses
1189 4321 1269 4377 sic
1319 4322 1661 4391 appelletur;

114 4412 554 4479 quemadmodum
594 4411 678 4484 lP.
732 4412 860 4485 495]
894 4413 1062 4479 idem,
1091 4428 1145 4483 p.
1178 4413 1307 4478 506,
1352 4414 1550 4471 scribit
1574 4415 1666 4471 Ja-

117 4507 368 4571 nuarium,
401 4521 565 4576 quem
606 4506 867 4561 nimirum
906 4506 1046 4575 ipse,
1075 4514 1138 4560 ut
1159 4522 1210 4561 c.
1238 4507 1351 4566 1.1.
1376 4523 1434 4563 ιιι
1467 4507 1668 4565 Obser-

1766 3283 1906 3352 quit,
1944 3280 2116 3335 adhuc
2162 3281 2445 3345 hominem,
2486 3290 2536 3335 el
2570 3296 2686 3335 eum
2716 3282 2908 3351 qua’ris
2950 3281 3152 3336 imitari
3205 3292 3254 3337 et
3281 3298 3348 3337 ex

1766 3378 1859 3432 illo
1891 3379 2136 3445 pendere,
2163 3376 2338 3429 adhuc
2366 3373 2501 3429 lacte
2553 3374 2630 3429 uis
2655 3376 2852 3429 nutriri
2873 3386 2921 3430 el
2951 3378 3047 3443 ﬁes
3081 3392 3346 3431 mammo-

1765 3470 2040 3540 threptus,
2093 3468 2274 3539 quales
2331 3471 2588 3523 dicuntur
2641 3469 2792 3539 pueri
2843 3468 2933 3535 qui
2988 3469 3078 3522 diu
3129 3482 3343 3538 sugunt,

1764 3566 1904 3636 quod
1935 3580 2041 3618 non
2074 3566 2242 3619 decet.
2292 3559 2491 3616 Notum
2527 3570 2706 3616 autent
2739 3574 2823 3617 est
2863 3563 3219 3630 experientia,
3248 3576 3346 3616 cu-

1760 3659 1850 3728 jus
1882 3659 2163 3728 assignant
2190 3673 2409 3712 causam
2445 3655 2661 3719 medici,
2698 3671 2897 3725 pueros
2933 3656 3026 3726 qui
3057 3671 3163 3710 non
3195 3654 3350 3709 abin-

1767 3761 1987 3806 ctantur
2018 3750 2361 3821 tempestive,
2417 3750 2734 3804 adolescere
2765 3748 2963 3803 bardos
2986 3762 3048 3802 ac
3078 3745 3346 3816 stupidus,

1766 3853 1824 3899 et
1877 3844 2069 3913 quales
2134 3842 2522 3897 describuntur
2589 3840 2658 3894 ab
2721 3839 3086 3909 Arismphaue
3139 3836 3350 3907 Βατρά-

1768 3953 1906 4007 χοις,
1967 3935 2057 3991 fol.
2121 3934 2246 3999 l25,
2295 3949 2347 4003 p.
2380 3934 2531 3988 Sed.
2594 3932 2783 3987 Gratca
2835 3929 3164 3985 Florentium
3219 3928 3348 3983 anni

1770 4029 1911 4085 1525
1935 4069 1952 4090 ,
2017 4025 2451 4096 ἀϐελτερώτεροι
2475 4064 2492 4091 ,
2554 4024 2847 4094 κεχηνότες
2872 4061 2889 4087 ,
2959 4020 3349 4091 μαμμάκυθοι,

1768 4125 1937 4179 stulte
1983 4121 2240 4177 hiahundi
2273 4130 2327 4174 et
2350 4120 2576 4174 salivam
2594 4134 2690 4171 ore
2720 4117 2880 4187 703
2908 4114 3142 4171 detinere
3165 4117 3354 4169 sinen-

1770 4227 1872 4278 tes,
1931 4217 2074 4285 quod
2132 4214 2150 4269 l
2199 4212 2353 4268 Sam.
2385 4227 2437 4268 c.
2497 4227 2612 4276 ut,
2672 4211 2760 4277 l5,
2792 4209 3099 4265 utinsaniu:
3132 4208 3349 4275 signum

1770 4313 2012 4381 ponitur.
2045 4304 2184 4361 Galli
2220 4304 2378 4357 hodie
2414 4302 2622 4372 vulgari
2664 4316 2917 4356 sermone
2945 4300 3078 4355 tah’s
3112 4300 3354 4351 induant

1772 4403 1939 4457 verbo
1986 4400 2113 4462 τοὺς
2158 4397 2461 4468 κεχηνότας
2494 4396 2853 4467 exprimente,
2884 4395 3116 4448 badaux.
3148 4392 3255 4445 Sed
3282 4393 3352 4444 de

1774 4494 1857 4550 his
1881 4494 2004 4562 plus
2029 4492 2184 4546 satis.

115 4567 371 4652 vationum
418 4567 560 4654 torni
617 4598 816 4668 prioris
859 4567 1224 4664 ostendimus,
1259 4599 1669 4656 Hecatomhzeo-
1696 4567 1745 4627 θ
1840 4582 2246 4653 Μαρκούτξας·
2275 4580 2427 4650 Qui"l
2485 4582 2538 4636 ίιι
2567 4583 2731 4651 Priori
2788 4580 3069 4636 Clossario
3105 4578 3354 4647 Suspica-

114 4705 222 4744 nem
261 4691 473 4759 judicat
532 4691 738 4745 debere
780 4692 1067 4761 appellari,
1123 4692 1452 4749 Leuatoncm
1506 4695 1666 4765 juxta

115 4781 454 4838 Athenienses
478 4798 509 4837 a
538 4782 867 4852 quibusdam
899 4784 1030 4846 dici,
1075 4799 1184 4839 non
1238 4797 1389 4840 recte
1413 4801 1518 4841 suo
1546 4788 1699 4856 quin

117 4873 222 4929 dem
276 4876 506 4947 judicio,
559 4890 874 4945 quanquam
936 4878 1053 4943 ipse
1113 4878 1411 4948 aliquando
1468 4894 1664 4935 eorum

120 4971 475 5023 auctoritatem
531 4980 757 5023 secutus
812 4968 1031 5025 fuisset.
1065 4968 1257 5026 Simile
1285 4972 1548 5041 quiddam
1578 4974 1668 5028 hic

121 5058 532 5130 intelligendum,
563 5058 669 5115 etsi
716 5071 909 5115 auctor
936 5078 1036 5131 pro
1091 5077 1193 5118 suo
1242 5079 1396 5118 more
1430 5064 1667 5121 obscure

121 5166 174 5205 ac
196 5151 468 5206 dimidiate
523 5166 612 5206 res
637 5151 980 5221 exprimendi
1013 5154 1163 5209 clare
1197 5155 1390 5224 utique
1435 5170 1546 5211 non
1578 5158 1667 5212 in-

123 5242 268 5304 dicat.
294 5244 388 5300 sed
415 5244 674 5299 absolute
703 5244 923 5300 videtur
951 5246 1137 5303 dicere
1167 5249 1474 5319 Augustum
1499 5250 1671 5307 Athe-

125 5336 381 5391 niensihus
432 5337 934 5394 Maemacterionem
969 5355 1115 5405 esse,
1149 5357 1273 5397 cum
1321 5350 1503 5397 tamen
1535 5345 1669 5401 satis

125 5441 355 5498 appareat
384 5432 440 5486 id
477 5432 632 5486 illum
676 5447 784 5486 non
816 5434 1121 5491 credidisse
1153 5436 1314 5505 plane
1367 5437 1441 5491 ita
1468 5453 1526 5493 se
1572 5438 1671 5493 ha-

126 5518 250 5573 bere.
287 5521 496 5576 Etenim
530 5521 578 5577 si
632 5521 711 5576 sic
736 5532 1012 5586 censeret,
1047 5524 1157 5579 non
1195 5535 1305 5580 tam
1339 5541 1480 5596 szepe
1532 5526 1669 5581 alibi

134 5611 537 5667 liemacterionis
586 5615 854 5671 vocabulo
883 5614 1131 5680 Junium,
1172 5617 1484 5686 Augustum
1535 5633 1668 5673 vero

129 5699 399 5758 Posideonis
436 5704 758 5760 indicasset.

182 5794 585 5864 Μαμάιουθος.
617 5797 879 5866 Δεύτεραι
910 5798 1191 5866 φροντίδες
1220 5799 1317 5852 καὶ
1366 5797 1539 5867 φίλων
1563 5799 1672 5853 τῶν

130 5884 298 5955 is:in
327 5889 666 5960 ὗ..ομνήσεις
709 5902 1003 5960 suggerunt
1036 5889 1124 5944 hic
1158 5891 1364 5961 aliquid
1396 5896 1541 5960 quod
1572 5892 1669 5949 ad.

1770 4678 1868 4732 bar
1923 4675 2277 4746 μαρκούτζας
2308 4674 2593 4742 legendum
2644 4674 2752 4730 vol.
2814 4674 2860 4737 l,
2907 4689 2961 4743 p.
3012 4672 3142 4739 282,
3198 4686 3353 4731 com-

1770 4772 1968 4839 prohat
2000 4764 2286 4820 Maltretus
2317 4775 2530 4828 noster,
2565 4764 2723 4833 cujus
2755 4779 2787 4818 e
2817 4761 3018 4818 litteris
3043 4765 3110 4816 ad
3148 4778 3235 4818 me
3261 4762 3356 4816 da-

1773 4861 1843 4912 tis
1879 4862 1991 4912 lia-c
2027 4858 2277 4911 describo
2306 4873 2321 4911 :
2359 4875 2379 4908 ι
2418 4856 2474 4911 In
2512 4856 2677 4910 verbo
2716 4854 3092 4927 Μαρμούτζας
3124 4854 3355 4924 praefero

1773 4956 1794 5000 t
1827 4962 1951 5001 cum
1995 4946 2328 5015 exemplaria
2360 4961 2480 5015 qua:
2521 4947 2876 5015 μαρκούτζας
2924 4946 3199 5011 scribunt,
3229 4958 3350 4997 cum

1770 5038 1888 5106 ejus
1920 5039 2167 5095 vocabuli
2200 5039 2280 5093 sic
2318 5040 2509 5108 scripti
2544 5041 2700 5108 origo
2726 5040 2957 5094 Arabica
3007 5037 3183 5093 faveat
3224 5053 3355 5092 sen-

1774 5134 1955 5186 tentiae
2019 5131 2128 5185 illic
2181 5130 2432 5186 iudicatae
2488 5131 2864 5203 Pachymeris.
2895 5143 2990 5193 an
3044 5146 3162 5185 mar
3203 5130 3353 5183 enim

1771 5226 2037 5279 Arabibus
2073 5226 2152 5279 vir
2194 5236 2376 5292 sonat,
2407 5234 2464 5280 et
2496 5233 2597 5290 ηπ
2645 5225 2793 5280 kutzi
2829 5226 3178 5298 longinquus,
3236 5224 3358 5279 sive

1770 5332 1838 5373 ex
1869 5319 2166 5388 longinquo
2196 5317 2473 5388 profectus
2509 5319 2743 5375 advena.

1843 5432 1932 5505 [P.
1996 5430 2147 5504 596].
2203 5434 2687 5499 Μεσιτεύοντες.
2738 5448 2791 5503 p.
2847 5432 2975 5489 208.
3035 5433 3113 5488 Ex
3170 5429 3357 5485 multis

1775 5524 2015 5579 historia:
2046 5525 2206 5592 huius
2237 5526 2393 5590 locis,
2424 5537 2484 5581 et
2516 5525 2825 5597 {mitalium
2862 5524 3180 5596 Pachymeri
3219 5523 3357 5577 scri-

1774 5627 2017 5684 ptorum,
2050 5616 2454 5671 observandum
2511 5616 2702 5683 semei,
2752 5616 2819 5671 ad
2855 5616 3012 5685 hujus
3039 5623 3094 5668 et
3123 5612 3349 5666 aliorum

1774 5706 2190 5777 intelligentiam
2237 5708 2503 5775 locorum,
2564 5710 2953 5780 μεσιτεύοντας
3005 5709 3094 5764 illa
3147 5719 3357 5776 tempe-

1777 5806 1919 5852 state
1945 5796 2416 5870 Constantinopoli
2445 5800 2553 5857 dici
2601 5816 2699 5857 eos
2729 5804 2941 5871 solitos,
2975 5801 3068 5873 qui
3098 5802 3272 5872 gratia
3297 5809 3355 5856 et

1776 5890 2178 5949 existimatione
2222 5896 2275 5948 iu
2309 5894 2503 5965 primis
2551 5896 2818 5966 pollentes
2867 5898 3008 5967 apud
3048 5895 3312 5968 principe;
