3744 6510
182 408 274 471 765

1506 399 2036 469 GLOSSARIUM.

3293 408 3411 475 766

174 524 545 599 appellationem
594 540 838 591 servare.
890 524 1097 582 Ferunt
1138 522 1289 583 enim
1334 522 1467 580 illud
1517 520 1711 579 condi-
1742 522 2005 590 Αδοῦλος
2048 522 2146 580 τοῦ
2197 524 2359 592 Θεοῦ,
2418 535 2528 584 etc.
2578 525 2646 583 Et
2689 534 2851 588 antea
2894 524 3093 583 similia
3141 527 3398 584 attulerat

174 633 266 676 tum
294 634 320 672 a
351 617 588 672 Baburxa
631 618 807 689 magni
853 617 1197 675 Tamerlanis
1231 626 1545 687 pronepote.
1595 611 1704 668 Ta-

172 709 428 763 nicrlanem
477 717 660 762 autem
706 722 766 762 se
813 721 986 777 genus
1026 722 1058 761 a
1105 705 1502 777 Mogulensibus
1566 704 1703 758 anti-

168 802 269 872 quis
296 798 622 869 principibus
655 799 877 854 duxisse
909 800 1052 854 hami
1084 813 1225 853 vane
1267 796 1578 868 gloriatum,
1614 811 1703 850 sa-

169 896 223 947 tis
242 901 314 948 est
345 890 656 949 verisimile,
696 890 831 946 Nam
868 891 969 944 etsi
1012 891 1155 944 hunc
1185 889 1454 944 vilissimo
1484 902 1703 958 genere,

166 994 293 1056 patre
326 982 580 1052 pecuario
616 993 796 1038 natum
832 984 884 1037 in
919 983 1209 1051 Sogdianis
1235 982 1514 1035 montibus
1542 978 1704 1033 Turni

164 1077 431 1148 prasertim
480 1076 733 1132 historici
777 1075 1138 1133 Ottomanicis
1187 1075 1522 1146 principibus
1571 1072 1707 1127 adu-

162 1172 306 1227 lantes
337 1168 687 1239 scripserint,
734 1169 801 1224 ad
837 1168 1204 1225 infamandam
1242 1169 1358 1238 ejus
1388 1167 1704 1223 memoriam

158 1263 233 1334 qui
260 1262 557 1316 Baiazetem
598 1262 741 1317 bello
776 1261 977 1317 victum
1010 1276 1073 1316 ac
1115 1268 1333 1330 captum
1372 1258 1490 1312 dira
1532 1270 1706 1326 usque

157 1354 211 1409 ad
252 1363 469 1408 mortem
514 1355 766 1409 custodia
819 1354 1115 1419 tenuisset,
1170 1362 1347 1406 tamen
1394 1349 1707 1404 Albaceuus

154 1446 322 1504 Arabs.
366 1444 456 1512 qui
483 1444 537 1498 ei
586 1460 772 1499 comes
810 1444 1121 1499 individuus
1152 1440 1555 1512 expeditionum
1589 1452 1708 1492 om-

154 1536 283 1590 nium
313 1536 608 1592 adhaesisse
637 1536 843 1594 dicitur
872 1546 926 1591 et
955 1536 1077 1593 ideo
1116 1537 1311 1592 merito
1339 1533 1581 1590 creditur
1617 1546 1705 1587 res

154 1629 248 1696 eius
265 1643 367 1697 pra:
394 1630 611 1684 caeteris
639 1640 956 1700 perspectas
999 1629 1280 1696 habuisse,
1313 1628 1371 1683 in
1396 1626 1511 1699 ejus
1540 1640 1705 1697 quam

152 1720 339 1787 scripsit
375 1721 481 1774 vita
529 1731 761 1777 testatur
822 1723 996 1788 illum,
1032 1737 1156 1778 cum
1196 1720 1560 1776 inclarescere
1584 1730 1703 1773 stu-

150 1811 318 1881 pendis
384 1809 730 1870 facinoribus
782 1813 866 1888 [P.
927 1813 1055 1888 £98]
1129 1815 1274 1871 circa
1336 1813 1540 1869 Christi
1599 1828 1699 1867 an-

152 1919 263 1958 nutn
288 1903 421 1957 1390
448 1905 638 1974 coepit,
668 1922 775 1963 non
803 1923 868 1964 es
896 1908 1103 1977 privata
1131 1916 1185 1964 et
1212 1907 1436 1963 sordida
1464 1906 1701 1971 fortuna,

149 1997 226 2053 sed
246 2013 305 2053 es
330 1998 499 2066 avito,
511 2015 676 2070 quem
704 2000 1052 2057 baereditario
1078 2000 1199 2072 iure
1218 2000 1576 2071 suscepisset,
1597 1999 1702 2054 Sa-

148 2089 427 2147 markanda‘
455 2092 767 2163 principatu
786 2093 841 2148 in
864 2109 984 2149 eam
1019 2094 1328 2149 claritatem
1365 2092 1658 2149 emersisse
1684 2109 1698 2146 :

148 2182 288 2239 fuisse
317 2185 525 2256 quippe
571 2184 727 2242 illum
774 2187 1064 2242 oriundum
1099 2204 1132 2243 e
1160 2188 1311 2259 regio
1345 2185 1697 2252 Tatarorum.

147 2274 231 2330 hoc
246 2284 324 2331 est
350 2276 773 2350 logulensium,
804 2279 1190 2351 imperatorum
1221 2281 1503 2349 sanguine.
1543 2279 1699 2348 Quod

147 2369 353 2426 inunctis
375 2370 634 2438 Biaarus.
664 2373 701 2430 Ι.
734 2388 814 2440 ts,
851 2372 1052 2429 fatetur
1087 2390 1116 2428 a
1162 2373 1442 2431 nonnullis
1474 2376 1527 2429 in
1557 2374 1700 2429 liue-

148 2477 218 2516 ras
261 2463 486 2518 relatum
549 2464 719 2521 fuisse
761 2464 1142 2521 Tamerlanem
1203 2466 1376 2521 lilium
1425 2465 1568 2535 (hoc
1614 2474 1698 2519 est

147 2567 284 2607 unum
308 2568 337 2606 e
366 2554 630 2625 posteris)
675 2557 855 2625 magni
893 2554 1084 2612 Chami
1120 2555 1486 2623 Tatarorum;
1528 2564 1582 2609 ct
1615 2557 1698 2610 di-

145 2653 264 2697 serte
290 2645 609 2702 Alianabius
652 2655 708 2703 et
733 2646 1013 2702 Ahmedus
1059 2648 1302 2705 historici
1350 2650 1579 2711 Arabes.
1628 2648 1697 2703 ab

146 2734 366 2791 Eduardo
417 2735 694 2795 Pocockio
738 2738 947 2795 laudati
1004 2741 1060 2796 in
1100 2740 1378 2811 Supplem.
1434 2741 1691 2797 Cbronici

142 2828 549 2901 Abulpharagii.
605 2848 659 2902 p.
705 2832 762 2896 5,
810 2832 1192 2890 Tamerlanem
1248 2849 1280 2889 e
1325 2833 1694 2904 Gingiavhrne

143 2924 289 2991 primo
350 2926 571 2995 imperii
652 2924 1044 2999 Mogulensium
1115 2928 1396 2983 conditore
1468 2929 1705 2993 stirpem.

142 3020 339 3076 «lusisse
384 3022 681 3076 atlirmant.
729 3021 903 3079 Porro
961 3022 1110 3086 licet.
1173 3030 1232 3076 ιιι
1285 3021 1691 3083 Chalcondiles.

142 3112 170 3168 Ι.
200 3127 273 3176 ιιι,
301 3122 355 3171 et
385 3113 659 3171 Heroldus
686 3115 737 3169 in
762 3114 1172 3171 continuatione
1193 3112 1333 3168 Belli
1355 3112 1532 3176 Sacri,
1557 3114 1591 3167 l.
1616 3127 1701 3177 rt.

1809 617 2067 688 vulgaris“
2089 619 2175 675 sui
2208 635 2341 675 usus
2373 621 2539 676 verba
2575 622 2666 676 illa
2706 640 2722 677 :
2758 622 2847 676 Νὰ
2895 620 3004 694 ἔχω
3026 622 3090 675 τὸ
3120 620 3270 685 ἕλεος
3300 621 3397 676 τοῦ

1809 707 1973 771 Θεοῦ,
2005 708 2071 762 vi
2117 710 2235 779 εἰμὶ
2267 710 2455 775 δοῦλος
2487 712 2583 765 τοῦ
2617 711 2774 777 Θεοῦ,
2815 715 2880 766 νὰ
2913 712 3173 768 ἀποθάνω
3202 716 3261 764 ιν
3294 730 3394 783 με·

1808 800 2021 870 τανοῖᾳ.
2056 801 2109 854 In
2145 802 2229 856 his
2260 803 2329 856 νά.
2364 818 2470 858 non
2505 804 2718 858 videtur
2750 804 2906 873 plane
2927 806 3175 870 usurpari
3209 804 3262 857 in
3298 818 3393 856 no-

1811 892 1958 945 tione
2015 893 2176 947 hodie
2230 897 2355 948 trita
2408 896 2460 949 in
2518 896 2723 964 vulgari
2784 897 3042 952 idiomate
3076 895 3401 951 Graecorum-

1811 985 1956 1049 (nam
1984 984 2143 1054 hujus
2172 987 2364 1055 linguae
2398 987 2600 1043 Graeca:
2629 1000 2896 1058 corrupta!
2926 988 3296 1057 lexicographi
3326 988 3401 1040 νάι

1810 1088 2090 1147 exponunt
2141 1079 2274 1144 ίδού,
2304 1096 2389 1144 en,
2432 1082 2590 1150 ecce).
2641 1083 2735 1135 sed
2796 1081 3008 1138 videtur
3057 1080 3241 1151 potius
3293 1095 3402 1135 nso

1810 1172 2038 1240 quodam
2083 1171 2350 1241 peculiari
2391 1170 2618 1227 Joannis
2652 1178 2863 1228 Cosme
2894 1173 3132 1243 positum
3154 1186 3253 1241 pro
3277 1172 3392 1235 ναί,

1809 1261 2009 1329 utique.
2062 1272 2220 1316 certe.
2259 1262 2340 1317 illi
2372 1274 2551 1317 autem
2594 1265 2684 1333 qui
2718 1264 2937 1331 iurasse
2970 1263 3121 1318 illum
3149 1277 3246 1332 per
3276 1264 3394 1318 hrec

1808 1355 1974 1408 verba
2006 1357 2381 1419 crediderant,
2418 1355 2486 1409 νά
2515 1372 2610 1424 pro
2639 1357 2704 1426 νή
2732 1358 2987 1412 videntur
3021 1355 3390 1421 intellexisse;

1808 1444 1876 1515 νή
1902 1443 2074 1510 enim,
2109 1453 2162 1498 ut
2192 1456 2380 1499 not-um
2410 1454 2513 1509 est,
2534 1446 2720 1516 lingua
2751 1446 2918 1500 veteri
2949 1444 3137 1500 Graeca
3164 1443 3221 1511 ju
3234 1443 3396 1499 randi

1810 1536 2130 1591 adverbium
2161 1548 2266 1591 est.
2299 1536 2487 1592 Posset
2516 1538 2680 1591 etiam
2724 1537 2894 1591 videri
2925 1536 3151 1592 Cosmas
3182 1536 3236 1590 in
3287 1534 3397 1588 ali-
3476 1596 3481 1597 γ

1809 1641 1916 1695 qua
1948 1643 2016 1682 ex
2048 1627 2291 1682 recitatis
2326 1625 2599 1687 formulis.
2630 1638 2757 1695 puta
2796 1627 2911 1693 illa,
2936 1626 3006 1679 να
3040 1624 3299 1679 ἀποθάνω
3332 1625 3399 1677 ιν

1813 1720 2095 1791 μετανοίᾳ,
2125 1720 2373 1789 posuisse
2399 1720 2466 1774 νά
2489 1735 2585 1789 pro
2619 1718 2758 1779 εῐθε.
2800 1718 3028 1773 utinam.

1879 1812 2023 1876 Νέα,
2058 1827 2114 1882 p.
2152 1811 2275 1868 HS.
2299 1811 2630 1880 Suspicabar
2656 1811 2743 1866 hic
2767 1812 2898 1864 véaw
2921 1809 3048 1874 dici.
3078 1816 3137 1863 ut
3165 1806 3395 1869 assolet.

1814 1921 1908 1975 per
1955 1905 2360 1976 compendium,
2394 1903 2777 1959 subintellecta
2840 1918 2971 1959 voce
3020 1901 3220 1972 πύλην.
3282 1899 3393 1955 Sed

1813 1998 2102 2063 deterruit,
2134 1998 2278 2066 quod
2306 1995 2504 2052 Petrus
2532 1996 2755 2062 Gillius.
2788 1997 2878 2052 ubi
2932 1994 3085 2051 urbis
3115 1994 3394 2051 Constan-

1813 2087 2115 2159 tinopoleos
2148 2098 2337 2156 portas
2381 2098 2692 2152 enumerat.
2734 2088 2775 2144 I.
2807 2102 2849 2149 ι.
2888 2103 2942 2142 c.
2975 2085 3070 2152 ΞΟ,
3121 2098 3390 2155 nusquam

1810 2185 2058 2242 meminit
2087 2184 2249 2241 uilius
2277 2194 2448 2256 portas
2476 2200 2600 2256 quae
2626 2185 2749 2251 νέα,
2774 2201 2911 2241 noro
2944 2185 3236 2241 diceretur.
3278 2181 3391 2238 Po-

1810 2279 1919 2334 tuit.
1948 2287 2004 2334 et
2034 2277 2367 2348 subintelligi
2414 2277 2563 2335 aliud
2592 2278 2993 2335 substantivum
3035 2276 3389 2342 femininum,

1809 2382 1937 2442 puta
1972 2371 2107 2443 μονή
2140 2382 2233 2425 aut
2265 2371 2463 2442 ἀγορά.
2502 2370 2884 2427 monasterium
2908 2369 2997 2426 vel
3029 2369 3210 2441 {orum
3242 2383 3264 2423 :
3290 2368 3388 2423 sed

1807 2481 1932 2519 cum
1967 2467 2137 2536 μονήν
2172 2475 2263 2519 aut
2303 2466 2514 2535 ἀγορὰν
2555 2465 2690 2519 νέαν
2733 2464 3023 2519 vocitatam
3065 2461 3388 2518 Constanti-

1808 2562 1986 2630 uoptlii
2021 2561 2184 2613 fuisse
2217 2561 2344 2614 alibi
2374 2576 2479 2614 non
2510 2559 2751 2627 legerim,
2783 2560 3032 2614 divinare
3060 2572 3170 2610 non
3196 2570 3386 2616 ausus.

1808 2653 1860 2707 in
1896 2653 2347 2720 interpretatione
2392 2668 2585 2706 nomen
2617 2653 2790 2721 ipsum
2823 2651 2994 2716 Νέαν,
3036 2648 3204 2704 Neam
3235 2647 3385 2702 velut

1809 2746 1910 2799 lori
1954 2745 2064 2798 noti
2105 2744 2380 2813 proprium
2431 2744 2655 2807 retinui,
2691 2744 2867 2800 donec
2912 2742 3061 2797 aliud
3109 2742 3257 2811 quod
3301 2754 3392 2797 se-

1805 2852 2003 2907 querer
2048 2837 2252 2889 certius
2285 2846 2620 2889 occurreret.

1878 2930 1965 3002 [P.
2002 2929 2131 3003 499]
2160 2930 2386 2997 Ξενών,
2434 2946 2487 2999 p.
2528 2931 2656 2987 285.
2706 2930 2972 2985 Videntur
3019 2928 3106 2983 hic
3154 2926 3383 2993 ξενῶνος

1805 3022 2011 3092 συνήθη
2050 3024 2359 3095 νομίσματα
2401 3024 2505 3079 dici
2543 3024 2901 3092 elecmosynze
2934 3022 3001 3076 ab
3051 3021 3384 3090 imperatore

1803 3117 2019 3183 suggeri
2071 3116 2393 3185 patriarcha:
2444 3117 2637 3179 solitae,
2698 3127 2757 3169 nt
2799 3131 2894 3170 eas
2943 3114 3274 3183 impenderet
3322 3113 3378 3167 in

140 3223 180 3261 r.
207 3209 255 3270 5.
281 3208 501 3275 docent,
527 3209 1090 3267 mortuo-Tamerlano
1112 3207 1280 3278 (quod
1307 3207 1529 3274 contigit
1553 3220 1695 3260 anno
1725 3218 1771 3283 ρ
1801 3209 2153 3277 excipiendos
2216 3208 2452 3278 hospitio
2505 3208 2823 3276 peregrinos
2862 3216 2917 3262 et
2960 3208 3015 3261 in
3068 3207 3174 3262 alia
3223 3219 3389 3275 egen-

138 3301 249 3357 Chr.
283 3301 445 3371 una)
467 3302 832 3363 vastissimum
861 3301 983 3371 ejus
1005 3301 1292 3370 imperium
1327 3300 1475 3355 brevi
1495 3299 1694 3353 discer-

140 3403 267 3461 ptum
295 3405 381 3448 est
429 3393 752 3451 infelicitate
784 3403 877 3449 aut
910 3393 1274 3463 imprudentia
1313 3405 1696 3447 successorum

139 3483 256 3552 cius.
287 3484 368 3540 Ea
394 3486 558 3553 huius
592 3494 774 3541 tamen
808 3485 981 3555 stirpe
1016 3494 1350 3540 memoratus
1377 3484 1539 3554 paulo
1570 3494 1698 3538 ante

136 3575 389 3643 Babursa,
418 3576 687 3633 Sadrncbi
719 3588 813 3633 aut
842 3578 1189 3649 Paianguris,
1214 3577 1455 3631 ﬁliorum
1474 3575 1698 3630 Tamen-

136 3666 285 3732 lanis.
329 3683 521 3736 nepos,
578 3669 881 3740 dynastiam
926 3669 1237 3725 obtinuisse
1296 3667 1709 3745 hereditariam

136 3763 256 3817 inter
306 3760 547 3830 Mognles
598 3772 812 3831 gentem
868 3760 1181 3834 Scythicam
1254 3776 1285 3817 a
1350 3757 1698 3827 chronologis

135 3855 506 3913 recentioribus
587 3856 857 3922 traditur;
913 3854 1151 3926 indeque
1217 3852 1514 3908 contractis
1606 3865 1700 3905 co-

137 3945 223 4012 piis
265 3947 465 4003 virinis
505 3947 741 4017 primum
786 3945 1022 4004 Parthos
1072 3947 1190 4002 sive
1229 3944 1469 3998 Patanas
1513 3940 1699 3996 debel-

134 4038 277 4102 lasse,
308 4038 669 4109 felicibusque
700 4040 1237 4108 indeprogressibus
1269 4051 1438 4102 usque
1468 4034 1533 4087 ad
1567 4048 1693 4086 con-

135 4129 443 4187 stituendum
504 4131 1090 4199 transmittendumque
1144 4127 1314 4199 706
1354 4126 1540 4195 stirpis
1584 4139 1706 4181 smn.

136 4224 349 4291 posteris
386 4222 712 4292 Mogolicum
745 4224 910 4279 hodie
948 4220 1152 4278 ﬂoreus
1186 4219 1477 4289 imperium
1509 4214 1694 4287 profe-

134 4313 282 4380 cisse.
306 4316 591 4381 adamato,
631 4323 797 4385 prout
828 4313 1117 4384 suspicata.
1136 4327 1369 4382 pronum
1392 4320 1500 4375 est,
1528 4308 1697 4379 potis-

135 4406 313 4462 simum
337 4407 444 4464 isto
470 4407 713 4470 nomine.
737 4408 882 4477 quod
912 4405 962 4460 id
985 4402 1475 4470 Gittgiacbanidum
1505 4417 1697 4471 regum

137 4499 388 4568 majorum
403 4514 630 4557 suorum
661 4499 793 4556 olim
821 4498 1080 4572 inclytam
1111 4496 1375 4553 vocabulo
1411 4495 1709 4564 Mogulenr

1802 3302 1935 3357 tium
1966 3301 2194 3365 solatia;
2227 3316 2396 3370 quam
2423 3300 2475 3353 in
2526 3315 2637 3354 rem
2685 3310 2958 3369 sumptum
3001 3297 3114 3353 fere
3142 3313 3381 3352 annuum

1803 3393 1949 3448 mille
1996 3408 2288 3448 aureorum
2356 3392 2612 3461 imputari
2658 3392 3015 3448 cousuevisse
3072 3389 3385 3447 rationibus

1801 3487 2129 3557 patriarchae
2175 3500 2242 3540 es
2299 3486 2591 3541 occasione
2643 3485 2806 3540 docet
2854 3484 2942 3540 hic
2999 3493 3203 3537 uoster.
3258 3479 3378 3537 Non

1800 3579 2048 3634 omittam
2102 3579 2397 3635 admonere
2456 3578 2600 3634 haud
2653 3587 2800 3633 recte
2855 3578 3190 3633 intellectum
3236 3577 3381 3630 hunc

1802 3671 1978 3726 locum
2011 3670 2182 3726 videri
2208 3671 2619 3741 aparaphraste
2653 3671 2938 3730 Vaticano.
2977 3671 3106 3724 dum
3140 3682 3263 3722 eum
3301 3666 3383 3721 sic

1801 3764 2059 3833 exprimit
2092 3782 2106 3818 :
2143 3765 2252 3818 Καὶ
2288 3765 2359 3818 τὰ
2403 3765 2609 3836 συνήθη
2641 3764 2737 3818 τοῦ
2787 3762 3019 3829 ξενῶνας
3065 3763 3385 3832 νομίσματα

1803 3858 2075 3924 πέμπωνο
2128 3856 2306 3910 ἐποίει
2353 3856 2465 3923 γὰρ
2518 3856 2641 3910 κατ’
2681 3855 2802 3919 ἔτος
2848 3855 3115 3926 βασιλεὺς
3146 3855 3380 3924 sisque-

1802 3945 1971 4016 ούνην
2004 3947 2273 4017 κρυφίως,
2309 3947 2514 4008 εἰδότος
2540 3946 2636 4000 τοῦ
2670 3947 3042 4017 πατριάρχου.
3096 3947 3261 4016 707.
3301 3947 3383 4008 si;

1802 4038 2047 4107 χιλιάδας
2103 4037 2302 4099 πολλὰς
2353 4037 2724 4107 ποτουμένην.
2765 4038 2891 4090 Hmc
2939 4036 3041 4104 qui.
3085 4036 3389 4091 contuleris

1800 4141 1923 4181 cum
1984 4137 2241 4182 contextu
2295 4129 2565 4193 auctoris,
2628 4126 2791 4182 facile
2830 4125 3230 4196 discrepantias
3273 4139 3385 4180 uo-

1801 4219 1970 4273 tabit.
3399 4213 3409 4223 ’

1873 4311 2242 4382 maror-optat.
2270 4325 2323 4380 p.
2360 4311 2482 4367 1.65.
2512 4310 2638 4381 Agit
2667 4312 2734 4366 de
2753 4311 3141 4367 ecclesiasticis
3170 4327 3199 4366 a
3231 4311 3377 4369 Saba

1800 4405 2067 4461 monacho
2113 4404 2345 4465 vexatis.
2395 4402 2449 4458 in
2490 4419 2725 4472 quorum
2767 4418 2901 4458 eum
2937 4403 3257 4474 οἰκονὸμίας
3307 4405 3383 4458 ir-

1800 4499 1975 4557 ruisse
2005 4496 2303 4553 detinenda
2328 4504 2384 4549 et
2415 4495 2707 4564 repetendo
2741 4505 3063 4562 proventus.
3119 4507 3376 4567 tanquam

134 4591 259 4646 tium
290 4591 597 4662 principum
639 4569 967 4662 potentiam.
1013 4604 1046 4646 ο
1084 4589 1255 4645 veteri
1281 4588 1561 4658 repetitam
1581 4601 1692 4641 me-
1727 4569 1779 4628 n
1804 4593 1880 4648 illi
1904 4594 2029 4662 jure
2072 4591 2191 4647 illos
2237 4591 2569 4660 percipiendi
2607 4591 2938 4645 excidissent
2983 4591 3216 4655 crimine
3257 4606 3383 4660 per-

135 4684 308 4748 tnoria.
341 4684 699 4755 prasentibus
736 4681 1017 4753 obiiceret.
1080 4680 1207 4737 Haec
1239 4682 1308 4736 de
1337 4678 1693 4749 Mugitliorum

134 4778 377 4833 vocabulo
418 4777 691 4832 Tmtharis
727 4794 755 4832 a
796 4776 1130 4847 Pachymere
1180 4775 1384 4829 tributo
1434 4773 1527 4827 bie
1567 4771 1697 4824 duxi

133 4869 495 4933 memoranda;
528 4882 647 4938 quae
667 4868 735 4922 ad
758 4868 1303 4922 illustrandumhuuc
1333 4864 1502 4918 nostri
1525 4860 1699 4916 histo-

135 4960 218 5014 rici
237 4960 404 5016 locum
439 4976 544 5016 non
569 4976 761 5031 parum
794 4975 917 5019 esse
947 4960 1097 5015 utilia
1123 4973 1314 5029 aequus
1337 4955 1502 5011 credo
1528 4953 1699 5008 lector

129 5048 393 5119 judicrrbit.

189 5143 306 5210 Na',
329 5158 385 5214 ι).
407 5144 535 5200 541.
571 5145 629 5198 ’0
655 5144 700 5199 δ’
729 5144 891 5216 ὅρκος
913 5142 1202 5207 ίδιωτικῶς
1227 5161 1344 5206 πως
1375 5142 1549 5210 οὕτως
1579 5146 1699 5212 ags.

134 5234 343 5305 νεχθιὶς,
381 5255 403 5290 ι
456 5236 549 5291 Na
586 5233 732 5308 ἧμαι.
781 5235 973 5300 δοῦλος
1008 5236 1103 5289 τοῦ
1155 5234 1422 5307 Χριστοῦ,
1476 5238 1538 5292 οὐ
1587 5239 1696 5311 μὴν

135 5329 233 5397 ειμὶ
268 5329 385 5401 μεθ’
423 5329 601 5402 ὑμῶν,
651 5332 705 5383 sl
749 5330 826 5402 μὴ
877 5329 946 5384 τὰ
986 5330 1218 5398 γένοιτο.
1260 5348 1280 5383 ι
1325 5329 1458 5385 Cum
1508 5341 1695 5385 autem

135 5420 447 5478 dubitaretur
486 5440 559 5478 an
598 5424 701 5478 hoc
750 5430 902 5478 esset
953 5437 1083 5475 vere
1119 5421 1522 5490 juramcntum,
1558 5438 1694 5477 con-

134 5510 288 5568 sultus
326 5514 441 5582 ipse
479 5514 721 5571 Joannes
768 5513 999 5569 Cosmas
1045 5514 1384 5583 patriarcha,
1424 5516 1516 5584 qui
1574 5516 1693 5572 ba‘c

134 5595 337 5665 dixerat,
371 5603 507 5671 quid
552 5614 822 5669 censeret,
856 5604 1138 5671 respondit
1171 5603 1229 5657 in
1264 5605 1406 5659 hunc
1443 5607 1687 5671 modum,

134 5701 178 5755 p.
209 5690 347 5746 550:1
368 5696 550 5767 Ὅπερ
579 5693 934 5766 ἐφθεγξάμην
966 5695 1071 5749 ἀπὸ
1105 5696 1549 5765 παραλυπήοεως
1578 5696 1688 5752 τῶν

133 5779 344 5853 desierint
389 5806 518 5859 μου,
572 5790 672 5861 οὐχ
734 5790 809 5852 ὡς
862 5791 1025 5861 ὅρκον
1092 5788 1442 5856 λογιζόμενος
1490 5786 1667 5852 εἷπον,

131 5872 225 5931 ἀλλ’
272 5880 454 5947 ἁπλῶς
497 5884 561 5937 ἐκ
612 5884 897 5951 συνηθείας
941 5879 1096 5934 τοῦτο
1148 5882 1351 5950 λέγειν,
1412 5882 1479 5935 vi
1529 5878 1670 5953 ἧμαι

1803 4682 2115 4748 duelllouls,
2143 4682 2196 4736 in
2249 4682 2403 4751 quod,
2434 4681 2555 4735 illos
2602 4680 2905 4735 incurrisse
2933 4681 3139 4743 aiebat.
3171 4681 3381 4738 habens

1795 4776 1908 4845 jam
1953 4786 2061 4832 tum
2100 4776 2251 4845 ipsos
2304 4789 2399 4843 pro
2439 4774 2704 4828 convictis
2752 4781 2809 4829 et
2854 4774 3153 4831 damnatis.
3179 4775 3256 4829 Es
3292 4775 3382 4831 his

1804 4870 2020 4924 videtur
2067 4868 2244 4939 colligi
2296 4866 2610 4934 οἰκονομίας
2661 4866 2749 4922 hic
2800 4867 2980 4921 vocari
3030 4883 3167 4936 quas
3219 4867 3385 4937 vulgo

1802 4958 2115 5027 pmbendas
2170 4969 2261 5011 aut
2299 4957 2551 5025 beneﬁcia
2612 4955 2867 5018 dicimus.
2913 4956 3038 5026 jura
3075 4958 3225 5010 varia
3255 4972 3386 5027 ροτ-

1802 5054 2173 5123 (‘ipiemluruttt
2205 5049 2513 5118 portiunnm
2550 5064 2614 5102 ex
2667 5048 2931 5103 reditibus
2965 5048 3221 5105 Ecclesia:
3255 5065 3382 5104 cer-

1803 5152 1870 5199 tis
1896 5143 2110 5197 clericis
2130 5152 2222 5194 aut
2249 5140 2625 5196 sacerdotibus
2658 5141 2869 5194 ratione
2900 5140 3241 5195 functionum
3284 5151 3385 5197 aut

1800 5236 2228 5291 ministeriorum
2282 5233 2415 5303 ipsis
2477 5233 2924 5289 demandatorum
2989 5234 3378 5304 competentia.

1796 5327 1888 5382 Sic
1937 5326 2221 5396 opinabar.
2250 5324 2455 5381 Tamen
2487 5340 2552 5379 ne
2583 5325 2711 5395 quid
2742 5324 3382 5395 ρπω]ιι«1ἰοοι·θιη,ἱυειιιῐι

1796 5420 2244 5477 (Economiarum
2280 5433 2479 5473 vocem.
2499 5420 2909 5488 interpretando
2933 5418 3157 5473 retinui.

1879 5512 2131 5582 Ὁδηγοί,
2164 5527 2214 5580 p.
2246 5511 2339 5566 83.
2391 5512 2515 5580 Agit
2564 5515 2631 5565 de
2690 5525 2817 5564 arca
2875 5510 3013 5564 intra
3044 5523 3207 5578 quam
3259 5517 3383 5565 erat

1796 5606 2075 5661 conditum
2112 5604 2327 5658 Arsenii
2364 5619 2600 5671 corpus;
2636 5619 2797 5671 quant
2834 5602 2995 5670 paulo
3038 5611 3167 5655 ante
3201 5598 3375 5653 κιϐώ-

1793 5714 1909 5751 τιον
1932 5698 2165 5760 vocavit,
2191 5707 2237 5750 et
2271 5694 2439 5748 fuisse
2485 5694 2777 5760 repositam
2803 5693 2949 5746 dixit.
2975 5693 3103 5759 περὶ
3125 5690 3191 5744 τὰ
3219 5690 3374 5758 δεξιὰ

1795 5790 1887 5844 τοῦ
1910 5792 2177 5860 βήματος,
2199 5807 2229 5841 a
2247 5790 2447 5841 dextris
2465 5786 2673 5846 altaris.
2696 5786 2784 5839 hic
2798 5793 2979 5838 autem
3000 5785 3094 5848 ait.
3113 5783 3246 5839 feria
3266 5795 3376 5838 trr-

1782 5886 1854 5939 tia
1889 5881 2515 5956 cujusvishebdomadis,
2532 5879 2878 5935 concurrcuti
2897 5879 2961 5934 de
2986 5895 3134 5935 more
3169 5879 3369 5951 pupulr‘
