3744 6552
186 373 268 434 769

1481 350 2007 446 GLOSSARIUM.

3271 406 3375 471 770

178 481 600 545 anatlteiuatismos
626 480 681 535 in
713 481 945 539 haereses
967 497 997 537 a
1019 483 1241 556 synodis
1261 484 1529 546 decretos.
1554 491 1683 558 ρω-
1720 498 1769 555 Α
1864 496 2168 565 Πάροικοι,
2216 514 2268 569 p.
2322 499 2450 558 209.
2504 502 2652 571 Quos
2694 505 2784 591 hic
2821 519 2981 567 vocat
3009 512 3372 588 Pachymeres

174 583 255 637 bus
285 585 623 632 consentanee
650 576 838 632 scribit
877 577 1264 652 Pachyrneres,
1303 598 1356 650 p.
1389 584 1480 653 32,
1519 586 1690 643 Joan-

171 686 268 728 nem
299 668 507 724 Veccuni
537 670 900 736 patriai-citam
917 671 1193 730 addidisse
1223 676 1431 747 aliquot
1460 681 1689 735 anatbe»

170 765 404 818 matismos
440 762 502 816 iis
530 762 618 826 qui
652 762 900 818 solebant
933 765 1150 821 recitari
1193 767 1282 824 die
1322 772 1684 829 orthodoxiae.

164 854 224 910 Ex
270 869 365 922 quo
411 852 757 922 intelligimus
809 870 917 910 non
971 855 1140 914 fuisse
1190 865 1501 919 necessario
1554 865 1684 921 illud

161 948 430 1018 synodicuin
470 946 747 1001 decretum
777 957 872 1002 aut
899 964 1165 1006 canonem
1203 956 1398 1024 synodi
1441 970 1681 1016 cacume-

160 1038 281 1098 uicz,
309 1037 392 1090 sed
424 1046 661 1103 potuisse
686 1039 788 1091 sub
819 1038 870 1093 id
909 1054 1106 1095 nomen
1143 1044 1332 1097 venire
1364 1047 1681 1104 sanctiones

157 1137 345 1184 statutas
387 1129 435 1181 in
466 1128 761 1184 ordinariis
790 1130 1013 1200 synodis
1039 1133 1364 1200 patriarcha:
1386 1138 1678 1206 cujusque.

209 1220 710 1288 Παραθεωρεῖσθαι,
748 1238 800 1291 ρ.
829 1222 956 1280 618.
988 1226 1109 1293 Agit
1136 1228 1200 1279 de
1239 1226 1323 1281 itis
1352 1229 1442 1298 qui
1469 1231 1681 1284 aecrhis
1713 1288 1716 1292 ,

151 1315 282 1383 jussis
313 1312 583 1365 Athanasii
635 1315 959 1381 patriarchae
1014 1318 1168 1373 inviti
1219 1324 1388 1377 coacti
1430 1323 1681 1391 jejuuarc

150 1405 260 1455 ciam
284 1402 755 1468 coiucssabantur;
784 1406 924 1459 unde
945 1412 1380 1479 consequebatur
1410 1428 1504 1469 eos
1535 1417 1677 1485 quod

149 1505 274 1550 nocte
315 1497 631 1562 intempesta
674 1500 1056 1564 comedisseot,
1100 1513 1282 1561 astare
1323 1509 1676 1573 postridianis

146 1589 388 1642 sacriﬁciis
412 1600 627 1642 saturos
647 1600 701 1643 et
726 1592 955 1655 crudos;
980 1595 1030 1647 in
1054 1610 1160 1663 quo
1179 1608 1295 1651 erat
1320 1599 1673 1657 irreverentia

147 1679 247 1731 disci
256 1678 398 1744 plina:
420 1680 584 1731 veteri
609 1681 888 1736 damnata.
908 1680 1082 1738 Vocat
1104 1702 1230 1756 ergo
1257 1694 1440 1745 uoster
1463 1691 1551 1745 hic
1572 1711 1677 1746 πα-

146 1769 494 1839 ριθεωρείσθαι
528 1773 801 1839 μυστικὰς
834 1772 1031 1839 θυσίας
1077 1777 1267 1833 violari
1308 1784 1670 1838 reverentiam

1793 589 2112 659 πιροίκους,
2138 593 2365 661 opponit
2390 594 2712 654 habentibus
2740 602 3019 670 προνοίας,
3052 624 3190 677 quas
3214 612 3283 668 ab
3303 629 3371 668 eo

1791 684 1974 736 vocari
2012 685 2304 753 pensiones
2347 687 2506 755 pendi
2540 690 2732 746 solitas
2764 708 2794 746 e
2822 696 3036 764 publico
3084 703 3371 759 militanti-

1791 771 1896 827 bus
1947 783 2041 829 aut
2097 776 2334 845 aliquam
2388 780 2700 849 reipublicae
2747 788 3073 845 navantibus
3121 808 3368 863 operam,

1788 865 2047 918 docemus
2069 867 2135 920 ad
2159 868 2209 923 id
2244 870 2466 924 verbum
2497 872 2599 927 hoc
2630 874 2748 943 ipso
2777 875 3078 937 Glossario.
3100 881 3191 939 Ait
3222 889 3368 942 enim

1789 951 1877 1006 hic.
1911 954 2243 1025 (quanquam
2277 960 2570 1017 ἰιιιι·ἱιιο.ειο
2603 981 2666 1019 ac
2703 969 3032 1036 perobscure
3069 992 3083 1026 :
3124 993 3248 1032 nam
3286 989 3369 1032 to-

1790 1057 1901 1102 tum
1921 1049 2022 1103 hoc
2042 1067 2148 1119 prie
2170 1054 2378 1107 caneris
2399 1066 2556 1125 caput
2574 1059 2817 1126 confuse,
2840 1065 3100 1135 elliptice,
3128 1073 3334 1125 tencbri
3349 1104 3367 1115 -

1783 1140 2070 1196 cosissime
2114 1157 2439 1214 conceptum
2472 1148 2602 1219 est),
2649 1153 2743 1215 ait,
2777 1154 3017 1224 inquam,
3074 1161 3153 1215 vel
3191 1166 3389 1231 potius

1786 1242 2060 1301 utcunque
2090 1237 2376 1305 signiﬁcat,
2414 1238 2809 1309 Andronicum,
2850 1248 2936 1301 cui
2992 1267 3181 1320 magna
3228 1271 3365 1326 opus

1782 1336 1900 1378 erat
1941 1331 2168 1395 pecunia
2205 1331 2344 1382 unde
2371 1332 2638 1399 stipendia
2681 1334 3034 1395 Cretensibus
3064 1346 3131 1398 ab
3165 1348 3279 1414 ipso
3311 1351 3361 1401 in

1783 1412 2058 1471 Orientem
2086 1421 2328 1473 evocatis
2347 1432 2402 1475 et
2431 1423 2541 1477 illic
2565 1425 2726 1480 ﬁdam
2755 1428 2853 1497 ipsi
2883 1412 3206 1491 navantibus
3233 1455 3359 1506 ope-

1780 1522 1894 1562 ram
1926 1526 2049 1564 cum
2089 1510 2677 1584 ﬁde'reprceseutaret,
2711 1534 2828 1574 eant
2870 1523 3071 1585 indicta
3111 1530 3361 1585 subdito-

1782 1614 1900 1654 rum
1940 1604 2228 1659 collatione
2268 1606 2587 1662 conici-isse.
2629 1609 2764 1675 Quia
2802 1628 2929 1670 vero
2963 1617 3229 1684 ejusmodi
3265 1639 3363 1677 ex-

1781 1694 2158 1748 traordinariis
2221 1698 2528 1765 sumptibus
2584 1703 2863 1772 assignata
2921 1707 3119 1760 dudum
3183 1711 3361 1766 fuerat

1778 1782 1988 1837 exactio
2015 1783 2249 1851 decimas
2286 1792 2609 1854 pensiouum
2667 1808 2974 1849 annuarum
3027 1814 3054 1850 a
3092 1800 3356 1869 stipendia

145 1866 329 1931 mystico
368 1863 640 1919 sacriﬁcio
680 1865 917 1919 debitam
952 1883 1017 1922 ex
1054 1884 1152 1923 usu
1191 1875 1382 1936 veteri,
1410 1875 1671 1932 assisteu-
1703 1853 1745 1907 Β
1774 1887 2099 1944 quocunque
2146 1879 2363 1933 nomine
2414 1882 2772 1950 merentibus,
2809 1901 2931 1940 cum
2970 1890 3082 1951 jam
3123 1892 3156 1943 ii
3185 1896 3355 1947 conti-

144 1952 198 2002 tia
221 1964 310 2001 non
336 1950 649 2019 jejunorum
686 1968 714 2006 a
750 1965 909 2009 nocte
936 1959 1132 2013 inedia.
1166 1960 1410 2031 Θειωρεῖν
1447 1975 1501 2019 ct
1531 1965 1668 2020 θεω-

140 2042 308 2111 ρεῖσθαι
355 2043 577 2099 Verbum
630 2056 717 2100 est
764 2048 936 2102 sacris
993 2050 1122 2104 olim
1184 2053 1483 2120 addictum,
1522 2068 1670 2114 caste

137 2135 278 2189 obitas
310 2137 649 2194 casrimoaias
682 2147 737 2193 et
775 2140 1040 2211 religiosis
1071 2157 1437 2214 praapnratum
1467 2151 1670 2208 ritibus

137 2235 439 2294 conSpectuin
478 2231 865 2301 mysteriorum
897 2237 1229 2303 exprimens.
1276 2238 1413 2295 Hinc
1466 2242 1519 2296 in
1550 2244 1666 2311 epi-

133 2319 239 2372 stola
284 2318 515 2375 Plalonis
574 2322 627 2374 oi
673 2323 1003 2393 Θεωροῦντες
1047 2327 1107 2379 ἐν
1150 2330 1375 2399 Δελφοῖς
1433 2335 1665 2389 ministri

134 2411 249 2478 juxta
279 2411 405 2466 ritus
440 2413 549 2468 illic
584 2430 877 2471 consuetos
908 2420 1171 2489 Apollinis
1202 2424 1369 2478 cultui
1414 2439 1666 2484 vacantes

130 2516 172 2557 et
192 2506 348 2561 varias
386 2508 696 2564 lunctiones
732 2509 1007 2578 religionis
1036 2513 1155 2582 ejus
1187 2519 1457 2584 proprias,
1497 2535 1663 2590 oprra

130 2598 486 2653 consulentibus
512 2605 817 2668 prasertim
848 2606 1127 2658 oraculum
1159 2610 1424 2671 novanda,
1457 2611 1664 2666 obeun-

135 2701 211 2743 tes.
261 2687 399 2743 Unde
446 2690 819 2762 Thucydides,
882 2694 919 2747 l.
983 2711 1034 2759 ν,
1088 2699 1316 2768 θεωρεῖν
1364 2701 1508 2755 κατὰ
1560 2705 1661 2757 πά-

132 2800 247 2852 τρια,
278 2781 372 2836 boc
423 2792 532 2846 est,
585 2783 804 2852 opinor,
868 2785 972 2840 ritu
1026 2804 1054 2841 a
1105 2791 1402 2858 majoribus
1461 2796 1580 2849 ιιιιά
1610 2810 1662 2851 ιο

131 2887 250 2926 sacra
281 2872 444 2927 cilicia
478 2874 665 2938 obire,
714 2874 994 2946 caujungit
1045 2895 1169 2933 cum
1222 2881 1373 2936 Θὺειν
1422 2895 1474 2938 et
1525 2906 1662 2956 μαν-

130 2963 341 3015 τεύεσθαι
394 2966 714 3020 sacriﬁcare
774 2977 827 3022 et
884 2970 1164 3024 oraettlum
1224 2976 1506 3030 consulere
1566 2990 1660 3035 aut

128 3071 358 3124 acceptum
404 3059 587 3112 edere.
622 3057 742 3112 Non
784 3062 926 3114 enim
958 3066 1157 3116 accedo
1194 3067 1502 3121 sclioliastm
1535 3088 1655 3125 ver-

126 3147 222 3200 bum
273 3149 489 3217 Θεωρίν
556 3164 625 3202 eo
690 3149 808 3203 loco
864 3154 1155 3229 exponenti
1216 3153 1455 3225 (θεωροὺς
1511 3159 1730 3255 πέμ-ο

126 3256 248 3303 new;
275 3245 332 3294 de
363 3257 467 3310 quo
499 3242 752 3309 pluribus
780 3242 1083 3298 disserendi
1126 3262 1228 3298 non
1261 3258 1345 3301 est
1378 3252 1461 3300 hii:
1486 3251 1656 3306 locus.

125 3328 258 3385 Porro
285 3333 496 3401 qua..do
521 3333 592 3387 ab
626 3332 862 3404 indignis
895 3344 987 3388 aut
1022 3350 1127 3389 non
1162 3336 1402 3405 legitimo
1434 3341 1661 3398 initiatis

116 3436 340 3493 apparatu
364 3427 593 3496 ὲποψία,
627 3440 955 3496 conspecms
975 3434 1379 3499 mysteriorum,
1410 3447 1500 3490 aut
1525 3453 1658 3492 coa-

121 3525 183 3568 tia
210 3533 351 3585 quant
395 3518 477 3573 fas
525 3530 610 3574 est
653 3521 900 3589 neglecto
940 3530 1144 3576 statuto
1199 3525 1302 3578 ritu
1346 3526 1655 3596 religiosum

115 3611 297 3679 aliquod
327 3612 506 3666 obitur
540 3613 802 3677 oﬂicium,
826 3614 1330 3685 παραθεωρεῖσθαῖ,
1367 3622 1571 3690 despici
1598 3631 1655 3679 et

114 3703 239 3769 quasi
263 3703 416 3771 pollui
444 3718 606 3758 sacra
642 3703 917 3760 dicuntur.
950 3702 1040 3761 Sic
1078 3706 1382 3780 Hesychius
1431 3713 1655 3781 exponit

114 3794 546 3867 παρεθεωροῦντο,
597 3797 1054 3867 κατεφρονοῦντο.
1111 3798 1210 3855 Ubi
1261 3803 1361 3858 etsi
1407 3805 1655 3861 videatur

115 3889 340 3956 respicere
374 3892 550 3945 locum
587 3891 753 3961 710
796 3891 920 3947 Act.
977 3893 1174 3963 Apost.
1230 3911 1305 3961 vt,
1356 3898 1407 3962 l,
1470 3908 1648 3956 tamen

111 3978 243 4034 latius
265 3981 360 4035 hoc
385 3982 609 4037 extendi
633 3981 756 4050 jure
778 3993 997 4052 potest;
1031 3995 1085 4039 et
1110 3989 1177 4040 ad
1211 3988 1646 4057 irreverentiam,

110 4085 191 4139 qua
214 4073 390 4143 religio
420 4073 679 4135 violatur.
711 4090 820 4129 non
843 4075 1115 4134 immerito
1141 4080 1227 4134 hic
1249 4094 1279 4134 a
1314 4079 1648 4153 Pachyun-re

109 4167 528 4218 accommodatum
563 4174 667 4220 est.
700 4163 1056 4234 Contemptus
1093 4168 1239 4222 enim
1296 4186 1402 4226 non
1451 4174 1646 4229 dubius

108 4263 172 4307 est
210 4254 390 4311 divinat
436 4257 767 4325 majestatis,
803 4260 1148 4329 praescriptas
1178 4262 1247 4315 ab
1294 4262 1410 4332 ipso
1450 4264 1561 4320 Deo
1590 4266 1643 4321 in

106 4346 199 4413 ejus
242 4347 379 4403 cultu
433 4348 847 4404 obseriratioues
897 4348 1191 4420 negligere.
1233 4352 1412 4420 Quare
1444 4354 1645 4413 Paulus

104 4437 374 4494 Corinthios
433 4449 695 4511 tanquam
747 4440 838 4495 Dei
885 4441 1182 4496 Ecclesiam
1231 4454 1640 4516 contemnentes,

106 4532 567 4602 καταφρονοῦντας,
602 4532 846 4600 increpat
895 4531 1063 4592 lCor.
1096 4549 1174 4600 ιι,
1197 4534 1291 4601 22,
1325 4540 1467 4607 quod
1493 4541 1547 4593 itt
1578 4556 1640 4595 ea

108 4623 222 4676 velut
268 4627 316 4679 iu
351 4626 468 4681 loco
506 4627 737 4695 prol’ano
768 4625 1122 4681 comederent
1165 4644 1179 4681 :
1218 4628 1304 4699 Μὴ
1328 4634 1436 4701 γὰρ
1463 4633 1641 4697 οἰκίας

104 4717 226 4785 ἔχετε
255 4721 330 4783 εἰς
367 4721 427 4773 τὸ
463 4719 669 4773 ἐσθίειν
702 4722 797 4773 καὶ
833 4721 1051 4788 nives-1;
1086 4719 1119 4791 ἢ
1166 4722 1267 4792 τῆς
1311 4723 1641 4796 Ἐκκλησίας

102 4810 176 4862 τοὺ
201 4812 323 4867 Θεοῦ
366 4816 765 4884 καταφρονεῖτε
787 4812 811 4868 2
836 4813 977 4879 Ouid
1013 4825 1196 4869 autem
1230 4816 1276 4869 si
1304 4819 1642 4886 suspicemur

105 4901 446 4976 Pacliymerem
496 4915 769 4975 nostrum,
802 4921 926 4960 cum
974 4906 1114 4977 apud
1168 4922 1328 4962 suum
1380 4925 1637 4979 maguum

102 4997 360 5063 Apollinem
420 5000 751 5069 llesychium
803 5001 1046 5071 legisset,
1089 5002 1207 5056 loco
1261 5018 1289 5054 a
1351 5019 1436 5056 me
1477 5005 1640 5058 modo

101 5090 353 5161 descripto,
402 5093 889 5164 παραθεωρείσθαι
942 5103 998 5150 et
1054 5096 1520 5166 καταφρονεῖσθαι
1580 5106 1638 5150 ιιι

104 5180 486 5253 ἰσοδυναμοῦντα,
514 5188 843 5255 comparari,
870 5189 1141 5258 simulque
1178 5188 1404 5243 haberet
1435 5190 1485 5243 in
1517 5189 1639 5244 ani-

107 5289 174 5325 mo
214 5288 562 5333 memoratum
618 5279 766 5334 l‘auli
810 5282 986 5335 locum
1033 5281 1328 5346 contemni,
1364 5298 1640 5353 καταφρο-

106 5367 298 5435 νεῖσθαι,
329 5370 410 5443 [Ρ.
436 5370 568 5444 50'2]
597 5371 901 5427 Ecclesiam
925 5374 1264 5430 comestioue
1292 5390 1635 5446 conqueren-

107 5460 177 5522 lix.
200 5461 533 5520 irreverentia
585 5482 690 5538 qua
736 5478 1067 5537 praasumpto
1115 5483 1275 5524 nocte
1309 5470 1634 5540 intempesta

106 5551 202 5603 cibo
226 5562 342 5609 'non
388 5558 555 5627 jejuni
611 5560 796 5615 clerici
857 5569 954 5614 aut
1006 5564 1255 5615 monachi
1314 5563 1446 5629 aris,
1505 5564 1633 5616 dum

108 5648 397 5703 sacril'tCatur
420 5667 575 5707 mane
598 5663 857 5715 astarent,
888 5638 1393 5726 παραθεωρεῖσθσιι,
1426 5654 1528 5710 hoc
1549 5664 1633 5710 est

107 5742 542 5808 )‘ancppovsi60at,
561 5746 786 5816 despici,
805 5747 1085 5803 contemni
1114 5761 1305 5804 sacras
1325 5747 1631 5806 oblationes

109 5828 463 5904 trimiuantein,
484 5819 774 5910 posuisse?

1678 4533 1719 4588 D

1773 1974 1938 2019 nuata
1962 1966 2052 2019 diu
2081 1984 2142 2022 ea
2168 1971 2528 2027 diminutione
2558 1977 2825 2030 mercedis
2851 1980 3101 2035 exhausti
3128 1997 3357 2037 enerva-

1772 2057 1922 2125 tique
1946 2059 2209 2114 solvendo
2242 2078 2350 2118 non
2379 2076 2584 2128 essent,
2613 2080 2749 2120 onus
2786 2069 2837 2123 id
2870 2071 3258 2128 devolvebatur
3287 2078 3352 2129 ad

1770 2147 2092 2217 παροίκους.
2131 2152 2231 2206 hoc
2261 2165 2367 2220 est,
2405 2166 2464 2208 ut
2493 2171 2580 2210 res
2611 2157 2725 2222 ipsa
2768 2172 2971 2227 mouet,
3001 2163 3066 2217 ad
3114 2166 3355 2235 privatos

1769 2239 2100 2307 patrimonio
2126 2242 2370 2298 viventes
2389 2254 2480 2299 aut
2506 2249 2719 2316 peculio
2741 2249 3067 2315 domestico.
3093 2257 3210 2310 sine
3229 2258 3299 2309 ull
3326 2275 3353 2313 s

1769 2345 1798 2383 a
1841 2331 1973 2385 ﬁsco
2001 2332 2279 2390 subsidiis.
2317 2336 2392 2390 Eu
2434 2338 2527 2403 qui
2560 2339 2811 2398 dicintur
2841 2342 2942 2397 hoc
2987 2343 3104 2399 loco
3156 2348 3353 2419 πάροι·-

1768 2436 1875 2474 κοι.
1907 2421 2022 2491 Ego
2048 2423 2272 2492 privata:
2309 2425 2387 2480 rei
2418 2427 2666 2483 dominos
2707 2439 2761 2484 et
2797 2433 3224 2500 patresl'amilias
3267 2441 3351 2492 iu-

1768 2517 2062 2579 terpretor.
2750 2523 2759 2530 ’

1834 2646 2358 2715 Παρυποστάσεις,
2392 2665 2446 2718 p.
2475 2650 2596 2705 1H.
2635 2651 2722 2716 Ὠς
2760 2655 2921 2726 εἴπερ
2967 2656 3244 2728 εὑρεθεῖεν
3278 2691 3351 2703 -

1761 2737 1872 2791 τῶν
1907 2739 2135 2807 ἀγαθῶν
2190 2743 2485 2805 ἀπουσίας.
2544 2745 2667 2799 Haec
2709 2750 2956 2803 scribens
2993 2764 3183 2806 auctor
3232 2756 3351 2807 sine

1761 2830 1926 2884 dubio
1951 2834 2223 2901 cogitabat
2247 2836 2375 2888 illud
2402 2836 2461 2888 S.
2494 2837 2732 2908 Dionysii
2755 2842 3095 2913 Areopagum
3115 2844 3347 2912 dictum,

1763 2922 1801 2979 Ι.
1853 2924 1926 2979 De
1963 2928 2157 2983 divinis
2209 2932 2526 2996 nominibus,
2560 2933 2701 3002 cui,
2732 2951 2785 3004 p.
2826 2936 2952 3001 2l7.
2994 2941 3082 2994 ed.
3111 2939 3347 2995 Lansebi

1760 3014 2108 3085 Parisieusis,
2156 3038 2247 3078 an.
2294 3022 2598 3081 1615εΔιὸ
2631 3024 2756 3079 οὔτε
2799 3027 3102 3085 ὑπόστασιν
3146 3034 3347 3101 sxum

1761 3112 1952 3171 κακὸν.
1987 3113 2121 3165 ἀλλὰ
2155 3115 2599 3183 παρυπόστασιν.
2632 3116 2938 3189 Stgnilical,
2974 3138 3094 3175 cum
3142 3126 3344 3179 malum

1765 3206 1898 3257 nihil
1945 3207 2015 3259 sit
2065 3208 2214 3261 aliud
2263 3223 2425 3277 quam
2464 3210 2587 3264 boui
2640 3213 2894 3281 privatio,
2941 3216 3041 3270 hoc
3079 3219 3345 3272 vocabulo

1764 3302 1960 3351 malum
2014 3316 2117 3354 non
2153 3301 2447 3372 signiﬁcari
2486 3318 2669 3358 veram
2702 3308 3031 3360 exstantium
3084 3318 3176 3362 aut
3208 3312 3342 3363 sub-

1762 3393 2064 3447 sustentiasu
2098 3396 2172 3448 rei
2207 3395 2538 3466 cujuspiam,
2571 3397 2665 3451 sed
2695 3399 2851 3467 quasi
2883 3402 3216 3456 exstanti-am
3248 3409 3344 3456 a‘ut

1760 3488 1916 3556 quasi
1948 3487 2388 3555 subsistentiam,
2404 3489 2522 3544 solo
2539 3492 2696 3546 modo
2727 3491 2983 3561 loquendi
3001 3496 3342 3563 exprimente

1760 3580 1987 3648 po.~itiva
2016 3564 2187 3635 forma
2222 3597 2333 3636 rem
2363 3598 2510 3637 mere
2533 3583 2875 3650 privativam.
2910 3585 3222 3641 Undeidem
3249 3605 3344 3642 no-

1757 3680 1873 3725 ster
1910 3670 2276 3742 Paeliynieres
2311 3672 2364 3727 in
2379 3672 2699 3742 paraphrasi
2730 3675 2797 3728 ad
2838 3690 2961 3729 eum
3000 3675 3240 3748 Dionysii
3264 3678 3344 3730 lo-

1754 3779 1904 3828 cum,
1938 3779 1992 3831 p.
2014 3763 2137 3826 124,
2160 3763 2399 3832 ejusdem
2435 3766 2711 3829 editionis,
2734 3767 3000 3820 rationem
3028 3782 3196 3836 quare
3219 3768 3340 3822 Dio-

1757 3856 1942 3923 nysius
1976 3868 2133 3924 neget
2175 3857 2479 3909 ὑπόστασιν
2539 3858 2947 3912 subsistentiam
2994 3861 3157 3924 malo,
3196 3861 3338 3914 hanc

1755 3945 1914 4015 711
1951 3946 2111 4000 affert
2143 3964 2156 4000 :
2204 3948 2268 4000 'H
2303 3953 2563 4018 στέρησις
2587 3950 2695 4018 γὰρ
2713 3950 2817 4001 οὑκ
2840 3949 2988 4002 ἐστιν
3011 3949 3335 4012 ὑπόστασις.

1756 4033 1910 4091 Unde
1929 4037 2093 4091 iul‘ert
2116 4055 2223 4092 non
2248 4054 2408 4108 posse
2428 4037 2632 4092 habere
2650 4039 2908 4097 virtutem
2943 4040 3104 4091 ullam
3135 4056 3150 4093 :
3176 4040 3250 4091 Τὸ
3278 4040 3336 4092 δὲ

1754 4135 1828 4206 μὴ
1843 4133 2216 4203 ὑφιστάμενον
2230 4133 2390 4185 ποίαν
2404 4132 2514 4193 ἕξει
2532 4131 2630 4202 τὴν
2644 4131 2774 4184 δὺνσι
2785 4131 3040 4200 μινίςξΕιιει
3051 4141 3159 4185 rret
3174 4132 3338 4199 igitur

1748 4229 2114 4300 Pacltyincres
2149 4240 2207 4280 se
2240 4226 2451 4294 ipsum;
2475 4235 2529 4277 et
2555 4241 2654 4278 cur
2677 4223 3149 4292 παρυποστάσεις,
3184 4223 3335 4279 vice-

1748 4323 2160 4385 subsisteutias,
2190 4328 2248 4374 ut
2288 4321 2367 4375 sic
2417 4321 2674 4382 dixerim,
2716 4320 2781 4370 ἐκ
2828 4318 2927 4386 τῆς
2967 4315 3078 4368 τῶν
3111 4314 3335 4382 ἀγαθῶν

1746 4416 2042 4481 ἀπουσίας,
2071 4424 2228 4468 vocet
2263 4412 2433 4477 κακά,
2468 4411 2708 4465 declaret
2739 4411 2803 4464 iis
2835 4411 2967 4477 ipsis
3000 4407 3181 4462 verbis
3209 4424 3331 4476 qua:

1750 4523 1857 4563 non
1885 4509 2051 4575 longo
2086 4506 2376 4562 intervallo
2422 4517 2541 4575 post
2593 4507 2752 4559 modo
2791 4505 3061 4573 descripta
3117 4502 3169 4556 in
3208 4503 3329 4572 ejus

1748 4601 2069 4671 paraphrasi
2111 4600 2401 4669 leguntur:
2436 4598 2560 4651 "Osi.
2584 4597 2705 4650 τότε
2748 4598 2781 4667 ἡ
2824 4597 3084 4668 στέρησις
3111 4612 3330 4664 παρυφο

1749 4693 1984 4754 ίσταται,
2010 4694 2098 4745 ὅτε
2122 4691 2185 4743 τὸ
2208 4691 2414 4756 ἀγαθὸν
2429 4693 2754 4761 ἀπέρχεται,
2776 4689 3041 4752 Quoniam
3071 4696 3194 4740 time
3210 4690 3329 4755 pri-

1744 4789 1886 4842 vatio
1916 4787 2073 4856 quasi
2104 4786 2366 4847 subsistit,
2398 4785 2611 4852 quando
2645 4785 2835 4836 bonum
2866 4779 3042 4852 (cujus
3087 4790 3172 4835 est
3214 4783 3327 4849 pri-

1744 4879 1913 4950 vatio)
1955 4879 2212 4932 abscedit.
2254 4875 2409 4932 Unde
2451 4876 2584 4929 nihil
2612 4885 2695 4928 est
2723 4874 2978 4937 solidum,
3016 4875 3112 4927 sed
3147 4870 3323 4926 forma

1743 4971 1903 5026 solidi
1926 4986 2269 5039 expressum.
2297 4969 2368 5024 Ut
2401 4985 2522 5021 cum
2554 4969 2804 5022 tenebras
2833 4969 2958 5035 quis
2987 4966 3140 5029 dicit,
3177 4967 3324 5018 vide.

1744 5075 1834 5117 tur
1869 5065 2160 5133 positivum
2215 5062 2418 5131 aliqttid
2474 5061 2675 5124 dicere,
2712 5073 2902 5112 revera
2958 5070 3136 5113 autem
3187 5060 3321 5112 nihil

1742 5158 1873 5212 dicit
1905 5157 2009 5210 nisi
2046 5156 2295 5226 positiva:
2333 5153 2408 5208 rei
2436 5151 2740 5206 absentiam
2768 5150 2929 5205 lucis.

1810 5288 2141 5360 Πεισμονή.
2176 5304 2230 5359 p.
2264 5288 2385 5343 120.
2426 5287 2515 5341 Ait
2551 5286 2913 5356 patriarcham
2938 5284 3191 5355 Cyprium
3226 5299 3316 5337 er-

1743 5398 1921 5437 rorem
1983 5385 2036 5436 in
2093 5381 2212 5449 ejus
2269 5389 2414 5432 torno
2466 5377 2861 5445 deprehensum
2913 5391 3207 5445 agnoscere
3254 5390 3316 5427 ac

1739 5474 2015 5544 corrigere
2062 5475 2334 5527 nolentem
2372 5487 2477 5524 non
2499 5470 2672 5523 solum
2714 5469 3045 5537 πεισμονῆς,
3084 5467 3186 5521 boc
3231 5477 3316 5521 est

1740 5582 1998 5621 assensus
2036 5567 2086 5619 in
2121 5579 2361 5619 errorem
2398 5572 2584 5615 contra
2624 5562 2803 5622 ﬁdem,
2836 5563 2927 5615 sed
2961 5561 3124 5613 etiam
3165 5559 3317 5627 αἱρέ-

1740 5676 1899 5723 σεως,
1946 5658 2284 5712 contumacis
2318 5655 2565 5711 videlicet
2596 5655 2648 5708 in
2680 5664 2897 5708 ostenso
2932 5667 3119 5706 errore
3143 5653 3315 5721 perti-

1736 5754 1928 5817 nacia»,
1966 5761 2279 5806 accusatum
2330 5755 2471 5818 apud
2516 5750 2896 5818 imperatorem
2929 5744 3117 5801 fuisse.
3161 5742 3313 5799 Unde

1746 5855 1973 5918 apparet
1998 5846 2113 5903 voci
2147 5844 2421 5914 πεισμονὴ
2446 5842 2814 5898 eiclesiastico
2846 5854 2943 5894 usu
2974 5843 3110 5894 hanc
3145 5838 3313 5893 fuisse
