3744 6554
147 396 231 462 Τῖ3

1453 379 1980 445 GLOSSARIUM.

3232 387 3336 450 ΤΗ

148 508 243 567 mu
273 500 418 558 ηοςιτῑ
454 516 468 554 ;
496 496 714 568 Magnus
739 496 952 566 ﬂuuius,
987 510 1138 566 quem
1187 494 1339 550 hodie
1374 493 1641 566 Sangario
1676 494 1717 551 Α
1747 492 1987 561 quojure
2010 509 2165 549 suntm
2188 493 2524 550 Garumnam
2544 492 2818 553 Ausonius
2837 495 2892 554 in
2916 495 3138 555 Mosella
3161 515 3333 572 mqua-

145 610 306 659 r-ocant,
353 610 498 649 cursu
549 590 948 646 violentissimus
1008 591 1060 642 in
1120 589 1309 652 medio,
1347 586 1646 656 prefraudus

142 689 370 747 admodum
398 682 768 748 latitudineqne
794 695 1092 748 aequoreus,
1116 694 1384 747 nunquam
1407 687 1522 747 post
1553 678 1648 731 Iro-

141 797 270 834 rnmes
313 786 450 829 natos
499 783 703 840 pontem
762 772 918 826 subiit
961 775 1094 826 :sed
1140 772 1349 842 scaphis
1405 771 1646 838 pluribus

138 873 334 929 connexis
394 870 665 937 tegetisque
719 869 888 919 instar
941 867 1084 920 inter
1133 882 1188 920 se
1249 867 1388 934 aptis
1448 867 1644 919 audent

137 963 380 1034 transgredi
405 962 616 1030 pedites,
649 970 703 1012 ut
747 960 1013 1028 quondam
1060 957 1336 1012 Medorum
1383 960 1643 1012 exercitus

135 1059 471 1120 Hellespontum
503 1053 737 1114 transiit,
787 1049 978 1105 Xerxis
1036 1064 1266 1105 metuens
1319 1040 1648 1120 indignatio-

132 1168 234 1205 netu.
278 1150 336 1202 At
366 1162 441 1199 res
473 1161 575 1198 non
604 1156 752 1198 vacat
784 1145 1016 1211 periculo
1059 1160 1076 1198 :
1114 1162 1238 1198 nam
1278 1161 1414 1212 sirpe
1444 1146 1640 1214 [lumen

128 1243 288 1310 scaphis
336 1239 568 1292 omnibus
623 1238 855 1304 abreptis
908 1254 1025 1290 cum
1079 1239 1299 1290 nexibus
1359 1238 1641 1291 tramitum

128 1333 358 1389 viatoribus
380 1331 577 1384 abnuit.
608 1328 766 1383 Nunc
790 1327 1138 1384 Justinianus
1157 1331 1294 1397 Aug.
1324 1341 1529 1399 pontem
1562 1329 1641 1382 illi

126 1429 338 1494 imponere
363 1440 632 1493 aggressus
674 1425 874 1476 acriter
921 1424 974 1476 in
1005 1439 1137 1492 opus
1172 1424 1446 1485 incumbit,
1500 1421 1640 1474 brevi

123 1514 443 1582 proculdubio
477 1513 905 1575 absoluendum;
950 1513 1105 1582 idque
1161 1529 1226 1568 ea:
1283 1530 1342 1566 eo
1386 1512 1636 1582 conjicio,

123 1611 226 1676 quod
257 1608 477 1660 omnibus
513 1607 664 1660 illius
716 1607 894 1674 captis
947 1625 1163 1661 manum
1204 1607 1342 1660 Deus
1377 1607 1637 1661 admovet.

123 1705 295 1755 l’untem
327 1701 481 1766 igitur
507 1715 670 1769 supra
701 1699 970 1770 Sangario
1002 1703 1272 1755 aediﬁcare
1297 1700 1639 1754 Justitrianus

120 1809 375 1862 aggressus,
402 1793 620 1860 quando
650 1808 778 1848 suos
810 1797 872 1847 de
907 1793 1028 1862 ejus
1065 1793 1309 1847 aediﬁciis
1357 1808 1636 1847 commen-

123 1888 248 1938 turios
271 1883 549 1951 Procopius
580 1883 773 1947 edidit,
809 1894 995 1952 postea
1043 1882 1289 1952 perfecit.
1342 1883 1636 1938 Vocatum-

119 1993 194 2046 que
235 1977 344 2028 illud
387 1989 518 2044 opus
561 1975 995 2038 Ἰουστινιάνειος
1038 1973 1444 2043 ποντογέφυρα.
1501 1974 1636 2028 Cum

118 2068 222 2123 enim
256 2066 466 2135 simplex
498 2065 751 2135 γεφύρας
799 2067 1142 2131 vocabulum,
1177 2067 1275 2120 etsi
1315 2081 1376 2120 es
1406 2066 1634 2136 origine,

118 2157 146 2208 si
169 2156 417 2209 Eustathio
455 2155 758 2220 credimus,
787 2170 978 2210 stmare
1013 2157 1260 2210 videatur
1294 2157 1525 2210 solidmu
1569 2173 1635 2210 ex

118 2248 250 2318 lapide
273 2263 328 2301 ac
350 2258 610 2302 cremento
637 2263 798 2317 super
823 2248 936 2302 loca
964 2249 1242 2302 humentia
1270 2257 1501 2302 stratura
1535 2248 1636 2318 (sic

117 2343 220 2393 enim
261 2340 341 2394 ille
387 2343 609 2395 adnotat
659 2357 724 2395 ex
759 2339 1066 2395 Hcrodiano
1096 2341 1162 2394 ad
1210 2341 1358 2396 Iliad.
1391 2359 1426 2407 φ
1459 2359 1471 2394 :
1524 2342 1635 2392 Κυ-

121 2435 212 2504 ρέως
258 2433 460 2504 γέφυρὰ
490 2434 611 2486 ἐστι
653 2435 723 2502 γῆ
770 2435 858 2504 ἐφ’
909 2435 1104 2505 ὑγρᾶς,
1161 2434 1494 2504 Ἡρωδιανὸς
1543 2433 1634 2485 λέ-

117 2528 214 2593 γει),
239 2535 402 2578 tamen
458 2525 594 2579 satis
646 2524 958 2594 frequenter
989 2525 1278 2579 adhibetur
1334 2527 1400 2578 ad
1451 2525 1636 2594 expri-

117 2616 313 2667 mendum
356 2614 610 2670 mobilem
644 2626 953 2671 contextum
990 2617 1316 2679 tabularum,
1351 2632 1457 2685 quo
1489 2634 1517 2671 e
1548 2617 1633 2672 lit-

117 2721 198 2760 tore
222 2709 263 2760 in
298 2709 464 2761 navim
494 2719 592 2762 aut
621 2725 650 2763 e
681 2709 806 2762 navi
837 2709 1096 2762 transitur
1128 2711 1192 2762 ad
1230 2710 1381 2762 littus
1414 2725 1428 2762 :
1464 2709 1633 2764 moles

113 2799 186 2854 illa.
207 2801 404 2868 lapidem
436 2801 706 2868 iungentes,
731 2802 923 2870 quibus
955 2817 1270 2867 magnorum
1299 2801 1425 2869 ripre
1453 2801 1632 2855 ﬂumi-

113 2908 204 2942 num
235 2893 354 2944 Iiunt
381 2892 686 2946 viatoribus
731 2893 950 2961 perviae,
991 2893 1244 2944 videntur
1276 2895 1341 2944 ad
1377 2893 1634 2947 diﬂ'ercn-

110 2992 206 3034 nam
231 2997 320 3036 ttOn
346 2982 672 3051 simpliciter
697 2985 956 3053 γέφυραι,
981 2985 1074 3036 sed
1114 2985 1328 3049 proprie
1366 2987 1630 3053 ποντογέ-

110 3086 475 3142 superventu}.
532 3075 591 3130 Id
652 3075 935 3130 “attritius
985 3075 1162 3128 innuit
1221 3077 1254 3129 1.
1293 3091 1330 3129 ιι
1368 3075 1624 3149 Strateg.,

107 3183 143 3219 c.
167 3169 238 3232 ἐι,
265 3169 321 3220 de
351 3178 511 3234 pome
542 3168 798 3222 amnibus
821 3167 1166 3234 imponendo,
1194 3177 1457 3236 quatenus
1487 3171 1539 3224 id
1566 3173 1628 3225 ad
1660 3173 1698 3224 (Ξ

107 3259 453 3324 imperatoriam
509 3258 755 3311 dut~turis
817 3256 904 3328 [P.
949 3256 1076 3329 503i]
1127 3260 1397 3313 exercitus
1443 3277 1627 3316 Curam

105 3361 283 3415 spectat,
315 3351 634 3420 praecipiens
680 3350 764 3404 his
797 3350 975 3404 verbis
1009 3367 1022 3402 :
1063 3352 1122 3403 El
1166 3355 1263 3420 μὲν
1310 3354 1630 3424 γεφυρῶσαι.

103 3445 242 3508 χρεῖα,
285 3445 527 3496 τουτέστι
583 3443 998 3510 ποντογέςρυραν
1048 3444 1298 3512 ποιῆσαι.
1352 3445 1467 3498 δέον
1523 3447 1630 3498 ἀπὸ

102 3533 170 3601 τῆς
201 3534 319 3596 ξδίαῖ
350 3535 514 3605 ὄχθης
563 3535 827 3606 ἄρχεσθαι
873 3535 943 3588 τὰ
993 3536 1086 3588 ἐπὶ
1127 3539 1355 3602 τούτων,
1382 3540 1628 3592 τουτέστι

100 3628 288 3690 tritinia;
325 3629 572 3696 μεγάλας
618 3631 713 3682 καὶ
761 3628 1129 3694 ποντυ).ὦσαι,
1165 3631 1282 3700 ἤτοι
1313 3633 1629 3702 καταπτρῶ-

101 3737 184 3784 σαι,
212 3724 411 3774 πάντων
444 3724 502 3774 ὲν
525 3721 732 3792 ἑτοίμῳ
758 3720 948 3775 ὄντων.
981 3722 1054 3773 Eu
1085 3727 1337 3792 magister
1379 3725 1629 3780 militaris

98 3827 166 3866 seu
199 3815 356 3880 potius
390 3814 762 3884 imperatoriae
805 3814 940 3868 artis
990 3813 1078 3867 hic
1137 3814 1402 3883 praecipit,
1442 3817 1526 3870 ubi
1576 3819 1627 3874 in

98 3907 233 3959 aeutis
260 3923 507 3974 occursu,
551 3924 712 3977 quem
767 3908 887 3961 belli
941 3909 1080 3961 ratio
1127 3925 1232 3962 non
1259 3918 1467 3965 tantum
1503 3926 1627 3966 cum

97 3999 291 4052 exercitu
315 3999 646 4068 transgredi,
676 3999 768 4052 sed
807 3998 968 4052 etiam
1009 4015 1104 4068 per
1136 4016 1258 4053 etim
1293 4001 1457 4074 71h
1486 4002 1627 4058 viam

99 4089 277 4144 liberam
321 4107 541 4146 servare
586 4092 652 4145 ad
687 4106 991 4160 regressum
1025 4091 1275 4157 suadeat,
1303 4110 1437 4162 epus
1468 4095 1629 4152 fuerit

98 4180 229 4233 solida
258 4183 398 4236 illum
455 4183 600 4236 nzole
633 4195 988 4237 consternere
1019 4201 1177 4252 quam
1216 4187 1627 4256 ποντογέφυραν

97 4275 238 4338 potius
299 4290 453 4342 quam
525 4274 780 4344 γέφυραν
837 4277 980 4342 (qua:
1029 4274 1099 4326 sit
1143 4285 1624 4345 extemporaueum

93 4365 346 4438 quidpiam)
379 4369 563 4422 vocari
595 4368 693 4432 ait,
725 4368 983 4421 inchoare
1007 4380 1061 4421 et
1096 4381 1410 4438 apparatum
1441 4371 1626 4440 operis

93 4469 260 4526 etopus
290 4463 460 4530 ipsum
495 4478 523 4514 a
553 4465 666 4528 ripa
703 4475 865 4530 tinam
903 4461 1198 4526 imperator
1231 4477 1353 4514 cum
1381 4463 1622 4516 exercitu

93 4549 276 4612 obtinet,
309 4568 408 4605 non
452 4561 635 4604 autem
672 4551 739 4604 ab
765 4551 1015 4603 adversa.
1052 4551 1160 4604 hec
1193 4565 1410 4606 movere
1437 4567 1626 4621 quem-

91 4657 217 4709 quam
245 4645 395 4698 debet
432 4645 700 4697 adversus
732 4643 844 4696 haec
877 4645 1021 4712 quod
1056 4643 1204 4710 ponti
1248 4657 1444 4697 nomen
1483 4644 1622 4697 male

89 4736 377 4801 ﬂuminibus,
408 4755 531 4807 qum
566 4738 679 4792 sola
713 4736 827 4790 fere
858 4749 1049 4805 pontes
1073 4741 1370 4806 patiuntur,
1405 4753 1622 4792 conve-

92 4829 182 4882 nire
205 4834 449 4885 videatur.
482 4830 620 4884 Nam
655 4839 1018 4900 prseterquam
1056 4831 1197 4898 quod
1239 4840 1366 4884 sunt
1399 4831 1620 4900 quidam

91 4919 222 4985 ﬂuvii,
249 4935 300 4977 ut
328 4927 392 4980 de
421 4926 586 4980 modo
617 4931 916 4977 tuenmrato
955 4920 1182 4994 Saugari
1216 4921 1511 4990 Procopius
1545 4923 1624 4975 lo-

90 5015 258 5079 quitur,
291 5018 644 5088 εὐρυνὸμενοι
675 5015 919 5085 θαλάσσῃ
946 5015 1059 5076 ἶσα,
1090 5015 1374 5068 latitudine
1395 5013 1624 5084 wqttorei

93 5123 138 5157 ac
163 5120 305 5175 ponto
333 5111 560 5175 similes,
597 5111 758 5163 etiam
794 5123 859 5162 ex
894 5108 1101 5177 origine
1126 5108 1194 5160 ab
1215 5107 1471 5161 omnibus
1499 5105 1592 5175 qui
1611 5138 1625 5150 -

93 5199 261 5269 busque
289 5204 568 5257 latioribus
591 5201 938 5271 designandis
963 5215 1067 5253 non
1093 5200 1306 5252 videtur
1325 5198 1624 5254 abhorrere

92 5293 250 5346 πόντευ
278 5296 617 5355 vocabulum,
648 5294 940 5364 siquidem,
973 5301 1030 5346 ιιι
1071 5292 1392 5345 Eustathius
1430 5293 1622 5346 admo-

95 5394 163 5434 net
198 5386 255 5436 ad
289 5385 432 5439 Iliad.
463 5386 517 5452 δ,
560 5386 760 5446 Πόντος
791 5384 1009 5452 ὶέγεται
1060 5383 1134 5444 ὼς
1171 5377 1260 5435 οἷά
1287 5399 1370 5446 τις
1407 5382 1621 5448 πνὸτος,

93 5475 140 5524 ὲκ
172 5476 250 5530 τοῦ
289 5481 682 5532 καταπνεῖσθαι
712 5478 956 5546 ἀνέμοις.
1007 5475 1053 5530 Α
1087 5476 1250 5529 Verbo
1293 5475 1441 5528 πνέω
1477 5477 1620 5540 spiro

94 5567 244 5623 deduci
276 5571 470 5624 πόντου
505 5586 699 5625 nomen
729 5571 826 5632 ait,
865 5569 1007 5638 quod
1055 5583 1219 5636 supra
1252 5583 1444 5636 irquor
1491 5584 1620 5621 aura

95 5671 245 5725 sptret.
276 5664 325 5716 Id
361 5673 541 5718 autem
583 5674 637 5717 et
675 5662 834 5731 paulo
879 5661 1161 5729 amplioris
1189 5661 1325 5712 alvei
1371 5659 1622 5714 amnibus

95 5755 342 5828 convenire
383 5758 507 5828 quis
549 5771 660 5812 non
694 5754 880 5810 videt?
907 5755 1084 5819 Quare
1105 5768 1208 5806 non
1241 5754 1621 5820 repugnaverit

104 5847 238 5915 Ctymi
270 5850 402 5906 ratio
427 5866 518 5910 eos
547 5864 764 5922 quoque
798 5850 945 5920 ponti
981 5847 1346 5918 appellatione
1378 5845 1618 5917 aspergi,

1752 600 1896 639 reum
1927 586 2188 656 appellat.
2218 588 2397 658 Atque
2427 589 2571 643 hanc
2602 589 3018 662 ποντογεφύρᾳς
3063 593 3334 648 notionem

1752 675 1911 746 longe
1949 678 2318 748 antiquiorem
2375 679 2612 735 Mauritii
2664 692 2719 736 et
2765 682 3118 752 Pachymeris
3166 694 3330 739 :etate

1750 787 1856 825 non
1883 771 2024 826 male
2052 772 2280 827 forsitan
2309 774 2430 840 quis
2459 775 2824 828 autumaverit
2852 789 2929 828 ex.
2952 775 3334 844 antiquissimc

1749 866 1887 932 apud
1921 866 2142 921 Latinos
2169 883 2268 920 usu
2297 867 2446 922 vocis
2483 884 2613 936 pons
2658 884 2753 936 pro
2789 868 3043 936 γέφυρας
3083 883 3202 938 qua:
3233 884 3332 922 vox

1748 955 1917 1010 videri
1945 967 2116 1024 potest
2141 973 2206 1010 es
2236 959 2616 1029 ποντογέφυρα
2647 959 2900 1014 deducta.
2942 959 3066 1013 Haec
3107 976 3227 1026 quae
3261 961 3348 1014 ti-.

1749 1050 1894 1101 mide
1944 1051 2248 1120 suspicione
2285 1051 2506 1118 protuli,
2541 1051 2828 1106 audentius
2864 1053 3247 1120 amplecterer,
3284 1057 3331 1108 si

1747 1139 1912 1209 (quod
1943 1156 2044 1195 nec
2073 1143 2323 1211 contigit,
2358 1157 2458 1196 nec
2491 1144 2674 1209 spero)
2712 1153 2902 1196 nactus
2925 1159 3101 1197 essem
3133 1144 3330 1199 idonea

1750 1233 2058 1286 testimonia
2111 1245 2395 1290 auctorum
2451 1233 2654 1289 Graecae
2702 1235 2894 1302 lingua:
2938 1251 3204 1301 veterum,
3263 1253 3332 1292 ex

1744 1325 1942 1392 quibus
1965 1337 2238 1381 constaret
2263 1327 2375 1396 iam
2410 1337 2546 1389 tnm,
2579 1337 2871 1396 antequam
2899 1327 3125 1384 Latinus
3149 1343 3334 1402 εει-ινα

1743 1430 1774 1468 e
1823 1414 2028 1470 Ora-ris
2085 1427 2230 1470 esset
2276 1417 2578 1486 originibus
2635 1419 2956 1484 productus,
3001 1420 3333 1489 ποντογεφὺ-

1747 1524 1845 1576 pa;
1876 1509 2196 1563 vocabulum
2225 1509 2277 1564 in
2304 1525 2404 1563 usu
2431 1509 2657 1564 Griecia:
2694 1509 2882 1574 fuisse,
2906 1519 2960 1563 ut
2986 1526 3052 1565 ex
3075 1526 3140 1566 eo
3170 1514 3327 1566 ducta

1743 1601 2045 1655 existimari
2077 1612 2261 1668 posset
2294 1602 2662 1657 vetustissima
2711 1603 2765 1655 in
2801 1600 2958 1656 Latio
2993 1619 3090 1656 vos
3127 1605 3323 1674 pontis.

1743 1693 1968 1748 Interim
2009 1696 2174 1765 igitur
2217 1697 2536 1767 vulgaribus
2579 1696 2850 1752 inhaerens
2886 1697 3200 1769 veriloquiis
3233 1715 3328 1754 au-

1749 1788 2071 1841 tumantium
2103 1806 2234 1857 pons
2263 1790 2463 1842 dictum
2489 1789 2645 1857 quasi
2669 1805 2794 1859 pens
2829 1793 3153 1860 compendio
3174 1793 3323 1847 verbi

1741 1880 1992 1946 pendens,
2017 1882 2159 1949 quod
2196 1882 2375 1950 spatio
2405 1881 2594 1933 subtus
2639 1895 2812 1934 vacuo
2845 1894 3076 1948 superne
3113 1881 3326 1950 impen-

1744 1971 1888 2034 deat,
1917 1972 2170 2024 existimo
2217 1987 2404 2026 vocem
2445 1971 2828 2040 ποντογέφυρα
2873 1970 3076 2026 Graecis
3115 1981 3323 2026 tantum

1739 2065 1837 2117 sevi
1861 2065 2130 2119 citerioris
2155 2077 2494 2135 usurpatam,
2527 2067 2726 2136 quibus
2751 2067 2994 2120 solemne
3021 2067 3118 2120 fuit
3153 2070 3326 2138 plera-

1740 2172 1843 2223 que
1876 2156 2086 2208 tritiora
2125 2171 2220 2209 usu
2267 2155 2494 2209 Βοωηηί
2522 2155 2658 2208 Latii
2693 2155 2954 2210 vocabula
2990 2155 3105 2208 suis
3137 2157 3322 2224 expri-

1738 2264 1885 2300 mere
1923 2247 2142 2312 litteris,
2179 2248 2569 2314 scriptionibus
2599 2247 2863 2301 inserere.
2893 2247 3060 2314 Cujus
3093 2261 3321 2301 consue-

1739 2342 1942 2396 tudinis
2005 2358 2109 2395 non
2166 2357 2334 2409 pauca
2391 2343 2440 2394 in
2494 2341 2596 2396 hoc
2654 2341 2771 2409 ipso
2821 2341 3090 2409 scriptore
3134 2351 3322 2394 nostro

1737 2434 1981 2503 exempla
2006 2437 2274 2494 vidimus.
2305 2435 2557 2503 loquendi
2614 2450 2843 2498 morem,
2883 2434 2972 2502 qui
3022 2443 3147 2488 tunc
3179 2447 3320 2495 erat,

1739 2539 2187 2593 repraesentante,
2226 2536 2282 2580 ut
2307 2536 2382 2580 tot
2410 2526 2544 2580 alios
2575 2529 2848 2590 omittam,
2881 2543 3113 2596 quorum
3152 2545 3319 2580 voca-

1737 2618 1860 2673 bula
1917 2621 2070 2673 istius
2134 2621 2352 2686 generis
2401 2629 2478 2673 tot
2538 2629 2667 2674 sunt
2715 2619 2931 2675 Lexicis
2968 2619 3319 2674 Graeco-bar-

1735 2709 1881 2764 baris
1939 2709 2342 2778 Glussariisque
2393 2712 2686 2765 recensita.
2738 2711 2924 2780 Itaque
2981 2713 3320 2782 ποντογέφυ-

1736 2822 1838 2874 ραν
1865 2815 1919 2856 et
1952 2803 2234 2857 Mauritius
2255 2816 2446 2858 auctor
2473 2804 2911 2873 Strategicorum
2935 2815 2987 2858 et
3021 2815 3205 2859 master
3231 2807 3318 2860 hic

1731 2915 1795 2952 ex
1816 2916 1914 2952 usu
1940 2900 2209 2952 sermonis
2235 2910 2363 2952 tunc
2382 2899 2657 2967 popularis
2676 2900 2934 2963 dixerint,
2965 2900 3122 2952 mista
3168 2915 3323 2952 men-

1734 2989 1878 3041 tione
1908 2990 2104 3056 pontis.
2133 2988 2338 3041 Latinze
2375 2981 2542 3052 vocis,
2582 3007 2701 3044 cum
2745 2990 2965 3057 antiqua
3003 2989 3188 3044 Graeca
3220 2987 3316 3057 γέ-

1733 3099 1902 3148 φυρα,
1931 3093 1980 3134 ιιι
2017 3082 2229 3134 facilius
2277 3081 2671 3148 intelligeretur
2703 3083 2832 3149 quid
2879 3082 3248 3148 exprimerent
3284 3097 3314 3133 τι

1735 3177 1893 3243 vulgo
1920 3177 2028 3244 jam
2056 3175 2278 3245 bilingui
2319 3189 2382 3228 ac
2418 3174 2584 3226 multa
2621 3173 2878 3227 mistioue
2920 3174 3178 3226 Italorum
3221 3189 3312 3226 as-

1735 3283 1888 3321 sueto
1927 3267 2157 3335 patriam
2193 3267 2472 3333 antiquam
2512 3266 2748 3334 linguam
2788 3265 3006 3319 insertis
3035 3267 3316 3333 variegare

1734 3337 1950 3413 Latinis
1971 3359 2211 3410 vocibus.
2234 3357 2310 3410 Ad
2334 3366 2636 3409 extretnum
2671 3357 2757 3444 Itin
2778 3371 3042 3425 opponam
3073 3372 3137 3409 ex
3161 3355 3316 3409 Livio

1735 3453 1980 3520 qtta'dazn
2017 3468 2044 3501 a
2079 3452 2283 3505 lectore
2315 3468 2419 3502 non
2449 3451 2716 3503 inutiliter
2741 3450 3066 3502 conferenda
3099 3451 3165 3502 iis
3195 3466 3316 3517 rpite

1733 3541 1800 3593 de
1841 3540 1948 3593 situ
1988 3539 2228 3592 locorum
2263 3539 2512 3602 istorum,
2551 3551 2741 3592 natura
2773 3539 3018 3605 Sangarii
3054 3539 3228 3591 amnis
3261 3548 3316 3592 rt

1734 3632 2063 3685 necessitate
2113 3630 2422 3698 imponendi
2473 3632 2518 3684 ei
2556 3633 2732 3700 pontis
2773 3641 2961 3684 noster
2997 3633 3117 3691 hoc,
3152 3647 3313 3699 quem

1734 3723 2063 3778 illustratum
2091 3724 2175 3776 hic
2204 3723 2368 3785 imus,
2397 3722 2514 3776 loco
2531 3723 2725 3776 scribit
2748 3723 2840 3777 lib.
2869 3738 2985 3787 viti,
3010 3722 3042 3777 4
3068 3721 3312 3785 decadis,

1735 3817 1824 3870 ubi
1857 3816 2261 3885 expeditionem
2302 3815 2456 3870 Cneii
2511 3814 2695 3871 Manlii
2737 3816 2976 3869 consulis
3025 3814 3076 3868 in
3127 3813 3316 3868 Gallu-

1731 3910 1951 3967 Graecos
1983 3909 2264 3965 describit.
2312 3908 2402 3964 Sic
2449 3909 2634 3963 Livius
2666 3911 2830 3964 habet
2867 3924 2882 3962 :
2916 3907 3048 3963 Cum
3079 3909 3148 3961 ad
3175 3906 3315 3962 San-

1729 4007 1938 4077 garium
1985 4004 2181 4074 flumen
2217 4003 2528 4070 perrenisset
2559 4001 2722 4072 715
2755 4001 3008 4072 (Manlius
3039 4016 3151 4055 cos.
3186 4017 3310 4055 cum

1732 4099 1981 4152 Itomano
2039 4093 2330 4164 exercitu),
2381 4103 2612 4160 pontem,
2671 4095 2800 4162 quia
2860 4095 2992 4146 cado
3053 4111 3312 4162 nusquam

1731 4194 1989 4242 transitus
2023 4197 2155 4251 erat,
2191 4187 2366 4256 facere
2395 4186 2652 4239 instituit.
2685 4186 2984 4254 Sangarius
3014 4201 3078 4237 ea:
3111 4187 3314 4237 Adoreo

1731 4290 1905 4334 monte
1955 4296 2047 4347 per
2075 4277 2366 4348 Phrygiam
2396 4277 2565 4346 ﬂuens
2621 4277 2870 4330 miscetur
2900 4277 2969 4328 ad
3008 4274 3312 4344 bit/ignium

1734 4372 2038 4444 Tliynibreti
2073 4373 2277 4442 ﬂuuio;
2329 4371 2449 4423 inde
2487 4373 2664 4439 major
2683 4369 2804 4439 jam
2847 4368 3124 4437 geminatis
3159 4383 3314 4436 aquis

1729 4483 1823 4536 per
1853 4465 2157 4536 Bithyniam
2189 4465 2359 4533 fertur
2412 4473 2462 4515 et
2498 4463 2551 4514 in
2593 4461 2966 4527 Propontidem
2996 4476 3106 4513 sese
3141 4459 3312 4527 eﬂun-

1731 4559 1832 4622 dit,
1868 4573 1971 4611 non
2010 4567 2117 4608 tam
2148 4557 2512 4624 magnitudine
2547 4554 2910 4607 memorabilis
2961 4569 3121 4621 quam
3173 4553 3313 4622 quod

1725 4652 1948 4719 piscium
1983 4648 2177 4702 accolis
2215 4649 2478 4716 ingentem
2521 4649 2622 4702 vim
2655 4647 2878 4717 prwbet.
2914 4647 2991 4700 Ita
3029 4646 3142 4700 ille.

1799 4743 1885 4815 [Ρ.
1918 4739 2045 4812 506]
2072 4740 2429 4806 Ποσειδεὼν,
2468 4756 2520 4808 p.
2556 4740 2682 4795 268.
2710 4740 2860 4806 Quod
2885 4739 2936 4794 in
2962 4739 3123 4808 priori
3158 4738 3315 4793 Clos-

1725 4833 1874 4886 sario
1927 4830 2312 4894 admouebam,
2367 4834 2418 4883 in
2470 4829 2746 4898 prioribus
2800 4845 2891 4883 sex
2941 4829 3096 4884 libris
3156 4831 3315 4900 hujus

1726 4921 1979 4978 Historiae
2007 4923 2304 4976 desiderari
2333 4921 2818 4992 I’aeliymeriannm
2843 4922 3070 4988 Augusd
3109 4938 3314 4976 menses

1728 5033 1949 5081 nomen,
1993 5015 2329 5087 μνημονικὸν
2383 5014 2485 5068 fuit
2545 5013 2792 5082 σφάλμα,
2834 5023 2892 5067 ιιι
2943 5031 3065 5068 ιιιοι
3110 5017 3307 5067 diram.

1725 5115 1886 5170 Certe
1925 5115 2027 5167 hoc
2062 5112 2182 5166 loco
2213 5109 2578 5172 Ποσειδεῶνος
2614 5108 2878 5162 vocabulo
2907 5108 3067 5178 plane
3103 5107 3309 5160 sextilis

1723 5216 1780 5261 et
1826 5206 2096 5274 Augustus
2134 5201 2346 5255 Latinis
2393 5200 2569 5255 dictus
2615 5198 2818 5254 mensis
2857 5197 3207 5269 exprimitur.
3253 5197 3304 5248 Id

1724 5299 2063 5353 demonstrat
2095 5309 2202 5349 non
2235 5293 2396 5347 modo
2424 5307 2586 5363 quam
2615 5291 2874 5348 continuo
2919 5302 3116 5346 auctor
3150 5291 3306 5344 adhi-

1725 5392 1837 5453 bet,
1867 5387 2129 5457 iudicatio
2189 5385 2529 5456 tempestatis
2587 5383 2870 5453 anui,qua
2934 5385 3192 5438 nimirum
3243 5384 3306 5434 ab

1725 5483 1902 5535 u'stiro
1943 5480 2159 5534 cardine
2207 5479 2275 5531 ad
2311 5477 2734 5549 rrquiuoctialem
2771 5476 2850 5530 sol
2882 5475 3111 5529 declinat
3149 5492 3166 5528 :
3209 5477 3302 5527 sed

1724 5574 1872 5627 clare
1900 5571 2070 5625 Vatie.
2094 5569 2648 5640 paraphr.exprimit,
2665 5568 2742 5622 sic
2766 5568 2836 5622 ibi
2856 5569 3140 5622 Scriberis:
3171 5567 3305 5618 Τότε

1722 5666 1778 5719 δὲ
1808 5664 2007 5734 ἐννὰτῃ
2043 5668 2133 5715 καὶ
2162 5663 2383 5732 clienti}
2407 5660 2500 5714 τοῦ
2531 5659 2846 5729 Αὐγούστου
2874 5659 3064 5730 μηνός.
3103 5659 3305 5712 Memo-

1725 5768 1939 5812 raverat
1968 5766 2019 5810 et
2051 5757 2194 5808 ltum:
2227 5770 2474 5809 mensem
2506 5752 2610 5808 vol.
2636 5753 2676 5814 ι,
2703 5767 2754 5821 p.
2790 5751 2916 5815 495,
2949 5761 3160 5817 noster,
3185 5750 3310 5806 licet

1723 5865 1822 5920 ego
1851 5864 1946 5920 per
1976 5848 2329 5916 oblivionem,
2365 5847 2441 5902 uti
2480 5845 2594 5917 jam
2635 5843 2816 5902 fassus
2855 5858 2999 5912 sum,
3027 5841 3136 5901 vol.
3171 5840 3212 5912 I,
3247 5858 3306 5914 ιι.
