3744 6570
388 381 496 448 ’1⁸15

1313 381 1378 444 P.
1423 381 1728 442 POSSINI
1789 381 2454 447 OBSERVATIONUM
2514 387 2660 449 LIB.
2710 388 2759 450 ῐ.
3520 397 3601 462 ττδ

395 502 525 567 692,
562 500 872 572 scripserim
905 499 1133 568 Augusti
1165 500 1652 572 Pachymertanum
1687 518 1882 557 nomen
1919 503 1970 556 iu
2005 518 2049 570 Α
2077 515 2261 558 sancta
2316 506 2427 558 Ilaec
2469 507 2608 560 dona
2664 506 3062 576 religiosissima
3105 509 3368 565 sacerdote
3409 510 3474 566 lli.
3501 517 3604 582 Quis

393 611 460 648 eo
483 594 755 647 volumine
774 607 1036 658 nusquam
1057 601 1294 645 exstare.
1332 595 1423 646 Sic
1448 595 1602 661 [enim
1637 595 1708 649 ibi
1743 596 1932 649 scribit
1958 613 1973 652 :

399 684 532 734 Τότε
559 684 615 734 δὲ
644 681 1006 743 Ποσειδεῶνος
1031 682 1395 754 ἑκκαιδεκάτῃ
1429 685 1566 752 μετὰ
1596 684 1693 754 τὴν
1719 685 1818 754 τῆς
1843 684 1977 737 Θεο-

397 775 559 828 τόκου
581 774 796 844 ἑορτήν.
830 772 1017 842 Ibique
1040 775 1197 826 ambo
1232 775 1450 829 codices
1473 777 1660 844 Optimi
1698 778 1979 831 ascribunt

397 883 504 921 orae
532 866 799 934 marginis
835 865 1235 934 Αὐγοῦστης,θι
1275 867 1759 923 Vaticzinussolnm
1797 869 1847 923 id
1887 883 1980 920 no—

402 973 520 1010 men
547 959 598 1010 in
621 967 935 1010 contextum
958 959 1169 1021 recipit.
1193 957 1644 1026 Demonstratqne
1662 963 1800 1014 idem
1822 961 1975 1023 satis.

398 1050 582 1104 utalia
609 1049 810 1104 indicia
839 1052 1114 1116 deessent,
1139 1052 1280 1120 quod
1301 1062 1509 1104 sextam
1543 1054 1805 1106 derimatn
1834 1055 1977 1107 illam

397 1142 554 1209 cujus
579 1142 826 1194 meminit
848 1142 994 1195 diem
1027 1143 1272 1196 illuxisse
1303 1144 1376 1194 ait
1408 1145 1664 1210 postridie
1691 1145 1812 1213 festi
1856 1146 1980 1197 Dci-

395 1249 566 1300 ναι-ιτ.
597 1233 814 1286 maximi
847 1249 1038 1302 nempe
1072 1235 1314 1288 omnium
1348 1236 1526 1288 Mariae
1553 1239 1742 1289 matris
1773 1237 1865 1290 Dei
1905 1239 1980 1290 fe-

391 1327 485 1389 sti,
513 1325 655 1394 quod
690 1326 768 1376 sic
795 1342 888 1394 per
912 1327 1345 1379 antonomasiam
1381 1329 1497 1380 sine
1529 1329 1712 1381 addito
1738 1340 1977 1392 vocatur,

394 1432 591 1484 nempe
643 1417 1038 1484 assumptionis
1088 1417 1208 1482 ejus
1259 1418 1310 1472 in
1366 1421 1591 1482 caelum,
1640 1420 1978 1488 qnodGia-ci

390 1509 544 1580 juxta
575 1525 694 1562 cum
730 1509 939 1562 Latinis
966 1509 1050 1563 die
1081 1509 1307 1580 Augusti
1346 1514 1548 1565 mensis
1576 1514 1980 1581 quintadecima

394 1603 694 1658 celebrant.
752 1601 846 1655 Est
895 1613 1070 1656 tamen
1125 1604 1214 1656 ubi
1265 1603 1626 1673 l’arhymeres
1679 1621 1704 1657 a
1763 1623 1819 1658 se
1872 1607 1982 1671 ipse

396 1695 799 1763 quodammodo
821 1693 1099 1754 deﬁciens,
1128 1705 1180 1746 et
1202 1710 1265 1747 ex
1294 1697 1491 1761 aliena,
1519 1705 1577 1748 ut
1612 1698 1822 1764 opinor,
1865 1715 1980 1747 ma-

397 1787 478 1855 gis
511 1801 675 1855 quam
713 1801 776 1837 ex
814 1786 1030 1854 propria
1080 1788 1372 1849 sententia,
1401 1803 1641 1840 mensem
1679 1791 1978 1858 Angud-un

2080 599 2214 651 satis
2267 601 2552 652 attendens
2601 600 2817 652 unicum
2853 601 2942 656 hic
2975 602 3198 657 nomine
3231 606 3439 674 proprio
3462 610 3604 672 palam

2079 689 2335 757 appellari
2359 706 2461 740 non
2487 689 2662 744 videat
2687 691 2826 743 sacri
2839 693 3083 746 licantem
3108 695 3436 749 sacerdotem
3454 698 3474 751 ?
3495 700 3607 756 Sane

2081 782 2126 834 si
2173 782 2543 851 πρ·σκομιδή,
2592 781 2736 850 quod
2785 783 2924 836 idem
2959 784 3019 836 P.
3053 785 3200 838 Guar
3229 797 3372 841 recte
3403 792 3606 859 adnotat,

2082 874 2237 942 p.16
2288 877 2367 928 sui
2427 876 2767 946 Enchologii.
2801 885 2880 929 est
2929 877 3126 930 oblatio
3177 880 3419 948 perfecta,
3457 899 3609 954 neu-pe

2083 968 2170 1022 illa
2206 985 2325 1038 quae
2380 971 2433 1020 lit
2479 986 2507 1020 a
2539 974 2822 1023 sacerdote
2851 973 2913 1024 ad
2946 987 3093 1024 aram
3134 973 3362 1025 faciente
3415 977 3547 1042 panis
3571 990 3610 1030 ct

2083 1063 2192 1113 vini
2229 1077 2347 1114 mox
2377 1063 2754 1128 Censet-randi,
2791 1064 2978 1130 quidni
3019 1066 3045 1115 ὀ
3076 1067 3455 1134 προσκομίζων
3487 1071 3524 1122 is
3549 1074 3610 1124 di-

2082 1164 2241 1206 catur
2273 1162 2324 1206 et
2352 1154 2686 1222 intelligatur
2718 1156 2805 1222 qui
2844 1169 2905 1207 ea
2943 1156 3048 1209 rite
3077 1156 3363 1225 fungitur?
3397 1159 3610 1226 Equidem

2084 1246 2340 1305 arbitror.
2376 1247 2418 1299 si
2449 1262 2570 1298 cum
2611 1248 2697 1313 qui
2743 1257 2897 1300 antea
2934 1263 3128 1315 panem
3171 1258 3223 1301 et
3253 1249 3453 1312 viuum,
3477 1263 3522 1302 ut
3547 1268 3613 1306 es-

2085 1346 2203 1387 sent
2270 1337 2497 1389 materia
2564 1338 2841 1398 sacriﬁcii.
2919 1340 2969 1390 in
3033 1339 3320 1391 ecclesiam
3379 1341 3611 1407 intulerat,

2085 1429 2368 1489 designare
2425 1431 2713 1483 diaconum
2752 1431 2933 1495 vellet,
2963 1446 3066 1483 non
3121 1432 3543 1500 προσκομίζοντα
3574 1438 3613 1490 iu

2086 1524 2336 1590 prtt'scnti
2390 1539 2510 1577 eum
2562 1536 2803 1587 vocaret,
2855 1526 2949 1577 sed
3011 1526 3061 1576 in
3097 1528 3372 1592 prarterito
3425 1544 3617 1594 προεκο-

2089 1617 2346 1682 μίσιντα.
2381 1617 2472 1668 lla:
2503 1618 2636 1669 tnihi
2674 1633 2850 1670 cansa'
2878 1619 3184 1671 conlidcndi
3216 1629 3365 1680 sunt,
3397 1620 3618 1689 interpre-

2089 1710 2345 1762 tationem
2377 1725 2573 1772 ILCJIlI,
2599 1731 2608 1755 σ
2631 1711 2697 1763 ῑηὶ
2725 1723 2984 1779 gravetur
3014 1713 3343 1766 auctoritate
3389 1719 3615 1770 contraria

2087 1801 2188 1853 viri
2213 1812 2317 1853 tam
2348 1802 2679 1869 pra-stantis,
2712 1801 2998 1857 veritatem
3026 1819 3179 1857 suam
3205 1809 3618 1873 acqnocterudito

396 1895 505 1934 non
563 1877 924 1938 Ποσειδεῶνα,
970 1876 1063 1930 sed
1111 1879 1591 1948 Μαιμακτηριῶνα
1648 1881 1766 1932 κατ’
1829 1880 1952 1948 Ἀθη

2087 1895 2272 1949 lectori
2309 1897 2682 1962 probaturam.

397 1969 583 2032 ναίους
613 1978 787 2030 vocat,
820 1985 876 2037 ρ.
903 1967 1030 2022 589..
1065 1967 1118 2020 lu
1143 1984 1301 2037 quem
1334 1971 1508 2022 locum
1536 1971 1656 2023 vide
1681 1985 1799 2037 qtae
1817 1972 1982 2022 advo-

397 2072 578 2115 tamus
630 2063 678 2114 in
730 2061 833 2114 huc
887 2063 1004 2130 ipso
1065 2062 1369 2124 Glossario,
1422 2062 1584 2116 vet-ho
1642 2064 1979 2132 Μαιμακτη-

397 2152 554 2223 ριών,
595 2164 647 2206 et
679 2152 714 2206 I.
752 2169 813 2206 ιιι
843 2153 1036 2207 harum
1074 2155 1550 2217 Observationum,
1586 2173 1634 2208 c.
1666 2157 1699 2208 4
1758 2173 1811 2208 n.
1847 2156 1897 2208 5.

467 2246 772 2312 Πρόνοιαι,
817 2261 868 2313 p.
900 2246 1029 2300 209.
1065 2246 1330 2301 Dicuntur
1367 2249 1453 2300 hic
1497 2250 1743 2318 πρόνοιαι
1776 2249 1981 2315 tensio-

399 2353 510 2401 ncs,
530 2354 646 2408 quae
669 2338 751 2391 vel
771 2340 823 2391 iu
846 2341 1148 2393 mercedem
1175 2355 1351 2409 operte
1369 2341 1645 2407 prwseutis
1665 2342 1742 2394 vel
1767 2344 1816 2394 in
1847 2356 1982 2408 pra-

400 2432 567 2485 mium
616 2433 904 2501 praeteritae
933 2433 1270 2487 merentibus
1298 2443 1393 2484 aut
1418 2435 1664 2486 etrtcritis
1698 2452 1729 2488 e
1763 2435 1979 2502 publico

399 2524 724 2584 solvuntur;
755 2524 948 2592 quales
987 2523 1257 2592 hodieque
1291 2523 1356 2574 ah
1395 2523 1543 2576 Italis
1579 2535 1625 2576 et
1659 2523 1827 2577 Gallis
1856 2540 1980 2592 pro-

397 2616 608 2678 risioni,
640 2616 939 2682 provisions
971 2615 1198 2668 vocitari
1230 2615 1504 2668 audimus.
1537 2616 1836 2668 Adnotasse
1865 2615 1977 2684 jam

386 2707 499 2762 'hoc
528 2709 888 2761 debueramus
940 2706 992 2760 in
1026 2717 1172 2760 tomo
1202 2688 1401 2776 prioris
1433 2707 1741 2773 Glossario;
1783 2708 1980 2778 srepius

398 2801 543 2855 enim
589 2803 641 2853 in
676 2801 917 2854 Historia
965 2799 1242 2853 Michaelis
1270 2809 1453 2852 noster
1487 2799 1625 2854 hanc
1658 2815 1839 2853 vocem
1874 2799 1978 2854 iSIa

403 2894 626 2947 notione
675 2893 982 2960 usurpavit.
1019 2906 1138 2958 qua
1184 2892 1237 2944 in
1271 2890 1519 2945 classicis
1564 2905 1666 2943 non
1712 2890 1980 2960 repetitur

401 2985 738 3039 auctoribus.
779 2983 952 3037 Unum
994 2984 1082 3036 hic
1111 2998 1139 3035 e
1179 2983 1364 3036 multis
1393 2983 1443 3035 in
1481 2983 1753 3052 specimen
1801 2981 1978 3037 locum

399 3094 618 3143 ponam,
655 3095 706 3148 p.
740 3076 806 3130 16
836 3096 849 3130 :
874 3077 1166 3146 Προνοίαις
1192 3076 1235 3127 δ’
1261 3078 1323 3128 ἐκ
1355 3073 1561 3128 τούτων
1588 3075 1712 3137 τοὺς
1737 3073 1981 3138 ἐπιδθξο-

396 3171 591 3242 ’δέρους
640 3173 736 3223 καὶ
786 3165 868 3232 οἷς
947 3169 1183 3239 τολμῆεν
1219 3169 1276 3222 τὸ
1324 3168 1583 3239 φρόνημα
1645 3168 1976 3239 γράμμασιν
2006 3165 2109 3261 C:

396 3264 696 3334 ἐδωροῦντο
731 3263 1059 3332 βασιλικοῖς.

472 3353 916 3422 Προσκομίζῖυν,
965 3369 1017 3428 ιδ
1049 3353 1173 3407 616.
1227 3355 1423 3406 Contra
1463 3369 1638 3407 meam
1679 3353 1840 3422 hujus
1879 3355 1980 3409 loci

396 3447 816 3518 expositionem,
848 3461 950 3515 qua
988 3445 1431 3515 προτκομέζοντα
1477 3449 1802 3501 sacerdotem
1849 3449 1984 3500 cele-

399 3551 637 3592 .-ranlem
695 3539 1086 3607 interpretatus
1122 3555 1263 3601 sum,
1316 3552 1477 3605 grave
1527 3549 1670 3593 stare
1722 3541 1979 3610 pra'jndi-

397 3633 542 3688 cium
581 3632 734 3684 video
784 3630 1021 3683 hominis
1066 3631 1252 3698 utique
1317 3630 1473 3685 valde
1528 3631 1671 3684 docti
1712 3642 1766 3686 et
1811 3647 1840 3686 a
1895 3647 1982 3686 me

398 3740 616 3795 semper
654 3741 775 3778 cum
809 3738 910 3778 suo
951 3734 1063 3776 tum
1105 3728 1188 3776 sui
1225 3723 1430 3778 ordinis
1466 3725 1660 3778 merito
1702 3725 1981 3794 permagni

402 3822 566 3892 716
602 3821 792 3884 habiti,
821 3818 1008 3873 Jacobi
1047 3816 1261 3872 Goaris.
1291 3816 1390 3874 Hic
1419 3819 1561 3872 enim
1594 3821 1707 3874 suis
1739 3821 1880 3874 notis
1914 3819 1980 3874 ad

401 3917 624 3969 missam
677 3914 735 3967 S.
794 3911 1020 3967 JOannis
1079 3911 1454 3982 Cluysoslomi
1511 3913 1708 3975 locum,
1765 3914 1978 3983 opinor,

398 4008 543 4062 hunc
584 4009 756 4076 ipsum
787 4019 1026 4060 tractans
1067 4022 1228 4074 quem
1261 4006 1347 4060 hic
1381 4005 1554 4059 innuit
1594 4008 1978 4075 Pacliytnercs,

398 4101 641 4154 referens
671 4101 722 4151 in
761 4098 990 4152 solemni
1027 4096 1242 4164 liturgia
1267 4104 1413 4159 tunc,
1438 4109 1652 4164 propter
1678 4110 1980 4167 espuuctos

398 4208 429 4246 e
482 4193 656 4244 sacris
698 4189 971 4258 diptycltis
1013 4187 1896 4247 Alexandrinuiu.Aulim-lienam
1927 4201 1983 4246 et

402 4282 958 4349 Ilierosolymitanutn
1005 4280 1364 4348 patriarchas,
1389 4281 1563 4334 solum
1612 4297 1676 4334 ex
1720 4281 1980 4334 ecclesia-

397 4377 551 4428 sticis
577 4371 1244 4440 ConstantinOpolitanum
1278 4373 1632 4428 Athanasium
1664 4375 1881 4442 σύναιμα
1902 4373 1980 4442 τῷ

398 4467 849 4539 προσκομίςοντι,
873 4482 980 4518 una
1008 4483 1123 4518 cum
1165 4466 1413 4534 oﬂ'erente
1446 4465 1611 4520 fuisse
1645 4469 1788 4520 inter
1819 4483 1976 4520 sacra

395 4569 746 4624 memoratos,
777 4574 872 4626 per
903 4558 1346 4627 προσκομίζοντα
1404 4558 1657 4626 intelligit
1710 4575 1830 4610 eum
1880 4575 1946 4626 qn

2086 4531 2229 4594 Βίων,

393 4655 592 4706 hostias
651 4661 698 4706 et
745 4652 950 4705 oblatas
1004 4653 1059 4704 in
1108 4651 1378 4704 ecclesiam
1422 4650 1626 4713 intulit,
1681 4660 1736 4702 et
1784 4650 1854 4701 ab
1911 4662 1975 4702 eo

393 4744 682 4814 distinguit
703 4744 1028 4799 sacerdotem
1053 4741 1424 4797 celebrantem.
1447 4741 1561 4810 Ego
1587 4756 1712 4795 vero
1735 4751 1786 4792 et
1809 4756 1974 4792 unum

397 4843 484 4896 hic
516 4841 788 4909 designari
840 4855 936 4910 per
962 4840 1189 4895 verbum
1235 4837 1676 4910 προσκομίζοντα
1726 4835 1810 4906 [Ρ.
1845 4833 1974 4906 507]

395 4935 733 4989 sacerdotem
762 4934 935 4988 sacris
965 4945 1280 5003 operantem
1311 4928 1602 4994 contendo,
1638 4939 1693 4983 et
1725 4929 1974 4992 nomina-

395 5029 514 5093 tim,
545 5027 687 5096 quod
719 5026 843 5081 hinc
869 5034 1082 5081 constet
1110 5023 1410 5093 nuncupari
1435 5022 1651 5077 solitum
1679 5036 1708 5074 a
1740 5022 1975 5075 diacono

393 5137 511 5174 eum
545 5120 636 5189 qui
666 5135 832 5189 panes
857 5135 921 5173 ex
947 5119 1144 5189 quibus
1171 5117 1362 5170 oblatis
1400 5115 1593 5169 tierent
1614 5115 1667 5170 in
1703 5115 1972 5168 ecclesiam

395 5213 596 5274 intulit,
641 5225 899 5280 pernego.
957 5208 1254 5276 Evincique
1313 5215 1606 5273 utrumque
1656 5205 1798 5259 istud
1841 5207 1975 5260 satis

391 5307 542 5360 clare
585 5314 716 5374 puto
765 5319 834 5358 ex
865 5303 996 5371 ipsis
1027 5316 1146 5371 qua!
1179 5299 1327 5354 Goar
1355 5299 1578 5368 exponit
1623 5313 1793 5352 sacra:
1823 5299 1974 5352 litor.

392 5402 490 5470 giae
523 5400 726 5463 verbis,
761 5411 956 5464 nempe
990 5395 1138 5448 hisce
1170 5411 1184 5446 :
1225 5393 1285 5446 '0
1308 5393 1558 5454 διάκονος
1581 5393 1718 5461 πρὸς
1740 5396 1803 5461 τῇ
1833 5391 1972 5462 Ούρᾳ

393 5489 523 5552 στὰς
580 5490 730 5556 λέγει
755 5486 849 5539 τοῦ
904 5486 1076 5548 δεῖνος
1137 5486 1546 5554 πανιερωτάτου
1632 5483 1971 5552 μητροπολίο

387 5603 504 5650 του,
529 5586 786 5638 nimirum
816 5582 1050 5650 episcopi
1077 5581 1322 5636 ecclesia:
1347 5580 1398 5632 in
1424 5595 1525 5651 qna
1547 5593 1764 5632 sacrum
1787 5580 1968 5642 lichat,

389 5680 566 5751 qualis
594 5689 712 5734 erat
738 5677 1206 5746 Constantinopoli
1238 5674 1572 5745 patriarcha.
1603 5673 1723 5726 Mox
1745 5671 1965 5725 ειιιιὼιε

390 5773 499 5824 Καὶ
527 5770 665 5838 ὑπὲρ
697 5767 791 5819 τοῦ
836 5765 1304 5837 προσκομίξοντος
1342 5764 1410 5816 τὰ
1445 5764 1578 5832 ἅγια
1610 5763 1757 5833 δῶρα
1791 5764 1968 5814 ταῦτα

387 5861 788 5914 εὐλαϐεστάτου
845 5859 1034 5932 ἱερέως
1101 5858 1196 5913 τοῦ
1253 5857 1444 5922 δεῖνος,
1477 5867 1524 5909 et
1569 5871 1667 5926 pro
1719 5855 1965 5924 o/[ercule

2153 2011 2512 2080 Προχώσεις.
2563 2031 2614 2083 p.
2650 2014 2775 2068 269.
2815 2015 3070 2070 Refertur
3121 2017 3221 2070 hoc
3267 2017 3334 2069 ad
3373 2015 3495 2085 ἔργα
3537 2020 3618 2073 τῶν

2081 2104 2317 2172 ἀνδρῶν,
2346 2121 2507 2174 opera
2559 2105 2942 2172 agllt'tlltll'lllll,
2981 2115 3272 2176 congestas
3319 2109 3546 2163 videlicet
3579 2112 3618 2165 in

2083 2196 2226 2249 arcis
2276 2196 2478 2266 fruges,
2517 2213 2654 2266 quas
2691 2197 2869 2251 eluvie
2922 2202 3179 2268 abreptas
3233 2208 3288 2252 et
3343 2200 3620 2266 diSpvrditas

2083 2289 2218 2342 dicit
2247 2291 2367 2350 ταῖς
2426 2287 2740 2358 προχώσεσι
2771 2306 2886 2342 cum
2922 2293 3046 2356 ipsis
3078 2292 3328 2356 molibus,
3363 2309 3620 2360 ltelnpeag-

2081 2383 2300 2450 geribus
2324 2383 2714 2450 tmtnipulornm
2741 2399 2835 2450 pro
2859 2385 2984 2436 anni
3012 2394 3335 2453 tempestate
3361 2387 3485 2454 (erat
3508 2389 3618 2440 enim

2081 2485 2244 2530 a‘stas
2284 2490 2468 2529 mense
2514 2477 2700 2544 utique.
2736 2478 2997 2547 Augusto)
3039 2479 3089 2530 in
3127 2480 3271 2531 arcis
3307 2481 3620 2541 cssuntimn,

2083 2577 2219 2631 quas
2255 2578 2404 2630 aqua:
2433 2569 2704 2617 torrentes
2751 2564 3111 2634 dispergendo
3143 2570 3499 2633 cormperint.
3527 2568 3622 2619 Ele-

2083 2669 2218 2722 gaus
2267 2655 2322 2707 in
2365 2656 2506 2708 hunc
2554 2655 2727 2708 locum
2774 2665 2857 2710 est
2891 2658 3127 2725 epitome
3175 2659 3384 2711 codicis
3418 2657 3621 2711 Vaticani

2083 2756 2192 2800 tant
2236 2749 2398 2801 intrita
2437 2749 2789 2820 Pachymeris
2821 2753 2978 2802 Verba
3016 2752 3066 2803 in
3097 2753 3206 2803 haec
3234 2767 3408 2819 pauca
3443 2762 3620 2803 contra-

2085 2841 2300 2896 hentis:
2339 2843 2608 2911 Θημονιαὶ
2646 2842 2701 2894 δὲ
2765 2844 2857 2895 καὶ
2915 2842 3120 2908 ﬁliave;
3180 2847 3370 2908 αὐτοῖς
3432 2847 3622 2917 καρποῖς

2086 2937 2400 3006 κατάρῤςδυν
2436 2938 2716 3004 ὲξέροντο.
2770 2936 2824 2988 In
2870 2938 2951 2991 his
2986 2953 3083 2989 Vox
3130 2939 3392 3007 οημοιιιαί
3444 2955 3619 3007 rcSpua-

2085 3031 2174 3083 det
2220 3029 2534 3099 προχώσεσι
2566 3047 2578 3082 :
2617 3040 2744 3083 sunt
2777 3041 2956 3083 autem
2991 3048 3052 3084 ex
3093 3030 3371 3102 Hesychia
3410 3033 3620 3102 οημονιαὶ

2084 3124 2135 3175 οἱ
2190 3123 2357 3193 σωροὶ
2425 3123 2533 3174 τῶν
2597 3122 2958 3193 δραγμάτων,
3005 3125 3175 3176 acervi
3243 3126 3617 3194 manipulorum.

2113 3216 2324 3273 Αλωνε.
2387 3217 2475 3270 hic
2531 3231 2671 3267 arca;
2719 3230 2817 3283 pro
2875 3214 3118 3283 frugibus
3189 3217 3410 3284 ponitur
3467 3219 3621 3269 usi-lita

2085 3309 2424 3378 synecdoche
2453 3307 2694 3361 contenti
2729 3323 2824 3374 pro
2853 3308 3187 3371 continente,
3224 3320 3278 3360 ut
3317 3310 3370 3362 in
3405 3310 3500 3363 illis
3524 3310 3624 3360 Ter-

2086 3401 2292 3450 tulliani
2350 3399 2485 3450 libro
2539 3397 2618 3448 Ad
2674 3397 3000 3462 Scapulam:
3039 3399 3188 3454 Sicut
3239 3402 3333 3453 sub
3387 3401 3624 3454 Hilariano

2083 3491 2308 3556 pl'a’aldt’
2340 3505 2454 3540 eam
2478 3489 2538 3540 de
2569 3491 2703 3542 arvis
2733 3490 3120 3557 sepulturarum
3157 3500 3463 3544 nostrarum
3486 3493 3624 3544 atcla-

2084 3587 2336 3643 masseul,
2377 3595 2513 3631 area:
2548 3596 2651 3631 non
2682 3583 2811 3642 sint,
2843 3595 2982 3633 area:
3011 3580 3242 3645 ipsorum
3272 3598 3380 3633 nou
3404 3582 3584 3649 [nerunt
3611 3595 3623 3632 :

2085 3690 2275 3726 messes
2320 3673 2456 3726 enim
2500 3689 2624 3726 suas
2669 3689 2771 3724 non
2823 3683 3059 3741 egerant.
3109 3671 3478 3740 Expositions
3524 3688 3624 3740 ergo

2083 3765 2330 3819 clarioris
2354 3767 2526 3835 gratia
2553 3765 2736 3826 αὐτοῖς
2769 3768 3004 3834 καρποῖς
3029 3766 3297 3819 additum.
3320 3764 3455 3818 Nam
3484 3765 3622 3819 solum

2085 3860 2257 3926 ipsum
2291 3869 2447 3911 terra:
2491 3860 2590 3910 οὐκ
2616 3857 2842 3927 ἐφέρετο
2879 3858 3040 3927 717
3067 3859 3407 3929 κατὰῥρουν,
3437 3859 3623 3925 sedqute

2084 3967 2245 4020 super
2293 3951 2419 4004 illud
2467 3953 2704 4011 stabant,
2741 3952 3013 4018 spicarum
3050 3963 3102 4004 et
3140 3953 3525 4021 nmnipulorunt
3553 3967 3622 4019 ag-

2084 4062 2260 4114 geres,
2287 4047 2593 4114 προχὼσεις
2627 4045 2714 4099 hic
2757 4057 2940 4099 nostro
2974 4047 3127 4111 dicti,
3159 4058 3253 4099 aut
3281 4061 3346 4099 ex
3376 4047 3438 4100 iis
3461 4060 3622 4099 excus-

2083 4154 2266 4192 serunt
2306 4139 2505 4191 cutnttli
2539 4137 2774 4208 frugum.

2162 4251 2490 4318 Ῥησείδια,
2533 4268 2582 4320 p.
2623 4252 2716 4307 ‘29.
2767 4252 3157 4319 Sententiolas,
3191 4253 3555 4308 diminutivum
3599 4266 3619 4303 a

2082 4347 2263 4414 ῥῆσις.
2313 4344 2388 4399 Ita
2421 4345 2716 4414 Gregorius
2774 4345 3048 4416 Nyssenus
3102 4359 3246 4402 orat.
3276 4333 3350 4401 ’12
3401 4344 3618 4411 λεξείδιι.

2086 4438 2259 4492 Verba
2294 4438 2414 4508 ejus
2461 4450 2587 4491 snut
2621 4454 2635 4492 :
2673 4441 2943 4509 Κατορχεί
2972 4439 3049 4509 τῷ
3101 4441 3282 4512 κρότῳ
3318 4440 3426 4494 τῶν
3478 4438 3618 4502 λεξει·

2264 4533 2461 4584 ἐνσατυ
2474 4531 2639 4600 ριζων
2664 4534 2778 4594 τοῖς
2819 4534 3053 4602 ῥήμασι.

2151 4646 2630 4716 Σκαραμάγκιον,
2662 4663 2714 4717 p.
2739 4649 2864 4702 504.
2896 4648 3027 4714 Quae
3058 4649 3222 4702 multa
3245 4650 3314 4705 de
3338 4662 3617 4705 scaraman-

2078 4741 2168 4809 gio
2198 4749 2292 4792 aut
2321 4741 2702 4795 scaramancio
2758 4752 2911 4795 veste
2964 4743 3237 4795 senatoria
3269 4742 3513 4811 praecipui
3538 4741 3619 4794 ho-

2078 4838 2229 4888 noris
2263 4832 2534 4888 Meursius
2594 4834 2776 4896 docet,
2835 4849 2940 4888 non
2994 4848 3217 4905 repeto;
3253 4853 3351 4892 nee
3401 4835 3618 4891 describo

2081 4925 2167 4978 hic
2194 4925 2299 4977 alia
2353 4924 2528 4978 nostri
2587 4925 2827 4977 auctoris
2859 4926 2975 4978 loca
3029 4928 3186 4980 istius
3237 4929 3390 4995 quasi
3427 4927 3618 4996 paluda-

2079 5016 2248 5070 menti
2302 5016 2630 5070 mentionem
2699 5016 2978 5070 facientia.
3020 5019 3256 5072 Tantum
3309 5021 3614 5079 observo,ex

2079 5111 2178 5164 hoc
2213 5109 2330 5164 loco
2361 5110 2508 5178 (cum
2538 5125 2656 5177 quae
2689 5110 2978 5176 peculiaris
3003 5111 3164 5164 fuerit
3195 5113 3315 5180 ejus
3347 5109 3612 5166 vestimenti

2077 5203 2250 5257 farina
2297 5205 2548 5270 nuspiam
2589 5205 2850 5257 hactenus
2884 5204 3130 5273 legerim)
3171 5206 3341 5258 videri
3370 5203 3613 5256 {uisscia-

2075 5307 2191 5349 Star
2219 5296 2428 5365 penula!
2463 5296 2670 5361 largum
2703 5307 2755 5349 et
2795 5296 3129 5364 profundum
3167 5297 3218 5348 in
3248 5313 3451 5351 summo
3487 5309 3614 5348 assu-

2077 5400 2188 5442 tum
2244 5389 2514 5454 eapntiutn
2554 5389 2822 5448 habentis.
2878 5390 3040 5456 idque
3075 5405 3140 5442 ex
3189 5407 3362 5458 panno
3388 5385 3610 5441 crassiori

2076 5495 2176 5533 nec
2234 5481 2485 5546 simplici,
2549 5491 2605 5532 ut
2671 5479 2828 5533 facile
2887 5482 3045 5534 hians
3107 5493 3486 5553 perseveraret.
3516 5479 3608 5531 Tali

2074 5573 2218 5624 enim
2285 5575 2450 5643 lignra
2483 5584 2848 5642 opportunum
2914 5588 3220 5630 memorato
3283 5578 3360 5630 hic
3407 5575 3608 5628 ludibrio

2076 5665 2260 5719 fueri'.
2291 5663 2494 5733 Nempe
2514 5669 2664 5733 pueri
2697 5667 3032 5738 Mpyrigcrii,
3060 5671 3182 5739 ejus
3205 5670 3288 5743 [Ρ.
3319 5668 3432 5740 508]
3459 5669 3604 5734 jusm.

2073 5775 2254 5812 coram
2288 5761 2466 5813 missis
2502 5761 2570 5814 ab
2627 5762 2977 5832 imperatore,
3023 5781 3255 5834 corpore
3291 5765 3418 5818 illius
3452 5762 3608 5812 LJJTlS

2073 5852 2223 5923 pallii
2249 5869 2345 5922 pro
2370 5850 2496 5907 fune
2515 5855 2824 5924 utebantur,
2848 5870 2954 5925 quo
2979 5873 3041 5911 es
3076 5874 3169 5911 ora
3194 5859 3338 5913 navis
3355 5856 3413 5909 ad
3437 5864 3604 5922 aquam
