3744 6586
182 370 262 438 m
1459 342 1982 406 GLOSSARIUM.

3223 330 3326 392 778

181 486 484 564 μεταπείσειας
515 475 562 528 in
596 484 736 524 mare
779 469 1052 538 caputium
1083 465 1500 537 immergebant,
1532 474 1585 518 et
1615 464 1666 517 id
1695 471 1740 528 Α
1770 465 1896 517 dum
1931 458 2614 533 perageretnrcaerem-onia
2645 456 2781 564 eiu:
2791 452 3146 526 χειροτονίας,
3169 452 3334 557 inau-

179 557 288 653 squa
318 571 558 641 impletum
597 564 720 618 inde
751 562 900 616 velut
926 560 1116 617 cadum
1143 569 1236 614 aut
1265 558 1483 623 situlam
1510 557 1662 611 tolle-

179 649 293 734 bant.
333 664 464 733 Quod
511 659 816 728 exprimens
857 655 1152 709 Vaticanus
1197 653 1524 721 epitomator
1584 649 1665 704 sic

178 770 285 822 hunc
318 760 469 812 locum
525 744 870 818 παραφράζει
913 762 926 799 :
964 745 1072 798 Καὶ
1123 743 1184 796 τὸ
1245 739 1665 812 σκαραμάγγιον

175 858 236 918 εἰς
255 850 430 919 γέλωτα
451 842 582 896 κατὰ
609 838 875 916 θαλάττης
897 836 1140 896 ἔϐαλλεν,
1163 845 1210 889 et
1240 834 1665 900 scaramangt'um

174 961 243 1016 per
265 941 462 995 derisum
481 937 532 989 in
562 947 703 984 mare
725 930 1050 984 demittebal.
1072 926 1174 982 Ubi
1201 927 1410 981 videtur
1443 928 1667 980 innuero

175 1035 388 1093 cucullum
423 1025 681 1096 praecipue
716 1021 863 1075 illum
891 1023 1070 1074 instar
1101 1020 1217 1074 cadi
1251 1019 1476 1086 liquoris
1505 1033 1666 1086 capa-

174 1141 283 1185 cem,
310 1120 387 1190 qui
409 1130 610 1172 summo
637 1112 948 1167 adlnerebat
977 1111 1374 1180 scaramangio.
1402 1108 1665 1177 peculiari

166 1221 256 1287 jure
294 1207 696 1275 scaramangium
733 1203 862 1266 dici,
893 1204 967 1255 uti
1017 1205 1338 1270 praecipuam
1389 1203 1506 1271 ejus
1543 1216 1666 1270 par-

172 1321 248 1361 tem
280 1302 434 1356 :illutl
484 1301 624 1350 enim
675 1295 850 1350 solum
905 1308 1094 1347 cavum
1151 1293 1416 1363 patulum,
1471 1294 1669 1362 quippe

170 1396 411 1452 hauriendo
430 1402 629 1460 aptum,
661 1390 711 1442 in
737 1402 932 1457 aquam
968 1402 1035 1441 ex
1067 1402 1161 1440 ora
1193 1387 1344 1441 navis
1372 1387 1667 1441 demissum

167 1492 295 1546 fuisse
318 1484 590 1555 putandum
623 1492 725 1536 est.

216 1575 546 1644 Σκορδινιᾷν,
578 1591 632 1645 p.
674 1575 802 1631 329.
863 1575 940 1628 ita
1005 1573 1162 1642 plane
1212 1588 1402 1629 omnes
1453 1574 1669 1628 codices

167 1687 310 1726 vocem
351 1669 479 1722 hanc
512 1669 776 1732 scribunt,
803 1678 965 1737 quam
999 1666 1124 1719 alibi
1168 1665 1342 1733 legere
1397 1679 1501 1718 non
1558 1677 1670 1719 me-

165 1765 280 1818 mini.
307 1760 520 1814 Tantum
563 1761 703 1830 apud
730 1759 1050 1828 llesycbium
1085 1758 1296 1827 reperio
1329 1774 1343 1811 :
1379 1757 1668 1829 Σκορδινᾶο

163 1856 253 1907 σθαι
282 1857 414 1921 (puto
443 1851 726 1920 legendum
759 1849 1191 1920 οκορδινιᾶσθαι)
1229 1850 1290 1902 τὸ
1316 1849 1470 1920 παρὰ
1500 1849 1664 1918 φύσιν

159 1946 206 1998 τὰ
231 1944 346 2014 μέλη
372 1941 631 1995 ἐκτείνειν
653 1945 748 1995 καὶ
773 1942 1104 2012 στρέφεσθαι
1133 1942 1270 2011 μετὰ
1298 1942 1539 2012 χάσμης.
1574 1941 1666 1993 Γε-

157 2053 268 2088 νεται
322 2033 372 2086 δὲ
411 2033 570 2086 τοῦτο
633 2035 760 2102 περὶ
803 2033 927 2096 τοὺς
964 2033 1345 2103 ἐγειρομένους
1383 2032 1442 2099 ἐξ
1474 2031 1666 2094 ὕπνου.

157 2132 256 2182 ὅπου
300 2144 351 2179 τε
397 2126 707 2196 χασμώδεις
757 2125 910 2187 ὅντες
963 2125 1246 2178 ἐκτείνωσι
1305 2126 1402 2186 τὰς
1452 2128 1665 2194 χεῖρας.

157 2221 518 2290 Σκορδινιᾶδθαι
550 2219 807 2290 signiﬁcat
857 2228 1052 2287 praeter
1105 2217 1401 2272 naturalem
1457 2219 1669 2272 modum

154 2317 350 2369 mnbra.
387 2317 668 2368 extendere
719 2324 836 2366 tum
893 2311 1222 2373 oscitatione,
1258 2319 1312 2361 ut
1367 2307 1530 2362 solent
1581 2311 1670 2379 qui

155 2424 340 2461 “omne
385 2407 849 2475 expergiscantur,
881 2403 1091 2474 quando
1161 2399 1492 2454 oscitabundi
1552 2417 1672 2454 ma-

153 2517 222 2553 nus
258 2501 552 2554 extendunt.
585 2500 661 2552 ita
706 2498 790 2551 ille
817 2513 834 2564 ;
865 2511 928 2549 ex
974 2511 1106 2564 quo.
1163 2502 1257 2548 aut
1292 2507 1356 2546 ex
1396 2492 1666 2547 communi

153 2592 329 2660 utrique
355 2592 725 2661 antiquiorum
754 2590 1078 2659 scriptorum
1134 2584 1307 2649 fonte,
1341 2585 1461 2640 sine
1506 2584 1671 2638 dubio

150 2699 269 2737 suum
330 2684 424 2738 hoc
490 2685 611 2736 loco
643 2681 951 2751 σκορδινιᾷν
987 2677 1350 2749 Pachymeres
1401 2675 1668 2739 hauserit,

149 2777 277 2830 etiam
314 2777 682 2832 extensionem
725 2788 980 2827 manuum
1011 2784 1342 2834 memorans,
1371 2783 1530 2839 quam
1560 2776 1672 2821 tru—

143 2866 388 2922 cidationis
444 2865 765 2921 exercenda:
795 2863 1005 2930 signum
1035 2859 1272 2915 Melccus
1325 2859 1413 2914 hic
1442 2859 1555 2912 suis
1585 2857 1672 2912 in-

148 2959 345 3012 stituisse
391 2959 618 3014 dicitur.
670 2957 859 3010 Parem
894 2952 1176 3021 cujusdam
1224 2949 1510 3019 qutcstoris
1545 2963 1672 3002 cru-

145 3050 401 3119 delitatem,
430 3050 816 3121 epigrammate
845 3045 914 3099 56
950 3044 1070 3098 libri
1119 3058 1213 3107 vtt,
1251 3042 1485 3097 traducit
1532 3038 1674 3094 Mar-

143 3142 276 3196 tialis.

196 3231 729 3302 Σπουδαιοτριόεῖν,
777 3246 832 3299 p.
865 3229 988 3286 38L
1025 3227 1258 3284 Verbum
1295 3225 1673 3296 σπουδαιοτρι-

137 3325 232 3377 δεῖν
266 3328 385 3380 alibi
443 3341 553 3380 non
593 3323 788 3390 reperi.
832 3321 938 3376 Sed
998 3319 1196 3390 partim
1255 3332 1319 3370 ex
1369 3317 1670 3384 originibus

139 3341 232 3377 om
266 3341 385 3380 altDI
443 3341 553 3380 non
593 3341 646 3378 re
687 3341 788 3377 ert.
833 3341 938 3376 aeu
998 3341 1196 3390 parum
1255 3341 1319 3370 ex
1369 3341 1670 3384 urtgturuus

139 3416 374 3480 vocabuli,
413 3341 698 3486 ρει·ιίωοὲ
725 3422 980 3468 contextu
1016 3409 1144 3474 loci,
1176 3410 1303 3478 quid
1336 3410 1536 3464 valeret
1568 3410 1672 3464 hoc

139 3509 234 3563 loco
259 3509 516 3574 divinavi,
545 3518 606 3562 ut
633 3517 683 3560 et
717 3507 822 3561 feci
851 3504 988 3559 alias
1015 3505 1067 3557 in
1099 3502 1493 3567 ὲλπιδοκοπείν,
1527 3503 1674 3556 ἐλπιο

135 3601 420 3672 δοτρεὸησις
448 3611 504 3655 et
530 3600 823 3655 similibus.

189 3695 556 3760 Στασειδιον,
606 3710 658 3762 p.
700 3693 823 3748 146.
876 3691 968 3746 Est
1006 3689 1302 3744 στασειδισν
1357 3689 1672 3746 subsellium

134 3791 455 3854 autioculus,
492 3791 544 3842 in
596 3804 704 3855 quo
735 3787 819 3842 vel
853 3787 1202 3843 considentcs
1253 3788 1331 3840 vel
1367 3790 1556 3844 stando
1589 3786 1676 3840 in-

137 3885 344 3937 nitentes
402 3881 820 3950 acquiescebant
877 3880 1041 3949 718
1092 3881 1406 3935 sacerd0tes
1441 3889 1534 3934 aut
1581 3879 1672 3934 alii

135 3977 346 4032 ministri
373 3977 454 4030 vel
487 3976 652 4028 etiam
695 3972 839 4037 laici,
869 3973 994 4026 dum
1028 3974 1079 4026 in
1114 3972 1312 4040 templo
1341 3973 1512 4028 sacris
1543 3986 1673 4041 epe-

133 4085 232 4122 ram
273 4070 495 4122 dabant.
531 4067 802 4121 Habemus
850 4063 1136 4132 imaginem
1175 4063 1294 4132 ejus
1349 4063 1422 4118 rei
1457 4064 1672 4116 obviam

134 4160 176 4210 in
205 4161 409 4229 templis
443 4157 800 4218 nostratibus.
830 4157 918 4212 ubi
947 4157 1146 4210 chorus
1169 4163 1253 4208 est
1287 4154 1670 4208 canonicorum

132 4265 209 4307 aut
235 4251 636 4308 monachorum.
671 4249 746 4303 ibi
774 4249 916 4302 enim
945 4248 1150 4302 circum
1178 4248 1437 4317 disposita
1476 4263 1672 4315 magno

134 4361 344 4402 numero
371 4347 633 4401 videmus
661 4342 850 4398 sedilia
891 4341 968 4398 sic
999 4339 1256 4407 l'orntata,
1289 4348 1346 4395 ut
1386 4338 1675 4412 aliquando

132 4437 273 4503 plane
295 4438 344 4490 in
375 4437 440 4492 iis
463 4437 699 4491 sedendo
731 4435 1141 4504 conquiescere.
1175 4433 1472 4500 aliquando
1497 4431 1673 4486 standi

1767 553 2075 624 gurationis
2111 553 2225 608 sive
2254 550 2698 608 consecrationis.
2743 547 2872 602 Erat
2903 555 3083 600 autem
3124 559 3186 597 ea
3219 547 3338 598 sine

1753 645 1930 700 .duhio
1961 648 2115 701 sedes
2142 647 2391 716 praesidis
2417 645 2547 708 loci,
2587 642 2887 697 στασειδιον
2934 638 3027 693 τοῦ
3050 635 3337 708 προεστῶ-

1767 754 1879 802 τος,
1911 749 2062 794 certe
2091 755 2301 808 semper
2345 738 2463 794 loco
2499 737 2626 800 lixa.
2680 735 2766 790 cui
2801 736 2852 788 in
2891 731 3098 801 templo
3137 734 3337 800 magno

1771 831 1828 886 S.
1858 832 2069 900 Sephize
2122 833 2374 886 fenestrae
2431 830 2672 899 quadam
2705 841 2944 893 superne
2968 825 3052 896 [Ρ.
3081 821 3208 895 509]
3249 837 3336 877 re-

1771 927 2133 992 sponderent;
2170 941 2233 980 ex
2265 941 2500 992 quarum
2531 939 2816 986 succussu,
2873 923 2916 976 si
2971 921 3334 988 contingeret,

1769 1019 1953 1086 quieto
1989 1018 2186 1087 alioqui
2219 1017 2357 1072 cmlo
2383 1028 2438 1071 et
2460 1016 2612 1072 nullo
2647 1027 2805 1071 vento
2834 1017 3020 1078 ﬂante,
3049 1011 3335 1084 augurium

1769 1108 1940 1164 Graeci
1987 1111 2298 1177 captabant,
2332 1117 2844 1174 perseveraturusne
2880 1108 3187 1178 patriarcha
3240 1106 3334 1175 qui

1771 1203 2129 1258 ordinabatur
2170 1204 2222 1256 in
2259 1219 2320 1257 ea
2353 1219 2515 1272 quam
2568 1215 2697 1259 tunc
2730 1205 3024 1271 accipiebat
3071 1212 3340 1271 putestate

1772 1294 1913 1350 foret
1965 1311 2140 1364 usque
2189 1295 2256 1350 ad
2305 1301 2556 1362 mortem,
2595 1312 2661 1352 an
2708 1298 2865 1352 vivus
2910 1300 3034 1353 inde
3065 1305 3214 1351 esset
3239 1295 3340 1366 eji-

1771 1388 2016 1444 ciendus.

1841 1483 2276 1553 Σταυριιηῆρες,
2297 1501 2351 1554 p.
2373 1485 2494 1541 552.
2521 1484 2576 1539 in
2609 1501 2709 1542 ms.
2740 1483 3017 1554 legebatur
3043 1487 3100 1538 ἐν
3121 1501 3220 1537 aeu
3231 1497 3338 1553 ρω-

1769 1573 1966 1642 τῆρσιν
2003 1573 2189 1638 ὕσσας.
2228 1575 2332 1630 Sed
2402 1576 2518 1630 voci
2549 1576 2764 1646 quidem
2797 1573 2972 1637 ὕσσας
3017 1573 3069 1628 in
3097 1575 3340 1643 margine

1772 1664 2166 1734 subjiciebutur
2212 1666 2449 1734 ὐσσούςς
2503 1669 2645 1737 quod
2706 1675 2766 1721 ut
2811 1667 3150 1721 emendatius
3215 1678 3332 1718 sum

1773 1757 2074 1826 amplexus.
2108 1758 2442 1813 Vocabulum
2479 1769 2657 1814 autem
2688 1760 3072 1831 σαυρωτῆρσιν
3101 1758 3337 1812 manife-

1769 1857 1850 1901 ste
1878 1850 2191 1903 mendosum
2227 1865 2290 1906 ex
2321 1851 2630 1923 conjectura
2671 1854 2963 1908 reformari
2995 1855 3046 1906 in
3094 1865 3340 1924 σταυρωι-

1768 1942 1994 2011 τῆρσινς
2050 1943 2207 2014 cujus
2255 1945 2440 2015 utique
2497 1947 2650 2016 origo
2695 1947 2749 2002 in
2787 1953 2970 2016 aptum
3030 1934 3160 2002 huic
3216 1946 3342 2001 loco

1771 2031 2132 2102 significatum
2183 2051 2492 2108 congruens
2561 2049 2809 2110 apparet.
2873 2049 3154 2109 utcunque
3212 2051 3337 2094 vero

1772 2124 1897 2178 hum
1935 2127 2036 2182 hoc
2091 2131 2230 2199 apud
2292 2131 2457 2185 ullum
2510 2132 2674 2186 alium
2730 2133 3053 2200 scriptorem
3084 2130 3333 2188 Graecum

1770 2219 2008 2273 nondum
2047 2221 2370 2277 invenerim.
2404 2223 2564 2287 Sunt,
2600 2225 2774 2295 inquit
2808 2225 3139 2296 Hesychius,
3169 2239 3338 2278 σταυο

1773 2309 1854 2378 ροὶ
1881 2309 1930 2360 οἱ
1959 2315 2416 2383 καταπεπηγότες
2441 2316 2723 2379 σκόλοπες.
2749 2317 3011 2386 χάρακές,
3042 2319 3136 2370 καὶ
3160 2319 3338 2372 πάντα

1770 2400 1838 2452 τὰ
1867 2401 2076 2454 ἑστῶτα
2106 2403 2261 2469 ξύλα,
2295 2405 2403 2458 ἀπὸ
2447 2404 2543 2459 τοῦ
2571 2407 2792 2462 ἑστάναι
2823 2409 3109 2478 σταυροὺς.
3147 2409 3208 2463 ὲκ
3242 2409 3341 2462 τοῦ

1769 2491 1850 2551 εἰς
1883 2492 1980 2562 τὴν
2015 2492 2186 2564 αὔραν
2217 2494 2492 2550 ἵστασθαι.
2530 2494 2666 2550 Hinc
2709 2499 2958 2569 σταυρόω
3012 2500 3204 2553 vallum
3236 2515 3334 2555 seu

1771 2585 1950 2651 patum
1980 2585 2104 2652 figo,
2156 2586 2412 2641 usitatum
2455 2587 2755 2658 Thucydidi
2791 2589 2823 2644 Ι.
2871 2606 2966 2656 vn,
3003 2601 3058 2644 ct
3091 2594 3341 2661 σταύρωο

1773 2691 1857 2738 σις
1885 2690 1979 2742 pro
2013 2680 2347 2735 munimento
2393 2695 2422 2734 e
2453 2682 2609 2737 vallis
2629 2683 2820 2738 dellxis
2867 2687 2938 2738 ab
2963 2686 3150 2738 eodem
3183 2685 3339 2738 Thu-

1773 2767 1963 2836 cydide
1989 2768 2113 2824 alibi
2138 2771 2276 2826 libro
2301 2775 2488 2829 eodem
2515 2776 2722 2843 pesita;
2756 2775 2902 2845 quod
2934 2777 3078 2832 iihro
3103 2792 3152 2832 vr
3175 2776 3340 2831 σταύ-

1774 2875 1934 2930 ρωμα
1989 2860 2219 2927 dixerat,
2281 2863 2361 2918 sic
2411 2867 2701 2922 scribens:
2737 2869 2894 2940 Παρά
2945 2885 3006 2922 τε
3060 2869 3162 2932 τὰς
3204 2869 3340 2933 ναῦς

1775 2954 2076 3024 σταύρωμα
2108 2955 2334 3027 ἔπηξαν.
2370 2957 2436 3012 Et
2469 2957 2772 3030 Xenophon
2808 2961 2846 3014 l.
2875 2961 2908 3014 6
2946 2962 3280 3030 Ἑλληνικῶν
3317 2979 3336 3016 :

1771 3043 2080 3115 Σταύρωμά
2107 3048 2154 3099 τ’
2184 3048 2510 3116 ἐποιήσαντο
2543 3052 2638 3105 καὶ
2672 3053 2898 3122 τάφρον.
2923 3052 3059 3108 Hinc
3093 3071 3342 3124 σταυρω-

1699 3146 1746 3208 c
1777 3136 1946 3205 τῆρας
1967 3139 2226 3195 credibile
2260 3151 2343 3196 est
2377 3143 2693 3212 Pachymeri
2737 3145 2879 3199 dicta
2939 3146 3082 3216 tigna
3139 3147 3339 3212 deﬁxa,

1776 3233 1830 3279 et
1854 3236 1916 3280 ut
1946 3228 2086 3284 sol‘et
2127 3229 2192 3284 ad
2221 3231 2401 3300 operis
2433 3232 2771 3300 ﬁrmitatem,
2821 3236 3148 3291 decussatim
3198 3237 3341 3291 invi-

1775 3333 1891 3373 cem
1932 3320 2110 3388 plexa,
2145 3321 2410 3392 impositis
2469 3328 2734 3396 crepidini
2766 3343 3004 3396 superne
3031 3332 3096 3383 ad
3131 3329 3339 3391 hostes,

1777 3411 1868 3465 ubi
1898 3413 2238 3476 accederent,
2269 3417 2672 3473 submoveudos
2703 3420 2885 3473 contis
2913 3419 3057 3474 ferro
3089 3422 3340 3485 armatis,

1775 3516 1911 3571 quos
1933 3504 2132 3567 ὑσσοὺς
2167 3505 2420 3574 appellat.
2457 3509 2733 3576 Appianus
2777 3510 2829 3563 in
2862 3510 3168 3581 fragmento
3203 3515 3344 3570 Kc).-

1777 3597 1933 3666 τικῆς
1977 3597 2098 3651 εΤὰ
2126 3597 2182 3650 δὲ
2209 3598 2409 3668 δόρατα
2454 3596 2522 3669 ἦν
2575 3601 2676 3654 οὐκ
2729 3604 2946 3656 ἐοικότα
2979 3605 3171 3659 ἀκοντὶ
3206 3609 3343 3678 {lege

1776 3688 2063 3758 ἀκοντίοις)
2093 3689 2130 3744 ὰ
2166 3691 2432 3762 Ῥωμαῖοι
2485 3693 2710 3746 καλοῦτι
2774 3697 3009 3764 νησσοὺς
3067 3702 3214 3769 (lege
3249 3703 3344 3754 ὐσ-

1778 3780 1949 3847 σοὺς),
2007 3780 2167 3846 ξύλου
2206 3785 2553 3852 τετραγώνου
2609 3786 2668 3838 τὸ
2721 3787 2919 3857 ἥμισυ,
2986 3793 3079 3844 καὶ
3109 3793 3166 3844 τὸ
3214 3793 3343 3846 ἄλλο

1778 3874 2001 3944 σιδήρου
2027 3874 2394 3944 τετραγώνου,
2431 3878 2526 3930 καὶ
2571 3878 2688 3934 τόδε
2714 3883 2810 3934 καὶ
2863 3882 3130 3951 μαλακοῦ,
3173 3886 3340 3953 χωρίς

1776 3979 1838 4029 γε
1877 3963 1974 4033 τῆς
2000 3963 2228 4033 αἰχμῆς.
2262 3963 2426 4039 719
2472 3967 2753 4040 Signiﬁcat
2785 3973 2866 4028 his
2911 3973 3094 4029 verbis
3141 3975 3343 4037 ὑσσοὺς

1777 4053 1883 4108 (1ῑοί
1911 4052 2088 4121 iacula
2126 4055 2182 4108 in
2214 4056 2420 4115 haut-em
2472 4062 2765 4128 mittenda;
2792 4064 3039 4132 qualium
3071 4075 3216 4119 stare
3241 4081 3340 4121 eo-

1777 4147 1920 4214 piam
1957 4156 2261 4219 promptam
2294 4146 2360 4206 ad
2406 4155 2618 4209 subitos
2661 4171 2790 4210 usus
2820 4156 3140 4226 dispositam
3174 4173 3339 4230 super

1776 4235 1977 4292 vallum
2009 4241 2314 4309 oportebat.
2348 4241 2665 4312 Huiusmodi
2696 4240 2872 4316 jaeula
2907 4248 3023 4302 sive
3062 4248 3245 4302 hastas
3272 4250 3341 4303 ab

1778 4329 2160 4385 accedentibus
2199 4332 2266 4386 ad
2303 4335 2818 4399 munitionem,dum
2856 4338 3177 4407 praesidiarii
3209 4341 3338 4396 dor—

1775 4423 2002 4486 mirent,
2036 4423 2286 4479 hostibus
2315 4422 2401 4480 hic
2433 4435 2621 4481 noster
2653 4429 2862 4484 ablatas
2890 4432 2987 4485 ait.

135 4500 354 4583 laborem
385 4527 586 4584 cubitis
617 4527 744 4580 hinc
775 4500 900 4580 inde
936 4525 1266 4580 reclinandis
1306 4534 1360 4579 et
1390 4523 1528 4578 mole
1555 4538 1676 4577 cor-
1710 4500 1757 4558 ί)
1852 4512 2078 4580 Στήλη,
2114 4529 2170 4584 p.
2209 4513 2334 4569 614.
2389 4515 2594 4572 Vereor
2622 4534 2689 4572 ne
2724 4529 3129 4590 prteoccupatus
3157 4523 3347 4594 vulga-

132 4623 266 4688 poris
307 4622 493 4675 innixu
553 4620 903 4673 humerorum
952 4615 1007 4670 in
1072 4616 1294 4670 dorsum
1337 4615 1678 4669 statiuncula‘:

132 4727 230 4766 non
273 4713 516 4767 indecore
575 4709 940 4772 deoneranda,
971 4705 1059 4775 qui
1110 4706 1283 4774 longae
1313 4714 1505 4760 vacant
1539 4707 1678 4774 psal-

130 4803 308 4855 modiis
338 4800 562 4871 possint.
602 4797 699 4852 Est
750 4808 926 4850 autem
962 4795 1104 4848 inter
1144 4795 1243 4848 bas
1292 4795 1448 4848 sedes
1477 4797 1681 4861 specio-

134 4894 240 4946 sior
264 4910 358 4946 una
393 4902 449 4946 et
479 4889 763 4944 sublimior
789 4887 1035 4957 praesidis
1068 4886 1191 4949 luci,
1241 4901 1407 4955 quam
1462 4886 1548 4939 hic
1579 4900 1678 4940 no-

131 4997 240 5039 ster
277 4987 628 5056 peculiariter
669 4983 892 5046 indicat,
945 4980 1216 5034 communi
1273 4979 1400 5033 licet
1462 4997 1677 5032 στασεις

132 5076 240 5130 δξου
267 5080 495 5137 nomine,
525 5075 682 5130 sicuti
715 5084 769 5128 et
817 5073 1127 5126 Philotheus
1154 5072 1458 5139 patriarcha
1496 5071 1559 5127 C.
1589 5069 1676 5132 P..

131 5169 184 5221 in
215 5171 379 5224 libelio
425 5170 688 5237 inscripto
715 5165 969 5231 memet;
1010 5165 1106 5232 τῆς
1138 5162 1558 5231 ἱεροδιακονίας,
1585 5165 1674 5218 ubi

136 5261 211 5315 sic
238 5261 416 5315 scribit
446 5277 461 5315 :
501 5257 636 5313 Εἶτα
690 5259 718 5311 ὁ
767 5257 1016 5318 διάκονος
1057 5255 1359 5325 ἀπέρχεται
1389 5255 1484 5306 καὶ
1505 5255 1680 5325 θυμιᾷ

133 5356 227 5424 τὴν
248 5357 404 5425 ἁγίαν
437 5355 621 5408 εἰκόνα
641 5354 739 5422 τὴν
757 5351 838 5415 εἰς
860 5351 920 5403 τὸ
951 5350 1251 5402 στασείδιον
1277 5348 1372 5400 τοῦ
1401 5348 1682 5418 προεστῶ-

135 5462 219 5508 τῡς
239 5450 322 5501 καὶ¹
343 5449 504 5502 αὑτὸν
537 5447 628 5498 τὸν
657 5443 1000 5514 προεστῶτα,
1036 5457 1156 5508 qua:
1190 5441 1250 5493 P.
1282 5440 1428 5495 Guar
1449 5442 1526 5493 sic
1561 5454 1682 5494 ver-

139 5538 198 5590 tit
234 5557 246 5591 :
289 5540 430 5593 Time
478 5539 732 5591 diaconus
759 5535 1001 5594 discedit.
1035 5543 1081 5585 et
1120 5542 1360 5584 sanctam
1401 5532 1679 5599 imaginem

137 5633 408 5698 superioris
441 5631 594 5684 sed-ili
641 5627 1021 5696 superpositam
1065 5634 1115 5678 et
1143 5625 1321 5694 ipsum
1359 5624 1690 5692 superiorem-

139 5722 382 5780 iureusat.
415 5726 593 5793 igitur:
611 5719 912 5774 στασείδιον
936 5718 1091 5785 cujus
1121 5719 1206 5772 hic
1228 5725 1410 5771 noster
1435 5715 1680 5768 meminit

139 5817 277 5868 sedes
311 5816 426 5879 fuit,
481 5819 535 5869 in
557 5790 686 5882 ’qua
721 5811 899 5863 stabat
946 5811 1257 5876 patriarcha
1319 5808 1676 5873 Athanasius,

437 5911 705 5972 Ρλτιιυι..
739 5907 859 5967 Gtt.
899 5905 1165 5966 CXLIV.

1783 4604 1935 4658 ribus
1979 4606 2294 4662 nationibus
2325 4608 2596 4677 quispiam
2632 4609 2810 4663 dicant
2852 4611 2946 4666 hic
2978 4613 3108 4668 mihi
3135 4629 3344 4685 παρερ-

1784 4697 2010 4764 μηνείας
2048 4697 2272 4761 scribat,
2321 4701 2463 4766 quod
2507 4699 2758 4754 Graecum
2814 4702 3137 4758 vocabulum
3171 4705 3342 4776 στήλη

1778 4805 1901 4840 cuni
1921 4788 2118 4844 Latino
2141 4790 2391 4844 ‘colunma
2423 4793 2502 4845 vel
2525 4801 2702 4846 statim
2731 4807 2836 4847 non
2868 4797 3340 4860 commutaverim.

1783 4879 1910 4947 Sed,
1939 4895 2144 4948 quaeso,
2193 4895 2349 4949 quem
2379 4899 2598 4938 sensum
2634 4885 2980 4940 commodum
3025 4887 3226 4944 faceret
3256 4906 3346 4943 eo-

1781 4975 1977 5028 lumna.
2002 4975 2082 5029 vel
2126 4987 2306 5030 statua
2347 4977 2506 5029 trium
2529 4975 2919 5031 Germanorum
2968 4988 3063 5033 aut
3095 4981 3346 5035 columna

1780 5066 1855 5119 rel
1883 5077 2063 5121 statua
2117 5069 2174 5122 in
2225 5069 2334 5122 velo
2375 5069 2549 5121 aureis
2597 5079 2842 5123 contexto
2875 5071 2982 5137 ﬁlia
3035 5071 3342 5128 Michaelem

1781 5168 2162 5226 reprtesentam
2202 5160 2557 5230 Paheologum
2598 5164 2770 5231 specie
2817 5164 2978 5229 prisci
3007 5163 3342 5220 Constantini

1779 5263 1828 5306 et
1861 5256 2014 5308 titulo
2043 5257 2202 5311 novi?
2230 5259 2314 5310 An
2348 5271 2539 5325 parum
2571 5267 2655 5310 est
2687 5257 2909 5312 evidens
2942 5261 3146 5331 στήλην
3173 5263 3339 5331 priori

1779 5346 1899 5399 loco
1927 5348 2160 5400 tabulam
2189 5362 2309 5402 esse
2346 5348 2544 5417 pictam
2576 5349 2902 5418 imaginibus
2931 5352 3090 5405 trium
3115 5353 3344 5421 patriar-

1777 5440 2005 5492 charum
2053 5439 2142 5509 qui
2195 5440 2448 5496 Germani
2487 5451 2614 5496 sunt
2653 5443 2857 5506 vocati,
2909 5445 3214 5512 posteriore
3255 5461 3351 5498 au-

1783 5541 1889 5586 tem
1923 5531 2149 5602 eliigiem
2196 5532 2475 5588 Michaelis
2503 5535 2792 5606 Palwologi
2821 5551 2886 5591 eo
2918 5537 3102 5589 habitu
3139 5535 3342 5589 forma-

1786 5633 1914 5687 tam,
1949 5624 2004 5676 in
2038 5633 2182 5678 textu
2230 5627 2358 5686 veli.
2395 5626 2488 5694 qui
2526 5627 2688 5681 tribui
2751 5643 2945 5694 magno
2989 5627 3348 5681 Constantino

1783 5715 2103 5769 consuevit?
2130 5715 2394 5771 Nimirum
2424 5718 2591 5789 στήλη
2613 5734 2642 5770 a
2670 5718 2816 5770 στάω
2841 5727 2893 5770 et
2923 5718 3114 5786 ἵστημι
3136 5719 3352 5772 vcrlrale

1784 5822 1980 5862 nomen
2033 5809 2366 5876 generaliter
2411 5809 2668 5880 quidquid
2721 5819 2903 5863 exstat
2955 5818 3018 5861 et
3055 5811 3259 5865 eminet
3297 5811 3354 5864 ita

2890 5897 2964 5957 25
