3744 6548
389 311 498 376 779
1311 322 1377 386 P.
1419 323 1728 392 POSSINI
1772 331 2427 399 OBSERVATIONUM
2467 329 2616 392 LIB.
2652 329 2698 391 Ι.
3503 338 3586 403 780

389 440 680 500 prospectu
731 431 973 502 positum
1041 431 1344 504 signiﬁcat;
1407 438 1547 494 unde
1577 439 1719 508 cippi
1778 439 2240 506 mouquQuam
2296 452 2352 497 et
2410 444 2672 511 duplicem
2722 441 3004 507 ariolatur,
3068 443 3269 513 μικρὰν
3315 446 3403 498 καὶ
3441 456 3588 517 pavi.

391 533 722 588 mentorum,
783 540 847 579 ac
910 540 1248 595 quaecunque
1295 525 1531 597 fastigia,
1559 539 1614 584 et
1647 529 1700 584 in
1735 545 1964 603 conspe—
2065 528 2185 598 λην,
2213 545 2436 598 parvam
2468 542 2522 586 et
2546 547 2814 602 magnam,
2843 532 2994 602 quasi
3037 534 3184 601 prior
3213 534 3488 602 designatio
3513 541 3588 607 sit,

388 625 536 668 ctum
573 615 801 686 objecta:
835 631 1156 671 marmorea:
1204 617 1399 674 tabula:
1431 619 1710 690 inscripta:
1744 622 1959 689 litteris,
2065 629 2334 694 posterior
2375 629 2728 696 conﬁrmatio.
2765 628 2943 698 Δῆρος
2982 627 3170 690 πολύς.
3209 627 3313 682 Nec
3334 629 3589 704 Codinum,

389 708 834 777 frequentissime
883 706 1079 778 στῆλαι
1130 708 1294 763 dicta:
1349 710 1716 777 reperiuntur.
1773 713 1962 782 itaque
2065 733 2225 787 quem
2287 723 2480 775 asserti
2540 721 2764 774 fundum
2821 720 3024 782 laudat,
3086 719 3444 776 lntellexit.ls
3470 725 3590 780 enim

389 801 688 855 cavendum
739 816 807 856 ne
859 802 1072 872 species
1114 818 1211 871 pro
1265 818 1464 874 genere
1517 803 1701 859 lectori
1733 807 1962 876 obrepat
2063 811 2202 866 nihil
2235 813 2352 865 vult
2411 812 2555 866 aliud
2612 811 2718 866 nisi
2771 812 3070 879 episcopos,
3130 811 3222 880 qui
3276 812 3512 866 ordinant
3548 827 3593 871 et

389 904 611 948 assueto
639 895 828 963 cippos
861 904 912 948 et
940 894 1270 949 columellas
1319 895 1651 965 in-apicibus
1683 899 1960 969 sepulcta-
2065 914 2394 957 consecrant
2427 903 2818 973 patriarcham,
2873 901 3023 955 illum
3070 902 3122 956 in
3157 916 3218 954 ea
3247 902 3506 958 iunctione
3527 904 3594 962 bis

390 983 520 1038 lium
555 984 776 1039 molium
821 994 915 1040 aut
946 986 997 1040 id
1028 1001 1198 1056 genus
1242 997 1720 1043 monumentorum
1747 994 1958 1046 erectas
2069 1010 2232 1051 cruce
2259 996 2496 1066 signare,
2531 1012 2760 1062 quarum
2792 995 3229 1050 benedictionum
3272 995 3417 1064 prior
3433 1011 3590 1064 parva,

389 1073 602 1142 στηλῶν
637 1075 858 1131 nomine
888 1075 1211 1146 intelligere.
1249 1076 1347 1130 illa
1377 1080 1518 1133 enim
1568 1079 1756 1148 στῆλαι
1807 1088 1950 1145 sunt,

2068 1089 2340 1158 posterior
2397 1105 2589 1159 magna
2641 1089 2986 1143 consueverit
3039 1088 3241 1142 vocari.
3305 1087 3593 1143 Dicebantur

390 1165 485 1218 ⁸εά
518 1179 626 1218 που
654 1163 800 1232 80³δὶ
835 1165 1070 1233 Pertinet
1123 1167 1321 1236 ηυῑρρθ
1355 1167 1469 1222 haec
1509 1183 1611 1223 τ’οΧ
1656 1169 1843 1237 iam“.
1878 1181 1962 1225 la'
2061 1179 2262 1232 eaedem
2288 1177 2689 1233 benedictioues
2715 1176 3028 1246 μηνύματα,
3053 1187 3108 1230 ut
3153 1177 3454 1231 observavit
3478 1179 3590 1233 idem

389 1256 548 1312 bulas
599 1257 764 1326 etiam
815 1267 872 1312 et
919 1258 1034 1312 vela
1073 1257 1259 1329 ﬁguris
1291 1259 1543 1332 insignita
1575 1262 1629 1317 in
1665 1264 1961 1334 conspicuo
2062 1267 2332 1324 Meursius
2363 1270 2528 1324 verbo
2587 1270 2846 1338 pijvupa;
2897 1283 3022 1320 nam
3047 1269 3280 1337 μήνυμα
3310 1268 3502 1334 signum
3527 1279 3592 1324 est

390 1359 593 1406 statuta
627 1349 897 1404 indicans.
2060 1370 2116 1414 et
2155 1361 2278 1413 κατ’
2313 1360 2507 1432 ἐξοχὴν
2559 1362 2764 1432 signum
2820 1362 2987 1414 crucis
3043 1375 3206 1413 manu
3265 1360 3592 1416 benedicendo

459 1442 829 1508 Συνδοσίαι,
869 1459 924 1514 p.
977 1445 1106 1501 293.
1138 1445 1254 1504 Etsi
1291 1451 1430 1520 apud
1476 1459 1684 1508 veteres
1708 1462 1950 1508 auctores

2063 1452 2380 1509 formatum.
2416 1456 2659 1525 Μήνυμα
2686 1455 2892 1524 signum
2936 1453 3161 1518 dicitur,
3201 1466 3306 1506 non
3334 1459 3518 1518 autem,
3547 1460 3593 1507 ut

388 1537 567 1606 legere
600 1537 884 1601 συνδοσιας
922 1553 1032 1593 non
1067 1541 1314 1604 memini,
1361 1551 1493 1610 puto
1537 1551 1716 1598 tamen
1747 1541 1960 1613 Pacby-
2063 1545 2110 1602 is
2135 1547 2204 1599 ibi
2224 1548 2482 1611 somniat,
2517 1547 2738 1600 vacatio.

389 1647 619 1698 ruerem,
639 1632 801 1701 cujus
832 1647 1024 1689 omnes
1069 1649 1224 1704 aeque
1251 1635 1471 1691 codices
1503 1636 1824 1692 vocabulum
1857 1637 1950 1692 hoc

2062 1659 2075 1667 ~
2133 1637 2220 1710 [P.
2257 1635 2384 1709 5H]
2445 1638 2523 1692 Τὰ
2573 1636 2996 1706 τετελεσμένα,
3043 1650 3100 1704 p.
3135 1633 3228 1687 77.
3266 1632 3403 1700 Quid
3433 1633 3495 1687 sit
3521 1633 3592 1688 hic

388 1721 508 1777 loco
572 1724 716 1779 istud
776 1724 1067 1793 exhibent,
1128 1725 1180 1780 id
1241 1728 1294 1781 in
1367 1728 1588 1784 notione
1658 1728 1950 1800 largitioni:

2063 1730 2418 1799 ἐπαληθεύειν
2443 1732 2553 1793 τοῖς
2576 1727 3001 1798 τετελεσμένοις,
3027 1725 3364 1780 comminisci
3399 1723 3590 1776 multum

389 1813 472 1886 ῘΡ.
500 1814 625 1886 510]
659 1831 976 1884 usurpasse,
1013 1791 1165 1886 quasi
1194 1821 1411 1873 ductum
1439 1834 1468 1873 a
1497 1791 1788 1892 συνδίδωμι
1829 1838 1957 1877 con-
1986 1791 2032 1850 Β
2058 1791 2308 1892 c0gitans
2335 1823 2480 1876 aliud
2507 1791 2616 1877 non
2651 1791 2810 1890 potui
2831 1835 2990 1888 quam
3027 1819 3166 1884 quod
3210 1815 3591 1884 interpretando

391 1906 551 1962 dono.
609 1907 707 1962 Cui
758 1909 925 1965 verbo
955 1924 1052 1964 usu
1087 1909 1314 1978 antiquo
1344 1909 1658 1966 Latinorum
1707 1913 1846 1968 inest
1878 1913 1959 1969 vis
2056 1917 2322 1985 expressi,
2369 1915 2660 1982 contigisse
2700 1925 2826 1968 tunc
2855 1913 3109 1967 nimirum
3145 1910 3347 1979 aliquid
3373 1923 3476 1976 quo
3517 1923 3590 1960 sa-

395 1999 684 2072 peculiaris
733 1999 1011 2056 indicandi
1052 2002 1276 2057 vitiosas
1326 2003 1668 2072 profusiones
1715 2005 1766 2060 in
1820 2005 1962 2060 iu‘di-
2055 2020 2151 2061 cra
2193 2005 2432 2078 symbolo
2479 2006 2779 2061 consecrati
2817 2014 2871 2058 et
2915 2003 3094 2057 verbis
3134 1999 3590 2054 sacratneutalibus

387 2109 548 2164 gnos.
579 2093 793 2159 Cicero,
828 2093 1063 2166 Philipp.
1097 2111 1138 2150 tt
1177 2113 1191 2151 :
1225 2095 1500 2164 Apothecav
1533 2107 1659 2154 tota:
1702 2099 1962 2170 nequissie
2058 2099 2249 2154 mutati
2287 2100 2340 2154 in
2371 2098 2572 2155 Christi
2629 2111 2828 2166 corpus
2859 2095 3014 2166 panis
3068 2093 3173 2148 alia
3205 2094 3371 2148 etiam
3403 2091 3590 2146 notione

388 2188 494 2242 mis
523 2187 982 2242 contionabamur.
1025 2187 1136 2243 Nec
1178 2189 1442 2244 abhorret
1493 2190 1581 2245 hic
1617 2191 1960 2262 significatus

394 2279 463 2334 ab
497 2279 658 2348 hujus
687 2279 792 2334 loci
817 2279 1108 2334 sententia.
1137 2277 1468 2349 Vituperaus
1494 2282 1694 2353 quippe
1722 2284 1957 2354 patriar-

391 2373 494 2428 cha
558 2374 974 2428 conventionem
1009 2372 1359 2443 inperatoris
1412 2390 1532 2429 cum
1578 2377 1745 2440 crate,
1797 2375 1959 2447 cujus

393 2468 686 2522 occasione
743 2466 912 2520 multa
970 2465 1361 2535 pretiosissima
1418 2481 1640 2520 munera
1675 2467 1850 2522 cidem
1905 2477 1959 2524 et

384 2559 502 2628 ejus
525 2559 816 2614 comitibus
841 2557 1125 2629 magniﬁce
1151 2556 1217 2611 ab
1237 2558 1479 2628 Augusto
1491 2559 1687 2614 donata
1710 2561 1958 2630 superius

389 2663 578 2708 noster
607 2651 948 2718 memoravit,
981 2651 1140 2706 facile
1165 2652 1358 2721 potuit,
1387 2653 1451 2706 ad
1486 2653 1766 2721 querelam
1797 2667 1958 2709 avare

385 2753 671 2799 auctorum
712 2743 1082 2815 vectigalium,
1118 2745 1414 2814 adiungere
1444 2745 1810 2800 cohaerentem
1866 2761 1956 2801 re-

385 2836 802 2906 prehensionem
869 2837 1123 2892 exhausti
1185 2836 1494 2892 ambitiosis
1549 2836 1956 2907 profusionibus

383 2930 587 2984 aerarii.

457 3022 790 3092 Σφάκελος,
819 3038 874 3093 p.
933 3021 1056 3078 245.
1096 3021 1248 3089 Quod
1299 3021 1388 3076 hic
1441 3031 1629 3078 noster
1680 3021 1954 3090 σφάκελος

2057 2205 2218 2260 quam
2254 2189 2344 2246 illa
2382 2190 2436 2246 in
2470 2191 2717 2246 ecclesiis
2747 2190 2943 2245 usitata
2981 2199 3123 2242 recte
3158 2186 3341 2240 vocari
3371 2183 3436 2239 τὰ
3470 2200 3591 2236 τετε-

2055 2281 2291 2352 λεσμένα
2317 2283 2608 2353 potuerint,
2642 2296 2837 2352 nempe
2869 2280 3012 2350 quod
3047 2278 3198 2333 ﬁnita
3220 2289 3275 2333 et
3300 2276 3591 2330 alterations

2057 2375 2416 2428 accidentium
2463 2388 2529 2428 ex
2575 2373 2754 2444 specie
2787 2373 2840 2428 in
2868 2387 3062 2427 novam
3094 2369 3326 2426 formam
3368 2378 3587 2436 corrupta

2056 2463 2277 2519 fuerint.
2333 2464 2408 2517 Τὸ
2441 2464 2616 2517 τελεῖν
2651 2464 2900 2518 videlicet
2951 2479 3056 2517 non
3085 2461 3260 2517 solum
3307 2476 3375 2514 ex
3410 2474 3496 2513 usu
3521 2474 3594 2512 so-

2057 2569 2150 2612 nat
2178 2573 2441 2627 peragere,
2472 2557 2738 2626 per/icere,
2759 2557 3081 2626 sacriﬁcare,
3117 2555 3212 2610 sed
3241 2553 3404 2608 etiam
3427 2568 3482 2606 ex
3502 2552 3594 2605 ori-

2057 2650 2180 2720 gine
2213 2649 2387 2716 ﬁnire,
2417 2664 2738 2703 consumere.
2790 2647 2941 2704 Unde
2995 2649 3268 2716 passivum
3311 2648 3384 2700 τὰ
3412 2644 3594 2700 τετελε-

2057 2745 2252 2815 σμένα,
2286 2759 2407 2813 qua:
2436 2743 2582 2797 velut
2611 2743 2826 2812 propria
2876 2741 3163 2811 appellstio
3214 2740 3493 2810 speciebus
3515 2753 3591 2793 eu-

2053 2837 2359 2892 charisticis
2413 2851 2444 2893 e
2493 2836 2762 2891 sacriﬁcio
2811 2834 3050 2892 servatis
3111 2849 3261 2888 more
3307 2833 3588 2889 Graecorum

2055 2929 2418 2991 tribuebatur,
2483 2927 2590 2980 alio
2619 2941 2783 2982 sensu
2837 2935 2949 2980 tum
2992 2925 3286 2980 convenire
3321 2925 3403 2978 sic
3438 2932 3590 2991 putre.

2056 3019 2216 3074 factis
2253 3029 2306 3074 et
2335 3019 2387 3074 in
2426 3019 2709 3073 informem
2747 3022 2984 3087 speciem
3037 3016 3437 3086 transﬁguratis
3466 3031 3586 3084 sytth

385 3116 604 3179 scribit,
635 3116 850 3170 videtur
880 3114 1166 3170 idemesse
1192 3115 1335 3184 quod
1381 3115 1490 3173 vol.
1526 3115 1568 3181 l,
1607 3131 1659 3183 p.
1691 3115 1814 3181 5H,
1851 3133 1954 3185 φα·
1978 3149 2020 3208 C
2056 3110 2193 3166 bolis
2225 3110 2428 3165 Christi
2461 3112 2706 3180 corporis
2744 3111 2938 3180 potuit,
2971 3119 3238 3179 quatenus
3266 3109 3510 3162 nimirum
3536 3121 3587 3158 ex

385 3205 580 3260 κέλλου
643 3205 906 3260 vocabulo
963 3205 1239 3269 indicavit,
1300 3204 1504 3260 fascem
1561 3204 1810 3260 videlicet
1858 3211 1953 3259 aut

385 3297 705 3355 fasciculum
759 3299 873 3353 sive
921 3297 1200 3353 fascellum
1249 3298 1560 3353 chartarum
1617 3298 1951 3369 signiﬁcans.

382 3389 750 3445 Laudavimus
813 3390 866 3443 in
902 3390 1068 3458 priori
1125 3389 1403 3446 Glossario
1435 3389 1726 3460 Synesium
1761 3391 1951 3445 eadem

383 3483 610 3538 notione
655 3481 923 3552 φάκελλον
967 3491 1340 3552 usurpantem.
1379 3482 1615 3553 lleperio
1650 3481 1792 3552 apud
1831 3482 1954 3537 Dio-

386 3573 598 3644 nysium
652 3573 1150 3637 llalicarnasseum,
1203 3572 1239 3626 l.
1277 3587 1372 3637 γη,
1430 3571 1766 3642 σφακέλλους
1816 3591 1954 3644 cppe-

383 3664 571 3734 γάνων
609 3679 705 3734 pro
738 3663 1008 3733 fasciculis
1063 3661 1410 3733 virgultorum
1444 3663 1700 3731 positum.
1736 3661 1948 3735 Pachy-

383 3771 564 3811 tueres
612 3755 699 3810 hic
748 3763 940 3810 neutro
997 3769 1196 3823 genere
1245 3761 1302 3809 et
1370 3768 1496 3807 eum
1554 3753 1775 3810 unico).
1807 3755 1948 3809 idem

382 3849 705 3903 vocabulum
742 3848 858 3917 pari
887 3845 1191 3916 signiﬁcatu
1225 3843 1459 3899 exhibet.

454 3941 618 4011 720
641 3937 996 4008 Σφενδόναι.
1037 3953 1090 4003 p.
1117 3936 1208 3991 66.
1239 3933 1506 3992 Videntur
1537 3936 1625 3991 hic
1657 3935 1766 3991 dici
1791 3953 1952 4005 σφεν-

381 4032 530 4086 δόναι
567 4030 775 4086 laciniae
802 4030 1097 4098 pendentes
1132 4043 1162 4082 e
1196 4027 1479 4096 pontiﬁcio
1506 4028 1688 4096 galero
1735 4030 1944 4082 funicu-

386 4127 452 4181 lis
492 4124 685 4180 sericis
724 4124 774 4176 in
823 4123 1004 4176 funda:
1044 4121 1259 4174 modum
1309 4119 1584 4190 perplexis
1623 4121 1762 4176 inter
1803 4137 1944 4187 sese,

384 4231 536 4272 more
565 4217 727 4270 etiam
765 4215 922 4268 hodie
956 4211 1165 4266 Latinis
1197 4212 1418 4266 usitate.

450 4307 736 4377 Σφραγίς.
776 4322 828 4375 p.
869 4304 954 4360 η.
985 4303 1095 4373 Ego
1131 4305 1219 4358 hic
1246 4304 1518 4374 σφραγῖδα
1533 4303 1946 4359 benedictionem

379 4402 540 4458 verti.
574 4399 814 4455 Intellexi
847 4399 992 4452 enim
1033 4398 1244 4465 signum
1295 4399 1472 4451 crucis
1523 4412 1688 4451 manu
1721 4412 1950 4466 expres-

2057 3205 2257 3272 nativa,
2291 3213 2350 3259 ut
2406 3203 2952 3273 disi,siguilicatione
2987 3200 3185 3255 radicis
3219 3199 3364 3254 unde
3396 3201 3587 3252 verbum

2053 3297 2196 3352 istud
2213 3297 2502 3366 germinat,
2526 3309 2683 3352 sonat
2713 3306 2970 3366 praeterea
2994 3303 3324 3388 coryumpta,
3347 3301 3587 3358 corrupta,

2051 3402 2117 3442 es
2151 3387 2315 3456 priori
2360 3387 2530 3443 desita
2574 3386 2684 3454 jam
2716 3386 2891 3442 forma
2938 3388 2991 3441 in
3024 3385 3218 3441 noram
3248 3387 3406 3439 aliam
3437 3385 3588 3438 dem-

2053 3489 2186 3536 tata.
2247 3478 2370 3534 Haec
2413 3490 2688 3548 utcunque
2741 3479 2850 3534 d-ici
2909 3479 3278 3534 verisimiliter
3316 3487 3584 3548 poterant:

2051 3586 2183 3646 puto
2208 3585 2388 3630 tarueu
2419 3574 2564 3628 aliud
2595 3572 3010 3644 Pachymerem,
3035 3571 3158 3626 dum
3185 3573 3299 3625 haec
3330 3571 3583 3631 scriberet,

2051 3678 2348 3735 spectasse.
2387 3666 2482 3720 Sui
2541 3665 2792 3720 videlicet
2823 3662 3076 3736 Hesyt-bii
3127 3679 3352 3728 memor,
3387 3661 3582 3732 quodin

2050 3773 2116 3815 eo
2151 3759 2369 3827 legisset
2413 3757 2797 3826 τετελεσμένον
2843 3756 2905 3810 τὸ
2931 3753 3050 3810 ὀἷον
3104 3756 3336 3826 πρᾶγμα
3361 3754 3587 3820 τελεσϐῆο

2051 3868 2158 3913 ναι,
2191 3852 2359 3922 how
2393 3849 2771 3921 πληρωθῆναι,
2803 3848 2835 3919 ἦ
2867 3850 2960 3902 καὶ
3014 3849 3408 3919 μεμιασμένον,
3435 3861 3582 3900 raram

2053 3945 2162 4000 illic
2194 3943 2484 3998 indicatam
2544 3944 2838 4008 notionem,
2877 3958 2984 4012 qua
3032 3943 3189 4012 721
3235 3939 3582 4010 τετελεσμένον

2053 4038 2450 4108 μεμιασμένον,
2475 4037 2737 4107 pollutum
2770 4045 2824 4089 et
2859 4036 3287 4090 contaminatum
3312 4043 3480 4096 sonat,
3515 4032 3582 4084 hic

2049 4131 2218 4184 voluit
2249 4130 2473 4184 innuere
2506 4130 2742 4197 igu0tam
2777 4144 2882 4182 non
2915 4143 3035 4182 esse
3067 4128 3190 4183 sibi.

2124 4222 2286 4291 Tépa,
2312 4239 2373 4293 p.
2407 4222 2530 4277 394.
2565 4221 2790 4276 Ponitur
2835 4223 2922 4276 hic
2955 4221 3156 4276 Graecis
3186 4220 3376 4276 litteris
3413 4231 3579 4273 nomen

2048 4314 2299 4370 Latinum
2357 4325 2519 4378 terra,
2570 4315 2663 4368 sed
2729 4329 2852 4368 cum
2905 4314 3064 4368 unico
3099 4332 3131 4385 ρ
3161 4313 3419 4384 scriptum
3450 4311 3577 4379 τέρα.

2056 4407 2274 4462 Videtur
2313 4415 2490 4460 autem
2529 4406 2668 4461 hanc
2719 4421 2906 4460 vocem
2956 4407 3243 4461 retinuisse
3297 4405 3576 4463 historicus,

381 4509 506 4551 sum
546 4509 576 4547 a
609 4492 916 4563 patriarcha
949 4487 1182 4557 Josepho
1211 4503 1375 4557 super
1409 4487 1572 4542 istum
1610 4489 1685 4556 de
1712 4503 1826 4558 quo
1859 4489 1944 4543 hic
1977 4503 2022 4574 ι)
2048 4502 2188 4570 quod
2220 4499 2450 4568 vulgaris
2473 4508 2617 4554 esset
2641 4497 2893 4568 loquendi
2922 4498 3090 4553 forma
3120 4497 3225 4552 illis
3257 4496 3573 4568 temporibus.

382 4587 581 4655 agitur,
606 4582 924 4652 Georgium,
951 4594 1055 4634 una
1086 4579 1436 4650 pronuntiata
1474 4589 1620 4634 certa
1653 4579 1941 4634 verborum

2047 4599 2104 4643 ut
2130 4590 2218 4658 qui
2250 4590 2522 4660 principes
2555 4590 2833 4658 regionum
2870 4591 2934 4644 ab
2977 4590 3096 4643 aliis
3121 4603 3476 4660 possessarum
3509 4588 3578 4656 jus

381 4676 638 4742 formula,
666 4690 772 4745 qua
807 4675 854 4729 is
892 4673 1098 4729 electus
1129 4673 1196 4727 ad
1226 4670 1463 4726 ofﬁcium
1495 4671 1654 4741 primi
1693 4671 1948 4726 ecclesia-

2056 4681 2148 4734 sibi
2177 4681 2508 4736 vindicantes
2553 4681 2767 4735 titulum
2800 4691 3095 4744 sumerent,
3146 4682 3211 4734 ad
3247 4681 3570 4736 differentiam

379 4771 482 4825 stis
512 4766 770 4822 Palatinae
795 4765 1079 4821 concionis
1111 4764 1240 4834 (hoc
1270 4764 1414 4818 enim
1447 4772 1604 4818 sonat
1632 4779 1947 4834 πρωτοαπο-

381 4859 690 4929 στολὰριος)
726 4861 828 4913 rite
863 4858 928 4912 ad
962 4857 1292 4926 fungendum
1335 4855 1387 4911 id
1418 4855 1786 4910 ministerium
1813 4857 1945 4909 mis-

379 4969 481 5007 sus
518 4951 725 5005 fuisset.
779 4951 912 5016 Quia
949 4965 1084 5004 vero
1135 4949 1296 5003 talem
1344 4947 1778 5001 benedictionem
1827 4947 1945 5016 epi-

379 5043 533 5112 scopi
559 5056 663 5096 non
699 5040 1018 5110 impendunt
1053 5038 1157 5094 nisi
1206 5038 1312 5094 sibi
1344 5038 1608 5106 probatis,
1631 5037 1779 5092 etde
1807 5051 1945 5107 quo-

387 5153 508 5190 rum
541 5143 688 5189 recta
731 5135 857 5201 ﬁde,
879 5132 1171 5189 sullicienti
1205 5130 1542 5193 eruditione,
1567 5131 1745 5200 probis
1775 5131 1945 5185 mori-

383 5231 485 5282 ltus
519 5227 653 5282 certi
715 5227 916 5288 forent,
969 5225 1095 5280 hinc
1147 5225 1366 5280 rebatur
1405 5225 1750 5279 Andronicus
1803 5225 1947 5279 hunc

379 5317 668 5389 Georgium
724 5329 936 5388 gratum
995 5326 1050 5372 et
1109 5316 1594 5371 commendabilem
1649 5317 1823 5372 visum
1878 5317 1944 5372 iri

377 5411 608 5482 Joscphi
661 5411 935 5476 sectariis,
963 5425 1123 5479 quem
1181 5410 1370 5479 utique
1400 5407 1690 5478 Josephus,
1742 5409 1842 5478 ipsi
1877 5411 1944 5464 ad

377 5503 696 5557 concionem
733 5503 945 5558 dicturo
981 5505 1116 5555 bene
1138 5502 1428 5570 precando,
1449 5501 1670 5566 bonum,
1706 5503 1943 5568 doctum,

375 5596 738 5650 orthodoxum
776 5595 1132 5649 declarasset.
1171 5591 1269 5648 llic
1298 5595 1475 5649 obiter
1499 5597 1945 5665 prtemnniendus

376 5687 548 5741 lector
581 5695 683 5749 est,
722 5701 788 5740 ne
847 5685 1152 5755 decipiatur
1208 5687 1389 5754 legens
1451 5689 1590 5756 apud
1653 5686 1942 5743 Meursium

379 5778 717 5831 vocationem
777 5777 843 5832 ad
895 5777 1323 5848 patriarcltatum
1389 5777 1659 5848 σφραγῖδα
1717 5778 1940 5835 dictam.

2048 4772 2431 4840 possidentium
2489 4776 2601 4826 sine
2637 4783 2799 4839 terra,
2828 4774 2996 4844 χωρὶς
3025 4773 3188 4844 τέρας
3235 4773 3324 4846 ἦτ’
3357 4769 3441 4828 οὖν
3472 4773 3572 4842 γῆς,

2050 4863 2183 4916 taies
2216 4862 2614 4931 appellarentur
2647 4877 2662 4918 :
2695 4873 2821 4933 puta
2863 4879 2952 4918 res
2983 4861 3462 4936 Hierosolymorum
3501 4870 3574 4916 aut

2049 4955 2343 5024 imperator
2359 4953 2942 5024 Constantinopoleos,
2973 4957 3151 5025 qualis
3197 4956 3288 5013 hic
3315 4957 3574 5011 declaratus

2048 5060 2078 5099 a
2111 5060 2244 5115 papa
2275 5047 2418 5116 regis
2446 5044 2610 5100 Siculi
2644 5043 2814 5100 frater
2841 5046 3058 5114 dicitur,
3083 5047 3210 5118 jure
3233 5048 3464 5102 videlicet
3494 5047 3574 5100 do-

2050 5135 2144 5188 tali
2173 5149 2206 5187 e.
2231 5133 2336 5188 ﬁlia
2371 5134 2639 5200 Balduini,
2667 5136 2759 5204 qui
2791 5136 2922 5190 olim
2949 5136 3312 5207 imperaverat
3345 5136 3571 5192 Constan-

2051 5225 2290 5297 tinopoli,
2317 5228 2368 5282 in
2393 5241 2642 5296 sponsam
2665 5229 2740 5286 illi
2761 5228 2947 5301 juncta
2971 5238 3168 5296 tracto,
3200 5234 3297 5287 sed
3321 5232 3423 5286 sine
3441 5243 3571 5284 terra.

2049 5318 2151 5375 hoc
2181 5330 2264 5375 est
2290 5322 2425 5375 citra
2452 5322 2846 5390 possessionem
2873 5321 2994 5392 ejus
3029 5322 3272 5392 imperii,
3307 5325 3371 5377 ab
3397 5321 3570 5376 Andro-

2051 5413 2175 5467 nico
2210 5414 2457 5468 videlicet
2484 5413 2708 5468 detenti.

2127 5503 2572 5572 παγκράτυρες,
2625 5521 2676 5572 p.
2712 5504 2837 5559 ιη.
2883 5505 3075 5559 Fuisse
3107 5520 3203 5575 per
3232 5505 3342 5560 bace
3369 5510 3564 5569 tempora

2052 5596 2190 5664 apud
2242 5594 2462 5649 Grzccos
2514 5595 2843 5667 Byzantinos
2875 5597 2928 5650 in
2990 5613 3086 5650 usu
3146 5597 3398 5667 frequenti
3436 5603 3564 5644 art-us

2049 5689 2307 5758 quosdam
2351 5687 2638 5756 peculiaris
2687 5687 2874 5742 formae
2901 5705 2929 5742 a
2963 5687 3170 5744 Latinis
3203 5697 3439 5757 acceptae,
3465 5692 3563 5748 qua

2048 5779 2298 5850 τζαῒῒρά
2334 5780 2414 5834 νει
2452 5779 2755 5849 τέατγροὺς
2797 5781 3079 5847 vocabant,
3120 5779 3444 5848 intelligimus
3462 5782 3560 5825 cum
