3744 6586
192 417 270 482 τε,
789 421 796 430 '
1481 403 1691 463 GLOSi

1879 406 2007 464 UM.

3258 401 3366 464 782

187 546 236 582 cI
262 523 363 580 aliis
385 519 504 577 locis
524 518 839 587 scriptorum
866 515 980 586 ejus
1007 518 1130 584 aevi,
1158 527 1266 572 tum
1302 533 1366 574 ex
1408 519 1511 572 hoc
1539 516 1682 570 Can-
1713 519 1760 576 Α
1859 514 2202 584 Φάμουσος,
2232 527 2286 583 p.
2330 512 2460 569 245.
2493 512 2702 570 Dudum
2755 514 2935 569 notavi
2985 514 3054 569 ad
3084 513 3174 570 illa
3203 517 3365 571 verba

187 616 386 673 tacuzeni
412 615 445 668 L
472 629 507 677 ι,
539 627 588 668 c.
611 611 698 675 '56,
727 627 782 682 [ι.
810 611 911 668 108
939 612 1026 668 ed.
1054 612 1189 682 Reg.
1225 628 1240 666 :
1276 611 1396 664 Τῶν
1423 611 1489 664 ὲκ
1517 609 1688 676 τόξων

182 707 438 766 Δατινικῶν
489 703 1143 776 λεγομένων⁶τζαγγρῶν
1208 704 1478 774 ἀφιέντων
1533 702 1686 772 βέλη.

181 795 448 866 llujusu‘mdi
495 795 726 850 arcubus
768 797 865 865 qui
921 804 1227 859 uterentur,
1276 795 1688 866 τζαγκράτορες

180 893 464 959 Pachymere
508 895 724 941 auctore
772 887 1126 951 vocabantur,
1172 888 1370 955 Opinor
1429 888 1537 941 ἀπο
1591 886 1688 940 τοῦ

177 980 362 1048 κρατεῖν
395 976 455 1028 τὰ
490 976 758 1045 τξαγγρά,
791 995 821 1029 a
858 993 1016 1031 manu
1046 978 1281 1033 tenendis
1317 980 1549 1050 tzangris
1583 978 1690 1033 La-

177 1073 275 1125 tina
291 1068 719 1138 formrearcubus.
751 1068 841 1123 Sic
866 1069 1030 1124 etiam
1065 1070 1168 1125 hoc
1211 1073 1532 1127 vocabulum
1568 1085 1692 1128 ant-

177 1178 224 1216 ea
271 1160 539 1225 scripserat
568 1156 782 1212 Nicetas
810 1159 861 1212 in
899 1158 1142 1212 Manuale
1165 1158 1442 1215 Cemneno
1466 1161 1500 1215 l.
1531 1176 1566 1214 ιι
1605 1162 1692 1217 his

174 1252 319 1307 verbis
341 1266 366 1303 a
389 1249 620 1304 Mcursio
651 1250 837 1306 relatis
868 1267 883 1306 :
915 1253 1262 1322 Φραξάμενοι
1297 1270 1378 1319 τε,
1421 1253 1502 1316 ὡς
1521 1250 1688 1324 εἶχον,

173 1349 226 1400 τὰ
246 1344 378 1413 τείχη
423 1342 662 1408 τοξόταις
689 1347 788 1398 ’καὶ
820 1345 1252 1416 τζαγγράτορσι.
1283 1345 1499 1402 Nicetas
1548 1348 1689 1402 idem

174 1441 215 1492 in
239 1437 422 1498 Alexio,
452 1436 490 1490 i.
521 1453 603 1502 ιιι,
644 1437 839 1492 milites
885 1438 1129 1508 ejusdem
1163 1440 1378 1509 generis
1419 1439 1692 1510 τζαγγρο-

171 1528 355 1592 τοξότας
403 1537 577 1582 vocat.
635 1528 864 1584 Eosdem
925 1546 1094 1600 porro
1126 1533 1406 1602 proprium
1434 1533 1692 1588 habuisse

173 1617 630 1689 στρατοπεδάρχην,
663 1623 799 1674 sicut
834 1620 923 1677 hic
957 1624 1117 1678 docet
1142 1623 1520 1695 Pachymenes,
1556 1641 1689 1680 conc

171 1714 335 1777 ﬁrmat,
389 1712 468 1767 bis
524 1711 644 1780 ejus
707 1714 1182 1785 στρατοπεδάρχου
1241 1716 1570 1772 mentionem
1605 1716 1690 1772 fa-

170 1812 306 1871 ciens,
336 1806 586 1862 Codinus.
617 1806 726 1862 Sed
778 1809 1064 1880 utrobique
1093 1811 1344 1867 mendum
1375 1823 1457 1867 est
1483 1812 1689 1868 librarii

166 1900 512 1971 τζαγγατόρων
540 1917 638 1971 pro
664 1902 1112 1974 τζαγγρατόρων,
1144 1906 1221 1959 ait
1254 1904 1548 1973 Meursius,
1579 1906 1689 1962 imo

166 2009 243 2065 pro
277 1994 712 2064 τξαγκρατὸρων,
761 1997 1075 2053 scribentis.
1131 1997 1188 2054 In
1227 2014 1357 2056 voce
1388 2000 1494 2056 hac
1524 2002 1689 2056 inter-

165 2086 379 2153 pretanda
411 2103 514 2142 non
542 2087 704 2141 debui
737 2088 995 2146 adbibere
1023 2094 1250 2163 arquitte
1288 2103 1379 2148 aut
1423 2094 1690 2163 sagittarii

165 2178 409 2240 vocabula,
443 2178 530 2250 [Ρ.
566 2179 694 2253 512]
726 2198 847 2252 quae
873 2184 1199 2254 peculiarem
1245 2186 1476 2240 formam
1512 2202 1692 2242 armo-

167 2284 258 2322 rum
301 2269 452 2340 hujus
479 2272 692 2328 ordinis
721 2288 824 2327 non
873 2275 1263 2345 exprimerent.
1316 2276 1531 2332 Retinui
1563 2293 1692 2349 ergo

164 2365 378 2427 tauquam
418 2364 702 2432 proprium
737 2364 892 2434 vulgo
917 2374 1047 2421 tunc
1077 2367 1330 2422 usitatum
1364 2385 1582 2427 nomen.

219 2455 412 2527 ηιιόαί,
445 2471 502 2524 p.
531 2455 660 2511 6M.
703 2455 841 2512 Nota
868 2468 950 2514 est
990 2460 1224 2530 vulgaris
1270 2471 1508 2530 potestas
1543 2464 1693 2521 vocis

162 2546 286 2616 τριϐὴ
318 2547 545 2617 duplex;
587 2566 708 2603 naut
745 2561 799 2605 et
843 2567 998 2607 usum
1053 2555 1447 2612 exercitatione
1478 2570 1691 2626 partum

161 2647 200 2691 et
244 2655 430 2695 moram
461 2651 563 2695 aut
598 2645 1000 2699 cunctationem
1035 2646 1176 2717 apud
1229 2658 1475 2705 auctores
1501 2651 1694 2708 classi-

165 2746 237 2786 cos
275 2743 452 2799 sonat;
512 2735 653 2808 quod
683 2745 969 2804 utrumque
994 2739 1233 2794 breviter
1268 2740 1571 2813 Hesychius
1597 2759 1696 2800 ex-

165 2827 345 2894 pressit,
399 2827 532 2883 dum
587 2829 748 2901 τριϐὴ
803 2831 1039 2901 explicat
1095 2834 1347 2906 διατριϐὴ
1409 2838 1440 2908 ἢ
1498 2839 1698 2910 βραδύ-

161 2936 256 2985 της.
284 2920 378 2975 Sed
415 2923 511 2976 hic
565 2934 752 2978 noster
806 2924 1002 2992 plurali
1065 2943 1290 2983 numero
1320 2945 1508 2985 vocem
1561 2933 1698 2988 hanc

164 3023 348 3080 usurpat
386 3015 685 3082 peculiari,
722 3019 774 3072 ni
809 3014 983 3082 fallor,
1017 3018 1259 3084 notione,
1295 3035 1392 3089 pro
1434 3021 1692 3078 induciis.

162 3103 402 3162 Sententia
429 3109 638 3178 quippe
669 3110 769 3164 ioci
813 3109 930 3165 hzec
960 3111 1170 3166 videtur
1206 3126 1347 3177 esse,
1402 3113 1698 3184 imperato-

1790 603 1961 660 Annae
1985 605 2322 670 Commenta,
2357 606 2393 666 l.
2424 622 2520 662 aut
2552 606 2847 671 Alexiadis,
2878 623 2930 678 p.
2963 607 3066 662 377
3105 625 3118 662 :
3151 608 3367 680 Φάμουυ

1795 699 1866 754 σά
1896 718 2016 754 τινα
2053 701 2356 771 γράφοντες
2384 701 2528 756 κατὰ
2557 701 2658 774 τὴν
2689 701 2784 756 τοῦ
2817 703 3084 775 βασιλέως
3106 705 3366 782 ἐρῤιπτον

1792 792 2094 864 σκηνήν.ει
2124 793 2228 848 hoc
2251 793 2457 849 Latinae
2485 794 2670 866 stirpis
2703 796 3025 852 vocabulum
3054 795 3369 868 Byzantium

1792 883 2015 941 Grmcim
2057 884 2224 941 fuisse
2274 889 2496 941 civitate
2531 889 2786 942 donatum
2832 889 2944 960 jam
2975 906 3003 944 a
3035 891 3368 959 temporibus

1790 974 1966 1032 Alexii
1991 977 2292 1044 Contneni;
2325 994 2432 1048 quo
2465 980 2643 1034 minus
2669 981 2866 1035 mirum
2921 991 3072 1037 tanto
3095 984 3368 1053 posterio-

1793 1083 1904 1122 rem
1941 1067 1991 1121 id
2016 1067 2124 1123 hoc
2154 1069 2279 1124 loco
2317 1084 2582 1139 usurpare
2608 1069 3026 1142 Pacbytncrem,
3063 1087 3131 1128 ex
3160 1075 3368 1144 vulgari

1792 1157 1906 1214 illic
1934 1162 2326 1217 consuetudine
2353 1162 2608 1232 loquendi
2633 1163 2833 1232 scripta
2867 1165 3126 1221 maledica
3157 1176 3373 1221 mutua-

1795 1257 1850 1306 to
1879 1250 1946 1306 ab
1970 1250 2119 1308 italis
2163 1255 2383 1308 nomine
2413 1255 2677 1325 φάμουσα
2704 1267 2758 1310 et
2789 1255 2991 1328 τόμους
3031 1258 3146 1314 sive
3176 1258 3372 1330 λόγους

1793 1343 2110 1414 φαμούσους
2136 1346 2428 1404 dicentem.

1864 1437 2055 1506 Φιάλη
2084 1439 2440 1508 ἐκκλησίας,
2471 1457 2526 1512 p.
2557 1441 2650 1496 22.
2693 1440 2889 1510 Φιάλη,
2917 1451 2974 1496 ιιι
3023 1443 3373 1500 doctissimus

1794 1527 2028 1586 Jacobus
2049 1530 2195 1586 Goar
2244 1533 2308 1589 0.
2331 1533 2391 1588 P.
2416 1535 2730 1591 observavit
2759 1537 2902 1592 netis
2922 1537 2988 1590 ad
3010 1538 3256 1604 διάταξιν
3271 1540 3372 1609 τῆς

1796 1620 2212 1691 ῑεροδιακονίας,
2272 1642 2324 1694 p.
2360 1626 2430 1679 25
2485 1627 2568 1682 sui
2605 1627 2945 1696 Eucbologii,
2998 1628 3120 1684 fons
3167 1633 3371 1687 eratin

1793 1713 2042 1772 coclesiis
2072 1713 2382 1770 Graecorum
2419 1719 2478 1770 ὲν
2509 1716 2646 1789 αὐλῇ
2662 1716 2758 1771 τοῦ
2785 1717 3078 1789 νάρθηκος,
3111 1719 3166 1773 in
3189 1721 3374 1776 subdi-

1796 1806 1903 1860 eali
1930 1822 2055 1859 area
2083 1805 2370 1870 narthecia,
2404 1809 2604 1864 ultimae
2637 1809 2806 1880 partis
2833 1810 2964 1864 aedis
2989 1798 3181 1876 sacrm,
3204 1826 3376 1882 aquas

1793 1897 2022 1954 fundens
2045 1899 2164 1954 usui
2187 1899 2254 1955 ad
2284 1900 2542 1956 lotionem
2568 1901 2776 1969 ingredi
2799 1902 3110 1958 volentibus
3138 1903 3372 1960 futuras.

1797 1988 1884 2062 [P.
1919 1990 2047 2063 515]
2065 1991 2358 2063 Colligitur
2385 2004 2564 2050 autem
2592 2009 2657 2050 es
2682 1993 3008 2052 Baisamoue
3044 1997 3111 2052 ad
3148 2013 3272 2056 can.
3306 1998 3376 2055 76

1796 2091 1966 2138 sextae
1995 2085 2209 2156 synodi,
2242 2101 2424 2141 aream
2459 2086 2625 2141 etiam
2655 2087 2850 2158 ipsam,
2902 2089 2953 2142 itt
2985 2105 3090 2159 qua
3125 2090 3245 2146 fons
3268 2101 3376 2157 est,

1796 2175 1994 2232 usitata
2022 2177 2277 2233 videlicet
2302 2179 2644 2250 synecdoche
2671 2181 2874 2251 φιάλην
2904 2182 3128 2238 dictam.
3159 2185 3379 2238 (lanuu-

1800 2279 1978 2324 merat
2006 2271 2152 2325 enim
2186 2272 2386 2341 φιάλας
2434 2274 2546 2336 τοῖς
2583 2273 2794 2345 ἑτέροις
2833 2275 3029 2345 μέρεσι
3072 2277 3182 2330 τῶν
3212 2277 3375 2332 Θείων

1797 2364 1966 2430 ναῶν,
2020 2365 2227 2434 phialas
2281 2367 2408 2421 aliis
2448 2367 2692 2436 partibus
2721 2384 3001 2424 sacrorum
3036 2371 3378 2442 templorum,

1799 2473 1938 2529 quas
1982 2472 2174 2514 omnes
2227 2468 2508 2529 utcunque
2569 2459 2882 2516 subdivales
2930 2465 3206 2518 communi
3243 2481 3377 2536 προ-

1801 2552 1945 2606 νάων
1968 2551 2189 2606 nomine
2219 2551 2602 2622 comprehendi
2631 2568 2694 2607 ex
2727 2554 3022 2622 probatiori
3049 2556 3231 2612 multis
3253 2573 3382 2613 sen-

1803 2644 1970 2698 tentia
2032 2644 2219 2700 tradit.
2274 2645 2374 2700 Est
2425 2644 2598 2715 igitur
2631 2646 2798 2716 φιάλη
2830 2646 2928 2717 τῆς
2969 2647 3268 2720 ἐκκλησίας
3297 2651 3379 2704 vel

1802 2734 1926 2790 fons
1966 2745 2090 2791 ante
2120 2735 2268 2791 fores
2301 2736 2431 2792 mdis
2466 2752 2641 2794 sacra
2681 2741 2910 2807 positus,
2968 2739 3052 2795 vel
3087 2754 3212 2797 area
3246 2757 3383 2813 quo-

1802 2844 1908 2900 que
1936 2829 2052 2898 ipsa
2083 2830 2268 2897 templi
2303 2829 2460 2886 ostiis
2487 2840 2772 2901 praetenta,
2805 2831 2856 2886 in
2889 2847 2996 2903 qua
3034 2837 3134 2889 sub
3160 2836 3285 2891 divo
3321 2838 3374 2892 in

1803 2923 2013 2976 concha
2044 2921 2166 2977 fons
2197 2919 2397 2979 tubulis
2424 2921 2621 2979 ductus
2657 2939 2826 2993 aquas
2860 2926 3119 2981 salientes
3143 2937 3377 2985 eructat.

1803 3013 2049 3068 lmitatos
2082 3021 2135 3068 ct
2165 3012 2314 3068 hunc
2358 3028 2561 3068 morem
2592 3013 2823 3072 Latinos
2867 3017 3209 3072 demonstrat
3238 3016 3380 3072 Pau-

1802 3103 1898 3159 lini
1951 3105 2123 3168 locus,
2182 3106 2342 3174 epist.
2372 3105 2443 3160 33
2474 3125 2488 3162 :
2528 3104 2592 3160 In
2621 3107 2896 3173 vestibulo,
2940 3107 3211 3178 inquiens,
3245 3125 3372 3164 ean-

161 3211 252 3251 rent
274 3209 429 3253 totum
460 3203 730 3257 intentum
760 3203 1030 3270 hostibus,
1059 3220 1087 3257 τι
1116 3205 1309 3275 quibus
1335 3221 1366 3260 ε
1393 3209 1698 3277 propinquo
1726 3221 1768 3281 ο
1801 3199 2012 3252 tharum
2067 3199 2311 3252 ministra
2352 3199 2618 3260 manibus.
2651 3209 2700 3255 et
2723 3200 2902 3254 oribus
2954 3203 3146 3255 nostris
3173 3203 3378 3271 ﬂuenta

161 3292 407 3349 molestius
438 3293 754 3363 urgebatur,
789 3297 1168 3366 reprimendis.
1208 3299 1451 3354 inducias
1485 3300 1697 3356 interim

158 3386 276 3440 velut
298 3390 563 3456 quasdam
594 3391 932 3446 concessisse
962 3389 1147 3447 Persis
1200 3409 1296 3461 per
1341 3401 1547 3448 tractus
1595 3395 1695 3449 im-

156 3479 267 3546 perii
310 3480 614 3536 Orientales
643 3483 1038 3552 grassantibus,
1078 3483 1211 3538 nihil
1243 3495 1428 3539 contra
1463 3502 1555 3541 eos
1586 3503 1699 3542 lllO-

151 3568 327 3637 licndo,
353 3574 540 3643 quoad
580 3573 719 3628 malo
752 3574 1002 3629 viciniori
1035 3585 1090 3629 et
1121 3576 1174 3630 in
1209 3577 1329 3631 sinu
1386 3580 1582 3646 posito,
1609 3581 1698 3648 ὲγ-

152 3665 360 3733 κολπίῳ,
400 3667 736 3720 mederetur.
792 3666 1052 3734 Suspicor
1083 3681 1212 3737 ergo
1237 3668 1292 3723 in
1325 3684 1422 3723 usu
1455 3673 1698 3741 populari

152 3753 441 3812 Graecorum
498 3757 918 3830 Byzantinorum
979 3758 1146 3812 fuisse
1201 3761 1524 3816 vocabulum
1582 3781 1702 3835 τρι-

152 3848 227 3900 δαὶ
252 3850 313 3903 ad
337 3851 758 3919 signiﬁcandum
788 3849 927 3920 quod
949 3848 1127 3906 Latini
1155 3852 1397 3907 inducias
1424 3855 1698 3911 dixerunt.

151 3939 641 4011 Argumentumque
703 3940 821 4011 ejus
876 3957 1030 3996 sunto
1059 3956 1124 3996 ex
1182 3943 1342 4012 722
1377 3959 1506 3998 voce
1542 3944 1702 3999 hodie

151 4032 334 4089 Gallica
391 4034 559 4089 ιιέτεα
590 4034 731 4089 idetn
765 4032 1001 4100 valente,
1048 4050 1208 4104 quam
1239 4045 1366 4105 puto
1396 4051 1426 4089 a
1474 4035 1700 4091 Francis

150 4127 419 4183 occasione
451 4142 733 4183 sacrarum
764 4127 1167 4196 expeditionum
1193 4127 1285 4183 diu
1321 4128 1430 4184 illic
1466 4130 1700 4184 versatis

151 4215 258 4270 inde
283 4218 506 4271 relatam
543 4217 599 4272 in
635 4219 886 4286 patriam.

216 4308 602 4380 Ύπέρπυρον,
634 4326 686 4380 p.
729 4310 854 4368 διδ.
905 4310 1097 4366 Merito
1150 4311 1321 4367 elevat
1357 4313 1700 4383 largitionem

145 4416 227 4456 sex
255 4403 703 4476 hyperpyrorum,
740 4403 809 4466 si,
853 4404 994 4473 quod
1022 4420 1088 4459 ex
1111 4403 1303 4460 Graeco
1351 4406 1566 4461 homine
1597 4406 1700 4461 [ide

146 4494 454 4563 dignissimo
479 4495 684 4560 audivi,
715 4497 1032 4566 ὑπέρπυρον
1065 4498 1376 4553 numntulus
1400 4509 1481 4553 est
1504 4514 1697 4570 argen-

1803 3298 2098 3342 ructantem
2150 3289 2462 3358 fastigiatus
2519 3288 2691 3343 solido
2734 3304 2836 3342 tere
2891 3290 3062 3342 (holus
3129 3300 3283 3344 ornat
3329 3301 3381 3345 et

1801 3384 2090 3448 inumbrat,
2125 3399 2226 3436 non
2253 3383 2365 3436 sine
2401 3383 2622 3454 mystica
2652 3383 2818 3449 specie
2851 3393 3084 3453 quatuor
3116 3384 3380 3437 columnis

1801 3475 2048 3529 salientes
2095 3491 2262 3544 aquas
2299 3475 2555 3531 ambiens.
2591 3473 2666 3530 De
2717 3490 2865 3529 more
2900 3475 3124 3545 antiquo
3151 3475 3369 3532 lavmdl

1804 3587 1997 3626 manus
2017 3583 2168 3626 extra
2203 3572 2487 3628 ecclesiam
2531 3580 2659 3626 ante
2687 3571 2988 3642 ingressum
3020 3571 3142 3626 vide
3171 3572 3379 3641 episto~

1802 3665 1908 3718 lam
1937 3663 1996 3718 S.
2027 3663 2133 3718 Nili
2165 3664 2254 3731 24,
2286 3665 2324 3720 l.
2352 3664 2483 3720 ted.
2509 3662 2666 3722 Rom.
2698 3665 2840 3736 typis
2869 3663 3197 3730 Barberluis,
3230 3679 3284 3733 p.
3322 3665 3378 3724 9.

1873 3757 2037 3828 723
2071 3758 2552 3825 Φυλλοκρινεῖν,
2619 3773 2672 3828 p.
2733 3756 2854 3811 115.
2927 3755 3384 3828 Ὲφυλλοκρενουν

1803 3848 2049 3918 ἀκριϐῶς
2072 3849 2170 3919 τὴν
2203 3848 2485 3919 ἐξήγησιν.
2516 3847 2591 3902 Ita
2624 3848 2928 3904 clarissime
2953 3848 3211 3919 exprimit
3237 3849 3382 3903 hunc

1805 3939 1982 3995 locum
2011 3941 2180 3995 codex
2215 3942 2456 4010 optimus
2494 3939 2849 4006 Barbcrinus,
2881 3957 3041 4010 quem
3069 3943 3182 3995 base
3208 3941 3377 3997 editio

1804 4034 2073 4104 praecipue
2117 4035 2269 4103 sequi
2325 4034 2624 4103 proﬁtetur.
2678 4035 2860 4100 Quare
2890 4034 3055 4087 aliam
3089 4035 3376 4089 lectionem

1803 4127 2058 4181 Allatiani
2115 4125 2492 4196 ἑφιλοκρίνουν
2523 4140 2620 4195 pro
2669 4125 3093 4198 ἔφυλλοκρίνονν
3125 4127 3377 4197 legentis,

1805 4220 2001 4275 silente
2037 4219 2336 4289 praesertim
2378 4217 2662 4284 Vaticano,
2698 4220 2789 4287 qui
2822 4233 3036 4273 comma
3069 4217 3214 4273 istud
3237 4234 3378 4289 prae-

1807 4311 1953 4377 terit,
1986 4310 2412 4380 posthabentlam
2437 4309 2588 4374 duxi,
2616 4309 2714 4364 etsi
2744 4310 2888 4364 ultro
2918 4309 3092 4365 fatear
3120 4311 3239 4382 ejus
3271 4327 3373 4366 es-

1806 4404 2124 4474 peditiorem
2177 4419 2393 4459 sensum
2450 4417 2590 4458 esse.
2643 4401 2775 4458 Nam
2813 4407 3146 4474 φιλοκρινεῖν
3192 4415 3385 4464 notum

1806 4498 2029 4551 verbum
2064 4506 2171 4561 est,
2225 4496 2389 4550 etiam
2425 4497 2708 4551 commode
2762 4496 3040 4565 quadrans
3075 4497 3124 4548 in
3154 4507 3382 4548 seruen-

144 4596 252 4643 teus
281 4598 516 4658 quatuor
576 4588 748 4656 aspris
803 4587 1155 4656 mquivalens.
1208 4587 1341 4642 Cum
1397 4602 1599 4658 autem,
1645 4601 1703 4645 ut
1731 4585 1783 4644 D
1813 4589 1939 4642 tiam
1994 4588 2128 4642 loci.
2183 4587 2287 4642 Sed
2321 4603 2444 4641 cum
2475 4587 2643 4642 sciam
2690 4586 3074 4656 Pachynterem
3107 4585 3174 4640 ab
3199 4587 3376 4640 obviis

147 4680 277 4734 idem
315 4680 583 4741 tradebat.
617 4695 776 4748 aspra
809 4695 912 4734 non
949 4680 1070 4747 plus
1104 4680 1313 4749 singula
1353 4681 1567 4735 valeant
1611 4699 1708 4738 sex
1806 4695 1950 4745 saepe
1996 4678 2267 4748 refugere,
2320 4678 2647 4734 obsoletiora
2681 4678 2874 4747 cupide
2901 4692 3207 4742 accersere,
3237 4681 3380 4732 arbi-

147 4773 355 4827 ntinutis
383 4772 550 4827 :encis
580 4772 693 4826 sive
744 4772 1033 4841 quatrinis,
1093 4781 1150 4824 ut
1185 4772 1346 4839 vulgo
1401 4772 1488 4826 hic
1521 4772 1704 4828 Romae

145 4865 442 4935 loquuntur,
505 4879 735 4934 quorum
787 4863 1181 4934 quinquaginta
1210 4862 1409 4916 Julium
1446 4864 1559 4917 sive
1604 4864 1700 4918 de-

146 4963 344 5015 narium
365 4960 670 5015 Romanutn
697 4957 870 5028 pretio
902 4957 1205 5025 adaequant,
1245 4956 1566 5025 intelligitur
1598 4959 1702 5026 Ity-

147 5071 397 5126 perpyron
455 5055 738 5124 quatrinos
789 5051 979 5121 viginti
1035 5060 1268 5120 quatuor
1300 5050 1554 5120 pendere,
1599 5052 1702 5105 hoc

148 5159 244 5214 est,
278 5164 341 5203 ue
371 5147 700 5218 semijuliutn
734 5146 952 5215 quidem
998 5143 1325 5207 Romanum,
1362 5159 1518 5214 quem
1555 5160 1703 5213 gros-

146 5257 253 5293 sum
285 5250 490 5306 vocant,
523 5240 885 5294 aestimatione
937 5236 1186 5303 assequi;
1226 5252 1350 5290 nam
1415 5235 1460 5289 is
1511 5235 1698 5304 viginti

150 5335 372 5404 quinque
407 5333 694 5402 quatrinos
718 5331 980 5384 continet.
1014 5327 1286 5384 Usitatum
1319 5337 1374 5382 et
1407 5327 1528 5382 aliis
1559 5328 1701 5382 scri-

147 5427 375 5492 ptoribus
426 5428 530 5481 hoc
584 5425 785 5479 Graecae
821 5430 1068 5476 monetae
1129 5437 1325 5475 nomen
1397 5421 1596 5474 dudum
1648 5429 1701 5474 te

149 5521 398 5578 Meursius
432 5519 681 5576 docuerit
708 5519 845 5573 :‘sed
874 5527 1135 5586 quantum
1163 5529 1223 5568 ea
1263 5515 1458 5577 valeat,
1491 5513 1534 5566 si
1577 5528 1702 5568 cre-

151 5617 364 5670 dendum
414 5613 636 5668 duxeris
691 5611 743 5666 in
800 5627 857 5664 re
901 5609 1212 5664 Graecorum
1249 5607 1523 5674 popularis
1572 5619 1700 5660 usus

153 5710 340 5764 homini
376 5719 498 5763 nato
531 5709 869 5773 educasoquc
903 5703 956 5756 in
1009 5699 1218 5756 Graecia
1270 5699 1412 5753 unde
1441 5713 1538 5753 nos
1571 5698 1702 5751 hau-

151 5802 329 5867 simus,
373 5816 435 5856 ex
483 5803 583 5855 hac
638 5807 824 5853 nostra
862 5794 1153 5850 testimonii
1195 5793 1312 5864 ejus
1357 5790 1696 5857 recitatione,

154 5891 327 5961 lector,
357 5895 545 5949 disces.

1810 4779 1922 4822 tror
1957 4769 2110 4836 illum
2141 4785 2264 4823 raro
2291 4769 2551 4823 vocabulo
2595 4768 2682 4824 hie
2710 4769 2785 4822 uti
2817 4768 3094 4833 maluisse,
3141 4781 3196 4824 et
3236 4773 3375 4839 quod

1806 4864 1977 4916 codex
2011 4864 2252 4916 omnium
2295 4862 2766 4916 emendatissitntts
2803 4864 3013 4927 suadet,
3061 4865 3378 4936 ἐφυλὶοκρί-

1807 4971 1929 5007 νουν
1957 4955 2226 5024 posuisse,
2263 4963 2320 5008 ut
2349 4954 2614 5009 indicaret
2638 4955 2845 5022 singula
2879 4954 3002 5008 folia
3035 4957 3379 5011 dissertatio-

1807 5049 1893 5102 nis
1923 5063 1952 5100 a
1984 5049 2158 5103 Vecco
2190 5049 2406 5116 scriptm
2427 5063 2658 5102 excussa
2688 5057 2989 5116 perattente
3019 5065 3046 5100 a
3083 5049 3378 5104 lectoribus

1808 5139 1992 5195 fuisse.
2030 5140 2227 5194 lterum
2273 5142 2447 5194 tttitur
2479 5141 2581 5194 hoc
2620 5143 2786 5194 verbo
2816 5150 3023 5206 noster,
3050 5157 3101 5209 p.
3131 5143 3255 5206 148,
3285 5144 3374 5195 ubi

1803 5234 1882 5288 sic.
1906 5234 2100 5288 scribit
2145 5235 2213 5288 de
2253 5233 2617 5288 odiosissimis
2659 5233 3105 5290 criminatoribus
3149 5234 3375 5289 asseclit

1803 5327 2083 5381 Athanasii
2126 5327 2450 5395 patriarcha:
2481 5341 2497 5381 :
2531 5327 2636 5379 Καὶ
2669 5325 2919 5380 τοσοῦτον
2951 5327 3372 5398 ἐφυλλοκρενουν

1802 5419 1972 5472 ταῦτα
2023 5420 2118 5472 καὶ
2165 5422 2374 5483 ποιναῖς
2418 5418 2757 5484 ὲξεκόλαζον,
2801 5419 2876 5482 ὡς
2925 5417 3000 5490 μὴ
3051 5418 3213 5487 μόνον
3249 5422 3375 5480 τοὺς

1801 5509 2227 5581 ἀδιαφοροῦντας
2253 5511 2484 5564 δεδιέναι
2529 5512 2621 5564 xa‘t
2648 5511 2873 5582 τρέμειν
2898 5511 3123 5565 ἐκείνων
3150 5511 3377 5565 intata-

1807 5604 1947 5663 clav.
1983 5604 2121 5658 ἀλλὰ
2164 5607 2258 5659 καὶ
2287 5605 2378 5658 τὸν
2412 5603 2675 5658 δοκοῦντα
2709 5601 3243 5675 προσεκτικώτατον.
3279 5603 3376 5658 Htc

1804 5695 2056 5751 similiter
2088 5696 2424 5750 Barberiuus
2457 5695 2623 5750 codex
2661 5694 2964 5749 clarissime
2990 5679 3182 5749 scribit
3214 5695 3378 5762 ἐφυὶς

1803 5787 2106 5858 λοκρίνουν,
2142 5785 2416 5840 Allatiano
2472 5787 2524 5840 in
2558 5801 2658 5840 suo
2713 5773 3086 5856 ἐφιλοκρένουν
3121 5800 3378 5852 perseve-

1807 5887 1983 5944 rante,
2016 5875 2278 5932 Vaticano
2315 5884 2490 5932 autem
2521 5875 2599 5932 sic
2631 5874 2806 5932 locum
2839 5876 3175 5948 exprimente
3211 5890 3227 5934 :
3266 5871 3373 5932 Kal
