3744 6566
381 389 488 454 783

980 392 1046 453 P.
1087 391 1385 453 POSSINI
1425 391 2073 455 OBSERVATIONUM
2104 393 2246 454 Lm.
2291 395 2336 453 ι.
2369 420 2434 428 —-
2469 348 2984 456 GLOSS.\RtlJM.
3491 401 3572 464 ut

376 504 636 560 τοσοῦτον
661 501 834 558 ταῦτα
871 501 1217 568 ἐξετάζοντες
1248 503 1566 568 ἑξεκόλαζον
1596 503 1760 559 ὥστε.
1791 503 1946 560 Vide-

2057 505 2278 560 alterius
2311 506 2328 560 l
2366 506 2494 574 Reg.
2534 521 2607 574 tv,
2630 505 2700 563 29
2745 524 2760 562 :
2803 507 2960 561 Dedit
3019 520 3223 578 quoque
3263 507 3399 563 Deus
3448 510 3574 569 Salo-

378 608 466 651 tur
497 596 632 652 velle
657 604 848 649 auctor
874 604 1014 648 totos
1045 594 1180 648 istos
1210 593 1377 650 fuisse
1402 596 1454 650 in
1486 597 1724 653 studiose
1749 613 1950 668 cogno-

376 692 590 766 scendis
647 687 844 743 libellis
892 687 1224 741 delationum
1253 726 1269 751 ,
1304 697 1584 758 utcunque
1634 691 1950 760 nugatoria-

379 797 522 844 rum.
572 779 781 836 chartis
811 779 1120 835 istiusmodi
1170 783 1382 836 cunctis
1415 782 1572 836 avide
1609 784 1943 838 scrutandis.

374 873 676 926 Conﬁrmat
725 872 988 926 hactenus
1053 871 1195 925 dicta
1252 881 1307 926 et
1367 873 1507 926 alius
1547 875 1716 928 nostri
1773 875 1945 940 locus,

355 979 428 1033 ap.
457 963 562 1018 357
597 979 612 1017 :
651 962 910 1023 Βασιλεὺς
937 962 983 1014 δ’
1019 962 1169 1032 ὅμως
1191 963 1340 1027 ἅπας
1366 964 1452 1018 διὰ
1483 967 1690 1018 σκοποῦ
1721 967 1947 1034 θέμενος

374 1054 574 1116 αὐτοὺς
645 1052 1087 1120 προσλαϐέσθαι,
1146 1054 1300 1109 οὐδὲν
1366 1055 1740 1126 ὲφυλλοκρίνει
1813 1059 1948 1128 πρὸς

373 1145 547 1199 ’ταῦτα
571 1161 587 1176 ο
628 1144 782 1200 Nihil
817 1147 1034 1200 nimium
1062 1149 1297 1201 scrutari
1331 1157 1424 1202 aut
1459 1149 1723 1203 curiosius
1747 1149 1948 1219 disqui-

375 1257 491 1296 rere
519 1244 586 1294 de
610 1241 692 1295 his
721 1240 908 1295 voluit.

438 1334 600 1402 Χοᾶς
631 1333 974 1402 θαλάσσης,
1008 1351 1060 1404 p.
1098 1333 1227 1390 279.
1256 1333 1399 1388 Finit
1441 1334 1574 1389 mihi
1613 1349 1828 1391 crucem
1858 1337 1946 1393 hic

343 1427 528 1482 -locus
556 1427 696 1481 haud
731 1428 785 1481 itt
829 1437 1080 1496 promptu
1109 1427 1332 1482 habenti
1369 1428 1497 1494 quid
1533 1427 1622 1482 hic
1648 1439 1828 1484 essent
1854 1439 1945 1484 aut

341 1529 630 1584 :quorsum
653 1515 760 1569 huc
783 1514 1023 1570 lacerent
1046 1516 1293 1584 xoai,seu
1321 1516 1523 1582 verius,
1544 1527 1600 1571 ut
1623 1534 1744 1572 mox
1767 1529 1948 1575 osten-

373 1606 520 1671 dam,
554 1608 700 1676 χοεῖς
740 1605 1037 1677 θαλάσσης.
1066 1607 1208 1672 Quid
1239 1606 1591 1661 divinaverim
1621 1624 1942 1680 proponam.

343 1694 599 1751 "Videtur
627 1705 820 1752 auctor
875 1697 1127 1753 allusisse
1156 1697 1498 1768 proverbium
1534 1714 1565 1754 e
1595 1701 1768 1755 sacris
1794 1715 1946 1755 sum-

333 1811 343 1840 ε
368 1798 518 1858 ptum
552 1789 779 1844 Litteris
806 1789 873 1845 de
900 1805 960 1844 re
989 1805 1150 1858 quam
1183 1789 1306 1860 quis
1333 1789 1566 1860 cuipiam
1603 1791 1827 1845 minime
1864 1791 1948 1846 in-

364 1881 554 1938 dicare
585 1883 884 1948 curaverit,
920 1892 978 1936 ut
1021 1882 1161 1937 Deus
1197 1881 1510 1939 hominibus
1539 1890 1672 1953 quot
1721 1883 1944 1954 hytlrias

364 1975 482 2029 sive
511 1989 666 2044 aquae
703 1989 993 2031 mensuras
1057 1976 1338 2030 contineat
1367 1990 1539 2031 mare.
1567 1979 1708 2031 Ante
1759 1976 1941 2032 omnia

359 2066 804 2122 constituendum
855 2075 941 2122 est
988 2081 1177 2122 vocem
1209 2068 1341 2138 χοᾶς
1383 2068 1433 2122 in
1485 2070 1772 2123 accusandi
1811 2083 1941 2123 casu

363 2158 555 2228 plurali
584 2160 896 2231 signiﬁtmre
919 2169 1124 2216 certam
1160 2175 1464 2216 mensuram
1491 2160 1739 2231 liquoris.
1772 2161 1941 2215 Docet

362 2252 464 2307 hoc
499 2253 822 2310 scholiastes
855 2255 1236 2324 Aristophanis
1293 2255 1362 2309 ad
1409 2255 1559 2310 illum
1600 2255 1719 2324 ejus
1769 2266 1940 2324 poeta:

362 2345 415 2398 in
451 2347 714 2400 comedis
739 2346 986 2417 Νεφέλαι
1017 2348 1160 2401 dicta
1200 2347 1380 2402 locum
1414 2364 1430 2402 :
1472 2347 1571 2412 Ἓξ
1599 2349 1730 2416 χοᾶς
1758 2349 1940 2420 χωρή-

361 2450 535 2488 σεται.
555 2433 663 2491 υὴί
681 2435 765 2490 sic
788 2436 1006 2490 aduolat
1039 2451 1054 2490 :
1084 2434 1257 2500 Ῑοεὺς
1284 2436 1342 2490 δέ
1367 2437 1516 2492 ἔστιν
1545 2431 1681 2499 εἶδος
1712 2439 1937 2506 μέτρου,

295 2552 303 2558 ~
355 2519 403 2596 ᾧ
433 2526 694 2598 μετροῦσι
720 2527 814 2583 τὸν
840 2524 982 2583 οἶνον
1005 2545 1022 2562 ο
1046 2529 1074 2582 ὃ
1097 2529 1192 2583 καὶ
1221 2529 1466 2584 κλίνεται
1495 2529 1665 2600 χοέως
1694 2529 1936 2599 πηλέως,

356 2623 434 2684 ὡς
465 2623 558 2676 καὶ
586 2622 644 2677 ὲν
687 2620 990 2687 Ἱππεῦσιν,
1033 2621 1174 2674 Ἀλλ’
1205 2619 1395 2691 ἐνεγκέ
1436 2638 1528 2692 μοι
1557 2622 1767 2691 ταχέως
1787 2622 1936 2674 οἴνου

351 2715 478 2785 χοᾶ.
549 2711 816 2768 Ἐνταῦθα
874 2715 932 2768 δὲ
979 2713 1039 2767 τὸ
1097 2716 1251 2785 χοᾶς,
1316 2715 1366 2768 si
1415 2713 1514 2784 μὲν
1577 2714 1935 2784 περισπᾶται,

359 2805 446 2877 [Ρ.
483 2804 611 2878 514]
641 2808 705 2859 ἐκ
747 2807 940 2860 τούτου
972 2806 1067 2860 τοῦ
1114 2807 1273 2876 χοεύς
1301 2808 1419 2860 ἐστι
1474 2805 1617 2861 κατὰ
1647 2806 1936 2876 ποιητικὴν

355 2897 541 2950 ἄδειαν
561 2914 575 2930 ο
608 2899 736 2967 χοῆς
758 2897 868 2968 γὰρ
902 2897 1137 2965 ὤφειλεν
1168 2899 1373 2964 εἰπιῖν,
1403 2897 1480 2962 ὡς
1511 2899 1702 2968 ἱππῆς.
1731 2898 1934 2952 Simili-

360 2999 443 3044 ter
467 2996 520 3044 et
555 2988 869 3046 Eustathius
897 2989 965 3044 ad
1019 2988 1216 3059 Odyss.
1269 3005 1342 3045 a:
1379 2989 1538 3042 Ἔστι
1590 2988 1682 3042 καὶ
1723 2990 1752 3043 ὁ
1778 2988 1936 3058 χοεὺς

363 3079 562 3150 μέτρον
590 3097 666 3133 τι.
696 3078 828 3135 Vide
855 3089 909 3134 et
934 3079 1086 3135 illum
1111 3081 1177 3134 ad
1207 3078 1376 3135 Iliad.
1408 3097 1446 3146 t,
1475 3080 1543 3135 ad
1571 3077 1744 3134 Iliad.
1792 3097 1854 3144 π,
1877 3087 1936 3132 et

2052 598 2194 652 mani
2230 597 2566 653 latitudinem
2601 599 2772 652 cordis
2801 600 2956 667 quasi
3003 615 3240 664 arenam,
3279 617 3396 670 quae
3429 615 3495 657 est
3537 609 3578 660 in

2053 689 2229 744 littora
2261 689 2451 753 maris,
2475 690 2687 757 Greece,
2720 695 2814 744 καὶ
2839 684 2990 762 χῦῥα
3017 693 3244 760 καρδίας
3271 695 3346 754 ὡς
3374 695 3406 762 ἠ
3433 696 3579 764 ἄμμος

2050 783 2082 852 ὴ
2121 780 2272 852 παρὰ
2295 781 2392 850 τὴν
2421 779 2718 845 θάλασσαν,
2750 783 2838 838 ubi
2878 784 3060 854 ἄμμος
3088 785 3434 854 singulariter
3460 791 3580 854 poni-

2051 879 2139 924 tur
2184 884 2281 938 pro
2334 885 2483 935 vase,
2529 878 2588 926 ut
2644 871 2724 924 sic
2779 871 2975 938 dicam,
3034 882 3129 927 aut
3161 874 3313 928 alveo
3364 878 3513 931 utaris
3539 879 3578 934 in

2052 974 2216 1017 arena
2251 963 2452 1032 ubique
2482 963 2755 1027 cubantis,
2789 963 2876 1017 cui
2909 964 3042 1028 vasi,
3074 978 3178 1018 non
3229 974 3408 1020 autem
3440 983 3583 1024 arente

2051 1055 2319 1124 granatim
2352 1063 2603 1124 sumptas,
2634 1055 2885 1109 convenit
2921 1053 3070 1126 χῦμα
3100 1057 3350 1122 latitudo,
3380 1073 3489 1127 qua:
3517 1061 3579 1116 illi

2051 1146 2308 1203 tribuitur
2363 1149 2419 1202 in
2479 1148 2597 1203 loco
2653 1146 2770 1204 illo.
2805 1147 2987 1214 Quare
3033 1149 3090 1203 in
3133 1149 3235 1203 hoc
3277 1161 3457 1206 nostro
3489 1157 3581 1222 pari

2049 1236 2272 1292 notione
2307 1251 2594 1307 possumus
2647 1239 2897 1306 accipere
2939 1237 3080 1292 idem
3114 1239 3305 1309 ἄμμου
3351 1251 3404 1295 et
3435 1257 3584 1300 arena:

2045 1343 2271 1393 nomen,
2322 1343 2418 1399 pro
2445 1329 2598 1384 alveo
2630 1331 2841 1386 scilicet
2879 1331 3240 1400 capacissimo
3295 1335 3460 1390 maris
3489 1337 3584 1391 uni-

2047 1418 2220 1485 versi;
2265 1419 2318 1474 in
2354 1435 2483 1489 quo,
2540 1419 2629 1475 ubi
2679 1423 2748 1477 de
2780 1437 3006 1478 numero
3051 1424 3249 1494 agitur,
3277 1428 3584 1496 synecdoche

2047 1510 2404 1565 usitatissima
2435 1511 2766 1566 continentis
2793 1527 2890 1581 pro
2913 1522 3189 1581 contento,
3221 1515 3364 1570 sicut
3399 1519 3584 1584 quando

2049 1603 2228 1656 vinum
2259 1613 2484 1658 vocatur
2520 1603 2688 1668 calix,
2722 1603 3126 1674 intelligendum
3167 1607 3237 1662 sit
3261 1607 3344 1677 agi
3375 1609 3437 1662 de
3461 1622 3585 1663 mea-

2047 1710 2172 1750 sura
2195 1695 2423 1766 liquoris
2454 1696 2592 1766 ejus,
2640 1696 2713 1750 ita
2747 1704 2806 1750 ut
2833 1696 3014 1751 dicere
3047 1697 3220 1763 :Quis
3262 1701 3584 1753 dinumerarit

2047 1800 2283 1857 arenam,
2317 1787 2389 1845 sit
2414 1789 2597 1845 dicere
2629 1806 2644 1843 :
2682 1788 2814 1855 Quis
2851 1799 2982 1843 tenet
3023 1805 3299 1844 numerum
3335 1795 3584 1859 amphora-

2047 1899 2163 1936 rum
2196 1891 2287 1936 aut
2319 1897 2594 1937 urceorum
2627 1899 2798 1954 aque,
2824 1884 3012 1954 quibus
3043 1893 3156 1938 tota
3185 1886 3427 1954 expletur
3451 1903 3586 1956 capso

2043 1973 2176 2026 citas
2234 1973 2394 2027 utaris
2424 1973 2450 2026 ?
2478 1973 2653 2043 Atque
2715 1981 2774 2028 ut
2810 1974 2902 2028 illo
2937 1975 3308 2031 Ecclesiastici
3347 1978 3583 2047 principio

2045 2065 2184 2120 Deus
2215 2075 2452 2122 ostentat
2475 2075 2802 2124 reservatam
2835 2067 2996 2121 istam
3031 2069 3133 2123 sibi
3175 2069 3424 2124 notitiam
3459 2086 3585 2125 meu-

2042 2173 2290 2213 surarum
2333 2158 2584 2213 elementi
2649 2156 2922 2212 Oceanum
2980 2159 3281 2228 impleatis,
3351 2161 3423 2215 ita
3480 2161 3582 2216 iul.

2037 2251 2142 2306 Job
2196 2267 2246 2306 c.
2289 2266 2480 2317 xsvnt,
2525 2252 2616 2313 25,
2648 2249 2809 2306 istam
2843 2250 3125 2306 scientiam
3156 2266 3217 2306 se
3258 2265 3458 2322 negare
3506 2253 3586 2308 lto-

2041 2344 2276 2401 minibus
2331 2354 2386 2398 et
2424 2345 2527 2400 sibi
2561 2352 2615 2397 ut
2652 2344 2926 2415 prOpriam
2968 2345 3167 2400 habere
3207 2345 3432 2400 innuit:
3469 2344 3583 2399 Deus

2038 2437 2284 2507 intelligit
2334 2439 2471 2492 uiam
2523 2439 2635 2508 ejus
2671 2439 3000 2508 (sapientiae)
3041 2449 3087 2494 et
3122 2439 3233 2509 ipse
3267 2441 3410 2495 nouit
3439 2441 3582 2494 locum

2037 2529 2206 2581 illius.
2244 2527 2365 2597 Ipse
2390 2530 2527 2583 enim
2559 2529 2690 2597 ﬁnes
2720 2531 2902 2584 mutuli
2930 2532 3186 2595 intuetur,
3213 2542 3261 2586 et
3289 2533 3465 2586 omnia
3486 2547 3585 2600 qua

2037 2620 2130 2674 sub
2175 2619 2302 2675 caelo
2333 2630 2453 2674 sunt
2494 2622 2752 2687 respicit;
2791 2623 2884 2690 qui
2913 2623 3035 2691 fecit
3087 2634 3252 2677 ventis
3307 2626 3520 2692 pondus,
3544 2634 3582 2677 et

2039 2731 2205 2785 aquas
2252 2713 2496 2782 appendit
2535 2715 2590 2768 in
2649 2729 2919 2768 mensura.
2964 2713 3022 2767 lu
3051 2713 3242 2770 Grteco
3276 2715 3476 2784 legerat
3503 2714 3588 2768 Pa-

2037 2809 2319 2878 chymeres
2343 2821 2439 2877 pro
2480 2806 2563 2862 his
2611 2807 2818 2861 ultimis
2852 2805 3034 2861 verbis
3069 2805 3262 2870 ῦδατος
3315 2807 3484 2876 μέτρα
3513 2807 3584 2859 ὅτε

2036 2897 2310 2966 ἐποίησεν,
2341 2913 2490 2967 aqua
2543 2912 2814 2951 mensuras
2862 2897 3075 2965 quando
3133 2897 3276 2963 fecit.
3333 2898 3409 2952 En
3455 2912 3585 2967 aqua

2038 3004 2320 3042 mensuras
2351 2987 2611 3057 singulari
2669 2987 2759 3042 Dei
2787 2987 3027 3042 scientiae
3056 2988 3308 3057 imputat.
3339 2988 3579 3043 Similiter

2035 3089 2091 3136 et
2120 3082 2365 3150 ejusdem
2399 3079 2522 3134 libri
2550 3077 2651 3134 Job
2679 3093 2730 3134 c.
2753 3094 2987 3143 xssvut,
3016 3080 3156 3136 inter
3190 3081 3582 3150 esprimeodum

357 3172 424 3226 ad
443 3169 638 3242 Odyss.
663 3189 716 3225 σ.
761 3170 898 3226 liinc
919 3173 1220 3241 sumpsisse
1251 3172 1356 3227 hoc
1385 3171 1606 3226 verbum
1637 3169 1935 3242 Pachyme—
1961 3185 2006 3248 ρ
2041 3167 2331 3238 magniﬁce
2361 3169 2492 3238 quid
2531 3169 2671 3224 Deus
2702 3169 2874 3237 possit
2904 3176 2959 3223 ct
2982 3170 3143 3235 sciat,
3180 3170 3312 3240 quid
3337 3180 3584 3240 nequeant

360 3280 476 3320 rem
508 3275 596 3320 est
618 3265 897 3331 credibile,
927 3265 1363 3320 versutissimum
1394 3263 1670 3319 hominem
1700 3263 1753 3320 in
1778 3265 1938 3319 scho-

358 3356 448 3412 liis
481 3365 767 3427 poetarum
809 3357 1187 3428 antiquorum,
1242 3357 1322 3412 uti
1371 3357 1536 3412 etiam
1589 3355 1938 3425 peculiariter

361 3449 478 3517 ipse
510 3449 807 3519 slgnillcat,
831 3465 886 3519 p.
935 3449 1062 3507 506.
1094 3449 1239 3512 Χοᾶς
1267 3461 1400 3519 ergo
1439 3449 1615 3519 μέτρα
1645 3447 1934 3504 intellexit.

360 3539 588 3598 Videtur
613 3549 794 3594 autem
821 3540 1078 3596 habuisse
1109 3541 1224 3596 hac
1249 3543 1496 3596 scribens
1527 3541 1581 3595 in
1613 3541 1792 3597 animo
1819 3541 1938 3598 loca

369 3631 458 3686 illa
493 3647 773 3688 sacrarum
794 3631 1157 3699 Litterarum,
1189 3632 1356 3704 ’124
1386 3633 1583 3702 quibus
1621 3631 1765 3690 Deus
1795 3634 1939 3690 inter

359 3738 424 3778 ca
458 3738 578 3793 quae
608 3723 710 3778 sibi
741 3723 1045 3790 notissima,
1067 3723 1558 3790 incompertissima
1591 3732 1720 3780 sunt
1763 3724 1936 3779 homi-

359 3817 538 3881 nibus,
571 3827 825 3871 numerat
845 3830 1156 3872 mensuram
1190 3817 1382 3883 maris,
1414 3831 1699 3872 numerum
1724 3817 1936 3872 scilicet

360 3906 677 3977 hydriarum
719 3913 814 3960 aut
843 3913 1224 3972 metretarum,
1283 3921 1390 3976 quo
1420 3907 1674 3963 delinitur
1704 3907 1936 3963 immen-

356 3998 496 4052 sitas
553 3995 820 4050 uudarum
877 3995 1019 4066 ejus.
1083 3995 1452 4054 Ecclesiastici
1505 4013 1551 4065 ι,
1598 3996 1936 4056 2εΔνιηαηι

358 4088 526 4142 maris
557 4099 605 4143 et
632 4088 823 4158 pluviae
856 4099 1040 4160 guttas
1062 4101 1109 4145 et
1141 4090 1252 4146 dies
1279 4091 1461 4146 saeculi
1483 4091 1599 4160 quis
1622 4091 1928 4145 dinumera-

357 4181 427 4233 vit
449 4180 476 4234 Ρ
499 4179 688 4236 Graece
741 4182 928 4253 ἄμμον
971 4182 1279 4238 θαλασσῶν.
1315 4182 1420 4238 Ubi
1452 4184 1556 4238 etsi
1589 4183 1780 4238 obvius
1808 4198 1934 4238 sen-

358 4288 455 4326 sus
483 4282 567 4328 est
589 4275 886 4344 probabilis
917 4276 983 4330 de
1023 4292 1232 4332 summa
1285 4291 1576 4348 granorum
1623 4276 1793 4330 sabuli
1833 4276 1925 4329 de-

354 4366 730 4432 speratissima
765 4366 981 4422 inventu
1020 4377 1236 4438 propter
1265 4367 1587 4424 inllnitatem
1621 4367 1768 4421 omni
1800 4381 1928 4435 sup-

357 4457 642 4524 putatione
687 4458 973 4528 majorem,
1013 4469 1190 4517 tamen
1237 4476 1305 4517 ex
1366 4459 1772 4530 comparatione
1824 4459 1930 4515 loci

2039 3270 2094 3314 et
2127 3263 2376 3330 ignorent
2410 3260 2680 3324 homines,
2717 3275 2768 3314 v.
2801 3259 2868 3314 16
2897 3261 3119 3331 ponitur
3161 3279 3174 3317 :
3215 3260 3486 3334 Numquid
3514 3265 3587 3316 is-

2039 3368 2245 3422 gressus
2296 3368 2348 3406 es
2381 3352 2643 3422 profunda
2676 3353 2859 3416 maris,
2894 3363 2941 3406 et
2988 3354 3044 3406 in
3103 3356 3398 3410 novissimis
3433 3356 3587 3425 abyssi

2037 3445 2386 3500 deambulasti
2410 3447 2435 3500 7
2473 3443 2604 3510 Qum
2637 3454 2910 3514 utcunque
2968 3447 3176 3501 numeri
3225 3462 3584 3504 mensurarum

2040 3554 2192 3608 aqua:
2220 3539 2418 3594 diserte
2446 3553 2552 3593 non
2582 3540 2897 3604 meminere,
2927 3547 3104 3592 tamen
3137 3554 3230 3608 per
3254 3540 3582 3609 pra-sentiam

2037 3631 2191 3700 quasi
2222 3629 2473 3684 obeuntis
2500 3637 2556 3682 et
2588 3627 2806 3682 euriose
2831 3627 3114 3683 lustrautis
3139 3629 3349 3684 uetitis:
3386 3629 3585 3684 interio-

2041 3723 2118 3779 ris
2147 3723 2446 3793 emphasim
2482 3723 2702 3780 habent.
2741 3722 2878 3779 iiinc
2908 3724 3121 3780 videtur
3156 3723 3456 3777 invaluisse
3480 3735 3583 3790 pro-

2034 3817 2290 3873 verbialis
2317 3816 2458 3872 inter
2482 3816 2702 3872 Graecos
2732 3817 2959 3874 formula
2981 3816 3050 3873 de
3082 3816 3244 3872 rebus
3268 3814 3429 3870 alicui
3464 3813 3587 3870 cela-

2037 3909 2126 3974 tis,
2165 3919 2273 3964 tam
2306 3924 2369 3964 ea
2395 3907 2472 3963 illi
2503 3923 2625 3964 esse
2657 3910 2837 3980 ignota
2867 3923 3028 3978 quam
3061 3922 3348 3963 numerum
3384 3905 3586 3974 ampho-

2036 4019 2218 4058 rarum
2256 4004 2483 4074 liquoris
2514 4018 2622 4075 quo
2665 4002 2917 4073 expletur
2950 4017 3140 4066 mare;
3174 4015 3336 4070 quem
3371 4009 3430 4055 ut
3459 3999 3584 4054 Deus

2034 4095 2188 4166 scire.
2217 4094 2332 4148 vult
2371 4094 2518 4150 solus
2552 4109 2655 4148 nec
2686 4093 3086 4148 communicare
3135 4091 3394 4158 dignatur
3430 4087 3584 4144 bomi~

2035 4189 2216 4255 nibus,
2261 4187 2334 4242 ita
2372 4188 2663 4258 imperator
2695 4200 2853 4242 suum
2898 4185 2964 4240 de
3011 4182 3218 4239 laedere
3255 4182 3480 4238 Serbico
3500 4195 3584 4234 nu-

2032 4281 2161 4350 ptiis
2217 4279 2643 4348 conglutinando
2713 4276 2996 4332 consilium
3055 4276 3476 4344 impertiendum
3502 4286 3580 4342 pa-

2037 4371 2289 4427 triarchae
2319 4386 2425 4426 non
2462 4370 2688 4440 putavit.
