3744 6576
183 503 266 565 785
1625 499 1858 558 NOTAE.

3268 477 3373 542 786

1747 634 3280 662 Μ.

914 817 1392 944 PETRI
1486 817 2100 947 POSSINI
2229 812 2358 938 S.
2422 813 2544 934 J.

369 1071 1589 1190 OBSERVATIONUM
1677 1063 3123 1189 PACHYMEBIANARUM

1178 1315 1538 1406 LIBER
1646 1312 2303 1408 SECUNDUS.

1600 1667 1869 1732 .NOT/E.

209 1969 354 2042 725
383 1967 468 2041 [ἢ
493 1967 621 2041 516]
676 1968 800 2040 Pag.
831 1967 919 2025 12.
958 1968 1414 2035 lmperutoremab
1448 1966 1698 2023 Ecclesia:
1726 1975 1774 2035 Α
1807 1978 2062 2040 tanquam
2089 1968 2528 2026 irrevocabiliter
2561 1971 2775 2026 addicta
2805 1971 3060 2036 Tartaro,
3095 1968 3380 2026 declarata

159 2063 440 2118 auctoritate
464 2061 581 2132 jam
617 2062 796 2116 animo
829 2061 1072 2130 deﬁcere.
1118 2060 1215 2116 Est
1254 2061 1342 2116 hic
1394 2062 1694 2131 imperator

159 2173 242 2226 quo
271 2157 334 2210 de
372 2157 550 2226 agitur
603 2157 721 2211 sine
777 2155 938 2210 dubio
987 2155 1351 2218 Andronicus,
1402 2169 1560 2224 quem
1616 2156 1696 2212 vis

160 2255 291 2301 vente
313 2244 486 2303 adhuc
517 2256 694 2316 patre,
721 2246 953 2300 coierat
985 2244 1038 2298 in
1068 2243 1296 2315 imperio
1318 2244 1548 2315 collega,
1573 2259 1696 2315 per-

159 2339 378 2394 territum
429 2339 661 2393 tumultu
699 2337 1177 2393 schismaticorum
1223 2336 1334 2405 jam
1386 2339 1567 2392 animo
1599 2337 1696 2393 de-

160 2432 325 2486 fecisse
352 2447 379 2486 a
409 2433 576 2500 patris
629 2441 682 2486 et
727 2431 979 2486 Ecclesia:
1028 2431 1351 2486 auctoritate
1402 2431 1712 2490 historicus.

161 2526 241 2578 hoc
271 2526 383 2579 loco
413 2524 591 2580 docet.
644 2524 802 2579 Unde
838 2523 1174 2595 intelligatur
1204 2540 1362 2594 quam
1397 2541 1715 2598 congruam

160 2617 449 2672 defectionis
478 2633 692 2687 pmnam
753 2617 957 2693 tulerit,
988 2617 1080 2688 qui
1118 2625 1264 2674 metu
1297 2621 1574 2674 turbarum
1610 2636 1697 2676 reo

158 2711 340 2766 volutus
376 2711 426 2764 in
458 2711 715 2775 schisma,
738 2711 938 2766 nullum
984 2711 1099 2766 fere
1159 2711 1215 2766 in
1246 2713 1488 2769 omnium
1522 2714 1698 2771 infeli-

157 2800 348 2855 cissimo
375 2802 679 2872 principatu
706 2801 843 2855 diem
875 2816 1103 2856 vacuum
1136 2817 1162 2854 a
1183 2803 1358 2859 turbis
1384 2804 1698 2862 domesticis

157 2892 396 2952 civilibus,
420 2892 650 2956 bellicis,
671 2892 1055 2949 ecclesiasticis
1083 2893 1353 2964 habuerit,
1379 2908 1435 2951 ut
1448 2913 1512 2954 ex
1536 2899 1700 2968 hujus

157 2984 356 3038 decursu
387 2983 631 3039 historias
666 2984 890 3052 patebit.

211 3074 334 3131 Ibid.
366 3075 502 3131 Loco
550 3077 872 3146 Acropolita:
904 3079 1115 3133 mortui.
1146 3079 1462 3136 Clarissima
1499 3081 1588 3136 hic
1612 3096 1702 3136 as-

158 3167 268 3219 serit
294 3165 650 3235 Pachymeres
685 3167 974 3238 Georgium
1022 3170 1387 3238 Acropolitam
1442 3188 1696 3242 magnum

155 3256 452 3327 logotltetam
489 3263 706 3314 vivente
739 3261 914 3316 adhuc
947 3261 1207 3318 Michaele
1244 3263 1547 3332 Palmologo
1597 3267 1698 3319 int-

155 3363 379 3422 peratore
415 3354 524 3409 fato
572 3354 860 3422 functum;
894 3357 1034 3424 quod
1071 3356 1207 3410 idem
1260 3373 1382 3411 eum
1427 3359 1694 3427 superiori

153 3447 397 3504 volumine
450 3449 487 3502 1.
520 3463 571 3512 v,
606 3465 655 3504 c.
691 3449 762 3505 26
805 3459 860 3504 et
897 3448 962 3504 54
1009 3449 1280 3506 innuisset
1322 3452 1501 3519 potius
1532 3467 1694 3520 quam

153 3541 329 3594 diserte
360 3541 702 3607 aﬂirmasset,
731 3542 861 3596 mihi
888 3557 997 3597 non
1031 3552 1402 3612 persuaserat,
1435 3553 1493 3598 ut
1525 3545 1578 3597 in
1603 3559 1699 3596 no—

153 3633 210 3687 tis
233 3636 293 3687 ad
326 3634 410 3688 illa
463 3637 642 3701 capita
681 3637 720 3689 l.
776 3649 816 3690 tt
849 3633 1307 3692 Observationum
1344 3651 1610 3702 mearum,
1643 3653 1696 3706 p.

152 3727 241 3780 684
271 3738 320 3782 et
351 3727 454 3783 686
489 3729 741 3797 exposui,
772 3745 892 3798 quas
924 3744 952 3782 a
989 3744 1074 3785 me
1102 3729 1245 3784 dicta
1279 3745 1420 3784 nunc
1452 3745 1556 3784 non
1591 3731 1701 3785 vel—

154 3821 264 3876 lem.
298 3821 409 3878 Non
464 3825 608 3878 enim
658 3823 814 3879 video
848 3840 947 3878 cur
977 3823 1112 3880 fides
1145 3825 1332 3896 negari
1365 3825 1561 3880 debeat
1591 3835 1698 3880 tam

154 3915 296 3970 clara:
349 3917 639 3972 assertioni
693 3909 935 3972 historici
989 3933 1109 3988 quae
1161 3934 1401 3988 praesens
1451 3931 1703 3975 cerneret

153 4009 436 4063 scribentis.
474 4009 692 4063 induxit
729 4025 812 4064 me
845 4009 898 4063 in
937 4011 1100 4064 istum
1144 4025 1384 4065 errorem
1417 4027 1522 4066 non
1567 4013 1702 4066 bene

153 4103 530 4156 consideratam
589 4101 960 4157 testimonium
1018 4101 1278 4158 Demetrii
1317 4101 1528 4171 Baulis,
1560 4105 1702 4172 quod

154 4193 400 4249 iniisdem
432 4194 576 4247 notis
609 4209 662 4262 p.
718 4192 821 4247 654
869 4195 1063 4248 recito.
1098 4193 1226 4255 Sed,
1268 4195 1414 4262 quod
1452 4193 1702 4248 animad-

154 4296 289 4338 verto
317 4300 458 4340 nunc
484 4299 626 4350 sero,
659 4285 712 4338 in
742 4299 805 4339 eo
837 4299 943 4340 non
980 4287 1162 4353 agitur
1184 4287 1248 4340 de
1275 4285 1508 4356 Georgio
1533 4285 1706 4340 Acro-

154 4376 322 4442 polita,
351 4391 534 4432 verum
587 4379 652 4432 de
681 4376 916 4446 Georgio
952 4377 1262 4442 Mclochita,
1311 4393 1475 4448 quem
1514 4377 1708 4434 Deme-

155 4469 275 4520 trius
308 4487 557 4541 magnum
592 4471 759 4526 fuisse
816 4470 1152 4538 logothetam
1191 4473 1265 4527 ibi
1310 4474 1525 4540 scribit,
1559 4476 1703 4544 quod

155 4560 275 4613 mihi
326 4560 504 4616 fucum
538 4561 687 4627 fecit,
719 4570 772 4616 et
799 4563 1068 4631 quomodo
1101 4578 1284 4617 verum
1318 4579 1439 4620 esse
1467 4567 1708 4634 potuerit

1798 2062 2039 2133 ineapaci
2079 2062 2324 2117 habenda
2369 2061 2755 2134 suflragiorum
2790 2062 3076 2126 Ecclesiae,
3127 2079 3251 2134 qua:
3279 2076 3378 2133 pro

1800 2155 1903 2224 piis
1933 2155 1984 2210 in
2018 2154 2113 2210 Dei
2163 2155 2433 2210 charitate
2483 2154 2780 2221 defunctis,
2818 2170 2926 2211 non
2974 2170 3075 2226 pro
3105 2155 3220 2210 Deo
3242 2170 3376 2210 exo-

1798 2250 1876 2306 sis
1905 2260 1962 2306 et
1987 2251 2039 2305 in
2069 2266 2176 2306 suo
2207 2250 2358 2322 gravi
2404 2260 2628 2320 peccato
2681 2251 2912 2306 mortuis
2941 2251 3382 2306 σαρκὶ-νεοπενθ-

1800 2351 2016 2405 verunt,
2065 2342 2203 2397 satis
2257 2343 2638 2398 demonstrare
2667 2357 2829 2412 quam
2870 2342 3064 2399 falsum
3099 2345 3193 2411 sit,
3237 2346 3381 2414 quod

1800 2436 1976 2500 multi,
2009 2435 2311 2505 praesertim
2365 2436 2710 2500 heterodoxi,
2759 2437 3092 2506 persuadere
3130 2447 3260 2492 sunt
3289 2451 3383 2490 co-

1799 2528 1934 2595 nati,
1961 2528 2263 2582 doctrinam
2295 2528 2348 2582 in
2387 2528 2632 2584 Ecclesia
2690 2528 2935 2583 Romana
2989 2542 3262 2598 receptam
3315 2529 3384 2585 de

1801 2621 2118 2693 purgatorio
2145 2637 2172 2674 a
2207 2620 2412 2677 Grteeis
2451 2622 2669 2690 penitus
2702 2621 2879 2693 rejici.

1871 2713 2050 2768 P.19.
2108 2710 2235 2767 Post
2289 2714 2428 2767 diem
2475 2713 2818 2768 tricesimam.
2874 2713 3093 2770 Videtur
3138 2713 3385 2770 indicare

1804 2807 2140 2862 tricesimum
2178 2807 2408 2876 primam
2458 2805 2779 2862 Decembris
2811 2806 2956 2862 diem
2989 2825 3002 2860 :
3036 2821 3098 2860 ea
3131 2807 3274 2860 enim
3301 2815 3384 2860 est

1799 2907 1914 2967 post
1947 2900 2288 2953 tricesimum.
2324 2898 2482 2955 Unde
2528 2897 2729 2953 festum
2762 2898 2920 2969 cujus
2952 2897 3114 2966 paulo
3148 2906 3293 2966 post
3317 2897 3379 2952 tit

1802 2991 2030 3056 mentio,
2077 2991 2243 3046 fuerit
2287 2981 2512 3050 Octava
2550 2990 2864 3046 Natlvitatis
2909 2999 2965 3045 et
3022 2990 3385 3046 Circumcisio

1802 3081 2017 3136 Domini
2047 3097 2076 3136 a
2112 3096 2338 3154 vespera
2390 3081 2668 3154 pridiana,
2710 3090 2772 3137 ut
2806 3082 2890 3149 fit,
2948 3082 3242 3150 incipiens.
3291 3080 3384 3136 Sic

1803 3171 2056 3240 inferius,
2089 3189 2144 3244 p.
2179 3173 2272 3239 22,
2316 3173 2508 3243 quinta
2547 3173 3251 3242 Januarii’sub-vesperam
3299 3172 3382 3229 fe—
3405 3239 3420 3250 _

1801 3275 1946 3320 stum
1999 3266 2504 3338 Theophaniorum,
2539 3275 2633 3322 aut
2683 3274 2742 3321 ut
2799 3281 2913 3322 nos
2949 3280 3226 3334 vocamus,
3245 3264 3378 3334 Epi-

1802 3359 2015 3430 phanias
2052 3359 2319 3415 celebrari
2349 3368 2587 3429 emptum
2616 3359 2886 3424 innuitur,
2918 3359 3045 3414 dum
3085 3359 3154 3412 ibi
3187 3358 3384 3414 scribit

1804 3452 2121 3517 historicus,
2178 3452 2323 3507 datis
2379 3451 2679 3521 unicuique
2725 3451 2912 3507 cereis
2940 3458 3168 3523 peracta
3220 3451 3399 3506 fuisse

1799 3562 1917 3617 qua
1939 3547 2061 3616 festi
2085 3545 2214 3601 ritus
2240 3547 2506 3616 poscebat;

1872 3641 1938 3696 C.
1966 3640 1997 3694 8
2027 3649 2082 3694 et
2113 3639 2167 3694 9.
2198 3639 2331 3706 Quae
2360 3641 2414 3694 in
2465 3640 2551 3696 his
2601 3639 2886 3710 capitibus
2904 3637 3140 3702 duobus,
3173 3637 3268 3694 sed
3301 3635 3386 3690 dt-

1803 3733 2060 3789 stinctius
2092 3733 2144 3787 in
2182 3730 2235 3798 9,
2278 3731 2347 3786 de
2391 3731 2572 3787 Veeco
2602 3731 2900 3787 traduntur
2928 3741 2982 3785 et
3013 3731 3388 3800 ejus-senten-

1807 3825 1905 3894 tia,
1964 3823 2334 3880 declaratione
2388 3822 2654 3894 indigent,
2690 3833 2748 3879 ut
2778 3823 2844 3878 iis
2889 3824 3115 3892 species-
3137 3823 3396 3878 dematur

1805 3914 2167 3985 ὲτεροδοξῑας.
2204 3913 2440 3968 Pronum
2468 3915 2668 3983 quippe
2697 3913 2864 3969 fuerit
2897 3927 3006 3968 non
3049 3913 3398 3982 praemunito-

1808 4007 2022 4070 lectori,
2055 4005 2144 4060 ubi
2188 4006 2388 4061 viderit
2424 4004 2660 4061 Veccum
2703 4015 2990 4075 negantem
3033 4004 3228 4058 Filium
3266 4019 3389 4060 esse

1807 4113 2052 4160 causam,
2088 4098 2190 4152 hoc
2223 4106 2308 4154 est
2363 4097 2718 4167 principium,
2768 4097 3028 4168 Spiritus,
3057 4110 3385 4150 concausam

1807 4190 1923 4245 sive
1954 4187 2409 4260 eomprincipium
2440 4205 2563 4246 cum
2611 4189 2798 4257 Patre,
2828 4189 3062 4260 denique
3087 4188 3386 4256 subjicien-

1807 4294 1916 4337 tem
1948 4281 2283 4337 anathemati
2340 4291 2448 4336 tam
2478 4297 2573 4338 eos
2607 4283 2699 4352 qui
2736 4297 2801 4337 ea
2839 4281 3115 4337 senserint
3144 4296 3204 4336 ac
3231 4281 3386 4335 dixe-

1809 4376 1940 4440 rint,
1963 4391 2126 4444 qttam
2160 4375 2356 4445 quisic
2381 4374 2720 4443 sapientibus
2742 4386 2796 4431 et
2827 4373 3179 4446 loquentibus
3210 4375 3392 4429 scien-

1811 4477 1892 4522 tes
1921 4468 2468 4529 communicaverint,
2519 4482 2779 4522 accusare
2839 4469 3015 4536 ipsum
3058 4468 3388 4536 pracvarica-

1811 4562 1974 4616 tionis
2017 4561 2070 4616 in
2113 4575 2276 4616 causa
2308 4570 2562 4630 suscepta
2623 4558 2916 4629 purganda:
2947 4559 3014 4613 ab
3041 4558 3266 4613 haeresis
3297 4572 3380 4612 su-

155 4667 246 4704 mm
277 4653 531 4722 intelligo,
559 4667 681 4706 cum
720 4654 938 4708 vivente
973 4653 1235 4710 Mieltaele
1265 4656 1436 4721 solus,
1464 4658 1607 4726 quod
1640 4673 1703 4711 est
1733 4668 1777 4729 ο
1813 4655 2062 4723 spicione
2097 4654 2359 4709 doctrina:
2407 4652 2734 4708 Latinorum
2785 4651 2934 4706 circa
2982 4651 3386 4723 processionem

155 4743 467 4816 l’achymere
514 4756 792 4816 appareat,
846 4747 1114 4818 Georgius
1145 4750 1457 4819 Acropolita
1492 4751 1584 4805 tali
1619 4751 1702 4805 di-

152 4838 340 4902 gnilale
363 4837 580 4891 iunctus
601 4840 670 4892 sit
695 4855 712 4904 ;
745 4854 862 4908 quae
891 4850 1009 4909 post
1039 4841 1158 4909 ejus
1189 4853 1416 4896 mortem
1448 4840 1500 4894 in
1528 4841 1706 4896 Theo-

153 4929 326 4979 dorum
361 4928 705 4984 Muzalonem
743 4931 811 4984 ab
865 4932 982 5000 ipso
1033 4930 1294 4987 Michaele
1325 4933 1568 5002 Augusto
1621 4941 1704 4988 est

155 5022 417 5087 translata,
445 5032 606 5088 prout
637 5020 726 5077 hic
753 5023 902 5078 locus
936 5023 1115 5078 docet.

216 5110 336 5180 Pag.
373 5113 460 5167 15.
493 5114 692 5168 Mensis
720 5123 830 5168 tum
860 5115 1091 5183 primum
1125 5118 1474 5184 oppositione.
1508 5117 1584 5173 De
1615 5134 1702 5174 rc-

153 5215 350 5256 servata
383 5205 584 5258 seniori
619 5205 862 5273 Angusto
895 5206 1294 5275 subscriptione
1325 5225 1444 5262 cum
1495 5211 1706 5279 apposio

157 5296 285 5347 tione
316 5296 533 5363 mensis,
568 5296 689 5350 vide
728 5312 846 5364 quas
887 5301 1195 5352 notavimus
1229 5299 1508 5354 Glossario
1537 5301 1703 5366 priori

157 5385 213 5438 ad
243 5388 454 5440 verbum
490 5390 832 5459 μηνοὶογείν.

218 5479 374 5550 726
402 5479 463 5553 [Ρ
495 5480 624 5551 51η
662 5479 720 5536 Ρ.
758 5482 839 5534 15.
880 5482 1206 5546 Supplicium
1268 5483 1542 5552 fustuarti.
1576 5483 1710 5538 Vide

160 5585 262 5624 rem
298 5586 564 5626 narratam
605 5574 714 5627 vol.
754 5572 794 5634 ι,
827 5589 878 5641 p.
913 5570 1017 5626 495
1054 5588 1176 5643 sqq.

219 5663 281 5718 C.
307 5665 355 5720 ’5.
380 5667 564 5720 Uhiter
601 5667 688 5720 hic
729 5667 1148 5721 admonueritn:
1203 5681 1322 5735 quas
1378 5667 1482 5721 hoc
1533 5667 1712 5736 capite

158 5758 433 5812 traduntur
462 5760 538 5830 (p.
575 5760 663 5824 ιϐ,
725 5757 813 5823 17)
847 5760 911 5813 de
947 5757 1203 5813 fraudata
1234 5760 1708 5814 schlsmatieorum

159 5847 278 5902 odio
301 5853 469 5905 anima
501 5850 781 5906 Michaelis
813 5851 1158 5921 imperatoris
1192 5852 1243 5905 in
1282 5850 1525 5907 Romana
1556 5867 1712 5908 com-

167 5943 405 6000 munione
435 5944 632 6001 mortui
663 5944 910 6001 subsidio
941 5943 1303 6016 piaculariutn
1327 5961 1632 6015 sacrorum,
1659 5955 1713 6005 et

1813 4745 2050 4814 Spiritus
2088 4744 2266 4800 sancti
2325 4759 2390 4800 ex
2445 4743 2607 4798 Patre
2652 4741 2899 4811 Filioque
2939 4748 3042 4796 aut.
3065 4743 3257 4812 potius
3287 4754 3388 4810 puv

1812 4838 1970 4894 dendi
2003 4838 2188 4909 lapsus
2216 4839 2270 4893 in
2297 4851 2540 4893 errorem
2571 4837 2885 4892 Graecorum
2921 4851 2949 4889 a
2983 4835 3170 4890 Latina
3193 4836 3388 4891 Eccle-

1813 4933 1892 4987 sia
1935 4933 2274 4996 damnatum,
2331 4929 2593 4985 aientium
2631 4944 2660 4982 a
2716 4928 2882 4983 Patre
2926 4929 3043 4983 solo
3091 4929 3391 4998 procedere

1816 5026 2078 5095 Spiritum
2111 5036 2398 5089 sanetum;
2455 5037 2484 5075 a
2534 5021 2731 5092 quibus
2765 5021 2810 5075 is
2839 5030 3018 5075 tamen
3067 5021 3239 5090 culpis
3273 5021 3392 5075 Ion-

1817 5117 2041 5186 gissime
2080 5115 2274 5171 abfuit.
2308 5112 2764 5168 Animadvertere
2789 5113 2956 5184 igitur
2985 5128 3121 5183 opus
3153 5124 3258 5179 est,
3291 5128 3389 5167 ea-

1822 5211 2017 5264 Iholica
2052 5208 2233 5264 doceri
2270 5207 2499 5263 veritate
2542 5221 2650 5260 non
2685 5221 2808 5262 esse
2841 5207 2943 5261 nisi
2979 5223 3148 5261 unum
3178 5207 3384 5275 princi-

1820 5302 1963 5369 pium
1998 5304 2172 5356 sancti
2213 5299 2473 5370 Spiritus,
2500 5299 2628 5354 licet
2658 5298 2708 5354 is
2742 5313 2806 5354 ex
2862 5299 3030 5352 Putre
3055 5316 3146 5366 per
3171 5299 3390 5361 Filium,

1820 5403 1877 5447 ut
1912 5394 2082 5448 Graeci
2137 5393 2327 5446 Patres
2365 5392 2683 5459 loquuntur,
2717 5401 2772 5446 et
2812 5406 2877 5445 ex
2908 5391 3070 5445 Patre
3123 5389 3389 5460 Filioque,

1819 5497 1877 5538 ut
1916 5484 2090 5538 Latini
2122 5498 2246 5538 vere
2296 5483 2640 5538 dcelarantes
2687 5482 2826 5538 idem
2859 5481 3165 5552 proferunt,
3195 5497 3393 5550 proce-

1819 5583 1928 5632 dat.
1964 5577 2128 5630 Pater
2165 5577 2306 5630 enim
2341 5587 2398 5630 ut
2442 5577 2734 5631 essentiam
2773 5587 2828 5631 et
2860 5587 3113 5630 naturam
3153 5573 3394 5628 divinam

1819 5668 1960 5724 Filio
1980 5683 2074 5738 per
2097 5667 2503 5736 generationem
2528 5668 2915 5732 communicat,
2945 5668 3017 5721 ita
3043 5665 3217 5719 eidem
3244 5666 3395 5736 prin-

1820 5762 2022 5830 cipium
2071 5761 2287 5832 spirans
2341 5762 2456 5815 sive
2505 5760 2861 5830 api-rationem
2923 5758 3154 5813 activam
3203 5757 3393 5824 tradit,

1821 5854 1958 5909 adeo
1991 5861 2051 5908 ut
2096 5851 2554 5923 quemadmodum
2603 5851 2793 5907 eadem
2843 5863 3073 5905 numero
3111 5858 3303 5904 natura
3339 5857 3394 5902 et

1824 5945 2059 6002 essentia
2090 5943 2274 6002 divina
2303 5941 2452 6000 Patri
2481 5941 2746 6012 Filioque,
2797 5940 2923 5998 iicet
2951 5941 3161 5999 duabus
3186 5940 3390 6013 alioqui
