3744 6586
367 520 476 582 ΤΠ

1295 528 1354 590 Ρ.
1391 528 1694 589 POSSINI
1727 530 2379 595 OBSERVATIONUM
2421 535 2576 596 LIB.
2613 534 2700 598 ΙΙ.
3469 546 3550 612 788

355 630 632 691 distinctis
655 633 898 704 personis
929 642 1092 700 inest,
1123 633 1196 690 ita
1227 635 1554 706 principium
1579 637 1795 706 spirans
1820 639 1934 694 sive
1965 647 2008 704 Α
2040 653 2298 712 utrosque
2328 645 2712 701 stabiliendam
2743 645 3048 716 oportebat,
3085 646 3221 702 ultro
3248 650 3440 706 damnat
3479 659 3553 710 tal—

358 727 586 797 spiratio
615 729 790 810 activa
817 746 920 784 una
959 730 1258 797 eademque
1299 745 1528 784 numero
1560 731 1614 784 in
1650 730 1810 787 Patre
1844 747 1937 804 ge-

360 831 606 886 nerante,
659 821 710 874 in
744 820 882 876 Filio
930 821 1113 889 genito
1143 821 1454 891 reperitur;
1506 823 1647 877 unde
1674 823 1731 877 lit
1765 831 1822 878 ut
1869 840 1935 880 ex

359 914 524 969 unico
556 915 822 984 principio
870 917 1131 986 procedat
1184 915 1439 987 Spiritus,
1476 920 1824 988 quantumvis
1883 917 1935 972 id

359 1007 689 1076 principium
726 1008 942 1062 unicum
998 1007 1378 1064 indistinctum
1420 1009 1472 1064 in
1506 1010 1713 1063 duabus
1752 1025 1938 1080 perso-

361 1099 445 1152 nis
479 1100 744 1154 subsistat
788 1099 1184 1155 identiﬁcatnm
1225 1102 1467 1172 utrique.
1501 1102 1654 1157 Unde
1686 1102 1849 1157 etiam
1878 1104 1936 1155 tit

358 1201 440 1255 ut,
490 1196 632 1261 quod
666 1194 870 1248 diserte
907 1194 1071 1247 tradit
1127 1193 1186 1248 S.
1216 1193 1481 1248 Maximus
1536 1195 1588 1249 in
1635 1195 1780 1248 Dial.
1813 1212 1932 1248 cum

356 1283 548 1337 Anam.
579 1324 592 1346 ,
623 1283 782 1338 Pater
814 1295 1062 1338 sanctum
1102 1284 1369 1354 Spiritum
1403 1287 1564 1356 727
1603 1301 1706 1340 non
1739 1288 1935 1355 produ-

354 1384 442 1429 cat
473 1391 577 1444 qua
612 1374 775 1430 Pater
802 1384 888 1430 est
933 1374 1020 1448 [P.
1045 1375 1173 1448 518]
1226 1376 1374 1447 (nam
1431 1377 1666 1445 Spiritus
1715 1377 1931 1432 Patrent

356 1483 462 1522 non
498 1469 711 1538 habet),
743 1484 842 1523 nec
872 1469 1040 1524 Filius
1079 1481 1326 1524 sanctum
1361 1471 1619 1541 Spiritum
1651 1473 1930 1542 producat,

353 1573 458 1627 qua
509 1559 676 1613 Filius
712 1570 794 1614 est
820 1559 1013 1629 (Filius
1039 1563 1184 1615 enim
1219 1573 1274 1616 ut
1301 1561 1468 1617 Filius
1503 1563 1676 1618 solum
1711 1563 1929 1619 Patrem

353 1651 626 1721 respicit),
657 1653 748 1707 sed
784 1663 891 1706 tam
926 1651 1090 1708 Pater
1126 1671 1286 1722 quam
1328 1654 1496 1709 Filius
1539 1667 1768 1710 eatenus
1806 1665 1927 1711 tan-

353 1755 466 1799 tum
520 1745 830 1814 producant
889 1747 1179 1816 Spiritum,
1210 1758 1477 1816 quatenus
1535 1750 1926 1803 identiticatum

353 1838 452 1891 sibi
484 1840 715 1909 quisque
742 1838 1010 1905 obtinent,
1058 1849 1111 1893 et
1147 1849 1402 1894 exercent
1434 1842 1651 1895 unicum
1683 1839 1930 1894 indivisi-

352 1931 461 1987 bile
487 1931 730 2002 spirandi
762 1933 1117 2004 principium,
1157 1934 1302 2004 quod
1336 1935 1563 2004 spiratio
1606 1935 1779 1990 activa
1830 1949 1925 1988 vo-

351 2025 465 2079 cari
523 2026 822 2095 praesertim
869 2026 924 2080 in
974 2027 1176 2082 scholis
1213 2027 1369 2082 solet.
1425 2027 1734 2082 Doctrinam
1789 2027 1929 2081 banc

354 2120 575 2188 antiqua
621 2119 875 2174 continue
921 2120 1213 2174 traditione
1255 2119 1378 2173 inde
1431 2133 1600 2186 usque
1641 2134 1669 2172 a
1705 2118 1926 2174 Chiile

353 2217 408 2264 et
434 2209 698 2280 apostolis
742 2210 1146 2274 transmissam,
1185 2209 1264 2263 sic
1311 2209 1512 2265 diserte
1545 2211 1750 2266 Graecis
1795 2211 1930 2279 ipsis

352 2303 778 2372 agnoscentibus
807 2311 860 2356 et
893 2303 1332 2369 admittentibus,
1363 2304 1597 2373 explicat
1633 2303 1926 2358 concilium

355 2395 751 2450 ret-unicuicum
807 2394 1164 2465 Lngdunense
1217 2405 1271 2449 et
1300 2410 1349 2450 et
1403 2410 1585 2449 coram
1624 2394 1927 2464 praesidens

355 2489 650 2557 Gregorius
680 2488 724 2542 X
757 2499 906 2559 pont.
935 2504 1080 2542 max.
1114 2488 1399 2544 Decretum
1422 2488 1474 2542 id
1502 2489 1678 2542 refero
1705 2497 1863 2557 prout
1897 2503 1926 2542 a

356 2577 599 2637 Manucle
640 2580 836 2637 Calcca
895 2583 1175 2648 recitatur,
1217 2581 1377 2652 quale
1414 2582 1561 2636 illinc
1595 2583 1660 2636 ad
1706 2580 1927 2635 Graecos

356 2677 585 2730 missum
623 2674 863 2744 ipsorum
901 2675 1082 2746 lingua
1113 2686 1216 2731 est.
1247 2677 1296 2730 Is
1331 2676 1474 2731 enim
1524 2677 1766 2746 scriptor
1791 2675 1929 2730 libro

354 2763 553 2822 Contra
585 2767 820 2832 στα-σοι,
850 2785 899 2824 c.
939 2767 1035 2833 59,
1063 2767 1142 2822 sic
1176 2768 1338 2823 habet
1368 2785 1382 2824 :
1417 2769 1723 2840 Γρηγόριος
1770 2770 1828 2821 ὲν
1857 2769 1923 2840 τῇ

353 2861 496 2914 κατὰ
526 2861 862 2930 Λούγδουνον
896 2860 1334 2933 συγκροτηθείσῃ
1380 2861 1645 2932 καθολικῇ
1696 2860 1924 2930 συνόδῳ.

353 2953 589 3007 Εύλαὸεῖ
619 2955 714 3030 καὶ
763 2957 933 3026 πιστῇ
964 2954 1227 3028 ὁμολογίᾳ
1277 2954 1458 3024 φαμὲν
1489 2955 1550 3006 τὸ
1610 2950 1834 3021 Πνεῦμα
1867 2951 1928 3004 τὸ

353 3048 510 3117 ἅγιον
543 3049 730 3112 ἀῖδὶως
781 3051 846 3103 ὲκ
885 3049 1100 3119 [ἰατρὸς
1146 3048 1244 3104 καὶ
1281 3038 1434 3111 Υῐοῦ,
1488 3046 1586 3116 οὐχ
1617 3047 1691 3108 ὡς
1735 3049 1802 3124 ὲκ,
1833 3045 1926 3100 δύο

352 3141 559 3212 ἀρχῶν,
591 3141 706 3194 ἀλλ’
736 3141 811 3206 ὡς
841 3143 905 3196 ἐκ
935 3143 1088 3212 μιᾶς.
1125 3141 1185 3195 ού
1226 3140 1346 3195 δυσὶ
1380 3139 1666 3195 πνεύσεσιν
1693 3140 1726 3210 ἢ
1759 3141 1926 3192 ἐκπο-

353 3235 629 3304 ρεύσεσιν,
654 3235 789 3290 ἀλλά
818 3237 916 3307 μιᾷ
943 3238 1038 3288 καὶ
1063 3236 1130 3306 τῇ
1152 3235 1290 3306 αὐτῇ
1313 3234 1732 3303 ἐκπορεύεσθαι.
1756 3231 1926 3284 Τοῦτο

2042 751 2130 789 sas
2185 735 2473 806 Opiniones
2532 737 2664 791 istas
2718 747 2769 792 et
2821 749 2880 792 ut
2950 739 3232 794 haereticos
3291 745 3553 810 proscribit.

2043 826 2218 883 Verba
2244 829 2360 899 ejus
2399 830 2773 898 superioribus
2800 831 3056 885 continua
3091 831 3180 886 hic
3209 833 3552 893 describamus.

2052 922 2195 976 Ἀλλ’
2222 923 2342 976 ὲπεί
2376 941 2522 986 τινες
2551 923 2638 976 διὰ
2671 923 2770 992 τῆς
2803 923 3085 993 ἀρῤήκτου
3113 923 3314 992 ταύτης
3343 925 3555 992 ἀληθείας

2037 1014 2262 1082 ἄγνοιαν
2309 1017 2388 1076 εἰς
2443 1013 2695 1078 ποικίλας
2725 1014 2965 1084 αἱρέσεις
3000 1013 3393 1083 ύπωλίσθησαν,
3428 1019 3558 1086 ἡμεῖς

2037 1107 2218 1160 πᾶσαν
2267 1107 2385 1160 ὁδὸν
2438 1109 2558 1169 ταῖς
2595 1106 2871 1169 τοιαύταις
2906 1107 3185 1174 αἱρέσεσιν
3233 1107 3556 1176 ἀποφράττειν

2036 1197 2456 1266 ἐπιθυμοῦντες,
2507 1200 2607 1269 τῆς
2652 1199 2808 1268 ἱερᾶς
2841 1198 3331 1269 σύμψηφιζομὲνης
3360 1203 3557 1268 συνόδου,

2035 1290 2199 1360 728
2221 1292 2621 1362 κατακρίνομεν
2647 1295 2742 1367 καὶ
2765 1291 3241 1361 ἀποδοκιμάζομεν
3259 1293 3445 1355 πάντας
3461 1298 3560 1360 τοὺς

2033 1380 2315 1450 ἀρνεῖσθαι
2347 1383 2662 1452 τολμῶντας
2685 1382 2918 1445 altovid);
2940 1385 3002 1436 ἐκ
3026 1383 3240 1453 Πατρδς
3270 1386 3358 1435 καὶ
3385 1385 3494 1436 Υἱοῦ
3515 1386 3561 1439 ιδ

2034 1475 2187 1540 ἅγιον
2217 1473 2611 1545 ἐκπορεύεσθαι
2651 1473 2892 1545 Πνεῦμα,
2925 1474 2959 1545 ἢ
2989 1477 3260 1544 προπετεῖ
3289 1492 3392 1527 τινι
3415 1478 3560 1551 τόλμῃ

2030 1567 2461 1638 διισχυρίζεσθαι
2490 1567 2567 1630 [rb
2624 1567 2850 1635 Πνεῦμα
2901 1567 2964 1619 ὲκ
3000 1566 3214 1635 Πατρδς
3250 1567 3338 1620 καὶ
3367 1568 3480 1621 Υἱοῦ
3505 1571 3563 1634 ὡς

2029 1662 2173 1716 δυοῖν
2204 1661 2410 1731 ἀρχῶν.
2429 1659 2544 1713 ἀλλ’
2572 1659 2670 1729 οὐχ
2696 1661 2769 1719 ὡς
2793 1662 2857 1710 ἐκ
2890 1659 3021 1728 μιᾶς
3052 1657 3454 1729 ἐκπορεύεσθαι·
3481 1659 3561 1715 Sed

2029 1755 2277 1822 quoniam
2328 1766 2420 1818 per
2463 1749 2849 1820 irrefrugabilis
2889 1750 3039 1804 istius
3083 1750 3430 1818 ignorantiam
3455 1753 3563 1804 reri-

2033 1846 2229 1898 tatisin
2253 1843 2430 1898 varias
2454 1843 2674 1896 htrreses
2700 1843 2918 1912 quidam
2943 1841 3179 1911 prolapsi
3206 1851 3349 1903 sunt,
3370 1859 3450 1894 nos
3476 1860 3563 1894 ont-

2031 1955 2144 1991 nem
2182 1938 2382 1990 aditum
2415 1935 2713 1990 istiusmodi
2766 1935 3055 1987 Ita'resibus
3091 1935 3360 1987 obstruere
3391 1936 3567 2002 cupien-

2034 2038 2130 2098 tes,
2183 2046 2335 2084 sacro
2367 2029 2687 2097 su/Iragante
2725 2027 2968 2090 concilio,
2996 2026 3313 2078 damnamus
3351 2035 3394 2078 et
3423 2043 3566 2088 repro-

2031 2126 2215 2178 bamus
2270 2141 2444 2178 omnes
2481 2123 2570 2195 qui
2611 2139 2799 2193 negare
2824 2123 3257 2192 prtesumpserint
3286 2125 3567 2176 a’ternatiter

2031 2216 2289 2286 Spiritum
2349 2228 2593 2271 sanctum
2628 2233 2692 2271 ex
2730 2215 2893 2270 Patre
2925 2226 2972 2269 et
2999 2213 3141 2270 Filio
3170 2219 3464 2282 procedere,
3495 2226 3566 2268 aut

2027 2310 2119 2380 qui
2163 2311 2441 2364 temerario
2495 2326 2630 2363 ausu
2677 2309 3002 2363 asseruerint
3048 2307 3310 2376 Spiritum
3339 2325 3399 2362 ea:
3437 2311 3570 2362 Patre

2029 2415 2075 2458 et
2112 2402 2253 2457 Filio
2299 2412 2550 2472 tanquam
2582 2417 2646 2455 ex
2677 2400 2878 2453 duobus
2933 2401 3213 2467 principiis
3266 2408 3314 2452 et
3348 2417 3440 2452 non
3471 2411 3582 2468 tunc,

2029 2513 2184 2567 quam
2216 2512 2280 2549 ea:
2319 2511 2423 2548 uno
2469 2493 2768 2564 procedere.
2819 2491 2944 2546 llaec
2974 2491 3276 2561 Gregorius
3318 2491 3363 2545 Χ
3389 2493 3437 2546 in
3467 2507 3572 2544 con-

2030 2589 2154 2644 cilio
2200 2588 2566 2659 Lugdunensi.
2603 2587 2674 2639 Ex
2707 2585 2904 2654 quibus
2952 2594 3174 2652 apparet
3225 2601 3385 2654 quam
3415 2594 3573 2638 exacte

2029 2683 2094 2737 ad
2125 2681 2446 2736 catholicam
2501 2679 2802 2742 Veritatem,
2851 2691 3124 2747 quamque
3150 2676 3293 2730 citra
3339 2675 3573 2745 suspicio-

2031 2791 2151 2830 nem
2195 2773 2404 2827 iavendi
2455 2772 2768 2826 (Ιτέεοοιυιη
2820 2770 3022 2834 errori,
3075 2779 3189 2822 tres
3253 2768 3371 2822 illos
3399 2767 3575 2822 Vercus

2029 2867 2512 2922 analbematismos
2552 2863 2796 2919 formula:
2841 2863 2963 2918 ﬁdei
3005 2861 3307 2930 quotannis
3347 2861 3398 2914 in
3427 2860 3575 2914 cccle-

2029 2963 2108 3016 sia
2147 2962 2231 3015 die
2260 2960 2595 3015 orthodoxia:
2647 2959 2863 3012 recitari
2910 2955 3084 3011 solitas
3135 2954 3430 3008 addiderit.
3464 2953 3572 3006 Cum

2027 3057 2172 3111 enim
2205 3055 2495 3108 anathema
2531 3052 2662 3106 dixit
2694 3053 2740 3106 ei
2783 3051 2872 3120 qui
2924 3050 3230 3103 alIirmaret
3263 3048 3452 3102 Filium
3479 3058 3577 3100 esse

2028 3164 2249 3204 causam
2295 3149 2408 3202 sive
2441 3147 2768 3216 principium
2811 3129 3066 3213 Spiritus,
3093 3156 3143 3195 et
3178 3141 3234 3196 ei
3279 3141 3480 3209 pariter
3501 3136 3573 3206 qui

2029 3241 2236 3297 diceret
2271 3239 2461 3294 Filium
2494 3253 2613 3294 esse
2644 3252 2967 3291 coneausam
2998 3237 3114 3291 sive
3143 3231 3575 3302 comprincipium

348 3325 556 3380 ἀνωθεν
583 3325 851 3397 ὡμολόγει
885 3327 978 3380 καὶ
1004 3325 1245 3380 διδάσκει
1276 3325 1311 3395 ἡ
1339 3322 1462 3394 ἱερὰ
1485 3323 1579 3378 καὶ
1609 3323 1740 3391 ἁγία
1781 3320 1826 3374 ἰ

2097 3351 2134 3388 .a
2162 3350 2282 3388 cum
2317 3331 2473 3386 Patre
2495 3331 2736 3399 ejusdem
2774 3328 3027 3397 Spiritus,
3059 3326 3333 3380 intellexit
3359 3324 3423 3376 de
3449 3320 3575 3390 prin-

347 3418 520 3490 μαῖκὴ
563 3417 882 3487 Ἑκκλησῖα,
911 3418 945 3488 ἡ
975 3420 1158 3489 μήτηρ
1188 3415 1404 3470 πάντων
1433 3416 1541 3468 τῶν
1574 3414 1784 3468 πιστῶν
1822 3415 1912 3468 καὶ

344 3512 686 3575 διδάσκαλος.
743 3509 914 3564 Τοῦτο
967 3511 1186 3581 κατέχει
1221 3512 1254 3581 ἡ
1288 3509 1396 3563 τῶν
1426 3507 1722 3580 ὁρθοδὸξων
1755 3505 1928 3560 [Ιατέ-

353 3620 462 3673 pars
487 3603 578 3656 καὶ
606 3601 942 3656 διδασκάλων
968 3601 1074 3655 τῶν
1123 3618 1182 3654 τε
1230 3600 1474 3655 Λατίνων
1502 3599 1595 3653 καὶ
1622 3599 1728 3652 τῶν
1761 3597 1928 3667 Γραι-

349 3696 462 3750 κῶν
493 3696 701 3767 ἀληθὴς
729 3697 822 3750 καὶ
851 3697 1253 3766 ἀμετακίνητος
1284 3695 1483 3766 ψῆφος,
1516 3694 1617 3748 hoc
1644 3705 1726 3748 est
1751 3709 1764 3747 :
1797 3692 1927 3748 Gre-

347 3791 527 3860 gorius
564 3789 810 3844 Decimus
859 3790 913 3844 in
948 3790 1088 3861 apud
1120 3788 1437 3860 Lugdunum
1466 3798 1776 3858 congregata
1805 3785 1926 3840 uni-

347 3884 544 3938 uersali
597 3883 820 3955 synodo.
857 3882 1050 3939 Devota
1079 3893 1123 3938 et
1154 3882 1299 3951 ﬁdeli
1332 3881 1660 3952 confessione
1699 3880 1923 3934 dicimus

348 3976 608 4045 Spiritum
642 3988 877 4031 sanctum
902 3977 1224 4032 arternaliter
1244 3991 1309 4030 ea:
1339 3973 1497 4030 Patre
1526 3984 1575 4030 et
1605 3972 1769 4040 Filio,
1821 3989 1925 4028 non

348 4077 600 4139 tanquam
630 4085 694 4124 ea:
723 4070 928 4123 duobus
959 4069 1250 4139 principiis,
1290 4068 1381 4122 sed
1414 4076 1667 4138 tanquam
1698 4082 1761 4120 ex
1795 4079 1923 4132 uno,

349 4177 449 4217 non
491 4163 694 4217 duabus
724 4162 1102 4231 spirationibus
1129 4173 1220 4216 aut
1245 4160 1682 4232 processionibtts,
1700 4159 1788 4212 sed
1817 4173 1923 4211 una

352 4267 398 4311 et
426 4257 605 4312 eadem
639 4257 934 4327 procedere.
976 4255 1087 4310 Hoc
1119 4257 1370 4309 hactenus
1395 4253 1636 4323 professa
1664 4260 1764 4316 est,
1787 4267 1926 4319 prte-

349 4350 568 4413 dicavit,
586 4349 784 4412 docuit,
809 4349 905 4401 hoc
928 4347 1155 4416 ﬁrmiter
1177 4355 1332 4410 tenet,
1348 4348 1626 4414 prtedicat,
1647 4344 1928 4414 proﬁtetur

345 4453 396 4497 et
445 4441 594 4496 docet
642 4451 982 4496 sacrosancta
1030 4438 1274 4494 Romana
1313 4437 1573 4500 Ecclesia,
1606 4447 1774 4491 mater
1813 4452 1925 4490 om-

349 4535 495 4590 nium
528 4534 766 4604 ﬁdelium
789 4543 837 4588 et
868 4534 1148 4604 magistra.
1185 4532 1298 4587 Hoc
1322 4531 1476 4587 habet
1506 4532 1922 4588 ortltodoxorum

348 4627 575 4684 Patrum
605 4638 756 4698 atque
792 4627 1062 4682 doctorum
1115 4625 1426 4682 Latinorum
1471 4628 1671 4695 pariter
1698 4637 1744 4681 et
1778 4622 1924 4679 Cra:-

347 4739 528 4777 corum
571 4739 691 4778 vera
725 4731 774 4776 et
803 4721 1248 4778 incommutabilis
1269 4721 1548 4777 sententia.
1576 4717 1651 4774 Ita
1683 4719 1754 4773 ibi
1784 4717 1921 4772 Gre-

343 4817 536 4887 gorius
567 4814 637 4882 Χ,
670 4817 853 4872 statim
883 4823 1002 4884 post
1029 4814 1273 4869 indicans
1303 4828 1368 4867 ex
1407 4813 1504 4866 ista
1538 4827 1642 4864 non
1673 4811 1810 4866 satis
1835 4809 1922 4862 di-

349 4910 549 4965 stincte
572 4909 860 4964 observata
892 4907 1124 4964 veritate
1153 4909 1334 4976 lapsos
1364 4905 1626 4974 quosdam
1660 4901 1712 4956 in
1743 4902 1922 4957 varias

354 5003 611 5066 haereses,
656 5014 850 5072 nempe
880 5001 1016 5054 duas
1070 4997 1203 5054 istas
1233 5010 1265 5051 e
1313 4995 1588 5049 contrario
1621 4997 1918 5068 oppositas,

351 5096 646 5152 dicentium
679 5109 745 5149 ex
778 5092 893 5150 solo
923 5091 1084 5146 Patre
1133 5087 1428 5160 procedere
1474 5097 1721 5141 sanctum
1751 5086 1924 5155 Spiri-

350 5201 487 5254 tum,
527 5198 582 5244 et
615 5186 997 5242 aliirmantium
1049 5199 1112 5238 cx
1163 5185 1327 5238 Patre
1378 5181 1618 5248 Filio-{uc
1673 5180 1920 5235 eumdem

349 5292 610 5353 tanquam
681 5297 745 5336 ex
810 5282 1022 5336 duobus
1057 5279 1354 5349 procedere
1413 5278 1716 5346 principiis.
1766 5275 1918 5342 Quod

349 5387 644 5444 utrumque
672 5374 946 5430 exorbitat
976 5389 1006 5426 a
1047 5383 1192 5427 recta
1231 5372 1352 5433 ﬁde,
1390 5372 1517 5425 hinc
1543 5372 1606 5422 ad
1640 5371 1917 5423 dexteram

355 5469 513 5524 iilmc
541 5469 605 5522 ad
641 5467 920 5522 sinistram
951 5465 1022 5520 ab
1052 5481 1156 5520 una
1179 5480 1302 5520 vera
1327 5468 1428 5518 sita
1463 5466 1514 5517 in
1545 5464 1724 5516 medio
1753 5463 1916 5516 delic-

354 5575 509 5618 ctetts
552 5562 656 5615 via.
685 5558 819 5626 Quia
863 5573 994 5612 vero
1043 5560 1180 5612 hanc
1212 5562 1502 5612 secundum
1538 5556 1781 5610 heresim
1814 5558 1920 5609 duo

350 5656 570 5726 Spiritui
602 5663 796 5710 sancto
833 5651 1098 5721 principia
1155 5651 1524 5719 assignantetn
1563 5649 1733 5704 Graeci
1773 5648 1919 5702 Lati-

349 5748 434 5802 nis
470 5744 831 5815 imputabant,
866 5749 920 5796 et
967 5740 1201 5811 priorem
1249 5739 1394 5794 Patri
1448 5739 1549 5794 soli
1583 5739 1698 5808 ejus
1727 5738 1922 5804 produ-

345 5838 584 5892 ctionem
633 5835 970 5892 tribuentem
1022 5831 1200 5887 Latini
1256 5833 1494 5886 vicissim
1555 5831 1921 5899 itnpingebant

338 5928 574 5992 Cra-cis,
623 5937 682 5980 ut
733 5937 925 5982 ambos
971 5936 1065 5982 aut
1097 5942 1286 5984 errore
1323 5935 1417 5981 aut
1459 5926 1769 5992 suspicione
1802 5923 1920 5978 istis

343 6021 641 6103 Gregorius
692 6028 969 6090 purgaret,
1022 6029 1179 6091 prout
1217 6021 1280 6075 ad
1330 6020 1744 6074 consensionem
1782 6017 1920 6071 inter

1089 6102 1110 6108 .-
1124 6100 1272 6109 -ςη-ω--ν
1285 6100 1342 6107 αις---
1361 6101 1368 6105 .

2021 3429 2163 3498 cipio
2193 3444 2295 3496 quo
2324 3428 2438 3480 sive
2472 3424 2710 3492 formali,
2747 3433 2803 3476 ut
2836 3422 3135 3489 loquuntur
3176 3420 3233 3472 in
3269 3417 3489 3480 scholis,
3510 3414 3578 3468 ui-

2031 3520 2224 3574 tnirutn
2257 3517 2542 3584 spiratione
2569 3513 2760 3576 activa,
2787 3527 2905 3580 quae
2937 3526 3060 3564 cum
3095 3508 3166 3563 sit
3201 3523 3312 3561 una
3343 3518 3392 3560 et
3415 3505 3578 3559 eadem

2028 3605 2438 3663 indivisibilitcr
2472 3604 2743 3657 exsistens
2785 3602 2836 3653 in
2868 3600 3027 3653 Patre
3061 3611 3114 3653 et
3142 3597 3308 3657 Filio.
3336 3607 3390 3651 et
3420 3595 3480 3649 ab
3503 3592 3581 3648 illo

2029 3700 2152 3756 huic
2182 3697 2605 3761 communicata,
2641 3696 2747 3751 dici
2774 3711 2874 3750 non
2903 3703 3079 3764 potest
3105 3701 3422 3760 competere
3447 3689 3579 3749 Filia,

2028 3809 2132 3862 qua
2174 3793 2396 3862 praecise
2443 3789 2612 3844 Filius
2644 3799 2725 3843 est
2753 3803 2968 3859 quaque
3004 3786 3090 3860 [Ρ.
3121 3785 3252 3860 519]
3286 3785 3434 3839 Patri
3465 3782 3581 3837 rela-

2031 3888 2138 3941 tive
2175 3887 2469 3956 opponitur
2519 3893 2574 3938 et
2622 3883 2688 3937 ab
2735 3897 2800 3938 eo
2850 3881 3232 3950 distinguitur,
3265 3879 3581 3946 spirationm

2028 3982 2274 4046 activam,
2303 3981 2417 4034 sive
2473 3976 2736 4034 rationem
2798 3972 3049 4044 principii
3107 3981 3365 4039 respectu
3424 3964 3577 4022 sancti

2027 4073 2283 4142 Spiritus,
2317 4065 2442 4142 quia
2493 4070 2792 4124 secundum
2845 4065 3001 4120 istam
3047 4062 3323 4117 rationem
3377 4076 3475 4115 non
3516 4057 3584 4110 di-

2027 4165 2260 4223 stinctus
2288 4182 2314 4216 a
2346 4164 2528 4227 Patre,
2555 4163 2651 4215 sed
2687 4159 2826 4214 idem
2857 4173 2976 4212 cum
3001 4156 3095 4212 illo
3122 4167 3231 4219 est,
3256 4153 3585 4224 quemadmo-

2027 4259 2152 4312 dum
2186 4266 2240 4310 et
2267 4255 2566 4310 secundum
2598 4252 2861 4313 divinant,
2891 4264 3050 4319 quam
3085 4247 3216 4302 item
3249 4247 3322 4300 ab
3355 4247 3442 4298 illo
3463 4243 3585 4296 acci-

2026 4352 2126 4420 pit,
2156 4350 2446 4404 essentiam
2478 4355 2532 4402 et
2567 4356 2838 4399 naturam.
2883 4343 2958 4396 Ac
2990 4351 3216 4410 propter
3246 4339 3490 4394 eamdem
3515 4349 3582 4386 ra-

2029 4444 2232 4499 tionem
2275 4453 2557 4511 perperam
2613 4437 2882 4490 diceretur
2936 4433 3382 4502 comprincipium
3433 4428 3477 4481 F
3498 4429 3581 4480 (ius

2028 4537 2183 4592 Patri
2219 4543 2449 4603 respectu
2471 4533 2640 4588 sancti
2666 4530 2920 4597 Spiritus,
2951 4528 2994 4581 si
3025 4529 3206 4596 agitur
3239 4528 3309 4579 de
3343 4521 3583 4595 principio

2025 4645 2157 4700 quo,
2192 4629 2314 4697 quia
2372 4625 2610 4680 indicata
2656 4620 3018 4691 comprincipii
3077 4617 3350 4672 vocabulo
3378 4613 3585 4670 dualitas

2029 4721 2419 4792 principiorum
2487 4714 2946 4784 simplicissimam
3019 4710 3372 4764 identitatem
3448 4708 3584 4759 tutius

2028 4808 2342 4878 spirationis
2379 4806 2567 4861 activa:
2625 4803 2678 4857 in
2718 4803 2876 4856 Patre
2935 4800 3096 4856 simul
3136 4815 3201 4854 ac
3260 4800 3400 4853 Filio
3431 4797 3585 4850 subsi-

2026 4901 2224 4956 stentis
2280 4901 2552 4954 videretur
2603 4897 2916 4951 excludere.
2968 4893 3133 4964 quue
3163 4895 3307 4948 satis
3348 4887 3587 4945 indicavit

2027 4997 2144 5066 ipse
2206 4972 2413 5049 V’eccns
2443 5007 2501 5047 se
2547 4992 2623 5046 ita
2672 4989 2991 5058 intelligere,
3038 5001 3161 5039 cum
3211 5000 3266 5052 p.
3296 4981 3589 5047 δεῖ-,ϐατίς

2023 5087 2432 5158 objicientibus,
2487 5099 2554 5139 ex
2606 5097 2672 5136 eo
2705 5081 2846 5150 quod
2893 5081 3006 5149 ipse
3039 5094 3160 5132 cum
3215 5076 3431 5131 Latinis
3469 5074 3590 5127 aﬂir—

2017 5188 2202 5242 maret
2257 5177 2516 5246 Spiritum
2581 5183 2828 5228 sanctum
2890 5186 2956 5224 ex
2991 5170 3149 5224 Patre
3202 5182 3259 5222 et
3301 5167 3439 5221 Filio
3479 5179 3588 5234 pro-

2025 5276 2240 5333 cedere,
2276 5270 2561 5323 manifeste
2607 5266 2757 5336 sequi
2797 5265 2990 5319 Filium
3038 5263 3143 5316 dici
3174 5271 3436 5330 oportere
3461 5259 3586 5326 prin-

2023 5367 2224 5435 cipium
2264 5363 2500 5431 Spiritus
2535 5361 2708 5414 sancti
2766 5367 2852 5410 ant
2914 5356 3103 5408 saltem
3151 5353 3586 5422 cotnprineipium

2025 5473 2130 5512 una
2164 5473 2285 5510 cum
2325 5455 2501 5513 Patre,
2528 5451 2821 5517 respondet
2858 5464 2962 5501 non
3009 5449 3181 5516 magis
3214 5457 3428 5500 rectam
3465 5446 3579 5494 hanc

2023 5566 2143 5605 esse
2186 5548 2592 5607 collectitment,
2617 5543 2776 5597 Pater
2824 5558 2940 5594 cum
2981 5539 3123 5592 Filio
3157 5551 3228 5592 est
3291 5536 3584 5606 principium

2022 5645 2190 5699 sancti
2224 5642 2475 5710 Spiritus,
2525 5655 2646 5708 ergo
2679 5638 2784 5690 duo
2809 5646 2927 5689 sum
2960 5635 3220 5701 principia
3273 5633 3446 5686 sancti
3481 5627 3584 5693 Spi-

2024 5739 2180 5801 ritus,
2211 5752 2372 5804 quam
2406 5735 2560 5787 istam
2589 5733 2812 5784 alteram
2870 5729 2936 5780 ah
2989 5728 3240 5780 omnibus
3289 5727 3411 5780 sine
3445 5721 3588 5776 dubio

2023 5829 2415 5901 explodentlatn
2447 5844 2462 5881 :
2501 5825 2660 5878 Pater
2713 5833 2786 5877 est
2810 5821 3070 5891 perfectus
3121 5819 3280 5881 Deus,
3318 5815 3490 5868 Filius
3520 5820 3586 5864 est

2023 5923 2280 5993 perfectus
2333 5918 2496 5981 Deus,
2526 5918 2757 5987 Spiritus
2789 5923 3001 5968 sanctus
3026 5921 3102 5964 est
3126 5910 3393 5977 perfectus
3427 5905 3586 5959 Deus:

2024 6031 2144 6086 ergo
2172 6024 2272 6068 tres
2302 6020 2426 6067 sunt
2452 6010 2666 6081 perfecti
2695 6005 2902 6062 dii..lta
2927 6005 2994 6059 ibi
3019 6002 3245 6059 Veccns.
3280 6001 3436 6068 Quod
3460 5995 3583 6049 idem
