3744 6544
155 490 241 555 789

1565 482 1798 547 NOT/E.

148 597 363 658 interius,
393 607 443 662 p.
496 589 585 656 9‘2,
651 587 899 657 repetiit,
953 587 1007 642 in
1054 588 1420 658 disputatione
1479 600 1668 646 contra
1700 605 1744 658 Α
1775 599 1834 646 ut
1870 591 2096 658 Veccus,
2130 589 2175 647 si
2206 590 2526 668 Pachymeri
2559 589 2855 654 credimus,
2900 589 3063 644 etiam
3114 587 3351 656 juratus,

152 685 468 762 patriarcham
504 680 817 752 Gregorium
855 679 1450 754 Cyprium,utrobique
1494 685 1666 754 signi.

152 776 602 843 ﬁcans,sicutfuna,
632 773 788 828 unice
812 771 1150 838 indistincta,
1179 773 1456 829 individua
1476 776 1669 830 divini-

150 884 213 928 tas
239 871 285 924 in
313 867 478 922 tribus
507 865 760 935 personis
790 865 1064 921 distinctis
1092 865 1274 932 Patre,
1307 867 1442 923 Filio
1471 876 1524 923 et
1549 869 1669 938 Spi-

148 964 230 1016 ritu
273 967 444 1011 sancto
492 956 794 1010 subsistens
839 971 962 1030 non
1011 959 1212 1024 patitur
1242 971 1338 1010 eos
1372 967 1484 1012 tres
1537 958 1667 1012 deos

144 1051 248 1112 diri,
272 1050 334 1100 ita
366 1061 491 1109 una,
531 1046 691 1100 unice
741 1044 1397 1111 indistincta,individua
1443 1048 1666 1116 spiratio

143 1143 282 1196 activa
299 1138 453 1209 729
474 1139 526 1191 in
548 1137 709 1191 Patre
732 1153 794 1190 ac
818 1137 954 1192 Filio
972 1139 1239 1192 essistens
1255 1155 1357 1192 non
1377 1140 1558 1194 sinere
1575 1155 1667 1196 eos

143 1232 225 1288 dici
248 1231 341 1284 duo
371 1229 636 1296 principia
657 1229 890 1298 Spiritus
925 1230 1125 1287 sancti.
1151 1229 1404 1286 Eamdem
1451 1249 1667 1303 quoque

142 1325 268 1377 istam
296 1321 550 1375 unitatem
578 1320 896 1389 spirationis
919 1323 1132 1386 activae,
1157 1324 1211 1377 in
1240 1323 1399 1378 Patre
1425 1324 1552 1378 licet
1580 1325 1668 1378 Fi-

139 1415 282 1482 lioque
315 1412 582 1467 distinctis
614 1413 954 1478 exsistentis,
982 1416 1070 1469 illa
1107 1418 1409 1484 respiciunt
1435 1432 1558 1488 quae
1582 1433 1668 1472 re-

137 1507 322 1560 lertura
354 1513 538 1558 nostro
573 1505 833 1560 historico
871 1506 1096 1570 dixisse,
1137 1523 1189 1577 p.
1223 1509 1312 1573 32,
1341 1511 1443 1564 sub
1479 1512 1663 1574 linem,

137 1599 298 1667 siquis
325 1597 499 1651 inesse
548 1598 888 1652 contenderit
929 1602 1299 1668 prmpositioni
1333 1601 1422 1655 διά
1451 1618 1544 1672 per
1573 1619 1670 1656 no-

138 1694 525 1755 tionemcausre,
577 1705 698 1745 eum
749 1690 873 1760 jure
909 1693 1234 1748 temeritatis
1276 1695 1662 1750 accusandum.

138 1783 232 1836 Vult
277 1785 436 1850 enim,
487 1785 706 1854 quando
742 1783 932 1840 Patres
962 1786 1135 1842 Graeci
1181 1788 1366 1844 dicunt
1416 1802 1665 1844 sanctum

137 1874 352 1943 Spiritum
382 1887 413 1926 a
470 1873 635 1928 Patre
683 1875 768 1929 διὰ
799 1875 954 1941 Υἱοῦ,
985 1893 1077 1945 per
1109 1874 1304 1931 Filium
1351 1882 1666 1948 procedere,

1770 683 1996 738 nimium
2031 697 2162 738 sane
2189 681 2505 748 liberaliter,
2533 691 2594 737 ut
2616 696 2724 736 non
2754 681 2929 736 dicam
2956 680 3120 750 730
3149 679 3356 750 injuste

1771 790 1834 830 ac
1863 775 2214 839 caiumniose,
2248 775 2509 830 concedat
2546 775 2755 830 crimini
2799 772 3074 840 subiacere
3124 775 3354 828 maxime

1769 864 1954 932 Italos,
1988 866 2090 922 hoc
2125 876 2207 922 est
2241 865 2490 922 Latinam
2515 875 2571 922 et
2596 866 2896 922 Romanam
2929 865 3255 931 Ecclesiam,
3285 882 3355 922 eo

1768 953 1910 1019 quod
1942 967 2127 1008 vocem
2162 952 2405 1024 Filioque
2441 955 2755 1023 opposuerit
2799 954 3079 1027 Symbolo.
3122 955 3236 1012 iloc
3273 958 3355 1010 vi-

1766 1057 1884 1098 sum
1941 1044 2043 1099 sibi
2091 1046 2304 1100 audisse
2359 1046 2442 1116 (ut
2493 1061 2690 1102 sensus
2736 1046 3021 1104 aﬂ‘ectibus
3079 1029 3350 1102 serviunt)

1767 1132 2174 1189 schismaticum
2204 1136 2542 1201 historicum,
2561 1137 2691 1192 dum
2715 1137 2841 1192 huic
2861 1137 3019 1193 Vecci
3042 1148 3098 1194 et
3123 1154 3351 1194 suorum

1767 1221 2077 1279 Graecorum
2107 1229 2498 1284 concertationi
2534 1230 2850 1298 interesset,
2876 1231 3037 1287 facile
3059 1247 3352 1289 concesse-

1766 1316 1868 1369 rim
1903 1332 1918 1368 :
1954 1314 2185 1372 Veccum
2217 1335 2412 1376 revera
2454 1323 2527 1376 ita
2575 1321 2815 1378 locutum
2843 1337 2986 1393 aegre
3021 1322 3260 1378 adducar
3290 1332 3350 1378 ut

1766 1407 2007 1462 credam.
2050 1406 2184 1461 Nam
2223 1411 2430 1478 prolabi
2467 1413 2775 1481 scriptores
2817 1414 2997 1467 studio
3046 1429 3108 1469 ac
3159 1413 3348 1470 favore

1765 1516 1944 1554 causae
1975 1502 2224 1572 propriae,
2261 1505 2568 1574 exemplum
2596 1505 2652 1560 in
2685 1507 2789 1561 hoe
2813 1505 2930 1575 ipso
2961 1519 3199 1574 praesens
3245 1506 3347 1562 ha—

1767 1592 1870 1646 beo
1899 1590 2147 1648 Vaticani
2180 1596 2576 1664 paraphrastis,
2606 1597 2697 1666 qni
2733 1612 2858 1653 cum
2907 1598 3023 1654 hzec
3071 1599 3345 1656 duntaxat

1770 1684 1948 1740 modo
1973 1701 2002 1738 a
2050 1687 2210 1742 nobis
2246 1687 2515 1759 descripta
2547 1689 2601 1744 in
2634 1687 2970 1763 Pachymere
3007 1691 3246 1762 legisset,
3281 1706 3347 1747 ca

1769 1776 2078 1834 immaniter
2107 1781 2442 1850 ampliﬁcatis
2465 1783 2798 1840 deformavit
2823 1785 2877 1839 in
2905 1787 3051 1841 hunc
3085 1787 3298 1840 modum
3328 1801 3344 1840 :

1784 1867 1946 1921 Ἀλλὰ
1985 1868 2124 1934 τέως
2169 1872 2264 1926 καὶ
2297 1872 2459 1942 μόνον
2495 1875 2554 1928 τὸ
2577 1874 2835 1947 ἔγκλημα
2865 1875 3250 1948 θεραπεύοιτο,
3283 1863 3375 1930 οὗ(

135 1977 228 2015 cum
271 1960 353 2014 illa
405 1963 794 2031 praepositione
841 1964 930 2018 διά
967 1982 1057 2032 per
1095 1965 1334 2022 iudicent
1368 1971 1667 2023 communi-

1839 1963 1883 2012 iv
1922 1961 2144 2016 Ἰταλῶν
2174 1961 2478 2032 οὖμενουνο
2511 1967 2708 2021 ἐκεῖνοι
2749 1968 2858 2039 γὰρ
2899 1969 3072 2040 χωρὶς
3109 1967 3219 2022 τῶν
3252 1969 3350 2024 ἄλο

135 2054 360 2106 cationem
413 2067 445 2106 a
503 2055 673 2110 Patre
707 2051 901 2110 l'ac'tam
956 2057 1091 2113 Filio
1122 2059 1436 2129 spirationis
1475 2062 1668 2117 activa:

137 2146 264 2200 unius
289 2145 662 2216 eiusdemque,
689 2149 910 2205 omnino
936 2152 1236 2217 negandam
1264 2168 1384 2208 esse
1406 2156 1667 2224 praeposi-

135 2241 299 2294 tionem
345 2239 494 2294 illam
523 2240 615 2294 διά
637 2256 730 2308 per
757 2242 996 2298 indicare
1029 2245 1192 2298 ullam
1224 2246 1488 2302 rationem
1519 2249 1671 2317 prin-

136 2333 231 2399 cipii
267 2332 434 2387 sancti
471 2332 737 2401 Spiritus,
790 2351 913 2406 qua:
957 2335 1096 2392 Filio
1129 2347 1419 2406 competat,
1476 2340 1672 2396 distiu-

136 2438 200 2478 «τω
232 2425 388 2480 ab~ea
417 2441 542 2494 qua
572 2426 711 2482 inest
740 2429 888 2484 Patri
927 2446 1197 2500 quamque
1221 2433 1293 2486 illi
1330 2433 1492 2488 Pater
1519 2448 1668 2488 com-

137 2517 360 2570 municat.
391 2515 487 2573 llis
524 2519 598 2572 ita
629 2520 682 2573 in
726 2521 1033 2575 universum
1057 2521 1392 2590 praestructis
1424 2523 1490 2576 ad
1519 2537 1684 2576 amo--

135 2607 335 2662 lieudatn
385 2625 414 2663 a
472 2607 654 2665 Vecco
699 2613 1067 2680 suspicionem
1105 2629 1321 2670 omnem
1377 2615 1667 2680 hatreseos,

135 2702 344 2769 quaedam
385 2703 494 2756 alia
538 2705 590 2756 in
632 2719 681 2757 c.
721 2703 754 2759 9
797 2715 1001 2760 restant
1028 2707 1348 2775 explicanda
1380 2709 1555 2766 nobis.

184 2790 235 2846 P.
263 2791 345 2848 50.
385 2794 514 2862 Τὴν
531 2793 601 2850 δὲ
629 2796 1015 2866 κατασκευὴν
1038 2798 1145 2866 τῆς
1167 2801 1534 2869 προτάσεως.
1559 2804 1671 2860 Re-

135 2886 335 2953 spiciunt
372 2886 495 2942 hate
525 2888 702 2944 locum
747 2888 1098 2960 ilermOgenis
1137 2893 1171 2945 l.
1204 2910 1218 2947 r
1252 2894 1325 2947 De
1353 2895 1667 2965 inuentione,

135 2977 204 3030 ubi
231 2980 544 3051 κατασιευὴ
589 2982 688 3050 τῆς
734 2982 1048 3051 προτάσεως
1075 2984 1269 3038 dicitur
1296 2988 1466 3053 αἰτία,
1507 3008 1672 3046 causa

134 3070 226 3123 sive
249 3073 377 3125 ratio
408 3087 513 3126 cur
548 3075 868 3128 enuntietur
910 3083 965 3130 et
994 3075 1290 3131 aliirmetur
1317 3080 1539 3149 aliquid.
1576 3082 1670 3139 Est

133 3162 251 3216 enim
300 3165 567 3234 πρότασις
609 3167 914 3234 prepositio,
966 3169 1289 3234 enuntiatio,
1344 3171 1668 3242 aﬂirmatio;

131 3269 230 3324 qua
253 3269 367 3310 cum
393 3257 596 3310 habere
632 3258 1037 3314 luudameutum
1061 3260 1274 3330 aliquod
1304 3263 1516 3330 debeat,
1539 3267 1668 3325 illud

132 3349 422 3416 κατασκευή
456 3349 678 3404 dicitur.

188 3432 308 3486 Ibid.
333 3437 773 3506 Παρῃρημένην
801 3441 1090 3510 Opponitur
1121 3443 1200 3513 τῷ
1231 3447 1512 3516 κειμένην.
1541 3447 1672 3498 Κει-

134 3522 250 3594 μένη
272 3539 394 3580 cum
419 3527 489 3581 sit
521 3531 814 3598 propositio
846 3549 1123 3603 expresse,
1159 3537 1323 3601 clare,
1356 3537 1671 3606 intelligibl-

130 3617 234 3671 liter
249 3621 447 3674 eteitra
468 3621 966 3691 interpretationem
999 3629 1113 3681 visu
1145 3630 1316 3697 primo
1330 3631 1674 3699 agnoscihili-

133 3718 199 3762 ter
217 3713 381 3778 posita
411 3715 560 3781 (nam
586 3717 646 3766 τδ
665 3717 915 3784 κείμενον
934 3727 1112 3773 textus
1129 3721 1322 3776 dicitur
1343 3723 1669 3792 glossemata

127 3803 437 3867 excludens),
463 3807 709 3875 sequitur
740 3825 769 3862 e
800 3811 1004 3866 ratione
1033 3815 1287 3869 contrarii
1318 3823 1376 3869 ut
1419 3833 1672 3886 παρῃρη-

131 3893 245 3959 μένη
278 3896 583 3964 sitohliqne
619 3900 909 3970 insinuata,
937 3903 1169 3960 latenter
1191 3907 1529 3965 adumbrata.
1565 3911 1674 3966 Nec

128 3983 317 4047 penitus
379 3985 433 4040 id
483 3978 748 4043 abhorrei
783 4007 810 4043 a
868 3993 1087 4048 nOIione
1131 3996 1325 4051 usitata
1380 3997 1478 4052 τοῦ
1530 4017 1676 4065 παρ.

129 4077 398 4145 αιρείσθαι,
432 4095 552 4150 qua
595 4090 678 4136 est
720 4084 979 4148 adimere,
1011 4085 1286 4153 snﬂ’urari,
1311 4089 1550 4158 auferre,
1574 4107 1675 4161 pu-

126 4167 258 4223 blica:
273 4171 516 4226 videlicet
538 4173 829 4242 cognitioni
847 4177 1184 4242 subtrahere,
1211 4179 1312 4232 hoc
1335 4187 1417 4235 est
1443 4179 1672 4236 abscon-

128 4260 234 4314 dere
263 4277 357 4317 uec
387 4263 488 4318 nisi
538 4279 632 4331 per
671 4266 924 4338 ambages
961 4277 1014 4322 et
1041 4270 1380 4337 conjecturas
1411 4273 1670 4341 indicare,

128 4360 204 4405 aut
225 4353 377 4406 eliam
406 4353 622 4421 penitus
642 4355 851 4413 tollere.
889 4356 1038 4412 Unde
1077 4359 1454 4430 disjunctivam
1495 4367 1671 4436 posui,

128 4452 207 4496 aut
231 4445 465 4498 omissam
510 4455 604 4499 aut
654 4448 859 4517 oblique
910 4451 1234 4507 insinuatam
1288 4456 1669 4526 interpretans,

128 4549 289 4603 nequa
329 4553 412 4590 me
443 4537 608 4606 fugiat
652 4539 779 4603 νοῦς
813 4544 1090 4597 σκοτεινοῦ
1130 4549 1516 4617 συγγραφέως,
1549 4567 1671 4604 sen-

129 4627 268 4679 tentia
298 4629 540 4699 lncifugte
567 4631 837 4700 scriptoris
867 4649 882 4686 τ
913 4649 1030 4688 eam
1064 4637 1232 4699 enim,
1266 4654 1332 4692 ne
1363 4639 1668 4710 aliquaverv
1696 4671 1749 4731 Β

126 4732 228 4771 sum
258 4720 515 4784 elahatur,
547 4723 726 4791 sepire
750 4725 988 4796 undique
1019 4733 1327 4784 consultum
1355 4740 1458 4788 est.

187 4811 311 4868 lbid.
357 4814 570 4868 lnducit
612 4815 902 4873 historicus
935 4819 1162 4874 Veccum
1195 4835 1514 4890 purgantem
1550 4841 1673 4883 sese

129 4918 152 4956 a
181 4907 468 4976 SuSpicinne
499 4909 753 4978 culpandi
785 4910 1003 4967 Graecos
1051 4924 1144 4970 aut
1195 4915 1406 4972 lavendi
1443 4917 1670 4977 Latinis.

130 4996 178 5050 in
227 5014 318 5068 quo
360 5001 408 5056 ei
467 5001 673 5073 aﬂingit
726 5002 947 5072 aliquid,
979 5021 1044 5060 ex
1081 5022 1178 5060 suo
1206 5007 1434 5064 fortasse
1482 5027 1670 5080 sensu,

130 5089 366 5156 ejusmodi
431 5095 574 5160 quod
627 5109 730 5147 non
773 5098 907 5149 citra
941 5097 1190 5167 injuriam
1232 5099 1545 5155 Latinorum
1575 5105 1668 5167 sit,

131 5183 206 5248 qui
240 5194 285 5236 et
323 5185 373 5238 in
403 5184 731 5239 tracta'ione
786 5187 981 5254 prioris
1028 5191 1181 5244 iStius
1215 5193 1519 5248 concordiae
1553 5210 1672 5264 qu:e

132 5283 342 5342 trinpore
371 5278 646 5332 Michaelis
673 5277 954 5346 Paireologi
980 5280 1031 5333 in
1067 5283 1300 5337 concilio
1323 5283 1668 5356 Lugdunensi

131 5370 324 5436 coaluit,
353 5381 405 5424 et
429 5372 478 5422 in
511 5383 770 5438 apparatu
802 5373 1048 5428 secunda:
1073 5375 1122 5427 in
1151 5376 1381 5430 concilio
1409 5379 1672 5435 Florenti-

133 5473 192 5510 no
238 5459 472 5524 lirmataa.
513 5479 729 5531 semper
779 5465 1134 5522 defenderunt
1182 5486 1242 5524 se
1275 5472 1418 5540 juste
1455 5487 1516 5526 ac
1553 5473 1670 5528 sine

133 5553 260 5618 culpa
291 5558 506 5610 verbum
539 5554 781 5624 Filioque
816 5560 1059 5629 symbolo
1087 5561 1305 5615 Nica‘no
1339 5565 1481 5618 dicto
1513 5566 1668 5619 addi-

132 5645 274 5710 disse,
307 5664 423 5701 cum
450 5660 626 5702 tamen
657 5650 742 5702 hic
767 5649 974 5706 Veccus
999 5655 1234 5718 graviter
1258 5659 1308 5710 in
1332 5672 1396 5710 eo
1419 5672 1668 5726 peccasse

135 5733 251 5798 illos,
286 5739 431 5806 quasi
463 5739 604 5794 ultro
637 5743 1017 5811 przevaricans,
1052 5748 1387 5816 profiteatur.
1425 5748 1512 5821 [P.
1536 5749 1664 5823 520]

138 5825 286 5882 Verba
333 5831 570 5886 historici
619 5834 723 5888 tale
755 5834 928 5891 Vecco
973 5838 1174 5893 dictum
1223 5842 1507 5896 tribuentis
1555 5845 1667 5898 haec

137 5932 244 5974 sunt
274 5936 287 5975 :
320 5924 510 5991 mare;
538 5925 594 5980 δὲ
625 5926 779 5995 αὖθις
810 5960 876 5973 -
916 5932 1127 5988 κεῖσθαι
1175 5933 1235 5987 τὸ
1271 5935 1545 6004 μέγεςτθν.
1585 5936 1662 5992 En

1774 2049 1884 2104 λων
1907 2044 1984 2107 ὧν
2006 2052 2222 2124 ἔχουσιν
2251 2056 2543 2126 αἱρέσεων,
2562 2059 2652 2130 .τῷ
2685 2061 2954 2130 τολμῆσαι
2984 2062 3348 2132 μόνον-προσ-

1775 2141 1951 2196 θεῖναι
1998 2145 2076 2215 τῷ
2137 2146 2396 2217 συμϐόλῳ
2448 2149 2550 2222 τὴν
2592 2151 2758 2218 λέξιν,
2789 2152 3037 2223 μεγάλης
3074 2153 3353 2224 αἱρέσεως

1775 2231 2002 2297 εἰκότως
2063 2234 2241 2307 ἔνοχοι
2283 2238 2548 2306 γίνονται.
2600 2239 2716 2297 lloc
2769 2241 3036 2298 est:Sed
3090 2243 3352 2298 hactenus

1775 2327 2062 2393 duntaxat,
2095 2341 2157 2384 tu
2203 2334 2402 2385 crimen
2448 2333 2994 2406 excusaretWeccus)
3027 2353 3128 2390 non
3171 2338 3354 2408 utique

1774 2418 2038 2475 Italorum
2075 2439 2096 2477 :
2143 2422 2224 2476 illi
2263 2424 2424 2488 enim,
2456 2435 2659 2494 praeter
2691 2426 2832 2482 alias
2874 2427 3064 2497 quibus
3109 2437 3350 2484 tenentur

1773 2508 2019 2576 hereses,
2057 2511 2136 2566 vel
2182 2515 2296 2567 solo
2331 2530 2468 2568 ausu
2495 2517 2784 2572 additionis
2817 2516 3068 2588 Symbolo
3097 2521 3353 2590 apposin

1775 2603 1931 2657 unius
1957 2605 2117 2667 vocis,
2149 2605 2374 2676 ingentis
2414 2607 2670 2663 bmreseos
2715 2610 2791 2665 rei
2816 2611 2936 2682 jure
2977 2615 3181 2682 peracti
3227 2625 3351 2669 sunt

1774 2693 2022 2751 habendi.
2052 2693 2127 2750 ita
2157 2695 2507 2767 interpolator
2526 2701 2925 2768 schismaticus,
2961 2705 3160 2762 oblitus
3181 2721 3355 2776 quam

1775 2801 1917 2856 saepe
1947 2790 2088 2859 apud
2119 2791 2460 2861 scriptorem,
2493 2809 2655 2863 quem
2686 2796 2965 2867 compilat,
2989 2796 3183 2867 legerit
3208 2797 3348 2854 Vec-

1775 2893 1899 2933 cum
1947 2893 2158 2935 omnem
2201 2882 2429 2952 lapidem
2460 2887 2718 2951 movisse,
2753 2887 2806 2942 in
2857 2902 3033 2958 eoque
3079 2904 3345 2945 summam

1774 2983 1988 3039 semper
2021 2973 2426 3030 contentionem
2455 2975 2787 3044 adhibuisse,
2823 2990 2880 3034 ut
2923 2980 3198 3035 evinceret
3245 2995 3348 3050 pu-

1776 3074 1868 3116 ros
1904 3063 2050 3116 omni
2093 3062 2362 3121 haereseos
2405 3064 2525 3122 labe
2555 3066 2782 3124 Latinos
2816 3085 2961 3133 esse,
3001 3077 3062 3124 ut
3104 3069 3228 3123 inde
3260 3068 3347 3123 in.-

1778 3151 1944 3208 l'erret
1970 3162 2118 3210 recte
2141 3158 2380 3226 potuisse
2407 3160 2528 3217 illos
2554 3161 2606 3217 in
2629 3163 3067 3218 communionem
3094 3178 3121 3215 a
3142 3162 3347 3217 Grecis

1777 3243 2011 3313 admitti,
2037 3248 2248 3305 etiamsi
2278 3249 2418 3308 forte
2439 3269 2548 3309 non
2576 3255 2710 3311 satis
2734 3265 3032 3325 purgarent
3084 3254 3343 3311 invidiam

1695 3329 1740 3393 C
1773 3337 2139 3407 adjunctionis
2181 3345 2328 3399 verbi
2374 3345 2439 3399 ad
2470 3347 2816 3418 symbolum;
2857 3364 2996 3418 quae,
3031 3359 3087 3404 ut
3128 3365 3346 3404 summo

1769 3427 1892 3498 jure
1923 3441 2193 3502 ageretur,
2227 3448 2385 3491 error
2407 3447 2598 3492 contra
2625 3440 2820 3509 dogma
2856 3455 2979 3496 esse
3008 3457 3115 3497 non
3139 3454 3344 3512 posset,

1773 3523 1866 3576 sed
1913 3533 2196 3591 peccatum
2227 3527 2489 3584 duntaxat
2528 3541 2718 3586 contra
2757 3533 3126 3604 disciplinam,
3156 3536 3342 3605 qualia

1773 3629 1879 3668 non
1929 3615 2188 3671 inducunt
2241 3618 2624 3686 obligationem
2675 3626 3078 3682 communionis
3127 3627 3351 3699 abrum—

1774 3707 1981 3777 pendae.
2027 3708 2096 3764 Ut
2149 3711 2313 3780 igitur
2365 3714 2646 3772 historiam
2704 3734 2865 3788 quam
2925 3722 3185 3791 scriptam
3237 3737 3351 3792 pra:

1772 3800 1946 3855 oculis
1981 3801 2213 3861 habebat
2253 3820 2558 3878 anonymus
2603 3810 2950 3876 epitomator,
2976 3812 3191 3868 allectui
3237 3815 3351 3884 pri-

1775 3901 1898 3947 vato
1937 3908 2064 3965 erga
2097 3898 2334 3952 schisma
2367 3899 2675 3970 indulgens,
2714 3902 2767 3956 in
2793 3903 3195 3973 praejudicatam
3220 3920 3348 3960 cor-

1773 3992 1917 4058 rupit
1973 3994 2324 4060 sententiam,
2381 3996 2451 4050 ita
2509 3998 2774 4067 suspicari
2838 4001 2984 4066 licet,
3035 4001 3346 4055 audientem

1774 4080 1930 4136 Vecci
1954 4084 2113 4139 verba
2145 4084 2553 4157 Pachymerem,
2579 4091 2978 4158 contendentis,
3007 4091 3095 4148 vel
3124 4093 3169 4148 si
3207 4092 3348 4148 forte

1775 4176 1954 4232 alTerri
1987 4180 2235 4249 nequiret
2266 4181 2456 4238 idonea
2491 4186 2770 4242 excusatio
2811 4188 3163 4245 additameuti
3195 4187 3350 4243 Lati-

1775 4283 1963 4323 norum
2007 4271 2073 4325 ad
2105 4272 2427 4344 symbolum,
2462 4275 2516 4331 in
2545 4292 2654 4346 quo
2681 4278 2794 4348 ipse
2823 4294 3062 4350 pugnare
3099 4281 3346 4336 odiosius

1773 4373 1880 4412 non
1909 4359 2131 4416 duceret
2162 4368 2528 4421 necessarium
2560 4369 2628 4423 ad
2669 4384 2912 4434 causam,
2954 4382 3132 4426 tamen
3173 4372 3348 4426 barre-

1775 4451 1893 4506 ticze
1945 4453 2213 4511 immunes
2260 4457 2396 4514 labis
2441 4461 2629 4530 utique
2675 4463 2821 4532 ipsos
2873 4479 3016 4528 esse,
3049 4467 3142 4534 qui
3187 4466 3240 4519 in
3281 4480 3344 4520 ea

1773 4557 1934 4612 quam
1995 4546 2283 4604 tradebant
2344 4553 2412 4608 de
2465 4557 2814 4622 processione
2871 4559 3049 4612 sancti
3109 4559 3348 4628 Spiritus

1774 4635 1935 4689 etiam
1961 4653 2025 4692 ex
2054 4638 2190 4694 Filio
2223 4644 2466 4699 doctrina
2494 4661 2602 4701 non
2637 4649 2799 4703 dubie
2829 4651 3213 4720 suifragatores
3238 4650 3348 4705 Ps-

1779 4738 1887 4784 tres
1913 4727 2134 4786 Grmcos
2184 4734 2373 4800 primze
2412 4739 2754 4794 auctoritatis
2783 4740 3064 4795 naberent.
3093 4741 3224 4794 Eam
3257 4740 3348 4795 ille

1773 4824 2182 4880 concessionem
2219 4825 2270 4881 in
2303 4843 2617 4896 expressam
2653 4830 2968 4887 Latinorum
3004 4833 3074 4887 ob
3115 4833 3352 4888 additio-

1773 4927 1896 4967 nem
1925 4914 1990 4968 ad
2015 4917 2322 4985 symbolum
2353 4919 2757 4976 damnationem
2787 4927 3044 4993 augendo
3066 4934 3348 4994 perverte-

1773 5005 1865 5060 rit.
1924 5006 2056 5062 Utut
2108 5011 2201 5074 sit,
2255 5011 2505 5079 equidem
2558 5016 2694 5069 satis
2744 5015 2890 5071 clare
2939 5016 3350 5072 demonstrasse

1776 5100 1908 5153 mihi
1945 5101 2132 5156 videor
2173 5108 2388 5173 propria
2423 5122 2590 5177 super
2625 5124 2690 5162 eo
2723 5120 3045 5178 argumento
3084 5111 3348 5166 dissertao

1776 5193 1941 5258 tione,
1974 5209 2092 5264 qua:
2124 5207 2302 5252 exstat
2334 5197 2370 5252 Ι.
2417 5214 2470 5253 ιιι
2504 5215 2749 5255 mearum
2791 5201 3246 5258 Observationum
3279 5203 3347 5257 ad

1775 5287 1925 5354 prius
1968 5287 2215 5342 volumen
2263 5289 2423 5358 hujus
2466 5290 2716 5348 Historiae
2749 5310 2778 5347 a
2817 5309 2870 5364 p.
2902 5295 3008 5350 665
3034 5325 3103 5335 —
3133 5311 3186 5362 ρ.
3218 5294 3348 5360 674.

1773 5383 2098 5436 adtlitionem
2159 5383 2224 5437 ad
2273 5383 2588 5455 Symbolum
2646 5400 2791 5444 recte
2823 5403 2888 5443 ac
2932 5388 3226 5458 prudenter
3269 5389 3347 5441 la-

1773 5484 1912 5528 Cltltlt
1972 5474 2099 5528 nulli
2150 5489 2271 5530 esse
2323 5477 2611 5533 obnoxiam
2645 5481 3094 5550 reprehensioni;
3133 5488 3192 5534 ut
3225 5494 3346 5534 eam

1771 5583 1862 5622 seu
1893 5566 2098 5624 Veccus
2130 5585 2223 5624 seu
2252 5571 2610 5643 Pachymeres
2632 5574 2853 5646 culpare
2872 5574 3120 5640 voluerit,
3145 5571 3376 5644 frustum

1770 5661 1899 5715 sint.

1839 5751 1901 5808 Ρ.
1935 5754 2023 5808 5Ξ.
2063 5757 2263 5810 Καίτοι
2307 5776 2372 5829 γε
2402 5759 2473 5814 τὰ
2491 5759 2705 5829 μέτριά
2734 5777 2802 5828 τε
2831 5759 2960 5828 τοῖς
2994 5761 3205 5831 λόγοις
3237 5761 3348 5816 αὐ-

1767 5846 1875 5900 τοῦ
1904 5851 2494 5919 προσαρθρούμενος,
2528 5853 2761 5908 obnoxie
2813 5853 2985 5908 lateor
3031 5855 3087 5910 iu
3122 5871 3226 5914 ms.
3258 5870 3346 5910 me

1768 5939 1961 6011 legisse
1994 5943 2454 6014 προσαρχόμενος.
2478 5943 2582 6000 Sed
2613 5945 2837 6001 verbum
2869 5945 3110 6017 ignotum
3136 5959 3190 6009 et
3219 5951 3348 6010 huic

3238 481 3357 540 796’
3457 531 3465 542 .
