3856 6560
415 461 516 526 ’191

1290 466 1355 528 Ρ.
1387 465 1684 530 POSSINI
1716 471 2364 538 OBSERVATIONUM
2409 476 2552 538 LIB.
2600 477 2681 537 lI.

3521 481 3618 545 792

412 580 629 647 quidem
652 578 770 632 loco
802 576 1227 649 ἀπροσδιόνυσον
1255 583 1412 654 731
1449 601 1573 660 cum
1605 591 1967 662 προσαρθρού.

2085 594 2177 646 καὶ
2202 595 2407 658 πάντες
2444 594 2569 658 λαὸς
2601 593 2762 663 (forte
2796 595 3222 652 voluitscrihere
3255 568 3487 654 iaot’vel
3511 601 3618 654 λαῖ-

410 687 574 739 μινος
601 679 840 730 mutasse
867 687 882 724 :
910 672 1180 728 sententia
1204 679 1606 744 percommode,
1629 696 1790 752 quam
1815 685 1974 739 inter-

408 763 780 831 pretatio-mea
804 765 1074 832 exprimit.

477 853 538 908 P.
565 854 655 909 54.
688 856 756 908 At
789 855 982 911 νοείτω
1009 858 1158 912 aliud
1184 862 1355 928 potius
1375 866 1610 932 quadris,
1643 874 1750 922 etc.
1779 866 1972 924 Nolen-

408 954 497 998 tur
528 945 643 1001 haec
686 948 754 1000 ad
782 951 1147 1005 excusandum
1178 952 1429 1023 Veecum,
1461 960 1502 1011 si
1539 960 1752 1027 quando
1799 961 1849 1015 in
1888 961 1972 1016 his

407 1041 928 1106 concertationibus,
967 1047 1266 1116 praesertim
1317 1049 1367 1101 in
1407 1051 1672 1120 colloquio
1723 1052 1805 1125 [Ρ.
1839 1053 1970 1125 521]

407 1128 524 1198 olus
554 1146 678 1187 cum
709 1133 1038 1191 adversariis
1078 1137 1239 1204 intra,
1275 1153 1326 1194 c.
1368 1141 1437 1196 '55
1483 1141 1606 1197 libri
1642 1143 1799 1213 hujus
1832 1145 1973 1199 reci.

408 1232 540 1287 tato,
573 1225 735 1278 multa
769 1228 1087 1284 subtieuerit
1132 1233 1198 1285 ad
1230 1247 1447 1288 causam
1490 1236 1838 1304 pertinentia,
1876 1239 1970 1292 sed

407 1331 528 1383 quae
563 1317 607 1371 si
639 1316 972 1382 dicerentur,
1016 1323 1292 1380 auditores
1345 1325 1708 1396 prmjudicatis
1751 1337 1969 1385 ruentes

407 1409 690 1466 affectibus
715 1411 1025 1469 cﬂ'crarent.
1054 1413 1185 1470 Nam
1232 1418 1356 1472 talia
1407 1421 1506 1474 etsi
1552 1419 1694 1489 justa
1735 1431 1787 1475 et
1820 1436 1969 1488 vera,

406 1499 551 1566 pacis
583 1515 742 1556 causa
769 1502 1112 1559 laudabiliter
1133 1506 1402 1564 interdum
1429 1509 1644 1565 silentio
1666 1512 1969 1582 comprimi,

407 1593 730 1662 intelligitur
765 1610 829 1649 ex
862 1595 1006 1651 facto
1042 1599 1102 1653 S.
1133 1599 1382 1671 Gregorii
1421 1619 1589 1673 papae,
1619 1606 1734 1673 qui,
1771 1614 1831 1658 ut
1859 1605 1972 1671 ipse

407 1691 652 1750 testatur,
696 1688 889 1757 synodi
921 1689 953 1743 5
979 1691 1080 1745 etsi
1113 1692 1349 1759 probatae
1389 1693 1490 1748 sibi
1528 1696 1852 1749 mentionem
1888 1694 1970 1750 ia-

401 1789 528 1829 cere
577 1779 880 1847 supersedit.
936 1781 1075 1850 apud
1129 1798 1224 1839 eos
1273 1785 1364 1855 qui
1427 1801 1490 1842 ea
1543 1787 1969 1843 olfenderentut'.

406 1868 581 1923 Verba
627 1873 802 1926 sancti
835 1875 1105 1944 pontiﬁcis
1154 1876 1267 1932 haec
1305 1887 1427 1932 sunt
1455 1894 1520 1934 cx
1547 1880 1773 1945 epistola
1808 1880 1897 1946 37,
1931 1879 1965 1934 Ι.

405 1977 488 2026 ut,
544 1964 610 2016 ad
657 1964 1032 2024 Constantium
1082 1971 1395 2043 episcopum
1464 1973 1963 2029 Mediolaneuscm:

407 2051 561 2117 Quod
598 2067 776 2114 autem
804 2061 1106 2129 scripsistis,
1133 2066 1259 2133 quia
1290 2065 1565 2132 epistolam
1598 2083 1764 2119 meam
1801 2065 1970 2121 Theo-

405 2145 630 2202 delindtc
681 2151 875 2219 regium
909 2155 1267 2209 transmittere
1319 2157 1530 2211 minime
1588 2158 1826 2212 voluistis
1872 2175 1969 2232 pro

404 2252 464 2290 eo
506 2240 645 2307 quod
674 2241 726 2294 in
763 2258 826 2295 ea
859 2244 1042 2306 quinta
1075 2246 1307 2315 synodus
1340 2249 1730 2313 nominabatur,
1762 2251 1810 2305 si
1855 2269 1968 2304 eam

403 2328 594 2383 exinde
623 2333 1000 2388 scandalizari
1050 2352 1200 2404 posse
1241 2338 1564 2399 credidistis.
1595 2353 1732 2394 recte
1769 2340 1967 2408 factum

404 2429 480 2473 est
505 2431 556 2473 ut
578 2423 1258 2486 minimetransmitteretis.
1285 2428 1402 2484 Mox
1426 2430 1511 2485 ubi
1543 2430 1608 2485 de
1636 2431 1736 2487 ista
1761 2432 1968 2502 synodo

403 2511 1022 2586 Constantinopolitana,
1047 2533 1074 2571 a
1103 2519 1284 2575 multis
1313 2523 1494 2589 quinta
1521 2525 1815 2591 nominata,
1840 2525 1969 2579 sub-

398 2604 576 2674 junxit
628 2609 843 2674 probari
885 2625 1003 2665 eam
1053 2613 1180 2672 sibi,
1214 2613 1351 2668 addit
1391 2631 1406 2668 :
1442 2613 1552 2670 Nos
1597 2627 1791 2682 tamen,
1831 2619 1969 2672 sicut

401 2696 667 2761 voluistis,
705 2701 782 2754 ita
813 2702 1050 2769 fecimus,
1075 2714 1132 2758 ut
1151 2705 1384 2775 ejusdem
1407 2709 1595 2778 synodi
1620 2709 1820 2762 nullam
1856 2726 1968 2764 me-

402 2788 625 2840 moriam
657 2789 970 2858 faceremus.

481 2880 539 2935 Ρ.
566 2880 653 2936 39.
685 2882 1029 2952 Πάτροκλος
1061 2886 1115 2939 δ’
1143 2886 1358 2952 ἔδοξεν
1388 2887 1638 2961 Ἰωσήφ.
1671 2889 1969 2960 Usurpatur

405 2973 495 3027 hic
524 2989 621 3028 vox
657 2975 973 3047 Πάτροκλος
1007 2980 1416 3046 proverbialiter
1469 2981 1774 3052 significatu
1830 2999 1968 3053 προ-

406 3063 649 3132 φάσεως.
683 3068 782 3133 Qui
815 3084 943 3122 usus
969 3070 1161 3126 creber
1187 3073 1328 3142 apud
1372 3074 1579 3129 Annam
1610 3074 1962 3142 Comneuam,

406 3169 467 3213 ut
511 3160 576 3213 ad
624 3159 744 3228 ejus
790 3161 1103 3220 Alexiadem
1148 3165 1200 3220 in
1234 3165 1509 3222 Glossario
1549 3169 1753 3232 notavi,
1785 3168 1878 3224 sed
1913 3178 1967 3224 et

2074 683 2181 753 κοὶ)
2209 684 2397 754 ἑώρων
2421 685 2490 736 τὰ
2513 685 2816 754 τελούμενα
2835 701 2848 714 ο
2887 686 3284 754 Imperatorem,
3306 690 3560 758 principes
3577 705 3620 746 et

2074 791 2278 830 omnem
2313 778 2584 845 populum,
2625 779 2748 833 inde
2770 789 3030 848 spectasse
3064 797 3240 845 sacra,
3269 783 3398 835 dum
3427 784 3618 851 ﬁerent.

2073 866 2227 933 Quod
2257 870 2338 930 δὶς
2367 870 2455 923 διὰ
2487 871 2678 924 πασῶν
2715 873 2984 940 discrepat
3027 888 3055 925 a
3088 875 3375 942 scriptoris
3402 889 3619 932 asserto.

2075 958 2252 1024 Quare
2283 969 2442 1014 caute
2470 960 2727 1033 legendus
2751 961 2840 1014 hic
2871 960 3224 1026 epitomator;
3265 976 3366 1014 nec
3424 961 3474 1016 ei
3517 962 3622 1016 sine

2073 1048 2300 1117 pignore
2347 1049 2612 1102 iideudum
2649 1049 2704 1103 in
2741 1050 2805 1104 iis
2845 1064 2964 1118 qua:
3005 1047 3355 1119 Pachytneris
3396 1053 3619 1113 noutine,

2080 1142 2198 1211 ipso
2226 1143 2544 1210 plerumque
2566 1141 2756 1204 invito,
2787 1141 3006 1195 recitat.

2147 1233 2231 1308 [P.
2273 1233 2398 1306 522]
2423 1235 2483 1290 P.
2515 1235 2603 1290 54.
2632 1235 2820 1302 Ρτοξθο
2843 1235 2983 1302 quod
3014 1234 3217 1290 habent
3237 1234 3399 1288 codd.
3428 1235 3468 1288 Β
3493 1244 3542 1289 et
3565 1236 3621 1297 Δ,

2073 1309 2323 1397 ἀκριϐῶς
2358 1328 2701 1396 παρεστῶσαι
2735 1327 2834 1398 τὴν
2870 1326 3052 1394 φύσιν,
3079 1326 3145 1379 de
3167 1325 3333 1395 guttis
3358 1327 3623 1394 sanguinis

2073 1420 2220 1490 clare
2250 1419 2639 1489 apparentihs
2668 1433 2831 1487 supra
2860 1417 2999 1479 vela,
3027 1432 3157 1470 saxa
3179 1424 3234 1471 et
3262 1417 3502 1480 frondes,
3530 1417 3620 1470 Va-

2076 1511 2288 1565 ticanus
2356 1508 2518 1564 habet
2582 1509 2830 1579 ἀκριϐῶς
2887 1507 2987 1578 τὴν
3047 1505 3209 1575 φύσιν
3272 1509 3624 1580 ἐχαρακτήρι-

2073 1603 2185 1667 ζον,
2211 1601 2446 1670 eleganti
2470 1602 2812 1670 paraphrasi.

2144 1690 2206 1746 P.
2239 1692 2329 1746 55.
2366 1692 2409 1747 E
2430 1697 2648 1762 regione
2677 1693 2835 1764 hujus
2861 1696 3056 1766 capitis
3084 1697 3137 1752 in
3165 1697 3356 1752 codice
3383 1693 3626 1766 optimoB

2072 1782 2188 1839 hac
2214 1784 2316 1838 alia
2345 1799 2503 1838 manu
2531 1785 2729 1853 scripta
2763 1797 2980 1841 exstant
3017 1807 3031 1843 :
3068 1787 3178 1842 τοῦ
3209 1790 3270 1841 ὲν
3291 1790 3626 1847 Κωνσταντι-

2074 1875 2327 1928 νουπόλει
2358 1875 2634 1947 συνεδρίου
2665 1876 2808 1930 κατὰ
2835 1877 2944 1931 τῶν
2974 1879 3397 1948 ὑποδεξαμένων
3429 1879 3527 1948 τὴν
3561 1881 3628 1932 sl-

2080 1969 2251 2039 ρήνην
2280 1967 2378 2039 τὴν
2406 1969 2544 2038 πρὸς
2576 1969 2667 2022 τὸν
2691 1969 2922 2024 πάππαν
2959 1971 3138 2041 ψῆφον
3169 1973 3264 2025 καὶ
3291 1973 3624 2041 ἀπαιτήσεις,

2070 2077 2189 2133 quae
2213 2063 2505 2117 ostendunt
2530 2070 2746 2116 narrata
2783 2063 2834 2116 in
2861 2056 2968 2119 hoc
2994 2065 3170 2131 capite
3186 2074 3310 2120 acta
3339 2079 3459 2119 esse
3489 2079 3613 2135 syn-

2070 2156 2157 2211 odi
2191 2155 2427 2222 ejusdem
2462 2157 2527 2210 de
2594 2169 2696 2224 qua
2743 2155 3036 2212 hiatoricus
3088 2172 3142 2226 p.
3168 2157 3239 2211 50
3278 2172 3405 2226 sqq.
3436 2165 3624 2227 egerat.

2073 2247 2179 2303 Sed
2207 2261 2328 2303 cum
2366 2247 2416 2301 id
2457 2261 2560 2300 non
2593 2247 2927 2316 exprimatur
2974 2248 3025 2302 in
3061 2255 3345 2311 contextu,
3371 2263 3468 2318 ego
3495 2247 3623 2315 quod

2070 2340 2215 2396 κατὰ
2268 2339 2330 2393 τὸ
2380 2338 2735 2409 σιωπώμενον
2795 2354 2891 2409 per
2950 2355 3010 2394 se
3055 2341 3292 2407 scriptor
3344 2341 3559 2407 intelligi
3597 2354 3622 2392 a

2072 2432 2272 2486 lectore
2318 2429 2508 2492 voluit,
2545 2428 2842 2499 σαφηνείας
2877 2429 3040 2500 χάριν
3083 2428 3249 2484 verbo
3291 2429 3622 2485 iudicandum

2069 2521 2299 2578 credidi.

2140 2614 2226 2687 [P.
2259 2615 2350 2670 55.
2383 2614 2684 2669 Λίὄελλον
2708 2612 2826 2684 μὲν
2860 2613 3142 2680 πίστεως.
3184 2615 3318 2689 θέεις
3346 2613 3624 2669 Theodore

2068 2706 2342 2762 confessio
2391 2705 2682 2774 instigante
2711 2705 3020 2776 patriarcha
3046 2703 3153 2760 (ΣΡ.
3190 2705 3258 2760 ab
3295 2707 3624 2775 imperatrice

2066 2798 2267 2854 emissa
2301 2807 2383 2852 est
2408 2799 2473 2852 ad
2504 2799 2852 2852 rescindenda
2888 2809 3004 2854 acta
3033 2797 3315 2859 Michaelis
3348 2798 3620 2866 Palaeologi

2068 2906 2167 2960 pro
2191 2891 2388 2947 unione
2412 2889 2665 2944 Ecclesia:
2693 2889 2990 2946 Orientalis
3011 2901 3062 2944 et
3093 2889 3477 2946 Occidentalis.
3500 2891 3622 2944 lior-

2070 2990 2162 3037 tuo
2195 2981 2454 3038 Michaele
2491 2983 2668 3037 clerus
2708 2983 3111 3048 schismaticus,
3147 2984 3477 3037 connivente
3519 2981 3621 3034 An-

2069 3075 2290 3132 dronico
2322 3075 2647 3144 Palaz-ologo,
2699 3077 2932 3130 schisma
2986 3077 3332 3130 instauravit.
3371 3075 3502 3130 Cum
3533 3073 3622 3127 ili-

2071 3165 2225 3222 chael
2287 3165 2618 3235 Palavologus
2684 3165 2770 3221 die
2821 3165 2879 3219 ll
2944 3166 3254 3222 Decembris
3319 3167 3444 3221 anni
3498 3164 3622 3220 l282

404 3253 545 3321 apud
575 3253 708 3309 alios
739 3255 1010 3312 citerioris
1048 3258 1146 3313 aevi
1195 3257 1410 3314 Grecos
1435 3261 1748 3330 scriptores.
1778 3261 1969 3316 Trahit
1995 3267 2036 3324 C
2070 3269 2312 3314 mortuus
2342 3259 2433 3323 sit,
2465 3269 2520 3313 et
2555 3259 2868 3327 imperatrix
2904 3259 3099 3314 tnarito
3133 3258 3240 3312 vita
3285 3257 3472 3313 functo
3503 3273 3622 3312 con-

399 3346 662 3414 originem
696 3361 726 3401 e
772 3363 930 3403 versu
963 3348 1180 3405 Homeri
1207 3350 1490 3408 notissimo
1515 3353 1576 3408 ll.
1605 3370 1636 3406 τ
1671 3369 1686 3406 :
1735 3383 1805 3394 —
1841 3354 1965 3408 Ἐπὶ

397 3437 456 3492 δὲ
485 3440 806 3509 στενάχοντο
834 3443 1091 3507 γυναῖκες
1125 3442 1438 3512 Πάτροκλον
1479 3445 1774 3514 πρόφασιν,
1811 3445 1966 3514 σφῶν

399 3529 446 3582 δ’
476 3531 658 3583 αὐτῶν
686 3531 835 3602 κήδε’
870 3532 1099 3602 ἑκάστη.
1162 3535 1239 3588 Ad
1299 3549 1460 3604 quem
1513 3535 1689 3591 locum
1748 3538 1966 3593 adnotat

402 3620 715 3677 Eustathius
746 3623 854 3677 illic
879 3639 906 3676 a
926 3638 1010 3678 me
1028 3624 1228 3679 relatus
1259 3624 1452 3681 abiisse
1476 3642 1586 3681 rem
1616 3641 1734 3682 eam
1762 3629 1812 3682 in
1838 3644 1967 3696 pro-

403 3712 670 3779 verbium,
694 3723 750 3768 ut
773 3716 1094 3786 Πατρόκλου
1125 3718 1289 3772 verbo
1310 3720 1694 3786 compendiose
1720 3721 1968 3790 signare-

404 3815 496 3856 tur
518 3805 813 3871 simulatio,
841 3822 944 3877 qua
977 3808 1100 3878 quis
1132 3809 1308 3878 aliqua
1337 3825 1500 3865 causa
1525 3811 1700 3865 facere
1725 3827 1783 3866 se
1807 3813 1968 3881 quid-

403 3895 546 3959 piam
583 3898 805 3952 studens
839 3900 1144 3965 ostendere,
1175 3901 1320 3957 aliud
1355 3918 1412 3956 re
1449 3917 1574 3956 vera
1609 3904 1874 3973 sequitur.
1911 3904 1966 3960 In

402 4002 470 4040 eo
495 4003 593 4041 usu
631 3989 730 4042 hoc
767 3991 931 4044 habet
961 3992 1232 4061 singulare
1266 4002 1467 4058 noster,
1493 3996 1634 4064 quod
1662 3996 1774 4049 l'erc
1814 3999 1966 4051 Anna

405 4082 512 4133 duo
543 4082 797 4137 continue
831 4083 1089 4140 vocabula
1119 4087 1434 4156 Πάτροκλον
1469 4087 1746 4157 πρόφασιν
1766 4086 1964 4155 jungit,

408 4171 772 4244 Pachytnercs
809 4175 896 4230 hic
935 4177 1106 4231 solum
1139 4179 1451 4248 Πάτροκλον
1477 4179 1754 4248 exprimit.
1793 4179 1968 4234 Etiam

405 4274 460 4318 et
491 4266 620 4319 illud
656 4267 1030 4333 admoneatur,
1070 4270 1120 4322 in
1147 4271 1272 4330 hoc.
1296 4280 1352 4323 ut
1382 4279 1437 4324 et
1462 4271 1513 4324 in
1541 4271 1816 4328 vocabulis
1846 4288 1968 4329 cre-

411 4358 491 4412 hri
527 4375 675 4422 usus,
708 4377 866 4412 ntauu
917 4361 1149 4430 scriptos
1197 4363 1414 4431 antiqua
1457 4361 1670 4416 codices
1711 4364 1784 4417 uti
1817 4378 1970 4419 com-

405 4453 622 4519 pendio.
679 4453 866 4522 Itaque
926 4454 1094 4508 nostri
1137 4455 1352 4510 codices
1406 4455 1444 4507 Β
1478 4465 1530 4508 et
1559 4455 1602 4508 Α
1645 4453 1835 4524 integri
1867 4456 1967 4511 soli

401 4552 552 4606 (nam
591 4543 710 4600 Vat.
760 4547 1088 4614 epitomator
1135 4547 1249 4601 hac
1300 4557 1359 4602 ιιι
1387 4548 1524 4602 solet
1559 4550 1868 4611 decurtans,
1901 4563 1968 4604 ne

2067 3352 2356 3406 fessionem
2401 3350 2547 3403 illam
2595 3350 2858 3414 emiserit,
2893 3349 3161 3405 confessio
3209 3349 3331 3418 ipsa
3381 3349 3446 3404 ad
3475 3349 3619 3403 tinent

2067 3442 2192 3496 anni
2225 3440 2356 3494 l282
2378 3439 2458 3494 vel
2484 3441 2690 3493 initium
2713 3439 2838 3493 anni
2868 3439 3003 3494 1283
3027 3439 3310 3493 referenda
3337 3448 3437 3493 est.
3467 3437 3620 3491 Porro

2065 3531 2346 3587 Theodoro
2360 3531 2489 3588 obiit
2527 3533 2591 3588 l6
2615 3531 2917 3596 Februarii,
2937 3546 3078 3585 anno
3114 3531 3272 3585 l284.
3309 3529 3489 3585 Libelli
3518 3539 3620 3582 tes-

2071 3631 2205 3687 tum,
2236 3637 2392 3689 quem
2430 3623 2632 3691 primus
2655 3622 2821 3676 edidit
2871 3620 3106 3676 Joannes
3141 3617 3358 3674 Yrisrte
3381 3621 3433 3678 iu
3464 3617 3615 3672 Codd.

2068 3731 2195 3769 mss.
2223 3713 2315 3770 Gr.
2349 3712 2551 3768 blntrit.
2581 3729 2634 3782 p.
2659 3714 2788 3779 285,
2827 3715 2946 3770 cod.
2984 3711 3218 3767 LXXVII
3247 3755 3261 3777 ,
3294 3711 3617 3780 suhjicimus.

2137 3808 2260 3862 505.
2323 3807 2569 3876 Sequitur
2623 3807 2808 3877 (verba
2869 3817 2993 3861 sunt
3043 3806 3284 3872 Yriartii)
3348 3806 3618 3871 exemplum

2070 3899 2408 3968 confessionis
2444 3916 2598 3963 super
2649 3901 2799 3954 rebus
2845 3900 3230 3961 ecclesiasticis,
3259 3917 3418 3968 quam
3469 3897 3616 3951 Theo-

2070 3996 2202 4046 dora
2231 3993 2540 4058 imperati-is:
2568 3991 2730 4045 edidit
2753 4000 2869 4056 post
2900 3991 3094 4044 obitum
3125 3990 3402 4045 Michaelis
3431 3991 3620 4044 Palico-

2071 4086 2174 4153 logi
2207 4084 2482 4149 Comueni,
2525 4082 2826 4138 Gra’corum
2861 4084 3216 4147 imperatoris,
3248 4084 3484 4151 conjugis
3523 4082 3616 4140 sui,

2070 4179 2160 4249 qui
2215 4177 2418 4231 litteras
2456 4177 2733 4230 catholica:
2768 4175 3116 4243 Romana-que
3154 4175 3278 4242 fidei
3308 4186 3463 4230 testes
3495 4174 3617 4227 dedit

2071 4271 2140 4325 ad
2203 4269 2508 4337 Gregorium
2565 4267 2611 4321 Χ
2659 4267 2957 4337 pontiﬁcem
3015 4269 3342 4326 maximum.
3412 4265 3616 4318 concilio

2071 4359 2408 4429 Lugdunensi
2437 4359 2664 4427 generali
2693 4362 2916 4411 secundo
2946 4368 3068 4410 tunc
3089 4359 3476 4425 pm’sidentem.
3501 4353 3617 4408 Cum

2072 4464 2194 4504 vero
2235 4447 2290 4502 iu
2322 4445 2584 4511 omnibus,
2628 4454 2876 4514 quotquot
2923 4447 3222 4505 coaluimus.
3275 4463 3446 4500 rerum
3487 4459 3616 4497 cont-

2073 4542 2341 4596 mentariis
2376 4540 2556 4594 aliisve
2590 4540 2821 4608 scriptis,
2855 4539 3057 4592 nullum
3093 4541 3395 4606 ltujusmodt
3437 4537 3620 4603 confes-

403 4637 728 4692 seutentiam
771 4639 987 4707 quidem
1019 4637 1124 4694 ioci
1158 4637 1314 4707 hujus
1361 4639 1556 4706 reddit)
1587 4639 1832 4710 Hpoxio;
1874 4653 1971 4710 pro
2002 4623 2048 4680 Ῑ)
2075 4638 2238 4692 sionis
2286 4651 2388 4691 non
2443 4634 2596 4688 modo
2639 4635 2930 4696 exemptum
2977 4643 3162 4694 exstet,
3210 4634 3302 4686 sed
3341 4649 3403 4685 ne
3449 4630 3620 4684 mentio

405 4727 719 4798 Πάτροκλος
747 4730 1037 4784 habebant.

481 4819 541 4874 Ρ.
567 4821 656 4875 45.
694 4822 805 4876 Cur
835 4823 922 4876 hic
955 4823 1228 4893 σφραγίὁα
1253 4823 1662 4878 benedictionem
1690 4824 1965 4891 verterim,

401 4927 621 4967 causam
683 4915 807 4968 dico
866 4916 917 4968 in
977 4915 1273 4972 Glossario.
1334 4917 1410 4971 De
1465 4933 1594 4971 voce
1649 4934 1971 4989 πρωτοαπο-

401 5007 686 5076 στολαρὶου
746 5017 800 5060 ct
853 5007 971 5076 ejus
1029 5011 1248 5065 notione
1301 5009 1434 5064 nihil
1487 5011 1627 5064 addo
1681 5012 1747 5065 ad
1792 5013 1968 5066 Meur-

400 5099 566 5152 sium.

472 5191 529 5243 Ι).
562 5191 649 5243 46.
686 5190 766 5244 Νι
800 5198 886 5261 qui
923 5205 1098 5247 autent
1135 5197 1188 5249 in
1225 5198 1600 5261 superioribus,
1629 5209 1736 5251 etc.
1771 5197 1966 5252 Totam

400 5285 564 5352 hujus
618 5285 718 5338 lori
761 5285 1085 5339 sententiam
1143 5289 1485 5342 abitreriator
1529 5289 1838 5356 Vaticanus,
1883 5291 1967 5344 vix

399 5378 644 5443 quintam
696 5377 850 5445 hujus
906 5379 1097 5445 capitis
1135 5381 1396 5434 exhibens
1436 5390 1664 5448 partem,
1710 5384 1870 5436 etiam
1913 5385 1966 5436 in

399 5470 734 5522 contrarium
773 5472 938 5523 tuenti
982 5471 1224 5524 auctoris
1251 5473 1518 5528 delormat
1560 5492 1797 5530 sensum.
1830 5475 1965 5529 Cum

359 5562 542 5624 ‘cuim
569 5559 935 5632 Parhymctes
969 5564 1248 5628 manifeste
1276 5567 1501 5620 afﬁrmet
1535 5582 1598 5619 uc
1639 5581 1669 5618 e
1700 5568 1967 5620 Catechu-

398 5655 572 5708 tui-nis
620 5657 835 5725 quidem
887 5661 1230 5726 despcctaudi
1276 5658 1330 5714 in
1367 5663 1619 5729 templum
1651 5661 1962 5714 facultatem

395 5750 650 5815 cuiqua-u
696 5764 1032 5816 concessam,
1084 5753 1275 5820 positis
1313 5754 1383 5806 ihi
1421 5755 1486 5808 ad
1531 5756 1633 5808 hoc
1665 5755 1962 5820 prohiben-

389 5841 524 5903 slunt
564 5841 898 5904 custodibus,
934 5842 1022 5896 ille
1063 5853 1240 5898 tamen
1277 5846 1435 5917 732
1463 5847 1538 5899 ait
1568 5848 1716 5899 Ἀνω
1757 5845 1811 5897 δὲ
1855 5847 1963 5897 τῶν

392 5932 874 6001 κατηχτιυμενείων
909 5935 1126 6001 πάντες,
1162 5939 1252 5990 καὶ
1290 5937 1540 6008 βασιλεὺς
1583 5939 1672 5990 sui
1706 5938 1962 6008 ἄρχοντες

2071 4728 2280 4798 quidem
2319 4736 2582 4786 occurrat,
2611 4725 2664 4778 id
2695 4724 2832 4778 velut
2859 4723 3092 4776 ltistoria'
3121 4721 3432 4793 Byzantina:
3460 4723 3620 4785 singu-

2072 4820 2184 4873 lare
2207 4829 2598 4874 monumentum
2626 4829 2782 4886 atque
2812 4817 2925 4884 ejus
2950 4817 3199 4870 studiosis
3224 4815 3514 4870 hominibus
3533 4813 3619 4881 ju-

2071 4914 2473 4976 cundissimum,
2499 4912 2646 4965 libuit
2671 4912 2755 4964 llic
2787 4913 2855 4963 ad
2889 4910 3114 4963 litteram
3151 4909 3458 4963 exscribere.

2078 5032 2136 5090 >14
2172 5027 2240 5081 Τὸ
2269 5028 2410 5081 ἴσον
2434 5026 2543 5092 (ἧς
2570 5023 2890 5094 ὁμολογίας
2911 5021 3019 5088 τῆς
3041 5021 3325 5094 κραταιᾶς
3339 5019 3440 5094 ora!
3464 5016 3619 5094 ἄγξας

2142 5098 2314 5167 ἡμῶν
2363 5091 2572 5162 κυρίας
2600 5091 2705 5167 ’καὶ
2746 5095 3074 5167 δεσποζνης
3125 5093 3222 5167 fieri
3265 5091 3387 5167 coic
3419 5091 3616 5167 ἐκιιλη·

2142 5160 2486 5232 άῖαστικοῗς
2521 5165 2905 5236 πράγμασιν-ο
2941 5164 3087 5236 ὅπερ
3115 5161 3211 5215 διὰ
3250 5160 3617 5236 eiectae/got!

2143 5239 2412 5306 σταυροῦ
2450 5225 2765 5304 ἀπ”ἀρξῆς
2790 5225 3166 5306 interdicere
3189 5225 3506 5306 '_xctl_a_airto
3533 5225 3616 5276 διὰ

2144 5307 2252 5373 τῆς
2275 5303 2499 5372 οἰκείας
2537 5303 2774 5373 στήλης
2809 5304 2878 5356 ἐν
2903 5304 3166 5371 χρυσΙνῃ
3188 5303 3428 5366 ﬁctilia
3466 5309 3619 5373 ςξεροτ

2142 5362 2330 5445 piem
2378 5362 2491 5430 καί
2521 5362 2956 5443 ἀπῄωρῆμένὴξ
2988 5373 3112 5440 (leg.
3136 5362 3616 5440 'sistswpoupe'rtw)

2145 5452 2219 5503 δι’
2253 5451 2456 5514 ὀξείας
2482 5447 2766 5516 μετάξης.

2141 5562 2392 5632 Θεοδώρα
2422 5563 2480 5613 ὲν
2518 5559 2742 5630 Χριστῷ
2806 5556 2885 5627 τῷ
2943 5554 3082 5625 Θεῷ,
3135 5555 3300 5623 πιστὴ
3351 5546 3613 5617 Δῦγούστα

2073 5657 2168 5709 καὶ
2196 5652 2672 5722 αὑτοκρατόρισσα
2696 5648 3009 5719 Ῥωμαίων,
3041 5647 3330 5704 Δούκαινα.
3355 5637 3609 5711 Κομνηνὴι

2074 5751 2106 5818 ὴ
2143 5744 2563 5813 Παλαιο).ογινα,
2593 5744 2693 5812 οὐχ
2727 5741 2916 5810 ὥσπερ
2961 5740 3055 5795 ἐπὶ
3093 5741 3202 5791 τῶν
3230 5738 3400 5792 ἄλλων
3437 5745 3612 5798 κατορ·

2074 5839 2367 5907 Θωμάτων,
2407 5837 2506 5889 ὅσα
2539 5853 2621 5896 τις
2651 5835 2744 5886 ἐπὶ
2781 5833 3028 5902 σωτηρίᾳ
3059 5830 3252 5886 ἑαυτοῦ
3286 5821 3606 5896 κατορθῶσαι

2069 5932 2382 6003 δυνήσεται,
2420 5928 2561 5982 οὖτω
2595 5945 2682 5998 μοι
2730 5931 2822 5981 καὶ
2866 5929 2958 5979 ἐπὶ
3005 5927 3098 5997 τῆς
3143 5923 3416 5982 εὐσεϐείας
3454 5912 3604 5981 αὐτῆς
