3856 6594
140 486 237 553 797

1624 500 1860 562 ΝΟΤΕ.

3245 494 3359 564 798

141 605 228 658 etis
249 605 558 662 astantibus
589 610 782 664 meruit
807 609 830 664 τ
856 609 959 666 nisi
980 612 1121 682 quod
1158 609 1510 685 prafmlicato
1533 631 1694 671 sensu
1728 628 1770 682 Α
1801 616 2012 687 publica
2065 615 2427 687 disputatione
2480 614 2832 687 propugnari.
2904 628 3016 671 non
3060 612 3353 681 imPaC'um

136 697 403 766 sapiebant
438 711 495 756 et
517 701 723 756 similes
758 705 1032 761 habebant
1055 707 1201 762 labra
1238 708 1494 765 lactucas.
1515 712 1686 777 Quam

1797 710 1926 776 ipsis
1962 708 2153 764 falsum
2192 710 2397 764 crimen
2443 710 2652 778 privata
2690 707 3006 764 defensione
3054 703 3230 761 relelii
3264 719 3354 757 res

136 806 244 844 mox
275 790 524 862 adiungit
549 793 759 851 Muzalo
787 797 1017 853 dictisni
1045 801 1330 867 rationem,
1365 800 1525 872 735
1545 802 1693 872 quod
1793 810 2065 871 posceret,
2094 810 2368 869 poterant,
2411 801 2629 869 inquam
2714 797 2992 854 effundere
3040 804 3353 864 congestam

137 882 376 935 nimirum
415 896 484 939 ex
511 901 572 940 ea
601 902 767 955 quam
810 889 1014 959 respuit
1074 892 1316 946 dortrina
1366 904 1689 960 sequeretur

132 972 265 1026 aliud
296 991 413 1027 esse
468 980 637 1030 sancti
679 979 907 1047 Spiritus
952 982 1265 1049 principium
1315 986 1541 1038 activum
1582 985 1689 1039 Pa-

132 1075 269 1127 trem,
301 1068 453 1120 aliud
482 1070 717 1139 ejusdem
748 1074 1061 1141 principium
1097 1078 1318 1130 activum
1348 1076 1569 1144 Filium,
1587 1094 1686 1132 va-

131 1174 239 1211 nam
275 1175 397 1213 esse
435 1162 774 1218 demonstrat
799 1168 1040 1220 doctrina
1079 1166 1236 1223 Vccci
1294 1185 1321 1222 τι
1386 1171 1539 1224 nobis
1593 1171 1687 1223 de-

130 1246 315 1300 clarata
344 1252 599 1317 superius
632 1255 780 1308 notis
834 1255 900 1306 ad
932 1270 980 1308 c.
1013 1256 1047 1311 9
1075 1255 1231 1325 hujus
1260 1257 1409 1320 libri,
1442 1271 1600 1324 quam
1639 1257 1684 1310 is

131 1339 367 1393 haustam
402 1357 471 1396 ex
525 1344 761 1414 antiquis
790 1346 1039 1403 Patribus
1096 1345 1406 1404 distinctius
1447 1351 1685 1418 explica-

131 1440 227 1483 tam
253 1447 281 1482 a
316 1430 668 1501 Lugdunensi
697 1438 935 1505 generali
967 1440 1197 1494 concilio
1240 1450 1295 1495 et
1334 1441 1592 1509 Gregorio
1637 1440 1683 1495 Χ

129 1520 354 1582 tenebat,
389 1522 667 1582 aﬂirntans
687 1529 796 1579 vim
815 1530 1082 1594 spirandi,
1116 1530 1231 1585 sive
1249 1531 1509 1586 rationem
1535 1532 1684 1598 prin-

127 1614 237 1680 cipii
270 1614 436 1670 activi
479 1627 732 1685 respectu
764 1617 1000 1688 Spiritus
1025 1623 1226 1689 sancti,
1276 1616 1437 1677 unum
1490 1625 1684 1678 indivi-

127 1702 345 1760 sibiliter
384 1716 445 1762 et
471 1710 719 1764 eamdem
760 1712 1021 1767 exsistere
1066 1715 1115 1767 in
1147 1713 1310 1769 Patre
1346 1724 1400 1768 et
1428 1714 1587 1778 Filio,
1615 1716 1681 1768 ab

124 1796 206 1851 illo
247 1798 374 1852 huic
422 1804 902 1871 communicatam,
937 1821 1001 1860 ex
1058 1822 1165 1875 quo
1217 1807 1458 1875 ﬁeret‘ut
1517 1807 1681 1864 Pater

127 1901 173 1944 et
208 1890 381 1947 Filius
438 1908 605 1947 unum
638 1907 822 1951 essent
873 1900 1196 1968 principium
1265 1902 1498 1956 activum
1552 1901 1677 1973 Spi-

128 1981 246 2035 ritus
318 1985 529 2048 sancti,
596 2002 706 2041 uon
767 1989 892 2052 duo,

129 2071 345 2140 Spiritus
414 2086 639 2132 sanctus
695 2094 803 2134 non
871 2087 985 2135 tres
1045 2082 1140 2151 dii,
1181 2082 1273 2137 sed
1345 2098 1482 2141 unus
1533 2083 1676 2140 Deus

130 2174 254 2219 εηηι.

186 2255 242 2312 P.
277 2259 369 2313 94.
412 2258 567 2312 Nihil
598 2261 844 2315 habentes
878 2262 1020 2327 quod
1054 2263 1359 2330 objicerent,
1403 2274 1508 2319 etc.
1568 2265 1675 2320 Te-

132 2364 260 2405 mere
285 2353 501 2422 judicat
531 2354 890 2428 Pachymeres
930 2359 1344 2415 al‘ChitlithOIIOS
1390 2359 1523 2413 nihil
1577 2360 1678 2413 ha-

134 2440 294 2497 buisse
345 2447 489 2513 quod
530 2458 866 2515 opponerent
916 2450 1168 2504 secundae
1218 2451 1353 2518 parti
1412 2447 1674 2504 orationis

132 2536 456 2601 patriarcha,
508 2553 612 2607 qua
661 2539 706 2593 is
782 2539 1144 2595 allirmaverat
1195 2558 1303 2595 non
1345 2556 1503 2611 posse
1555 2540 1677 2595 illos

133 2627 497 2683 demonstrare
531 2630 886 2685 testimonium
934 2631 1244 2686 Damasceni
1282 2634 1506 2703 conflari
1546 2648 1674 2687 con—

131 2719 423 2791 ﬁrmat-ique
455 2738 520 2776 ex
553 2724 677 2778 aliis
731 2740 932 2795 quoque
977 2712 1383 2779 auctoritatibus
1430 2725 1673 2781 Patrum.

134 2814 230 2871 lloc
258 2820 398 2873 enim
436 2816 511 2871 illi
536 2833 640 2871 non
674 2822 972 2873 omiserunt
1006 2819 1186 2873 facere
1213 2818 1337 2886 quia
1387 2833 1491 2871 non
1560 2831 1681 2885 pos-

134 2917 263 2971 sent,
294 2910 386 2963 sed
416 2908 545 2978 quia
574 2908 643 2963 de
680 2908 779 2965 hoc
808 2925 951 2966 nunc
975 2926 1085 2964 non
1109 2910 1384 2979 agebatur,
1404 2918 1455 2963 et
1473 2919 1672 2964 statum

137 3001 405 3070 propositae
445 3010 575 3056 tunc
600 3003 664 3056 ad
707 3002 1047 3055 tractandum
1097 3003 1416 3071 quaestionis
1464 3011 1677 3057 mutare

138 3092 392 3147 nolebant.
428 3092 527 3148 llic
559 3108 749 3162 nempe
777 3094 939 3147 cardo
968 3102 1085 3149 erat
1106 3093 1490 3147 controversiae
1556 3093 1677 3149 loco

137 3180 218 3235 illo
237 3195 300 3235 ac
327 3192 566 3252 tempore
587 3183 970 3252 disceptandae,
995 3192 1214 3238 rectene
1278 3182 1484 3237 Veccus
1545 3199 1676 3238 con-

134 3273 367 3328 clusisset
424 3292 489 3330 ex
529 3276 847 3331 Damasceni
915 3278 1033 3332 loco
1093 3275 1353 3347 Spiritum
1398 3291 1464 3331 ex
1518 3276 1676 3331 Patre

134 3380 219 3432 per
248 3365 429 3421 Filium
466 3369 758 3436 procedere
814 3367 1030 3434 aientis,
1057 3383 1163 3422 non
1212 3383 1332 3424 esse
1391 3368 1677 3425 haereticos

135 3452 356 3523 Latinos,
410 3458 502 3525 qui
540 3455 797 3528 Spiritum
833 3474 898 3514 ex
965 3458 1123 3513 Patre
1176 3468 1231 3514 et
1266 3457 1402 3515 Filio
1434 3457 1677 3515 dicerent

135 3551 429 3616 procedere.
480 3548 551 3603 Ut
612 3549 749 3603 bona
794 3564 857 3603 ea
913 3551 1251 3620 judicaretur
1296 3552 1484 3615 illatio,
1542 3550 1674 3605 nihil

134 3635 258 3691 aliud
299 3638 578 3708 oportebat
600 3652 758 3706 quam
784 3654 969 3693 verum
993 3648 1047 3692 et
1067 3639 1426 3694 orthodoxutu
1454 3639 1673 3708 agnosci

133 3744 159 3783 a
184 3729 372 3784 Grauis
418 3739 471 3784 et
503 3732 809 3799 patriarcha
839 3730 1157 3785 Damasceni
1193 3731 1587 3796 testimonium,
1619 3742 1675 3786 et

132 3816 564 3884 aquipollentiam
601 3817 1040 3887 praepositionum
1064 3834 1155 3886 per
1171 3828 1225 3873 et
1249 3834 1334 3883 ex,
1350 3832 1463 3889 'qua
1475 3820 1671 3876 madeo

134 3905 199 3961 illi
228 3908 598 3972 admittebant,
636 3911 875 3963 utetiam
900 3907 1111 3965 Musalo
1167 3910 1327 3979 paulo
1368 3921 1493 3964 ante
1543 3928 1671 3981 pro-

134 3997 290 4054 fessus
306 4002 385 4055 sit.
408 4001 667 4056 audacius
700 4000 954 4054 aiiirmari
996 4016 1090 4069 per
1126 3999 1327 4055 Filium
1386 4017 1544 4071 quam
1605 4017 1671 4056 ea:

133 4088 252 4145 Filio
286 4093 572 4160 procedere
601 4092 881 4161 Spiritum.
910 4092 1123 4157 Alioqui
1176 4108 1284 4163 qua
1330 4094 1434 4147 tide
1479 4093 1670 4149 scribit

134 4182 211 4235 hic
247 4183 598 4255 Pachymeres
622 4183 1037 4239 archidiaconos
1093 4181 1258 4240 Vecci
1290 4182 1528 4240 asseclas
1560 4198 1663 4237 non

133 4274 349 4340 potuisse
375 4275 699 4330 continuare
733 4274 1048 4329 Damasceni
1074 4274 1443 4329 testimonium
1478 4288 1671 4328 conso-

136 4364 209 4417 nis
236 4366 633 4421 auctoritatibus
660 4364 880 4421 Patrum
927 4366 1177 4430 aliorum,
1228 4382 1350 4421 cunt
1394 4367 1532 4420 idem
1566 4367 1668 4422 hoc

136 4453 238 4523 ipso
282 4458 411 4512 libro
436 4459 684 4526 superius
710 4499 726 4524 ,
755 4472 809 4527 p.
848 4456 941 4523 28,
986 4459 1231 4512 retulerit
1280 4456 1510 4512 Veccum
1544 4472 1670 4511 san-

138 4556 317 4601 ctorum
350 4549 433 4620 IP.
467 4547 596 4621 525]
647 4550 846 4618 scripta
900 4549 1160 4604 attentius
1207 4549 1569 4620 perlegentem
1610 4550 1662 4602 in

1791 894 1919 963 ipsis
1949 894 2101 963 longa
2148 893 2378 948 lectione
2423 890 2621 945 Patrun
2699 888 3178 945 cbrestomathiam
3233 903 3329 941 eru

1788 986 2013 1040 ditionis
2050 983 2215 1056 736
2263 985 2601 1051 orthodoxte,
2644 999 2751 1054 qua
2788 981 3076 1036 manifesto
3128 981 3349 1036 evince.

1791 1088 1908 1132 rent
1945 1076 2615 1146 didicisseDnmascenum
2678 1090 2796 1145 qua:
2856 1074 3021 1129 tradit
3052 1074 3115 1128 tle
3173 1070 3348 1127 sant-ti

1790 1168 2027 1239 Spiritus
2058 1184 2150 1236 per
2181 1166 2376 1222 Filium
2422 1183 2449 1219 a
2511 1166 2673 1221 Patre
2710 1165 3055 1236 processione
3103 1164 3169 1217 ab
3211 1163 3352 1216 anti-

1786 1262 2069 1333 quioribus
2102 1261 2413 1315 doctoribus
2446 1259 2719 1319 Ecclesiae.
2754 1258 3020 1313 nimirum
3076 1270 3140 1308 ex
3178 1255 3348 1308 Atha-

1783 1352 1939 1407 nasio
1968 1352 2061 1405 lib.
2081 1351 2156 1405 De
2179 1350 2410 1404 humana
2434 1361 2625 1402 natura
2664 1358 2930 1410 suscepta,
2961 1362 3009 1402 c.
3038 1348 3092 1409 ι.
3121 1347 3208 1399 ubi
3240 1356 3349 1398 tra-

1784 1456 1938 1499 ctans
2008 1444 2184 1498 locum
2247 1443 2522 1511 prophetae
2572 1440 2788 1495 Davidis
2859 1455 2923 1493 ex
2984 1437 3126 1493 P‘sal.
3181 1451 3344 1499 xxxv,

1784 1536 1853 1593 i0
1887 1555 1901 1590 :
1933 1537 2197 1602 Quoniam
2243 1536 2384 1605 apud
2441 1544 2488 1587 te
2514 1544 2588 1586 est
2651 1532 2767 1601 fons
2818 1531 2960 1595 uitta,
3028 1529 3105 1582 sic
3156 1527 3348 1581 scribit

1785 1629 1851 1684 de
1877 1627 2080 1680 Davide
2143 1626 2387 1695 loquens.
2431 1642 2447 1679 :
2485 1622 2607 1678 Οἵδε
2651 1625 2759 1692 γὰρ
2803 1623 2953 1694 παρὰ
3000 1620 3121 1690 Θεῴ
3169 1618 3345 1687 lla-rp!

1781 1720 1909 1773 ὄντα.
1934 1719 2024 1773 τὸν
2053 1719 2181 1773 Υίδν
2200 1716 2381 1789 πηγὴν
2407 1716 2501 1770 τοῦ
2526 1715 2682 1784 ἁγίου
2714 1713 3031 1783 Πνεῦματος
3054 1726 3072 1743 ο
3108 1710 3343 1764 Noverat

1782 1815 1916 1868 enim
1938 1811 2078 1879 apud
2113 1811 2331 1865 Patrem
2360 1809 2410 1863 F
2414 1810 2562 1863 ilium
2591 1824 2700 1862 esse
2727 1807 2928 1876 fantem
2964 1806 3138 1860 sancti
3180 1803 3341 1868 Spiri-

1782 1913 1887 1961 tus.
1916 1904 1993 1958 Et
2032 1903 2280 1975 Didymo,
2315 1903 2350 1955 1.
2379 1917 2416 1955 u
2447 1901 2523 1955 De
2549 1899 2750 1965 Spiritu
2777 1907 2984 1959 sancto,
3024 1894 3343 1961 cujusGraz-

977 1991 1117 2044 sicut
1168 1991 1355 2057 Pater,
1388 1991 1562 2047 Filius
1624 2000 1678 2046 et
1709 1997 1749 2051 Β
1778 2010 1901 2050 cum
1932 2001 2246 2049 contextum
2287 1993 2496 2047 Veccus
2525 1991 2724 2044 habere
2756 1988 2929 2057 potuit
2962 2003 2975 2038 :
3010 2000 3106 2038 nos
3151 1984 3206 2037 in
3227 1984 3339 2037 sola

1774 2101 1895 2157 qua:
1928 2093 2104 2141 exstat
2158 2084 2347 2138 Latina
2399 2084 2514 2151 ejus
2573 2091 2797 2137 auctore
2852 2079 3179 2148 Hieronymo
3222 2091 3343 2129 ver-

1775 2174 1950 2235 sione,
1998 2175 2110 2226 hacc
2163 2172 2390 2242 legimus
2429 2171 2496 2225 ad
2542 2170 2630 2224 illa
2682 2170 2885 2223 Christi
2943 2169 2995 2222 in
3054 2167 3340 2235 Evangelia

1771 2263 1995 2320 Joannis
2023 2265 2183 2317 verba
2214 2279 2228 2316 :
2268 2282 2286 2315 ‹
2330 2262 2450 2316 Non
2480 2263 2617 2315 enim
2649 2263 2889 2329 loquetur
2909 2279 2940 2314 a
2975 2269 3135 2313 semet
3165 2261 3337 2325 ipso,»

1773 2359 1872 2414 hoc
1905 2368 2001 2426 est,
2053 2375 2157 2413 non
2190 2360 2300 2412 sine
2335 2374 2446 2411 meo
2476 2367 2523 2410 et
2558 2356 2736 2411 Patris
2770 2355 3016 2414 arbitrio,
3055 2353 3179 2423 quia
3203 2353 3342 2405 inse-

1772 2449 2025 2518 parabilis
2066 2466 2097 2501 a
2126 2464 2241 2502 mea
2280 2457 2329 2501 et
2360 2447 2535 2501 Patris
2571 2445 2857 2508 voluntate,
2881 2445 3003 2515 quia
3033 2459 3137 2496 non
3174 2454 3239 2495 ea:
3263 2456 3317 2494 se

1771 2540 1864 2594 sed
1908 2556 1972 2595 ea:
2016 2539 2177 2593 Patre
2229 2552 2275 2593 et
2317 2555 2398 2593 me
2455 2548 2553 2593 est.
2616 2537 2733 2591 Hoc
2775 2539 2909 2591 enim
2970 2536 3137 2604 ipsum
3202 2533 3341 2604 quod

1774 2630 2032 2693 subsistit,
2060 2645 2092 2683 a
2123 2626 2283 2682 Patre
2316 2637 2364 2683 et
2400 2627 2583 2681 meiili
2632 2636 2728 2680 est.
2778 2625 2852 2678 Ex
2927 2622 3231 2692 Epiphanio
3286 2621 3340 2674 in

1773 2720 2069 2781 Ληουῖ-διο,
2108 2736 2168 2775 n.
2204 2719 2273 2773 67
2303 2735 2319 2771 :
2352 2720 2583 2789 Χριστὸς
2614 2720 2677 2770 ὲκ
2701 2715 2796 2770 τοῦ
2828 2714 3041 2785 Πατρὸς
3085 2712 3339 2766 πιστεύει-

1774 2825 1866 2862 ttat
1891 2808 2024 2872 Θεὸς
2048 2809 2111 2862 ἐκ
2141 2808 2298 2873 Θεοῦ,
2331 2809 2429 2861 καὶ
2454 2809 2513 2860 τὸ
2546 2807 2769 2877 Πνεῦμα
2797 2806 2862 2859 ὲκ
2895 2804 2987 2858 τοῦ
3036 2801 3272 2870 Χριστοῦ
3301 2800 3334 2870 ἢ

1777 2902 1909 2971 παρ’
1938 2900 2284 2971 ἀμφοτέρων,
2320 2900 2558 2954 Christus
2612 2914 2676 2953 ea:
2728 2897 2889 2952 Patre
2938 2896 3169 2951 creditur
3194 2894 3336 2948 Deus

1777 2990 1841 3046 de
1879 2990 2006 3058 Deo,
2036 3001 2087 3045 et
2116 2992 2358 3060 Spiritus
2382 3007 2448 3047 ea:
2471 2991 2679 3045 Christo
2704 3001 2799 3045 aut
2845 2991 2909 3043 ab
2964 2987 3234 3041 ambobus.
3268 2985 3337 3039 Et

1777 3097 1932 3136 antea
1959 3083 2165 3138 clarius
2207 3083 2395 3137 eodem
2427 3083 2564 3135 libro
2593 3098 2648 3135 n.
2680 3081 2713 3133 8
2744 3098 2759 3135 :
2819 3077 3045 3147 Πνεῦμα
3075 3074 3211 3128 Θεοῦ
3242 3074 3338 3126 καὶ

1779 3174 2002 3242 Πνεῦμα
2022 3174 2117 3227 τοῦ
2152 3175 2364 3246 Πατρὸς
2393 3174 2488 3228 καὶ
2521 3173 2742 3243 Πνεῦμα
2776 3170 2931 3234 Υίοῦ,
2963 3170 3023 3222 οὐ
3054 3167 3193 3220 κατὰ
3217 3169 3355 3218 τινα

1781 3263 2052 3333 σύνθεσιν,
2073 3264 2323 3338 καθάπερ
2358 3268 2416 3318 ιν
2441 3267 2574 3336 ἡμῖν
2596 3264 2745 3335 ψυχὴ
2779 3264 2872 3317 καὶ
2909 3262 3089 3330 σῶμα,
3121 3258 3238 3311 ἀλλ’
3280 3258 3337 3310 ὲν

1781 3357 1930 3428 μέσῳ
1960 3358 2172 3429 Πατρδς
2196 3360 2293 3413 καὶ
2343 3356 2498 3423 Υίοῦ,
2549 3359 2614 3410 ἐκ
2662 3356 2756 3409 τοῦ
2799 3354 3010 3424 Harpe;
3062 3351 3156 3404 καὶ
3205 3347 3337 3401 Υίοῦ

1775 3450 1955 3522 τρίτον
1979 3454 2044 3521 τῇ
2074 3450 2339 3523 ὀνομασίᾳ
2368 3467 2384 3481 ·
2418 3449 2651 3520 Spiritus
2684 3449 2776 3503 Dei
2800 3457 2858 3508 et
2879 3445 3109 3516 Spiritus
3154 3441 3339 3496 Patris

1774 3552 1820 3595 et
1852 3541 2084 3612 Spiritus
2117 3542 2266 3608 Filii,
2300 3560 2401 3597 non
2428 3544 2804 3613 compositione
2838 3540 3037 3609 aliqua,
3089 3534 3341 3607 quemad-

1775 3635 1989 3689 modum
2024 3636 2079 3689 in
2117 3638 2263 3690 nobis
2287 3638 2465 3689 anima
2483 3647 2528 3689 et
2560 3619 2773 3710 corpus,
2810 3633 2898 3687 sed
2933 3633 3071 3685 inter
3123 3629 3339 3683 Patrem

1776 3725 2077 3797 Filiumqne
2101 3729 2299 3781 medius
2314 3744 2379 3781 ea:
2412 3727 2574 3782 Patre
2602 3740 2650 3782 et
2686 3727 2851 3791 Filio,
2871 3722 3218 3795 appellatione
3236 3732 3340 3773 ter-

1775 3820 1903 3873 tius.
1938 3820 2014 3873 Es
2049 3818 2316 3888 Gregorio
2347 3819 2610 3890 Nysseno,
2649 3820 2685 3872 1.
2722 3835 2732 3869 t
2770 3817 2964 3872 Contra
2991 3814 3335 3867 Eutwmium:

1785 3907 1872 3971 Ὠς
1904 3909 2232 3962 συνάπτεται
2254 3909 2332 3979 τῷ
2363 3912 2534 3977 "arpi.
2568 3912 2595 3963 ὁ
2651 3910 2800 3974 Υἱὸς,
2835 3909 2927 3960 καὶ
2956 3907 3014 3960 τδ
3069 3907 3128 3972 ἐξ
3167 3902 3334 3957 αὐτοῦ

1772 3993 1912 4051 εἶναι
1944 3999 2083 4069 ἔχων
2102 4000 2199 4068 οὐχ
2236 3999 2505 4069 ὑστερίζει
2556 4001 2696 4052 κατὰ
2740 3998 2838 4069 τὴν
2885 3996 3140 4065 ὓπαρξιν,
3192 3993 3335 4046 οὕτω

1772 4088 1932 4141 πάλιν
1978 4089 2071 4141 καὶ
2126 4089 2219 4141 τοῦ
2266 4088 2605 4156 Μονογενοῦς
2651 4090 2832 4157 ἔχεται
2873 4087 2932 4139 τὸ
2994 4085 3216 4153 Πνεῦμα
3276 4085 3336 4138 τὸ

1771 4182 1949 4248 ἅγιον,
1990 4181 2205 4251 ἐπινοίᾳ
2227 4181 2360 4252 μόνῃ
2389 4181 2532 4235 κατὰ
2553 4181 2645 4234 τὸν
2672 4182 2775 4250 τῆς
2802 4180 2982 4242 αἰτίας
3010 4178 3184 4246 λόγον,
3203 4194 3337 4245 προ-

1768 4275 2141 4345 θεωρουμένου
2170 4277 2269 4344 τῆς
2323 4273 2420 4327 τοῦ
2467 4274 2781 4344 Πνεῦματος
2830 4274 3184 4334 ὑποστάσεως
3210 4286 3225 4302 ’
3264 4267 3333 4322 Ut

1770 4364 1920 4419 Patri
1946 4365 2257 4432 coniunctus
2284 4375 2359 4419 est
2394 4364 2592 4427 Filius,
2620 4375 2668 4419 et
2698 4382 2817 4418 eum
2874 4380 2938 4417 ea:
2976 4364 3071 4417 ilio
3093 4380 3202 4416 esse
3233 4363 3331 4415 Ita-

1768 4459 1908 4521 beat,
1943 4474 2047 4511 non
2089 4468 2262 4511 tamen
2294 4460 2556 4523 posterius
2582 4459 2813 4519 exsistit,
2840 4458 2916 4510 sic
2960 4457 3115 4509 etiam
3168 4452 3341 4522 Spiri-

1767 4558 1852 4602 tus
1890 4557 2105 4601 sanctus
2138 4549 2373 4617 proxime
2422 4549 2583 4602 Ita'ret
2624 4549 2782 4614 Filio,
2833 4565 2922 4618 qut
2972 4547 3088 4601 sola
3136 4548 3341 4615 cogita-

138 4637 302 4691 borum
364 4640 638 4708 plerisque
700 4639 806 4693 dici
858 4639 1177 4694 observasse
1222 4647 1465 4694 sanctum
1495 4636 1666 4706 Spiri-
1702 4657 1744 4712 ο
1776 4642 1918 4695 tione
1943 4641 2226 4695 secundum
2259 4643 2521 4695 rationem
2551 4644 2801 4712 principii
2837 4644 2985 4711 prius
3034 4642 3339 4694 considera-

138 4740 228 4781 tnm
252 4747 311 4783 ea:
348 4731 504 4786 Putre
549 4747 641 4797 per
670 4729 719 4783 F
723 4731 874 4783 ilium
921 4729 1194 4799 profundi,
1227 4729 1668 4797 exsplendescete,

137 4824 348 4888 μιαίνει-ί,
379 4824 612 4891 prodire,
667 4823 965 4890 procedere,
1028 4822 1385 4889 laudssseque
1426 4823 1478 4873 in
1549 4834 1667 4873 eam

139 4915 428 4968 sententiam
461 4921 708 4967 sanctum
762 4911 1076 4979 Maximum,
1133 4910 1437 4975 Tarasium,
1495 4911 1669 4965 Atha-

140 5007 342 5071 nasium,
365 5006 640 5069 Basilium,
668 5015 863 5074 prater
882 5003 1101 5060 Graecos
1129 5005 1460 5059 recentiores
1490 5002 1667 5073 magni

134 5095 339 5150 nominis
393 5094 786 5150 Marouiensem
870 5095 1112 5150 Nicetam
1195 5106 1250 5150 et
1304 5094 1667 5162 Nicephorum

137 5182 492 5252 Bletnntidam;
548 5196 606 5239 ut
654 5189 899 5241 omittam
951 5201 1087 5255 quos
1146 5186 1341 5240 ibidem
1391 5196 1671 5255 percenset

136 5276 309 5333 Graecis
336 5295 549 5348 quoque
576 5280 912 5334 venerabiles
941 5279 1159 5333 Latinos
1186 5278 1394 5337 Patres,
1436 5280 1670 5332 Ambro-

137 5363 271 5428 sium,
301 5367 685 5438 Augustinum,
722 5368 1133 5439 Hieronymum.
1162 5369 1300 5433 Quin
1342 5380 1395 5421 et
1429 5370 1669 5423 ntoxhoc

140 5454 235 5522 ipso
262 5474 332 5524 c.,
365 5476 419 5529 p.
450 5461 541 5526 95,
581 5462 720 5515 idem
760 5462 991 5513 atiirmat
1024 5460 1288 5529 prolatum
1310 5476 1339 5513 a
1376 5460 1546 5514 Vecco
1573 5476 1668 5529 pro

140 5547 353 5614 dogmate
379 5554 567 5617 eodem
602 5552 926 5608 luculentum
992 5552 1361 5607 testimonium
1420 5550 1666 5622 Gregorii

141 5635 359 5707 Nysseni.
417 5643 764 5699 Calumniose
828 5644 994 5713 igitur
1060 5650 1116 5696 et
1177 5641 1230 5694 in
1290 5641 1666 5695 contumeliam

142 5742 286 5783 causa:
307 5734 581 5788 catholica;
603 5732 938 5787 schismatici
968 5732 1070 5787 hoc
1118 5729 1289 5786 Vecco
1327 5741 1384 5784 et
1430 5730 1549 5799 ejus
1573 5743 1667 5784 so-

146 5818 223 5874 ciis
244 5823 528 5896 impingunt
558 5841 575 5891 ;
607 5827 697 5894 qui
732 5826 920 5893 utique
972 5833 1245 5895 poterant,
1277 5823 1320 5875 si
1378 5832 1551 5876 status
1613 5821 1666 5876 id

147 5916 387 5974 inuentis
415 5918 794 5974 controversiae
815 5928 1029 5987 caperet
1057 5928 1109 5972 et
1130 5915 1452 5971 catholicum
1472 5913 1665 5984 dogma

1772 4740 1859 4782 tur
1890 4729 2229 4782 subsistentia
2268 4726 2524 4796 Spiritus.
2579 4730 2655 4783 Ex
2689 4730 2896 4792 Cvrillo
2947 4730 3334 4793 Afexantlriuo,

1770 4820 1943 4874 l.tDe
1970 4820 2189 4874 Adorat.
2220 4837 2239 4876 :
2274 4820 2435 4874 Ἐστι
2484 4821 2579 4874 τοῦ
2624 4821 2757 4875 Θεοῦ
2810 4825 2902 4875 καὶ
2946 4820 3179 4892 Πατρὸς,
3242 4824 3336 4874 καὶ

1774 4912 1879 4983 μὴν
1904 4911 2117 4966 καὶτοῦ
2149 4912 2306 4977 Υίοῦ,
2334 4915 2396 4967 τὸ
2420 4914 2694 4978 οὐσιωδῶς
2756 4914 2814 4979 ἐξ
2855 4915 3054 4981 ἀμφοῖν
3099 4914 3196 4969 εἶτ’
3240 4911 3336 4968 οὖν

1771 5006 1836 5059 ὲκ
1863 5005 2075 5074 ﬂat-pb;
2105 5005 2172 5058 δι’
2204 5005 2335 5059 Υίοῦ
2384 5008 2746 5077 προχεόμενον
2812 5005 3062 5074 Πνεῦμαο
3105 5005 3200 5059 Est
3240 5006 3335 5059 Dei

1769 5105 1819 5149 et
1876 5095 2079 5159 Patris,
2105 5099 2194 5151 sed
2218 5109 2267 5152 et
2300 5097 2437 5150 Filii
2486 5114 2709 5167 quoque,
2772 5099 2861 5167 qui
2912 5096 3337 5151 substantiaiitcr

1769 5203 1833 5242 ea:
1862 5188 2136 5251 ambobus,
2157 5191 2402 5242 nimirum
2427 5205 2490 5242 ea:
2523 5188 2682 5241 Patre
2714 5205 2805 5259 per
2846 5186 3068 5250 Filium,
3119 5185 3339 5256 profun-

1770 5279 1918 5331 ditur
1965 5278 2215 5349 Spiritus.
2241 5279 2314 5333 Ex
2347 5279 2738 5348 Chrysostomo
2773 5279 2825 5332 in
2860 5279 3094 5347 quadam
3151 5276 3336 5331 llomi-

1772 5368 1839 5421 lia
1872 5380 2001 5423 tom.
2042 5368 2082 5421 ν
2114 5370 2202 5423 etl.
2238 5370 2405 5423 Savil.
2442 5388 2493 5438 p.
2524 5370 2628 5424 674
2658 5387 2672 5423 :
2717 5369 2776 5423 Ὀ
2822 5368 3010 5440 Σωτὴρ
3057 5367 3334 5420 δείκνυσιν

1768 5459 1959 5512 ἑαυτὸν
1986 5460 2169 5530 πηγὴν
2219 5460 2385 5530 ζωῆς,
2424 5462 2518 5514 καὶ
2553 5461 2697 5532 ὕδωρ
2747 5460 2855 5525 ζῶν
2882 5463 2940 5514 τὸ
3000 5458 3220 5528 Πνεῦμα
3272 5456 3337 5508 τὸ

1770 5553 1944 5620 ἅγιον.
1978 5553 2065 5614 Et.
2083 5555 2213 5623 ὁρᾷς
2237 5554 2418 5624 πηγὴν
2443 5553 2634 5617 ὕδατος
2664 5556 2755 5608 τὸν
2785 5554 2938 5619 Θεὸν,
2972 5552 3080 5615 ζῶν
3103 5551 3160 5603 δὲ
3188 5548 3333 5618 ὓδωρ

1767 5646 1828 5697 τὸ
1859 5644 2079 5714 Πνεῦμα
2101 5647 2162 5698 τὸ
2190 5645 2346 5714 ἅγιον
2375 5663 2388 5677 ·
2423 5648 2574 5715 πηγὴ
2599 5647 2785 5709 ὓδατος
2821 5646 3020 5708 ζῶντος
3048 5645 3075 5696 ὁ
3123 5643 3330 5710 Πατὴρ,

1770 5737 2008 5805 ποταμὸς
2043 5738 2107 5790 ἐκ
2134 5738 2232 5805 τῆς
2261 5739 2445 5807 πηγῆς
2471 5740 2871 5807 προερχόμενος
2896 5738 2924 5789 ὁ
2978 5735 3126 5798 Υἱδςο
3188 5731 3333 5799 ὕδωρ

1765 5827 1861 5881 τοῦ
1890 5828 2137 5897 ποταμοῦ
2168 5830 2227 5882 τὸ
2255 5830 2474 5896 Πνεῦμα
2508 5830 2567 5881 τὸ
2588 5829 2765 5891 ἅγιονο
2806 5828 3057 5881 Salvator
3107 5826 3331 5877 ostendit

1767 5938 1822 5975 se
1853 5922 2019 5992 ipsum
2074 5922 2265 5989 fontem
2313 5937 2419 5976 csse
2474 5920 2615 5985 vitta,
2674 5924 2721 5973 it
2764 5936 2954 5983 aquam
3002 5934 3168 5972 rivum
3216 5931 3331 5969 esse
