3856 6560
551 433 658 495 71⁸)

1594 445 1889 505 POSSINl
1922 445 2571 505 OBSEilVA'i'ltleUM
2623 444 2766 506 LIB.
2816 443 2903 504 II.

3664 443 3760 504 800

551 547 1086 615 Spiritumsauctum.
1117 553 1199 616 Et,
1236 556 1370 608 rides
1425 558 1626 624 fontem
1693 577 1845 628 aqua:
1902 561 2110 622 Deum;
2144 564 2184 616 A
2217 559 2298 612 tit.
2333 555 2506 609 Verba
2561 555 2772 608 Ricardi
2828 556 2940 608 haec
2991 560 3117 608 sunt
3167 568 3179 605 :
3219 552 3359 608 Nam
3403 554 3520 607 Setia
3569 555 3752 622 quidem

552 655 743 704 aquam
807 653 984 694 autent
1053 644 1219 698 vivunt
1293 646 1552 714 Spiritum
1626 661 1895 705 sanctum.
1963 650 2106 706 Fons

548 745 697 797 aqua:
733 731 856 784 vim
885 731 1042 786 Pater
1065 743 1163 799 est,
1221 737 1414 804 ﬂumen
1435 755 1499 792 ea:
1535 739 1678 810 fonte
1712 743 1992 811 procedens
2024 743 2109 796 Fi-

548 821 668 880 lius.
697 840 832 888 aqua
857 825 1088 893 ﬂuminis
1115 827 1342 896 Spiritus
1373 845 1610 888 sanctus.

617 913 776 983 737
805 915 927 969 llzec
982 932 1098 982 quae
1141 936 1309 986 pauca
1341 923 1405 976 de
1449 924 1631 978 multis
1663 926 1976 994 specimiuis
2019 929 2109 982 hic

545 1003 716 1070 gratia
749 1008 1050 1072 posuimus,
1076 1010 1204 1076 quin
1235 1020 1286 1061 et.
1312 1012 1362 1064 in
1385 1014 1632 1068 eamdem
1656 1018 1979 1070 sententiam
2003 1033 2105 1072 non

547 1094 722 1150 minus
750 1096 945 1150 diserta
974 1099 1147 1166 plura,
1192 1104 1308 1156 sine
1357 1103 1524 1158 dubio
1576 1118 1863 1174 potuerant
1894 1125 1958 1164 ex
2000 1108 2106 1164 Pa-

546 1187 715 1240 lrilms
751 1190 988 1258 allegare
1015 1194 1146 1247 socii
1181 1195 1362 1262 Vacci,
1396 1197 1596 1265 quippe
1622 1199 1823 1265 quibus
1855 1201 1944 1254 diu
1986 1216 2106 1258 cum

548 1279 722 1334 Vecco
765 1281 818 1335 in
841 1283 1124 1355 theologim
1147 1286 1381 1355 Spiritus
1407 1287 1493 1360 [9.
1517 1288 1826 1360 526]saucti
1856 1307 2106 1361 perscru-

546 1372 747 1424 lal‘oue
792 1374 1020 1427 versatis
1063 1375 1241 1445 ignota
1277 1376 1327 1430 iu
1363 1378 1464 1432 hoc
1495 1393 1693 1446 genere
1729 1395 1850 1436 esse
1880 1397 1983 1436 non
2010 1399 2108 1452 po-

546 1472 722 1516 terant
777 1479 898 1533 quae
955 1463 1106 1520 fuere
1159 1467 1264 1536 ipsi
1305 1469 1480 1524 Vecco
1547 1472 2005 1540 perspectissima,
2049 1483 2108 1530 ut

544 1553 860 1623 intelligitur
893 1573 958 1610 ex
997 1559 1156 1628 hujus
1187 1561 1424 1629 scriptis,
1458 1578 1574 1632 quae
1600 1565 1792 1633 partim
1821 1566 1988 1620 edidit
2022 1565 2103 1622 Ill.

538 1645 800 1713 Allatius,
821 1649 1012 1715 partim
1050 1653 1176 1722 legit
1200 1653 1252 1706 in
1283 1670 1441 1708 manu
1485 1657 1725 1710 exaratis
1752 1657 2028 1712 codicibus
2053 1667 2109 1714 et

543 1755 607 1792 ex
647 1738 712 1792 iis
754 1741 980 1809 plurima
1011 1744 1294 1814 descripsit
1334 1746 1588 1805 Petavius
1633 1760 1816 1805 noster
1852 1752 1905 1804 in
1943 1767 2109 1819 opere

545 1827 993 1901 Theologicorum
1031 1834 1373 1902 Dugmatum.
1403 1839 1506 1892 Sed
1535 1841 1787 1894 consulto
1819 1840 1872 1895 id
1909 1843 2110 1898 omise-

545 1933 692 1987 runt,
751 1927 890 1994 quod
952 1943 1091 1982 nunc
1146 1943 1250 1982 non
1299 1939 1416 1984 erat
1477 1931 1564 1986 his
1617 1931 1788 1987 locus.
1832 1932 2110 2000 Agebatur

543 2015 760 2084 quippe,
799 2025 857 2070 ut
903 2017 1052 2081 dixi,
1087 2035 1345 2075 verumne
1405 2030 1553 2078 esset
1602 2023 1809 2077 crimen
1841 2022 2111 2082 haereseos

544 2104 835 2176 impactum
871 2108 1048 2164 Vecco
1075 2120 1128 2165 et
1157 2112 1320 2167 sociis
1357 2129 1373 2167 :
1407 2127 1510 2168 non
1539 2102 1715 2168 autem
1751 2115 1816 2168 de
1859 2115 2110 2186 dogmate

543 2198 941 2267 inquirebatur.
975 2201 1040 2257 Et
1082 2205 1417 2262 calumnioso
1462 2207 1694 2261 artiﬁcio
1725 2206 1886 2263 Vecci
1920 2211 2111 2265 adver-

541 2291 670 2344 sarii
706 2291 920 2347 eludere
944 2295 1281 2351 conabantur
1310 2299 1414 2353 vim
1461 2299 1793 2357 defensionis
1825 2302 1964 2370 ejus,
2003 2303 2113 2359 alio

545 2383 873 2438 traducenda
904 2391 1224 2454 quastione.

615 2475 672 2529 P.
726 2478 816 2533 95.
877 2478 996 2532 Non
1051 2482 1314 2548 conﬁteris
1373 2482 1631 2552 Spiritum
1694 2495 1933 2544 sanctum
1985 2507 2110 2544 con-

543 2569 748 2621 tinuum
794 2570 975 2633 Patri,
1012 2584 1116 2627 etc.
1173 2575 1286 2630 lloc
1329 2576 1500 2644 ipsum
1549 2579 1842 2634 absurdum
1897 2582 2110 2638 Latinis

542 2661 789 2730 impingit
819 2678 944 2717 acer
968 2664 1278 2719 Graecorum
1311 2668 1582 2726 haereseos
1621 2671 1874 2726 defensor
1905 2673 2109 2744 Grego-

544 2754 654 2805 rius
685 2755 953 2822 Palamas,
992 2759 1332 2816 contendens
1369 2761 1551 2816 doceri
1589 2779 1616 2816 a
1665 2763 1937 2828 Patribus,
1986 2769 2110 2837 Spi-

541 2846 704 2898 ritnm
747 2857 993 2901 sanctum
1040 2853 1293 2906 continue
1345 2869 1407 2906 ac
1442 2857 1573 2910 citra
1618 2857 1850 2911 medium
1893 2875 1920 2913 a
1949 2858 2111 2916 Patre

538 2939 850 3006 procedere.
898 2942 1008 2994 Καὶ
1063 2945 1195 3013 μὴν,
1230 2946 1424 3015 inquit,
1461 2948 1660 3019 ὲρῤέθη
1709 2951 1804 3004 καὶ
1847 2950 1909 3004 τὸ
1969 2953 2111 3006 θεῖον

540 3029 763 3101 Πνεῦμα
800 3034 862 3084 ἐκ
893 3035 1106 3102 Πατρὶς
1137 3037 1377 3105 ἀμέσως.
1417 3037 1650 3110 Vultque
1683 3041 1735 3096 id
1780 3044 1954 3098 astrui
1987 3061 2112 3099 ver-

537 3122 687 3178 silms
713 3125 1034 3194 quibusdam
1057 3127 1116 3184 S.
1143 3127 1383 3200 Gregorii
1408 3133 1687 3202 Theologi,
1722 3135 1917 3202 quibus
1945 3136 2112 3192 Filius

2208 650 2457 716 processit
2507 650 2568 700 de
2617 646 2912 700 substantia
2949 645 3081 700 Δάαι
3143 645 3470 710 immediate,
3501 648 3670 716 utique
3711 650 3755 701 iu

2207 752 2458 814 quantum
2495 741 2595 809 fuit
2647 740 2710 792 de
2759 739 2967 809 proprio
3011 741 3236 804 semine;
3288 739 3514 794 mediate
3557 756 3668 794 vero
3711 741 3755 793 in

2206 841 2460 900 quantum
2521 831 2620 901 fuit
2655 831 2720 884 de
2749 831 2943 885 semine
2999 829 3150 885 Eme.
3190 829 3377 884 Talem
3427 841 3606 885 autem
3651 846 3756 886 esse

2208 925 2281 976 ait
2324 924 2721 992 processioncm
2781 923 2944 993 738
2986 923 3158 977 sancti
3195 922 3434 992 Spiritus
3479 938 3544 978 es
3594 924 3758 993 Patre,

2208 1016 2498 1068 mediatam
2557 1015 2769 1082 quidem
2830 1024 3095 1084 quatenus
3143 1031 3208 1070 ex
3261 1016 3399 1070 Filio
3456 1027 3758 1086 est,qoem

2210 1103 2373 1157 Pater
2419 1104 2638 1172 genuit,
2686 1103 2846 1157 simul
2883 1114 3060 1158 autem
3113 1104 3485 1159 intmediatam
3533 1121 3758 1174 quoque.

2209 1196 2468 1265 quoniam
2506 1192 2676 1246 Filius
2713 1194 2915 1261 pariter
2953 1205 3006 1248 et
3035 1194 3193 1249 Pater
3242 1206 3484 1250 sanctum
3519 1195 3760 1264 Spiritum

2209 1285 2540 1356 producunt.
2580 1283 2810 1354 Spiritus
2854 1285 3001 1339 enim
3052 1301 3267 1340 sanctus
3300 1287 3486 1356 (verba
3518 1299 3642 1341 sunt
3665 1291 3762 1341 Au-

2207 1377 2435 1446 gustini,
2470 1377 2506 1432 I.
2535 1393 2624 1441 xv,
2679 1376 2752 1431 De
2787 1376 3073 1441 Triuitate,
3124 1394 3175 1432 c.
3223 1378 3316 1448 27)
3367 1395 3470 1432 non
3519 1378 3584 1433 de
3621 1378 3762 1433 Patre

2207 1470 2438 1533 procedit
2469 1472 2520 1522 in
2570 1467 2785 1534 Filium,
2812 1480 2859 1522 et
2890 1470 2952 1523 de
2983 1467 3124 1522 Filio
3173 1470 3407 1538 procedit
3466 1472 3536 1524 ad
3585 1473 3761 1524 sancti-

2207 1560 2476 1630 ficandam
2529 1573 2852 1625 creaturam,
2881 1563 2971 1615 sed
2997 1563 3156 1616 simul
3177 1564 3240 1616 de
3271 1573 3490 1634 utroque
3527 1565 3759 1632 procedit,

2207 1654 2442 1722 quamvis
2480 1653 2575 1706 hoc
2611 1651 2757 1708 Filio
2791 1653 2954 1707 Pater
2979 1654 3208 1719 dederit,
3248 1668 3304 1709 ut
3347 1657 3758 1726 quemadmodum

2210 1744 2272 1794 de
2305 1758 2381 1805 se,
2410 1743 2488 1796 ita
2517 1743 2578 1797 de
2610 1744 2704 1798 illo
2733 1761 2932 1814 quoque
2958 1745 3223 1813 procedat.
3255 1745 3381 1802 Haec
3413 1749 3758 1817 Augustinus;

2210 1846 2330 1899 quae
2360 1841 2626 1900 quatenus
2653 1833 2906 1898 mediata.
2939 1845 3207 1904 quatenus
3235 1837 3604 1890 immmediata
3635 1835 3757 1890 Patri

2215 1923 2282 1976 sit
2311 1925 2482 1977 sancti
2533 1923 2768 1993 Spiritus
2826 1931 3122 1998 processio,
3154 1929 3455 1984 luculenter
3483 1932 3757 1998 explicant.

2287 2013 2348 2070 P.
2401 2013 2489 2068 96.
2542 2014 2751 2071 Sentire
2793 2029 2968 2072 autem
3015 2023 3319 2074 continuum
3354 2031 3461 2076 etc.
3507 2021 3761 2092 Signiﬁcat

2217 2106 2302 2161 his
2339 2110 2516 2163 verbis
2551 2107 2754 2166 Veccus
2775 2127 2880 2165 non
2912 2127 3070 2180 posse
3101 2114 3366 2169 catholico
3385 2116 3489 2170 dici
3525 2119 3758 2169 duntaxat

2215 2201 2572 2256 immediatam
2595 2206 3001 2272 processionem
3026 2207 3198 2262 sancti
3244 2207 3478 2278 Spiritus
3500 2225 3566 2263 ex
3590 2210 3758 2269 Patre;

2217 2293 2492 2347 dicendam
2525 2298 2670 2349 enim
2701 2311 2821 2350 esse
2842 2299 3002 2352 simul
3025 2300 3387 2354 immediatam
3410 2312 3457 2354 et
3475 2304 3762 2359 mediarum.

2218 2385 2399 2456 Itaque
2425 2387 2512 2441 hic
2542 2389 2603 2440 τὸ
2623 2390 2906 2460 προσεχῶς
2927 2394 3169 2447 continue
3193 2404 3483 2461 usurpatur
3503 2395 3759 2455 exclusioc.

2219 2480 2319 2532 hoc
2364 2491 2445 2533 cst
2502 2497 2622 2534 cum
2675 2482 3053 2539 subintellecta
3112 2486 3402 2555 negatione
3450 2488 3762 2542 mediatiouis

2217 2571 2400 2625 ullius.
2430 2571 2614 2637 Qualis
2665 2584 2844 2629 tamen
2903 2576 3081 2646 aliqua
3125 2579 3177 2632 in
3211 2579 3564 2647 processione
3607 2581 3760 2634 Sancti

2220 2662 2454 2733 Spiritus
2489 2682 2515 2718 a
2568 2665 2730 2720 Patre
2779 2671 3118 2739 agnoscenda
3173 2671 3492 2725 orthodoxis
3542 2682 3640 2734 cst,
3684 2670 3757 2723 sed

2215 2772 2338 2827 quae
2371 2773 2472 2810 non
2513 2759 2766 2813 excludat
2798 2761 3163 2815 immediatam
3197 2761 3373 2816 Patris
3420 2763 3587 2830 ipsius
3613 2762 3752 2814 actio-

2218 2863 2340 2902 nem
2373 2849 2425 2901 in
2479 2852 2834 2916 productione
2872 2853 3129 2920 Spiritus,
3163 2863 3218 2908 at
3270 2865 3479 2908 tantum
3537 2853 3753 2907 admittat

2218 2939 2302 3012 [Ρ.
2340 2939 2471 3014 52η
2506 2943 2556 2996 in
2598 2958 2663 2997 ea
2701 2946 3032 2999 consortium
3065 2945 3211 3007 Filii,
3249 2948 3334 3001 cui
3397 2949 3546 3017 prius
3577 2947 3753 3000 rationi

2221 3031 2377 3085 Pater
2425 3035 2538 3102 ipse
2583 3036 3060 3090 communicaverit
3084 3047 3138 3091 et
3167 3039 3215 3091 ci
3249 3053 3343 3107 per
3378 3040 3758 3108 generationem

2220 3126 2630 3180 identificaverit
2651 3127 2793 3182 illam
2816 3129 2985 3198 ipsam
3007 3146 3164 3183 unam
3186 3131 3602 3193 etiudividuam,
3618 3147 3758 3200 quam

538 3226 593 3269 et
646 3215 703 3270 S.
740 3218 975 3286 Spiritus
1029 3222 1233 3289 pariter
1286 3225 1541 3278 dicuntur
1600 3225 1735 3279 Θεοῦ
1791 3231 2006 3299 [ἰατρὸς
2045 3232 2110 3284 τὰ

2221 3218 2333 3286 ipse
2390 3219 2748 3285 originaliter,
2784 3220 2884 3274 hoc
2927 3233 3008 3274 cst
3036 3237 3144 3276 non
3179 3223 3396 3275 aliunde
3422 3231 3644 3276 tractam
3685 3221 3760 3276 sed

536 3307 766 3378 δεύτερα
807 3311 972 3382 ἔχειν,
1005 3315 1261 3368 secundas
1307 3331 1338 3368 a
1387 3315 1492 3370 Deo
1542 3315 1706 3372 Patre
1745 3319 1956 3376 habere.
2007 3322 2112 3378 Sed

537 3399 740 3453 frustra
770 3413 894 3456 sunt
920 3403 971 3456 hi
1006 3405 1362 3462 schismatici.
1391 3407 1527 3460 Nam
1563 3410 1716 3479 juxta
1755 3411 1970 3466 Patrum
2004 3423 2110 3468 tam

540 3492 852 3548 Graecorum
885 3511 1042 3564 quam
1070 3497 1382 3552 Latinorum
1413 3503 1774 3558 orthodoxam
1811 3506 2112 3562 doctrinam

539 3593 828 3650 utrumque
875 3604 1060 3642 verum
1111 3600 1228 3655 est,
1275 3601 1325 3644 et
1375 3595 1668 3661 procedere
1717 3597 1940 3666 ἀμέσυς
1979 3602 2112 3653 citra

540 3675 766 3730 medium
810 3695 836 3731 a
888 3677 1048 3733 Patre
1089 3692 1333 3737 sanctum
1371 3683 1656 3754 Spiritum,
1686 3697 1740 3743 et
1770 3691 2016 3745 eumdem
2047 3692 2116 3746 δι’

542 3765 694 3830 Υξὸν,
727 3785 817 3834 per
840 3768 1032 3822 Filium
1085 3788 1111 3822 a
1150 3772 1308 3828 Patre
1361 3778 1609 3840 produci.
1667 3779 1804 3848 Apte
1862 3784 2113 3836 conciliat

543 3861 654 3913 lucc
687 3861 738 3913 in
777 3866 1010 3930 speciem
1047 3867 1316 3919 contraria
1355 3867 1621 3922 Ricardus
1654 3869 1982 3937 Victorinus,
2017 3875 2052 3927 Ι.
2081 3892 2114 3929 v

541 3951 618 4005 De
665 3953 943 4021 Trinitate,
975 3972 1020 4008 c.
1060 3957 1110 4018 6.
1152 3961 1253 4012 sim
1283 3960 1505 4013 litudine
1550 3977 1615 4015 ex
1658 3964 1912 4018 humanis
1951 3981 2116 4034 gene-

540 4044 840 4097 rationibus
871 4047 1102 4099 adducta
1136 4067 1148 4101 :
1187 4048 1430 4104 Procedit
1477 4069 1699 4120 namque
1724 4055 1842 4126 (ait)
1888 4073 2112 4123 persona

537 4137 602 4190 de
641 4155 858 4204 persona
901 4141 1212 4211 quandoque
1257 4145 1465 4212 quidem
1517 4151 1882 4203 tantummodo
1929 4154 2114 4205 inunc-

538 4229 701 4290 diate,
733 4233 1042 4300 quandoque
1087 4235 1456 4289 tantummodo
1515 4240 1759 4305 mediate,
1801 4244 2115 4315 quandoque

541 4329 713 4373 autem
779 4324 1003 4376 ntediate
1051 4325 1210 4376 simul
1272 4336 1320 4379 et
1404 4328 1728 4385 immediate.
1799 4332 2111 4402 Exemplum

539 4414 734 4467 deinde
787 4417 1149 4482 proccssionis
1185 4423 1558 4476 tantummodo
1601 4425 1926 4480 immediatte
1965 4430 2115 4497 ponit

543 4506 594 4557 in
647 4507 829 4560 Isaaco
882 4519 1128 4575 respectu
1168 4512 1462 4566 Abrabarni
1491 4555 1505 4577 ,
1547 4515 1813 4578 siquidem
1871 4518 2113 4574 lsaacum

2220 3309 2540 3363 naturaliter
2565 3310 2950 3365 identificatam
2987 3327 3101 3367 sua:
3131 3329 3395 3383 persome,
3431 3315 3587 3368 habet
3616 3314 3758 3382 Spin-

2219 3402 2420 3454 tionern
2478 3401 2732 3466 activam,
2790 3401 2840 3455 in
2877 3418 3003 3472 qua,
3046 3419 3150 3456 non
3209 3404 3380 3458 solum
3425 3405 3475 3458 in
3510 3413 3688 3456 natura
3713 3412 3758 3456 et

2214 3492 2446 3545 essentia
2482 3492 2857 3558 divina,Patcr
2888 3504 2939 3546 et
2965 3493 3134 3547 Filius
3166 3510 3334 3549 unum
3357 3506 3504 3553 sunt.
3524 3495 3759 3547 Audiatur

2215 3593 2436 3639 sanctus
2509 3586 2799 3641 Ausclmus
2858 3588 2972 3642 haec
3027 3587 3307 3657 eleganter
3365 3590 3652 3658 explicans,
3701 3586 3760 3638 De

2217 3678 2550 3746 processione
2586 3679 2820 3742 Spiritus
2853 3681 3024 3733 sancti
3060 3681 3196 3735 lihro
3239 3698 3254 3734 :
3302 3678 3517 3738 Constat
3566 3681 3760 3744 inexpu-

2213 3770 2416 3839 gnabili
2443 3772 2647 3826 ratione
2681 3771 2934 3842 Spiritum
2965 3785 3205 3827 sanctum
3227 3791 3338 3828 esse
3372 3775 3436 3828 de
3465 3772 3598 3826 Filio
3622 3769 3758 3825 sicuti

2214 3875 2288 3916 est
2324 3867 2386 3916 de
2429 3861 2606 3927 Patre,
2641 3881 2732 3917 nec
2767 3875 2941 3918 tamen
2973 3881 3084 3919 esse
3123 3867 3186 3918 de
3215 3867 3418 3919 duobus
3441 3866 3666 3926 dicersis,
3684 3864 3757 3916 sed

2214 3957 2276 4006 de
2307 3971 2431 4007 uno.
2461 3953 2541 4008 Ex
2568 3971 2626 4008 eo
2656 3957 2789 4008 enim
2818 3958 2956 4026 quod
2995 3955 3157 4010 Pater
3177 3969 3224 4010 et
3256 3956 3426 4010 Filius
3462 3973 3610 4009 unum
3634 3966 3757 4014 sunt,

2215 4047 2271 4099 id
2291 4057 2361 4100 est
2384 4063 2447 4101 ea:
2471 4047 2597 4113 Deo,
2629 4057 2704 4102 est
2738 4061 2784 4102 et
2817 4048 3050 4118 Spiritus
3081 4061 3316 4110 sanctus.
3340 4067 3442 4102 non
3475 4067 3535 4103 ex
3561 4065 3612 4102 eo
3641 4048 3758 4100 unde

2215 4137 2307 4188 alii
2339 4147 2459 4191 sunt
2501 4137 2564 4190 ab
2619 4139 2856 4192 inuicem.
2881 4137 2985 4192 Sed
3014 4141 3262 4207 quoniam
3296 4139 3458 4204 Deus,
3487 4141 3546 4192 de
3571 4155 3662 4207 quo
3691 4148 3756 4190 est

2217 4226 2448 4293 Spiritus
2490 4241 2728 4295 sanctus,
2765 4240 2842 4285 est
2909 4229 3072 4284 I’ater
3131 4241 3177 4286 et
3226 4230 3424 4298 Filius,
3456 4233 3635 4285 idcirco
3660 4244 3758 4282 sere

2215 4321 2409 4375 dicitur
2453 4339 2562 4377 esse
2597 4324 2659 4376 de
2693 4323 2851 4378 Patre
2873 4335 2922 4378 et
2966 4323 3134 4391 Filio,
3168 4326 3258 4396 qui
3298 4325 3404 4379 duo
3449 4334 3585 4380 sunt.
3615 4319 3756 4387 Cujus

2221 4415 2356 4466 ratio
2390 4423 2492 4478 est,
2528 4416 2648 4483 quia
2681 4415 3005 4486 principium
3039 4421 3274 4470 activam
3315 4417 3549 4486 Spiritus
3587 4414 3752 4470 Sancti.

2217 4509 2331 4560 sive
2355 4507 2584 4576 spiratio
2614 4509 2812 4574 activa,
2844 4510 3108 4578 ejusmodi
3145 4511 3392 4579 quaedam
3431 4511 3508 4563 vis
3537 4519 3631 4570 est,
3658 4523 3755 4577 qua

543 4599 854 4653 immediate
897 4601 1238 4657 Abrahamus
1287 4609 1504 4675 genuit;
1557 4611 1927 4675 proccssionis
1979 4627 2107 4665 vero

2215 4609 2272 4651 ut
2309 4601 2360 4653 in
2397 4611 2579 4674 actum
2621 4611 2777 4655 exeat
2813 4603 2982 4671 exigit
3014 4602 3342 4657 identificari
3387 4603 3625 4672 persenis
3647 4603 3757 4653 dua-

545 4693 920 4746 tanturnmodo
972 4695 1220 4748 mediatre
1266 4697 1318 4748 in
1363 4696 1567 4753 Jacobo
1624 4711 1871 4768 respectu
1933 4703 2107 4757 Abra-

542 4779 721 4844 bami;
759 4796 879 4832 nam
906 4779 1138 4836 Jacobus
1166 4787 1599 4852 patriarcharum
1625 4791 1907 4844 duodecim
1934 4803 2106 4860 pater,

544 4871 776 4924 mediate
809 4881 1014 4924 tantum
1041 4875 1107 4927 ab
1135 4875 1446 4932 Abrahamo
1473 4889 1555 4933 est
1581 4881 1815 4948 genitus,
1841 4894 2110 4956 quatenus

544 4960 710 5014 llliurn
738 4963 1028 5018 Ahrabarni
1059 4967 1301 5023 lsaacum
1326 4982 1532 5038 patrem
1562 4973 1768 5037 habuit,
1801 4975 1913 5041 ipse
1940 4977 2110 5030 Abra-

543 5055 687 5106 hami
736 5071 922 5124 nepos.
959 5058 1073 5114 Hoc
1120 5064 1358 5118 secundo
1405 5066 1563 5117 modo
1627 5081 1750 5120 vere
1805 5078 2031 5132 negatur
2080 5086 2108 5124 a

543 5149 854 5200 doctoribus
886 5152 1169 5207 catholicis
1211 5165 1460 5209 sanctum
1509 5155 1774 5224 Spiritum
1811 5161 2037 5214 mediate
2081 5177 2109 5214 a

545 5236 705 5289 Patre
745 5241 1055 5304 proci-dere.
1090 5243 1190 5294 Sed
1222 5254 1306 5298 est
1341 5247 1445 5298 alia
1493 5250 1767 5314 processio
1799 5249 2110 5304 immediata

545 5328 704 5381 simul
737 5341 790 5384 et
834 5332 1098 5396 mediata,
1139 5334 1291 5404 cujus
1330 5336 1560 5391 formam
1618 5337 1882 5396 liicardus
1929 5344 2112 5396 statuit

546 5423 596 5475 in
630 5424 978 5490 generatione
1010 5423 1160 5480 Sethi
1219 5444 1282 5481 ex
1337 5431 1540 5482 Adamo
1564 5440 1615 5486 et
1651 5433 1776 5486 ldva.
1815 5433 1944 5486 Nam
1978 5451 2114 5501 quo-

545 5530 689 5565 mam
725 5513 832 5567 Eva
889 5531 952 5569 ex
1009 5515 1214 5568 Adamn
1249 5531 1623 5586 processerat,
1674 5523 1858 5587 utique
1892 5537 1953 5574 es
1999 5523 2114 5592 ejus

543 5615 690 5657 costa
753 5605 1004 5671 formata,
1054 5606 1202 5661 Sethi
1252 5611 1537 5676 productio
1593 5629 1689 5679 per
1751 5614 1913 5666 Evam
1974 5614 2110 5667 facta

546 5699 779 5749 tncdiata
814 5679 1038 5754 carentis
1069 5714 1314 5770 respectu
1354 5705 1542 5758 Adami
1575 5705 1675 5759 fuit
1717 5724 1731 5760 :
1771 5722 1955 5759 verum
1988 5709 2112 5776 quia

543 5790 685 5844 idem
724 5791 1074 5846 nihilominus
1122 5794 1359 5849 Adamus
1395 5813 1488 5866 per
1515 5814 1571 5851 se
1604 5800 1669 5853 ad
1697 5799 1840 5852 illam
1888 5815 2114 5867 genera-

544 5883 748 5939 tionem
791 5886 1085 5952 concurrit,
1132 5886 1440 5945 iuuncdiata
1472 5893 1660 5947 cadent
1707 5893 1914 5947 Adamo
1947 5895 2113 5949 exsti-

2211 4695 2331 4754 bus,
2363 4708 2592 4761 quarum
2637 4711 2740 4748 una
2783 4710 2849 4748 ex
2880 4695 3049 4750 altera
3081 4696 3434 4766 processerit.
3468 4694 3614 4749 Unde
3651 4709 3756 4745 cau-

2210 4799 2324 4836 sam
2366 4785 2565 4850 reperit
2600 4785 2864 4840 Ricardus
2895 4786 3228 4850 Victorinus,
3255 4788 3290 4841 l.
3337 4805 3365 4839 v
3394 4787 3470 4840 De
3513 4787 3752 4843 Trinitate.

2211 4892 2261 4928 c.
2291 4874 2346 4940 7,
2374 4890 2472 4930 cur
2507 4878 2699 4932 ordine
2743 4879 3018 4946 posterior
3043 4879 3114 4934 sit
3146 4880 3423 4947 processio
3449 4882 3614 4932 sancti
3653 4877 3751 4944 Spi~

2214 4969 2350 5021 ritus
2401 4971 2749 5035 proccssione
2789 4968 2912 5023 Filii
2947 4986 2961 5022 :
2998 4969 3337 5024 Naturatiter
3386 4971 3603 5042 (inquit)
3637 4969 3753 5034 prior

2211 5069 2289 5112 est
2343 5061 2580 5114 dualitas
2627 5079 2788 5132 quam
2839 5063 3098 5116 trinitas:
3153 5081 3273 5117 nam
3319 5064 3416 5116 illa
3473 5074 3628 5130 potest
3665 5075 3752 5114 esse

2217 5155 2328 5208 sine
2360 5157 2483 5218 ista,
2519 5157 2624 5210 ista
2677 5174 2796 5211 vero
2837 5174 3106 5226 nunquam
3153 5159 3263 5211 sine
3296 5157 3418 5210 illa.
3460 5157 3753 5212 Naturaliter

2216 5244 2392 5313 itaque
2422 5255 2466 5298 et
2499 5247 2757 5311 processio
2789 5245 2934 5315 prior
2961 5256 3060 5311 est,
3087 5263 3204 5318 qua:
3233 5259 3395 5315 potest
3429 5249 3687 5301 subsistere
3713 5245 3752 5294 in

2214 5351 2554 5403 personarum
2585 5338 2866 5404 dualitate,
2899 5357 3054 5408 quant
3088 5340 3338 5407 illa.quaz
3367 5357 3470 5392 non
3499 5349 3754 5403 potestesse

2218 5428 2332 5482 sine
2389 5447 2730 5498 personarum
2817 5433 3077 5486 trinitate.
3146 5433 3283 5486 ﬂiuc
3348 5435 3652 5502 intelligitur
3713 5425 3752 5477 id

2221 5522 2363 5588 quod
2418 5523 2594 5576 innuit
2654 5525 2832 5578 verbis
2869 5539 3034 5592 supra
3068 5525 3359 5594 descriptis
3392 5523 3614 5580 Veccus.
3649 5534 3756 5589 pro-

2221 5614 2500 5681 prietatem
2560 5631 2685 5668 esse
2742 5615 3111 5670 distiuctivam
3187 5618 3552 5683 proccssionis
3586 5614 3693 5669 Filii
3733 5625 3757 5662 s

2222 5708 2565 5776 proccssione
2622 5706 2857 5776 Spiritus
2911 5711 3109 5769 sancti.
3165 5709 3306 5776 quod
3354 5707 3521 5764 Fi'ius
3563 5709 3755 5775 quidem

2218 5800 2477 5869 procedat
2499 5801 2566 5854 ab
2588 5816 2694 5856 uno
2719 5801 2835 5856 solo
2856 5802 3122 5871 principio
3145 5804 3285 5870 quod
3309 5812 3362 5856 et
3385 5818 3507 5870 quo,
3535 5801 3598 5854 ab
3619 5797 3750 5853 unica

2221 5891 2471 5946 nimirum
2536 5908 2765 5962 persona
2824 5893 3027 5960 divina,
3083 5893 3263 5959 l‘atrc,
3313 5902 3364 5948 et
3419 5909 3510 5962 per
3563 5891 3746 5945 unicam
