3856 6572
115 380 203 446 801
1599 378 1841 441 NOTAE.

3246 387 3354 455 802

112 493 498 567 generationem
575 493 804 549 activam
864 492 1439 550 incommunieabllem
1510 494 1668 552 alteri
1704 502 1741 554 lt
1772 496 1898 566 poni
1932 502 2139 565 poterat
2175 494 2303 550 illud
2339 494 2540 554 Christi
2574 497 2641 553 ad
2672 496 3051 569 Nicodemum,
3078 502 3239 560 Joan.
3263 523 3348 566 ιιι.

108 603 353 660 personae,
389 585 629 659 Spiritus
662 601 792 643 vero
839 594 1064 643 sanctus
1094 589 1352 659 procedat
1381 592 1437 646 et
1472 605 1666 661 proce-

106 682 216 736 dere
259 679 440 748 exigat
493 693 592 748 per
635 679 858 735 unicum
902 680 1119 750 quidem
1150 679 1315 752 739
1340 682 1663 752 principium

103 789 210 843 quo,
248 786 450 841 nempe
504 773 846 841 spirationem
881 774 1105 827 activam
1158 776 1369 830 unicam
1432 775 1666 833 indivise

102 875 433 935 propagatam
471 876 545 918 ex
575 862 735 920 Patre
784 864 840 919 in
892 863 1117 931 Filium,
1168 875 1350 923 tamen
1388 883 1417 922 a
1454 867 1662 926 duobus

102 955 361 1027 principiis
391 956 562 1025 quod,
592 954 826 1025 geminis
858 956 1110 1012 videlicet
1141 957 1411 1027 personis,
1431 974 1663 1029 quarum

101 1049 178 1104 ubi
205 1048 352 1117 prior
378 1048 543 1103 alteri
571 1048 1061 1105 communicaverit
1093 1051 1201 1105 vim
1244 1052 1516 1122 propriam
1550 1053 1665 1122 spi-

100 1141 259 1210 randi,
283 1143 458 1197 ambze
490 1143 875 1213 conspirantes
923 1158 1021 1214 per
1060 1159 1221 1200 unam
1275 1144 1661 1201 indivisibilem

100 1236 449 1307 operationem
520 1235 822 1306 producant
884 1237 1103 1293 tertiam
1162 1253 1487 1306 personam,
1542 1254 1665 1309 qua:

98 1336 297 1385 sanctus
324 1336 410 1384 est
444 1328 707 1398 Spiritus.
738 1329 914 1399 Atque
951 1330 1068 1387 hzec
1107 1340 1186 1387 est
1211 1332 1300 1388 illa
1336 1336 1475 1388 ratio
1512 1335 1667 1404 αισι-

99 1423 258 1476 rentia:
290 1434 456 1491 quam
491 1421 693 1495 allegat
729 1422 816 1478 hic
849 1421 1074 1492 Veccus,
1101 1441 1219 1481 eam
1262 1428 1479 1481 obstare
1510 1429 1663 1482 aiens

97 1514 364 1584 quominus
422 1513 538 1570 dici
602 1516 774 1585 possit
827 1516 1064 1585 Spiritus
1120 1520 1367 1574 continue
1412 1536 1475 1573 ex
1504 1517 1665 1574 Patre

99 1605 357 1676 προσεχῶς
387 1608 457 1661 ἐκ
488 1606 584 1661 τοῦ
618 1609 859 1681 Πατρός,
903 1610 1044 1679 quod
1075 1612 1307 1680 sumpsit
1354 1628 1417 1667 ex
1458 1611 1653 1679 Grego‘

99 1698 169 1753 rio
200 1697 444 1770 Nysseno
480 1702 537 1755 in
569 1701 800 1771 epistola
851 1707 918 1757 ad
968 1703 1276 1769 Ahlabium,
1305 1706 1446 1759 unde
1490 1714 1662 1757 totum

100 1792 225 1847 hunc
266 1793 445 1847 locum
486 1794 646 1861 juvat
676 1792 765 1851 hic
792 1796 1125 1866 descriptum
1158 1812 1463 1869 proponere
1499 1814 1513 1851 :
1550 1797 1657 1851 Τοῦ

99 1880 147 1947 ἐξ
174 1882 346 1947 αἰτίας
368 1882 531 1948 ὄντος
560 1885 725 1939 πάλιν
755 1884 926 1958 ἄλλην
955 1887 1222 1960 διαφορὰν
1253 1889 1571 1961 ἐννοοῦμεν
1596 1889 1658 1943 τὸ

101 1974 183 2044 μὶν
227 1979 334 2048 γὰρ
388 1977 691 2049 προσεχιῖκ
719 1979 785 2033 ὲκ
827 1978 924 2033 τοῦ
973 1979 1219 2048 πρώτου,
1249 1981 1309 2036 τὸ
1338 1982 1396 2036 δὲ
1434 1983 1525 2037 διὰ
1565 1980 1660 2036 τοῦ

100 2067 359 2138 πῳσεχῶς
384 2080 401 2098 ο
441 2066 585 2140 Ejus
622 2073 760 2140 quod
796 2088 859 2126 es:
883 2068 1144 2142 principio
1174 2086 1249 2129 est
1280 2091 1466 2128 rursus
1493 2075 1662 2130 aliam

100 2161 427 2229 difemttiam
492 2163 864 2234 intelligimus.
923 2162 1065 2219 Nam
1111 2166 1259 2222 aliud
1300 2168 1547 2223 continue
1598 2186 1663 2224 ea:

102 2257 241 2322 primo
266 2262 365 2318 est,
400 2256 563 2310 aliud
588 2274 709 2312 vero
757 2274 850 2325 per
880 2241 1014 2312 illud
1041 2259 1181 2329 quod
1209 2271 1286 2314 est
1324 2263 1571 2315 continue
1598 2278 1663 2317 es

101 2346 260 2411 primo.
287 2343 447 2401 Unde
482 2349 664 2405 statim
697 2349 859 2404 infert
897 2347 1176 2421 Nyssenus
1203 2353 1366 2418 idem,
1395 2352 1537 2407 ὥστε
1570 2357 1664 2409 καὶ

102 2435 150 2488 τὸ
192 2438 487 2507 μονογενὲς
529 2440 902 2510 ἀναμφίὸο).ον
959 2442 1056 2495 ἐπὶ
1107 2441 1204 2497 τοῦ
1256 2444 1388 2498 Υἱοῦ
1448 2446 1661 2517 μένειν.

105 2526 195 2584 Hoc
230 2529 344 2586 loco
398 2534 699 2602 μονογενὲς
735 2547 841 2588 non
895 2534 1038 2589 idem
1073 2536 1216 2604 quod
1258 2535 1446 2594 Latine
1478 2539 1662 2606 unige-

104 2620 245 2673 nitum
288 2631 479 2687 sonat,
515 2623 633 2691 sed,
663 2633 822 2694 prout
870 2626 1083 2680 erudite
1132 2628 1277 2684 hunc
1315 2630 1490 2697 ipsum
1524 2630 1661 2700 Nys-

105 2712 199 2766 seui
223 2713 397 2768 locum
451 2723 696 2773 tractans
731 2716 968 2787 explicat
994 2717 1211 2774 Manuel
1242 2721 1489 2789 Calecas,
1524 2740 1572 2777 c.
1604 2725 1661 2789 5,

105 2803 343 2873 signiﬁcat
390 2807 454 2861 id
505 2808 645 2876 quod
699 2825 863 2865 unum
891 2828 957 2865 ea:
984 2828 1087 2866 uno
1125 2814 1454 2883 producitur.
1486 2814 1660 2870 Verba

106 2908 209 2953 sunt
246 2899 464 2958 Calecm
495 2916 509 2957 :
544 2898 648 2957 Καὶ
677 2903 737 2957 τὸ
768 2906 1065 2975 μονογενὲς
1112 2907 1488 2977 ἀναμφιϐόλου
1524 2910 1663 2979 (lege

107 2991 495 3065 ἀναμφιϐόλως)
543 2996 637 3051 ἐπὶ
667 2995 761 3050 τοῦ
793 2996 927 3052 Υἱοῦ
979 2999 1153 3070 μένει.
1211 3001 1387 3064 Μόνος
1438 3003 1547 3070 γὰρ
1596 3005 1659 3055 ἐκ

110 3083 273 3152 μόνον,
301 3088 426 3141 ἐπεὶ
459 3088 623 3160 μέχρι
642 3089 837 3144 τούτου
874 3090 1092 3163 ἵστησιν
1118 3094 1146 3146 ὁ
1177 3090 1333 3161 λόγος
1357 3096 1454 3163 τῆς
1487 3094 1662 3166 ὑπάρ-

108 3174 216 3242 ξεως
246 3181 415 3237 αὐτοῦ
454 3182 517 3236 τὸ
551 3183 774 3252 ἰδίωμαο
816 3183 1120 3255 Monogenis
1150 3186 1339 3240 titulus
1367 3188 1477 3242 sine
1502 3188 1659 3241 dubio

1773 589 1841 644 10
1867 610 1879 645 :
1909 588 1986 643 Tu
2016 606 2068 644 es
2098 591 2354 661 magister
2385 591 2442 645 in
2464 589 2660 657 Israel,
2692 604 2741 647 et
2767 595 2876 649 lucc
2904 596 3158 666 ignoras?
3186 599 3350 673 75.0

1772 679 1925 746 Quod
1958 689 2139 734 autem
2181 689 2343 751 negat
2366 696 2424 736 se
2457 682 2535 736 ita
2570 683 2710 753 loqui
2744 686 3013 752 didicisse,
3047 690 3199 759 culpa
3232 692 3349 761 ejus

1771 782 1875 836 est,
1911 770 2053 840 quod
2090 772 2290 850 scripta
2325 775 2707 842 magistrorum
2734 793 2840 833 non
2863 778 3081 850 legisset
3105 784 3352 838 utdehu—

1770 873 1908 929 erat,
1947 844 2171 920 Patrum.
2197 866 2456 921 nimirum
2486 869 2858 939 antiquorum,
2891 872 2980 927 ubi
3015 889 3134 942 qua:
3163 875 3352 930 affere-

1770 953 1862 1008 bat
1889 952 2099 1010 Veccus
2125 956 2433 1011 invenerat.
2462 958 2567 1014 Sed
2592 959 2751 1031 longe
2783 964 3031 1020 inscitius
3057 966 3215 1035 hujus
3270 968 3352 1022 di-

1770 1055 1914 1100 ctum
1968 1046 2201 1102 refertur
2231 1046 2402 1113 infra,
2449 1050 2538 1104 ubi
2587 1052 2963 1109 schismaticus
3018 1057 3120 1110 iste
3165 1056 3353 1113 drﬁnit

1771 1136 2022 1193 lueresim
2058 1141 2298 1212 reputari
2333 1142 2394 1195 τὸ
2427 1145 2683 1215 συνιστᾷν
2714 1143 2890 1198 θέλειν
2917 1146 3207 1217 ἀσύνηθες,
3244 1149 3349 1203 κᾶν

1768 1231 2008 1300 ἀσφαλὲς
2032 1228 2123 1304 ἦν,
2164 1234 2403 1291 stabilire
2437 1236 2566 1292 velle
2616 1238 2882 1293 insuetum
2918 1241 3215 1311 quippiam,
3250 1245 3349 1297 etsi

1769 1342 2016 1380 securum
2072 1328 2165 1383 sit.
2196 1328 2314 1397 Quo
2344 1329 2690 1400 iniquissimo
2722 1334 2902 1389 edicto
2932 1350 3122 1392 omnes
3156 1337 3348 1391 Eccle-

1767 1418 1860 1473 siae
1892 1414 2106 1484 Patres,
2139 1433 2327 1474 omnes
2358 1419 2618 1491 theologi,
2647 1437 2839 1479 omnes
2872 1438 3154 1481 sacrorum
3187 1427 3351 1479 libro-

1772 1528 1893 1566 rum
1930 1513 2228 1584 intepretes
2264 1515 2316 1570 in
2351 1515 2729 1571 haereticorum
2775 1517 3047 1586 ergastula
3098 1518 3346 1587 compin-

1769 1613 1992 1674 guntur.
2030 1603 2237 1672 Quotus
2285 1606 2430 1661 enim
2479 1608 2709 1677 quisque
2743 1607 2958 1665 illorum
3009 1622 3115 1665 non
3148 1610 3346 1679 aliquid

1768 1696 1973 1765 profert
2003 1697 2288 1765 insuetum,
2322 1696 2505 1752 idiotis
2524 1699 2823 1769 praesrtim
2851 1708 2948 1754 aut
2977 1702 3028 1754 in
3054 1700 3233 1756 studio
3262 1717 3350 1756 saa-

1770 1800 1879 1841 Crae
1916 1787 2179 1842 doctrinae
2223 1788 2586 1859 negligentius
2630 1792 2881 1859 versatis,
2929 1791 3140 1863 qualem
3168 1808 3227 1848 se
3256 1793 3347 1848 hic

1761 1879 2067 1947 patriarcha
2091 1879 2472 1936 schismaticus
2494 1882 2670 1951 prodit
2705 1882 2728 1936 ?

1837 1971 1969 2026 lbid.
2005 1971 2104 2028 Ubi
2126 1973 2267 2027 enim
2298 1973 2417 2042 plus
2446 1976 2591 2028 clare
2616 1975 3059 2043 deprehendatur.
3084 1987 3189 2033 etc.
3216 1980 3348 2036 Ver-

1767 2063 1832 2119 ba
1865 2076 1990 2119 sunt
2009 2064 2597 2136 Constantinopolitani
2620 2069 2942 2137 patriarcha:
2962 2071 3210 2142 Gregorii
3239 2073 3346 2145 Cy-

1768 2160 1894 2228 prii,
1924 2174 2045 2229 qua:
2082 2160 2233 2215 illum
2265 2161 2561 2216 ostendunt
2590 2163 2760 2220 nihilo
2790 2173 2881 2220 aut
2915 2165 3214 2222 doctiorem
3250 2178 3345 2222 aut

1774 2251 2197 2309 moderatiorem
2248 2255 2548 2311 Athanasio
2596 2257 2700 2313 isto
2743 2258 3129 2325 Alexandrino,
3180 2274 3342 2333 quem

1769 2346 1930 2399 modo
1983 2348 2320 2405 notavimus.
2353 2347 2607 2405 Profecto
2659 2351 2830 2414 enim,
2864 2352 2908 2404 si
2937 2368 3000 2407 es
3052 2367 3206 2422 mque
3259 2367 3345 2407 re-

1766 2439 2067 2507 spondente
2090 2438 2175 2494 vel
2207 2440 2367 2496 famaa
2397 2457 2503 2512 qua
2540 2442 2939 2509 celebrabatur,
2981 2444 3063 2499 vel
3095 2444 3340 2514 dignitati

1766 2546 1868 2596 qna
1908 2529 2171 2602 fulgebat,
2207 2542 2353 2589 esset
2382 2535 2688 2591 eruditione
2732 2538 3009 2606 praeditus,
3047 2553 3154 2593 non
3192 2540 3343 2605 igno-

1768 2632 1915 2676 raret
1944 2638 2061 2692 qum
2090 2624 2154 2678 de
2201 2624 2513 2681 immediata
2544 2627 2706 2681 simul
2746 2636 2801 2682 et
2847 2628 3082 2683 mediata
3118 2643 3340 2698 proces-

1765 2714 1919 2768 sione
1969 2714 2146 2770 sancti
2199 2713 2435 2786 Spiritus
2489 2732 2553 2772 ex
2601 2716 2759 2772 Patre
2817 2727 3047 2782 veteres,
3088 2729 3145 2774 ut
3181 2723 3341 2789 paulo

1764 2804 2009 2873 superius
2044 2807 2397 2872 ostendimus,
2427 2806 2681 2864 Ecclesiae
2706 2811 2956 2864 doctores
2984 2825 3178 2880 magno
3208 2826 3340 2864 con-

1764 2909 1927 2949 sensu
1963 2896 2217 2960 tradunt;
2255 2907 2309 2951 et
2347 2898 2535 2953 sicam
2568 2901 2928 2954 reverentiam
2962 2902 3199 2969 antiquis
3231 2900 3340 2954 Pa-

1766 2987 1939 3042 trilms
1984 2988 2249 3045 tribueret
2278 3006 2440 3060 quam
2480 2991 2548 3046 iis
2592 3006 2622 3046 a
2666 2993 2936 3048 catholico
2983 2995 3196 3063 quovis,
3230 3010 3342 3047 ma-

1763 3080 1908 3134 xime
1940 3089 2120 3135 autem
2180 3082 2470 3151 episcopis,
2509 3082 2710 3138 deferri
2758 3099 2858 3154 par
2905 3094 3009 3148 est,
3065 3101 3340 3154 nunquam

1765 3174 2057 3243 nugatoria:
2090 3176 2428 3244 loquacitatis
2461 3176 2828 3246 plenissimam
2861 3178 3087 3240 diceret,
3118 3192 3279 3246 quam
3309 3193 3338 3231 a

108 3265 227 3324 Filio
251 3276 502 3344 proprius
544 3286 714 3330 manet
745 3292 764 3331 :
792 3275 935 3331 solus
963 3280 1099 3331 enim
1130 3296 1195 3334 ea:
1225 3281 1338 3335 solo
1362 3290 1461 3348 est,
1492 3298 1659 3352 quan.

1769 3276 1952 3321 sancto
1999 3265 2262 3336 Gregorio
2312 3268 2552 3340 Nysseno
2596 3270 2817 3326 disertis
2851 3270 3107 3326 allirmari
3154 3272 3340 3325 verbis

105 3363 348 3432 doqnidem
410 3376 630 3422 eatenus
673 3368 969 3425 orthodoxa
1018 3370 1260 3427 doctrina
1331 3374 1468 3428 sistit
1512 3374 1655 3428 illius

108 3456 397 3514 ersistentite
455 3460 849 3528 praprietatem.
885 3454 1145 3518 Potuerat
1213 3464 1312 3519 hoc
1363 3465 1658 3534 Gregorius

108 3544 350 3618 Nyssenus
410 3552 670 3609 didicisse
722 3570 752 3608 a
791 3555 1011 3611 seniore
1041 3556 1208 3612 fratre
1242 3557 1474 3624 Basilio,
1504 3560 1659 3628 cujus

108 3653 256 3700 exstat
301 3646 376 3700 ad
426 3646 648 3701 fratrem
681 3646 981 3719 Nyssenum
1015 3653 1266 3719 epistola,
1303 3652 1354 3707 in
1404 3668 1509 3721 qua
1541 3656 1658 3708 lucc

109 3734 321 3805 leguntur
363 3756 378 3793 :
420 3738 482 3791 Ὀ
532 3738 588 3793 δὲ
624 3738 775 3803 Υἱὸς.
809 3741 835 3793 ὀ
873 3740 934 3794 τδ
982 3742 1046 3794 ἐκ
1094 3742 1190 3795 τοῦ
1247 3744 1461 3814 [ἰατρὸς
1496 3745 1659 3797 ἐκπο-

109 3829 379 3901 ρευόμενον
410 3830 636 3903 Πνεῦμα
680 3831 750 3884 δι’
781 3831 977 3884 ἑαυτοῦ
1014 3833 1111 3886 καὶ
1142 3833 1263 3903 μεθ’
1297 3834 1493 3888 ἑαυτοῦ
1520 3851 1661 3902 γνω-

110 3918 266 3987 ρίζων,
304 3910 823 3994 μόνοςμονογενῶς
874 3927 938 3979 ἐκ
993 3925 1089 3977 τοῦ
1133 3926 1431 3997 ἀγεννήτου
1482 3927 1657 3996 φωτὸς

109 4011 386 4086 ἐκλάμψας,
409 4015 669 4086 οὐδεμίαν
699 4015 841 4070 κατὰ
877 4017 938 4070 τὸ
969 4014 1171 4081 ἰδιάζον
1204 4019 1315 4072 τῶν
1343 4022 1660 4090 γνωρισμά-

110 4120 195 4159 των
216 4109 307 4179 τὴν
342 4108 634 4163 κοινωνίαν
664 4110 781 4181 ἔχει
814 4109 950 4181 πρὸς
984 4110 1076 4165 τὸν
1110 4111 1329 4182 Πατέρα
1361 4110 1395 4181 ἢ
1428 4112 1562 4182 πρὸς
1596 4112 1658 4166 τὸ

112 4194 306 4268 Πνεῦμα
332 4201 394 4254 τὸ
423 4201 613 4269 ἅγιον·
646 4199 827 4257 Filius
881 4218 1023 4268 vero,
1069 4204 1159 4271 sui
1209 4217 1273 4256 ea:
1328 4201 1487 4256 Patre
1534 4220 1659 4273 pro-

111 4292 397 4356 gredientem
422 4292 677 4365 Spiritum
706 4312 801 4365 per
830 4312 885 4350 se
909 4297 1080 4364 ipsum
1106 4306 1151 4350 et
1172 4297 1225 4350 in
1249 4313 1304 4350 se
1333 4297 1446 4366 ipso
1477 4306 1658 4351 notum

112 4381 238 4450 facit,
264 4388 410 4442 solus
460 4388 683 4458 unigena
718 4389 872 4443 modo
900 4405 964 4443 ex
993 4390 1226 4459 ingenita
1272 4391 1387 4446 luce
1429 4391 1659 4461 resplen-

111 4475 230 4544 deus,
255 4479 454 4537 nullam
476 4481 764 4535 secundum
794 4483 1168 4552 proprietatem
1201 4484 1472 4537 nationum
1517 4500 1659 4537 com-

112 4570 372 4625 muuionem
416 4572 570 4626 habet
615 4589 736 4626 cum
770 4571 937 4628 Patre
976 4583 1069 4626 aut
1102 4574 1310 4644 Spiritu
1347 4585 1549 4628 sancto.
1579 4572 1659 4628 Ex

113 4661 276 4722 quibus
304 4665 561 4719 omnibus
597 4675 766 4735 patet,
793 4667 948 4736 juxta
979 4667 1286 4723 doctrinam
1334 4667 1655 4722 catholicam

114 4748 321 4826 Patrum,
357 4759 870 4814 characteristicam
924 4773 1050 4815 esse
1105 4759 1489 4830 proprietatem
1536 4757 1655 4812 Filii

112 4848 289 4913 merui,
327 4864 432 4918 qua
477 4861 533 4905 et
565 4864 596 4903 a
645 4849 806 4906 Patre
842 4859 897 4906 et
926 4864 955 4905 a
988 4848 1197 4920 Spiritu
1238 4862 1431 4907 sancto
1463 4852 1658 4906 distin-

115 4937 280 5008 guitur,
311 4943 376 4997 ab
427 4958 533 4997 uno
581 4944 883 5014 procedere,
916 4945 1031 5000 sive
1064 4954 1127 4999 ut
1166 4943 1406 5013 loquitur
1445 4943 1656 4998 Manuel

114 5031 330 5105 Calocas,
387 5040 552 5109 μόνον
597 5042 663 5093 ὲκ
713 5041 900 5113 μόνον,
946 5043 1115 5096 solum
1164 5056 1228 5094 ea:
1268 5039 1380 5094 solo
1408 5040 1656 5109 produci.

115 5121 206 5181 lloc
247 5131 382 5187 idem
429 5142 514 5187 est
548 5135 692 5203 quod
729 5133 937 5190 Veccus
981 5149 1047 5189 es
1096 5132 1339 5204 Nysseno
1388 5132 1493 5187 hoc
1539 5131 1657 5185 loco

119 5230 240 5277 Vocat
263 5240 370 5281 esse
402 5222 607 5281 Filium
646 5227 893 5282 continue
923 5242 988 5281 ea:
1016 5226 1197 5281 Patre.
1228 5225 1514 5281 NotiOnem
1557 5239 1653 5277 au-

119 5317 199 5365 tern
235 5330 294 5372 ac
342 5318 735 5389 proprietatem
776 5319 986 5390 pariter
1016 5318 1382 5374 distinctivam
1419 5316 1659 5386 Spiritus

118 5409 251 5464 sancti
280 5427 397 5467 esse
424 5411 643 5481 produci
669 5428 759 5481 per
784 5429 903 5467 eum
922 5413 1011 5484 qui
1043 5413 1288 5467 continue
1310 5427 1369 5468 ea
1381 5411 1539 5467 Patre
1557 5421 1656 5473 est,

120 5493 198 5551 hoc
225 5514 322 5567 est,
357 5502 697 5559 identilicata
744 5504 952 5561 duabus
1010 5507 1257 5575 personis
1294 5516 1350 5560 et
1401 5519 1432 5558 α
1483 5502 1658 5573 prima

121 5587 238 5649 alteri
267 5598 661 5651 communicata
691 5597 992 5666 spiratione
1026 5598 1272 5668 produci.

174 5680 254 5756 [Ρ.
282 5687 408 5762 528]
429 5688 489 5744 P.
529 5688 619 5745 97.
654 5689 741 5745 Ita
766 5707 885 5746 vero
916 5690 1057 5763 loqui
1088 5709 1188 5747 non
1220 5695 1524 5760 didicimus,
1552 5704 1657 5750 etc.

126 5770 417 5847 Responsum
451 5792 537 5837 est
563 5782 917 5839 Alexandrini
965 5785 1291 5853 patriarcha:
1327 5802 1393 5842 ex
1428 5788 1654 5852 lectulo,

125 5874 654 5931 Mnesoniniculosnm
678 5884 732 5932 et
757 5876 1199 5933 oscitabumlum.
1235 5878 1332 5935 Cui
1358 5879 1550 5937 merito
1580 5896 1663 5937 rc-

1757 3360 2086 3414 sentenliam
2119 3361 2399 3418 fateretur.

1832 3451 1890 3505 P.
1928 3452 2017 3507 98.
2055 3452 2308 3507 Fatemur
2336 3455 2703 3521 temeritatem,
2735 3464 2783 3510 et
2819 3456 3020 3510 ueniam
3051 3456 3336 3525 poscimus.

1762 3540 1938 3600 Verba
1978 3557 2108 3601 sunt
2166 3544 2346 3612 Vecci,
2392 3550 2446 3602 in
2482 3548 2679 3618 quibus
2729 3549 2811 3603 vel
2864 3549 3041 3603 ironia
3088 3548 3337 3619 (premium

1759 3643 2099 3708 agnoscenda
2144 3640 2306 3694 tacita
2340 3648 2442 3706 est,
2477 3640 2558 3693 vel
2589 3641 2870 3710 permissio
2902 3642 3209 3697 necessaria
3238 3643 3339 3694 hn-

1762 3729 1892 3781 miui
1936 3744 2155 3783 causam
2188 3740 2452 3786 accusata:
2484 3732 2819 3787 calumniose
2842 3734 3160 3787 innocentia
3194 3731 3338 3800 apud

1761 3832 2161 3890 praeoccupatos
2197 3838 2380 3878 errore
2440 3823 2721 3878 incnrabili
2758 3825 2970 3894 judices
3008 3826 3209 3896 agenti.
3249 3822 3342 3877 νὶ-

1759 3914 1920 3985 debat
1959 3914 2047 3969 ille
2083 3930 2244 3970 ruere
2290 3915 2575 3971 inartifeste
2601 3928 2654 3973 et
2704 3918 3155 3987 inconsequenter
3190 3918 3337 3985 loqui

1760 4005 2145 4075 patriarcham,
2203 4009 2295 4061 sed
2328 4021 2393 4063 eo
2449 4008 2740 4077 supercilio
2774 4017 2834 4062 ut
2884 4023 2943 4063 se
2983 4010 3181 4063 revinci
3228 4024 3333 4063 non

1761 4110 2044 4164 passurum
2080 4105 2387 4168 appareret.
2424 4098 2644 4155 Frustra
2687 4098 2856 4169 igitur
2887 4100 3257 4163 contenderet,
3285 4100 3334 4153 si

1761 4189 2037 4245 vindicare
2058 4205 2088 4243 a
2118 4190 2386 4244 calumnia
2413 4191 2735 4259 nugaritatis
2763 4192 2995 4262 impacta
3026 4205 3337 4261 usquequa-

1761 4298 1866 4350 que
1902 4283 2259 4338 ortbodoxam
2310 4282 2541 4355 Nysseni
2579 4285 2877 4339 doctrinam
2915 4294 3248 4351 conaretur;
3282 4295 3337 4339 et

1761 4374 1978 4430 interim
2028 4377 2373 4432 occasionem
2423 4378 2667 4446 perderet
2702 4393 2761 4432 se
2792 4394 2855 4433 ac
2897 4394 3023 4432 suos
3056 4378 3125 4431 ab
3159 4382 3334 4431 haere-

1761 4483 1883 4525 seos
1925 4468 2147 4523 infamia
2186 4471 2471 4540 purgandi.
2519 4469 2942 4526 Usitatissimum
2978 4470 3219 4538 patronis
3251 4479 3333 4524 esi

1764 4578 1886 4618 reos
1923 4563 1975 4618 in
2003 4563 2206 4632 judicio
2231 4562 2661 4627 defendentihus,
2695 4575 2977 4633 postquam
3022 4565 3154 4616 satis
3192 4563 3333 4615 refu-

1686 4626 1737 4685 D
1764 4662 1947 4707 larunt
1972 4653 2409 4707 criminationem
2441 4654 2677 4723 aliquam
2713 4656 2891 4708 minus
2923 4655 2988 4708 ad
3025 4669 3135 4709 rem
3169 4655 3337 4724 perti-

1761 4755 1996 4811 nentem,
2024 4760 2089 4800 ea
2119 4761 2226 4800 non
2257 4748 2436 4814 agnita
2466 4748 2685 4817 quidem
2718 4763 2814 4816 pro
2839 4763 2983 4809 vera,
3012 4749 3101 4801 sed
3129 4748 3332 4802 omissa

1762 4837 1837 4891 uti
1871 4852 2060 4907 parum
2093 4840 2352 4905 curanda,
2396 4841 2602 4895 referre
2630 4856 2687 4895 se
2716 4842 2781 4894 ad
2826 4850 2985 4911 caput
3015 4855 3196 4895 causa:
3236 4844 3336 4895 hoc

1761 4940 1845 4986 aut
1882 4932 2049 4987 simili
2100 4948 2298 5003 genere
2334 4933 2592 5002 loquendi
2622 4948 2637 4987 :
2672 4952 2691 4986 ι
2735 4935 2932 4989 Verum
2982 4932 3052 4988 sit
3085 4934 3157 4988 ita
3206 4949 3338 4989 sane

1761 5033 1818 5079 ut
1850 5025 2014 5079 vultis
2050 5044 2063 5081 :
2104 5037 2285 5082 tamen
2319 5029 2398 5082 vel
2428 5028 2528 5082 boc
2555 5027 2718 5081 etiam
2749 5041 3015 5081 conces-o
3046 5036 3198 5081 extra
3225 5026 3339 5079 cnl-

1762 5134 1884 5189 pam
1917 5134 2036 5175 esse
2066 5120 2120 5176 in
2156 5136 2335 5177 causa:
2360 5123 2538 5193 capite
2571 5138 2748 5176 meum
2780 5131 3087 5192 susceptum
3120 5131 3282 5193 patet.
3314 5140 3332 5171 ι

1761 5212 1945 5268 Talem
1985 5216 2210 5272 omnino
2242 5231 2465 5271 sensum
2512 5217 2626 5271 hrec
2668 5214 2824 5270 Vecci
2853 5216 3013 5271 habet
3038 5217 3239 5280 oratio,
3280 5225 3338 5269 nt

1761 5314 1905 5367 clare
1936 5313 2254 5382 intelligitur
2283 5327 2347 5366 ex
2378 5312 2857 5381 consequentibus.

1835 5404 1893 5459 P.
1919 5403 2012 5460 99.
2036 5405 2293 5458 Alludens
2321 5404 2392 5457 ad
2416 5419 2604 5459 nomen
2630 5403 2802 5461 aliud.
2839 5405 3122 5473 Quodnam
3175 5403 3339 5458 fuerit

1762 5498 1890 5555 illud
1939 5498 2082 5553 aliud
2131 5513 2326 5555 nomen
2379 5497 2596 5570 Georgii
2638 5498 3083 5569 Moschamparis,
3139 5512 3205 5551 ne
3256 5493 3339 5550 Ill.

1763 5594 1982 5665 quidem
2012 5594 2248 5650 Allatius
2270 5596 2321 5649 in
2357 5595 2766 5651 accuratissima
2813 5597 2879 5650 de
2904 5593 3156 5665 Gcorgiis
3210 5591 3341 5645 Dia-

1766 5689 1905 5745 triba
1930 5689 2099 5744 multa
2144 5689 2210 5744 de
2242 5691 2344 5745 hoc
2384 5704 2692 5745 memorans
2732 5688 2929 5760 prodit.
2964 5688 3114 5742 Licet
3156 5687 3339 5755 suspi-

1763 5782 1875 5838 cari
1899 5798 1962 5837 ex
2000 5784 2208 5837 urbano
2256 5782 2351 5837 illo
2379 5782 2540 5836 Vacci
2580 5782 2745 5847 dicto,
2786 5779 2966 5850 φύλλα
3012 5796 3096 5841 τις
3142 5781 3339 5831 ἐπικα-

1766 5875 1964 5930 θίσασα
2006 5886 2108 5933 etc.
2141 5875 2375 5947 l‘syllum
2405 5875 2570 5934 fuisse
2624 5874 3085 5946 cognominatum.
3126 5871 3333 5927 Recitat

2502 5994 2507 5995 γ
2518 5984 2559 5997 ν
