3744 6558
489 317 601 384 803

496 523 653 576 modo
688 521 933 575 laudatus
964 518 1076 575 Leo
1114 518 1343 574 Allatius
1376 533 1497 573 cum
1526 515 1703 587 aliqua
1746 517 2060 571 diversitate

497 625 602 665 tam
640 611 690 663 in
731 619 988 665 contextu
1030 608 1220 664 Graeco
1268 626 1426 680 quam
1459 609 1511 662 in
1547 608 1740 662 Latina
1791 610 2061 676 interpre-

497 706 717 765 tatione,
749 702 904 771 cujus
955 701 1041 755 bic
1089 701 1382 754 admonere
1416 700 1670 755 lectorem
1721 698 1913 753 debeo.
1946 696 2061 753 lllic

495 795 661 864 igitur
692 794 777 847 illa
809 792 968 847 verba
984 791 1168 862 ψύλλα
1190 806 1275 855 τις
1301 801 1582 847 vertuntur
1605 789 1754 847 cules:
1780 790 2058 860 quispiam.

495 884 751 953 Suspicor
779 884 1035 938 mendum
1070 884 1383 955 typotbetae,
1415 882 1505 952 qui
1537 898 1563 935 ο
1604 898 1700 952 pro
1728 899 1760 950 ρ
1811 882 1861 935 in
1896 880 2063 951 priori

497 977 756 1029 vocabulo
791 975 1050 1041 posuerit,
1085 973 1439 1042 faciliutique
1461 974 1635 1043 lapsu,
1669 973 1878 1044 qualem
1917 989 2065 1026 ama-

495 1069 782 1123 nuensium
822 1065 903 1140 [Ρ.
939 1064 1067 1139 529]
1103 1068 1296 1123 eruditi
1331 1075 1630 1137 agnoscunt
1658 1066 1713 1120 in
1758 1067 1878 1122 loco
1902 1063 2062 1120 Plinii

494 1161 533 1214 l.
569 1176 686 1225 xix,
735 1173 786 1213 c.
835 1157 946 1214 to:
984 1157 1156 1228 Napis
1197 1158 1410 1222 culices,
1463 1167 1592 1223 etc.,
1646 1158 1734 1212 ub’i
1768 1173 1836 1213 ex
1882 1158 2064 1212 Tbeo-

494 1250 738 1319 phrasin,
771 1265 931 1319 quem
960 1249 1321 1316 describebat,
1365 1251 1561 1319 pulices
1602 1260 1793 1304 auctor
1819 1251 1936 1304 sine
1963 1250 2065 1305 du-

498 1344 586 1397 bio
615 1354 894 1412 posuerat.
928 1342 1034 1397 Sed
1061 1353 1359 1398 memoratu
1411 1343 1623 1413 dignior
1649 1344 1701 1398 in
1734 1342 1937 1399 Graecis
1970 1359 2064 1395 va-

498 1436 667 1489 rietas
697 1443 801 1489 est.
840 1432 943 1489 Ubi
980 1434 1123 1488 enim
1169 1434 1469 1490 clarissime
1503 1435 1670 1488 codex
1716 1434 2065 1501 Barberinus,

498 1524 697 1579 fundus
743 1536 945 1580 nostra:
992 1525 1268 1589 editionis,
1314 1525 1474 1579 habet
1504 1524 1618 1578 οὔτ’
1663 1526 1913 1597 ὰνασπᾷν
1942 1525 2066 1581 οὔτε

498 1618 791 1689 κατασπᾷν
837 1619 950 1686 ἔχει
1000 1615 1099 1687 τὴν
1144 1617 1419 1686 πείρινθα.
1452 1616 1538 1670 lli.
1592 1615 1842 1680 Allatius,
1877 1616 1959 1671 vel
2002 1633 2064 1673 ex

497 1710 719 1781 proprio
749 1710 959 1775 codice,
1001 1723 1163 1778 quem
1200 1709 1266 1762 ad
1296 1722 1513 1762 manum
1545 1709 1702 1762 modo
1735 1723 1842 1762 non
1877 1710 2066 1772 habeo,

497 1801 583 1856 vel
608 1817 673 1856 ex
705 1802 1010 1872 conjectura
1045 1801 1173 1870 legit
1205 1801 1304 1871 τὴν
1333 1798 1617 1870 μήρινθον.
1649 1798 1924 1855 Arbitrum
1953 1800 2065 1854 dis-

499 1894 786 1961 crepantia:
831 1895 1076 1948 codicum
1139 1893 1368 1947 duorum
1419 1892 1737 1946 Vaticanum
1792 1891 2068 1960 exemplar

496 1976 699 2038 ierrem
727 2000 741 2038 :
769 1984 864 2039 sed
896 1983 940 2038 is
970 1994 1253 2054 utramque
1287 1984 1433 2038 illam
1462 1985 1652 2040 vitavit
1684 1998 1890 2047 vocem,
1925 1982 2068 2037 hunc

502 2073 679 2128 locum
712 2073 789 2128 sic
821 2073 1129 2142 exprimens
1161 2073 1346 2129 :‘i’l).a
1374 2074 1628 2143 (scribere
1673 2074 1839 2128 voluit
1873 2071 2069 2143 ψύλλα)

499 2183 585 2231 τις
614 2165 911 2221 ιπεκὰθισε
971 2167 1048 2238 τῷ
1078 2167 1179 2237 τῆς
1215 2167 1432 2238 ἀμάξης
1456 2168 1635 2238 ῥυμῷ,
1667 2169 1791 2239 ἥτις
1816 2166 1943 2221 οὔτε
1978 2167 2075 2236 βά-

502 2275 597 2330 ρος
626 2260 782 2332 φέρει
817 2261 884 2330 τῇ
918 2259 1103 2331 ἁμάξῃ
1135 2259 1261 2313 οὔτε
1294 2259 1402 2330 μὴν
1448 2261 1684 2331 ἐλαφρόν
1715 2276 1769 2313 τι
1802 2262 1897 2313 καὶ⁵
1940 2258 2071 2314 κοῦ-

502 2368 628 2420 φον,
659 2355 937 2408 verbosius
959 2367 1120 2422 quam
1165 2353 1522 2409 breviatoretn
1557 2355 1755 2419 decuit,
1806 2368 1904 2408 nec
1932 2352 2073 2407 mul-

505 2454 617 2499 tum
682 2446 975 2516 eleganter.
1039 2445 1150 2515 Ego
1201 2460 1299 2500 cur
1359 2447 1675 2515 abrogarem
1745 2446 1901 2499 fidem
1954 2460 2075 2499 meo

503 2539 802 2608 archetypo
832 2553 1047 2593 causam
1081 2554 1186 2593 non
1222 2537 1409 2601 habui,
1438 2553 1561 2593 eum
1587 2539 1753 2607 proba
1784 2549 1838 2591 et
1866 2535 2078 2609 Pachy-

472 2646 652 2691 .tnere
686 2635 841 2699 digna
882 2632 1127 2685 videatur
1163 2631 1278 2686 haec
1328 2631 1506 2699 lectio,
1559 2640 1744 2701 utpote
1786 2647 1945 2699 quam
1977 2649 2075 2701 ap-

504 2731 694 2790 pareat
712 2725 925 2776 ductam
948 2737 1013 2775 ex
1039 2721 1272 2777 Homero
1296 2723 1462 2777 Iliad.
1504 2741 1549 2775 ω
1571 2741 1584 2777 :
1613 2722 1817 2789 Ἀὐτὰρ
1840 2723 1922 2792 ὅγ’
1949 2719 2074 2788 υἷας

506 2814 721 2883 ἄμαξαν
742 2815 999 2884 ἐΰτροχον
1022 2815 1306 2885 ἡμιονείην
1327 2817 1543 2869 ὁπλίσαι
1573 2815 1793 2886 ἠνώγει,
1824 2817 2077 2887 πείρινθα

504 2905 561 2958 δὲ
595 2904 756 2974 δῆσαι
791 2905 877 2957 ἐπ’
927 2908 1121 2976 αὐτῆς,
1154 2916 1207 2960 et
1258 2908 1447 2979 Odyss.
1495 2926 1560 2962 0:
1613 2909 1723 2961 Καὶ
1772 2909 1837 2963 τὰ
1872 2909 1971 2980 μὲν
2021 2910 2079 2974 ἐς

508 2996 760 3069 πείρινθα
785 2999 926 3052 τίθει
965 3000 1349 3072 Πεισίστρατος
1373 3001 1545 3073 ἣρως.
1574 3002 1807 3068 Quorum
1835 3001 2075 3056 locorum

507 3089 573 3142 ad
606 3093 837 3158 priorem
866 3091 1182 3148 Eustathius
1223 3094 1376 3148 docet
1407 3094 1664 3164 πείρινθα
1699 3094 1800 3148 dici
1843 3095 1903 3146 τδ
1928 3095 2032 3147 πλυ

2182 3108 2473 3161 exstarent,
2519 3096 2707 3168 quibus
2760 3093 2829 3146 ad
2871 3101 3161 3146 extremum
3210 3086 3539 3141 annectebant
3571 3085 3673 3138 obii-

508 3181 623 3234 οἱον
650 3182 711 3233 τὸ
754 3183 865 3236 ἄνω
893 3183 993 3252 τῆς
1035 3183 1274 3253 ἀμάξης,
1306 3184 1442 3237 ὅπου
1480 3186 1549 3236 τὰ
1577 3185 1776 3255 φορτία
1812 3184 2080 3240 ἐπιτίθεν-

507 3289 620 3335 ται,
646 3273 710 3325 ad
744 3274 1092 3342 posteriorem
1124 3286 1303 3329 autem
1334 3276 1463 3346 :Ei'q
1501 3276 1548 3329 δ’
1577 3276 1640 3330 ἂν
1685 3277 1939 3347 πείρινθα
1984 3280 2079 3332 καὶ

507 3363 541 3433 ἠ
579 3363 683 3431 πρὸ
715 3362 907 3415 τούτου
954 3361 1184 3433 ρηθεῖσά
1213 3380 1314 3416 που
1360 3364 1659 3433 ὑπερτερία
1696 3365 1787 3416 ἐπὶ
1811 3362 1911 3432 τῆς
1936 3366 2076 3418 κατὰ

507 3453 605 3526 τὴν
653 3455 976 3508 Ναυσικάαν
1022 3456 1260 3526 ἁμάξης,
1291 3458 1427 3525 ὅπερ
1468 3458 1517 3510 οἱ
1569 3456 1796 3529 ὕστερον
1838 3458 2079 3527 ὲσχάραν

507 3550 790 3606 καλοῦσιν.
818 3549 897 3605 Ex
926 3551 1123 3620 quibus
1158 3552 1413 3605 habemus
1446 3550 1697 3622 πείρινθα
1727 3553 1905 3605 vocari
1934 3552 2079 3606 locu-

510 3643 619 3697 lum
660 3653 751 3697 aut
776 3644 965 3699 cistam
1010 3644 1122 3699 sive
1153 3658 1371 3712 capsum
1404 3645 1691 3712 quamdam
1728 3643 1913 3699 formae
1944 3660 2081 3714 qua-

510 3736 679 3789 drata:
708 3735 957 3789 curribus
985 3736 1181 3805 imponi
1224 3736 1436 3790 solitam
1468 3737 1745 3805 capiendis
1773 3739 1931 3791 rebus
1962 3753 2081 3807 qua:

509 3828 768 3882 vehenda:
804 3828 932 3891 sint,
967 3828 1301 3899 ὑπερτερίαν
1329 3839 1384 3882 et
1425 3830 1665 3900 ἐσχάραν
1705 3829 1826 3883 aliis
1856 3830 2078 3885 dictam.

510 3919 667 3975 Unde
696 3921 848 3985 satis,
901 3920 1109 3988 opinor,
1149 3920 1456 3975 defenditur
1496 3931 1679 3975 nostra
1730 3930 1783 3975 et
1831 3920 1989 3976 lectio
2029 3928 2083 3975 et

510 4011 708 4066 versio.
751 4010 859 4066 Nec
898 4013 1077 4066 obstat
1116 4013 1255 4082 quod
1305 4012 1467 4067 verba
1517 4013 1772 4083 ἁνασπᾷν
1810 4022 1864 4067 et
1911 4030 2083 4067 κατα-

512 4106 655 4175 σπᾷν
676 4104 846 4173 magis
877 4104 1169 4160 convenire
1191 4104 1476 4158 videantur
1503 4104 1755 4175 μηρίνθῳ
1777 4105 1894 4173 filiai
1922 4121 2081 4173 quam

509 4196 750 4265 πείρινθι
803 4196 1031 4265 plaustri
1070 4194 1243 4249 cistte.
1300 4194 1411 4248 Etsi
1448 4195 1589 4249 enim
1640 4194 1882 4249 trahendi
1935 4196 2083 4250 notio

507 4303 575 4342 es
610 4289 817 4357 origine
864 4288 996 4355 ipsis
1045 4287 1185 4342 inest
1230 4287 1612 4354 congruentior
1652 4286 1766 4341 l‘utii
1804 4288 2084 4341 tractionis

508 4380 885 4442 instrumento,
911 4388 1090 4432 tamen
1117 4393 1223 4432 non
1243 4380 1419 4433 minus
1443 4377 1696 4447 frequens
1731 4388 1815 4433 est
1857 4380 2083 4434 istorum

509 4473 794 4525 verborum
822 4485 950 4525 usus
973 4470 1039 4524 ad
1074 4469 1479 4539 signiﬁcandam
1514 4470 1942 4541 depressionem,
1963 4485 2080 4537 quae

510 4563 568 4617 lit
587 4561 947 4632 aggravando,
969 4573 1059 4613 aut
1079 4560 1524 4623 sublevationem,
1544 4577 1662 4629 qua:
1685 4563 1743 4615 lit
1793 4561 2081 4615 minuendo

512 4656 741 4726 pondus.
769 4654 1040 4711 Utscnsus
1062 4654 1152 4708 hic
1174 4653 1266 4718 sit,
1301 4654 1530 4723 pulicetn
1564 4654 1885 4710 insidentem
1908 4663 2083 4709 tracto

512 4763 634 4801 cum
669 4747 872 4816 impetu
911 4746 1091 4799 currui
1126 4761 1224 4799 nec
1248 4748 1447 4801 addere
1492 4762 1589 4801 nec
1622 4748 1904 4801 detrahere
1932 4745 2087 4815 quid-

514 4853 672 4907 quam
704 4837 911 4899 oneris,
942 4839 1035 4890 sed
1080 4837 1300 4906 perinde
1340 4836 1544 4891 habere
1574 4852 1637 4891 ac
1671 4842 1714 4890 si
1768 4853 1873 4891 non
1913 4845 2081 4891 esset.

582 4930 645 4987 P.
682 4929 805 4984 100.
841 4910 1053 4983 Volo-et
1078 4929 1220 4983 vobis
1257 4930 1565 4993 orthodoxe,
1605 4937 1712 4983 etc.
1744 4927 1848 4983 Per
1880 4918 2082 4999 hyper-

511 5020 689 5076 bolem
724 5021 838 5076 haec
872 5021 975 5075 dici
1017 5020 1345 5076 credendum
1375 5032 1479 5085 est,
1514 5032 1568 5074 et
1616 5035 1678 5075 ea
1713 5021 1912 5075 ﬁducia
1954 5036 2082 5088 qua,

513 5116 556 5170 si
594 5114 781 5168 liereut
811 5131 931 5184 qua:
963 5114 1077 5169 ﬁeri
1115 5130 1219 5168 non
1254 5130 1409 5183 posse
1434 5115 1523 5185 qui
1553 5113 1787 5182 loquitur
1812 5113 2082 5183 intelligit,

514 5207 562 5261 is
606 5223 667 5261 se
719 5209 864 5260 dura:
929 5207 1164 5276 cuipiam
1205 5205 1391 5275 objicit
1455 5207 1773 5261 conditioni.
1839 5206 2081 5260 Similent

512 5299 799 5369 quamdam
829 5299 1071 5352 nonnulli
1099 5299 1416 5367 interpretes
1436 5299 1736 5369 appingunt
1756 5298 2083 5352 sententiam

516 5391 621 5444 illis
652 5389 814 5445 Musis
843 5400 895 5443 et
928 5387 1078 5443 Pauli
1111 5388 1291 5443 verbis
1329 5403 1345 5443 :
1383 5388 1602 5443 Dimitte
1646 5389 1756 5443 illis
1779 5427 1794 5454 ,
1839 5399 1935 5444 aut
1967 5389 2085 5445 dele

515 5485 672 5537 mede
698 5485 831 5539 libro
852 5483 1051 5555 (Exod.
1083 5499 1215 5547 χιιι,
1240 5483 1360 5555 3‘2);
1391 5495 1445 5539 et
1476 5502 1490 5539 :
1521 5485 1778 5552 Optabam
1806 5485 2084 5542 anathema

514 5591 623 5628 esse
646 5593 676 5629 α
718 5575 923 5630 Christo
953 5592 1049 5645 pro
1072 5574 1325 5644 fratribus
1358 5578 1485 5631 meis
1528 5575 1705 5646 (Rom.
1740 5594 1817 5642 ιχ,
1844 5579 1926 5649 3).

588 5668 751 5741 742
813 5668 1176 5738 Snpplendmn
1224 5668 1310 5723 hic
1364 5671 1505 5736 quod
1547 5670 1840 5726 historicus
1883 5672 2088 5725 diserte

517 5775 624 5821 ltOu
670 5762 941 5832 exprimit,
980 5760 1245 5833 perlatum
1284 5778 1311 5816 a
1340 5761 1705 5819 schismaticis
1734 5763 1799 5819 de
1830 5760 2007 5819 Vccco
2033 5771 2086 5820 et

1411 310 1479 377 ι).
1523 310 1829 375 POSSINI
1869 306 2523 389 OBSERVATIONUM
2559 278 2709 373 Lm.
2752 307 2840 372 ιι.
3552 324 3624 387 εκ

492 428 637 486 hunc
665 428 820 500 741
854 426 1027 482 locum
1055 442 1109 499 p.
1144 423 1249 481 569
1275 422 1432 480 editae
1456 425 1523 480 de
1551 424 1797 495 Georgiis
1817 422 2063 479 diatriba:
2092 428 2136 482 Δ
2163 423 2327 478 sociis
2351 422 2610 493 judicium
2636 439 2653 489 ;
2689 429 2853 490 atque
2894 420 2996 474 hoc
3025 416 3193 487 ipsum
3224 419 3527 491 colloquium,
3546 445 3626 486 cum

2490 174 2493 175 ν
2505 166 2533 181 κ

2161 526 2346 571 secuta
2374 529 2589 571 reorum
2621 516 2929 570 auditorum
2964 512 3417 574 condemnatione.
3439 526 3626 589 synodum

2162 616 2432 672 vocatam,
2462 622 2621 676 cupis
2650 618 2771 662 acta
2804 605 3073 676 publicata
3104 606 3205 660 rite
3228 605 3353 662 sint.
3386 605 3526 678 Hujus
3546 631 3631 681 qus.

2163 697 2445 767 lis'cunque
2498 698 2688 770 synodi
2727 696 3005 766 exemplar
3045 695 3318 764 antiquum
3349 701 3633 763 nactusisco—

2164 792 2268 847 bus
2323 791 2644 847 Sirmondus
2674 802 2885 856 noster,
2931 792 2984 845 id
3034 793 3437 848 communicavit
3474 794 3634 856 Henrico

2161 879 2457 948 Spondano
2499 878 2751 949 episcopo
2788 879 3123 948 Apamiensi,
3166 880 3260 949 qui
3310 896 3537 938 summam
3559 888 3636 959 eis:

2164 974 2384 1027 exhibet
2422 972 2476 1025 in
2519 988 2614 1027 sua
2648 972 3055 1028 continuatione
3089 973 3372 1027 Annalium
3406 976 3639 1040 Baroniiad

2167 1080 2367 1119 annum
2399 1064 2555 1129 1285,
2579 1081 2635 1118 n.
2670 1066 2757 1120 10.
2785 1063 2992 1119 Dicitur
3016 1065 3125 1120 illic
3157 1065 3261 1121 ista
3286 1071 3495 1137 synodus
3518 1072 3641 1130 habit:

2166 1160 2266 1215 sub
2296 1158 2606 1213 Andronico
2661 1154 2964 1227 Palseologo
3009 1158 3336 1228 imperatore
3370 1169 3420 1213 et
3458 1162 3644 1233 Gregorio

2167 1250 2476 1318 patriarcha
2503 1259 2692 1305 contra
2721 1246 2986 1305 Joannem
3020 1244 3258 1304 Veccum
3288 1260 3344 1304 et
3361 1252 3502 1320 hujus
3525 1259 3646 1315 socios

2167 1340 2579 1396 Caristantinum
2638 1339 2997 1396 Melitenioten
3040 1349 3094 1395 et
3143 1338 3427 1409 Georgium
3464 1343 3647 1403 Hetochi.

2165 1437 2301 1494 tam,
2346 1431 2438 1500 qui
2475 1428 2791 1487 Latinorum
2851 1434 3041 1500 dogma
3074 1433 3139 1487 de
3182 1435 3510 1502 processione
3531 1437 3648 1507 Spiri-

2169 1532 2256 1577 tus
2297 1521 2468 1576 sancti
2516 1522 2912 1589 protitebantur
2970 1524 3039 1577 ab
3072 1522 3233 1578 annis
3285 1533 3422 1578 octo.
3459 1524 3577 1584 llunc
3603 1531 3648 1586 ibi

2171 1632 2451 1670 numerum
2479 1616 2609 1670 Acta
2636 1617 2825 1687 synodi
2852 1616 3185 1685 esprimunt,
3226 1630 3294 1670 ex
3322 1632 3421 1684 quo
3442 1618 3560 1675 illam
3582 1623 3649 1680 hoc

2173 1725 2317 1763 anno
2346 1708 2677 1763 celebratam
2730 1708 3015 1774 evincitur,
3056 1708 3169 1775 qui,
3210 1718 3270 1762 ut
3295 1707 3426 1764 libro
3449 1714 3652 1769 tertioha-

2174 1818 2290 1857 rum
2342 1800 2831 1861 Observationum,
2866 1815 2915 1855 c.
2967 1802 3024 1863 ‘2,
3069 1800 3555 1866 demonstrabimus,
3574 1820 3654 1864 rere

2168 1906 2393 1953 octavus
2419 1900 2503 1946 est
2528 1891 2596 1945 ab
2619 1891 2755 1946 inito
2784 1906 2812 1944 a
2842 1887 3017 1945 Vecco
3041 1891 3413 1961 patriarcbatu
3435 1901 3484 1946 et
3508 1909 3653 1963 recepta

2178 1987 2353 2060 palam
2383 1983 2549 2055 (quod
2573 1983 2672 2038 sub
2702 1982 2842 2037 idem
2864 1992 3074 2051 tempus
3095 1983 3348 2053 contigit)
3365 1981 3659 2041 Constantino-

2172 2079 2277 2151 poli
2330 2076 2711 2133 communione
2762 2090 2888 2131 cnm
2921 2073 3169 2130 Ecclesia
3222 2073 3474 2129 Romana.
3521 2073 3709 2151 Deindel

2174 2177 2476 2224 memorant
2542 2167 2732 2223 eadem
2816 2168 2948 2221 Acta
3009 2166 3409 2237 pseudosynodi
3472 2163 3659 2227 Joannem

3649 2018 3660 2134 ζ

3649 2187 3712 2259 'l

3649 2380 3662 2501 ζ

3649 2536 3664 2609 l

3649 2654 3723 2810 ἐι

2173 2262 2409 2318 Veccutn
2453 2261 2563 2331 jam
2600 2268 2725 2315 ante
2752 2259 2823 2314 ob
2848 2259 3093 2314 eamdem
3138 2274 3365 2313 causam
3399 2256 3541 2314 fuisse
3563 2260 3661 2315 dam-

2171 2363 2360 2410 natum
2390 2354 2443 2407 in
2471 2353 2701 2418 quadam
2750 2349 3059 2407 Graecorum
3102 2352 3316 2422 synodo
3343 2368 3358 2417 ;
3388 2367 3527 2420 quam
3553 2367 3662 2421 appa-

2172 2455 2257 2502 ret
2280 2462 2398 2501 eam
2435 2461 2557 2499 esse
2588 2444 2743 2514 cujus
2775 2442 3021 2498 meminit
3049 2452 3261 2509 noster,
3309 2460 3361 2513 p.
3390 2444 3471 2500 3i.
3509 2444 3609 2498 Nam
3631 2448 3659 2501 it

2174 2553 2236 2596 ea
2292 2537 2479 2591 dicunt
2515 2531 2746 2591 Veccum
2792 2532 3022 2589 libellum
3062 2534 3437 2604 resipiscentia:
3489 2533 3664 2609 [P.530]

2175 2628 2442 2691 obtulisse,
2480 2641 2583 2697 quo
2620 2625 2985 2696 acquiescebat
3028 2623 3370 2679 damnationi
3416 2640 3474 2677 ac
3523 2626 3665 2694 depono

2173 2721 2307 2777 tioni
2336 2735 2468 2775 sate.
2504 2718 2595 2773 Sic
2639 2718 2893 2771 nimirum
2953 2716 3249 2786 appellant,
3278 2732 3435 2787 quam
3477 2726 3668 2770 extortam

2178 2815 2253 2870 ibi
2278 2811 2475 2880 ,Vecco
2505 2811 2864 2881 Pacbymeres
2893 2818 3080 2863 narrat
3134 2808 3551 2878 subscriptionem
3570 2825 3666 2862 cost-

2179 2915 2334 2984 positi
2359 2912 2543 2970 libelli.
2571 2928 2673 2982 quo
2704 2908 2964 2981 professio
2990 2916 3144 2961 recite
3173 2903 3310 2974 fidei
3338 2901 3673 2972 conjungebatsr

2180 3024 2299 3063 cum
2329 3007 2637 3062 amolitione
2682 3002 3065 3071 suspicionum,
3116 2999 3160 3052 si
3187 3014 3311 3068 quia
3342 2996 3396 3048 in
3424 2996 3673 3048 contrarian

3702 2940 3717 3109 l

3706 3150 3717 3181 ι
3730 3164 3731 3177 l

2181 3193 2438 3246 rationem
2461 3187 2762 3243 sacerdotii.
2795 3183 3051 3255 Adiungit
3080 3178 3516 3251 pseudOsynodus
3533 3174 3675 3231 codicis

2182 3200 2438 3246 rationem
2461 3200 2762 3243 sareraom.
2795 3200 3051 3255 Atqungit
3080 3200 3516 3251 pseuiwsynoous
3533 3200 3675 3231 comm
3728 3242 3731 3249 η

2182 3279 2551 3338 Sirmondiani
2581 3276 2815 3333 Veccum
2852 3286 3037 3346 postea
3075 3273 3128 3327 in
3159 3272 3398 3341 priorem
3429 3200 3733 3345 sententiam

2184 3374 2431 3429 rediisse.
2467 3369 2524 3426 Id
2556 3385 2686 3424 vero
2746 3367 2973 3437 negabat
3023 3362 3255 3426 Vcccus,
3313 3362 3402 3430 qui
3444 3375 3503 3415 eo
3541 3359 3677 3426 scripto

2182 3480 2242 3520 se
2277 3478 2561 3518 revocasse
2589 3462 2747 3515 tidem
2780 3458 2931 3528 prius
2952 3462 3354 3528 propugnatam
3391 3468 3486 3506 non
3505 3450 3673 3505 credide-

2180 3566 2291 3622 rat,
2323 3558 2415 3612 sed
2471 3566 2684 3609 tantum
2719 3552 2981 3620 temporis
3034 3562 3198 3603 causa
3264 3547 3459 3600 throno
3497 3544 3675 3598 cessisse.

2186 3650 2442 3720 Sequitur
2467 3647 2576 3702 illic
2607 3643 2885 3700 sententia
2916 3637 3401 3698 contlemnatinnis
3429 3638 3479 3691 in
3512 3635 3678 3691 Veccun

2183 3750 2238 3798 et
2272 3742 2406 3797 duos
2428 3741 2544 3810 ejus
2590 3739 2768 3793 socios
2802 3737 2946 3799 latae,
2981 3750 3104 3790 cum
3145 3730 3481 3788 refutatione
3515 3729 3679 3799 capitum

2186 3834 2447 3889 docti-inre
2482 3832 2691 3885 illorum
2721 3831 2786 3883 de
2813 3828 3017 3896 Spiritu
3053 3834 3270 3889 sancto.
3300 3834 3357 3879 et
3392 3827 3563 3879 iterata
3588 3825 3683 3877 dete-
3712 3825 3727 3863 i

2185 3926 2419 3982 statione
2449 3924 2604 3978 facta
2623 3920 3023 3977 conciliationis
3046 3919 3431 3975 Ecc'esiarum
3466 3915 3627 3973 Graece
3646 3929 3684 3967 ac

2185 4018 2409 4081 Latinae,
2451 4032 2615 4088 quam
2652 4013 3046 4083 πεπλασμένην
3075 4011 3393 4082 οίκονομίαν
3417 4012 3503 4063 καὶ
3527 4008 3685 4080 εἰρήνην

2187 4112 2457 4183 πολεμίαν
2499 4119 2711 4164 vocant.
2749 4107 3033 4162 Adduntur
3058 4106 3111 4160 in
3150 4106 3260 4159 line
3305 4103 3686 4173 subscriptiones,

2188 4206 2363 4276 primo
2390 4202 2735 4274 imperatoris
2762 4199 2941 4254 rubris
2965 4198 3183 4261 litteris,
3215 4197 3539 4251 Andronicus
3556 4195 3597 4247 in
3620 4191 3687 4245 Dea

2186 4298 2355 4368 ﬁdelis
2403 4311 2493 4349 rex
2539 4304 2588 4349 et
2617 4294 2906 4360 imperator
2961 4291 3138 4344 Ducas
3174 4290 3411 4359 Angelus
3463 4285 3688 4343 Comensi

2188 4385 2550 4453 Palirologns,
2600 4382 2795 4435 deinde
2840 4378 3180 4449 patriarchae,
3218 4375 3502 4447 Gregorius
3546 4373 3689 4426 miseri-

2185 4479 2365 4533 cordia
2404 4476 2498 4529 Dei
2534 4474 2768 4541 arcltiep.
2805 4471 2867 4527 C.
2904 4469 2970 4526 Ρ.
3002 4487 3146 4524 nocte
3179 4468 3362 4523 Roma:
3388 4478 3435 4522 et
3477 4463 3688 4521 iaculatri-

2187 4589 2278 4625 cus
2312 4570 2638 4638 patriarcha.
2679 4564 3040 4621 Subscribunt
3071 4563 3194 4618 imle
3223 4563 3297 4616 42
3331 4561 3572 4631 episcopi,
3598 4574 3689 4623 qtto-

2188 4679 2303 4715 runt
2354 4662 2558 4729 primus
2608 4655 2942 4711 estloannes
2979 4654 3318 4723 Ephesinus,
3369 4665 3422 4706 et
3449 4668 3477 4707 e
3511 4653 3629 4706 clero
3656 4650 3689 4699 in

2187 4753 2445 4820 dignitate
2504 4748 2786 4804 constituti
2852 4746 3046 4816 viginti
3126 4754 3270 4801 octo.
3326 4744 3497 4800 Locus
3547 4742 3690 4814 Synoli

2186 4845 2420 4899 omissus
2455 4858 2509 4897 tn
2548 4842 2732 4896 codice
2763 4838 3065 4904 Sirmondi,
3130 4839 3252 4900 fuit,
3285 4848 3345 4891 ut
3399 4837 3690 4907 Pat'ltymercs

2186 4936 2361 4999 docet,
2400 4933 2711 4987 Alexiacum
2758 4931 3057 4987 triclinium
3105 4931 3157 4985 in
3204 4929 3409 4999 palatio
3447 4926 3689 4983 Constanti-

2187 5027 2528 5094 nopolitano.

2260 5119 2320 5172 P.
2354 5118 2479 5175 109.
2505 5115 2674 5172 Sacra
2724 5112 3071 5184 Hoyrlothera.
3112 5112 3210 5168 ilic
3253 5112 3410 5176 liber,
3443 5112 3570 5181 quod
3594 5108 3692 5161 scire

2188 5212 2456 5267 hactenus
2501 5209 2767 5278 potuerim
2792 5248 2808 5272 ,
2849 5223 2958 5262 non
3007 5215 3215 5262 exstat.
3244 5206 3504 5262 Collectio
3530 5203 3627 5265 fuit,
3657 5205 3693 5251 ut

2189 5313 2443 5375 apparet,
2477 5302 2916 5357 testimoniorum
2952 5315 2983 5355 e
3013 5298 3287 5362 Patribus,
3314 5313 3411 5370 per
3438 5313 3546 5367 qua:
3567 5297 3695 5362 impu-

2189 5396 2343 5468 gnari
2373 5406 2426 5447 et
2452 5395 2700 5449 convinci
2737 5394 2968 5448 haereses
3024 5401 3264 5461 possent,
3315 5407 3485 5461 eaque
3539 5399 3693 5442 διηπειιὲ

2187 5504 2319 5545 cura
2355 5496 2410 5542 ct
2438 5488 2541 5542 (ide
2568 5486 2710 5541 facta
2736 5503 2752 5554 ;
2781 5486 2925 5540 unde
2949 5485 3027 5540 illi
3066 5486 3224 5554 vulgo
3275 5486 3599 5555 prarjudicata
3637 5479 3692 5529 in-

2188 5580 2501 5636 dubitabilis
2545 5578 2705 5651 743
2761 5578 3037 5633 ﬁdelitatis
3090 5581 3387 5633 auctoritas
3446 5570 3694 5630 adbassetit.

2187 5672 2267 5728 Ex
2314 5686 2379 5727 eo
2429 5673 2572 5740 quod
2625 5672 2784 5741 paulo
2840 5680 2965 5742 post
3009 5672 3115 5726 hoc
3163 5670 3283 5725 loco
3334 5681 3634 5724 memoratur
3663 5662 3696 5715 ei

2189 5765 2335 5843 operi
2369 5774 2569 5820 attesta
2602 5765 3001 5835 exceptiuncula
3047 5763 3297 5821 Comneni
3344 5760 3588 5818 .ilanuelis
3619 5758 3700 5810 As-
