3856 6564
98 322 198 389 805

1543 312 1785 377 NOTAE.

3213 303 3319 372 836

103 440 230 517 gusti
257 435 616 493 submonentis
640 430 911 505 quippiam
947 434 1014 487 ad
1038 430 1363 487 sententiam
1395 428 1468 485 ibi
1500 428 1641 483 reci-
1674 436 1714 489 Α
1744 420 2116 517 Scholastieus
2164 416 2799 517 ineuscheme-{attinens
2847 418 3172 517 monachus.
3209 419 3319 475 Ma-

107 546 253 587 tatam
305 529 363 584 S.
415 526 650 583 Joannis
716 524 1036 581 Damasceni
1103 523 1402 594 pertinens,
1453 521 1646 576 oborta

103 626 218 680 mihi
244 620 478 690 suspicio
509 622 753 690 quadam
785 628 893 680 est,
922 631 1082 687 quam
1118 631 1239 669 meo
1273 613 1515 683 periculo
1558 612 1646 665 hic

96 725 344 778 exponam
387 708 620 776 jndiciis
673 707 939 760 lectorum
988 706 1347 758 eruditorum.
1403 703 1540 769 Quid
1598 700 1647 754 si

100 800 340 859 Ilanuelis
384 799 655 855 Gomueni
697 800 853 868 jussu
906 797 1255 864 compilatam
1310 804 1365 850 et
1427 796 1648 848 nomine

98 895 278 949 editam
312 904 665 947 aututuemus
696 890 1022 961 farraginem
1058 890 1214 943 istam
1253 888 1646 942 sententiarum

96 987 319 1050 Patrum,
352 1000 474 1055 quae
515 1000 616 1054 pro
650 983 1077 1037 armamentario
1102 997 1221 1037 esse
1247 988 1429 1051 posset
1460 983 1652 1032 catho-

99 1080 204 1132 licis
234 1078 499 1147 theologis
542 1087 612 1132 ad
642 1076 1002 1131 heterodosos
1054 1072 1484 1145 impugnandos?
1507 1070 1650 1126 Sane

100 1171 203 1227 talia
230 1170 451 1226 curandi
486 1169 692 1223 avitum
726 1168 1032 1238 exemplum
1069 1167 1282 1222 Mannel
1311 1168 1521 1229 habuit,
1554 1181 1648 1221 ne-

99 1258 187 1331 pos
222 1264 407 1330 utique
466 1260 826 1329 imperatoris
888 1260 1062 1313 Alexii
1119 1258 1410 1323 Comneni,
1479 1277 1646 1332 quem

99 1353 247 1424 ipsius
281 1353 418 1418 lilia,
449 1351 720 1406 Manuelis
752 1353 915 1405 amita
947 1353 1100 1406 Anna
1137 1364 1407 1409 memorat
1433 1354 1651 1409 Alesia-

101 1449 168 1501 dis
200 1446 234 1499 L
262 1462 352 1510 xv,
414 1461 472 1515 p.
516 1444 625 1499 490
666 1445 755 1500 ed.
801 1443 932 1514 Reg.
968 1461 1191 1501 curasse
1223 1462 1358 1516 opus
1397 1448 1648 1515 compooi

98 1547 144 1592 et
190 1536 265 1589 edi
299 1537 614 1604 argumenti
663 1546 829 1605 atque
882 1553 1010 1592 usus
1049 1552 1154 1590 non
1200 1538 1496 1593 absimilis.
1531 1537 1647 1593 Non

100 1631 185 1683 erit
224 1630 315 1684 abs
346 1645 404 1684 re
433 1631 605 1683 verba
644 1630 731 1684 hic
767 1634 934 1683 Annae
962 1646 1162 1700 ponere
1182 1631 1335 1701 juxta
1380 1631 1650 1701 interpre-

106 1722 331 1776 tationem
358 1730 635 1777 nostratn.
669 1720 771 1777 Ubi
806 1723 916 1791 egit
948 1722 1067 1777 fuse
1092 1725 1157 1777 de
1189 1723 1388 1779 Basilio
1412 1726 1647 1794 quodam

1749 517 1927 570 ximus
1970 513 2302 582 Margnnius,
2334 510 2550 567 Gabriel
2603 512 2836 567 Severus
2878 511 3324 583 Philadelphien-

1753 607 1851 669 sis,
1905 604 2167 673 Georgius
2208 604 2482 664 Coresins,
2550 615 2604 656 et
2636 605 2835 672 passim
2885 603 2999 665 alii,
3061 606 3324 673 Colligunt

1752 716 1871 752 cum
1904 714 2130 768 negasse
2156 698 2325 752 sancti
2361 696 2598 765 Spiritus
2624 697 3027 766 processionetn
3053 714 3116 752 ex
3144 698 3281 753 Filio
3303 714 3318 753 :

1751 790 1917 845 sedet
1948 805 1977 843 e
2015 789 2411 843 recentioribus
2436 786 2643 842 Latinis
2678 787 2728 840 id
2762 802 2858 857 pro
2900 799 3049 841 certo
3079 788 3321 848 admittit

1748 883 1945 941 Joann.
1995 881 2271 937 Gerardus
2308 881 2558 944 Vossius,
2598 881 2634 936 Ι.
2692 897 2729 934 ιι
2765 880 2839 934 De
2872 881 3135 936 historicis
3165 882 3320 939 Grca-

1750 977 1847 1035 cis.
1881 990 1934 1045 p.
1955 974 2081 1029 28L
2111 973 2251 1041 Quin
2294 976 2462 1029 multo
2500 984 2627 1028 ante
2653 975 2735 1027 vir
2767 989 2991 1029 summa:
3020 979 3323 1031 auctorita-

1754 1069 1821 1122 tis
1862 1067 1921 1121 S.
1952 1066 2059 1122 Th.
2113 1070 2302 1123 doctor
2343 1068 2632 1135 Angelicus
2684 1067 2823 1122 idem
2874 1078 3221 1123 cancesserat
3268 1070 3321 1123 in

1752 1160 1992 1226 Summa,
2029 1176 2067 1215 ιι
2111 1168 2289 1229 parte,
2338 1171 2531 1229 quaest.
2579 1159 2669 1223 ‘56,
2703 1171 2809 1214 art.
2853 1161 2912 1227 2,
2952 1161 3043 1215 ubi
3070 1177 3192 1214 cum
3220 1160 3319 1215 sibi

1751 1255 2041 1322 objecisset
2070 1265 2391 1325 argumento
2429 1255 2462 1307 3
2489 1255 2632 1308 hunc
2666 1254 2843 1324 ipsum
2882 1253 3057 1310 locum
3125 1254 3323 1309 Dama-

1750 1349 1926 1410 scetti,
1953 1348 2031 1402 sic
2082 1348 2373 1415 respondet
2407 1361 2422 1398 :
2456 1347 2537 1399 Ad
2588 1346 2622 1401 5
2671 1348 2947 1400 dicendum
2995 1348 3133 1417 quod
3158 1346 3327 1416 Spiri-

1752 1451 1860 1494 tum
1913 1451 2150 1495 sanctum
2205 1458 2306 1493 non
2361 1441 2638 1509 procedere
2694 1456 2726 1493 a
2784 1439 2925 1494 Filio
2956 1449 3123 1510 primo
3152 1442 3253 1510 fuit
3292 1457 3325 1495 a

1755 1531 2094 1587 Nestorianis
2147 1534 2529 1597 introductum,
2582 1546 2634 1587 ut
2679 1542 2821 1604 patet
2853 1535 2903 1585 iu
2934 1518 3163 1601 ‘quodam
3188 1550 3328 1604 sym-

1753 1624 1870 1678 bolo
1910 1624 2350 1679 Nestorianorum
2407 1626 2659 1679 damnato
2694 1627 2746 1680 in
2790 1623 3058 1692 Ephesina
3101 1629 3323 1691 sunodo.

1756 1713 1825 1768 Et
1871 1716 2008 1769 hunc
2058 1732 2289 1771 errorem
2347 1728 2556 1769 secutus
2608 1716 2709 1785 fuit
2770 1714 3124 1769 Thcodoricus
3164 1714 3327 1785 (forte

106 1825 301 1867 auctore
349 1813 585 1868 haeresis
632 1827 793 1881 quam
835 1822 994 1868 vocat
1036 1813 1464 1883 Bogomilorum,
1510 1830 1648 1883 quo-

1761 1807 2037 1875 Iegendutn
2074 1806 2439 1879 Theodoritus)
2495 1784 2847 1861 Nestorianus
2898 1817 2948 1861 et
2987 1784 3179 1875 plures
3211 1814 3326 1875 post

105 1921 202 1957 nun
235 1908 486 1970 dogmata
529 1916 587 1960 et
626 1905 873 1961 facinora
911 1908 983 1962 ob
1018 1907 1405 1977 turpitudinem
1442 1907 1647 1962 referre

106 1999 356 2052 scandere
404 2006 599 2065 negat,
652 2011 947 2053 memorem
993 2001 1333 2053 verecundiae
1365 1998 1645 2053 mulierem

107 2104 305 2157 eamque
326 2090 638 2160 principem
663 2091 924 2154 decentis,
953 2091 1029 2145 sic
1047 2093 1309 2146 continuo
1330 2091 1605 2162 subiungit
1632 2109 1646 2148 :

112 2179 216 2244 Qum
249 2182 293 2234 si
323 2182 409 2233 cui
445 2197 607 2235 nosse
655 2183 793 2235 tanti
820 2194 917 2239 est.
961 2183 1235 2236 consulere
1267 2186 1310 2237 is
1342 2186 1531 2250 poterit
1585 2184 1653 2237 li-

112 2271 233 2325 brum
275 2274 363 2341 qui
425 2273 744 2327 inscribitur
800 2272 1110 2343 Dogmarica
1164 2273 1445 2342 Panoplia,
1496 2276 1651 2346 jussu

115 2366 192 2416 etei
228 2366 387 2433 patris
418 2368 682 2434 scrip'um
730 2376 884 2435 atque
917 2369 1136 2419 editum.
1195 2369 1394 2421 Auctor
1420 2369 1535 2438 ejus
1575 2380 1652 2423 est

115 2458 359 2510 monachus
416 2459 739 2528 Zygadenus
793 2460 1019 2521 nomine,
1054 2471 1211 2514 notus
1264 2463 1489 2516 domina:
1529 2482 1654 2520 meae

116 2547 218 2599 uite
242 2560 511 2608 maternis,
546 2560 594 2601 et
625 2552 861 2603 omnibus
898 2550 1003 2604 Deo
1037 2553 1200 2604 sacris
1233 2552 1548 2621 hominibus,
1571 2574 1658 2611 sa-

116 2637 372 2691 cerdotibus
396 2655 460 2691 ac
495 2640 836 2709 pontiﬁcibus
865 2640 1174 2710 familiaris.
1207 2641 1363 2697 Ilunc
1394 2661 1653 2700 summum

120 2732 487 2795 grammaticum
517 2737 861 2801 eamdemque
895 2736 1149 2786 rhetorem
1200 2751 1303 2788 non
1346 2736 1658 2792 inexercita-

119 2829 224 2882 tum,
252 2821 519 2892 theologis:
537 2842 658 2879 cera
674 2837 720 2879 et
742 2825 983 2880 catholici
1006 2826 1265 2897 dogmatis
1285 2844 1394 2895 prce
1417 2833 1656 2885 omnibus

122 2912 510 2981 scientissimum,
535 2918 808 2986 Angustus
841 2930 988 2985 pater
1014 2937 1155 2973 meus
1179 2922 1249 2973 ad
1264 2939 1321 2974 se
1350 2926 1655 2978 accersitum

121 3002 243 3063 iussit
264 3005 493 3075 digerere
525 3010 719 3063 ordine
746 3011 802 3063 in
836 3027 964 3081 opus
995 3030 1155 3066 unum
1173 3026 1391 3068 cunctas
1413 3019 1656 3078 litet'eses.

118 3101 153 3145 et
184 3100 442 3166 unicuique
493 3100 686 3153 relatw
725 3102 1003 3168 sigillatim
1027 3119 1282 3173 opponere
1317 3107 1657 3175 refutationes

120 3197 378 3242 sanctorum
415 3188 675 3256 Patrum,
706 3203 824 3260 post
853 3210 1030 3248 omnes
1077 3197 1298 3265 denique
1341 3200 1657 3270 subjungere

123 3276 326 3331 ultimam
370 3280 507 3334 hanc
563 3280 952 3353 Bogomilorum
994 3286 1233 3339 haeresim
1271 3290 1484 3359 ejusque
1532 3295 1660 3362 dog-

123 3378 256 3434 mata,
272 3385 418 3438 prout
442 3389 501 3428 ea
522 3374 724 3439 impius
746 3374 834 3428 ille
854 3374 1083 3430 Basilius
1106 3393 1437 3447 exposuerat.
1464 3380 1543 3435 Es:
1566 3390 1660 3437 hoc

125 3459 264 3515 Atezii
303 3468 556 3520 ntandato
585 3469 794 3522 exstitit
823 3484 949 3537 opus
980 3470 1157 3540 ingens
1199 3473 1376 3540 plures
1403 3475 1457 3527 in
1501 3476 1661 3530 libros

129 3553 359 3621 tributum,
394 3562 479 3612 cui
508 3559 775 3630 hodieque
826 3563 1072 3615 universo
1106 3564 1335 3618 adhaeret
1369 3569 1663 3621 nomencla-

131 3644 184 3696 tio
220 3649 276 3700 ab
308 3651 630 3719 imperatore
676 3655 904 3720 primum
950 3657 1246 3725 excogitata
1287 3670 1441 3728 atque
1491 3661 1660 3714 indita

131 3736 363 3808 illequam
409 3745 651 3798 diximus
689 3743 963 3815 Panoplia:
1008 3750 1352 3818 dogmaticw.
1388 3750 1660 3809 Hactenus

134 3828 283 3897 Anna;
313 3849 373 3889 es
398 3838 571 3907 cujus
600 3840 779 3893 verbis
807 3839 933 3908 quis
974 3842 1215 3907 prudens
1258 3856 1364 3898 non
1397 3853 1661 3910 agnoscat

136 3921 249 3978 haud
291 3930 639 3985 abhorruisse
683 3945 712 3984 a
751 3932 914 4001 genio
955 3934 1149 3990 domus
1194 3933 1507 3999 Contnetne,
1568 3947 1662 3991 aut

136 4010 189 4065 ab
211 4014 368 4072 indole
392 4021 657 4088 peculiari
691 4022 950 4077 Manuelis
979 4020 1065 4095 [P.
1101 4023 1228 4094 551]
1257 4041 1525 4081 summam
1556 4029 1659 4082 sibi

138 4120 300 4171 ponere
327 4114 465 4169 soliti
499 4117 559 4169 in
612 4116 911 4173 imitatione
951 4119 1249 4173 facinorum
1293 4123 1469 4175 omnis
1502 4136 1663 4193 gene-

139 4198 197 4251 ris
214 4199 536 4262 laudatorum
580 4208 636 4262 in
664 4225 764 4265 avo
793 4224 894 4265 suo
923 4212 1113 4265 Alexio
1144 4214 1410 4281 Augusta,
1436 4214 1662 4269 descen-

139 4288 239 4346 dere
262 4296 309 4348 in
334 4314 515 4354 curam
556 4304 915 4357 eoncinnandi
940 4305 1063 4360 talis
1084 4308 1455 4361 commentarii
1488 4321 1539 4363 et
1564 4324 1662 4363 suo

140 4387 305 4442 noniini
335 4392 447 4460 ejus
474 4395 770 4450 editionem
801 4398 1093 4466 imputandi
1114 4399 1137 4453 7
1161 4399 1217 4453 In
1247 4416 1353 4471 quo
1383 4398 1523 4456 forte
1554 4418 1659 4457 non

1756 1903 1948 1972 ipsum,
1976 1904 2114 1957 inter
2139 1922 2266 1972 quos
2298 1904 2396 1974 fuit
2425 1906 2580 1959 etiam
2640 1905 3020 1958 Damascenus.
3078 1902 3228 1958 Unde
3274 1902 3330 1957 in

1756 1994 1853 2048 hoc
1918 1998 2031 2065 ejus
2083 1997 2355 2050 sententia:
2415 2014 2516 2050 non
2554 2006 2628 2050 est
2680 1998 2949 2059 standum,
3003 1998 3237 2066 quamris
3294 2011 3329 2049 a

1756 2090 2073 2157 quibusdam
2105 2090 2321 2141 dicatur
2352 2089 2488 2159 quod
2521 2089 2877 2143 Dantasrenus
2904 2090 3038 2142 sicut
3077 2106 3181 2142 non
3207 2106 3332 2144 con-

1757 2179 1931 2247 ﬁtetur
1959 2176 2215 2246 Spiritum
2245 2190 2482 2232 sanctum
2515 2195 2625 2233 esse
2665 2196 2696 2231 a
2731 2177 2886 2241 Filio,
2920 2181 2996 2232 ita
3038 2180 3195 2233 etiam
3227 2193 3329 2230 non

1760 2280 1912 2339 negat
1934 2287 1998 2323 ea:
2034 2271 2081 2323 ri
2128 2272 2423 2326 rerbarum.
2476 2269 2551 2326 lta
2598 2271 2671 2325 ibi
2718 2280 2940 2325 sanctus
2981 2272 3189 2326 doctor.
3227 2270 3332 2324 De-

1758 2361 1985 2415 fsndunt
2019 2372 2196 2416 tamen
2240 2363 2335 2417 hic
2392 2362 2458 2416 ab
2506 2378 2691 2417 errore
2713 2339 3116 2417 bumascenutn
3158 2360 3328 2417 Grmci

1761 2470 1975 2525 quoque
2015 2456 2137 2525 ipsi,
2181 2456 2274 2509 sed
2324 2456 2608 2509 orthodoxi
2645 2464 2696 2509 et
2737 2456 2901 2509 alieni
2946 2472 2972 2507 τι
3015 2455 3329 2514 schismate.

1761 2547 2095 2617 Niccpltnrus
2124 2547 2445 2611 Blentmida,
2479 2562 2563 2602 or.
2615 2547 2679 2601 ad
2714 2545 2971 2602 Jacobum
3015 2548 3330 2617 episcopum

1763 2640 2025 2710 Bulgaria?
2070 2641 2133 2692 de
2180 2642 2525 2707 processim-e
2558 2638 2789 2708 Spiritus
2843 2641 3050 2706 sancti;
3083 2638 3334 2694 Bessarin

1763 2733 2078 2798 cardinalis,
2102 2735 2263 2802 epist.
2296 2733 2362 2785 atl
2399 2732 2644 2785 Alexium
2681 2730 2953 2786 Lascarim
2985 2731 3333 2785 Philanthro-

1766 2842 1984 2897 penum,
2027 2837 2075 2879 et
2110 2827 2358 2879 oratione
2394 2826 2699 2895 dogmatica
2740 2826 2804 2879 ad
2839 2826 3100 2895 synodum
3135 2822 3330 2878 Orien-

1767 2915 1964 2977 talettt;
2019 2914 2321 2968 Demetrius
2366 2914 2664 2984 Cydouius,
2710 2917 2973 2983 opusculo
3020 2915 3093 2968 De
3125 2928 3337 2983 procee-

1765 3009 1907 3061 sione
1942 3004 2172 3074 Spiritus
2196 3008 2396 3074 sancti;
2424 3006 2692 3076 losephus
2713 3007 3083 3062 Methouensis
3112 3018 3165 3061 et
3200 3006 3336 3062 Gre.

1768 3103 1949 3167 gorius
2013 3099 2449 3170 Protosyncellns
2482 3113 2670 3154 c0utra
2700 3104 2859 3171 epist.
2896 3100 3057 3156 Marci
3091 3099 3331 3170 Ephesii,

1763 3189 2080 3247 Gennadius
2112 3194 2421 3259 patriarcha
2452 3209 2550 3262 pro
2579 3194 2810 3247 concilio
2833 3192 3159 3253 Florentino,
3190 3205 3332 3261 quos

1761 3300 1949 3337 omnes
2000 3283 2202 3345 laudat,
2259 3284 2533 3339 lusissinte
2586 3297 2641 3339 et
2687 3285 3053 3340 eruditissime
3093 3295 3334 3338 tractans

1763 3377 1904 3429 hunc
1934 3376 2137 3438 locum.
2180 3377 2257 3430 Ill.
2290 3377 2395 3431 Leo
2422 3378 2670 3443 Allatius,
2709 3378 2746 3432 l.
2784 3394 2821 3432 ιι
2856 3377 2930 3431 De
2959 3376 3118 3433 Eccl.‘
3143 3376 3331 3432 Occid.

1758 3479 1809 3523 et
1846 3467 2055 3523 Orient.
2080 3479 2330 3539 perpetua
2366 3471 2725 3535 consensione,
2756 3469 2886 3525 ολ.
2923 3468 3121 3522 Horum
3153 3468 3334 3538 plero-

1761 3576 1988 3631 rumque
2042 3579 2137 3632 pro
2204 3561 2539 3616 Damasceuo
2601 3565 2877 3632 responsio
2919 3561 3034 3616 fere
3075 3559 3335 3616 coincidit

1762 3669 1883 3707 cum
1936 3657 2225 3723 postremis
2277 3654 2333 3707 S.
2391 3655 2611 3710 Thomas
2661 3656 2949 3724 Aquinatis
2995 3659 3152 3708 modo
3198 3654 3330 3707 rcla-

1768 3748 1835 3799 tis
1900 3748 2098 3801 rerbis.
2142 3747 2312 3800 Aiunt
2362 3747 2570 3801 scilicet
2624 3758 2678 3802 et
2708 3747 2795 3800 isti
2859 3761 3197 3816 nequaqua-u
3247 3760 3336 3800 se-

1763 3839 1853 3905 qui
1879 3855 1944 3890 ex
1975 3853 2041 3892 eo
2057 3842 2196 3907 quod
2217 3840 2415 3892 scribat
2437 3838 2803 3893 Datttascenns
2820 3855 2872 3893 se
2890 3855 2991 3892 non
3019 3839 3188 3893 dicere
3214 3839 3339 3906 Spi-

1764 3930 1924 3982 ritum
1954 3946 2017 3983 ex
2049 3930 2204 3995 Filio,
2240 3932 2424 4000 negari
2462 3933 2529 3983 ab
2572 3933 2690 4000 ipso
2736 3932 2878 3985 istud
2930 3933 3126 3998 ipsum.
3176 3930 3328 3996 Qum-

1763 4022 1886 4076 dam
1935 4024 2079 4077 enim
2108 4033 2253 4076 certa
2294 4038 2362 4076 ex
2403 4038 2568 4078 causa
2615 4038 2721 4077 non
2755 4023 3024 4085 dicuntur,
3059 4037 3177 4091 quae
3221 4037 3332 4075 non

1766 4125 2038 4184 negantur
2083 4124 2287 4179 tamen,
2325 4118 2451 4185 quia
2503 4118 2663 4171 verba
2716 4132 2836 4186 quae
2880 4118 3114 4171 haeretici
3163 4130 3335 4186 pravo

1765 4224 1923 4263 sensu
1996 4210 2342 4279 protulerint,
2413 4212 2679 4264 interdum
2751 4212 3004 4266 catholiti
3080 4220 3336 4265 Verentur

1764 4317 2045 4371 usurpare,
2105 4318 2174 4358 ne
2225 4303 2410 4357 audita
2463 4314 2721 4372 putentur
2774 4307 3040 4373 appictam
3097 4305 3202 4359 illis
3238 4319 3335 4372 per

1766 4395 2050 4447 damnatos
2079 4406 2327 4450 auctores
2351 4396 2525 4450 adhuc
2555 4396 2788 4450 retinere
2815 4398 3161 4467 sententiam.
3189 4398 3336 4463 Quo-

144 4488 297 4540 psrutn
340 4482 413 4539 illi
464 4486 739 4556 profuerit
791 4491 940 4559 prior
993 4491 1077 4545 illa
1112 4489 1381 4563 Zygadeni
1415 4495 1658 4564 scriptio,
1695 4534 1737 4588 ο
1770 4486 1913 4539 Itium
1970 4503 2101 4556 ergo
2156 4489 2453 4543 Eunomius
2510 4490 2795 4544 Trinitatis
2852 4491 3336 4546 COnsubstantialis

143 4580 269 4633 illlam
297 4579 510 4634 resectis
542 4588 750 4633 tantum
783 4582 1240 4652 descriptionibus
1280 4586 1567 4640 haeresium
1605 4599 1661 4641 et

150 4665 510 4757 recitationibus
575 4672 935 4728 absurdarum
1000 4678 1385 4741 assertionntn,
1454 4680 1663 4757 quibus

149 4751 226 4807 illa
249 4764 572 4831 constabant,
622 4773 738 4820 tum
795 4769 1122 4823 testimoniis
1179 4768 1457 4824 Patruma
1489 4751 1664 4841 lygd-

153 4843 260 4897 deno
279 4856 540 4921 congestis
568 4855 623 4909 in
678 4857 925 4911 ordinent
961 4862 1303 4916 commodum
1336 4862 1664 4926 distributis,

155 4932 453 5010 Ireriarerit,
481 4956 537 5001 et
567 4947 767 5018 proprii
796 4951 1028 5004 nominis
1052 4931 1381 5006 auctorituﬁ
1403 4955 1665 5007 munitum

156 5027 400 5097 Vulgaverit
423 5054 565 5095 nowo
599 5040 757 5095 titulo
787 5043 942 5113 ἱερᾶς
976 5042 1463 5114 ὁπλοθήκης,ιιιτνὶ
1493 5060 1670 5097 arma-

159 5129 375 5183 aratorii.

212 5211 321 5271 ibid.
351 5222 431 5277 Ait
465 5228 713 5281 nimirum
744 5227 881 5281 idem
912 5236 1147 5283 sanctus.
1190 5225 1268 5282 Ex
1323 5229 1409 5284 his
1467 5230 1665 5285 Dama—

165 5304 273 5387 ιυριιὶ
318 5313 501 5374 verbis.
559 5330 677 5385 quae
720 5316 968 5386 leguntur
1004 5315 1269 5387 hodieque
1323 5321 1465 5387 apud
1518 5320 1667 5373 illum
1728 5320 1737 5325 “

167 5385 235 5484 lA-‘I
260 5394 323 5451 De
359 5402 473 5471 ﬁde,
500 5407 699 5476 capite,
744 5385 802 5460 ut
840 5408 1060 5477 quidam
1106 5385 1297 5474 citant,
1350 5385 1418 5464 l2
1467 5413 1588 5484 (ego
1615 5412 1667 5466 in

172 5480 215 5533 ll
250 5495 428 5557 reperio
455 5499 541 5553 ed.
578 5497 902 5553 Basileeusis
938 5499 1062 5553 anni
1097 5499 1328 5571 1575.p.
1353 5480 1484 5571 ‘3),

173 5584 254 5667 ιξοει
304 5587 443 5641 modo
485 5589 659 5667 Ggeei
709 5590 1041 5646 scbisntatiei
1096 5593 1324 5663 antiqui,
1400 5596 1671 5652 Macarius

174 5660 452 5762 A'llcj'rttnus.
489 5660 781 5752 Gregorius
819 5681 1088 5746 Palatinas,
1150 5660 1418 5754 Josepbus
1470 5686 1673 5757 Bryen-

177 5765 287 5825 mus,
335 5765 573 5832 Etuanuel
654 5775 987 5845 Palicologus
1046 5776 1339 5847 Auguuns,
1401 5777 1668 5847 Georgius

1768 4578 1939 4633 hostis
1987 4586 2233 4632 sanctum
2274 4582 2532 4648 Spiritum
2580 4596 2703 4634 esse
2748 4597 2812 4633 ex
2850 4575 2986 4636 Filio
3021 4581 3332 4638 affirmare-

1768 4678 1873 4731 rat,
1925 4682 1991 4721 eo
2031 4668 2232 4721 scilicet
2284 4670 2442 4723 modo
2472 4670 2523 4723 id
2563 4672 2868 4741 intelligens
2898 4689 3007 4741 quo
3056 4674 3230 4742 ipsum
3264 4692 3332 4732 ex

1765 4758 1929 4814 Patre
1994 4760 2189 4814 Filium
2241 4770 2296 4816 et
2349 4760 2584 4815 Verbum
2640 4781 2744 4818 non
2794 4770 3335 4824 consubstantialiter

1767 4854 2063 4922 procedere
2096 4856 2297 4918 aiebat,
2330 4856 2572 4909 vitabant
2611 4860 2861 4912 catholici
2893 4860 3213 4925 simpliciter
3255 4875 3336 4915 ta-

1768 4945 1870 4998 lcnt
1908 4947 2234 4998 sententiam
2274 4947 2492 5011 elierre,
2539 4950 2623 5001 cui
2656 4966 2719 5004 ex
2763 4951 2868 5005 late
2906 4955 3120 5020 vulgato
3153 4954 3335 5008 Euno-

1770 5036 1861 5089 mii
1895 5053 2081 5092 errore
2109 5042 2322 5107 reprobi
2356 5044 2618 5111 dogmatis
2648 5043 2911 5097 calumnia
2941 5048 3185 5101 haereret.
3218 5048 3335 5112 Qua

1769 5128 1882 5179 sola
1916 5132 2167 5185 cautione
2201 5133 2336 5185 idem
2364 5132 2726 5187 Damascenus
2754 5134 2952 5204 refugit
2980 5153 3177 5192 vocare
3202 5139 3334 5194 bea~

1770 5227 1878 5273 tam
1936 5219 2159 5276 Mariam
2208 5221 2624 5293 Christiparam,
2677 5227 2804 5281 licet
2844 5228 3064 5284 minime
3110 5242 3336 5301 negaret

1770 5326 1890 5365 eam
1942 5329 2071 5369 vere
2120 5314 2396 5370 Christum
2454 5318 2747 5387 peperisse.
2800 5330 3009 5376 tantum
3061 5340 3127 5377 ne
3178 5337 3337 5381 utens

1772 5406 1918 5462 notis
1948 5408 2127 5463 verbis
2160 5407 2419 5474 Nestorii,
2444 5412 2640 5480 quibus
2660 5412 2751 5469 ille
2785 5414 3143 5472 haeresiarcha
3186 5420 3338 5475 blas-

1772 5501 2024 5569 phemam
2093 5517 2245 5557 suam
2295 5505 2633 5574 exprimebat
2690 5508 3026 5578 opinionem,
3081 5527 3338 5580 personas

1773 5593 1907 5646 duas
1937 5591 2160 5647 Christo
2190 5593 2558 5664 aliingentem,
2592 5598 2752 5669 745
2786 5600 3024 5655 divinam
3054 5613 3110 5656 et
3143 5606 3338 5659 Imma-

1775 5700 1922 5750 nam,
1978 5685 2057 5740 sic
2112 5696 2171 5740 ttt
2222 5687 2391 5741 Maria
2456 5689 2623 5744 solius
2663 5693 2914 5748 humana:
2953 5708 3340 5763 person-ctua.

1775 5790 1859 5834 ter
1890 5789 2054 5846 esset,
2083 5780 2224 5837 unde
2255 5780 2400 5836 illam
2432 5784 2790 5839 contendebat
2818 5786 3214 5858 Cltristiparam
3245 5806 3342 5848 vo-
