3744 6586
424 252 538 322 1867

436 467 624 522 iisdem
668 464 1032 519 Damascenus
1067 464 1246 515 verbis
1289 470 1445 514 utens
1483 459 1650 513 videri
1683 468 1864 528 posset
1897 458 1997 511 mia

433 573 537 612 nus
567 556 736 610 cautis
774 570 877 609 non
906 555 1040 608 satis
1072 554 1238 607 vitare
1276 552 1657 621 contagionem
1718 549 1997 603 Nestoriu-

435 664 516 702 nze
548 648 708 710 labis,
732 662 843 701 non
907 646 1078 699 solum
1119 644 1185 698 iis
1218 644 1291 697 uti
1337 642 1590 705 noluerit,
1624 639 1708 713 [Ρ.
1740 639 1868 713 5'52]
1904 640 1996 695 sed

434 740 595 793 etiam
629 752 965 807 nequaquam
997 752 1054 790 se
1079 737 1151 791 ita
1183 735 1330 805 loqui
1356 735 1556 788 diserte
1585 735 1658 788 sit
1688 734 1993 802 professus.

436 829 560 881 Hzec
615 838 895 894 utcunque
942 825 1297 895 plausibiliter
1342 824 1642 895 allegentur
1686 838 1861 878 :vera
1920 833 1997 873 ta-

434 934 555 975 men
605 923 725 988 ejus
776 920 897 973 nodi
947 918 1142 972 solutio
1190 927 1293 983 est,
1339 934 1500 987 quam
1559 931 1625 971 ex
1676 915 1997 969 Bessarione

433 1015 590 1083 epist.
617 1015 681 1067 ad
712 1013 985 1068 Lascarim
1016 1014 1245 1068 aﬂerunt
1267 1010 1545 1072 Petavius.
1570 1019 1712 1064 tomo
1740 1009 1781 1063 ll
1814 1004 1993 1063 Tlteol.

433 1108 606 1175 dogm.
639 1106 675 1160 l.
711 1121 805 1168 vit,
834 1120 884 1160 c.
920 1107 1006 1167 i7.
1040 1124 1093 1162 n.
1124 1106 1190 1172 8;
1223 1115 1278 1160 et
1318 1105 1566 1164 Allatius.
1600 1104 1637 1156 l.
1674 1119 1710 1157 tt
1756 1102 1830 1156 De
1875 1117 1998 1156 con-

432 1215 571 1253 sens.
604 1197 983 1265 Ecclesiarum,
1015 1214 1064 1255 c.
1088 1199 1143 1261 ‘2.
1174 1215 1226 1253 n.
1263 1198 1350 1265 l0,
1375 1212 1568 1266 nempe
1603 1197 1722 1250 ideo
1749 1194 1996 1249 absolute

434 1306 496 1344 ac
524 1291 640 1345 sine
679 1291 927 1360 adjuncta
965 1292 1149 1346 Patris
1187 1290 1461 1345 mentione
1505 1304 1613 1342 esse
1657 1305 1703 1341 ε.
1734 1285 1994 1356 Spiritum

431 1400 499 1437 ea:
527 1384 663 1438 Filio
696 1399 804 1438 non
833 1385 1031 1440 dixisse
1077 1384 1492 1445 Damascenum,
1542 1383 1683 1451 quod
1731 1387 1997 1434 metueret

427 1490 502 1529 ne
529 1478 609 1530 sic
649 1476 921 1531 videretur
951 1490 1248 1545 agnoscere
1281 1474 1333 1527 in
1380 1472 1522 1529 Filio
1579 1487 1993 1542 προκαταρκτιο

430 1565 536 1630 χὴν
580 1567 781 1630 αἰτίαν,
817 1566 1082 1634 originale
1112 1567 1425 1636 principium
1484 1564 1738 1636 Spiritus.
1776 1564 1919 1633 quod
1964 1578 1993 1618 tt

432 1656 688 1726 dogmate
722 1658 987 1713 catholico
1026 1659 1310 1724 abhorret;
1344 1658 1498 1727 juxta
1544 1658 1707 1724 quod,
1745 1667 1803 1710 ut
1832 1670 1996 1725 supe-

433 1746 549 1800 rius
593 1749 934 1802 ostendimus
972 1749 1111 1802 notis
1159 1749 1226 1803 ad
1279 1764 1330 1805 c.
1366 1748 1399 1804 8
1431 1758 1483 1802 et
1508 1748 1541 1802 9
1574 1748 1609 1803 l.
1642 1765 1684 1811 ι,
1736 1749 1808 1801 ita
1856 1747 1995 1802 inest

432 1835 576 1893 Filio
636 1839 716 1894 vis
774 1840 1036 1908 spirandi,
1072 1841 1173 1894 hoc
1210 1848 1295 1895 est
1349 1839 1684 1910 producendi
1744 1850 1991 1895 sanctum

428 1929 716 1999 Spiritum,
755 1941 813 1983 ut
842 1932 888 1984 is
940 1930 1084 1984 illam
1152 1946 1181 1985 a
1243 1932 1403 1987 Patre
1459 1933 1745 2002 acceperit,
1782 1948 1886 1986 non
1925 1948 1988 1987 ex

430 2036 511 2083 se,
544 2030 810 2089 quatenus
859 2035 885 2071 a
922 2017 1085 2073 Patre
1135 2019 1423 2073 distinctus
1480 2030 1580 2083 est,
1615 2021 1830 2085 habeat,
1886 2019 1993 2072 imo

430 2113 616 2166 eadem
684 2111 1085 2179 simplicissime
1141 2127 1246 2166 una
1292 2110 1436 2165 Patri
1489 2112 1692 2180 pariter
1743 2113 1876 2166 insit
1930 2126 1994 2166 ac

427 2202 589 2270 Filio,
632 2205 754 2258 huic
782 2206 849 2257 ab
880 2204 969 2257 illo
1000 2205 1412 2269 communicata,
1447 2204 1525 2259 sic
1566 2213 1622 2258 ut
1667 2204 1753 2256 illa
1805 2212 1992 2273 quate.

431 2312 533 2349 nus
560 2298 610 2348 itt
646 2294 805 2348 Patre
829 2305 912 2348 est
942 2294 1394 2364 προκαταρκτικὴ
1430 2295 1663 2360 dicatur,
1694 2295 1815 2364 quia
1848 2295 1989 2349 illaut

430 2403 495 2441 ex
528 2402 587 2440 se
631 2387 793 2441 habet
840 2400 868 2440 θ
919 2388 1065 2440 nullo
1104 2387 1204 2441 sibi
1241 2388 1351 2441 alio
1399 2389 1675 2449 tributam,
1710 2402 1815 2441 non
1861 2389 1990 2440 item

428 2490 695 2548 quatenus
725 2477 861 2532 Filio
887 2479 1161 2534 convenit.
1212 2478 1312 2533 Hic
1348 2480 1491 2533 enim
1543 2480 1756 2533 aliunde
1788 2479 1987 2543 hausit,

430 2586 621 2643 nempe
650 2587 677 2624 a
709 2571 874 2626 Patre
904 2571 1172 2627 tribuente
1199 2586 1293 2640 per
1320 2572 1720 2641 generationem
1748 2571 1845 2640 ipsi
1870 2587 1990 2624 om-

431 2665 517 2718 nia
554 2680 670 2733 qua!
698 2665 878 2730 habet,
913 2674 1104 2732 pratter
1146 2680 1256 2716 esse
1290 2661 1526 2727 Patrem,
1558 2677 1622 2718 ac
1655 2678 1991 2732 consequen-

430 2765 513 2811 ter
542 2756 714 2825 ipsam
752 2771 965 2825 quoque
994 2757 1157 2810 dante
1200 2756 1249 2809 iu
1279 2770 1336 2809 se
1364 2755 1699 2825 originaliter
1726 2757 1992 2810 exsisteu-

431 2857 536 2903 tem
565 2849 913 2917 spirationem
950 2848 1208 2911 activam,
1240 2863 1341 2915 qua
1372 2845 1529 2900 simul
1568 2861 1687 2900 cum
1727 2844 1863 2900 Filio
1892 2858 1989 2917 per

426 2942 645 2995 modum
674 2941 833 2994 unius
862 2939 1107 3010 principii
1136 2940 1397 3009 spirantis
1423 2938 1682 3007 Spiritum
1713 2940 1984 3006 producit.

1347 246 1416 317 Ῥ.
1462 254 1763 318 POSSINI
1802 252 2459 317 OBSERVATIONUM
2503 254 2648 320 LIB.
2693 256 2768 318 Ιῐ.

432 377 546 432 cari
575 375 792 440 debere,
818 388 921 430 non
958 380 1133 428 autem
1160 369 1444 442 Deiparam
1467 387 1481 425 :
1506 383 1572 424 ne
1602 368 1728 432 illis,
1756 370 1997 438 inquam,
2029 377 2073 432 Α
2104 370 2275 439 pergit
2301 372 2522 436 diserte,
2551 378 2822 437 accurate,
2855 370 3153 440 eleganter,
3183 371 3384 426 acriter
3410 375 3635 444 (ψυχει-

3540 261 3630 324 8ῖὸ

2095 461 2246 530 prius
2283 463 2537 519 mendose
2569 464 2623 517 in
2658 474 2803 518 Iomo
2830 464 3122 533 scripserat
3147 476 3402 534 arguere.

2164 553 2301 608 Ibid.
2334 552 2636 608 Praesertim
2665 554 2969 609 incursabat
2989 564 3367 623 expostttouem
3390 556 3447 606 in
3464 569 3522 607 eo
3543 562 3637 608 tra-

2094 643 2285 699 ditam.
2338 644 2574 711 Juvabit,
2606 647 2663 701 ni
2697 646 2874 713 fallor,
2900 648 3174 702 eruditum
3206 648 3468 702 lectorem
3497 647 3633 705 Vecci

2097 737 2293 802 locum,
2319 753 2480 808 quem
2507 737 2595 794 bis
2612 738 2793 795 verbis
2822 741 3021 796 indicat
3045 740 3431 812 Pachymeres,
3457 742 3634 803 videre.

2094 827 2347 898 Reperiet
2385 830 2534 885 illum
2562 833 2809 887 oratione
2837 832 2890 896 1,
2923 833 2976 886 in
3010 842 3211 886 tomum
3236 832 3424 904 Cyprii
3462 848 3519 901 p.
3546 833 3634 886 227

2098 933 2152 976 et
2206 924 2313 978 228
2372 924 2501 977 tomi
2550 925 2772 982 secundi
2830 924 3051 982 σηπίαι
3103 928 3412 982 orthodoxa:
3460 929 3526 980 ab
3570 927 3635 983 lll.

2094 1013 2274 1070 Leone
2310 1015 2505 1069 Allatio
2534 1017 2689 1071 editae
2721 1017 2908 1073 Romae
2938 1035 3027 1072 an.
3062 1019 3221 1075 1659.

2162 1107 2225 1162 Ρ.
2264 1109 2386 1164 117.
2418 1108 2520 1165 Vix
2579 1110 2712 1165 tanti
2751 1120 2835 1166 est
2887 1098 3183 1168 admouere
3225 1118 3533 1184 comparari
3561 1119 3636 1174 bie

2096 1198 2355 1267 Veccum,
2409 1212 2530 1269 post
2577 1203 2981 1258 damnationem
3036 1214 3092 1259 et
3139 1205 3464 1272 eiectionem
3503 1225 3635 1264 sum

2094 1290 2356 1360 Gregorio
2397 1292 2598 1366 Cyprio
2626 1298 2963 1365 persecutori
2996 1312 3098 1351 suo
3125 1300 3365 1367 graviter
3409 1310 3469 1354 et
3519 1302 3638 1370 peri-

2094 1382 2279 1436 culose
2312 1384 2615 1438 molestiam
2659 1386 3039 1453 facessentem,
3067 1404 3188 1443 cum
3221 1389 3312 1444 illo
3356 1405 3422 1444 ex
3471 1389 3636 1447 fabulis

2098 1471 2183 1544 [P.
2207 1473 2333 1545 555]
2358 1477 2641 1530 notissimo
2661 1475 2830 1533 Nesso
2855 1479 3149 1547 Centauro,
3170 1482 3261 1551 qui
3287 1484 3419 1536 dum
3450 1485 3635 1550 rapiens

2097 1564 2405 1636 Dejaniram
2436 1570 2644 1624 eminus
2669 1571 2772 1626 telo
2797 1570 3041 1627 Herculis
3075 1574 3367 1628 transﬁxus
3393 1577 3629 1644 exspirat,

2096 1674 2194 1713 suo
2224 1661 2483 1728 sanguine
2516 1662 2676 1716 misto
2709 1678 2828 1717 cum
2858 1678 3067 1717 veneno
3098 1664 3318 1736 Hydra,
3357 1681 3473 1735 quo
3515 1678 3633 1724 esset

2099 1754 2265 1804 tincta
2317 1754 2495 1818 cuspis
2542 1752 2874 1808 vulnerantis
2905 1752 3075 1820 ipsum
3120 1754 3309 1823 jaculi.
3337 1768 3543 1812 vestem
3568 1757 3636 1810 ino

2097 1842 2306 1906 fecerit,
2337 1859 2497 1913 quam
2532 1844 2725 1898 deinde
2759 1845 2987 1900 imluens
3014 1847 3272 1902 Hercules
3296 1863 3365 1904 ex
3392 1865 3461 1904 ea
3484 1851 3634 1917 perie-

2097 1936 2187 1990 rit.
2248 1935 2378 1988 lllud
2439 1936 2578 1990 forte
2649 1936 3009 2005 opportunius
3053 1937 3349 2002 potabitur,
3403 1938 3566 1992 scribi
3610 1954 3633 1992 ι

2096 2026 2427 2096 Pachymere
2466 2027 2571 2080 hoc
2625 2042 2746 2081 cum
2806 2028 2968 2082 unico
3007 2031 3197 2099 sigma,
3228 2045 3352 2084 cum
3396 2040 3570 2084 tamen
3591 2041 3635 2084 et

3741 367 3744 511 ι

2093 2120 2291 2188 passim
2350 2119 2417 2172 ab
2449 2119 2568 2173 aliis
2620 2134 2741 2173 cum
2775 2120 2972 2189 duplici
3012 2121 3289 2176 scribatur
3317 2129 3374 2177 et
3417 2123 3498 2176 ita
3540 2122 3633 2178 fieri
3722 2152 3729 2161 -

2096 2211 2293 2265 debere
2329 2211 2520 2263 doceat
2546 2210 2861 2268 Eustathius
2894 2217 2960 2266 ad
3002 2212 3150 2268 Iliad.
3194 2228 3262 2268 ω.

2163 2300 2220 2354 l‘.
2270 2298 2395 2354 150.
2436 2298 2529 2365 Ὠς
2573 2300 3076 2369 ἀταλαιπωρήτως
3115 2300 3368 2369 ἔχοντες
3412 2302 3546 2370 περὶ
3584 2303 3636 2357 τὸ

2088 2392 2302 2445 κακόν.
2343 2391 2434 2447 Sic
2472 2392 2807 2447 restituimus
2862 2408 2927 2445 ex
2993 2393 3272 2461 marginali
3321 2394 3637 2449 correctione

2092 2482 2435 2552 perantiqua.
2468 2498 2588 2535 cum
2638 2485 2696 2535 ἐν
2731 2483 2809 2554 τῷ
2844 2485 3087 2555 κειμένῳ
3119 2486 3407 2555 utriusque
3458 2487 3634 2541 codici:
3720 2464 3731 2513 ί

2090 2573 2133 2629 Β
2158 2584 2213 2627 et
2238 2574 2282 2629 Α
2318 2574 2587 2642 legeretur
2628 2575 2816 2629 καλόν.
2855 2575 2961 2630 Sed
2998 2577 3088 2643 qui
3132 2578 3352 2646 penitus
3401 2577 3636 2646 introspi~

2091 2667 2221 2728 cist,
2251 2664 2535 2720 manifeste
2568 2665 2936 2732 deprehendet
2975 2668 3132 2736 plane
3172 2677 3359 2720 contra
3392 2668 3501 2722 loci
3535 2683 3633 2722 son—
3720 2658 3727 2695 τ

2092 2757 2313 2810 tentiam
2396 2755 2483 2808 hic
2556 2754 2722 2808 καλόν
2794 2757 2941 2824 poni.
3002 2755 3067 2809 Et
3133 2756 3466 2825 sulfrsgatur
3515 2754 3636 2811 Vati-

2090 2862 2255 2901 canus
2288 2845 2675 2914 interpolator,
2732 2846 2821 2914 qui
2875 2861 2971 2914 pro
3021 2848 3163 2912 illis,
3189 2848 3633 2918 ἀταλαιπωρήτυς

2088 2938 2306 3009 ἔχοντες
2357 2935 2488 3007 περὶ
2517 2935 2576 2989 τὸ
2621 2935 2810 3001 καλόν,
2844 2937 2958 2992 haec
3003 2938 3187 2994 subdit
3223 2955 3239 2993 :
3273 2940 3350 2992 To
3384 2940 3544 2993 κακὸν
3571 2941 3632 3009 μὴ

427 3030 568 3099 Ergo
616 3029 984 3083 Damascenns
1043 3045 1164 3083 eum
1210 3028 1412 3082 diserte
1468 3028 1744 3098 professus
1797 3028 2058 3105 fuissetc
2093 3030 2405 3101 μισοῦντες.

427 3122 517 3174 τὸν
573 3120 790 3192 Πατέρα
843 3120 1115 3189 προϐολέα
1162 3118 1230 3172 δι’
1269 3118 1400 3171 Υἱοῦ
1448 3120 1540 3172 τοῦ
1595 3121 1988 3191 ἐκφαντορικοῦ

429 3212 745 3283 Πνεύματος
762 3212 974 3268 Patrem
1004 3214 1369 3281 productorem
1399 3228 1490 3279 per
1519 3209 1714 3266 Filium
1747 3214 1992 3266 enuntia-

427 3307 549 3359 torii
582 3304 840 3374 Spiritus,
865 3314 1009 3358 recte
1046 3304 1311 3358 recusavit
1344 3304 1522 3358 dicere
1558 3305 1622 3357 ἐκ
1651 3302 1745 3356 τοῦ
1772 3305 1901 3357 Υἱοῡ
1933 3307 1991 3358 τὸ

427 3397 683 3466 Πνεῦμα,
704 3412 767 3451 ex
785 3393 926 3448 Filio
945 3392 1199 3464 Spiritum
1224 3411 1360 3456 esse,
1385 3394 1569 3457 ἁπλῶς
1586 3404 1638 3448 et
1654 3396 1770 3451 sine
1798 3397 1990 3465 adjun-

428 3499 514 3542 Cta
545 3470 739 3552 Patris,
772 3487 862 3555 qui
889 3488 937 3541 ei
961 3500 1025 3540 ex
1056 3503 1116 3541 se
1148 3488 1425 3555 prarbitam
1460 3488 1564 3540 vim
1620 3488 1857 3557 spirandi
1914 3490 1991 3542 si-

429 3578 539 3632 mul
567 3593 686 3631 cum
718 3592 783 3632 eo
819 3587 1090 3642 exerceat,
1139 3577 1430 3633 mentione.
1464 3578 1691 3632 Fallitur
1730 3593 1856 3649 ergo
1891 3575 1992 3631 Pa-

427 3672 731 3742 chymeres,
786 3670 911 3722 dum
959 3669 1060 3723 hoc
1110 3670 1227 3723 loco
1257 3669 1331 3723 ait
1358 3669 1463 3724 isto
1493 3670 1808 3723 Damasceni
1841 3670 1991 3724 testi-

430 3764 614 3815 monio
638 3761 789 3829 quasi
820 3775 1073 3815 mucrone
1107 3762 1336 3830 quodam
1370 3759 1583 3816 confodi
1611 3777 1729 3815 cum
1767 3760 1988 3816 Latinus

428 3854 693 3923 Spiritum
729 3868 793 3907 ex
823 3851 964 3907 Filio
1012 3853 1302 3923 procedere
1342 3853 1603 3919 dicentes,
1635 3862 1745 3908 tum
1774 3852 1991 3910 Graecos

432 3949 502 4002 iis
521 3949 927 4016 patrocittautes
953 3946 1283 4002 adstruenda
1328 3945 1704 4014 aaquivalentia
1740 3945 1994 4016 praeposi-

432 4042 642 4096 tionum
664 4055 729 4093 ea:
747 4049 799 4092 et
822 4055 913 4108 per
928 4055 951 4093 .'
976 4050 1193 4093 neutros
1211 4038 1353 4093 enim
1379 4053 1438 4093 re
1461 4053 1586 4092 vera
1605 4037 1689 4092 vel
1715 4038 1992 4092 minimum

426 4134 747 4203 perstringit
779 4132 884 4188 ista
915 4133 1108 4204 χρῆσις
1134 4146 1198 4187 ex
1218 4146 1346 4187 vero
1368 4129 1687 4187 Damasceni
1716 4145 1877 4187 sensu
1905 4130 1998 4185 dc-

423 4225 651 4280 clarata.
672 4220 677 4225 ’

500 4317 561 4371 Ρ.
591 4317 714 4371 lli.
735 4314 985 4369 Perlattts
1007 4323 1177 4369 tomus
1200 4314 1253 4367 in
1273 4330 1462 4368 manus
1490 4312 1659 4379 Vecci,
1680 4322 1784 4368 etc.
1805 4311 1996 4367 Exstat

2168 3125 2228 3181 P.
2315 3127 2437 3187 169.
2508 3129 2755 3199 Πέμπει.
2793 3129 2848 3182 1η
2913 3137 3145 3194 utroque
3206 3139 3313 3181 ms.
3387 3125 3633 3193 legebatur

2099 3218 2361 3289 πέμπειν.
2386 3220 2541 3276 Unde
2566 3219 2985 3289 lectorquidam,
3011 3228 3072 3271 ut
3095 3218 3309 3271 fulciret
3341 3217 3630 3285 pendentem
3722 3227 3744 3253 *-

2097 3312 2445 3380 senlentiam,
2478 3314 2532 3367 in
2592 3312 2834 3382 margine
2867 3308 3117 3376 ascripsit
3162 3309 3325 3373 εγνω.
3370 3308 3476 3361 Sed
3503 3320 3635 3371 expe-
3726 3321 3740 3345 ί

2099 3403 2267 3455 ditior
2295 3405 2561 3460 correctio
2586 3413 2671 3459 est
2708 3402 2928 3458 extritio
2958 3400 3291 3456 abundantis
3329 3400 3523 3454 littera
3541 3417 3567 3451 ν
3591 3401 3632 3452 ia

2098 3511 2226 3548 voce
2252 3496 2515 3564 πέμπειν.
2551 3495 2838 3550 Vaticanus
2862 3495 2975 3548 haec
2995 3493 3218 3549 omittit.

2169 3587 2250 3658 IP.
2309 3585 2463 3659 554.]
2492 3588 2554 3642 Ρ.
2611 3588 2732 3644 178.
2768 3588 2930 3642 Κατὰ
2952 3585 3064 3653 τὴν
3111 3584 3372 3654 περαίαν
3394 3588 3507 3651 τὴν
3550 3586 3632 3638 δυ·

2098 3678 2292 3743 τικήν.
2342 3678 2604 3742 ltequiret
2651 3679 2915 3748 quispiam
2964 3680 3021 3731 in
3060 3677 3510 3744 interpretatione
3541 3690 3631 3728 mea

2096 3770 2239 3836 quod
2275 3770 2601 3839 respondeat
2631 3769 2748 3823 voci
2776 3767 3023 3836 δυτικήν.
3059 3765 3378 3821 Existimavi
3399 3782 3503 3829 me,
3534 3782 3629 3819 cum

2094 3857 2345 3911 Galatam
2380 3858 2638 3922 dicerem,
2661 3856 2795 3912 duas
2818 3856 2936 3910 illas
2962 3872 3121 3913 voces
3158 3859 3405 3926 περαίαν
3438 3869 3483 3911 et
3510 3857 3630 3910 δυτιδ

2100 3949 2225 4019 χήν,
2258 3948 2416 4002 unica
2442 3949 2531 4002 illa
2560 3948 2851 4015 explicare.
2878 3947 3007 4003 Sive
3034 3949 3177 4002 enim
3201 3950 3461 4005 suburbia
3482 3959 3631 4002 trans-

2098 4040 2307 4093 marina
2342 4038 2601 4110 Byzantio
2621 4039 2780 4110 747
2803 4041 2906 4092 duo
2926 4038 3098 4102 fuere,
3122 4040 3359 4095 altetum
3386 4042 3449 4094 ad
3472 4040 3629 4095 Ortum

2099 4142 2347 4199 vergens,
2378 4131 2607 4181 alterum
2649 4131 2715 4182 ad
2753 4130 3053 4193 Occasum,
3092 4144 3158 4184 ex
3198 4130 3320 4185 iStis
3348 4132 3447 4186 hoc
3485 4130 3629 4185 solata

2101 4220 2423 4284 secundum,
2474 4220 2530 4273 in
2565 4235 2673 4289 quo
2706 4218 3024 4274 Genuenses
3057 4221 3397 4287 habitarunt,
3418 4222 3628 4277 Galatant

2101 4311 2302 4364 dictum
2356 4311 2605 4379 reperio;
2640 4322 2695 4365 et
2732 4311 2797 4365 de
2840 4312 2942 4365 hoc
2974 4313 3089 4367 solo
3142 4326 3306 4382 agere
3333 4314 3422 4368 hic
3455 4312 3628 4382 Pachy-

426 4410 522 4465 ttic
553 4411 846 4464 indicatum
874 4407 1030 4462 Vecci
1058 4422 1217 4476 opus,
1249 4407 1453 4462 editum
1490 4418 1635 4461 tomo
1662 4405 1708 4461 ll
1735 4403 1998 4460 Ortltodo-
2021 4400 2076 4461 D
2104 4417 2302 4457 merem
2328 4401 2658 4456 existimavit
2680 4412 2807 4457 ante
2829 4418 2914 4457 me
2935 4405 3326 4472 paraphrastes
3352 4405 3628 4465 Vaticanus.

421 4519 514 4557 aue
564 4501 782 4561 Gracia
810 4516 839 4554 a
871 4516 928 4570 p.
955 4501 1061 4554 915
1087 4501 1151 4553 ad
1183 4500 1311 4564 286,
1346 4499 1434 4554 ubi
1467 4510 1656 4554 auctor
1694 4500 1793 4553 sub
1826 4499 1995 4568 ipsum

424 4595 754 4664 principium
796 4601 1017 4661 questus
1042 4593 1271 4662 primum
1302 4593 1448 4645 hunc
1466 4591 1722 4661 Cyprium
1746 4590 1811 4643 ad
1832 4588 2001 4642 schis-

424 4700 519 4738 ωτι
549 4684 858 4738 Graecorum
883 4696 913 4736 a
941 4683 1195 4737 trecentis
1217 4666 1328 4751 jam
1360 4683 1518 4735 annis
1557 4681 1866 4735 inclmatqu
1897 4678 2000 4732 isto

426 4776 602 4845 impio
633 4790 731 4830 suo
765 4783 911 4827 tonio
948 4775 1194 4827 haeresim
1226 4772 1445 4836 addere,
1473 4774 1527 4827 in
1562 4776 1691 4826 tanti
1723 4780 1997 4824 auctorem

434 4868 559 4925 mali
586 4866 679 4921 fas
711 4877 900 4935 putans
928 4867 1020 4920 irte
1066 4866 1248 4920 liberm
1267 4865 1512 4920 aculequ
1543 4877 1820 4927 exserere,
1846 4871 2003 4914 vocat

430 4974 561 5014 eum
597 4972 652 5028 p.
700 4958 804 5013 216
865 4959 1032 5013 κακὸν
1082 4958 1409 5017 διαπόντιον,
1441 4955 1578 5025 θῆρα
1613 4953 1913 5014 θαλάττιον,
1943 4953 2004 5006 ἇ-

426 5065 590 5119 τριον
616 5051 783 5120 ,κῆτος
812 5052 911 5120 τῆς
943 5050 1168 5121 Κύπρου
1200 5048 1512 5101 ὲπαναστὰν
1555 5048 1665 5108 τοῖς
1695 5043 1817 5097 καθ’
1856 5044 2002 5113 ἡμᾶς

431 5141 823 5210 ὲνδεδημηκδς,
854 5142 952 5211 οὐχ
985 5142 1074 5194 ἵνα
1118 5140 1336 5210 φυγάδα
1368 5140 1652 5211 προφήτην
1678 5135 2001 5203 ὑποδέξηται

433 5234 529 5287 καὶ
549 5236 628 5297 εἰς
650 5234 950 5305 ὑπηρεσίαν
975 5232 1109 5285 Θεοῦ
1131 5231 1489 5302 διασώσηται,
1513 5230 1629 5286 ἀλλ’
1651 5231 1739 5284 ἵνα
1778 5230 2006 5298 Ἐκκλη-

436 5324 561 5378 σίαν
588 5325 717 5395 ὅλην
750 5324 1023 5378 xamme
1071 5321 1310 5392 ἄφαντον
1342 5322 1753 5394 ἀπεργάσηται.
1794 5319 2002 5377 Malum

429 5427 596 5485 ponto
623 5417 983 5486 deportatum,
1020 5414 1189 5483 {eram
1216 5415 1499 5482 marinam,
1526 5415 1808 5469 immanem
1834 5421 2003 5493 cetum

432 5512 610 5582 Cypro
623 5510 786 5581 746
799 5518 1154 5577 erumpentem
1172 5518 1220 5563 et
1240 5509 1338 5562 Imc
1355 5524 1563 5578 peregre
1580 5504 1879 5574 appulsam,
1899 5520 2002 5558 non

434 5616 492 5656 ut
520 5604 799 5674 fugitivum
837 5599 1140 5669 prophetam
1161 5601 1228 5653 ad
1254 5600 1350 5655 Dei
1376 5600 1726 5654 ministerium
1747 5605 2001 5660 servaret,

435 5700 526 5752 sed
558 5708 609 5750 ut
642 5694 928 5750 Ecclesium
960 5694 1253 5748 ttniuersam
1290 5695 1567 5748 absorbens
1604 5691 1851 5747 aboleret.
1877 5690 2003 5745 Inde

2098 4509 2127 4546 a
2154 4507 2263 4561 quo
2294 4494 2379 4546 hic
2424 4492 2576 4546 locus
2622 4492 2702 4547 sic
2732 4489 2954 4546 elIertur
2989 4511 3004 4547 :
3038 4494 3199 4549 Κατὰ
3225 4495 3519 4567 ἀντιπέραν
3550 4494 3628 4562 τῆς

2100 4584 2312 4645 πόλεως
2345 4584 2479 4653 πρὸς
2512 4584 2588 4655 τῷ
2615 4583 2833 4638 Γαλατᾶ
2867 4586 3044 4655 μέρει.
3076 4585 3203 4641 Sive
3255 4589 3418 4643 unius
3456 4596 3626 4641 tantum

2100 4677 2341 4731 suburbii
2399 4678 2516 4730 dum
2566 4677 2975 4746 distinguuntur
3027 4687 3211 4746 partes
3261 4679 3541 4748 ἀνατολικὴ
3584 4688 3623 4730 et

2098 4771 2326 4842 δοτική,
2362 4786 2587 4840 quarum
2622 4770 2763 4824 hanc
2809 4768 2977 4822 solam
3025 4769 3343 4824 incendium
3388 4766 3624 4840 corripue-

2102 4862 2195 4927 rit,
2251 4876 2314 4915 ex
2348 4863 2534 4914 eodem
2588 4860 2941 4930 paraphraste
2985 4860 3228 4928 intelligo
3267 4862 3522 4929 propriam
3544 4873 3624 4925 ap-

2103 4953 2444 5020 pellationem
2494 4952 2654 5006 istius
2689 4953 2920 5022 περαίας
2946 4951 3170 5021 δυτικῆς
3199 4950 3446 5007 Galatam
3467 4952 3620 5006 fuisse.

2077 5044 2217 5110 ,lloc
2271 5047 2555 5116 sequebar.
2615 5044 2671 5100 Si
2738 5062 2823 5102 me
2881 5049 3021 5101 ratio
3075 5046 3368 5113 fefellerit,
3422 5047 3624 5117 ignoscat

2104 5136 2274 5191 lector
2306 5147 2360 5190 et
2388 5137 2647 5206 corrigat.

2175 5226 2235 5281 P.
2275 5227 2398 5281 186.
2451 5225 2858 5296 Ποιμαντικὴν
2895 5228 3238 5297 ,βακτηρίαν
3283 5226 3617 5297 λαϐὼνπρὸ

2104 5318 2212 5374 τοῦ
2239 5318 2624 5386 κρατοῦντος.
2654 5319 2807 5375 llunc
2854 5336 3056 5375 morem
3088 5322 3435 5378 Orientalium
3475 5324 3617 5391 impe-

2104 5421 2345 5467 ratorum
2397 5411 2597 5465 imitari
2624 5411 2882 5468 Germani
2945 5414 3254 5481 voluerunt,
3278 5418 3460 5486 quibus
3501 5414 3617 5467 male

2105 5518 2226 5556 cum
2272 5502 2515 5555 Romana
2554 5500 2793 5557 Ecclesia
2844 5506 3116 5572 convenit,
3158 5517 3455 5577 arrogantes
3491 5516 3537 5560 et
3570 5502 3614 5556 bi

2106 5596 2205 5650 sibi
2237 5594 2325 5665 jus
2360 5596 2683 5651 investiendi
2726 5597 3005 5667 episcopos
3059 5600 3344 5655 traditione
3374 5596 3615 5670 pastoralis

2107 5689 2322 5753 baculi;
2358 5688 2499 5757 quod
2531 5690 2596 5743 ab
2632 5689 2905 5747 Hadriano
2963 5707 3102 5764 papa
3142 5693 3311 5750 fuisse
3344 5702 3615 5749 concessu:

3560 6344 3744 6490 Α
