3856 6570
180 378 272 439 809
1588 378 1824 440 NOTAE.
3124 419 3152 459 ,

3286 389 3388 453 81f.

122 497 130 502 '
181 487 353 543 Carolo
378 485 587 556 Magno,
619 504 679 541 ac.
705 500 1104 559 consequenter
1150 493 1314 562 ipsius
1348 507 1561 562 quoque
1591 506 1715 546 snc-
1748 497 1789 551 Α
1822 487 2104 557 utrobique
2131 491 2467 544 observatam
2499 491 2746 554 formam.
2783 503 2833 546 et
2873 495 3063 551 ambos
3096 497 3386 556 historicos

179 577 474 648 cessoribus,
525 579 840 648 Sigebertns
884 585 1129 653 regnanti
1163 595 1216 640 et
1252 602 1278 637 a
1307 585 1551 638 Romam)
1586 597 1718 652 pon-

180 674 303 726 tilice
349 673 582 726 discordi
642 673 872 730 Henrico
921 688 1204 732 asscutans
1250 677 1532 742 conﬁnxit,
1575 675 1716 731 haud

179 765 349 832 dignus
384 765 484 818 ﬁde
513 765 633 819 sine
661 767 948 836 antiquiori
980 777 1115 823 teste
1146 785 1256 822 rem
1285 769 1561 822 aliirmans
1607 775 1720 821 trc-

178 856 329 910 centis
375 856 523 924 prius
572 858 726 910 annis
772 869 1002 927 gestam,
1057 869 1116 914 ut
1146 859 1395 914 observat
1429 856 1715 922 Baronins,

177 961 254 999 an.
298 943 423 1000 Chr.
479 945 610 1000 774.
650 947 788 1013 Quid
820 950 888 1003 sit
928 951 1290 1004 dibambulum
1333 951 1418 1004 hic
1463 951 1718 1004 cont3nue

178 1046 528 1102 memoratum,
564 1040 687 1093 vide
723 1039 774 1093 in
802 1041 1104 1098 Glossario.

235 1125 288 1179 Ι..
320 1142 399 1188 ιιι,
435 1142 483 1180 c.
514 1128 567 1181 1.
609 1128 872 1184 Narratur
901 1131 1061 1186 simul
1103 1134 1400 1202 assumptio
1439 1133 1718 1190 Michaelis

175 1220 217 1271 iu
256 1221 578 1272 consortium
643 1220 876 1289 imperii,
926 1223 1087 1278 sintnl
1139 1223 1377 1294 ejusdem
1437 1227 1717 1281 coronatio

173 1311 432 1377 solemnis;
467 1328 606 1378 quas
638 1323 816 1368 tamen
876 1318 1107 1372 diversis
1138 1321 1430 1389 contigisse
1465 1321 1717 1392 tempori-

176 1406 276 1465 bus,
307 1415 356 1457 et
377 1405 630 1460 hancilla
667 1415 776 1461 toto
809 1423 954 1461 anno
999 1409 1164 1465 fuisse
1201 1413 1579 1482 posteriorem,
1625 1429 1714 1467 os-

174 1495 430 1549 tendemus
476 1496 510 1548 l.
549 1513 612 1551 ιιι
668 1501 859 1552 harum
889 1499 1143 1565 Ohscrv.,
1184 1519 1232 1557 c.
1281 1504 1335 1558 5.
1369 1504 1523 1570 Quod
1570 1506 1714 1560 dietn

173 1588 338 1642 attinet
363 1590 706 1644 caeremoniae
735 1592 994 1648 delectam
1031 1593 1152 1649 Maii
1189 1595 1281 1661 9|,
1317 1612 1379 1650 ea
1412 1597 1524 1664 ipsa
1557 1597 1716 1652 hodie

173 1681 215 1732 in
259 1680 399 1735 libris
432 1684 827 1739 ecclesiasticis
870 1685 1181 1741 Graecorum
1224 1690 1497 1744 memoriae
1557 1690 1716 1744 anni-

173 1775 396 1828 vrrsarize
441 1777 627 1847 magni
658 1776 1003 1834 Constantini
1044 1790 1098 1836 et
1131 1782 1321 1836 matris
1364 1784 1482 1852 ejus
1513 1782 1573 1838 S.
1605 1782 1714 1838 lle-

173 1865 284 1919 lente
313 1876 637 1922 consecrata
667 1871 929 1927 cernitur.
966 1871 1270 1944 Descriptio
1318 1876 1454 1929 rittts
1483 1891 1712 1930 corona-

173 1958 310 2011 tionis
351 1962 718 2028 Augustorum
763 1959 1145 2033 Orientalium,
1186 1983 1346 2036 quam
1389 1968 1476 2023 hic
1503 1966 1712 2040 Pachy-

174 2064 323 2101 meres
358 2051 542 2116 paucis
597 2055 929 2122 exsequitur,
987 2058 1119 2112 satis
1151 2074 1384 2114 consona
1416 2062 1720 2130 reperietur

173 2139 366 2209 longiori
413 2156 442 2194 a
485 2142 869 2198 Cantacuzeno
921 2147 1081 2202 editae
1113 2164 1161 2202 c.
1193 2150 1279 2215 il,
1316 2150 1350 2205 l.
1407 2167 1445 2215 ι,
1491 2151 1535 2204 si
1595 2153 1717 2220 quis

171 2243 428 2303 utramque
463 2236 788 2291 contulerit.
830 2238 1003 2294 Unam
1061 2241 1345 2297 observavi
1399 2244 1715 2315 discrepan-

173 2323 303 2390 tiam,
337 2339 398 2379 ex
432 2341 538 2395 qua
573 2341 680 2380 non
734 2329 1158 2388 inverisimiliter
1199 2335 1328 2388 mihi
1356 2336 1544 2390 videor
1586 2351 1716 2391 con-

173 2417 360 2472 ﬁrmare
381 2419 753 2488 conjecturam
785 2423 944 2478 modo
964 2423 1255 2480 indicatam
1281 2427 1349 2482 de
1368 2427 1715 2484 distinctione

172 2509 434 2563 evectionis
465 2511 531 2564 ad
567 2512 855 2580 imperium
884 2525 940 2569 et
975 2518 1348 2573 coronationis
1381 2519 1432 2572 in
1480 2519 1582 2576 boc
1628 2520 1716 2591 jn-

174 2598 287 2651 niori
324 2599 632 2668 Michaele;
669 2603 898 2674 ideoque
929 2605 1085 2660 istaut
1148 2607 1508 2665 dilierentiam
1551 2627 1716 2680 expo-

172 2705 274 2744 nam
303 2693 630 2753 distinctius.
674 2695 870 2751 Scribit
911 2696 1012 2752 hoc
1042 2698 1158 2754 loco
1191 2701 1403 2756 laudato
1437 2702 1715 2759 'Cantaeu-

176 2798 315 2839 zenus
346 2802 358 2838 :
391 2786 496 2840 Τοῦ
528 2787 819 2858 μέλλοντος
857 2790 1254 2862 χρισθὴσεσθαι
1302 2794 1572 2865 βασιλέως
1624 2799 1716 2852 ἐπὶ

175 2875 370 2941 ἀσπίδος
427 2880 820 2949 καθεσθέντος,
874 2884 902 2936 ὁ
937 2883 1192 2954 βασιλεῦς
1241 2888 1333 2939 καὶ
1392 2890 1573 2960 πατὴρ
1619 2891 1714 2943 τοῦ

171 2971 647 3042 ἁναγορευομένου,
680 2974 734 3030 εἴ
767 2992 829 3044 γε
853 2977 1120 3046 περίεστι,
1154 2979 1246 3032 καὶ
1279 2979 1306 3031 ό
1341 2981 1712 3053 πατριάρχης,

170 3061 260 3114 τῶν
282 3063 637 3138 ἐμπροσθίων
663 3068 847 3138 μερῶν
900 3070 1407 3142 ἐπιλαμϐανόμενοι
1433 3076 1532 3144 τῆς
1555 3077 1716 3129 ἀσπί-

171 3155 259 3220 δος,
286 3157 386 3212 τῶν
409 3159 452 3212 δ’
485 3159 797 3222 ἐπιλοίπων
822 3162 870 3215 οἱ
902 3163 960 3216 ὲν
989 3163 1298 3235 ἀξιώμασιν
1330 3166 1712 3237 ὑπερέχοντες,

170 3247 397 3304 δεσπόται
424 3269 480 3307 τε
512 3253 616 3306 καὶ
655 3254 1180 3326 σεϐαστοκράτορες,
1225 3259 1382 3328 εἴπερ
1411 3259 1570 3324 εἰσὶν,
1599 3260 1630 3330 ἤ
1671 3263 1719 3313 oi

171 3340 570 3407 ἐπιφανέστατοι
605 3343 836 3412 μάλιστα
868 3345 976 3398 τῶν
1009 3347 1414 3416 συγκλητικῶν,
1463 3351 1556 3402 καὶ
1587 3369 1718 3420 μετ-

171 3432 465 3499 εωρίσαντες
505 3435 590 3498 ὡς
635 3435 712 3487 ἔνι
753 3436 986 3505 μάλιστα
1036 3438 1200 3490 αὐτὸν
1236 3441 1350 3506 ἅμα
1403 3442 1468 3511 τῇ
1507 3444 1715 3506 ἀσπίδι,

172 3524 262 3577 τοῖς
289 3525 553 3595 πλήθεσιν
591 3528 998 3581 ἐπιδεικνύουσι
1051 3530 1143 3582 τὸν
1173 3529 1397 3599 βασιλέα
1448 3533 1717 3588 πάντοθεν

173 3621 611 3688 περιισταμένοις.
671 3618 786 3672 Hoc
834 3627 916 3673 est.
963 3636 977 3675 :
1017 3619 1346 3688 Imperatore
1418 3626 1716 3696 iuungendo

175 3718 305 3769 super
333 3717 540 3761 scutum
585 3709 909 3775 considente,
948 3712 1236 3780 imperator
1270 3725 1420 3778 pater
1454 3717 1589 3782 eius,
1627 3721 1718 3788 qui

175 3798 492 3869 acclamatur,
547 3805 593 3857 si
621 3805 831 3872 quidem
879 3817 1132 3872 superest,
1162 3810 1224 3862 'et
1257 3811 1584 3878 patriarcha,
1621 3831 1718 3867 an-

174 3892 421 3948 terioribus
449 3896 593 3949 scuti
622 3899 858 3965 partibus
899 3904 1174 3966 correptis,
1205 3904 1437 3972 reliquas
1480 3922 1598 3959 vero
1639 3916 1716 3960 te-

175 3985 384 4038 nentibus
435 3988 840 4058 magistratibus
902 3993 1197 4061 primariis,
1261 4012 1440 4062 nempe
1488 3998 1716 4067 despotis

175 4083 216 4124 et
256 4076 774 4147 sebastocratoribus,
829 4083 877 4134 si
921 4083 1138 4144 adsunt,
1185 4095 1276 4137 aut
1332 4086 1714 4141 illustrissimi:

174 4166 428 4239 quibusque
457 4170 628 4243 748
657 4175 884 4228 maxime
914 4173 978 4245 [P
1014 4174 1140 4247 5'55]
1175 4180 1590 4242 senatoriorum,
1627 4182 1714 4249 ip-

175 4270 272 4311 sum
299 4277 396 4316 una
428 4281 552 4317 cum
598 4274 744 4319 scuto
770 4278 1026 4336 quantum
1054 4269 1312 4323 altissime
1353 4281 1574 4341 possunt
1613 4273 1717 4326 ele-

176 4362 323 4405 cantes
361 4355 788 4427 inaugurandum
831 4358 1202 4428 imperatorem
1234 4363 1572 4432 circumfusae
1616 4382 1718 4418 an-

178 4439 307 4508 dique
342 4448 670 4502 multitudini
706 4457 995 4507 ostentant.
1049 4450 1124 4505 Ita
1163 4452 1602 4511 CantaCttzcnus.
1648 4462 1717 4511 At

1819 583 1961 650 quod
1993 582 2224 636 viderint
2287 585 2390 638 lide
2415 585 2614 652 optima
2662 603 2936 644 narrasse.
2989 589 3221 646 Tantum
3271 595 3388 650 ani-

1822 673 2291 742 madvertendnm,
2320 677 2456 731 duas
2487 679 2794 738 functiones
2820 698 2922 736 una
2947 693 3001 736 et
3027 686 3113 740 die
3142 694 3197 742 et
3226 703 3385 757 opera

1820 765 1872 818 in
1925 767 2237 823 Andronico
2289 767 2512 826 Jnniore
2560 775 2851 842 exercitas,
2897 781 3283 849 assumptionis
3334 783 3388 838 in

1820 857 2105 926 imperium
2159 870 2212 913 et
2259 866 2644 927 coronationis,
2687 867 2739 921 in
2774 869 3032 925 Michaele
3073 873 3214 929 dicta
3267 877 3390 945 qni-

1821 950 1942 1003 dem
1977 952 2060 1005 die
2092 950 2210 1006 Maii
2241 953 2303 1007 21
2338 955 2560 1012 alteram
2591 961 2870 1029 duntaxat,
2915 981 3110 1034 nempe
3154 983 3388 1024 corona-

1823 1041 2041 1108 tionem,
2073 1059 2193 1098 cum
2220 1046 2333 1115 jam
2359 1052 2655 1120 assumptio
2686 1069 2827 1108 anno
2860 1058 3129 1127 superiori
3159 1076 3390 1129 praeces-

1821 1135 2020 1200 sisset;
2077 1137 2127 1191 id
2158 1140 2297 1202 quod
2329 1141 2580 1198 distincte
2624 1146 2839 1214 quidem
2877 1150 2963 1204 hic
2994 1167 3098 1205 non
3131 1154 3390 1222 exprimit

1822 1227 2202 1299 Pachynteres,
2253 1233 2379 1287 alibi
2414 1243 2592 1290 tamen
2639 1238 2896 1306 insinuat,
2941 1243 3025 1297 vel
3059 1243 3108 1297 in
3147 1246 3298 1300 titulo
3333 1263 3384 1300 c.

1818 1317 1874 1382 4,
1906 1321 1941 1373 1.
1978 1337 2058 1386 ιιι,
2095 1325 2180 1376 ubi
2214 1324 2525 1382 Michaelem
2567 1330 2676 1399 jam
2713 1343 2824 1386 tum
2860 1339 3074 1404 quando
3105 1355 3298 1406 sponsa
3335 1345 3384 1396 ei

1819 1413 1988 1476 qumri
2020 1425 2104 1467 est
2137 1426 2310 1485 cmpta
2349 1423 2511 1488 (quod
2546 1422 2701 1492 longe
2729 1435 2853 1480 ante
2888 1428 2988 1482 hoc
3023 1440 3230 1500 tempus
3261 1450 3390 1489 cou-

1823 1503 1960 1575 tigil)
2012 1504 2311 1577 Augustum
2344 1510 2620 1567 iuniorem
2679 1528 2855 1582 vocat,
2903 1521 2987 1575 vel
3023 1536 3071 1576 c.
3114 1524 3168 1588 ί,
3218 1523 3253 1579 l.
3289 1541 3384 1592 vn,

1821 1597 1909 1650 ubi
1945 1597 2239 1655 Andronici
2272 1618 2471 1658 annum
2508 1606 2827 1662 vicesimum
2879 1612 3100 1666 tertium
3133 1630 3256 1670 cum
3284 1617 3384 1671 Mi-

1821 1687 2024 1744 chaeiis
2054 1691 2378 1749 duodecimo
2422 1700 2762 1756 c0ncurrisse
2789 1702 2886 1767 ait,
2920 1716 3078 1772 prout
3141 1707 3266 1760 alibi
3309 1708 3390 1763 fu-

1820 1777 1932 1832 sius
1978 1780 2389 1849 explicabimus,
2433 1785 2658 1843 ObserV.
2697 1790 2730 1844 l.
2783 1807 2866 1858 nt,
2896 1809 2942 1847 c.
2982 1795 3036 1849 5.
3067 1794 3182 1850 Non
3220 1796 3390 1853 fuisse

1822 1878 1998 1924 autem
2029 1873 2132 1928 rite
2167 1889 2499 1946 assurnptnm
2546 1884 2612 1936 ab
2659 1884 2970 1943 Andronico
3012 1904 3109 1944 avo
3161 1890 3214 1945 in
3258 1908 3387 1948 c0n-

1821 1965 2046 2018 sortium
2081 1967 2292 2037 imperii
2319 1973 2688 2031 Andronicum
2718 1977 3019 2046 .lnniorem,
3049 1983 3145 2038 sed
3175 1992 3380 2039 tantum

1821 2054 2191 2124 designatione
2225 2061 2409 2128 tacita,
2447 2065 2572 2119 dttm
2602 2067 2732 2121 vixit
2768 2069 2884 2138 ejus
2934 2080 3088 2140 pater
3131 2072 3380 2142 Michael,

1820 2159 1872 2201 ut
1917 2149 2182 2205 hacredem
2239 2153 2446 2222 imperii
2481 2173 2507 2209 a
2540 2160 2737 2228 populo
2783 2165 3099 2228 reveritum,
3149 2183 3255 2221 non
3289 2169 3388 2223 ob-

1821 2253 1978 2293 scure
2008 2255 2066 2294 se
2091 2243 2410 2297 arbitratum
2445 2246 2622 2302 innuit
2649 2251 2994 2309 Andronicus
3034 2257 3385 2328 ipse'senior,

1821 2330 1969 2396 dum,
2017 2343 2177 2402 prout
2217 2346 2400 2390 narrat
2432 2339 2861 2410 Cantacuzenus,
2927 2348 2962 2404 Ι.
3002 2365 3042 2416 ι,
3077 2368 3126 2407 c.
3159 2355 3214 2418 2,
3247 2372 3392 2410 mor-

1822 2430 1914 2475 tuo
1955 2423 2216 2480 Michaele
2253 2428 2554 2486 Andronici
2615 2434 2852 2492 Junioris
2882 2448 3070 2508 patre,
3120 2447 3286 2500 vetuit
3324 2465 3390 2501 ne

1815 2513 2090 2582 juraretur
2141 2520 2398 2591 deinceps
2431 2525 2482 2578 in
2525 2526 2684 2597 hujus
2711 2547 2928 2597 nomen,
2969 2534 3126 2588 talem
3157 2539 3204 2591 ei
3235 2537 3388 2609 patre

1820 2607 1943 2663 vivo
1983 2609 2222 2665 habitum
2269 2614 2527 2672 honorem
2568 2620 2820 2676 videlicet
2878 2626 3215 2696 existimans,
3277 2649 3384 2686 non

1821 2711 1882 2756 ut
1908 2702 2018 2772 jam
2059 2704 2320 2774 Augusto,
2352 2711 2445 2763 sed
2482 2719 2684 2764 tantum
2717 2723 2775 2768 ut
2802 2715 3028 2785 Augusti
3069 2721 3198 2788 tilio,
3226 2739 3386 2792 quam

1820 2795 2227 2863 appellationem
2263 2800 2436 2867 patris
2474 2813 2647 2856 morte
2681 2807 3028 2873 perdidisset.
3066 2813 3243 2882 Atque
3273 2816 3389 2870 haec

1823 2886 2015 2955 prima:
2048 2902 2205 2942 avum
2242 2890 2386 2945 inter
2413 2902 2463 2946 et
2491 2903 2738 2966 nepotem
2770 2898 3058 2957 discordiae
3107 2919 3265 2960 causa
3297 2924 3393 2961 ex-

1821 2978 1982 3044 stitit,
2013 2995 2117 3048 qua
2153 2981 2385 3052 denique
2416 2988 2714 3054 composita
2744 2989 2903 3045 simul
2934 3007 3243 3063 assumptus
3298 3014 3390 3052 so-

1821 3070 2075 3127 lemniter
2109 3073 2161 3128 in
2215 3074 2476 3147 collegam
2513 3079 2724 3148 imperii
2767 3082 2928 3139 simul
2982 3101 3270 3146 coronatus
3299 3093 3394 3146 Ju-

1822 3161 1948 3216 nior
1974 3163 2314 3221 Andronicus
2359 3178 2461 3234 est,
2497 3171 2638 3238 quod
2675 3186 2702 3224 a
2728 3164 3136 3244 'Cantacnzeno,
3191 3181 3229 3237 l.
3263 3200 3299 3250 ι,
3337 3201 3389 3240 c.

1825 3252 1915 3316 st,
1956 3253 2211 3310 relertur.
2245 3257 2414 3328 quue
2463 3271 2846 3329 praestructum
2874 3305 2890 3331 ,
2947 3269 3228 3341 utriusque
3278 3274 3389 3343 jam

1825 3347 2114 3401 concordis
2147 3349 2376 3403 consilio
2413 3351 2658 3413 inanitur
2694 3355 2759 3411 ad
2812 3369 3132 3428 apparatum
3177 3367 3395 3434 nuptia-

1825 3452 1963 3503 rum,
2011 3453 2147 3508 qnas
2185 3441 2376 3497 Iunior
2403 3444 2778 3504 celebraturus
2842 3461 2958 3506 erat
2985 3468 3106 3508 cum
3146 3455 3251 3510 tilia
3301 3474 3396 3513 co-

1824 3529 1967 3585 mitis
2001 3528 2305 3600 Sabandize,
2344 3549 2506 3603 quam
2536 3538 2657 3594 ideo
2697 3540 2869 3597 frater
2895 3543 3011 3610 ejus
3040 3547 3216 3616 (pater
3244 3550 3390 3606 enim

1821 3621 2061 3689 obierat)
2094 3623 2184 3676 tibi
2230 3625 2333 3680 rite
2358 3625 2669 3684 Andronico
2723 3631 2932 3691 Juuiori
2976 3636 3107 3703 jam,
3163 3649 3223 3693 ut
3265 3657 3291 3695 a
3329 3642 3398 3695 le-

1822 3713 1960 3781 gatis
1989 3715 2266 3780 audiebat,
2317 3719 2630 3788 imperatori
2692 3725 3013 3796 inaugurato
3078 3730 3390 3802 despondit,

1825 3822 1930 3858 non
1964 3808 2038 3861 uti
2070 3819 2231 3863 antea
2259 3813 2413 3880 quasi
2449 3828 2692 3871 sororem
2730 3831 2856 3872 natu
2890 3822 3154 3884 minorem
3187 3835 3241 3879 et
3289 3829 3388 3882 sibi

1820 3902 2091 3956 subditam
2125 3907 2398 3974 tractavit,
2424 3909 2516 3964 sed
2547 3911 2594 3966 ei
2647 3913 2903 3983 deinceps
2947 3918 3088 3973 ultro
3135 3922 3389 3987 decessit,

1820 3991 1922 4045 sibi
1977 3994 2310 4060 superiorem
2366 3997 2510 4052 illam
2563 4015 2864 4070 agnoscens
2902 4015 2956 4060 et.
2982 4008 3252 4064 dominam
3290 4029 3391 4081 ap-

1821 4082 2057 4151 pellans.
2092 4083 2170 4138 lta
2211 4085 2412 4140 diserte
2454 4103 2717 4146 memorat
2750 4094 3180 4159 Cautacuzenus.
3215 4117 3264 4155 c.
3297 4104 3390 4168 At),

1820 4188 1950 4228 sane
1980 4185 2105 4230 ante
2133 4176 2232 4230 hoc
2277 4186 2488 4247 tempus
2525 4184 2743 4240 nomine
2776 4186 3057 4242 dumtaxat
3115 4191 3282 4263 749
3315 4205 3394 4247 te-

1821 4283 1923 4320 nus
1959 4283 2021 4321 ac
2066 4271 2502 4338 praesumptione,
2554 4275 2690 4329 citra
2753 4278 2915 4333 ullam
2961 4279 3214 4350 legitimis
3255 4287 3395 4338 celo-

1821 4357 2029 4413 bratam
2060 4361 2250 4415 ritibus
2291 4367 2736 4432 assumptionem,
2769 4369 2939 4425 fuisse
2984 4373 3241 4430 tributam
3278 4377 3392 4430 Au-

1822 4450 2046 4505 dronico
2077 4449 2290 4506 Jttniori
2329 4456 2740 4523 appellationem
2794 4461 3162 4531 imperatoris,
3208 4477 3262 4520 et
3294 4469 3392 4521 Se-

183 4546 338 4590 noster
381 4539 431 4593 in
471 4540 776 4596 elevatione
828 4545 968 4596 scuti
998 4543 1196 4598 nullam
1241 4546 1588 4615 imperatoris
1629 4564 1712 4604 se-

1822 4542 1942 4594 nior
1983 4541 2324 4600 Andronicus
2367 4547 2715 4603 demonstrat
2739 4552 2890 4615 dum,
2943 4553 3207 4610 referente
3249 4558 3392 4612 Can-

182 4628 324 4686 nioris
363 4649 580 4704 Operam
625 4642 907 4696 inemorat.
957 4644 1244 4707 totumque
1295 4639 1349 4694 id
1408 4640 1611 4694 factum
1661 4643 1714 4696 in

182 4721 379 4776 solidum
418 4728 644 4781 ascribit.
693 4729 810 4784 τοῖς
863 4729 923 4780 ὲν
956 4728 1100 4781 τέλει
1142 4731 1564 4799 magistratibus.
1609 4748 1714 4787 non

183 4813 471 4882 emissurus,
495 4828 820 4888 utapparet,
842 4819 1141 4874 Andronici
1165 4823 1332 4890 patris
1365 4825 1716 4891 mentionem,

183 4904 219 4956 si
260 4922 350 4974 qua
392 4909 440 4962 in
469 4910 571 4963 ista
605 4910 879 4965 {tinctione
904 4926 1029 4980 pars
1064 4914 1178 4977 ejus
1210 4913 1507 4968 exstitisset
1535 4934 1548 4980 ;
1578 4917 1721 4971 sicut.

184 5000 317 5062 paulo
359 5002 495 5056 inira
535 5005 658 5056 dum
702 5003 945 5056 meminit
975 5003 1240 5073 impositae
1281 5006 1442 5074 capiti
1478 5006 1720 5062 Michae-

188 5089 241 5141 lis
268 5102 371 5158 post
421 5094 792 5148 inunctiouem
840 5109 1077 5159 coronae,
1150 5097 1409 5150 distincte
1456 5098 1718 5154 admonet

188 5191 365 5239 patrem
405 5185 522 5253 ejus
581 5185 850 5238 seniorem
919 5183 1218 5254 Augustum
1272 5202 1563 5241 coronasse
1607 5189 1720 5258 jam

190 5269 432 5329 inani-tum
467 5278 803 5337 Michaelent,
836 5276 1122 5341 adiuvante
1154 5278 1461 5344 patriarcha
1486 5318 1499 5342 ,
1536 5295 1598 5333 ac
1633 5295 1724 5333 co-

194 5376 312 5416 rona:
336 5371 451 5420 dum
482 5370 772 5436 imponitur
801 5376 1003 5437 partem
1035 5379 1257 5423 tenente.
1289 5368 1426 5434 Quid
1457 5370 1544 5424 hic
1575 5373 1725 5425 dice-

198 5459 337 5511 ntus?
365 5477 426 5513 an
465 5462 804 5530 negligentia:
838 5461 1132 5513 taxandnnt
1162 5458 1553 5527 Pacbymerem
1582 5460 1606 5513 Ἰ
1653 5477 1723 5516 an

195 5552 501 5615 exquisitiori
536 5553 863 5608 caeremonia
901 5567 1056 5607 usum
1086 5552 1137 5605 in
1175 5552 1488 5608 Andronico
1521 5567 1725 5625 nepote

198 5638 532 5712 inaugurando
552 5646 922 5700 Andronicum
953 5658 1110 5696 avum
1141 5658 1302 5712 quam
1328 5654 1537 5712 patrem
1567 5664 1724 5700 eum-

202 5735 298 5790 dem
330 5739 376 5793 in
408 5741 660 5796 Michaele
692 5740 804 5794 tilio
853 5739 1009 5806 longe
1041 5735 1414 5790 citatissimo?
1442 5737 1586 5791 Nihil
1631 5741 1728 5794 bo-

207 5841 299 5882 ιιιιιι
343 5835 622 5887 verisimile
672 5831 972 5902 putaverint
1005 5846 1017 5880 :
1050 5827 1145 5882 sed
1181 5829 1434 5885 existimo
1464 5841 1516 5886 et
1562 5847 1723 5888 unam

407 5931 650 5989 Parttet.
708 5933 821 5990 Gn.
857 5925 1095 5988 CXLIV
1115 5967 1129 5984 .

1823 4642 2102 4701 tacuzeuc,
2141 4635 2179 4689 Ι.
2214 4651 2254 4702 t,
2287 4652 2336 4690 c.
2387 4639 2443 4703 9,
2471 4641 2846 4696 Andronicum
2869 4659 2990 4699 eum
3030 4646 3388 4718 Palteolognm

1819 4724 2145 4793 simpliciter
2166 4737 2319 4783 vocat
2349 4738 2401 4784 et
2426 4742 2486 4784 ut
2516 4733 2819 4800 principem
2853 4739 3070 4803 agnosci
3097 4741 3342 4806 prohibet
3370 4759 3386 4808 ;

1820 4826 1876 4871 et
1913 4816 2030 4885 ipse
2105 4817 2262 4874 fateri
2319 4821 2538 4876 videtur
2587 4827 2932 4882 Andronicus
3001 4827 3211 4896 Junior,
3263 4836 3386 4888 dum

1820 4911 2010 4964 eodem
2052 4910 2207 4974 libro,
2236 4927 2286 4969 c.
2319 4912 2410 4979 23,
2446 4916 2580 4982 petit
2613 4917 2680 4968 ab
2715 4932 2816 4970 avo
2841 4920 3050 4974 admitti
3083 4937 3141 4975 se
3183 4923 3234 4975 in
3263 4939 3395 4974 cnn-

1823 5005 2054 5060 sortium
2105 5006 2316 5075 imperii
2352 5023 2472 5062 cum
2498 5009 2622 5078 jure
2654 5013 3038 5069 successionis.
3079 5015 3244 5071 noete
3295 5019 3394 5086 igi-

1824 5107 1910 5150 tur
1937 5111 2059 5151 cum
2085 5097 2246 5151 simul
2285 5109 2618 5167 assumptus,
2649 5102 2808 5155 simul
2843 5103 3098 5160 inunctus
3146 5121 3211 5161 ac
3239 5121 3395 5162 coro-

1826 5197 1984 5242 natus
2033 5189 2375 5246 Andronicus
2410 5188 2602 5243 Junior
2643 5191 2761 5259 fuit,
2803 5197 2945 5263 quod
2971 5208 3159 5251 narrat
3187 5198 3392 5252 Canta—

1824 5295 2085 5346 cuzenus,
2119 5294 2169 5333 c.
2202 5281 2292 5344 4i,
2327 5281 2467 5334 scuti
2500 5289 2706 5350 partem
2742 5285 3068 5342 anteriorem
3099 5289 3216 5357 ipse
3258 5305 3394 5344 avus

1825 5370 2100 5440 Augustus
2136 5371 2328 5436 tenuit,
2375 5387 2440 5426 eo
2470 5385 2736 5428 consueto
2787 5376 2889 5430 ritu
2942 5377 3116 5445 ipsutn
3158 5381 3396 5435 evehens

1827 5463 1881 5519 in
1911 5465 2206 5533 Augustam
2257 5465 2598 5533 dignitatem,
2651 5467 2797 5536 quod
2852 5470 3090 5523 nondum
3129 5470 3336 5525 fecerat
3378 5488 3394 5524 :

1827 5557 2049 5626 quando
2080 5565 2257 5609 autem
2285 5557 2544 5611 intinctus
2575 5567 2626 5612 et
2663 5571 2963 5614 coronatus
2992 5562 3249 5615 duntaxat
3280 5563 3395 5632 jam

1829 5657 1986 5700 antea
2043 5655 2265 5701 evectus
2322 5647 2374 5700 in
2422 5649 2706 5715 imperium
2742 5665 2768 5702 a
2831 5663 2984 5720 patre
3033 5650 3259 5706 Michael
3291 5664 3396 5718 est,

1830 5749 2040 5795 scutum
2079 5741 2132 5794 in
2181 5754 2292 5808 quo
2338 5739 2658 5795 elevabatur
2693 5761 2719 5795 ιι
2775 5753 2928 5810 patre
2966 5745 3234 5799 sublatum
3291 5760 3398 5800 non

1833 5846 1936 5898 est,
1983 5839 2143 5904 prout
2185 5831 2550 5903 Pachymeres
2577 5849 2690 5889 rem
2728 5849 2756 5887 a
2794 5850 2851 5890 se
2881 5837 3050 5891 visam
3081 5839 3401 5898 describens

2892 5928 2965 5990 26
