  <div class='ocr_page' id='page_1' title='image "/cluster/home/n/w/nwhite01/storage/ocr_20150623/144/hvd.32044019208339/413.png"; bbox 0 0 3856 6556; ppageno 0'>
   <div class='ocr_carea' id='block_1_1' title="bbox 430 409 530 473">
    <p class='ocr_par' dir='ltr' id='par_1_1' title="bbox 430 409 530 473">
     <span class='ocr_line' id='line_1_1' title="bbox 430 409 530 473; baseline -0.01 0"><span class='ocrx_word' id='word_1_1' title='bbox 430 409 530 473; x_wconf 85' lang='grc'><strong>811</strong></span> 
     </span>
    </p>
   </div>
   <div class='ocr_carea' id='block_1_2' title="bbox 1348 391 2774 461">
    <p class='ocr_par' dir='ltr' id='par_1_2' title="bbox 1348 391 2774 461">
     <span class='ocr_line' id='line_1_2' title="bbox 1348 391 2774 461; baseline -0.007 0"><span class='ocrx_word' id='word_1_2' title='bbox 1348 399 1417 461; x_wconf 85' lang='grc' dir='ltr'><strong>Ρ.</strong></span> <span class='ocrx_word' id='word_1_3' title='bbox 1460 392 1762 460; x_wconf 87' lang='lat' dir='ltr'><strong>POSSlNl</strong></span> <span class='ocrx_word' id='word_1_4' title='bbox 1801 391 2452 455; x_wconf 73' lang='lat' dir='ltr'><strong>OBSERVA&#39;I‘IONUM</strong></span> <span class='ocrx_word' id='word_1_5' title='bbox 2501 394 2644 452; x_wconf 75' lang='lat' dir='ltr'><strong>LIB.</strong></span> <span class='ocrx_word' id='word_1_6' title='bbox 2701 391 2774 451; x_wconf 88' lang='lat' dir='ltr'><strong>ll.</strong></span> 
     </span>
    </p>
   </div>
   <div class='ocr_carea' id='block_1_3' title="bbox 3583 391 3682 455">
    <p class='ocr_par' dir='ltr' id='par_1_3' title="bbox 3583 391 3682 455">
     <span class='ocr_line' id='line_1_3' title="bbox 3583 391 3682 455; baseline -0.02 0"><span class='ocrx_word' id='word_1_7' title='bbox 3583 391 3682 455; x_wconf 79' lang='lat' dir='ltr'><strong>8i2</strong></span> 
     </span>
    </p>
   </div>
   <div class='ocr_carea' id='block_1_4' title="bbox 418 511 3684 597">
    <p class='ocr_par' dir='ltr' id='par_1_4' title="bbox 418 511 3684 597">
     <span class='ocr_line' id='line_1_4' title="bbox 418 511 3684 597; baseline -0.005 -17"><span class='ocrx_word' id='word_1_8' title='bbox 418 524 723 597; x_wconf 73' lang='lat' dir='ltr'><strong>signiﬁcat.</strong></span> <span class='ocrx_word' id='word_1_9' title='bbox 769 521 838 576; x_wconf 86' lang='lat' dir='ltr'><strong>De</strong></span> <span class='ocrx_word' id='word_1_10' title='bbox 883 519 1088 590; x_wconf 77' lang='lat' dir='ltr'><strong>sparsis</strong></span> <span class='ocrx_word' id='word_1_11' title='bbox 1123 517 1174 572; x_wconf 93' lang='lat' dir='ltr'><strong>in</strong></span> <span class='ocrx_word' id='word_1_12' title='bbox 1209 516 1310 572; x_wconf 89' lang='lat' dir='ltr'><strong>hac</strong></span> <span class='ocrx_word' id='word_1_13' title='bbox 1337 519 1627 573; x_wconf 85' lang='lat' dir='ltr'><strong>occasione</strong></span> <span class='ocrx_word' id='word_1_14' title='bbox 1665 518 1716 570; x_wconf 88' lang='lat' dir='ltr'><strong>iit</strong></span> <span class='ocrx_word' id='word_1_15' title='bbox 1749 516 2002 586; x_wconf 82' lang='lat' dir='ltr'><strong>populum</strong></span> <span class='ocrx_word' id='word_1_16' title='bbox 2039 520 2082 574; x_wconf 77' lang='grc' dir='ltr'><strong>Α</strong></span> <span class='ocrx_word' id='word_1_17' title='bbox 2113 513 2374 568; x_wconf 80' lang='lat' dir='ltr'><strong>auxilium</strong></span> <span class='ocrx_word' id='word_1_18' title='bbox 2409 512 2752 582; x_wconf 83' lang='lat' dir='ltr'><strong>implorasse,</strong></span> <span class='ocrx_word' id='word_1_19' title='bbox 2786 514 2859 564; x_wconf 87' lang='lat' dir='ltr'><strong>ita</strong></span> <span class='ocrx_word' id='word_1_20' title='bbox 2895 511 3206 581; x_wconf 90' lang='lat' dir='ltr'><strong>patriarcha</strong></span> <span class='ocrx_word' id='word_1_21' title='bbox 3241 525 3379 564; x_wconf 90' lang='lat' dir='ltr'><strong>nunc</strong></span> <span class='ocrx_word' id='word_1_22' title='bbox 3411 513 3606 566; x_wconf 89' lang='lat' dir='ltr'><strong>sedens</strong></span> <span class='ocrx_word' id='word_1_23' title='bbox 3634 527 3684 564; x_wconf 90' lang='lat' dir='ltr'><strong>et</strong></span> 
     </span>
    </p>
   </div>
   <div class='ocr_carea' id='block_1_5' title="bbox 427 607 2006 682">
    <p class='ocr_par' dir='ltr' id='par_1_5' title="bbox 427 607 2006 682">
     <span class='ocr_line' id='line_1_5' title="bbox 427 607 2006 682; baseline -0.009 -8"><span class='ocrx_word' id='word_1_24' title='bbox 427 616 726 674; x_wconf 79' lang='lat' dir='ltr'><strong>nummulis</strong></span> <span class='ocrx_word' id='word_1_25' title='bbox 756 616 894 669; x_wconf 90' lang='lat' dir='ltr'><strong>intra</strong></span> <span class='ocrx_word' id='word_1_26' title='bbox 939 613 1032 667; x_wconf 92' lang='lat' dir='ltr'><strong>lini</strong></span> <span class='ocrx_word' id='word_1_27' title='bbox 1067 619 1347 682; x_wconf 81' lang='lat' dir='ltr'><strong>segmenta</strong></span> <span class='ocrx_word' id='word_1_28' title='bbox 1396 609 1602 680; x_wconf 76' lang='lat' dir='ltr'><strong>ligatis,</strong></span> <span class='ocrx_word' id='word_1_29' title='bbox 1633 622 1866 678; x_wconf 90' lang='lat' dir='ltr'><strong>quorum</strong></span> <span class='ocrx_word' id='word_1_30' title='bbox 1919 607 2006 661; x_wconf 91' lang='lat' dir='ltr'><strong>hic</strong></span> 
     </span>
    </p>
   </div>
   <div class='ocr_carea' id='block_1_6' title="bbox 427 701 2004 776">
    <p class='ocr_par' dir='ltr' id='par_1_6' title="bbox 427 701 2004 776">
     <span class='ocr_line' id='line_1_6' title="bbox 427 701 2004 776; baseline -0.006 -14"><span class='ocrx_word' id='word_1_31' title='bbox 427 709 676 763; x_wconf 89' lang='lat' dir='ltr'><strong>meminit</strong></span> <span class='ocrx_word' id='word_1_32' title='bbox 737 708 1121 776; x_wconf 81' lang='lat' dir='ltr'><strong>Pacliymeres,</strong></span> <span class='ocrx_word' id='word_1_33' title='bbox 1169 705 1291 758; x_wconf 81' lang='lat' dir='ltr'><strong>vide</strong></span> <span class='ocrx_word' id='word_1_34' title='bbox 1352 720 1472 773; x_wconf 72' lang='lat' dir='ltr'><strong>qua:</strong></span> <span class='ocrx_word' id='word_1_35' title='bbox 1520 701 1903 756; x_wconf 84' lang='lat' dir='ltr'><strong>adnotavimus</strong></span> <span class='ocrx_word' id='word_1_36' title='bbox 1951 701 2004 753; x_wconf 93' lang='lat' dir='ltr'><strong>in</strong></span> 
     </span>
    </p>
   </div>
   <div class='ocr_carea' id='block_1_7' title="bbox 417 795 1648 866">
    <p class='ocr_par' dir='ltr' id='par_1_7' title="bbox 417 795 1648 866">
     <span class='ocr_line' id='line_1_7' title="bbox 417 795 1648 866; baseline -0.006 -8"><span class='ocrx_word' id='word_1_37' title='bbox 417 798 704 858; x_wconf 85' lang='lat' dir='ltr'><strong>Glossario</strong></span> <span class='ocrx_word' id='word_1_38' title='bbox 733 799 858 852; x_wconf 90' lang='lat' dir='ltr'><strong>tomi</strong></span> <span class='ocrx_word' id='word_1_39' title='bbox 895 795 1088 866; x_wconf 84' lang='lat' dir='ltr'><strong>prioris</strong></span> <span class='ocrx_word' id='word_1_40' title='bbox 1115 796 1278 852; x_wconf 89' lang='lat' dir='ltr'><strong>verbo</strong></span> <span class='ocrx_word' id='word_1_41' title='bbox 1318 795 1648 865; x_wconf 83' lang='grc' dir='ltr'><strong>ὲπικόμπια.</strong></span> 
     </span>
    </p>
   </div>
   <div class='ocr_carea' id='block_1_8' title="bbox 492 885 2003 969">
    <p class='ocr_par' dir='ltr' id='par_1_8' title="bbox 492 885 2003 969">
     <span class='ocr_line' id='line_1_8' title="bbox 492 885 2003 969; baseline -0.007 -22"><span class='ocrx_word' id='word_1_42' title='bbox 492 893 577 969; x_wconf 80' lang='grc' dir='ltr'><strong>[Ρ.</strong></span> <span class='ocrx_word' id='word_1_43' title='bbox 604 889 734 962; x_wconf 76' lang='grc'><strong>556]</strong></span> <span class='ocrx_word' id='word_1_44' title='bbox 765 890 822 945; x_wconf 84' lang='grc' dir='ltr'><strong>Ρ.</strong></span> <span class='ocrx_word' id='word_1_45' title='bbox 856 891 980 946; x_wconf 80' lang='grc'><strong>197.</strong></span> <span class='ocrx_word' id='word_1_46' title='bbox 1002 890 1157 944; x_wconf 85' lang='lat' dir='ltr'><strong>liene</strong></span> <span class='ocrx_word' id='word_1_47' title='bbox 1182 890 1514 943; x_wconf 88' lang='lat' dir='ltr'><strong>marchionis</strong></span> <span class='ocrx_word' id='word_1_48' title='bbox 1540 885 1926 942; x_wconf 82' lang='lat' dir='ltr'><strong>Montisferrati</strong></span> <span class='ocrx_word' id='word_1_49' title='bbox 1953 887 2003 937; x_wconf 89' lang='lat' dir='ltr'><strong>in</strong></span> 
     </span>
    </p>
   </div>
   <div class='ocr_carea' id='block_1_9' title="bbox 421 981 2008 1054">
    <p class='ocr_par' dir='ltr' id='par_1_9' title="bbox 421 981 2008 1054">
     <span class='ocr_line' id='line_1_9' title="bbox 421 981 2008 1054; baseline -0.008 -10"><span class='ocrx_word' id='word_1_50' title='bbox 421 987 629 1044; x_wconf 87' lang='lat' dir='ltr'><strong>Lomba</strong></span> <span class='ocrx_word' id='word_1_51' title='bbox 643 989 756 1040; x_wconf 88' lang='lat' dir='ltr'><strong>rdia</strong></span> <span class='ocrx_word' id='word_1_52' title='bbox 793 987 924 1049; x_wconf 88' lang='lat' dir='ltr'><strong>lilia,</strong></span> <span class='ocrx_word' id='word_1_53' title='bbox 954 985 1191 1040; x_wconf 84' lang='lat' dir='ltr'><strong>secunda</strong></span> <span class='ocrx_word' id='word_1_54' title='bbox 1215 983 1416 1054; x_wconf 77' lang='lat' dir='ltr'><strong>conjux</strong></span> <span class='ocrx_word' id='word_1_55' title='bbox 1442 982 1738 1036; x_wconf 90' lang='lat' dir='ltr'><strong>Andronici</strong></span> <span class='ocrx_word' id='word_1_56' title='bbox 1763 981 2008 1036; x_wconf 89' lang='lat' dir='ltr'><strong>Senioris</strong></span> 
     </span>
    </p>
   </div>
   <div class='ocr_carea' id='block_1_10' title="bbox 423 1069 2008 1148">
    <p class='ocr_par' dir='ltr' id='par_1_10' title="bbox 423 1069 2008 1148">
     <span class='ocr_line' id='line_1_10' title="bbox 423 1069 2008 1148; baseline -0.008 -12"><span class='ocrx_word' id='word_1_57' title='bbox 423 1079 798 1148; x_wconf 83' lang='lat' dir='ltr'><strong>imperatoris,</strong></span> <span class='ocrx_word' id='word_1_58' title='bbox 824 1092 932 1133; x_wconf 86' lang='lat' dir='ltr'><strong>tres</strong></span> <span class='ocrx_word' id='word_1_59' title='bbox 955 1078 1003 1131; x_wconf 90' lang='lat' dir='ltr'><strong>ei</strong></span> <span class='ocrx_word' id='word_1_60' title='bbox 1039 1091 1219 1130; x_wconf 87' lang='lat' dir='ltr'><strong>mares</strong></span> <span class='ocrx_word' id='word_1_61' title='bbox 1249 1075 1476 1146; x_wconf 85' lang='lat' dir='ltr'><strong>peperit,</strong></span> <span class='ocrx_word' id='word_1_62' title='bbox 1510 1072 1802 1133; x_wconf 86' lang='lat' dir='ltr'><strong>Joannem.</strong></span> <span class='ocrx_word' id='word_1_63' title='bbox 1827 1069 2008 1126; x_wconf 83' lang='lat' dir='ltr'><strong>Theo-</strong></span> 
     </span>
    </p>
   </div>
   <div class='ocr_carea' id='block_1_11' title="bbox 422 1165 2004 1238">
    <p class='ocr_par' dir='ltr' id='par_1_11' title="bbox 422 1165 2004 1238">
     <span class='ocr_line' id='line_1_11' title="bbox 422 1165 2004 1238; baseline -0.009 -10"><span class='ocrx_word' id='word_1_64' title='bbox 422 1181 640 1238; x_wconf 84' lang='lat' dir='ltr'><strong>dorum,</strong></span> <span class='ocrx_word' id='word_1_65' title='bbox 671 1170 1031 1228; x_wconf 76' lang='lat' dir='ltr'><strong>Demetrium.</strong></span> <span class='ocrx_word' id='word_1_66' title='bbox 1082 1169 1197 1222; x_wconf 87' lang='lat' dir='ltr'><strong>Hoc</strong></span> <span class='ocrx_word' id='word_1_67' title='bbox 1231 1168 1433 1221; x_wconf 83' lang='lat' dir='ltr'><strong>diserte</strong></span> <span class='ocrx_word' id='word_1_68' title='bbox 1470 1167 1625 1218; x_wconf 89' lang='lat' dir='ltr'><strong>docet</strong></span> <span class='ocrx_word' id='word_1_69' title='bbox 1667 1165 2004 1218; x_wconf 79' lang='lat' dir='ltr'><strong>Cantacuze-</strong></span> 
     </span>
    </p>
   </div>
   <div class='ocr_carea' id='block_1_12' title="bbox 425 1255 2002 1338">
    <p class='ocr_par' dir='ltr' id='par_1_12' title="bbox 425 1255 2002 1338">
     <span class='ocr_line' id='line_1_12' title="bbox 425 1255 2002 1338; baseline -0.009 -15"><span class='ocrx_word' id='word_1_70' title='bbox 425 1284 554 1331; x_wconf 86' lang='lat' dir='ltr'><strong>nus,</strong></span> <span class='ocrx_word' id='word_1_71' title='bbox 616 1265 938 1338; x_wconf 77' lang='lat' dir='ltr'><strong>prtefatione</strong></span> <span class='ocrx_word' id='word_1_72' title='bbox 991 1261 1058 1315; x_wconf 90' lang='lat' dir='ltr'><strong>ad</strong></span> <span class='ocrx_word' id='word_1_73' title='bbox 1120 1260 1442 1322; x_wconf 83' lang='lat' dir='ltr'><strong>Historiam,</strong></span> <span class='ocrx_word' id='word_1_74' title='bbox 1506 1274 1558 1328; x_wconf 89' lang='lat' dir='ltr'><strong>p.</strong></span> <span class='ocrx_word' id='word_1_75' title='bbox 1630 1257 1664 1312; x_wconf 84' lang='lat'><strong>5</strong></span> <span class='ocrx_word' id='word_1_76' title='bbox 1722 1256 1810 1310; x_wconf 87' lang='lat' dir='ltr'><strong>ed.</strong></span> <span class='ocrx_word' id='word_1_77' title='bbox 1872 1255 2002 1324; x_wconf 72' lang='lat' dir='ltr'><strong>Reg.</strong></span> 
     </span>
    </p>
   </div>
   <div class='ocr_carea' id='block_1_13' title="bbox 429 1347 2005 1416">
    <p class='ocr_par' dir='ltr' id='par_1_13' title="bbox 429 1347 2005 1416">
     <span class='ocr_line' id='line_1_13' title="bbox 429 1347 2005 1416; baseline -0.011 0"><span class='ocrx_word' id='word_1_78' title='bbox 429 1363 643 1416; x_wconf 84' lang='lat' dir='ltr'><strong>Mortuo</strong></span> <span class='ocrx_word' id='word_1_79' title='bbox 672 1360 790 1413; x_wconf 83' lang='lat' dir='ltr'><strong>sine</strong></span> <span class='ocrx_word' id='word_1_80' title='bbox 821 1356 1007 1411; x_wconf 86' lang='lat' dir='ltr'><strong>liberis</strong></span> <span class='ocrx_word' id='word_1_81' title='bbox 1065 1354 1234 1408; x_wconf 77' lang='lat' dir='ltr'><strong>fratre</strong></span> <span class='ocrx_word' id='word_1_82' title='bbox 1284 1352 1473 1407; x_wconf 81' lang='lat' dir='ltr'><strong>[rencs</strong></span> <span class='ocrx_word' id='word_1_83' title='bbox 1508 1350 1824 1405; x_wconf 90' lang='lat' dir='ltr'><strong>marchione</strong></span> <span class='ocrx_word' id='word_1_84' title='bbox 1855 1347 2005 1402; x_wconf 84' lang='lat' dir='ltr'><strong>Mon-</strong></span> 
     </span>
    </p>
   </div>
   <div class='ocr_carea' id='block_1_14' title="bbox 426 1441 2006 1518">
    <p class='ocr_par' dir='ltr' id='par_1_14' title="bbox 426 1441 2006 1518">
     <span class='ocr_line' id='line_1_14' title="bbox 426 1441 2006 1518; baseline -0.009 -10"><span class='ocrx_word' id='word_1_85' title='bbox 426 1452 713 1518; x_wconf 85' lang='lat' dir='ltr'><strong>tisferrati,</strong></span> <span class='ocrx_word' id='word_1_86' title='bbox 758 1467 880 1506; x_wconf 89' lang='lat' dir='ltr'><strong>cum</strong></span> <span class='ocrx_word' id='word_1_87' title='bbox 927 1450 992 1502; x_wconf 85' lang='lat' dir='ltr'><strong>ad</strong></span> <span class='ocrx_word' id='word_1_88' title='bbox 1046 1445 1446 1501; x_wconf 88' lang='lat' dir='ltr'><strong>successionem</strong></span> <span class='ocrx_word' id='word_1_89' title='bbox 1504 1443 1840 1514; x_wconf 82' lang='lat' dir='ltr'><strong>principatus</strong></span> <span class='ocrx_word' id='word_1_90' title='bbox 1890 1441 2006 1508; x_wconf 80' lang='lat' dir='ltr'><strong>ejus</strong></span> 
     </span>
    </p>
   </div>
   <div class='ocr_carea' id='block_1_15' title="bbox 425 1533 2006 1607">
    <p class='ocr_par' dir='ltr' id='par_1_15' title="bbox 425 1533 2006 1607">
     <span class='ocr_line' id='line_1_15' title="bbox 425 1533 2006 1607; baseline -0.011 -7"><span class='ocrx_word' id='word_1_91' title='bbox 425 1547 722 1601; x_wconf 87' lang='lat' dir='ltr'><strong>mittendus</strong></span> <span class='ocrx_word' id='word_1_92' title='bbox 773 1557 916 1596; x_wconf 84' lang='lat' dir='ltr'><strong>esset</strong></span> <span class='ocrx_word' id='word_1_93' title='bbox 969 1539 1166 1607; x_wconf 78' lang='lat' dir='ltr'><strong>aliquis</strong></span> <span class='ocrx_word' id='word_1_94' title='bbox 1205 1552 1272 1592; x_wconf 78' lang='lat' dir='ltr'><strong>ex</strong></span> <span class='ocrx_word' id='word_1_95' title='bbox 1309 1533 1491 1590; x_wconf 89' lang='lat' dir='ltr'><strong>lrenes</strong></span> <span class='ocrx_word' id='word_1_96' title='bbox 1521 1535 1664 1597; x_wconf 88' lang='lat' dir='ltr'><strong>filiis,</strong></span> <span class='ocrx_word' id='word_1_97' title='bbox 1695 1541 1848 1602; x_wconf 87' lang='lat' dir='ltr'><strong>pater</strong></span> <span class='ocrx_word' id='word_1_98' title='bbox 1889 1546 2006 1585; x_wconf 80' lang='lat' dir='ltr'><strong>om-</strong></span> 
     </span>
    </p>
   </div>
   <div class='ocr_carea' id='block_1_16' title="bbox 425 1622 2005 1693">
    <p class='ocr_par' dir='ltr' id='par_1_16' title="bbox 425 1622 2005 1693">
     <span class='ocr_line' id='line_1_16' title="bbox 425 1622 2005 1693; baseline -0.011 -1"><span class='ocrx_word' id='word_1_99' title='bbox 425 1640 575 1693; x_wconf 92' lang='lat' dir='ltr'><strong>nium</strong></span> <span class='ocrx_word' id='word_1_100' title='bbox 633 1637 918 1691; x_wconf 89' lang='lat' dir='ltr'><strong>minimum</strong></span> <span class='ocrx_word' id='word_1_101' title='bbox 969 1630 1298 1686; x_wconf 78' lang='lat' dir='ltr'><strong>Demetrium</strong></span> <span class='ocrx_word' id='word_1_102' title='bbox 1339 1643 1404 1682; x_wconf 90' lang='lat' dir='ltr'><strong>eo</strong></span> <span class='ocrx_word' id='word_1_103' title='bbox 1451 1625 1774 1689; x_wconf 81' lang='lat' dir='ltr'><strong>destinavit,</strong></span> <span class='ocrx_word' id='word_1_104' title='bbox 1823 1632 1880 1678; x_wconf 84' lang='lat' dir='ltr'><strong>et</strong></span> <span class='ocrx_word' id='word_1_105' title='bbox 1909 1622 2005 1676; x_wconf 87' lang='lat' dir='ltr'><strong>de—</strong></span> 
     </span>
    </p>
   </div>
   <div class='ocr_carea' id='block_1_17' title="bbox 423 1713 2004 1798">
    <p class='ocr_par' dir='ltr' id='par_1_17' title="bbox 423 1713 2004 1798">
     <span class='ocr_line' id='line_1_17' title="bbox 423 1713 2004 1798; baseline -0.011 -16"><span class='ocrx_word' id='word_1_106' title='bbox 423 1739 594 1798; x_wconf 62' lang='lat' dir='ltr'><strong>spotic</strong></span> <span class='ocrx_word' id='word_1_107' title='bbox 641 1725 796 1779; x_wconf 86' lang='lat' dir='ltr'><strong>titulo</strong></span> <span class='ocrx_word' id='word_1_108' title='bbox 828 1725 1154 1778; x_wconf 86' lang='lat' dir='ltr'><strong>honoratum</strong></span> <span class='ocrx_word' id='word_1_109' title='bbox 1209 1719 1260 1774; x_wconf 90' lang='lat' dir='ltr'><strong>in</strong></span> <span class='ocrx_word' id='word_1_110' title='bbox 1295 1715 1730 1786; x_wconf 78' lang='lat' dir='ltr'><strong>Longobar-Iiani</strong></span> <span class='ocrx_word' id='word_1_111' title='bbox 1766 1713 1912 1769; x_wconf 81' lang='lat' dir='ltr'><strong>misit</strong></span> <span class='ocrx_word' id='word_1_112' title='bbox 1936 1715 2004 1766; x_wconf 84' lang='lat' dir='ltr'><strong>ad</strong></span> 
     </span>
    </p>
   </div>
   <div class='ocr_carea' id='block_1_18' title="bbox 425 1807 2002 1884">
    <p class='ocr_par' dir='ltr' id='par_1_18' title="bbox 425 1807 2002 1884">
     <span class='ocr_line' id='line_1_18' title="bbox 425 1807 2002 1884; baseline -0.011 -6"><span class='ocrx_word' id='word_1_113' title='bbox 425 1824 573 1878; x_wconf 85' lang='lat' dir='ltr'><strong>illam</strong></span> <span class='ocrx_word' id='word_1_114' title='bbox 633 1819 1003 1875; x_wconf 76' lang='lat' dir='ltr'><strong>lttcreditatent</strong></span> <span class='ocrx_word' id='word_1_115' title='bbox 1054 1815 1177 1884; x_wconf 82' lang='lat' dir='ltr'><strong>jure</strong></span> <span class='ocrx_word' id='word_1_116' title='bbox 1224 1822 1472 1867; x_wconf 88' lang='lat' dir='ltr'><strong>materno</strong></span> <span class='ocrx_word' id='word_1_117' title='bbox 1503 1810 1862 1865; x_wconf 88' lang='lat' dir='ltr'><strong>cernendam.</strong></span> <span class='ocrx_word' id='word_1_118' title='bbox 1897 1807 2002 1861; x_wconf 88' lang='lat' dir='ltr'><strong>Sed</strong></span> 
     </span>
    </p>
   </div>
   <div class='ocr_carea' id='block_1_19' title="bbox 2112 603 3684 676">
    <p class='ocr_par' dir='ltr' id='par_1_19' title="bbox 2112 603 3684 676">
     <span class='ocr_line' id='line_1_19' title="bbox 2112 603 3684 676; baseline -0.003 -15"><span class='ocrx_word' id='word_1_119' title='bbox 2112 607 2230 676; x_wconf 88' lang='lat' dir='ltr'><strong>ejus</strong></span> <span class='ocrx_word' id='word_1_120' title='bbox 2272 621 2582 662; x_wconf 78' lang='lat' dir='ltr'><strong>assessores</strong></span> <span class='ocrx_word' id='word_1_121' title='bbox 2617 604 2913 666; x_wconf 88' lang='lat' dir='ltr'><strong>antistites.</strong></span> <span class='ocrx_word' id='word_1_122' title='bbox 2973 619 3164 658; x_wconf 88' lang='lat' dir='ltr'><strong>omnes</strong></span> <span class='ocrx_word' id='word_1_123' title='bbox 3207 603 3491 658; x_wconf 87' lang='lat' dir='ltr'><strong>schismati</strong></span> <span class='ocrx_word' id='word_1_124' title='bbox 3544 605 3684 657; x_wconf 79' lang='lat' dir='ltr'><strong>addi—</strong></span> 
     </span>
    </p>
   </div>
   <div class='ocr_carea' id='block_1_20' title="bbox 2111 694 3681 765">
    <p class='ocr_par' dir='ltr' id='par_1_20' title="bbox 2111 694 3681 765">
     <span class='ocr_line' id='line_1_20' title="bbox 2111 694 3681 765; baseline -0.003 -13"><span class='ocrx_word' id='word_1_125' title='bbox 2111 698 2337 752; x_wconf 87' lang='lat' dir='ltr'><strong>ctissimi</strong></span> <span class='ocrx_word' id='word_1_126' title='bbox 2362 736 2379 763; x_wconf 93' lang='lat'><strong>,</strong></span> <span class='ocrx_word' id='word_1_127' title='bbox 2413 694 2640 752; x_wconf 78' lang='lat' dir='ltr'><strong>Joannis</strong></span> <span class='ocrx_word' id='word_1_128' title='bbox 2666 696 2851 761; x_wconf 83' lang='lat' dir='ltr'><strong>Vecci,</strong></span> <span class='ocrx_word' id='word_1_129' title='bbox 2887 697 2978 765; x_wconf 91' lang='lat' dir='ltr'><strong>qui</strong></span> <span class='ocrx_word' id='word_1_130' title='bbox 3025 707 3153 749; x_wconf 87' lang='lat' dir='ltr'><strong>tunc</strong></span> <span class='ocrx_word' id='word_1_131' title='bbox 3181 696 3247 750; x_wconf 89' lang='lat' dir='ltr'><strong>de</strong></span> <span class='ocrx_word' id='word_1_132' title='bbox 3285 697 3557 752; x_wconf 84' lang='lat' dir='ltr'><strong>sententia</strong></span> <span class='ocrx_word' id='word_1_133' title='bbox 3596 711 3681 750; x_wconf 85' lang='lat' dir='ltr'><strong>ca-</strong></span> 
     </span>
    </p>
   </div>
   <div class='ocr_carea' id='block_1_21' title="bbox 2115 789 3681 858">
    <p class='ocr_par' dir='ltr' id='par_1_21' title="bbox 2115 789 3681 858">
     <span class='ocr_line' id='line_1_21' title="bbox 2115 789 3681 858; baseline 0 -14"><span class='ocrx_word' id='word_1_134' title='bbox 2115 790 2440 846; x_wconf 84' lang='lat' dir='ltr'><strong>tholicorum</strong></span> <span class='ocrx_word' id='word_1_135' title='bbox 2495 790 2542 844; x_wconf 92' lang='lat' dir='ltr'><strong>ei</strong></span> <span class='ocrx_word' id='word_1_136' title='bbox 2596 790 2965 843; x_wconf 89' lang='lat' dir='ltr'><strong>assistentium</strong></span> <span class='ocrx_word' id='word_1_137' title='bbox 3009 789 3386 858; x_wconf 89' lang='lat' dir='ltr'><strong>episcoporum</strong></span> <span class='ocrx_word' id='word_1_138' title='bbox 3433 789 3681 845; x_wconf 84' lang='lat' dir='ltr'><strong>ecclesia-</strong></span> 
     </span>
    </p>
   </div>
   <div class='ocr_carea' id='block_1_22' title="bbox 2117 882 3682 952">
    <p class='ocr_par' dir='ltr' id='par_1_22' title="bbox 2117 882 3682 952">
     <span class='ocr_line' id='line_1_22' title="bbox 2117 882 3682 952; baseline -0.001 -16"><span class='ocrx_word' id='word_1_139' title='bbox 2117 885 2252 936; x_wconf 89' lang='lat' dir='ltr'><strong>stica</strong></span> <span class='ocrx_word' id='word_1_140' title='bbox 2286 891 2556 952; x_wconf 80' lang='lat' dir='ltr'><strong>potestate</strong></span> <span class='ocrx_word' id='word_1_141' title='bbox 2589 882 2926 936; x_wconf 79' lang='lat' dir='ltr'><strong>relaxaverat</strong></span> <span class='ocrx_word' id='word_1_142' title='bbox 2952 882 3225 937; x_wconf 74' lang='lat' dir='ltr'><strong>vinculum</strong></span> <span class='ocrx_word' id='word_1_143' title='bbox 3257 900 3287 936; x_wconf 93' lang='lat' dir='ltr'><strong>e</strong></span> <span class='ocrx_word' id='word_1_144' title='bbox 3310 892 3466 936; x_wconf 75' lang='lat' dir='ltr'><strong>sexto</strong></span> <span class='ocrx_word' id='word_1_145' title='bbox 3495 897 3682 951; x_wconf 80' lang='lat' dir='ltr'><strong>cogna-</strong></span> 
     </span>
    </p>
   </div>
   <div class='ocr_carea' id='block_1_23' title="bbox 2112 973 3684 1044">
    <p class='ocr_par' dir='ltr' id='par_1_23' title="bbox 2112 973 3684 1044">
     <span class='ocr_line' id='line_1_23' title="bbox 2112 973 3684 1044; baseline 0.001 -16"><span class='ocrx_word' id='word_1_146' title='bbox 2112 975 2278 1028; x_wconf 88' lang='lat' dir='ltr'><strong>tionis</strong></span> <span class='ocrx_word' id='word_1_147' title='bbox 2323 975 2496 1044; x_wconf 75' lang='lat' dir='ltr'><strong>gradu</strong></span> <span class='ocrx_word' id='word_1_148' title='bbox 2525 985 2725 1037; x_wconf 88' lang='lat' dir='ltr'><strong>ortum,</strong></span> <span class='ocrx_word' id='word_1_149' title='bbox 2767 989 2874 1043; x_wconf 89' lang='lat' dir='ltr'><strong>quo</strong></span> <span class='ocrx_word' id='word_1_150' title='bbox 2909 989 2938 1027; x_wconf 83' lang='lat' dir='ltr'><strong>a</strong></span> <span class='ocrx_word' id='word_1_151' title='bbox 2968 973 3091 1042; x_wconf 74' lang='lat' dir='ltr'><strong>iure</strong></span> <span class='ocrx_word' id='word_1_152' title='bbox 3113 975 3472 1030; x_wconf 84' lang='lat' dir='ltr'><strong>contrahendi</strong></span> <span class='ocrx_word' id='word_1_153' title='bbox 3504 976 3684 1029; x_wconf 81' lang='lat' dir='ltr'><strong>matri-</strong></span> 
     </span>
    </p>
   </div>
   <div class='ocr_carea' id='block_1_24' title="bbox 2112 1065 3686 1138">
    <p class='ocr_par' dir='ltr' id='par_1_24' title="bbox 2112 1065 3686 1138">
     <span class='ocr_line' id='line_1_24' title="bbox 2112 1065 3686 1138; baseline 0 -18"><span class='ocrx_word' id='word_1_154' title='bbox 2112 1069 2353 1121; x_wconf 89' lang='lat' dir='ltr'><strong>mooimn</strong></span> <span class='ocrx_word' id='word_1_155' title='bbox 2399 1067 2638 1135; x_wconf 61' lang='lat' dir='ltr'><strong>despota!</strong></span> <span class='ocrx_word' id='word_1_156' title='bbox 2668 1067 2901 1121; x_wconf 85' lang='lat' dir='ltr'><strong>Michael</strong></span> <span class='ocrx_word' id='word_1_157' title='bbox 2931 1065 3172 1138; x_wconf 72' lang='lat' dir='ltr'><strong>Angelus</strong></span> <span class='ocrx_word' id='word_1_158' title='bbox 3201 1077 3257 1122; x_wconf 86' lang='lat' dir='ltr'><strong>et</strong></span> <span class='ocrx_word' id='word_1_159' title='bbox 3295 1070 3453 1122; x_wconf 84' lang='lat' dir='ltr'><strong>Anna</strong></span> <span class='ocrx_word' id='word_1_160' title='bbox 3491 1067 3686 1122; x_wconf 64' lang='lat' dir='ltr'><strong>Palatii-</strong></span> 
     </span>
    </p>
   </div>
   <div class='ocr_carea' id='block_1_25' title="bbox 2111 1159 3680 1230">
    <p class='ocr_par' dir='ltr' id='par_1_25' title="bbox 2111 1159 3680 1230">
     <span class='ocr_line' id='line_1_25' title="bbox 2111 1159 3680 1230; baseline -0.002 -16"><span class='ocrx_word' id='word_1_161' title='bbox 2111 1161 2228 1230; x_wconf 81' lang='lat' dir='ltr'><strong>loga</strong></span> <span class='ocrx_word' id='word_1_162' title='bbox 2265 1160 2370 1213; x_wconf 86' lang='lat' dir='ltr'><strong>filia</strong></span> <span class='ocrx_word' id='word_1_163' title='bbox 2407 1159 2686 1214; x_wconf 71' lang='lat' dir='ltr'><strong>Michaelis</strong></span> <span class='ocrx_word' id='word_1_164' title='bbox 2714 1159 3061 1229; x_wconf 87' lang='lat' dir='ltr'><strong>imperatoris</strong></span> <span class='ocrx_word' id='word_1_165' title='bbox 3105 1160 3456 1224; x_wconf 86' lang='lat' dir='ltr'><strong>arcebantur,</strong></span> <span class='ocrx_word' id='word_1_166' title='bbox 3489 1160 3680 1214; x_wconf 85' lang='lat' dir='ltr'><strong>factum</strong></span> 
     </span>
    </p>
   </div>
   <div class='ocr_carea' id='block_1_26' title="bbox 2109 1251 3681 1316">
    <p class='ocr_par' dir='ltr' id='par_1_26' title="bbox 2109 1251 3681 1316">
     <span class='ocr_line' id='line_1_26' title="bbox 2109 1251 3681 1316; baseline -0.003 -8"><span class='ocrx_word' id='word_1_167' title='bbox 2109 1257 2369 1308; x_wconf 89' lang='lat' dir='ltr'><strong>damnare</strong></span> <span class='ocrx_word' id='word_1_168' title='bbox 2420 1252 2676 1316; x_wconf 85' lang='lat' dir='ltr'><strong>voluisse,</strong></span> <span class='ocrx_word' id='word_1_169' title='bbox 2719 1252 2861 1305; x_wconf 90' lang='lat' dir='ltr'><strong>ultro</strong></span> <span class='ocrx_word' id='word_1_170' title='bbox 2897 1251 3115 1307; x_wconf 85' lang='lat' dir='ltr'><strong>fatendo</strong></span> <span class='ocrx_word' id='word_1_171' title='bbox 3163 1253 3432 1307; x_wconf 76' lang='lat' dir='ltr'><strong>excedere</strong></span> <span class='ocrx_word' id='word_1_172' title='bbox 3482 1253 3534 1306; x_wconf 87' lang='lat' dir='ltr'><strong>id</strong></span> <span class='ocrx_word' id='word_1_173' title='bbox 3583 1256 3681 1304; x_wconf 87' lang='lat' dir='ltr'><strong>vini</strong></span> 
     </span>
    </p>
   </div>
   <div class='ocr_carea' id='block_1_27' title="bbox 2111 1343 3686 1418">
    <p class='ocr_par' dir='ltr' id='par_1_27' title="bbox 2111 1343 3686 1418">
     <span class='ocr_line' id='line_1_27' title="bbox 2111 1343 3686 1418; baseline -0.003 -16"><span class='ocrx_word' id='word_1_174' title='bbox 2111 1347 2492 1418; x_wconf 89' lang='lat' dir='ltr'><strong>patriarchalis</strong></span> <span class='ocrx_word' id='word_1_175' title='bbox 2519 1345 2884 1401; x_wconf 89' lang='lat' dir='ltr'><strong>auctoritatis.</strong></span> <span class='ocrx_word' id='word_1_176' title='bbox 2920 1346 3280 1400; x_wconf 85' lang='lat' dir='ltr'><strong>Permittebat</strong></span> <span class='ocrx_word' id='word_1_177' title='bbox 3311 1354 3492 1399; x_wconf 88' lang='lat' dir='ltr'><strong>autem</strong></span> <span class='ocrx_word' id='word_1_178' title='bbox 3532 1343 3686 1408; x_wconf 83' lang='lat' dir='ltr'><strong>Deus,</strong></span> 
     </span>
    </p>
   </div>
   <div class='ocr_carea' id='block_1_28' title="bbox 2109 1441 3687 1513">
    <p class='ocr_par' dir='ltr' id='par_1_28' title="bbox 2109 1441 3687 1513">
     <span class='ocr_line' id='line_1_28' title="bbox 2109 1441 3687 1513; baseline -0.005 -16"><span class='ocrx_word' id='word_1_179' title='bbox 2109 1445 2201 1513; x_wconf 84' lang='lat' dir='ltr'><strong>qui</strong></span> <span class='ocrx_word' id='word_1_180' title='bbox 2255 1457 2363 1497; x_wconf 91' lang='lat' dir='ltr'><strong>non</strong></span> <span class='ocrx_word' id='word_1_181' title='bbox 2412 1458 2535 1497; x_wconf 89' lang='lat' dir='ltr'><strong>raro</strong></span> <span class='ocrx_word' id='word_1_182' title='bbox 2588 1441 2849 1496; x_wconf 83' lang='lat' dir='ltr'><strong>factiosos</strong></span> <span class='ocrx_word' id='word_1_183' title='bbox 2897 1450 3087 1496; x_wconf 88' lang='lat' dir='ltr'><strong>contra</strong></span> <span class='ocrx_word' id='word_1_184' title='bbox 3141 1441 3440 1496; x_wconf 82' lang='lat' dir='ltr'><strong>Ecclesiam</strong></span> <span class='ocrx_word' id='word_1_185' title='bbox 3486 1442 3687 1507; x_wconf 81' lang='lat' dir='ltr'><strong>conspi-</strong></span> 
     </span>
    </p>
   </div>
   <div class='ocr_carea' id='block_1_29' title="bbox 2111 1533 3684 1597">
    <p class='ocr_par' dir='ltr' id='par_1_29' title="bbox 2111 1533 3684 1597">
     <span class='ocr_line' id='line_1_29' title="bbox 2111 1533 3684 1597; baseline -0.003 -7"><span class='ocrx_word' id='word_1_186' title='bbox 2111 1544 2297 1590; x_wconf 89' lang='lat' dir='ltr'><strong>rantes</strong></span> <span class='ocrx_word' id='word_1_187' title='bbox 2335 1534 2541 1590; x_wconf 90' lang='lat' dir='ltr'><strong>mutuis</strong></span> <span class='ocrx_word' id='word_1_188' title='bbox 2595 1533 2740 1588; x_wconf 89' lang='lat' dir='ltr'><strong>inter</strong></span> <span class='ocrx_word' id='word_1_189' title='bbox 2789 1547 2910 1588; x_wconf 87' lang='lat' dir='ltr'><strong>sese</strong></span> <span class='ocrx_word' id='word_1_190' title='bbox 2951 1533 3322 1588; x_wconf 85' lang='lat' dir='ltr'><strong>simultatibus</strong></span> <span class='ocrx_word' id='word_1_191' title='bbox 3379 1533 3684 1597; x_wconf 86' lang='lat' dir='ltr'><strong>committit,</strong></span> 
     </span>
    </p>
   </div>
   <div class='ocr_carea' id='block_1_30' title="bbox 2109 1625 3682 1696">
    <p class='ocr_par' dir='ltr' id='par_1_30' title="bbox 2109 1625 3682 1696">
     <span class='ocr_line' id='line_1_30' title="bbox 2109 1625 3682 1696; baseline -0.004 -13"><span class='ocrx_word' id='word_1_192' title='bbox 2109 1644 2232 1683; x_wconf 88' lang='lat' dir='ltr'><strong>sese</strong></span> <span class='ocrx_word' id='word_1_193' title='bbox 2280 1628 2412 1682; x_wconf 85' lang='lat' dir='ltr'><strong>istos</strong></span> <span class='ocrx_word' id='word_1_194' title='bbox 2467 1627 2620 1681; x_wconf 78' lang='lat' dir='ltr'><strong>vanis</strong></span> <span class='ocrx_word' id='word_1_195' title='bbox 2650 1626 2802 1681; x_wconf 90' lang='lat' dir='ltr'><strong>hisce</strong></span> <span class='ocrx_word' id='word_1_196' title='bbox 2842 1625 3113 1696; x_wconf 86' lang='lat' dir='ltr'><strong>scrupulis</strong></span> <span class='ocrx_word' id='word_1_197' title='bbox 3146 1627 3376 1680; x_wconf 80' lang='lat' dir='ltr'><strong>invicem</strong></span> <span class='ocrx_word' id='word_1_198' title='bbox 3411 1626 3682 1680; x_wconf 77' lang='lat' dir='ltr'><strong>infestare.</strong></span> 
     </span>
    </p>
   </div>
   <div class='ocr_carea' id='block_1_31' title="bbox 2109 1719 3684 1797">
    <p class='ocr_par' dir='ltr' id='par_1_31' title="bbox 2109 1719 3684 1797">
     <span class='ocr_line' id='line_1_31' title="bbox 2109 1719 3684 1797; baseline -0.003 -19"><span class='ocrx_word' id='word_1_199' title='bbox 2109 1724 2194 1797; x_wconf 73' lang='grc' dir='ltr'><strong>μ).</strong></span> <span class='ocrx_word' id='word_1_200' title='bbox 2221 1722 2350 1794; x_wconf 78' lang='lat'><strong>557]</strong></span> <span class='ocrx_word' id='word_1_201' title='bbox 2374 1722 2505 1776; x_wconf 82' lang='lat' dir='ltr'><strong>Nam</strong></span> <span class='ocrx_word' id='word_1_202' title='bbox 2532 1721 2692 1792; x_wconf 91' lang='lat' dir='ltr'><strong>paulo</strong></span> <span class='ocrx_word' id='word_1_203' title='bbox 2721 1719 2975 1791; x_wconf 90' lang='lat' dir='ltr'><strong>superius</strong></span> <span class='ocrx_word' id='word_1_204' title='bbox 2998 1719 3097 1774; x_wconf 60' lang='grc' dir='ltr'><strong>αὖ</strong></span> <span class='ocrx_word' id='word_1_205' title='bbox 3125 1719 3498 1791; x_wconf 80' lang='lat' dir='ltr'><strong>Pachymeres</strong></span> <span class='ocrx_word' id='word_1_206' title='bbox 3533 1720 3684 1775; x_wconf 89' lang='lat' dir='ltr'><strong>refert</strong></span> 
     </span>
    </p>
   </div>
   <div class='ocr_carea' id='block_1_32' title="bbox 2110 1812 3680 1886">
    <p class='ocr_par' dir='ltr' id='par_1_32' title="bbox 2110 1812 3680 1886">
     <span class='ocr_line' id='line_1_32' title="bbox 2110 1812 3680 1886; baseline -0.001 -18"><span class='ocrx_word' id='word_1_207' title='bbox 2110 1815 2476 1886; x_wconf 88' lang='lat' dir='ltr'><strong>patriarcham</strong></span> <span class='ocrx_word' id='word_1_208' title='bbox 2525 1824 2578 1868; x_wconf 90' lang='lat' dir='ltr'><strong>et</strong></span> <span class='ocrx_word' id='word_1_209' title='bbox 2623 1814 2912 1884; x_wconf 85' lang='lat' dir='ltr'><strong>episcopos</strong></span> <span class='ocrx_word' id='word_1_210' title='bbox 2970 1812 3259 1882; x_wconf 60' lang='lat' dir='ltr'><strong>prmfracte</strong></span> <span class='ocrx_word' id='word_1_211' title='bbox 3314 1829 3547 1884; x_wconf 81' lang='lat' dir='ltr'><strong>negasse</strong></span> <span class='ocrx_word' id='word_1_212' title='bbox 3580 1813 3680 1867; x_wconf 81' lang='lat' dir='ltr'><strong>An-</strong></span> 
     </span>
    </p>
   </div>
   <div class='ocr_carea' id='block_1_33' title="bbox 426 1895 2008 1980">
    <p class='ocr_par' dir='ltr' id='par_1_33' title="bbox 426 1902 2006 1980">
     <span class='ocr_line' id='line_1_33' title="bbox 426 1902 2006 1980; baseline -0.011 -9"><span class='ocrx_word' id='word_1_213' title='bbox 426 1926 602 1971; x_wconf 79' lang='lat' dir='ltr'><strong>mater</strong></span> <span class='ocrx_word' id='word_1_214' title='bbox 649 1910 824 1975; x_wconf 89' lang='lat' dir='ltr'><strong>lrene,</strong></span> <span class='ocrx_word' id='word_1_215' title='bbox 860 1927 979 1980; x_wconf 73' lang='lat' dir='ltr'><strong>qua:</strong></span> <span class='ocrx_word' id='word_1_216' title='bbox 1013 1919 1140 1963; x_wconf 88' lang='lat' dir='ltr'><strong>tunc</strong></span> <span class='ocrx_word' id='word_1_217' title='bbox 1172 1905 1411 1976; x_wconf 84' lang='lat' dir='ltr'><strong>procula</strong></span> <span class='ocrx_word' id='word_1_218' title='bbox 1448 1905 1563 1958; x_wconf 87' lang='lat' dir='ltr'><strong>viro</strong></span> <span class='ocrx_word' id='word_1_219' title='bbox 1599 1902 2006 1957; x_wconf 66' lang='lat' dir='ltr'><strong>Thessalonicae</strong></span> 
     </span>
    </p>
   </div>
   <div class='ocr_carea' id='block_1_34' title="bbox 2115 1895 3686 1980">
    <p class='ocr_par' dir='ltr' id='par_1_34' title="bbox 2115 1903 3686 1962">
     <span class='ocr_line' id='line_1_34' title="bbox 2115 1903 3686 1962; baseline -0.004 0"><span class='ocrx_word' id='word_1_220' title='bbox 2115 1908 2343 1962; x_wconf 90' lang='lat' dir='ltr'><strong>dronico</strong></span> <span class='ocrx_word' id='word_1_221' title='bbox 2376 1906 2772 1961; x_wconf 85' lang='lat' dir='ltr'><strong>instantissime</strong></span> <span class='ocrx_word' id='word_1_222' title='bbox 2813 1907 2991 1960; x_wconf 88' lang='lat' dir='ltr'><strong>oranti</strong></span> <span class='ocrx_word' id='word_1_223' title='bbox 3031 1905 3484 1958; x_wconf 85' lang='lat' dir='ltr'><strong>constitutionem</strong></span> <span class='ocrx_word' id='word_1_224' title='bbox 3520 1903 3686 1959; x_wconf 87' lang='lat' dir='ltr'><strong>eccle-</strong></span> 
     </span>
    </p>
   </div>
   <div class='ocr_carea' id='block_1_35' title="bbox 424 1990 2008 2079">
    <p class='ocr_par' dir='ltr' id='par_1_35' title="bbox 424 1990 2008 2079">
     <span class='ocr_line' id='line_1_35' title="bbox 424 1990 2008 2079; baseline -0.013 -15"><span class='ocrx_word' id='word_1_225' title='bbox 424 2009 965 2079; x_wconf 72' lang='lat' dir='ltr'><strong>tlegeliat,tjtt:eqtte,</strong></span> <span class='ocrx_word' id='word_1_226' title='bbox 1001 2012 1057 2054; x_wconf 90' lang='lat' dir='ltr'><strong>ttt</strong></span> <span class='ocrx_word' id='word_1_227' title='bbox 1108 1997 1476 2068; x_wconf 76' lang='lat' dir='ltr'><strong>Pachymeres</strong></span> <span class='ocrx_word' id='word_1_228' title='bbox 1526 1994 1722 2048; x_wconf 88' lang='lat' dir='ltr'><strong>alicubi</strong></span> <span class='ocrx_word' id='word_1_229' title='bbox 1765 1990 2008 2044; x_wconf 89' lang='lat' dir='ltr'><strong>timidius</strong></span> 
     </span>
    </p>
   </div>
   <div class='ocr_carea' id='block_1_36' title="bbox 429 2084 2011 2163">
    <p class='ocr_par' dir='ltr' id='par_1_36' title="bbox 429 2084 2011 2163">
     <span class='ocr_line' id='line_1_36' title="bbox 429 2084 2011 2163; baseline -0.014 -6"><span class='ocrx_word' id='word_1_230' title='bbox 429 2104 657 2163; x_wconf 90' lang='lat' dir='ltr'><strong>indicat,</strong></span> <span class='ocrx_word' id='word_1_231' title='bbox 695 2098 862 2151; x_wconf 87' lang='lat' dir='ltr'><strong>multo</strong></span> <span class='ocrx_word' id='word_1_232' title='bbox 896 2108 1074 2148; x_wconf 87' lang='lat' dir='ltr'><strong>autem</strong></span> <span class='ocrx_word' id='word_1_233' title='bbox 1107 2091 1381 2147; x_wconf 70' lang='lat' dir='ltr'><strong>exsertius</strong></span> <span class='ocrx_word' id='word_1_234' title='bbox 1413 2088 1680 2157; x_wconf 77' lang='lat' dir='ltr'><strong>Gregoras</strong></span> <span class='ocrx_word' id='word_1_235' title='bbox 1705 2084 2011 2156; x_wconf 69' lang='lat' dir='ltr'><strong>profitetur,</strong></span> 
     </span>
    </p>
   </div>
   <div class='ocr_carea' id='block_1_37' title="bbox 427 2176 2010 2255">
    <p class='ocr_par' dir='ltr' id='par_1_37' title="bbox 427 2176 2010 2255">
     <span class='ocr_line' id='line_1_37' title="bbox 427 2176 2010 2255; baseline -0.015 -5"><span class='ocrx_word' id='word_1_236' title='bbox 427 2200 668 2250; x_wconf 80' lang='lat' dir='ltr'><strong>rationes</strong></span> <span class='ocrx_word' id='word_1_237' title='bbox 697 2194 750 2247; x_wconf 89' lang='lat' dir='ltr'><strong>iii</strong></span> <span class='ocrx_word' id='word_1_238' title='bbox 789 2189 973 2243; x_wconf 89' lang='lat' dir='ltr'><strong>multis</strong></span> <span class='ocrx_word' id='word_1_239' title='bbox 1030 2200 1267 2255; x_wconf 84' lang='lat' dir='ltr'><strong>sequens</strong></span> <span class='ocrx_word' id='word_1_240' title='bbox 1308 2183 1557 2254; x_wconf 91' lang='lat' dir='ltr'><strong>proprias</strong></span> <span class='ocrx_word' id='word_1_241' title='bbox 1595 2180 1737 2234; x_wconf 86' lang='lat' dir='ltr'><strong>haud</strong></span> <span class='ocrx_word' id='word_1_242' title='bbox 1784 2176 2010 2233; x_wconf 89' lang='lat' dir='ltr'><strong>multum</strong></span> 
     </span>
    </p>
   </div>
   <div class='ocr_carea' id='block_1_38' title="bbox 426 2267 2011 2348">
    <p class='ocr_par' dir='ltr' id='par_1_38' title="bbox 426 2267 2011 2348">
     <span class='ocr_line' id='line_1_38' title="bbox 426 2267 2011 2348; baseline -0.013 -7"><span class='ocrx_word' id='word_1_243' title='bbox 426 2287 665 2342; x_wconf 73' lang='lat' dir='ltr'><strong>obnoxie</strong></span> <span class='ocrx_word' id='word_1_244' title='bbox 723 2279 903 2337; x_wconf 89' lang='lat' dir='ltr'><strong>mariti</strong></span> <span class='ocrx_word' id='word_1_245' title='bbox 963 2277 1180 2348; x_wconf 83' lang='lat' dir='ltr'><strong>placitis</strong></span> <span class='ocrx_word' id='word_1_246' title='bbox 1229 2289 1356 2329; x_wconf 84' lang='lat' dir='ltr'><strong>suas</strong></span> <span class='ocrx_word' id='word_1_247' title='bbox 1411 2272 1742 2341; x_wconf 77' lang='lat' dir='ltr'><strong>sabjungere</strong></span> <span class='ocrx_word' id='word_1_248' title='bbox 1800 2267 2011 2322; x_wconf 82' lang='lat' dir='ltr'><strong>solebat</strong></span> 
     </span>
    </p>
   </div>
   <div class='ocr_carea' id='block_1_39' title="bbox 425 2361 2014 2444">
    <p class='ocr_par' dir='ltr' id='par_1_39' title="bbox 425 2361 2014 2444">
     <span class='ocr_line' id='line_1_39' title="bbox 425 2361 2014 2444; baseline -0.011 -13"><span class='ocrx_word' id='word_1_249' title='bbox 425 2381 751 2441; x_wconf 73' lang='lat' dir='ltr'><strong>voluntates,</strong></span> <span class='ocrx_word' id='word_1_250' title='bbox 788 2375 1051 2444; x_wconf 86' lang='lat' dir='ltr'><strong>aptiorem</strong></span> <span class='ocrx_word' id='word_1_251' title='bbox 1103 2366 1460 2438; x_wconf 62' lang='lat' dir='ltr'><strong>praerogativa</strong></span> <span class='ocrx_word' id='word_1_252' title='bbox 1508 2363 1684 2418; x_wconf 74' lang='lat' dir='ltr'><strong>aztatis</strong></span> <span class='ocrx_word' id='word_1_253' title='bbox 1727 2361 2014 2416; x_wconf 89' lang='lat' dir='ltr'><strong>adultioris</strong></span> 
     </span>
    </p>
   </div>
   <div class='ocr_carea' id='block_1_40' title="bbox 427 2453 2011 2525">
    <p class='ocr_par' dir='ltr' id='par_1_40' title="bbox 427 2453 2011 2525">
     <span class='ocr_line' id='line_1_40' title="bbox 427 2453 2011 2525; baseline -0.011 -2"><span class='ocrx_word' id='word_1_254' title='bbox 427 2471 493 2523; x_wconf 86' lang='lat' dir='ltr'><strong>ad</strong></span> <span class='ocrx_word' id='word_1_255' title='bbox 522 2471 622 2524; x_wconf 89' lang='lat' dir='ltr'><strong>hoc</strong></span> <span class='ocrx_word' id='word_1_256' title='bbox 647 2465 996 2520; x_wconf 89' lang='lat' dir='ltr'><strong>Theodorum</strong></span> <span class='ocrx_word' id='word_1_257' title='bbox 1034 2469 1346 2522; x_wconf 85' lang='lat' dir='ltr'><strong>autumans,</strong></span> <span class='ocrx_word' id='word_1_258' title='bbox 1381 2472 1502 2512; x_wconf 90' lang='lat' dir='ltr'><strong>cum</strong></span> <span class='ocrx_word' id='word_1_259' title='bbox 1526 2473 1588 2510; x_wconf 81' lang='lat' dir='ltr'><strong>ex</strong></span> <span class='ocrx_word' id='word_1_260' title='bbox 1631 2453 2011 2525; x_wconf 82' lang='lat' dir='ltr'><strong>propinquiori</strong></span> 
     </span>
    </p>
   </div>
   <div class='ocr_carea' id='block_1_41' title="bbox 427 2545 2010 2622">
    <p class='ocr_par' dir='ltr' id='par_1_41' title="bbox 427 2545 2010 2622">
     <span class='ocr_line' id='line_1_41' title="bbox 427 2545 2010 2622; baseline -0.011 -7"><span class='ocrx_word' id='word_1_261' title='bbox 427 2575 653 2616; x_wconf 84' lang='lat' dir='ltr'><strong>strenue</strong></span> <span class='ocrx_word' id='word_1_262' title='bbox 711 2559 949 2622; x_wconf 85' lang='lat' dir='ltr'><strong>mittens.</strong></span> <span class='ocrx_word' id='word_1_263' title='bbox 1012 2555 1305 2619; x_wconf 74' lang='lat' dir='ltr'><strong>adventum</strong></span> <span class='ocrx_word' id='word_1_264' title='bbox 1395 2548 1654 2605; x_wconf 90' lang='lat' dir='ltr'><strong>Demetrii</strong></span> <span class='ocrx_word' id='word_1_265' title='bbox 1724 2545 2010 2618; x_wconf 69' lang='lat' dir='ltr'><strong>prazvenit.</strong></span> 
     </span>
    </p>
   </div>
   <div class='ocr_carea' id='block_1_42' title="bbox 428 2639 2008 2721">
    <p class='ocr_par' dir='ltr' id='par_1_42' title="bbox 428 2639 2008 2721">
     <span class='ocr_line' id='line_1_42' title="bbox 428 2639 2008 2721; baseline -0.008 -19"><span class='ocrx_word' id='word_1_266' title='bbox 428 2656 610 2721; x_wconf 83' lang='lat' dir='ltr'><strong>Quare</strong></span> <span class='ocrx_word' id='word_1_267' title='bbox 631 2648 1039 2706; x_wconf 87' lang='lat' dir='ltr'><strong>marchionatus</strong></span> <span class='ocrx_word' id='word_1_268' title='bbox 1066 2642 1590 2700; x_wconf 82' lang='lat' dir='ltr'><strong>Montisferratensis</strong></span> <span class='ocrx_word' id='word_1_269' title='bbox 1613 2639 2008 2711; x_wconf 85' lang='lat' dir='ltr'><strong>possessionem</strong></span> 
     </span>
    </p>
   </div>
   <div class='ocr_carea' id='block_1_43' title="bbox 431 2730 2014 2808">
    <p class='ocr_par' dir='ltr' id='par_1_43' title="bbox 431 2730 2014 2808">
     <span class='ocr_line' id='line_1_43' title="bbox 431 2730 2014 2808; baseline -0.012 -5"><span class='ocrx_word' id='word_1_270' title='bbox 431 2746 754 2803; x_wconf 81' lang='lat' dir='ltr'><strong>Theodorus</strong></span> <span class='ocrx_word' id='word_1_271' title='bbox 777 2744 932 2807; x_wconf 89' lang='lat' dir='ltr'><strong>adiit,</strong></span> <span class='ocrx_word' id='word_1_272' title='bbox 963 2741 1189 2808; x_wconf 76' lang='lat' dir='ltr'><strong>conjuge</strong></span> <span class='ocrx_word' id='word_1_273' title='bbox 1221 2745 1442 2806; x_wconf 77' lang='lat' dir='ltr'><strong>accepta</strong></span> <span class='ocrx_word' id='word_1_274' title='bbox 1469 2733 1675 2804; x_wconf 90' lang='lat' dir='ltr'><strong>Spinnli</strong></span> <span class='ocrx_word' id='word_1_275' title='bbox 1707 2730 2014 2787; x_wconf 87' lang='lat' dir='ltr'><strong>Genuensis</strong></span> 
     </span>
    </p>
   </div>
   <div class='ocr_carea' id='block_1_44' title="bbox 430 2828 2007 2910">
    <p class='ocr_par' dir='ltr' id='par_1_44' title="bbox 430 2828 2007 2910">
     <span class='ocr_line' id='line_1_44' title="bbox 430 2828 2007 2910; baseline -0.009 -19"><span class='ocrx_word' id='word_1_276' title='bbox 430 2843 531 2896; x_wconf 84' lang='lat' dir='ltr'><strong>viri</strong></span> <span class='ocrx_word' id='word_1_277' title='bbox 582 2840 824 2910; x_wconf 88' lang='lat' dir='ltr'><strong>primarii</strong></span> <span class='ocrx_word' id='word_1_278' title='bbox 867 2838 997 2900; x_wconf 83' lang='lat' dir='ltr'><strong>filia,</strong></span> <span class='ocrx_word' id='word_1_279' title='bbox 1043 2851 1110 2890; x_wconf 80' lang='lat' dir='ltr'><strong>ex</strong></span> <span class='ocrx_word' id='word_1_280' title='bbox 1163 2850 1268 2904; x_wconf 89' lang='lat' dir='ltr'><strong>qua</strong></span> <span class='ocrx_word' id='word_1_281' title='bbox 1323 2847 1448 2885; x_wconf 90' lang='lat' dir='ltr'><strong>cum</strong></span> <span class='ocrx_word' id='word_1_282' title='bbox 1498 2830 1706 2900; x_wconf 87' lang='lat' dir='ltr'><strong>prolem</strong></span> <span class='ocrx_word' id='word_1_283' title='bbox 1737 2828 2007 2882; x_wconf 80' lang='lat' dir='ltr'><strong>duntaxat</strong></span> 
     </span>
    </p>
   </div>
   <div class='ocr_carea' id='block_1_45' title="bbox 427 2921 2010 2999">
    <p class='ocr_par' dir='ltr' id='par_1_45' title="bbox 427 2921 2010 2999">
     <span class='ocr_line' id='line_1_45' title="bbox 427 2921 2010 2999; baseline -0.011 -9"><span class='ocrx_word' id='word_1_284' title='bbox 427 2935 746 2990; x_wconf 76' lang='lat' dir='ltr'><strong>feinininam</strong></span> <span class='ocrx_word' id='word_1_285' title='bbox 783 2929 1122 2999; x_wconf 86' lang='lat' dir='ltr'><strong>suscepisset</strong></span> <span class='ocrx_word' id='word_1_286' title='bbox 1171 2935 1225 2981; x_wconf 92' lang='lat' dir='ltr'><strong>et</strong></span> <span class='ocrx_word' id='word_1_287' title='bbox 1249 2924 1331 2980; x_wconf 89' lang='lat' dir='ltr'><strong>sic</strong></span> <span class='ocrx_word' id='word_1_288' title='bbox 1354 2925 1583 2980; x_wconf 88' lang='lat' dir='ltr'><strong>obiissct</strong></span> <span class='ocrx_word' id='word_1_289' title='bbox 1615 2923 1732 2978; x_wconf 92' lang='lat' dir='ltr'><strong>sine</strong></span> <span class='ocrx_word' id='word_1_290' title='bbox 1769 2921 2010 2976; x_wconf 83' lang='lat' dir='ltr'><strong>niascnla</strong></span> 
     </span>
    </p>
   </div>
   <div class='ocr_carea' id='block_1_46' title="bbox 427 3015 2014 3092">
    <p class='ocr_par' dir='ltr' id='par_1_46' title="bbox 427 3015 2014 3092">
     <span class='ocr_line' id='line_1_46' title="bbox 427 3015 2014 3092; baseline -0.011 -7"><span class='ocrx_word' id='word_1_291' title='bbox 427 3028 636 3092; x_wconf 80' lang='lat' dir='ltr'><strong>sobole,</strong></span> <span class='ocrx_word' id='word_1_292' title='bbox 663 3023 1192 3080; x_wconf 81' lang='lat' dir='ltr'><strong>Montisferrateuses</strong></span> <span class='ocrx_word' id='word_1_293' title='bbox 1217 3017 1482 3074; x_wconf 79' lang='lat' dir='ltr'><strong>Joannem</strong></span> <span class='ocrx_word' id='word_1_294' title='bbox 1516 3015 1802 3086; x_wconf 80' lang='lat' dir='ltr'><strong>despotam</strong></span> <span class='ocrx_word' id='word_1_295' title='bbox 1838 3016 2014 3068; x_wconf 81' lang='lat' dir='ltr'><strong>nomi-</strong></span> 
     </span>
    </p>
   </div>
   <div class='ocr_carea' id='block_1_47' title="bbox 427 3109 2013 3189">
    <p class='ocr_par' dir='ltr' id='par_1_47' title="bbox 427 3109 2013 3189">
     <span class='ocr_line' id='line_1_47' title="bbox 427 3109 2013 3189; baseline -0.01 -11"><span class='ocrx_word' id='word_1_296' title='bbox 427 3125 597 3178; x_wconf 72' lang='lat' dir='ltr'><strong>natim</strong></span> <span class='ocrx_word' id='word_1_297' title='bbox 629 3131 685 3175; x_wconf 84' lang='lat' dir='ltr'><strong>ut</strong></span> <span class='ocrx_word' id='word_1_298' title='bbox 721 3117 1140 3189; x_wconf 77' lang='lat' dir='ltr'><strong>primogenitum</strong></span> <span class='ocrx_word' id='word_1_299' title='bbox 1182 3113 1365 3168; x_wconf 88' lang='lat' dir='ltr'><strong>lrenes</strong></span> <span class='ocrx_word' id='word_1_300' title='bbox 1406 3112 1459 3166; x_wconf 91' lang='lat' dir='ltr'><strong>in</strong></span> <span class='ocrx_word' id='word_1_301' title='bbox 1505 3109 1803 3180; x_wconf 85' lang='lat' dir='ltr'><strong>principem</strong></span> <span class='ocrx_word' id='word_1_302' title='bbox 1840 3109 2013 3178; x_wconf 84' lang='lat' dir='ltr'><strong>petie-</strong></span> 
     </span>
    </p>
   </div>
   <div class='ocr_carea' id='block_1_48' title="bbox 2115 1997 3689 2068">
    <p class='ocr_par' dir='ltr' id='par_1_48' title="bbox 2115 1997 3689 2068">
     <span class='ocr_line' id='line_1_48' title="bbox 2115 1997 3689 2068; baseline -0.004 -13"><span class='ocrx_word' id='word_1_303' title='bbox 2115 2000 2394 2056; x_wconf 87' lang='lat' dir='ltr'><strong>siasticam</strong></span> <span class='ocrx_word' id='word_1_304' title='bbox 2461 2015 2570 2068; x_wconf 85' lang='lat' dir='ltr'><strong>qua</strong></span> <span class='ocrx_word' id='word_1_305' title='bbox 2636 2002 2736 2053; x_wconf 91' lang='lat' dir='ltr'><strong>sub</strong></span> <span class='ocrx_word' id='word_1_306' title='bbox 2820 1997 3266 2053; x_wconf 88' lang='lat' dir='ltr'><strong>interininatione</strong></span> <span class='ocrx_word' id='word_1_307' title='bbox 3334 1998 3689 2050; x_wconf 89' lang='lat' dir='ltr'><strong>anathematis</strong></span> 
     </span>
    </p>
   </div>
   <div class='ocr_carea' id='block_1_49' title="bbox 2115 2089 3688 2162">
    <p class='ocr_par' dir='ltr' id='par_1_49' title="bbox 2115 2089 3688 2162">
     <span class='ocr_line' id='line_1_49' title="bbox 2115 2089 3688 2162; baseline -0.007 -11"><span class='ocrx_word' id='word_1_308' title='bbox 2115 2108 2306 2151; x_wconf 89' lang='lat' dir='ltr'><strong>omnes</strong></span> <span class='ocrx_word' id='word_1_309' title='bbox 2359 2093 2588 2162; x_wconf 81' lang='lat' dir='ltr'><strong>imperio</strong></span> <span class='ocrx_word' id='word_1_310' title='bbox 2633 2091 3183 2157; x_wconf 87' lang='lat' dir='ltr'><strong>subditijuberentur</strong></span> <span class='ocrx_word' id='word_1_311' title='bbox 3212 2090 3462 2144; x_wconf 74' lang='lat' dir='ltr'><strong>Michaeli</strong></span> <span class='ocrx_word' id='word_1_312' title='bbox 3499 2089 3688 2159; x_wconf 87' lang='lat' dir='ltr'><strong>jnuiori</strong></span> 
     </span>
    </p>
   </div>
   <div class='ocr_carea' id='block_1_50' title="bbox 2114 2185 3689 2255">
    <p class='ocr_par' dir='ltr' id='par_1_50' title="bbox 2114 2185 3689 2255">
     <span class='ocr_line' id='line_1_50' title="bbox 2114 2185 3689 2255; baseline -0.004 -13"><span class='ocrx_word' id='word_1_313' title='bbox 2114 2187 2358 2255; x_wconf 82' lang='lat' dir='ltr'><strong>Angusto</strong></span> <span class='ocrx_word' id='word_1_314' title='bbox 2392 2186 2548 2240; x_wconf 89' lang='lat' dir='ltr'><strong>fidem</strong></span> <span class='ocrx_word' id='word_1_315' title='bbox 2580 2195 2634 2239; x_wconf 92' lang='lat' dir='ltr'><strong>et</strong></span> <span class='ocrx_word' id='word_1_316' title='bbox 2665 2185 3028 2239; x_wconf 84' lang='lat' dir='ltr'><strong>obedientiam</strong></span> <span class='ocrx_word' id='word_1_317' title='bbox 3069 2193 3351 2254; x_wconf 72' lang='lat' dir='ltr'><strong>praestare,</strong></span> <span class='ocrx_word' id='word_1_318' title='bbox 3376 2185 3532 2252; x_wconf 87' lang='lat' dir='ltr'><strong>quasi</strong></span> <span class='ocrx_word' id='word_1_319' title='bbox 3559 2193 3689 2237; x_wconf 82' lang='lat' dir='ltr'><strong>esset</strong></span> 
     </span>
    </p>
   </div>
   <div class='ocr_carea' id='block_1_51' title="bbox 2118 2275 3690 2344">
    <p class='ocr_par' dir='ltr' id='par_1_51' title="bbox 2118 2275 3690 2344">
     <span class='ocr_line' id='line_1_51' title="bbox 2118 2275 3690 2344; baseline -0.006 -9"><span class='ocrx_word' id='word_1_320' title='bbox 2118 2282 2186 2335; x_wconf 88' lang='lat' dir='ltr'><strong>ab</strong></span> <span class='ocrx_word' id='word_1_321' title='bbox 2221 2281 2476 2334; x_wconf 74' lang='lat' dir='ltr'><strong>Ecclesia:</strong></span> <span class='ocrx_word' id='word_1_322' title='bbox 2521 2290 2764 2332; x_wconf 86' lang='lat' dir='ltr'><strong>materna</strong></span> <span class='ocrx_word' id='word_1_323' title='bbox 2806 2277 3031 2333; x_wconf 89' lang='lat' dir='ltr'><strong>lenitate</strong></span> <span class='ocrx_word' id='word_1_324' title='bbox 3070 2277 3305 2330; x_wconf 89' lang='lat' dir='ltr'><strong>alienum</strong></span> <span class='ocrx_word' id='word_1_325' title='bbox 3332 2275 3474 2330; x_wconf 91' lang='lat' dir='ltr'><strong>diris</strong></span> <span class='ocrx_word' id='word_1_326' title='bbox 3504 2275 3557 2330; x_wconf 91' lang='lat' dir='ltr'><strong>in</strong></span> <span class='ocrx_word' id='word_1_327' title='bbox 3583 2289 3690 2344; x_wconf 84' lang='lat' dir='ltr'><strong>per-</strong></span> 
     </span>
    </p>
   </div>
   <div class='ocr_carea' id='block_1_52' title="bbox 2115 2367 3692 2436">
    <p class='ocr_par' dir='ltr' id='par_1_52' title="bbox 2115 2367 3692 2436">
     <span class='ocr_line' id='line_1_52' title="bbox 2115 2367 3692 2436; baseline -0.006 -9"><span class='ocrx_word' id='word_1_328' title='bbox 2115 2373 2319 2428; x_wconf 89' lang='lat' dir='ltr'><strong>duelles</strong></span> <span class='ocrx_word' id='word_1_329' title='bbox 2355 2372 2581 2436; x_wconf 73' lang='lat' dir='ltr'><strong>saevire;</strong></span> <span class='ocrx_word' id='word_1_330' title='bbox 2620 2378 2672 2424; x_wconf 88' lang='lat' dir='ltr'><strong>et</strong></span> <span class='ocrx_word' id='word_1_331' title='bbox 2701 2371 2860 2432; x_wconf 86' lang='lat' dir='ltr'><strong>istius</strong></span> <span class='ocrx_word' id='word_1_332' title='bbox 2915 2371 2969 2422; x_wconf 90' lang='lat' dir='ltr'><strong>itt</strong></span> <span class='ocrx_word' id='word_1_333' title='bbox 3010 2368 3270 2423; x_wconf 90' lang='lat' dir='ltr'><strong>ultionem</strong></span> <span class='ocrx_word' id='word_1_334' title='bbox 3327 2367 3560 2436; x_wconf 68' lang='lat' dir='ltr'><strong>repulsa:</strong></span> <span class='ocrx_word' id='word_1_335' title='bbox 3595 2367 3692 2418; x_wconf 77' lang='lat' dir='ltr'><strong>An-</strong></span> 
     </span>
    </p>
   </div>
   <div class='ocr_carea' id='block_1_53' title="bbox 2115 2459 3690 2529">
    <p class='ocr_par' dir='ltr' id='par_1_53' title="bbox 2115 2459 3690 2529">
     <span class='ocr_line' id='line_1_53' title="bbox 2115 2459 3690 2529; baseline -0.006 -9"><span class='ocrx_word' id='word_1_336' title='bbox 2115 2466 2400 2520; x_wconf 87' lang='lat' dir='ltr'><strong>dronicum</strong></span> <span class='ocrx_word' id='word_1_337' title='bbox 2433 2465 2683 2518; x_wconf 80' lang='lat' dir='ltr'><strong>eumdem</strong></span> <span class='ocrx_word' id='word_1_338' title='bbox 2725 2462 3002 2518; x_wconf 84' lang='lat' dir='ltr'><strong>Novellam</strong></span> <span class='ocrx_word' id='word_1_339' title='bbox 3033 2462 3298 2526; x_wconf 87' lang='lat' dir='ltr'><strong>edidisse,</strong></span> <span class='ocrx_word' id='word_1_340' title='bbox 3329 2477 3436 2528; x_wconf 88' lang='lat' dir='ltr'><strong>qua</strong></span> <span class='ocrx_word' id='word_1_341' title='bbox 3463 2459 3690 2529; x_wconf 75' lang='lat' dir='ltr'><strong>largitio-</strong></span> 
     </span>
    </p>
   </div>
   <div class='ocr_carea' id='block_1_54' title="bbox 2116 2555 3688 2628">
    <p class='ocr_par' dir='ltr' id='par_1_54' title="bbox 2116 2555 3688 2628">
     <span class='ocr_line' id='line_1_54' title="bbox 2116 2555 3688 2628; baseline -0.004 -14"><span class='ocrx_word' id='word_1_342' title='bbox 2116 2577 2236 2614; x_wconf 89' lang='lat' dir='ltr'><strong>nem</strong></span> <span class='ocrx_word' id='word_1_343' title='bbox 2275 2559 2646 2628; x_wconf 85' lang='lat' dir='ltr'><strong>sportularum</strong></span> <span class='ocrx_word' id='word_1_344' title='bbox 2705 2558 2758 2610; x_wconf 90' lang='lat' dir='ltr'><strong>itt</strong></span> <span class='ocrx_word' id='word_1_345' title='bbox 2811 2557 3199 2627; x_wconf 80' lang='lat' dir='ltr'><strong>episcoporum</strong></span> <span class='ocrx_word' id='word_1_346' title='bbox 3257 2555 3688 2610; x_wconf 86' lang='lat' dir='ltr'><strong>ordinationibus</strong></span> 
     </span>
    </p>
   </div>
   <div class='ocr_carea' id='block_1_55' title="bbox 2115 2647 3688 2720">
    <p class='ocr_par' dir='ltr' id='par_1_55' title="bbox 2115 2647 3688 2720">
     <span class='ocr_line' id='line_1_55' title="bbox 2115 2647 3688 2720; baseline -0.007 -13"><span class='ocrx_word' id='word_1_347' title='bbox 2115 2655 2370 2707; x_wconf 83' lang='lat' dir='ltr'><strong>usitatam</strong></span> <span class='ocrx_word' id='word_1_348' title='bbox 2413 2667 2479 2704; x_wconf 79' lang='lat' dir='ltr'><strong>ex</strong></span> <span class='ocrx_word' id='word_1_349' title='bbox 2527 2650 2686 2720; x_wconf 80' lang='lat' dir='ltr'><strong>longo</strong></span> <span class='ocrx_word' id='word_1_350' title='bbox 2712 2649 3185 2719; x_wconf 86' lang='lat' dir='ltr'><strong>Constantinopoli</strong></span> <span class='ocrx_word' id='word_1_351' title='bbox 3241 2659 3298 2702; x_wconf 92' lang='lat' dir='ltr'><strong>ut</strong></span> <span class='ocrx_word' id='word_1_352' title='bbox 3331 2647 3688 2700; x_wconf 78' lang='lat' dir='ltr'><strong>Simoniacatn</strong></span> 
     </span>
    </p>
   </div>
   <div class='ocr_carea' id='block_1_56' title="bbox 2113 2741 3688 2813">
    <p class='ocr_par' dir='ltr' id='par_1_56' title="bbox 2113 2741 3688 2813">
     <span class='ocr_line' id='line_1_56' title="bbox 2113 2741 3688 2813; baseline -0.006 -14"><span class='ocrx_word' id='word_1_353' title='bbox 2113 2746 2405 2799; x_wconf 87' lang='lat' dir='ltr'><strong>damnabat</strong></span> <span class='ocrx_word' id='word_1_354' title='bbox 2454 2752 2508 2799; x_wconf 92' lang='lat' dir='ltr'><strong>et</strong></span> <span class='ocrx_word' id='word_1_355' title='bbox 2561 2745 2822 2813; x_wconf 89' lang='lat' dir='ltr'><strong>deinceps</strong></span> <span class='ocrx_word' id='word_1_356' title='bbox 2862 2743 3109 2797; x_wconf 87' lang='lat' dir='ltr'><strong>adhiberi</strong></span> <span class='ocrx_word' id='word_1_357' title='bbox 3163 2741 3513 2811; x_wconf 87' lang='lat' dir='ltr'><strong>prohibebat,</strong></span> <span class='ocrx_word' id='word_1_358' title='bbox 3545 2741 3688 2793; x_wconf 75' lang='lat' dir='ltr'><strong>vicis-</strong></span> 
     </span>
    </p>
   </div>
   <div class='ocr_carea' id='block_1_57' title="bbox 2113 2831 3688 2905">
    <p class='ocr_par' dir='ltr' id='par_1_57' title="bbox 2113 2831 3688 2905">
     <span class='ocr_line' id='line_1_57' title="bbox 2113 2831 3688 2905; baseline -0.007 -12"><span class='ocrx_word' id='word_1_359' title='bbox 2113 2841 2218 2894; x_wconf 90' lang='lat' dir='ltr'><strong>sim</strong></span> <span class='ocrx_word' id='word_1_360' title='bbox 2249 2854 2414 2893; x_wconf 79' lang='lat' dir='ltr'><strong>urens</strong></span> <span class='ocrx_word' id='word_1_361' title='bbox 2465 2847 2728 2905; x_wconf 66' lang='lat' dir='ltr'><strong>prauequ</strong></span> <span class='ocrx_word' id='word_1_362' title='bbox 2776 2837 3006 2905; x_wconf 71' lang='lat' dir='ltr'><strong>qumsito</strong></span> <span class='ocrx_word' id='word_1_363' title='bbox 3036 2847 3131 2888; x_wconf 88' lang='lat' dir='ltr'><strong>eos</strong></span> <span class='ocrx_word' id='word_1_364' title='bbox 3165 2834 3255 2904; x_wconf 83' lang='lat' dir='ltr'><strong>qui</strong></span> <span class='ocrx_word' id='word_1_365' title='bbox 3281 2847 3340 2888; x_wconf 87' lang='lat' dir='ltr'><strong>se</strong></span> <span class='ocrx_word' id='word_1_366' title='bbox 3379 2831 3553 2887; x_wconf 85' lang='lat' dir='ltr'><strong>nihilo</strong></span> <span class='ocrx_word' id='word_1_367' title='bbox 3579 2846 3688 2901; x_wconf 89' lang='lat' dir='ltr'><strong>pro-</strong></span> 
     </span>
    </p>
   </div>
   <div class='ocr_carea' id='block_1_58' title="bbox 2115 2931 3022 3000">
    <p class='ocr_par' dir='ltr' id='par_1_58' title="bbox 2115 2931 3022 3000">
     <span class='ocr_line' id='line_1_58' title="bbox 2115 2931 3022 3000; baseline -0.003 -15"><span class='ocrx_word' id='word_1_368' title='bbox 2115 2932 2368 2986; x_wconf 89' lang='lat' dir='ltr'><strong>babiliori</strong></span> <span class='ocrx_word' id='word_1_369' title='bbox 2401 2931 2623 2984; x_wconf 88' lang='lat' dir='ltr'><strong>obtentu</strong></span> <span class='ocrx_word' id='word_1_370' title='bbox 2656 2938 3022 3000; x_wconf 77' lang='lat' dir='ltr'><strong>pupugcrant.</strong></span> 
     </span>
    </p>
   </div>
   <div class='ocr_carea' id='block_1_59' title="bbox 2183 3019 3727 3094">
    <p class='ocr_par' dir='ltr' id='par_1_59' title="bbox 2183 3019 3727 3094">
     <span class='ocr_line' id='line_1_59' title="bbox 2183 3019 3727 3094; baseline -0.008 -16"><span class='ocrx_word' id='word_1_371' title='bbox 2183 3026 2263 3078; x_wconf 81' lang='lat' dir='ltr'><strong>Ad</strong></span> <span class='ocrx_word' id='word_1_372' title='bbox 2327 3025 2620 3080; x_wconf 84' lang='lat' dir='ltr'><strong>astruenda</strong></span> <span class='ocrx_word' id='word_1_373' title='bbox 2673 3039 2792 3094; x_wconf 63' lang='lat' dir='ltr'><strong>quae</strong></span> <span class='ocrx_word' id='word_1_374' title='bbox 2849 3024 3008 3077; x_wconf 91' lang='lat' dir='ltr'><strong>modo</strong></span> <span class='ocrx_word' id='word_1_375' title='bbox 3063 3021 3198 3085; x_wconf 77' lang='lat' dir='ltr'><strong>dixi,</strong></span> <span class='ocrx_word' id='word_1_376' title='bbox 3227 3020 3506 3090; x_wconf 89' lang='lat' dir='ltr'><strong>pertinere</strong></span> <span class='ocrx_word' id='word_1_377' title='bbox 3562 3030 3681 3088; x_wconf 81' lang='lat' dir='ltr'><strong>puto</strong></span> <span class='ocrx_word' id='word_1_378' title='bbox 3725 3019 3727 3021; x_wconf 84' lang='grc'><em>’</em></span> 
     </span>
    </p>
   </div>
   <div class='ocr_carea' id='block_1_60' title="bbox 2117 3111 3686 3186">
    <p class='ocr_par' dir='ltr' id='par_1_60' title="bbox 2117 3111 3686 3186">
     <span class='ocr_line' id='line_1_60' title="bbox 2117 3111 3686 3186; baseline -0.007 -14"><span class='ocrx_word' id='word_1_379' title='bbox 2117 3125 2302 3172; x_wconf 89' lang='lat' dir='ltr'><strong>notam</strong></span> <span class='ocrx_word' id='word_1_380' title='bbox 2371 3116 2726 3186; x_wconf 76' lang='lat' dir='ltr'><strong>marginalem</strong></span> <span class='ocrx_word' id='word_1_381' title='bbox 2787 3130 2816 3168; x_wconf 87' lang='lat' dir='ltr'><strong>a</strong></span> <span class='ocrx_word' id='word_1_382' title='bbox 2872 3114 3076 3169; x_wconf 89' lang='lat' dir='ltr'><strong>lectore</strong></span> <span class='ocrx_word' id='word_1_383' title='bbox 3125 3112 3316 3167; x_wconf 82' lang='lat' dir='ltr'><strong>Graeco</strong></span> <span class='ocrx_word' id='word_1_384' title='bbox 3371 3127 3530 3165; x_wconf 86' lang='lat' dir='ltr'><strong>manu</strong></span> <span class='ocrx_word' id='word_1_385' title='bbox 3567 3111 3686 3164; x_wconf 82' lang='lat' dir='ltr'><strong>satis</strong></span> 
     </span>
    </p>
   </div>
   <div class='ocr_carea' id='block_1_61' title="bbox 430 3204 3686 3301">
    <p class='ocr_par' dir='ltr' id='par_1_61' title="bbox 430 3204 3686 3301">
     <span class='ocr_line' id='line_1_61' title="bbox 430 3204 3686 3301; baseline -0.006 -33"><span class='ocrx_word' id='word_1_386' title='bbox 430 3224 578 3280; x_wconf 88' lang='lat' dir='ltr'><strong>runt,</strong></span> <span class='ocrx_word' id='word_1_387' title='bbox 617 3213 1087 3282; x_wconf 83' lang='lat' dir='ltr'><strong>impetraruntque</strong></span> <span class='ocrx_word' id='word_1_388' title='bbox 1122 3208 1362 3261; x_wconf 85' lang='lat' dir='ltr'><strong>tandem.</strong></span> <span class='ocrx_word' id='word_1_389' title='bbox 1394 3204 1524 3259; x_wconf 69' lang='grc' dir='ltr'><strong>Πςεο</strong></span> <span class='ocrx_word' id='word_1_390' title='bbox 1561 3211 1748 3257; x_wconf 86' lang='lat' dir='ltr'><strong>narrat</strong></span> <span class='ocrx_word' id='word_1_391' title='bbox 1801 3209 2010 3266; x_wconf 88' lang='lat' dir='ltr'><strong>noster,</strong></span> <span class='ocrx_word' id='word_1_392' title='bbox 2038 3246 2080 3301; x_wconf 60' lang='grc' dir='ltr'>Ε</span> <span class='ocrx_word' id='word_1_393' title='bbox 2117 3209 2336 3277; x_wconf 68' lang='lat' dir='ltr'><strong>antiqua</strong></span> <span class='ocrx_word' id='word_1_394' title='bbox 2378 3208 2428 3262; x_wconf 78' lang='lat' dir='ltr'><strong>in</strong></span> <span class='ocrx_word' id='word_1_395' title='bbox 2468 3223 2559 3261; x_wconf 71' lang='lat' dir='ltr'><strong>ora</strong></span> <span class='ocrx_word' id='word_1_396' title='bbox 2598 3207 2876 3261; x_wconf 72' lang='lat' dir='ltr'><strong>B.u~herini</strong></span> <span class='ocrx_word' id='word_1_397' title='bbox 2909 3207 3113 3260; x_wconf 77' lang='lat' dir='ltr'><strong>codicis</strong></span> <span class='ocrx_word' id='word_1_398' title='bbox 3139 3208 3394 3275; x_wconf 58' lang='lat' dir='ltr'><strong>positam,</strong></span> <span class='ocrx_word' id='word_1_399' title='bbox 3427 3220 3458 3258; x_wconf 80' lang='grc' dir='ltr'>ο</span> <span class='ocrx_word' id='word_1_400' title='bbox 3489 3204 3686 3272; x_wconf 70' lang='lat' dir='ltr'><strong>regione</strong></span> 
     </span>
    </p>
   </div>
   <div class='ocr_carea' id='block_1_62' title="bbox 431 3292 2011 3370">
    <p class='ocr_par' dir='ltr' id='par_1_62' title="bbox 431 3292 2011 3370">
     <span class='ocr_line' id='line_1_62' title="bbox 431 3292 2011 3370; baseline -0.01 -9"><span class='ocrx_word' id='word_1_401' title='bbox 431 3310 464 3364; x_wconf 94' lang='lat' dir='ltr'><strong>l.</strong></span> <span class='ocrx_word' id='word_1_402' title='bbox 503 3323 598 3370; x_wconf 77' lang='grc' dir='ltr'><strong>νη,</strong></span> <span class='ocrx_word' id='word_1_403' title='bbox 623 3323 670 3362; x_wconf 92' lang='lat' dir='ltr'><strong>c.</strong></span> <span class='ocrx_word' id='word_1_404' title='bbox 716 3305 803 3369; x_wconf 82' lang='lat' dir='ltr'><strong>l8,</strong></span> <span class='ocrx_word' id='word_1_405' title='bbox 834 3302 921 3357; x_wconf 88' lang='lat' dir='ltr'><strong>ubi</strong></span> <span class='ocrx_word' id='word_1_406' title='bbox 957 3313 1012 3354; x_wconf 88' lang='lat' dir='ltr'><strong>et</strong></span> <span class='ocrx_word' id='word_1_407' title='bbox 1052 3301 1310 3354; x_wconf 85' lang='lat' dir='ltr'><strong>observat</strong></span> <span class='ocrx_word' id='word_1_408' title='bbox 1369 3297 1516 3352; x_wconf 91' lang='lat' dir='ltr'><strong>hunc</strong></span> <span class='ocrx_word' id='word_1_409' title='bbox 1554 3293 1820 3349; x_wconf 78' lang='lat' dir='ltr'><strong>Joannem</strong></span> <span class='ocrx_word' id='word_1_410' title='bbox 1851 3292 2011 3360; x_wconf 86' lang='lat' dir='ltr'><strong>plane</strong></span> 
     </span>
    </p>
   </div>
   <div class='ocr_carea' id='block_1_63' title="bbox 434 3390 2008 3457">
    <p class='ocr_par' dir='ltr' id='par_1_63' title="bbox 434 3390 2008 3457">
     <span class='ocr_line' id='line_1_63' title="bbox 434 3390 2008 3457; baseline -0.013 0"><span class='ocrx_word' id='word_1_411' title='bbox 434 3417 494 3457; x_wconf 88' lang='lat' dir='ltr'><strong>se</strong></span> <span class='ocrx_word' id='word_1_412' title='bbox 543 3399 989 3455; x_wconf 83' lang='lat' dir='ltr'><strong>accommodasse</strong></span> <span class='ocrx_word' id='word_1_413' title='bbox 1041 3395 1107 3448; x_wconf 89' lang='lat' dir='ltr'><strong>ad</strong></span> <span class='ocrx_word' id='word_1_414' title='bbox 1159 3407 1338 3448; x_wconf 90' lang='lat' dir='ltr'><strong>mores</strong></span> <span class='ocrx_word' id='word_1_415' title='bbox 1390 3390 1648 3445; x_wconf 85' lang='lat' dir='ltr'><strong>Italorum</strong></span> <span class='ocrx_word' id='word_1_416' title='bbox 1708 3397 1764 3442; x_wconf 93' lang='lat' dir='ltr'><strong>et</strong></span> <span class='ocrx_word' id='word_1_417' title='bbox 1797 3395 2008 3457; x_wconf 78' lang='lat' dir='ltr'><strong>gratum</strong></span> 
     </span>
    </p>
   </div>
   <div class='ocr_carea' id='block_1_64' title="bbox 433 3479 2010 3554">
    <p class='ocr_par' dir='ltr' id='par_1_64' title="bbox 433 3479 2010 3554">
     <span class='ocr_line' id='line_1_64' title="bbox 433 3479 2010 3554; baseline -0.011 -6"><span class='ocrx_word' id='word_1_418' title='bbox 433 3493 666 3548; x_wconf 78' lang='lat' dir='ltr'><strong>subditis</strong></span> <span class='ocrx_word' id='word_1_419' title='bbox 733 3490 927 3543; x_wconf 80' lang='lat' dir='ltr'><strong>fuisse.</strong></span> <span class='ocrx_word' id='word_1_420' title='bbox 989 3487 1325 3554; x_wconf 80' lang='lat' dir='ltr'><strong>Propagasse</strong></span> <span class='ocrx_word' id='word_1_421' title='bbox 1387 3483 1476 3536; x_wconf 91' lang='lat' dir='ltr'><strong>hic</strong></span> <span class='ocrx_word' id='word_1_422' title='bbox 1531 3482 1732 3537; x_wconf 81' lang='lat' dir='ltr'><strong>dicitur</strong></span> <span class='ocrx_word' id='word_1_423' title='bbox 1793 3479 2010 3546; x_wconf 78' lang='lat' dir='ltr'><strong>longam</strong></span> 
     </span>
    </p>
   </div>
   <div class='ocr_carea' id='block_1_65' title="bbox 429 3573 2012 3650">
    <p class='ocr_par' dir='ltr' id='par_1_65' title="bbox 429 3573 2012 3650">
     <span class='ocr_line' id='line_1_65' title="bbox 429 3573 2012 3650; baseline -0.01 -10"><span class='ocrx_word' id='word_1_424' title='bbox 429 3585 630 3640; x_wconf 75' lang='lat' dir='ltr'><strong>seriem</strong></span> <span class='ocrx_word' id='word_1_425' title='bbox 709 3580 1012 3650; x_wconf 89' lang='lat' dir='ltr'><strong>principum</strong></span> <span class='ocrx_word' id='word_1_426' title='bbox 1103 3593 1208 3632; x_wconf 89' lang='lat' dir='ltr'><strong>non</strong></span> <span class='ocrx_word' id='word_1_427' title='bbox 1289 3575 1760 3630; x_wconf 87' lang='lat' dir='ltr'><strong>schismaticornm</strong></span> <span class='ocrx_word' id='word_1_428' title='bbox 1818 3573 2012 3626; x_wconf 80' lang='lat' dir='ltr'><strong>domus</strong></span> 
     </span>
    </p>
   </div>
   <div class='ocr_carea' id='block_1_66' title="bbox 430 3664 2012 3744">
    <p class='ocr_par' dir='ltr' id='par_1_66' title="bbox 430 3664 2012 3744">
     <span class='ocr_line' id='line_1_66' title="bbox 430 3664 2012 3744; baseline -0.009 -12"><span class='ocrx_word' id='word_1_429' title='bbox 430 3676 820 3744; x_wconf 61' lang='lat' dir='ltr'><strong>l‘almologiem.</strong></span> <span class='ocrx_word' id='word_1_430' title='bbox 877 3673 929 3727; x_wconf 87' lang='lat' dir='ltr'><strong>iit</strong></span> <span class='ocrx_word' id='word_1_431' title='bbox 979 3685 1108 3726; x_wconf 86' lang='lat' dir='ltr'><strong>vera</strong></span> <span class='ocrx_word' id='word_1_432' title='bbox 1159 3668 1503 3741; x_wconf 80' lang='lat' dir='ltr'><strong>professione</strong></span> <span class='ocrx_word' id='word_1_433' title='bbox 1555 3666 1676 3722; x_wconf 84' lang='lat' dir='ltr'><strong>fidei</strong></span> <span class='ocrx_word' id='word_1_434' title='bbox 1727 3664 2012 3721; x_wconf 58' lang='lat' dir='ltr'><strong>catholica</strong></span> 
     </span>
    </p>
   </div>
   <div class='ocr_carea' id='block_1_67' title="bbox 432 3769 712 3823">
    <p class='ocr_par' dir='ltr' id='par_1_67' title="bbox 432 3769 712 3823">
     <span class='ocr_line' id='line_1_67' title="bbox 432 3769 712 3823; baseline -0.007 0"><span class='ocrx_word' id='word_1_435' title='bbox 432 3769 712 3823; x_wconf 69' lang='lat' dir='ltr'><strong>Romamn.</strong></span> 
     </span>
    </p>
   </div>
   <div class='ocr_carea' id='block_1_68' title="bbox 503 3839 2013 3927">
    <p class='ocr_par' dir='ltr' id='par_1_68' title="bbox 503 3839 2013 3927">
     <span class='ocr_line' id='line_1_68' title="bbox 503 3839 2013 3927; baseline -0.009 -11"><span class='ocrx_word' id='word_1_436' title='bbox 503 3861 567 3916; x_wconf 83' lang='lat' dir='ltr'><strong>P.</strong></span> <span class='ocrx_word' id='word_1_437' title='bbox 611 3859 740 3914; x_wconf 71' lang='lat'><strong>202.</strong></span> <span class='ocrx_word' id='word_1_438' title='bbox 775 3839 1102 3912; x_wconf 64' lang='grc' dir='ltr'><strong>Ιηεοκὶινεςιε</strong></span> <span class='ocrx_word' id='word_1_439' title='bbox 1143 3854 1448 3927; x_wconf 74' lang='lat' dir='ltr'><strong>afﬁnitatis.</strong></span> <span class='ocrx_word' id='word_1_440' title='bbox 1481 3849 1610 3905; x_wconf 83' lang='lat' dir='ltr'><strong>Erat</strong></span> <span class='ocrx_word' id='word_1_441' title='bbox 1641 3852 1744 3906; x_wconf 89' lang='lat' dir='ltr'><strong>ista</strong></span> <span class='ocrx_word' id='word_1_442' title='bbox 1775 3849 2013 3902; x_wconf 80' lang='lat' dir='ltr'><strong>afﬁnitas</strong></span> 
     </span>
    </p>
   </div>
   <div class='ocr_carea' id='block_1_69' title="bbox 433 3941 2013 4024">
    <p class='ocr_par' dir='ltr' id='par_1_69' title="bbox 433 3941 2013 4024">
     <span class='ocr_line' id='line_1_69' title="bbox 433 3941 2013 4024; baseline -0.006 -19"><span class='ocrx_word' id='word_1_443' title='bbox 433 3969 539 4024; x_wconf 83' lang='lat' dir='ltr'><strong>qua</strong></span> <span class='ocrx_word' id='word_1_444' title='bbox 571 3952 638 4006; x_wconf 87' lang='lat' dir='ltr'><strong>de</strong></span> <span class='ocrx_word' id='word_1_445' title='bbox 671 3951 919 4018; x_wconf 87' lang='lat' dir='ltr'><strong>personis</strong></span> <span class='ocrx_word' id='word_1_446' title='bbox 969 3959 1129 4005; x_wconf 77' lang='lat' dir='ltr'><strong>sexto</strong></span> <span class='ocrx_word' id='word_1_447' title='bbox 1187 3949 1330 4002; x_wconf 88' lang='lat' dir='ltr'><strong>inter</strong></span> <span class='ocrx_word' id='word_1_448' title='bbox 1377 3960 1435 4000; x_wconf 88' lang='lat' dir='ltr'><strong>se</strong></span> <span class='ocrx_word' id='word_1_449' title='bbox 1469 3945 1640 4015; x_wconf 81' lang='lat' dir='ltr'><strong>gradu</strong></span> <span class='ocrx_word' id='word_1_450' title='bbox 1674 3941 2013 4013; x_wconf 79' lang='lat' dir='ltr'><strong>cognationis</strong></span> 
     </span>
    </p>
   </div>
   <div class='ocr_carea' id='block_1_70' title="bbox 426 4035 2014 4113">
    <p class='ocr_par' dir='ltr' id='par_1_70' title="bbox 426 4035 2014 4113">
     <span class='ocr_line' id='line_1_70' title="bbox 426 4035 2014 4113; baseline -0.007 -16"><span class='ocrx_word' id='word_1_451' title='bbox 426 4046 666 4113; x_wconf 85' lang='lat' dir='ltr'><strong>junctis,</strong></span> <span class='ocrx_word' id='word_1_452' title='bbox 704 4043 1054 4097; x_wconf 90' lang='lat' dir='ltr'><strong>matrimonio</strong></span> <span class='ocrx_word' id='word_1_453' title='bbox 1111 4037 1693 4110; x_wconf 80' lang='lat' dir='ltr'><strong>copulandis,3peciali</strong></span> <span class='ocrx_word' id='word_1_454' title='bbox 1733 4036 1796 4090; x_wconf 86' lang='lat' dir='ltr'><strong>ad</strong></span> <span class='ocrx_word' id='word_1_455' title='bbox 1834 4037 1881 4088; x_wconf 92' lang='lat' dir='ltr'><strong>id</strong></span> <span class='ocrx_word' id='word_1_456' title='bbox 1917 4035 2014 4087; x_wconf 84' lang='lat' dir='ltr'><strong>ob-</strong></span> 
     </span>
    </p>
   </div>
   <div class='ocr_carea' id='block_1_71' title="bbox 435 4130 2014 4207">
    <p class='ocr_par' dir='ltr' id='par_1_71' title="bbox 435 4130 2014 4207">
     <span class='ocr_line' id='line_1_71' title="bbox 435 4130 2014 4207; baseline -0.008 -15"><span class='ocrx_word' id='word_1_457' title='bbox 435 4139 653 4194; x_wconf 87' lang='lat' dir='ltr'><strong>tinenda</strong></span> <span class='ocrx_word' id='word_1_458' title='bbox 687 4138 1036 4207; x_wconf 62' lang='lat' dir='ltr'><strong>pralatorum</strong></span> <span class='ocrx_word' id='word_1_459' title='bbox 1075 4135 1334 4189; x_wconf 71' lang='lat' dir='ltr'><strong>Ecclesia:</strong></span> <span class='ocrx_word' id='word_1_460' title='bbox 1357 4133 1534 4196; x_wconf 87' lang='lat' dir='ltr'><strong>venia,</strong></span> <span class='ocrx_word' id='word_1_461' title='bbox 1566 4130 1925 4192; x_wconf 87' lang='lat' dir='ltr'><strong>tractabatur,</strong></span> <span class='ocrx_word' id='word_1_462' title='bbox 1957 4134 2014 4180; x_wconf 90' lang='lat' dir='ltr'><strong>nt</strong></span> 
     </span>
    </p>
   </div>
   <div class='ocr_carea' id='block_1_72' title="bbox 432 4218 2010 4298">
    <p class='ocr_par' dir='ltr' id='par_1_72' title="bbox 432 4218 2010 4298">
     <span class='ocr_line' id='line_1_72' title="bbox 432 4218 2010 4298; baseline -0.006 -15"><span class='ocrx_word' id='word_1_463' title='bbox 432 4243 623 4285; x_wconf 82' lang='lat' dir='ltr'><strong>auctor</strong></span> <span class='ocrx_word' id='word_1_464' title='bbox 691 4231 869 4297; x_wconf 88' lang='lat' dir='ltr'><strong>capite</strong></span> <span class='ocrx_word' id='word_1_465' title='bbox 931 4227 1202 4298; x_wconf 88' lang='lat' dir='ltr'><strong>superiori</strong></span> <span class='ocrx_word' id='word_1_466' title='bbox 1277 4222 1595 4279; x_wconf 76' lang='lat' dir='ltr'><strong>declaravit.</strong></span> <span class='ocrx_word' id='word_1_467' title='bbox 1667 4221 1876 4290; x_wconf 75' lang='lat' dir='ltr'><strong>Atqui,</strong></span> <span class='ocrx_word' id='word_1_468' title='bbox 1933 4218 2010 4273; x_wconf 88' lang='lat' dir='ltr'><strong>titi</strong></span> 
     </span>
    </p>
   </div>
   <div class='ocr_carea' id='block_1_73' title="bbox 429 4311 2010 4394">
    <p class='ocr_par' dir='ltr' id='par_1_73' title="bbox 429 4311 2010 4394">
     <span class='ocr_line' id='line_1_73' title="bbox 429 4311 2010 4394; baseline -0.007 -21"><span class='ocrx_word' id='word_1_469' title='bbox 429 4322 595 4394; x_wconf 78' lang='lat' dir='ltr'><strong>75o</strong></span> <span class='ocrx_word' id='word_1_470' title='bbox 621 4321 728 4376; x_wconf 86' lang='lat' dir='ltr'><strong>vol.</strong></span> <span class='ocrx_word' id='word_1_471' title='bbox 755 4321 774 4374; x_wconf 95' lang='lat' dir='ltr'><strong>l</strong></span> <span class='ocrx_word' id='word_1_472' title='bbox 811 4329 996 4374; x_wconf 89' lang='lat' dir='ltr'><strong>noster</strong></span> <span class='ocrx_word' id='word_1_473' title='bbox 1028 4319 1169 4373; x_wconf 90' lang='lat' dir='ltr'><strong>idem</strong></span> <span class='ocrx_word' id='word_1_474' title='bbox 1206 4316 1526 4377; x_wconf 87' lang='lat' dir='ltr'><strong>historicus,</strong></span> <span class='ocrx_word' id='word_1_475' title='bbox 1557 4327 1610 4381; x_wconf 88' lang='lat' dir='ltr'><strong>p.</strong></span> <span class='ocrx_word' id='word_1_476' title='bbox 1648 4311 1777 4376; x_wconf 70' lang='lat' dir='ltr'><strong>MO,</strong></span> <span class='ocrx_word' id='word_1_477' title='bbox 1809 4311 2010 4364; x_wconf 85' lang='lat' dir='ltr'><strong>docue-</strong></span> 
     </span>
    </p>
   </div>
   <div class='ocr_carea' id='block_1_74' title="bbox 430 4401 2012 4482">
    <p class='ocr_par' dir='ltr' id='par_1_74' title="bbox 430 4401 2012 4482">
     <span class='ocr_line' id='line_1_74' title="bbox 430 4401 2012 4482; baseline -0.01 -11"><span class='ocrx_word' id='word_1_478' title='bbox 430 4426 535 4480; x_wconf 88' lang='lat' dir='ltr'><strong>rat,</strong></span> <span class='ocrx_word' id='word_1_479' title='bbox 567 4416 764 4471; x_wconf 84' lang='lat' dir='ltr'><strong>similis</strong></span> <span class='ocrx_word' id='word_1_480' title='bbox 797 4411 1199 4482; x_wconf 86' lang='lat' dir='ltr'><strong>impedimenti,</strong></span> <span class='ocrx_word' id='word_1_481' title='bbox 1242 4425 1337 4464; x_wconf 76' lang='lat' dir='ltr'><strong>sex</strong></span> <span class='ocrx_word' id='word_1_482' title='bbox 1372 4407 1575 4476; x_wconf 89' lang='lat' dir='ltr'><strong>pariter</strong></span> <span class='ocrx_word' id='word_1_483' title='bbox 1621 4401 2012 4473; x_wconf 77' lang='lat' dir='ltr'><strong>consanguini-</strong></span> 
     </span>
    </p>
   </div>
   <div class='ocr_carea' id='block_1_75' title="bbox 429 4496 2009 4572">
    <p class='ocr_par' dir='ltr' id='par_1_75' title="bbox 429 4496 2009 4572">
     <span class='ocr_line' id='line_1_75' title="bbox 429 4496 2009 4572; baseline -0.006 -14"><span class='ocrx_word' id='word_1_484' title='bbox 429 4508 558 4561; x_wconf 91' lang='lat' dir='ltr'><strong>tatis</strong></span> <span class='ocrx_word' id='word_1_485' title='bbox 591 4505 877 4572; x_wconf 76' lang='lat' dir='ltr'><strong>graduum,</strong></span> <span class='ocrx_word' id='word_1_486' title='bbox 909 4502 1180 4557; x_wconf 87' lang='lat' dir='ltr'><strong>obstantis</strong></span> <span class='ocrx_word' id='word_1_487' title='bbox 1211 4497 1486 4555; x_wconf 86' lang='lat' dir='ltr'><strong>connubio</strong></span> <span class='ocrx_word' id='word_1_488' title='bbox 1516 4499 1661 4553; x_wconf 85' lang='lat' dir='ltr'><strong>inter</strong></span> <span class='ocrx_word' id='word_1_489' title='bbox 1689 4496 2009 4552; x_wconf 76' lang='lat' dir='ltr'><strong>Hichaelem</strong></span> 
     </span>
    </p>
   </div>
   <div class='ocr_carea' id='block_1_76' title="bbox 2116 3296 3683 3369">
    <p class='ocr_par' dir='ltr' id='par_1_76' title="bbox 2116 3296 3683 3369">
     <span class='ocr_line' id='line_1_76' title="bbox 2116 3296 3683 3369; baseline -0.007 -14"><span class='ocrx_word' id='word_1_490' title='bbox 2116 3300 2158 3355; x_wconf 84' lang='lat' dir='ltr'><strong>si</strong></span> <span class='ocrx_word' id='word_1_491' title='bbox 2202 3299 2417 3369; x_wconf 79' lang='lat' dir='ltr'><strong>quidem</strong></span> <span class='ocrx_word' id='word_1_492' title='bbox 2450 3299 2662 3354; x_wconf 91' lang='lat' dir='ltr'><strong>illorum</strong></span> <span class='ocrx_word' id='word_1_493' title='bbox 2702 3301 2989 3352; x_wconf 79' lang='lat' dir='ltr'><strong>verborum</strong></span> <span class='ocrx_word' id='word_1_494' title='bbox 3017 3299 3161 3351; x_wconf 70' lang='grc' dir='ltr'><strong>ὥστε</strong></span> <span class='ocrx_word' id='word_1_495' title='bbox 3191 3298 3284 3351; x_wconf 65' lang='grc' dir='ltr'><strong>τὸν</strong></span> <span class='ocrx_word' id='word_1_496' title='bbox 3316 3299 3436 3351; x_wconf 82' lang='grc' dir='ltr'>νέον</span> <span class='ocrx_word' id='word_1_497' title='bbox 3474 3296 3683 3365; x_wconf 77' lang='grc' dir='ltr'><strong>βασιλέα</strong></span> 
     </span>
    </p>
   </div>
   <div class='ocr_carea' id='block_1_77' title="bbox 2114 3391 3684 3465">
    <p class='ocr_par' dir='ltr' id='par_1_77' title="bbox 2114 3391 3684 3465">
     <span class='ocr_line' id='line_1_77' title="bbox 2114 3391 3684 3465; baseline -0.004 -17"><span class='ocrx_word' id='word_1_498' title='bbox 2114 3393 2367 3465; x_wconf 73' lang='grc' dir='ltr'><strong>γαμϐρὸν</strong></span> <span class='ocrx_word' id='word_1_499' title='bbox 2391 3395 2575 3465; x_wconf 77' lang='grc' dir='ltr'><strong>ἐκείνῃ</strong></span> <span class='ocrx_word' id='word_1_500' title='bbox 2607 3394 2868 3461; x_wconf 69' lang='grc' dir='ltr'><strong>γενέσθαι</strong></span> <span class='ocrx_word' id='word_1_501' title='bbox 2911 3392 2991 3448; x_wconf 87' lang='lat' dir='ltr'><strong>sic</strong></span> <span class='ocrx_word' id='word_1_502' title='bbox 3032 3392 3102 3446; x_wconf 89' lang='lat' dir='ltr'><strong>ibi</strong></span> <span class='ocrx_word' id='word_1_503' title='bbox 3140 3393 3444 3447; x_wconf 86' lang='lat' dir='ltr'><strong>scribitur:</strong></span> <span class='ocrx_word' id='word_1_504' title='bbox 3475 3393 3588 3443; x_wconf 76' lang='grc' dir='ltr'><strong>Ἵνα</strong></span> <span class='ocrx_word' id='word_1_505' title='bbox 3619 3391 3684 3458; x_wconf 80' lang='grc' dir='ltr'><strong>μὴ</strong></span> 
     </span>
    </p>
   </div>
   <div class='ocr_carea' id='block_1_78' title="bbox 2112 3482 3683 3554">
    <p class='ocr_par' dir='ltr' id='par_1_78' title="bbox 2112 3482 3683 3554">
     <span class='ocr_line' id='line_1_78' title="bbox 2112 3482 3683 3554; baseline -0.004 -16"><span class='ocrx_word' id='word_1_506' title='bbox 2112 3483 2342 3538; x_wconf 71' lang='grc' dir='ltr'><strong>τοιαῦτα</strong></span> <span class='ocrx_word' id='word_1_507' title='bbox 2385 3487 2480 3539; x_wconf 71' lang='grc' dir='ltr'><strong>καὶ</strong></span> <span class='ocrx_word' id='word_1_508' title='bbox 2506 3485 2665 3550; x_wconf 74' lang='grc' dir='ltr'><strong>αὖθις</strong></span> <span class='ocrx_word' id='word_1_509' title='bbox 2703 3485 3020 3554; x_wconf 79' lang='grc' dir='ltr'><strong>συμϐαίνοι,</strong></span> <span class='ocrx_word' id='word_1_510' title='bbox 3053 3485 3079 3536; x_wconf 83' lang='grc' dir='ltr'><em>ὁ</em></span> <span class='ocrx_word' id='word_1_511' title='bbox 3107 3483 3203 3550; x_wconf 76' lang='grc' dir='ltr'><strong>τῆς</strong></span> <span class='ocrx_word' id='word_1_512' title='bbox 3249 3482 3476 3554; x_wconf 79' lang='grc' dir='ltr'><strong>Ῥώμης</strong></span> <span class='ocrx_word' id='word_1_513' title='bbox 3513 3484 3683 3553; x_wconf 75' lang='grc' dir='ltr'><strong>ἀρχιε-</strong></span> 
     </span>
    </p>
   </div>
   <div class='ocr_carea' id='block_1_79' title="bbox 2116 3574 3680 3653">
    <p class='ocr_par' dir='ltr' id='par_1_79' title="bbox 2116 3574 3680 3653">
     <span class='ocr_line' id='line_1_79' title="bbox 2116 3574 3680 3653; baseline -0.006 -18"><span class='ocrx_word' id='word_1_514' title='bbox 2116 3583 2246 3653; x_wconf 81' lang='grc' dir='ltr'>ρεὺς</span> <span class='ocrx_word' id='word_1_515' title='bbox 2273 3587 2341 3637; x_wconf 73' lang='grc' dir='ltr'><strong>τὰ</strong></span> <span class='ocrx_word' id='word_1_516' title='bbox 2371 3578 2602 3634; x_wconf 82' lang='grc' dir='ltr'><strong>τοιαῦτα</strong></span> <span class='ocrx_word' id='word_1_517' title='bbox 2644 3579 2992 3648; x_wconf 78' lang='grc' dir='ltr'>παραχωρεῖ.</span> <span class='ocrx_word' id='word_1_518' title='bbox 3029 3576 3183 3640; x_wconf 74' lang='lat' dir='ltr'><strong>Qum,</strong></span> <span class='ocrx_word' id='word_1_519' title='bbox 3235 3574 3452 3642; x_wconf 85' lang='lat' dir='ltr'><strong>opinor,</strong></span> <span class='ocrx_word' id='word_1_520' title='bbox 3492 3575 3680 3642; x_wconf 79' lang='lat' dir='ltr'><strong>signifi-</strong></span> 
     </span>
    </p>
   </div>
   <div class='ocr_carea' id='block_1_80' title="bbox 2115 3670 3682 3741">
    <p class='ocr_par' dir='ltr' id='par_1_80' title="bbox 2115 3670 3682 3741">
     <span class='ocr_line' id='line_1_80' title="bbox 2115 3670 3682 3741; baseline -0.006 -11"><span class='ocrx_word' id='word_1_521' title='bbox 2115 3687 2243 3731; x_wconf 87' lang='lat' dir='ltr'><strong>cant</strong></span> <span class='ocrx_word' id='word_1_522' title='bbox 2269 3675 2482 3730; x_wconf 84' lang='lat' dir='ltr'><strong>cavisse</strong></span> <span class='ocrx_word' id='word_1_523' title='bbox 2521 3673 2668 3737; x_wconf 90' lang='lat' dir='ltr'><strong>illos,</strong></span> <span class='ocrx_word' id='word_1_524' title='bbox 2698 3671 2790 3741; x_wconf 87' lang='lat' dir='ltr'><strong>qui</strong></span> <span class='ocrx_word' id='word_1_525' title='bbox 2835 3670 3091 3725; x_wconf 78' lang='lat' dir='ltr'><strong>Ecclesia:</strong></span> <span class='ocrx_word' id='word_1_526' title='bbox 3127 3684 3270 3724; x_wconf 90' lang='lat' dir='ltr'><strong>nunc</strong></span> <span class='ocrx_word' id='word_1_527' title='bbox 3307 3677 3596 3738; x_wconf 83' lang='lat' dir='ltr'><strong>praeerant,</strong></span> <span class='ocrx_word' id='word_1_528' title='bbox 3624 3683 3682 3721; x_wconf 90' lang='lat' dir='ltr'><strong>ne</strong></span> 
     </span>
    </p>
   </div>
   <div class='ocr_carea' id='block_1_81' title="bbox 2116 3759 3680 3830">
    <p class='ocr_par' dir='ltr' id='par_1_81' title="bbox 2116 3759 3680 3830">
     <span class='ocr_line' id='line_1_81' title="bbox 2116 3759 3680 3830; baseline -0.008 -9"><span class='ocrx_word' id='word_1_529' title='bbox 2116 3766 2318 3823; x_wconf 90' lang='lat' dir='ltr'><strong>imitari</strong></span> <span class='ocrx_word' id='word_1_530' title='bbox 2373 3765 2686 3819; x_wconf 87' lang='lat' dir='ltr'><strong>viderentur</strong></span> <span class='ocrx_word' id='word_1_531' title='bbox 2712 3762 3021 3830; x_wconf 78' lang='lat' dir='ltr'><strong>exemplum</strong></span> <span class='ocrx_word' id='word_1_532' title='bbox 3059 3777 3087 3813; x_wconf 90' lang='lat' dir='ltr'><strong>a</strong></span> <span class='ocrx_word' id='word_1_533' title='bbox 3123 3759 3301 3814; x_wconf 70' lang='lat' dir='ltr'><strong>Veceo</strong></span> <span class='ocrx_word' id='word_1_534' title='bbox 3345 3771 3398 3814; x_wconf 89' lang='lat' dir='ltr'><strong>et</strong></span> <span class='ocrx_word' id='word_1_535' title='bbox 3429 3761 3553 3815; x_wconf 87' lang='lat' dir='ltr'><strong>aliis</strong></span> <span class='ocrx_word' id='word_1_536' title='bbox 3581 3759 3680 3824; x_wconf 82' lang='lat' dir='ltr'><strong>epi-</strong></span> 
     </span>
    </p>
   </div>
   <div class='ocr_carea' id='block_1_82' title="bbox 2114 3854 3677 3929">
    <p class='ocr_par' dir='ltr' id='par_1_82' title="bbox 2114 3854 3677 3929">
     <span class='ocr_line' id='line_1_82' title="bbox 2114 3854 3677 3929; baseline -0.006 -13"><span class='ocrx_word' id='word_1_537' title='bbox 2114 3859 2296 3929; x_wconf 75' lang='lat' dir='ltr'><strong>scopis</strong></span> <span class='ocrx_word' id='word_1_538' title='bbox 2311 3858 2517 3912; x_wconf 61' lang='lat' dir='ltr'><strong>Graecis</strong></span> <span class='ocrx_word' id='word_1_539' title='bbox 2544 3857 2802 3910; x_wconf 67' lang='lat' dir='ltr'><strong>Romanm</strong></span> <span class='ocrx_word' id='word_1_540' title='bbox 2841 3857 3242 3910; x_wconf 76' lang='lat' dir='ltr'><strong>eowmunionis</strong></span> <span class='ocrx_word' id='word_1_541' title='bbox 3275 3857 3325 3909; x_wconf 94' lang='lat' dir='ltr'><strong>in</strong></span> <span class='ocrx_word' id='word_1_542' title='bbox 3356 3854 3445 3909; x_wconf 92' lang='lat' dir='ltr'><strong>illo</strong></span> <span class='ocrx_word' id='word_1_543' title='bbox 3473 3855 3677 3922; x_wconf 83' lang='lat' dir='ltr'><strong>permit-</strong></span> 
     </span>
    </p>
   </div>
   <div class='ocr_carea' id='block_1_83' title="bbox 2121 3949 3675 4018">
    <p class='ocr_par' dir='ltr' id='par_1_83' title="bbox 2121 3949 3675 4018">
     <span class='ocr_line' id='line_1_83' title="bbox 2121 3949 3675 4018; baseline -0.005 -11"><span class='ocrx_word' id='word_1_544' title='bbox 2121 3953 2286 4007; x_wconf 89' lang='lat' dir='ltr'><strong>tendo</strong></span> <span class='ocrx_word' id='word_1_545' title='bbox 2347 3950 2644 4014; x_wconf 90' lang='lat' dir='ltr'><strong>connubio,</strong></span> <span class='ocrx_word' id='word_1_546' title='bbox 2698 3949 2766 4004; x_wconf 89' lang='lat' dir='ltr'><strong>de</strong></span> <span class='ocrx_word' id='word_1_547' title='bbox 2805 3964 2911 4018; x_wconf 90' lang='lat' dir='ltr'><strong>quo</strong></span> <span class='ocrx_word' id='word_1_548' title='bbox 2973 3949 3081 4002; x_wconf 88' lang='lat' dir='ltr'><strong>vol.</strong></span> <span class='ocrx_word' id='word_1_549' title='bbox 3139 3949 3182 4012; x_wconf 88' lang='lat' dir='ltr'><strong>l,</strong></span> <span class='ocrx_word' id='word_1_550' title='bbox 3239 3965 3292 4018; x_wconf 90' lang='lat' dir='ltr'><strong>p.</strong></span> <span class='ocrx_word' id='word_1_551' title='bbox 3328 3949 3454 4013; x_wconf 71' lang='lat' dir='ltr'><strong>HO,</strong></span> <span class='ocrx_word' id='word_1_552' title='bbox 3517 3959 3675 4002; x_wconf 87' lang='lat' dir='ltr'><strong>actum</strong></span> 
     </span>
    </p>
   </div>
   <div class='ocr_carea' id='block_1_84' title="bbox 2115 4042 3678 4113">
    <p class='ocr_par' dir='ltr' id='par_1_84' title="bbox 2115 4042 3678 4113">
     <span class='ocr_line' id='line_1_84' title="bbox 2115 4042 3678 4113; baseline -0.005 -13"><span class='ocrx_word' id='word_1_553' title='bbox 2115 4045 2325 4110; x_wconf 85' lang='lat' dir='ltr'><strong>fuerat,</strong></span> <span class='ocrx_word' id='word_1_554' title='bbox 2363 4043 2674 4113; x_wconf 69' lang='lat' dir='ltr'><strong>praebitum.</strong></span> <span class='ocrx_word' id='word_1_555' title='bbox 2725 4042 2956 4098; x_wconf 84' lang='lat' dir='ltr'><strong>Causam</strong></span> <span class='ocrx_word' id='word_1_556' title='bbox 2995 4058 3124 4097; x_wconf 89' lang='lat' dir='ltr'><strong>vero</strong></span> <span class='ocrx_word' id='word_1_557' title='bbox 3169 4059 3269 4097; x_wconf 89' lang='lat' dir='ltr'><strong>cur</strong></span> <span class='ocrx_word' id='word_1_558' title='bbox 3321 4043 3370 4098; x_wconf 91' lang='lat' dir='ltr'><strong>id</strong></span> <span class='ocrx_word' id='word_1_559' title='bbox 3414 4042 3678 4112; x_wconf 77' lang='lat' dir='ltr'><strong>diligenter</strong></span> 
     </span>
    </p>
   </div>
   <div class='ocr_carea' id='block_1_85' title="bbox 2117 4133 3677 4206">
    <p class='ocr_par' dir='ltr' id='par_1_85' title="bbox 2117 4133 3677 4206">
     <span class='ocr_line' id='line_1_85' title="bbox 2117 4133 3677 4206; baseline -0.004 -13"><span class='ocrx_word' id='word_1_560' title='bbox 2117 4138 2438 4199; x_wconf 83' lang='lat' dir='ltr'><strong>vitaverint,</strong></span> <span class='ocrx_word' id='word_1_561' title='bbox 2495 4137 2812 4206; x_wconf 82' lang='lat' dir='ltr'><strong>exprimunt</strong></span> <span class='ocrx_word' id='word_1_562' title='bbox 2865 4139 3034 4190; x_wconf 86' lang='lat' dir='ltr'><strong>verba</strong></span> <span class='ocrx_word' id='word_1_563' title='bbox 3083 4140 3367 4205; x_wconf 86' lang='lat' dir='ltr'><strong>sequentia</strong></span> <span class='ocrx_word' id='word_1_564' title='bbox 3418 4155 3431 4191; x_wconf 90' lang='lat'><strong>:</strong></span> <span class='ocrx_word' id='word_1_565' title='bbox 3489 4138 3544 4188; x_wconf 90' lang='grc' dir='ltr'>Ὀ</span> <span class='ocrx_word' id='word_1_566' title='bbox 3593 4133 3677 4200; x_wconf 76' lang='grc' dir='ltr'><strong>τῆς</strong></span> 
     </span>
    </p>
   </div>
   <div class='ocr_carea' id='block_1_86' title="bbox 2115 4227 3676 4300">
    <p class='ocr_par' dir='ltr' id='par_1_86' title="bbox 2115 4227 3676 4300">
     <span class='ocr_line' id='line_1_86' title="bbox 2115 4227 3676 4300; baseline -0.006 -14"><span class='ocrx_word' id='word_1_567' title='bbox 2115 4229 2347 4300; x_wconf 78' lang='grc' dir='ltr'><strong>Ῥώμης</strong></span> <span class='ocrx_word' id='word_1_568' title='bbox 2400 4229 2698 4300; x_wconf 72' lang='grc' dir='ltr'><strong>ἀρχιερεὺς</strong></span> <span class='ocrx_word' id='word_1_569' title='bbox 2733 4229 2965 4282; x_wconf 77' lang='grc' dir='ltr'><strong>τοιαῦτα</strong></span> <span class='ocrx_word' id='word_1_570' title='bbox 3018 4231 3375 4299; x_wconf 78' lang='grc' dir='ltr'><strong>παραχωρεῖ,</strong></span> <span class='ocrx_word' id='word_1_571' title='bbox 3431 4227 3676 4281; x_wconf 78' lang='lat' dir='ltr'><strong>llomaaur</strong></span> 
     </span>
    </p>
   </div>
   <div class='ocr_carea' id='block_1_87' title="bbox 2115 4321 3677 4398">
    <p class='ocr_par' dir='ltr' id='par_1_87' title="bbox 2115 4321 3677 4398">
     <span class='ocr_line' id='line_1_87' title="bbox 2115 4321 3677 4398; baseline -0.004 -20"><span class='ocrx_word' id='word_1_572' title='bbox 2115 4327 2274 4398; x_wconf 77' lang='grc'><strong>751</strong></span> <span class='ocrx_word' id='word_1_573' title='bbox 2305 4323 2548 4394; x_wconf 67' lang='lat' dir='ltr'><strong>pontifex</strong></span> <span class='ocrx_word' id='word_1_574' title='bbox 2577 4323 2710 4376; x_wconf 79' lang='lat' dir='ltr'><strong>talia</strong></span> <span class='ocrx_word' id='word_1_575' title='bbox 2738 4323 3018 4388; x_wconf 78' lang='lat' dir='ltr'><strong>permittit.</strong></span> <span class='ocrx_word' id='word_1_576' title='bbox 3065 4321 3268 4387; x_wconf 84' lang='lat' dir='ltr'><strong>Nempe</strong></span> <span class='ocrx_word' id='word_1_577' title='bbox 3312 4332 3503 4376; x_wconf 88' lang='lat' dir='ltr'><strong>auctor</strong></span> <span class='ocrx_word' id='word_1_578' title='bbox 3530 4324 3677 4374; x_wconf 85' lang='lat' dir='ltr'><strong>adno-</strong></span> 
     </span>
    </p>
   </div>
   <div class='ocr_carea' id='block_1_88' title="bbox 2118 4415 3674 4484">
    <p class='ocr_par' dir='ltr' id='par_1_88' title="bbox 2118 4415 3674 4484">
     <span class='ocr_line' id='line_1_88' title="bbox 2118 4415 3674 4484; baseline -0.006 -10"><span class='ocrx_word' id='word_1_579' title='bbox 2118 4418 2430 4474; x_wconf 76' lang='lat' dir='ltr'><strong>tatiunculte</strong></span> <span class='ocrx_word' id='word_1_580' title='bbox 2485 4417 2760 4484; x_wconf 70' lang='lat' dir='ltr'><strong>significat</strong></span> <span class='ocrx_word' id='word_1_581' title='bbox 2813 4415 2994 4469; x_wconf 89' lang='lat' dir='ltr'><strong>studio</strong></span> <span class='ocrx_word' id='word_1_582' title='bbox 3054 4415 3384 4483; x_wconf 87' lang='lat' dir='ltr'><strong>reprobandi</strong></span> <span class='ocrx_word' id='word_1_583' title='bbox 3443 4429 3590 4469; x_wconf 88' lang='lat' dir='ltr'><strong>usum</strong></span> <span class='ocrx_word' id='word_1_584' title='bbox 3629 4420 3674 4464; x_wconf 79' lang='lat' dir='ltr'><strong>et</strong></span> 
     </span>
    </p>
   </div>
   <div class='ocr_carea' id='block_1_89' title="bbox 2116 4502 3674 4575">
    <p class='ocr_par' dir='ltr' id='par_1_89' title="bbox 2116 4502 3674 4575">
     <span class='ocr_line' id='line_1_89' title="bbox 2116 4502 3674 4575; baseline -0.005 -11"><span class='ocrx_word' id='word_1_585' title='bbox 2116 4509 2564 4564; x_wconf 80' lang='lat' dir='ltr'><strong>consuetudinem</strong></span> <span class='ocrx_word' id='word_1_586' title='bbox 2613 4505 2871 4561; x_wconf 75' lang='lat' dir='ltr'><strong>Ecclesia:</strong></span> <span class='ocrx_word' id='word_1_587' title='bbox 2916 4507 3175 4560; x_wconf 66' lang='lat' dir='ltr'><strong>Romanae</strong></span> <span class='ocrx_word' id='word_1_588' title='bbox 3211 4514 3500 4575; x_wconf 82' lang='lat' dir='ltr'><strong>provectos</strong></span> <span class='ocrx_word' id='word_1_589' title='bbox 3546 4502 3674 4558; x_wconf 55' lang='lat' dir='ltr'><strong>Cra»</strong></span> 
     </span>
    </p>
   </div>
   <div class='ocr_carea' id='block_1_90' title="bbox 428 4589 2008 4666">
    <p class='ocr_par' dir='ltr' id='par_1_90' title="bbox 428 4589 2008 4663">
     <span class='ocr_line' id='line_1_90' title="bbox 428 4589 2008 4663; baseline -0.009 -9"><span class='ocrx_word' id='word_1_590' title='bbox 428 4598 652 4654; x_wconf 92' lang='lat' dir='ltr'><strong>Occidui</strong></span> <span class='ocrx_word' id='word_1_591' title='bbox 712 4607 918 4652; x_wconf 89' lang='lat' dir='ltr'><strong>tractus</strong></span> <span class='ocrx_word' id='word_1_592' title='bbox 973 4595 1259 4663; x_wconf 88' lang='lat' dir='ltr'><strong>despotam</strong></span> <span class='ocrx_word' id='word_1_593' title='bbox 1306 4601 1362 4647; x_wconf 89' lang='lat' dir='ltr'><strong>et</strong></span> <span class='ocrx_word' id='word_1_594' title='bbox 1397 4591 1608 4646; x_wconf 78' lang='lat' dir='ltr'><strong>Annam</strong></span> <span class='ocrx_word' id='word_1_595' title='bbox 1666 4589 2008 4659; x_wconf 85' lang='lat' dir='ltr'><strong>imperatoris</strong></span> 
     </span>
    </p>
   </div>
   <div class='ocr_carea' id='block_1_91' title="bbox 2115 4589 3673 4666">
    <p class='ocr_par' dir='ltr' id='par_1_91' title="bbox 2119 4595 3673 4666">
     <span class='ocr_line' id='line_1_91' title="bbox 2119 4595 3673 4666; baseline -0.006 -10"><span class='ocrx_word' id='word_1_596' title='bbox 2119 4617 2209 4656; x_wconf 89' lang='lat' dir='ltr'><strong>eos</strong></span> <span class='ocrx_word' id='word_1_597' title='bbox 2253 4601 2636 4655; x_wconf 83' lang='lat' dir='ltr'><strong>schismatiros</strong></span> <span class='ocrx_word' id='word_1_598' title='bbox 2686 4599 2752 4653; x_wconf 88' lang='lat' dir='ltr'><strong>ad</strong></span> <span class='ocrx_word' id='word_1_599' title='bbox 2788 4599 3090 4666; x_wconf 74' lang='lat' dir='ltr'><strong>negandam</strong></span> <span class='ocrx_word' id='word_1_600' title='bbox 3141 4598 3449 4652; x_wconf 88' lang='lat' dir='ltr'><strong>istiusmodi</strong></span> <span class='ocrx_word' id='word_1_601' title='bbox 3507 4595 3673 4650; x_wconf 89' lang='lat' dir='ltr'><strong>matri-</strong></span> 
     </span>
    </p>
   </div>
   <div class='ocr_carea' id='block_1_92' title="bbox 427 4683 2008 4755">
    <p class='ocr_par' dir='ltr' id='par_1_92' title="bbox 427 4683 2008 4755">
     <span class='ocr_line' id='line_1_92' title="bbox 427 4683 2008 4755; baseline -0.007 -9"><span class='ocrx_word' id='word_1_602' title='bbox 427 4690 709 4747; x_wconf 72' lang='lat' dir='ltr'><strong>Micltat-lis</strong></span> <span class='ocrx_word' id='word_1_603' title='bbox 775 4691 943 4744; x_wconf 84' lang='lat' dir='ltr'><strong>filiam</strong></span> <span class='ocrx_word' id='word_1_604' title='bbox 1003 4685 1392 4750; x_wconf 87' lang='lat' dir='ltr'><strong>conciliando,</strong></span> <span class='ocrx_word' id='word_1_605' title='bbox 1451 4686 1685 4755; x_wconf 76' lang='lat' dir='ltr'><strong>gratiam</strong></span> <span class='ocrx_word' id='word_1_606' title='bbox 1745 4683 2008 4745; x_wconf 88' lang='lat' dir='ltr'><strong>fecerant,</strong></span> 
     </span>
    </p>
   </div>
   <div class='ocr_carea' id='block_1_93' title="bbox 425 4775 2008 4855">
    <p class='ocr_par' dir='ltr' id='par_1_93' title="bbox 425 4775 2008 4855">
     <span class='ocr_line' id='line_1_93' title="bbox 425 4775 2008 4855; baseline -0.008 -15"><span class='ocrx_word' id='word_1_607' title='bbox 425 4796 688 4855; x_wconf 80' lang='lat' dir='ltr'><strong>poscente</strong></span> <span class='ocrx_word' id='word_1_608' title='bbox 713 4783 974 4852; x_wconf 71' lang='lat' dir='ltr'><strong>Augusto,</strong></span> <span class='ocrx_word' id='word_1_609' title='bbox 1007 4781 1098 4850; x_wconf 86' lang='lat' dir='ltr'><strong>qui</strong></span> <span class='ocrx_word' id='word_1_610' title='bbox 1130 4791 1258 4834; x_wconf 90' lang='lat' dir='ltr'><strong>tunc</strong></span> <span class='ocrx_word' id='word_1_611' title='bbox 1285 4787 1556 4847; x_wconf 64' lang='lat' dir='ltr'><strong>praeerant</strong></span> <span class='ocrx_word' id='word_1_612' title='bbox 1581 4775 1861 4841; x_wconf 47' lang='lat' dir='ltr'><strong>Ecclesiae,</strong></span> <span class='ocrx_word' id='word_1_613' title='bbox 1884 4790 2008 4830; x_wconf 90' lang='lat' dir='ltr'><strong>cum</strong></span> 
     </span>
    </p>
   </div>
   <div class='ocr_carea' id='block_1_94' title="bbox 425 4867 2006 4942">
    <p class='ocr_par' dir='ltr' id='par_1_94' title="bbox 425 4867 2006 4942">
     <span class='ocr_line' id='line_1_94' title="bbox 425 4867 2006 4942; baseline -0.008 -11"><span class='ocrx_word' id='word_1_614' title='bbox 425 4887 607 4931; x_wconf 85' lang='lat' dir='ltr'><strong>tamen</strong></span> <span class='ocrx_word' id='word_1_615' title='bbox 659 4877 795 4928; x_wconf 87' lang='lat' dir='ltr'><strong>adeo</strong></span> <span class='ocrx_word' id='word_1_616' title='bbox 847 4887 1090 4942; x_wconf 62' lang='lat' dir='ltr'><strong>presens</strong></span> <span class='ocrx_word' id='word_1_617' title='bbox 1118 4879 1176 4925; x_wconf 90' lang='lat' dir='ltr'><strong>et</strong></span> <span class='ocrx_word' id='word_1_618' title='bbox 1217 4879 1488 4940; x_wconf 66' lang='lat' dir='ltr'><strong>praestans</strong></span> <span class='ocrx_word' id='word_1_619' title='bbox 1531 4867 1741 4922; x_wconf 88' lang='lat' dir='ltr'><strong>utilitas</strong></span> <span class='ocrx_word' id='word_1_620' title='bbox 1788 4869 1840 4920; x_wconf 91' lang='lat' dir='ltr'><strong>iu</strong></span> <span class='ocrx_word' id='word_1_621' title='bbox 1891 4882 2006 4920; x_wconf 93' lang='lat' dir='ltr'><strong>rem</strong></span> 
     </span>
    </p>
   </div>
   <div class='ocr_carea' id='block_1_95' title="bbox 427 4965 2012 5040">
    <p class='ocr_par' dir='ltr' id='par_1_95' title="bbox 427 4965 2012 5040">
     <span class='ocr_line' id='line_1_95' title="bbox 427 4965 2012 5040; baseline -0.007 -15"><span class='ocrx_word' id='word_1_622' title='bbox 427 4970 640 5040; x_wconf 90' lang='lat' dir='ltr'><strong>imperii</strong></span> <span class='ocrx_word' id='word_1_623' title='bbox 677 4983 744 5022; x_wconf 78' lang='lat' dir='ltr'><strong>ex</strong></span> <span class='ocrx_word' id='word_1_624' title='bbox 787 4967 893 5020; x_wconf 90' lang='lat' dir='ltr'><strong>isto</strong></span> <span class='ocrx_word' id='word_1_625' title='bbox 926 4965 1181 5034; x_wconf 68' lang='lat' dir='ltr'><strong>coningio</strong></span> <span class='ocrx_word' id='word_1_626' title='bbox 1224 4980 1328 5018; x_wconf 90' lang='lat' dir='ltr'><strong>non</strong></span> <span class='ocrx_word' id='word_1_627' title='bbox 1360 4968 1677 5030; x_wconf 85' lang='lat' dir='ltr'><strong>speraretur</strong></span> <span class='ocrx_word' id='word_1_628' title='bbox 1703 4975 1863 5029; x_wconf 90' lang='lat' dir='ltr'><strong>quam</strong></span> <span class='ocrx_word' id='word_1_629' title='bbox 1893 4974 2012 5029; x_wconf 62' lang='lat' dir='ltr'><strong>qua:</strong></span> 
     </span>
    </p>
   </div>
   <div class='ocr_carea' id='block_1_96' title="bbox 425 5052 2008 5130">
    <p class='ocr_par' dir='ltr' id='par_1_96' title="bbox 425 5052 2008 5130">
     <span class='ocr_line' id='line_1_96' title="bbox 425 5052 2008 5130; baseline -0.007 -11"><span class='ocrx_word' id='word_1_630' title='bbox 425 5071 581 5119; x_wconf 87' lang='lat' dir='ltr'><strong>certo</strong></span> <span class='ocrx_word' id='word_1_631' title='bbox 629 5060 928 5130; x_wconf 79' lang='lat' dir='ltr'><strong>apparebat</strong></span> <span class='ocrx_word' id='word_1_632' title='bbox 979 5073 1041 5112; x_wconf 78' lang='lat' dir='ltr'><strong>ex</strong></span> <span class='ocrx_word' id='word_1_633' title='bbox 1091 5059 1193 5113; x_wconf 91' lang='lat' dir='ltr'><strong>hoc</strong></span> <span class='ocrx_word' id='word_1_634' title='bbox 1225 5064 1505 5111; x_wconf 84' lang='lat' dir='ltr'><strong>secutura.</strong></span> <span class='ocrx_word' id='word_1_635' title='bbox 1536 5052 1802 5107; x_wconf 82' lang='lat' dir='ltr'><strong>Nimirum</strong></span> <span class='ocrx_word' id='word_1_636' title='bbox 1832 5054 2008 5108; x_wconf 87' lang='lat' dir='ltr'><strong>schis-</strong></span> 
     </span>
    </p>
   </div>
   <div class='ocr_carea' id='block_1_97' title="bbox 427 5149 2010 5225">
    <p class='ocr_par' dir='ltr' id='par_1_97' title="bbox 427 5149 2010 5225">
     <span class='ocr_line' id='line_1_97' title="bbox 427 5149 2010 5225; baseline -0.008 -10"><span class='ocrx_word' id='word_1_637' title='bbox 427 5157 613 5215; x_wconf 84' lang='lat' dir='ltr'><strong>matici</strong></span> <span class='ocrx_word' id='word_1_638' title='bbox 637 5171 783 5210; x_wconf 91' lang='lat' dir='ltr'><strong>nunc</strong></span> <span class='ocrx_word' id='word_1_639' title='bbox 808 5165 1059 5225; x_wconf 85' lang='lat' dir='ltr'><strong>potentes</strong></span> <span class='ocrx_word' id='word_1_640' title='bbox 1089 5169 1269 5208; x_wconf 86' lang='lat' dir='ltr'><strong>rerum</strong></span> <span class='ocrx_word' id='word_1_641' title='bbox 1293 5151 1623 5206; x_wconf 74' lang='lat' dir='ltr'><strong>affectabam</strong></span> <span class='ocrx_word' id='word_1_642' title='bbox 1650 5149 2010 5219; x_wconf 73' lang='lat' dir='ltr'><strong>religiosiores</strong></span> 
     </span>
    </p>
   </div>
   <div class='ocr_carea' id='block_1_98' title="bbox 425 5242 2010 5322">
    <p class='ocr_par' dir='ltr' id='par_1_98' title="bbox 425 5242 2010 5322">
     <span class='ocr_line' id='line_1_98' title="bbox 425 5242 2010 5322; baseline -0.008 -15"><span class='ocrx_word' id='word_1_643' title='bbox 425 5266 691 5322; x_wconf 83' lang='lat' dir='ltr'><strong>apparere</strong></span> <span class='ocrx_word' id='word_1_644' title='bbox 719 5247 1012 5302; x_wconf 84' lang='lat' dir='ltr'><strong>catholicis</strong></span> <span class='ocrx_word' id='word_1_645' title='bbox 1044 5258 1174 5302; x_wconf 90' lang='lat' dir='ltr'><strong>tunc</strong></span> <span class='ocrx_word' id='word_1_646' title='bbox 1223 5257 1276 5300; x_wconf 85' lang='lat' dir='ltr'><strong>et</strong></span> <span class='ocrx_word' id='word_1_647' title='bbox 1308 5245 1574 5301; x_wconf 68' lang='lat' dir='ltr'><strong>Ecelesire</strong></span> <span class='ocrx_word' id='word_1_648' title='bbox 1616 5253 1670 5296; x_wconf 91' lang='lat' dir='ltr'><strong>et</strong></span> <span class='ocrx_word' id='word_1_649' title='bbox 1705 5242 2010 5310; x_wconf 77' lang='lat' dir='ltr'><strong>rcipnblica:</strong></span> 
     </span>
    </p>
   </div>
   <div class='ocr_carea' id='block_1_99' title="bbox 425 5335 2010 5416">
    <p class='ocr_par' dir='ltr' id='par_1_99' title="bbox 425 5335 2010 5416">
     <span class='ocr_line' id='line_1_99' title="bbox 425 5335 2010 5416; baseline -0.006 -17"><span class='ocrx_word' id='word_1_650' title='bbox 425 5344 880 5416; x_wconf 75' lang='lat' dir='ltr'><strong>prtesidentibus;</strong></span> <span class='ocrx_word' id='word_1_651' title='bbox 921 5353 1086 5409; x_wconf 81' lang='lat' dir='ltr'><strong>atque</strong></span> <span class='ocrx_word' id='word_1_652' title='bbox 1122 5348 1179 5393; x_wconf 92' lang='lat' dir='ltr'><strong>ut</strong></span> <span class='ocrx_word' id='word_1_653' title='bbox 1229 5338 1573 5392; x_wconf 84' lang='lat' dir='ltr'><strong>Andronicus</strong></span> <span class='ocrx_word' id='word_1_654' title='bbox 1629 5335 1838 5406; x_wconf 84' lang='lat' dir='ltr'><strong>ejurata</strong></span> <span class='ocrx_word' id='word_1_655' title='bbox 1879 5350 2010 5390; x_wconf 85' lang='lat' dir='ltr'><strong>con-</strong></span> 
     </span>
    </p>
   </div>
   <div class='ocr_carea' id='block_1_100' title="bbox 423 5429 2006 5503">
    <p class='ocr_par' dir='ltr' id='par_1_100' title="bbox 423 5429 2006 5503">
     <span class='ocr_line' id='line_1_100' title="bbox 423 5429 2006 5503; baseline -0.01 -8"><span class='ocrx_word' id='word_1_656' title='bbox 423 5440 610 5495; x_wconf 83' lang='lat' dir='ltr'><strong>cordia</strong></span> <span class='ocrx_word' id='word_1_657' title='bbox 642 5452 764 5493; x_wconf 89' lang='lat' dir='ltr'><strong>cum</strong></span> <span class='ocrx_word' id='word_1_658' title='bbox 793 5450 954 5503; x_wconf 77' lang='lat' dir='ltr'><strong>papa.</strong></span> <span class='ocrx_word' id='word_1_659' title='bbox 993 5448 1158 5502; x_wconf 80' lang='lat' dir='ltr'><strong>quant</strong></span> <span class='ocrx_word' id='word_1_660' title='bbox 1191 5432 1308 5498; x_wconf 81' lang='lat' dir='ltr'><strong>cius</strong></span> <span class='ocrx_word' id='word_1_661' title='bbox 1339 5443 1495 5500; x_wconf 86' lang='lat' dir='ltr'><strong>pater</strong></span> <span class='ocrx_word' id='word_1_662' title='bbox 1522 5441 1710 5485; x_wconf 85' lang='lat' dir='ltr'><strong>sancte</strong></span> <span class='ocrx_word' id='word_1_663' title='bbox 1740 5429 2006 5492; x_wconf 68' lang='lat' dir='ltr'><strong>coluerat,</strong></span> 
     </span>
    </p>
   </div>
   <div class='ocr_carea' id='block_1_101' title="bbox 423 5521 2006 5592">
    <p class='ocr_par' dir='ltr' id='par_1_101' title="bbox 423 5521 2006 5592">
     <span class='ocr_line' id='line_1_101' title="bbox 423 5521 2006 5592; baseline -0.006 -9"><span class='ocrx_word' id='word_1_664' title='bbox 423 5530 595 5585; x_wconf 84' lang='lat' dir='ltr'><strong>videri</strong></span> <span class='ocrx_word' id='word_1_665' title='bbox 652 5529 884 5591; x_wconf 84' lang='lat' dir='ltr'><strong>studuit,</strong></span> <span class='ocrx_word' id='word_1_666' title='bbox 925 5527 1028 5581; x_wconf 90' lang='lat' dir='ltr'><strong>hac</strong></span> <span class='ocrx_word' id='word_1_667' title='bbox 1064 5526 1442 5592; x_wconf 70' lang='lat' dir='ltr'><strong>superstitiosa</strong></span> <span class='ocrx_word' id='word_1_668' title='bbox 1491 5523 1790 5577; x_wconf 87' lang='lat' dir='ltr'><strong>omissionc</strong></span> <span class='ocrx_word' id='word_1_669' title='bbox 1823 5521 2006 5575; x_wconf 71' lang='lat' dir='ltr'><strong>afﬁni-</strong></span> 
     </span>
    </p>
   </div>
   <div class='ocr_carea' id='block_1_102' title="bbox 426 5615 2004 5686">
    <p class='ocr_par' dir='ltr' id='par_1_102' title="bbox 426 5615 2004 5686">
     <span class='ocr_line' id='line_1_102' title="bbox 426 5615 2004 5686; baseline -0.007 -10"><span class='ocrx_word' id='word_1_670' title='bbox 426 5623 554 5677; x_wconf 74' lang='lat' dir='ltr'><strong>tatis</strong></span> <span class='ocrx_word' id='word_1_671' title='bbox 606 5620 909 5674; x_wconf 75' lang='lat' dir='ltr'><strong>utilissima:</strong></span> <span class='ocrx_word' id='word_1_672' title='bbox 964 5617 1192 5686; x_wconf 90' lang='lat' dir='ltr'><strong>imperio</strong></span> <span class='ocrx_word' id='word_1_673' title='bbox 1241 5626 1466 5686; x_wconf 77' lang='lat' dir='ltr'><strong>pt-Opter</strong></span> <span class='ocrx_word' id='word_1_674' title='bbox 1518 5626 1719 5668; x_wconf 87' lang='lat' dir='ltr'><strong>metum</strong></span> <span class='ocrx_word' id='word_1_675' title='bbox 1764 5615 2004 5676; x_wconf 86' lang='lat' dir='ltr'><strong>inanem,</strong></span> 
     </span>
    </p>
   </div>
   <div class='ocr_carea' id='block_1_103' title="bbox 422 5706 2008 5782">
    <p class='ocr_par' dir='ltr' id='par_1_103' title="bbox 422 5706 2008 5782">
     <span class='ocr_line' id='line_1_103' title="bbox 422 5706 2008 5782; baseline -0.005 -16"><span class='ocrx_word' id='word_1_676' title='bbox 422 5713 577 5782; x_wconf 72' lang='lat' dir='ltr'><strong>quasi</strong></span> <span class='ocrx_word' id='word_1_677' title='bbox 611 5714 729 5780; x_wconf 89' lang='lat' dir='ltr'><strong>ejus</strong></span> <span class='ocrx_word' id='word_1_678' title='bbox 771 5711 1220 5781; x_wconf 86' lang='lat' dir='ltr'><strong>impedimentum</strong></span> <span class='ocrx_word' id='word_1_679' title='bbox 1273 5707 1538 5762; x_wconf 77' lang='lat' dir='ltr'><strong>removeri</strong></span> <span class='ocrx_word' id='word_1_680' title='bbox 1596 5706 1858 5762; x_wconf 65' lang='lat' dir='ltr'><strong>Ecclesiae</strong></span> <span class='ocrx_word' id='word_1_681' title='bbox 1911 5721 2008 5760; x_wconf 86' lang='lat' dir='ltr'><strong>au-</strong></span> 
     </span>
    </p>
   </div>
   <div class='ocr_carea' id='block_1_104' title="bbox 423 5801 2008 5875">
    <p class='ocr_par' dir='ltr' id='par_1_104' title="bbox 423 5801 2008 5875">
     <span class='ocr_line' id='line_1_104' title="bbox 423 5801 2008 5875; baseline -0.005 -13"><span class='ocrx_word' id='word_1_682' title='bbox 423 5809 678 5862; x_wconf 84' lang='lat' dir='ltr'><strong>ctoritate</strong></span> <span class='ocrx_word' id='word_1_683' title='bbox 711 5805 978 5875; x_wconf 86' lang='lat' dir='ltr'><strong>nequiret,</strong></span> <span class='ocrx_word' id='word_1_684' title='bbox 1008 5803 1126 5874; x_wconf 88' lang='lat' dir='ltr'><strong>plus</strong></span> <span class='ocrx_word' id='word_1_685' title='bbox 1148 5817 1340 5872; x_wconf 87' lang='lat' dir='ltr'><strong>sapere</strong></span> <span class='ocrx_word' id='word_1_686' title='bbox 1373 5816 1533 5869; x_wconf 89' lang='lat' dir='ltr'><strong>quam</strong></span> <span class='ocrx_word' id='word_1_687' title='bbox 1570 5801 1866 5871; x_wconf 86' lang='lat' dir='ltr'><strong>ille..quetn</strong></span> <span class='ocrx_word' id='word_1_688' title='bbox 1893 5816 2008 5855; x_wconf 86' lang='lat' dir='ltr'><strong>tne-</strong></span> 
     </span>
    </p>
   </div>
   <div class='ocr_carea' id='block_1_105' title="bbox 425 5897 2002 5975">
    <p class='ocr_par' dir='ltr' id='par_1_105' title="bbox 425 5897 2002 5975">
     <span class='ocr_line' id='line_1_105' title="bbox 425 5897 2002 5975; baseline -0.004 -15"><span class='ocrx_word' id='word_1_689' title='bbox 425 5907 659 5961; x_wconf 85' lang='lat' dir='ltr'><strong>mitterat</strong></span> <span class='ocrx_word' id='word_1_690' title='bbox 689 5903 804 5975; x_wconf 83' lang='lat' dir='ltr'><strong>pari</strong></span> <span class='ocrx_word' id='word_1_691' title='bbox 833 5901 1126 5960; x_wconf 84' lang='lat' dir='ltr'><strong>occasione</strong></span> <span class='ocrx_word' id='word_1_692' title='bbox 1170 5899 1463 5972; x_wconf 61' lang='lat' dir='ltr'><strong>pracsn‘lum</strong></span> <span class='ocrx_word' id='word_1_693' title='bbox 1501 5897 2002 5956; x_wconf 76' lang='lat' dir='ltr'><strong>ecclesiasticorum</strong></span> 
     </span>
    </p>
   </div>
   <div class='ocr_carea' id='block_1_106' title="bbox 2118 4687 3670 4758">
    <p class='ocr_par' dir='ltr' id='par_1_106' title="bbox 2118 4687 3670 4758">
     <span class='ocr_line' id='line_1_106' title="bbox 2118 4687 3670 4758; baseline -0.006 -8"><span class='ocrx_word' id='word_1_694' title='bbox 2118 4693 2436 4750; x_wconf 88' lang='lat' dir='ltr'><strong>monialium</strong></span> <span class='ocrx_word' id='word_1_695' title='bbox 2497 4691 3013 4758; x_wconf 83' lang='lat' dir='ltr'><strong>impedimentorum</strong></span> <span class='ocrx_word' id='word_1_696' title='bbox 3069 4689 3488 4752; x_wconf 80' lang='lat' dir='ltr'><strong>relaxationem,</strong></span> <span class='ocrx_word' id='word_1_697' title='bbox 3535 4687 3670 4757; x_wconf 86' lang='lat' dir='ltr'><strong>quasi</strong></span> 
     </span>
    </p>
   </div>
   <div class='ocr_carea' id='block_1_107' title="bbox 2115 4779 3671 4853">
    <p class='ocr_par' dir='ltr' id='par_1_107' title="bbox 2115 4779 3671 4853">
     <span class='ocr_line' id='line_1_107' title="bbox 2115 4779 3671 4853; baseline -0.004 -12"><span class='ocrx_word' id='word_1_698' title='bbox 2115 4802 2232 4841; x_wconf 88' lang='lat' dir='ltr'><strong>eam</strong></span> <span class='ocrx_word' id='word_1_699' title='bbox 2273 4785 2480 4840; x_wconf 83' lang='lat' dir='ltr'><strong>Veccus</strong></span> <span class='ocrx_word' id='word_1_700' title='bbox 2508 4795 2697 4838; x_wconf 88' lang='lat' dir='ltr'><strong>contra</strong></span> <span class='ocrx_word' id='word_1_701' title='bbox 2728 4783 2809 4838; x_wconf 87' lang='lat' dir='ltr'><strong>fas</strong></span> <span class='ocrx_word' id='word_1_702' title='bbox 2844 4791 3172 4840; x_wconf 87' lang='lat' dir='ltr'><strong>attentasset</strong></span> <span class='ocrx_word' id='word_1_703' title='bbox 3205 4794 3496 4853; x_wconf 88' lang='lat' dir='ltr'><strong>propterea</strong></span> <span class='ocrx_word' id='word_1_704' title='bbox 3546 4779 3671 4851; x_wconf 86' lang='lat' dir='ltr'><strong>quod</strong></span> 
     </span>
    </p>
   </div>
   <div class='ocr_carea' id='block_1_108' title="bbox 2115 4877 3450 4946">
    <p class='ocr_par' dir='ltr' id='par_1_108' title="bbox 2115 4877 3450 4946">
     <span class='ocr_line' id='line_1_108' title="bbox 2115 4877 3450 4946; baseline -0.003 -12"><span class='ocrx_word' id='word_1_705' title='bbox 2115 4879 2344 4935; x_wconf 80' lang='lat' dir='ltr'><strong>Romani</strong></span> <span class='ocrx_word' id='word_1_706' title='bbox 2375 4877 2645 4946; x_wconf 85' lang='lat' dir='ltr'><strong>pontificis</strong></span> <span class='ocrx_word' id='word_1_707' title='bbox 2673 4877 3054 4930; x_wconf 84' lang='lat' dir='ltr'><strong>auctoritatem</strong></span> <span class='ocrx_word' id='word_1_708' title='bbox 3107 4883 3450 4940; x_wconf 82' lang='lat' dir='ltr'><strong>sequeretur.</strong></span> 
     </span>
    </p>
   </div>
   <div class='ocr_carea' id='block_1_109' title="bbox 2184 4961 3666 5038">
    <p class='ocr_par' dir='ltr' id='par_1_109' title="bbox 2184 4961 3666 5038">
     <span class='ocr_line' id='line_1_109' title="bbox 2184 4961 3666 5038; baseline -0.008 -12"><span class='ocrx_word' id='word_1_709' title='bbox 2184 4971 2246 5026; x_wconf 87' lang='grc' dir='ltr'><strong>Ρ.</strong></span> <span class='ocrx_word' id='word_1_710' title='bbox 2281 4970 2406 5024; x_wconf 68' lang='lat'><strong>206.</strong></span> <span class='ocrx_word' id='word_1_711' title='bbox 2444 4967 2671 5038; x_wconf 80' lang='lat' dir='ltr'><strong>Ejnratu</strong></span> <span class='ocrx_word' id='word_1_712' title='bbox 2706 4970 2810 5020; x_wconf 75' lang='lat' dir='ltr'><strong>ritu</strong></span> <span class='ocrx_word' id='word_1_713' title='bbox 2838 4968 3036 5035; x_wconf 80' lang='lat' dir='ltr'><strong>patrio.</strong></span> <span class='ocrx_word' id='word_1_714' title='bbox 3081 4967 3208 5037; x_wconf 78' lang='lat' dir='ltr'><strong>Agit</strong></span> <span class='ocrx_word' id='word_1_715' title='bbox 3239 4969 3304 5022; x_wconf 85' lang='lat' dir='ltr'><strong>de</strong></span> <span class='ocrx_word' id='word_1_716' title='bbox 3366 4967 3521 5021; x_wconf 77' lang='lat' dir='ltr'><strong>Maria</strong></span> <span class='ocrx_word' id='word_1_717' title='bbox 3574 4961 3666 5017; x_wconf 86' lang='lat' dir='ltr'><strong>lilia</strong></span> 
     </span>
    </p>
   </div>
   <div class='ocr_carea' id='block_1_110' title="bbox 2115 5061 3667 5134">
    <p class='ocr_par' dir='ltr' id='par_1_110' title="bbox 2115 5061 3667 5134">
     <span class='ocr_line' id='line_1_110' title="bbox 2115 5061 3667 5134; baseline -0.009 -13"><span class='ocrx_word' id='word_1_718' title='bbox 2115 5068 2256 5134; x_wconf 77' lang='lat' dir='ltr'><strong>regis</strong></span> <span class='ocrx_word' id='word_1_719' title='bbox 2290 5065 2563 5119; x_wconf 65' lang='lat' dir='ltr'><strong>Armeniae</strong></span> <span class='ocrx_word' id='word_1_720' title='bbox 2607 5062 2880 5116; x_wconf 78' lang='lat' dir='ltr'><strong>destinata</strong></span> <span class='ocrx_word' id='word_1_721' title='bbox 2917 5077 3122 5130; x_wconf 87' lang='lat' dir='ltr'><strong>sponsa</strong></span> <span class='ocrx_word' id='word_1_722' title='bbox 3162 5061 3412 5115; x_wconf 84' lang='lat' dir='ltr'><strong>Michaeli</strong></span> <span class='ocrx_word' id='word_1_723' title='bbox 3448 5063 3667 5127; x_wconf 78' lang='lat' dir='ltr'><strong>Augusto</strong></span> 
     </span>
    </p>
   </div>
   <div class='ocr_carea' id='block_1_111' title="bbox 2109 5152 3664 5228">
    <p class='ocr_par' dir='ltr' id='par_1_111' title="bbox 2109 5152 3664 5228">
     <span class='ocr_line' id='line_1_111' title="bbox 2109 5152 3664 5228; baseline -0.01 -13"><span class='ocrx_word' id='word_1_724' title='bbox 2109 5157 2346 5221; x_wconf 77' lang='lat' dir='ltr'><strong>Juniori,</strong></span> <span class='ocrx_word' id='word_1_725' title='bbox 2375 5172 2538 5228; x_wconf 85' lang='lat' dir='ltr'><strong>quam</strong></span> <span class='ocrx_word' id='word_1_726' title='bbox 2565 5156 2640 5210; x_wconf 90' lang='lat' dir='ltr'><strong>ait</strong></span> <span class='ocrx_word' id='word_1_727' title='bbox 2671 5171 2832 5224; x_wconf 87' lang='lat' dir='ltr'><strong>opera</strong></span> <span class='ocrx_word' id='word_1_728' title='bbox 2855 5163 2913 5209; x_wconf 86' lang='lat' dir='ltr'><strong>et</strong></span> <span class='ocrx_word' id='word_1_729' title='bbox 2940 5154 3284 5210; x_wconf 85' lang='lat' dir='ltr'><strong>suasionibus</strong></span> <span class='ocrx_word' id='word_1_730' title='bbox 3312 5152 3664 5210; x_wconf 87' lang='lat' dir='ltr'><strong>dedttceutiutn</strong></span> 
     </span>
    </p>
   </div>
   <div class='ocr_carea' id='block_1_112' title="bbox 2113 5244 3660 5318">
    <p class='ocr_par' dir='ltr' id='par_1_112' title="bbox 2113 5244 3660 5318">
     <span class='ocr_line' id='line_1_112' title="bbox 2113 5244 3660 5318; baseline -0.01 -9"><span class='ocrx_word' id='word_1_731' title='bbox 2113 5253 2404 5308; x_wconf 83' lang='lat' dir='ltr'><strong>adductam</strong></span> <span class='ocrx_word' id='word_1_732' title='bbox 2439 5252 2501 5304; x_wconf 87' lang='lat' dir='ltr'><strong>ad</strong></span> <span class='ocrx_word' id='word_1_733' title='bbox 2543 5249 2869 5318; x_wconf 88' lang='lat' dir='ltr'><strong>ejurandmn</strong></span> <span class='ocrx_word' id='word_1_734' title='bbox 2905 5248 3068 5302; x_wconf 92' lang='lat' dir='ltr'><strong>ritum</strong></span> <span class='ocrx_word' id='word_1_735' title='bbox 3105 5249 3364 5318; x_wconf 88' lang='lat' dir='ltr'><strong>patrium.</strong></span> <span class='ocrx_word' id='word_1_736' title='bbox 3391 5246 3510 5304; x_wconf 80' lang='lat' dir='ltr'><strong>Aeri</strong></span> <span class='ocrx_word' id='word_1_737' title='bbox 3539 5244 3660 5298; x_wconf 84' lang='lat' dir='ltr'><strong>circa</strong></span> 
     </span>
    </p>
   </div>
   <div class='ocr_carea' id='block_1_113' title="bbox 2111 5343 3664 5418">
    <p class='ocr_par' dir='ltr' id='par_1_113' title="bbox 2111 5343 3664 5418">
     <span class='ocr_line' id='line_1_113' title="bbox 2111 5343 3664 5418; baseline -0.009 -14"><span class='ocrx_word' id='word_1_738' title='bbox 2111 5349 2428 5418; x_wconf 80' lang='lat' dir='ltr'><strong>religionem</strong></span> <span class='ocrx_word' id='word_1_739' title='bbox 2458 5346 2689 5400; x_wconf 84' lang='lat' dir='ltr'><strong>discidio</strong></span> <span class='ocrx_word' id='word_1_740' title='bbox 2722 5346 2954 5399; x_wconf 88' lang='lat' dir='ltr'><strong>invicem</strong></span> <span class='ocrx_word' id='word_1_741' title='bbox 3003 5345 3354 5398; x_wconf 83' lang='lat' dir='ltr'><strong>abhorruisse</strong></span> <span class='ocrx_word' id='word_1_742' title='bbox 3389 5345 3590 5400; x_wconf 68' lang='lat' dir='ltr'><strong>Graecos</strong></span> <span class='ocrx_word' id='word_1_743' title='bbox 3617 5343 3664 5390; x_wconf 87' lang='lat' dir='ltr'><strong>et</strong></span> 
     </span>
    </p>
   </div>
   <div class='ocr_carea' id='block_1_114' title="bbox 2110 5429 3662 5495">
    <p class='ocr_par' dir='ltr' id='par_1_114' title="bbox 2110 5429 3662 5495">
     <span class='ocr_line' id='line_1_114' title="bbox 2110 5429 3662 5495; baseline -0.009 0"><span class='ocrx_word' id='word_1_744' title='bbox 2110 5441 2374 5495; x_wconf 77' lang='lat' dir='ltr'><strong>Armenes</strong></span> <span class='ocrx_word' id='word_1_745' title='bbox 2410 5453 2518 5494; x_wconf 91' lang='lat' dir='ltr'><strong>non</strong></span> <span class='ocrx_word' id='word_1_746' title='bbox 2553 5438 2720 5492; x_wconf 88' lang='lat' dir='ltr'><strong>semel</strong></span> <span class='ocrx_word' id='word_1_747' title='bbox 2759 5439 2811 5491; x_wconf 90' lang='lat' dir='ltr'><strong>iti</strong></span> <span class='ocrx_word' id='word_1_748' title='bbox 2837 5437 2989 5492; x_wconf 90' lang='lat' dir='ltr'><strong>hisce</strong></span> <span class='ocrx_word' id='word_1_749' title='bbox 3014 5438 3368 5492; x_wconf 84' lang='lat' dir='ltr'><strong>historiarum</strong></span> <span class='ocrx_word' id='word_1_750' title='bbox 3405 5435 3545 5490; x_wconf 89' lang='lat' dir='ltr'><strong>libris</strong></span> <span class='ocrx_word' id='word_1_751' title='bbox 3574 5429 3662 5484; x_wconf 86' lang='lat' dir='ltr'><strong>Pa-</strong></span> 
     </span>
    </p>
   </div>
   <div class='ocr_carea' id='block_1_115' title="bbox 2110 5522 3660 5596">
    <p class='ocr_par' dir='ltr' id='par_1_115' title="bbox 2110 5522 3660 5596">
     <span class='ocr_line' id='line_1_115' title="bbox 2110 5522 3660 5596; baseline -0.008 -13"><span class='ocrx_word' id='word_1_752' title='bbox 2110 5527 2395 5596; x_wconf 81' lang='lat' dir='ltr'><strong>chymcres</strong></span> <span class='ocrx_word' id='word_1_753' title='bbox 2447 5527 2645 5581; x_wconf 87' lang='lat' dir='ltr'><strong>innuit.</strong></span> <span class='ocrx_word' id='word_1_754' title='bbox 2682 5525 2813 5581; x_wconf 81' lang='lat' dir='ltr'><strong>Vide</strong></span> <span class='ocrx_word' id='word_1_755' title='bbox 2875 5527 2982 5582; x_wconf 87' lang='lat' dir='ltr'><strong>vol.</strong></span> <span class='ocrx_word' id='word_1_756' title='bbox 3017 5525 3058 5589; x_wconf 86' lang='grc' dir='ltr'><strong>Ι,</strong></span> <span class='ocrx_word' id='word_1_757' title='bbox 3116 5543 3172 5596; x_wconf 92' lang='lat' dir='ltr'><strong>p.</strong></span> <span class='ocrx_word' id='word_1_758' title='bbox 3204 5528 3353 5595; x_wconf 65' lang='lat' dir='ltr'><strong>H9;</strong></span> <span class='ocrx_word' id='word_1_759' title='bbox 3411 5527 3507 5582; x_wconf 90' lang='lat' dir='ltr'><strong>vol.</strong></span> <span class='ocrx_word' id='word_1_760' title='bbox 3535 5522 3590 5586; x_wconf 91' lang='lat' dir='ltr'><strong>ll,</strong></span> <span class='ocrx_word' id='word_1_761' title='bbox 3617 5535 3660 5587; x_wconf 92' lang='lat' dir='ltr'><strong>p.</strong></span> 
     </span>
    </p>
   </div>
   <div class='ocr_carea' id='block_1_116' title="bbox 2110 5615 3658 5688">
    <p class='ocr_par' dir='ltr' id='par_1_116' title="bbox 2110 5615 3658 5688">
     <span class='ocr_line' id='line_1_116' title="bbox 2110 5615 3658 5688; baseline -0.008 -16"><span class='ocrx_word' id='word_1_762' title='bbox 2110 5620 2236 5679; x_wconf 69' lang='grc'><strong>⁸262.</strong></span> <span class='ocrx_word' id='word_1_763' title='bbox 2271 5631 2324 5673; x_wconf 88' lang='lat' dir='ltr'><strong>et</strong></span> <span class='ocrx_word' id='word_1_764' title='bbox 2355 5635 2407 5687; x_wconf 90' lang='lat' dir='ltr'><strong>p.</strong></span> <span class='ocrx_word' id='word_1_765' title='bbox 2443 5619 2573 5673; x_wconf 67' lang='lat'><strong>5‘20.</strong></span> <span class='ocrx_word' id='word_1_766' title='bbox 2608 5617 2816 5674; x_wconf 76' lang='lat' dir='ltr'><strong>Solitos</strong></span> <span class='ocrx_word' id='word_1_767' title='bbox 2846 5634 3005 5688; x_wconf 84' lang='lat' dir='ltr'><strong>porro</strong></span> <span class='ocrx_word' id='word_1_768' title='bbox 3035 5618 3254 5674; x_wconf 67' lang='lat' dir='ltr'><strong>Graecos</strong></span> <span class='ocrx_word' id='word_1_769' title='bbox 3296 5635 3390 5674; x_wconf 91' lang='lat' dir='ltr'><strong>eos</strong></span> <span class='ocrx_word' id='word_1_770' title='bbox 3417 5618 3499 5687; x_wconf 85' lang='lat' dir='ltr'><strong>qui</strong></span> <span class='ocrx_word' id='word_1_771' title='bbox 3521 5615 3658 5668; x_wconf 86' lang='lat' dir='ltr'><strong>ritnni</strong></span> 
     </span>
    </p>
   </div>
   <div class='ocr_carea' id='block_1_117' title="bbox 2109 5705 3657 5780">
    <p class='ocr_par' dir='ltr' id='par_1_117' title="bbox 2109 5705 3657 5780">
     <span class='ocr_line' id='line_1_117' title="bbox 2109 5705 3657 5780; baseline -0.005 -16"><span class='ocrx_word' id='word_1_772' title='bbox 2109 5711 2344 5780; x_wconf 86' lang='lat' dir='ltr'><strong>patrium</strong></span> <span class='ocrx_word' id='word_1_773' title='bbox 2377 5727 2500 5766; x_wconf 88' lang='lat' dir='ltr'><strong>cmn</strong></span> <span class='ocrx_word' id='word_1_774' title='bbox 2535 5725 2636 5765; x_wconf 77' lang='lat' dir='ltr'><strong>suo</strong></span> <span class='ocrx_word' id='word_1_775' title='bbox 2677 5721 2951 5766; x_wconf 83' lang='lat' dir='ltr'><strong>mutarent</strong></span> <span class='ocrx_word' id='word_1_776' title='bbox 2983 5712 3243 5767; x_wconf 84' lang='lat' dir='ltr'><strong>unctione</strong></span> <span class='ocrx_word' id='word_1_777' title='bbox 3296 5712 3440 5766; x_wconf 83' lang='lat' dir='ltr'><strong>velut</strong></span> <span class='ocrx_word' id='word_1_778' title='bbox 3471 5705 3657 5763; x_wconf 79' lang='lat' dir='ltr'><strong>initiare</strong></span> 
     </span>
    </p>
   </div>
   <div class='ocr_carea' id='block_1_118' title="bbox 2106 5792 3656 5875">
    <p class='ocr_par' dir='ltr' id='par_1_118' title="bbox 2106 5792 3656 5875">
     <span class='ocr_line' id='line_1_118' title="bbox 2106 5792 3656 5875; baseline -0.005 -17"><span class='ocrx_word' id='word_1_779' title='bbox 2106 5805 2365 5875; x_wconf 86' lang='lat' dir='ltr'><strong>quadam,</strong></span> <span class='ocrx_word' id='word_1_780' title='bbox 2400 5814 2456 5858; x_wconf 88' lang='lat' dir='ltr'><strong>et</strong></span> <span class='ocrx_word' id='word_1_781' title='bbox 2503 5804 2595 5857; x_wconf 87' lang='lat' dir='ltr'><strong>hic</strong></span> <span class='ocrx_word' id='word_1_782' title='bbox 2629 5804 2782 5858; x_wconf 70' lang='lat' dir='ltr'><strong>vides</strong></span> <span class='ocrx_word' id='word_1_783' title='bbox 2817 5819 2846 5856; x_wconf 89' lang='lat' dir='ltr'><strong>a</strong></span> <span class='ocrx_word' id='word_1_784' title='bbox 2900 5813 3089 5858; x_wconf 90' lang='lat' dir='ltr'><strong>nostro</strong></span> <span class='ocrx_word' id='word_1_785' title='bbox 3139 5805 3402 5858; x_wconf 85' lang='lat' dir='ltr'><strong>historico</strong></span> <span class='ocrx_word' id='word_1_786' title='bbox 3449 5812 3498 5856; x_wconf 86' lang='lat' dir='ltr'><strong>et</strong></span> <span class='ocrx_word' id='word_1_787' title='bbox 3539 5792 3656 5849; x_wconf 63' lang='lat' dir='ltr'><strong>infra</strong></span> 
     </span>
    </p>
   </div>
   <div class='ocr_carea' id='block_1_119' title="bbox 2110 5894 3656 5968">
    <p class='ocr_par' dir='ltr' id='par_1_119' title="bbox 2110 5894 3656 5968">
     <span class='ocr_line' id='line_1_119' title="bbox 2110 5894 3656 5968; baseline -0.007 -14"><span class='ocrx_word' id='word_1_788' title='bbox 2110 5914 2164 5968; x_wconf 77' lang='grc' dir='ltr'><strong>ιι.</strong></span> <span class='ocrx_word' id='word_1_789' title='bbox 2193 5897 2317 5964; x_wconf 66' lang='lat'><strong>5°20,</strong></span> <span class='ocrx_word' id='word_1_790' title='bbox 2345 5897 2544 5956; x_wconf 82' lang='lat' dir='ltr'><strong>diserte</strong></span> <span class='ocrx_word' id='word_1_791' title='bbox 2573 5896 2898 5954; x_wconf 75' lang='lat' dir='ltr'><strong>allii-matura</strong></span> <span class='ocrx_word' id='word_1_792' title='bbox 2926 5897 2992 5954; x_wconf 87' lang='lat' dir='ltr'><strong>de</strong></span> <span class='ocrx_word' id='word_1_793' title='bbox 3026 5897 3315 5963; x_wconf 85' lang='lat' dir='ltr'><strong>Armenis;</strong></span> <span class='ocrx_word' id='word_1_794' title='bbox 3343 5907 3396 5952; x_wconf 89' lang='lat' dir='ltr'><strong>et</strong></span> <span class='ocrx_word' id='word_1_795' title='bbox 3424 5894 3546 5951; x_wconf 89' lang='lat' dir='ltr'><strong>idctn</strong></span> <span class='ocrx_word' id='word_1_796' title='bbox 3575 5899 3656 5941; x_wconf 77' lang='lat' dir='ltr'><strong>eos</strong></span> 
     </span>
    </p>
   </div>
  </div>
