3856 6580
232 438 342 516 ἰιι
1047 443 1051 446 ’
1721 442 1755 502 δ

1948 493 1962 505 .
2492 410 2501 417 ’
3361 448 3471 511 att

245 582 477 639 usurpare
507 564 555 620 in
580 562 786 619 Latinis
822 566 887 618 ad
941 564 1101 617 ritum
1150 563 1399 620 Cnet-um
1440 566 1777 623 transeunti-
1810 571 1851 627 Α
1888 564 1987 621 hos
2043 563 2308 620 terminos
2344 565 2503 638 spatii
2543 567 2682 623 intra
2738 566 2884 637 quod
2945 566 3231 637 digladiari
3274 567 3465 626 Veneti

244 663 350 726 bus,
399 659 683 730 accipimus
738 673 769 715 e
804 657 1001 714 litteris
1065 666 1376 713 nostrorum
1411 656 1682 728 hodieque
1715 658 1769 713 in
1884 672 2006 715 cum
2052 657 2431 717 Genuensihus
2470 677 2536 716 ex
2591 672 2750 731 pacto
2797 676 2919 716 cum
2965 660 3298 731 imperatore
3328 664 3467 719 inito

240 753 418 808 Graecia
449 753 769 824 degentium.

1941 752 2192 822 :quirent,
2228 755 2305 808 sic
2332 754 2631 824 exprimit:
2669 753 2805 807 Ἀπὸ
2830 753 2924 808 τοῦ
2966 753 3158 809 στενοῦ
3195 755 3464 810 Καλλιου-

302 844 355 903 Ρ.
379 845 494 901 209.
525 845 747 900 Latinis.
783 844 891 902 Hos
924 844 1147 901 Latinos
1203 845 1345 916 apud
1376 845 1593 901 Cretam
1625 849 1775 902 insn-

1944 844 2097 906 ἱλεως
2131 843 2297 917 μέχρι
2326 846 2421 899 καὶ
2453 846 2546 901 τοῦ
2584 834 2755 916 tepori.
2802 844 2939 912 Quid
2968 857 3120 901 vocet
3156 848 3303 918 ἱερὸν
3352 849 3467 919 ipse

241 943 330 998 lam
362 939 519 995 armis
547 937 900 1009 praevalentes
948 938 1115 995 fuisse
1145 939 1381 998 Venetos
1433 940 1639 995 indicat
1681 957 1776 995 no-
1887 937 2101 994 viderit.
2161 938 2369 995 Fauces
2411 939 2627 1011 quidem
2680 940 2745 993 ad
2781 939 3088 1008 Callipolim
3120 942 3322 996 etedem
3355 957 3466 997 non

238 1043 337 1089 stcr
378 1030 528 1095 infra,
570 1030 610 1084 l.
657 1044 754 1095 vn,
786 1043 836 1086 c.
869 1029 924 1097 8,
959 1031 1083 1084 dum
1133 1030 1358 1086 solvisse
1389 1031 1777 1086 Constantino-
1883 1038 2010 1087 sunt
2041 1045 2160 1085 cun:
2186 1030 2444 1087 faucibus
2476 1048 2597 1101 utne
2650 1033 2715 1085 ad
2751 1031 2948 1088 Seston
2985 1042 3039 1087 et
3067 1032 3338 1107 Abydum,
3367 1034 3466 1086 sed

240 1123 329 1192 poli
348 1123 547 1179 Cretam
573 1137 760 1179 versus
781 1121 1131 1177 Athanasium
1157 1124 1522 1191 patriarcham
1542 1123 1780 1181 Αἰθικιά
1882 1133 1913 1174 e
1947 1120 2215 1174 diametro
2238 1121 2342 1175 illa!
2368 1131 2496 1175 sunt
2532 1120 2761 1175 invicem
2786 1122 3074 1193 opposita},
3115 1122 3293 1178 media
3323 1122 3467 1177 inter

237 1218 420 1273 (trinum
450 1229 582 1270 nave
613 1213 816 1270 Veneta
850 1225 1102 1271 testatur.
1162 1215 1267 1271 Sed
1325 1226 1380 1272 et
1415 1216 1580 1282 idem,
1616 1215 1656 1274 l.
1695 1234 1777 1283 ιιι,
1886 1222 2149 1280 utrasmte
2190 1211 2546 1289 Propontide.

237 1326 278 1366 c.
313 1307 389 1375 l9,
418 1308 557 1363 clare
588 1308 801 1362 dixerat
829 1309 1045 1363 Cretam
1074 1310 1324 1379 paruisse
1348 1310 1596 1367 Venetis.

1959 1303 2023 1377 [P
2058 1306 2182 1378 5597]
2226 1306 2284 1361 P.
2321 1306 2447 1363 212.
2481 1306 2634 1374 Quod
2665 1309 2879 1363 codices
2902 1307 2942 1365 Β
2967 1317 3019 1363 et
3048 1307 3091 1361 Α
3119 1306 3183 1361 ἔκ
3211 1325 3357 1371 τινος
3384 1307 3471 1359 at-

293 1402 490 1459 P.2H.
526 1401 711 1456 Mirari
773 1403 899 1458 licet
957 1405 1230 1472 quomodo
1280 1386 1781 1476 Philanthropenus

1947 1417 2007 1462 ας
2042 1400 2257 1461 εἰκαίας
2288 1401 2510 1465 habent,
2548 1399 2669 1455 Vat.
2702 1401 2959 1470 exprimit
2988 1400 3052 1454 ἐκ
3101 1417 3250 1464 τινος
3296 1401 3470 1474 μηδι-

235 1496 408 1551 oﬂ‘erre
435 1495 790 1550 conditionem
824 1496 1082 1551 connubii
1138 1511 1323 1552 secum
1381 1498 1508 1554 huic
1566 1500 1779 1557 mulieri
1891 1493 2053 1562 μινῆς
2078 1493 2279 1558 αἰτίας,
2313 1511 2479 1548 causa
2508 1496 2590 1550 νει
2622 1494 3013 1550 OﬂenSiUItcu'a
3046 1494 3219 1549 Nihili-

236 1590 461 1660 potncrit,
495 1604 651 1659 quem
682 1604 744 1643 ex
780 1605 832 1659 p.
857 1587 964 1644 2'26
1012 1589 1332 1660 intelligitur
1364 1591 1624 1649 habuisse
1654 1602 1759 1647 tum

1960 1581 2093 1640 lhid.
2132 1581 2243 1638 Rea:
2283 1583 2618 1641 Armeniaz...
2656 1583 2811 1641 Hunc
2840 1597 3021 1652 regem
3060 1581 3334 1637 Armenia:
3366 1579 3467 1636 Sa-

236 1684 371 1737 aliam
401 1682 689 1752 legitimam
720 1690 942 1736 uxorem
989 1692 1044 1738 et
1079 1699 1144 1737 ex
1172 1698 1236 1739 ea
1280 1684 1470 1740 filium.
1506 1686 1588 1740 Au
1621 1700 1759 1756 reput

1947 1683 2071 1738 rtus,
2103 1673 2139 1729 l.
2171 1690 2257 1741 ιιι,
2290 1689 2343 1744 p.
2380 1676 2467 1742 15,
2519 1693 2569 1733 c.
2605 1676 2660 1742 ἓ,
2692 1674 3034 1746 Haythouem
3078 1683 3256 1740 vocat,
3288 1685 3343 1727 et
3374 1687 3466 1726 ve-

235 1776 470 1830 diaturum
498 1790 559 1830 se
583 1776 823 1829 ostendit
861 1774 945 1855 [Ρ.
984 1774 1122 1849 538]
1157 1777 1438 1850 antiquam
1465 1777 1779 1851 coniugem,
1890 1769 2040 1825 uisse
2069 1768 2593 1840 Constantinopolim
2626 1768 2758 1824 dicit
2803 1783 2868 1824 eo
2902 1768 3044 1838 quod
3085 1765 3317 1822 Michael
3350 1766 3466 1819 An-

233 1877 282 1922 ut
310 1867 468 1921 locum
503 1882 654 1922 novre
681 1867 877 1923 daret?
904 1869 985 1923 An
1033 1870 1234 1939 potius,
1270 1886 1391 1925 cum
1419 1871 1593 1927 sciret
1621 1872 1779 1928 istam
1815 1924 1854 1939 Μ
1888 1862 2099 1916 dronici
2162 1862 2307 1917 ﬁlius
2354 1877 2597 1917 sororem
2656 1877 2814 1919 suam
2865 1864 3273 1930 desponsasset.
3319 1858 3467 1913 Con-

232 1959 418 2015 viduam
460 1960 801 2030 Salampaxis
832 1961 1015 2017 Persae
1044 1980 1147 2017 non
1172 1978 1335 2019 unam
1366 1962 1497 2035 ipsi,
1542 1964 1635 2021 sed
1666 1964 1779 2034 pri-
1815 1924 1857 1984 Β
1887 1963 2090 2025 grnunt
2125 1955 2240 2011 haec
2291 1971 2417 2011 cum
2451 1954 2811 2027 Pachymcre,
2859 1955 2952 2025 qui
2986 1955 3241 2022 superius
3279 1952 3467 2007 docuit

231 2055 426 2107 mariam
455 2054 595 2109 inter
626 2055 809 2123 plures
849 2054 1019 2110 fuisse
1056 2071 1306 2122 uxorem,
1356 2056 1596 2125 speravit
1632 2057 1778 2113 illam
1885 2048 2032 2118 regis
2092 2048 2367 2105 Armenia:
2420 2049 2583 2103 ﬁliam
2643 2049 2871 2104 Mariam
2937 2049 3158 2105 nomine
3211 2046 3466 2102 Μῖειιεθιί

227 2145 528 2202 credituram
557 2160 721 2214 posse
766 2147 1097 2202 connubinm
1163 2147 1266 2203 rite
1325 2147 1453 2205 iniri
1513 2163 1636 2207 cum
1662 2148 1781 2204 viro
1886 2142 2157 2213 nupsisse.
2187 2143 2437 2212 Explicat
2500 2153 2683 2198 autem
2743 2143 2987 2199 Sanetus
3027 2143 3092 2197 de
3126 2156 3235 2211 quo
3265 2153 3466 2211 genere

228 2247 573 2308 praeoccupato
605 2240 730 2294 aliis
758 2241 999 2311 nuptiis?
1029 2257 1150 2303 seu,
1178 2240 1321 2314 quod
1352 2242 1527 2297 innuit
1553 2242 1781 2301 histori-
1883 2236 2166 2292 convictus
2199 2237 2563 2307 Pacltymeres
2611 2247 2760 2307 agat,
2821 2237 2947 2294 dum
2981 2237 3056 2291 ait
3086 2236 3231 2291 hunc
3278 2250 3463 2306 regem

224 2343 328 2392 cus,
364 2346 464 2387 non
496 2346 563 2386 ex
600 2347 735 2387 vero
763 2333 902 2401 hare,
923 2332 1017 2388 sed
1040 2342 1220 2389 astute
1249 2332 1684 2390 obtendebantnr
1713 2334 1779 2388 ad
1882 2342 2007 2384 cum
2047 2329 2252 2387 Freriis
2286 2330 2511 2387 vixisse.
2550 2330 2719 2386 Docet
2753 2331 2954 2402 quippe
2984 2330 3283 2400 Sumpsisse
3309 2328 3464 2383 illunt

226 2423 557 2480 inducendam
613 2426 667 2481 in
698 2426 945 2482 fraudem
988 2425 1250 2482 feminam
1313 2436 1578 2497 cxteram,
1615 2438 1667 2486 et
1698 2428 1779 2485 sic
1882 2420 2126 2477 habitum
2158 2424 2365 2479 ordinis
2395 2424 2662 2479 tilinorum
2696 2424 2753 2481 S.
2784 2423 3179 2492 Francisci,‘et
3209 2432 3266 2476 ut
3300 2421 3465 2476 soda-

224 2513 528 2582 eripiendam
553 2520 602 2573 ei
632 2534 799 2589 quam
841 2520 1059 2574 tenebat
1087 2536 1292 2577 arcem.
1882 2518 1987 2573 lem
2020 2518 2213 2573 horum
2258 2517 2480 2573 Patrum
2514 2527 2569 2575 et
2611 2518 2832 2574 fratrem
2866 2515 3335 2585 ConStantinopoli
3373 2517 3463 2568 vi-

286 2606 337 2664 P.
376 2609 497 2668 225.
543 2610 954 2671 Ἀντιδὸσεσίν
990 2610 1164 2680 ιερῶν
1192 2612 1551 2682 ἑγκολπίων.
1574 2614 1652 2672 De
1676 2615 1780 2671 hoc

1942 2624 2065 2677 sse;
2094 2610 2236 2665 unde
2293 2623 2509 2680 sumpta
2565 2611 2857 2667 occasione
2905 2609 3110 2665 Schth
3160 2607 3463 2679 Haythonis

230 2717 358 2759 more
416 2703 663 2760 firmandi
703 2714 858 2775 pacta
895 2722 989 2775 per
1024 2716 1263 2761 ιινιιιιιειιιι
1299 2709 1648 2764 traditionem
1683 2726 1776 2765 sa-
1878 2704 2053 2760 frater
2087 2718 2309 2775 regnum
2344 2704 2616 2759 Armenia:
2647 2704 2954 2775 occupavit.
2986 2702 3089 2773 Qui
3128 2703 3290 2757 etiam
3320 2699 3466 2772 ﬂay-

226 2808 412 2850 crornm
465 2796 831 2852 amuletorum
868 2812 899 2853 e
938 2798 1076 2853 collo
1120 2815 1508 2870 suspensuram
1547 2801 1776 2857 videnda
1890 2799 2112 2852 tironem
2158 2796 2352 2851 deinde
2400 2805 2617 2865 captum
2666 2798 2984 2853 excmcavit.
3046 2795 3153 2851 Sed
3202 2796 3247 2851 is
3276 2797 3465 2851 divino

224 2901 324 2954 quae
377 2889 681 2945 notavimus
732 2890 1012 2946 Glossario
1078 2893 1289 2961 priori,
1359 2895 1525 2952 verbo
1584 2896 1776 2968 ὲγκόλ-
1882 2891 2146 2946 miraculo
2185 2898 2400 2944 rursum
2463 2891 2691 2959 adeptus
2751 2906 2911 2946 usum
2966 2889 3271 2959 oculorum,
3309 2893 3463 2963 regni

225 2996 327 3045 πια,
357 2981 445 3037 ubi
475 2985 752 3052 geminum
811 2984 936 3040 huic
986 2984 1353 3043 Cautacuzeni
1388 2987 1588 3061 locum,
1621 2988 1657 3045 Ι.
1688 3006 1748 3046 ιιι

1940 2983 2006 3037 lin
2051 2982 2216 3036 etiam
2266 2998 2489 3050 compos
2525 2982 2849 3048 cstfactus;
2881 2993 2935 3038 et
2975 2982 3275 3039 Sehathum
3316 2982 3463 3038 Con-

227 3085 268 3123 r.
300 3072 374 3139 17,
407 3088 436 3128 a
472 3075 864 3147 παρερμηνείᾳ
892 3076 1189 3132 doetissitni
1224 3079 1422 3150 alioqui
1469 3088 1524 3134 et
1553 3094 1777 3135 accura—
1877 3075 2283 3144 stantinopolim
2336 3077 2506 3141 misit,
2561 3090 2757 3145 rogans
2806 3076 3192 3145 imperatorem
3230 3086 3290 3130 ut
3336 3090 3461 3130 eum

224 3163 398 3219 tissimi
421 3169 733 3223 necessario
769 3168 1109 3224 rimlicamns
1148 3170 1486 3241 interpretis.
1878 3169 1987 3224 illic
2018 3169 2309 3226 detineret.
2362 3169 2485 3224 tlarc
2523 3168 2594 3223 ibi
2654 3168 2915 3225 Sanntns.
2952 3169 3016 3223 Et
3054 3181 3140 3224 ex
3172 3183 3237 3225 co
3288 3168 3464 3224 fusius

283 3257 339 3313 P.
363 3258 483 3315 233.
516 3258 698 3316 Terra:
757 3262 941 3325 motui,
994 3264 1085 3333 qui
1137 3281 1230 3334 per
1259 3266 1621 3322 excellentiam
1662 3284 1777 3325 ma—
1809 3282 1848 3342 ε
1878 3258 2200 3330 ερηηόειηιιε
2232 3276 2322 3313 0"-
2352 3259 2488 3315 Cltl‘.
2521 3259 2679 3322 1994.
2710 3276 2765 3314 η.
2809 3257 2875 3313 10
2909 3270 2960 3314 ει
2998 3259 3084 3313 Η.

224 3365 338 3415 gnua
364 3352 679 3421 appellatur.
737 3353 875 3409 Puto
934 3355 1018 3410 hic
1051 3356 1204 3412 innni
1258 3366 1418 3413 terrae
1451 3370 1652 3420 motum
1681 3379 1747 3432 qu

1951 3352 2012 3407 P.
2038 3351 2167 3407 247.
2217 3351 2331 3423 Τὴν
2365 3350 2496 3421 γθῢν
2533 3352 2785 3422 ἀνάγκην
2834 3351 3087 3420 γίνεσθαι
3121 3351 3284 3423 χάριν
3330 3352 3461 3420 νικᾷ

225 3454 345 3497 anno
363 3443 486 3501 Chr.
509 3447 647 3503 1202
669 3436 910 3502 omnium
937 3450 1102 3504 tando
1126 3451 1435 3506 auditorum
1462 3469 1558 3523 per
1581 3453 1743 3509 Orion

1936 3445 1943 3514 ᾖ
1976 3443 2213 3499 συνέσει.
2253 3445 2342 3498 Sic
2381 3446 2551 3499 codex
2587 3443 2649 3499 B.
2709 3443 2828 3499 Vat.
2862 3456 3043 3499 autem
3084 3445 3212 3516 νικᾷ
3264 3443 3396 3516 γθῦν
3423 3446 3459 3516 ἡ

228 3542 316 3587 teut
341 3535 640 3593 dirissimus
673 3540 925 3608 contigit,
961 3539 1122 3610 tinem
1159 3539 1430 3600 Rohertns
1477 3550 1751 3602 monacho

1938 3540 2099 3604 ἱνεσις
2128 3538 2191 3593 τδ
2219 3543 2399 3593 ποιεῖν
2452 3541 2617 3612 χάριν
2655 3541 2754 3612 τὴν
2811 3540 3081 3611 ἀνάγκην.
3134 3539 3461 3597 Pe‘rohscurt

223 3625 654 3687 Antisiodorensis
718 3632 773 3686 in
834 3649 931 3688 sua
964 3634 1333 3706 Clironologia
1388 3638 1661 3709 incepisse
1697 3642 1774 3695 ait
1879 3630 1983 3686 loci
2020 3640 2078 3686 ut
2103 3631 2274 3704 pOSSil
2312 3632 2568 3703 intelligi,
2624 3633 2859 3702 primunt
2916 3633 3299 3688 constituenda
3324 3633 3463 3689 scri-

223 3719 379 3776 triduo
409 3735 530 3779 ante
563 3725 982 3793 Ascensionem,
1022 3735 1076 3782 et
1110 3743 1172 3782 eo
1221 3726 1446 3799 Tyrum,
1479 3730 1774 3799 Acconem,
1877 3733 2036 3794 Ριυΐθ
2081 3736 2185 3781 εει·
2230 3725 2369 3780 Ρίιῑο
2413 3726 2468 3781 in
2498 3741 2632 3782 νοεθ
2666 3730 2815 3798 νικᾷ,
2855 3736 2911 3781 υῑ
2945 3726 2999 3783 in
3028 3743 3078 3782 ε·
3118 3725 3160 3782 Β
3190 3743 3312 3781 cum
3346 3727 3461 3782 εῖτ·

222 3808 479 3883 Tripolim,
528 3827 665 3884 etc.,
712 3834 903 3890 magna
944 3835 1007 3875 ex
1036 3829 1190 3890 parte
1239 3822 1564 3878 concidisse.
1600 3823 1774 3894 Hujus
1879 3817 2148 3875 cumﬂexo
2204 3821 2256 3873 in
2318 3819 2510 3875 ultima
2581 3820 2800 3891 legitur,
2834 3822 3088 3877 mendum
3139 3838 3281 3877 esse.
3337 3821 3457 3876 Non

224 3906 406 3977 antiqui
431 3918 587 3965 terra:
623 3921 805 3966 motus
836 3913 1151 3967 meminisse
1187 3923 1458 3983 poterant,
1511 3932 1635 3971 cum
1672 3918 1775 3974 iste
1876 3911 2020 3966 enim
2060 3920 2148 3967 est
2182 3912 2298 3965 lucc
2327 3912 2487 3967 tertia
2531 3926 2767 3980 persona
2797 3912 3074 3967 indicativi
3110 3914 3392 3983 praesentis
3427 3931 3459 3966 ιι

224 3994 344 4052 alius
371 3999 434 4053 de
481 4017 589 4071 quo
632 4012 822 4058 noster
851 4004 960 4074 agit
992 4003 1092 4058 hoc
1129 4001 1249 4057 loco
1302 4002 1771 4076 Constantinopoli
1877 4005 2071 4069 vcxaiw,
2101 4005 2249 4074 νικᾷ,
2283 4004 2378 4058 sed
2435 4004 2670 4059 secunda
2698 4002 2865 4074 753
2910 4020 3139 4073 persona
3173 4008 3459 4075 praesentis

219 4088 363 4162 752
385 4095 610 4165 centigit
641 4096 865 4152 circiter
913 4113 1117 4152 annum
1160 4098 1296 4153 Chr.
1350 4098 1511 4166 1296,
1546 4102 1775 4168 quicnn-
1881 4096 2202 4164 imperativi.
2223 4095 2411 4164 Itaque
2437 4098 2678 4150 acuenda
2702 4097 3001 4166 pennltima
3027 4105 3132 4162 est,
3157 4105 3217 4154 ιιι
3238 4099 3309 4153 sit
3329 4097 3456 4153 νίκα

221 4196 311 4246 une
341 4184 586 4242 vivebant
617 4189 919 4244 centenarii
976 4201 1069 4244 ant
1101 4193 1258 4258 paulo
1297 4192 1626 4247 centenariis
1657 4208 1771 4245 ma-
1876 4199 2219 4245 contractum
2256 4206 2321 4244 ex
2355 4190 2533 4244 νὶκαε.
2563 4189 2627 4245 Ει
2657 4188 2817 4262 huius
2844 4190 3136 4260 vesﬁgium
3166 4191 3457 4262 scriptura:

220 4272 365 4340 iores.
415 4276 662 4335 Meminit
692 4279 916 4335 alterius
962 4282 1549 4352 llonstantinOpolitaui
1614 4294 1772 4339 teme
1876 4272 2091 4353 aliquod
2121 4283 2291 4338 videri
2324 4291 2502 4359 potest
2529 4280 2781 4352 praeferre
2812 4282 2931 4339 Vat.
2960 4284 3154 4351 codex,
3179 4288 3303 4340 dum
3331 4285 3458 4340 ulti-

226 4377 381 4422 motus
415 4370 594 4441 magni
637 4371 875 4440 scriptor
934 4370 1074 4427 Vitae
1131 4370 1378 4446 Gregorii
1413 4372 1506 4442 lV,
1541 4373 1768 4429 Romani
1876 4390 2016 4427 tnatn
2053 4374 2204 4430 acuit
2237 4374 2290 4429 in
2321 4388 2452 4430 voce
2502 4374 2652 4441 νικά,
2690 4375 2743 4429 in
2775 4376 2903 4430 sede
2933 4385 3212 4441 accentus,
3249 4392 3356 4429 non
3393 4375 3451 4433 in

220 4466 376 4523 pont.,
402 4461 642 4517 referens
672 4476 795 4517 eum
829 4463 1124 4534 contigisse
1150 4480 1296 4520 anno
1318 4465 1452 4523 Chr.
1486 4467 1770 4538 l25t,qno
1876 4477 2098 4521 accentu
2154 4481 2409 4535 peccans.
2455 4464 2545 4521 Sic
2603 4470 2671 4521 ad
2736 4467 2963 4522 verbum
3021 4466 3140 4522 hrec
3197 4477 3398 4523 sonant
3435 4487 3451 4529 ;

226 4549 291 4603 ait
328 4551 518 4608 multas
547 4554 741 4610 domos
770 4565 825 4610 et.
867 4556 1067 4627 templa
1118 4556 1592 4629 Constantinopoli
1647 4575 1771 4615 cor-
1800 4626 1819 4629 Α
1879 4556 2039 4613 Vince
2060 4557 2356 4623 prudentia,
2390 4569 2446 4613 ut
2483 4562 2766 4619 necessitas
2810 4560 2985 4629 gratia
3022 4560 3138 4628 ﬁat.
3177 4560 3288 4615 Hoc
3317 4570 3400 4616 cat
3433 4578 3450 4615 :

220 4641 394 4700 ruisse.
425 4646 492 4702 At
526 4647 689 4718 huius
745 4626 1023 4703 recordari
1060 4648 1142 4703 vel
1176 4626 1578 4721 septuagenarii
1616 4662 1767 4724 pote-
1800 4626 1850 4685 D
1875 4665 1996 4704 cum
2025 4650 2092 4704 sit
2137 4666 2360 4706 necesse
2411 4668 2506 4706 usu
2537 4653 2647 4725 iam
2684 4663 2900 4721 recepto
2936 4653 3068 4706 dare
3099 4651 3313 4706 titulum
3346 4650 3456 4706 ira-

224 4744 350 4789 rant.
383 4736 585 4794 indicat
616 4745 800 4794 autem
836 4748 1021 4794 noster
1049 4739 1194 4796 solos
1227 4757 1323 4797 eos
1355 4743 1448 4813 qui
1487 4742 1626 4797 ultra
1654 4744 1772 4798 vnl-
1875 4740 1977 4796 tris
2005 4743 2056 4796 in
2092 4743 2287 4798 litteris
2321 4744 2559 4810 Sullani,
2594 4761 2659 4799 ne
2684 4747 2898 4799 dubites
2933 4744 3035 4799 hoc
3088 4744 3322 4800 libenter
3366 4745 3450 4799 fa-

222 4836 384 4891 garem
416 4830 628 4887 modum
657 4832 986 4897 senuissent,
1018 4833 1161 4888 illius
1190 4836 1369 4905 magni
1407 4848 1564 4892 terrae
1597 4848 1772 4893 motus
1873 4849 2021 4902 cere,
2056 4825 2490 4891 consideratione
2533 4837 2849 4905 scrupulum
2888 4836 3129 4893 vincens.

224 4918 437 4981 potuisse
465 4922 784 4977 memoriam
817 4925 1023 4978 testari.
1055 4923 1236 4992 Quare
1260 4925 1608 4981 verisimilius
1631 4926 1771 4982 forte
1945 4927 2006 4980 P.
2037 4928 2164 4983 ‘250.
2201 4927 2331 4994 Qua:
2359 4945 2479 4982 cum
2510 4930 2583 4982 ita
2624 4932 2751 4994 sint,
2784 4931 2903 4984 acri
2936 4946 3066 4996 opus
3100 4947 3210 4985 esse
3251 4930 3449 4986 delibe-

223 5006 370 5067 t'uerit
418 5014 503 5071 hic
531 5016 825 5087 signiﬁcari
863 5026 1026 5073 terrm
1058 5028 1261 5074 motum
1296 5021 1421 5074 anni
1467 5020 1625 5088 19.22,
1665 5036 1772 5089 quo
1874 5022 2099 5084 ratione,
2152 5032 2258 5076 etc.
2310 5020 2404 5077 llis
2461 5023 2646 5077 verbis
2673 5023 2982 5092 explicatur
3034 5032 3200 5079 aestus
3257 5025 3453 5090 animi,

229 5103 485 5174 Casarius,
513 5109 549 5164 Ι.
579 5125 638 5176 x,
673 5125 724 5165 c.
759 5110 850 5178 47,
886 5111 1054 5165 refert
1107 5114 1160 5165 in
1195 5113 1405 5183 Cypro’
1427 5114 1601 5169 insula
1633 5116 1772 5169 duas
1876 5131 1985 5189 quo
2017 5115 2325 5189 patriam-ha
2378 5127 2431 5169 et
2462 5116 2759 5184 imperator
2792 5131 2856 5168 ex
2894 5118 3128 5185 repertis
3166 5116 3450 5171 Athanasii

226 5196 446 5255 civitates
471 5213 634 5257 terra
664 5213 813 5257 motu
842 5202 1010 5258 fuisse
1042 5205 1357 5269 subversas,
1390 5214 1443 5261 et
1475 5207 1527 5260 in
1583 5222 1768 5260 earnm
1874 5208 2093 5277 scriptis
2123 5208 2272 5260 diras
2312 5209 2714 5261 intentantihns
2748 5209 3129 5275 turbabantur,
3167 5225 3306 5263 vano
3335 5208 3457 5277 qui-

230 5290 378 5345 altera
408 5295 716 5365 episcopum
746 5297 923 5352 sacris
949 5308 1263 5366 operantem
1296 5308 1348 5352 et
1391 5298 1594 5353 circum
1628 5313 1768 5369 praz-
1874 5304 1992 5352 dem
2033 5312 2201 5353 metu.
2231 5296 2366 5352 Nam
2406 5299 2534 5369 quid
2569 5315 2634 5356 ex
2670 5301 2954 5375 impotenti
2982 5302 3179 5373 privati
3206 5301 3318 5372 iam
3355 5301 3456 5355 ho-

232 5394 413 5437 sentem
446 5389 701 5457 populum
734 5391 915 5461 templi
949 5392 1104 5446 ruina
1136 5390 1344 5461 pariter
1364 5391 1594 5447 obrutos
1643 5408 1690 5462 pi
1712 5408 1769 5447 ι·-
1874 5388 2035 5444 minis
2093 5391 2372 5444 iracundia
2416 5393 2623 5447 chartis
2658 5393 3008 5449 claucnlariis
3059 5394 3246 5447 timide
3278 5392 3451 5446 indita

231 5471 362 5529 lisse.
745 5477 752 5483 ⁴
1873 5481 2150 5538 formidari
2180 5482 2305 5553 inre
2335 5486 2584 5554 poterat?
2612 5484 2815 5539 Tamen
2843 5486 2930 5541 isti
2964 5484 3322 5547 schismatici,
3355 5485 3449 5552 qui

288 5564 339 5620 Ρ.
365 5569 483 5626 259.
522 5571 716 5629 Petrus
741 5572 958 5639 Gillius,
995 5574 1033 5631 l.
1069 5589 1109 5630 tt
1144 5574 1219 5630 De
1251 5579 1599 5647 topographia
1628 5577 1770 5632 urbis
1872 5575 2143 5629 dirissima
2203 5577 2443 5629 omnium
2499 5570 2849 5632 anathemata
2901 5578 3042 5630 ultro
3080 5592 3357 5630 arcessere
3395 5582 3446 5629 in

229 5652 708 5733 Constantinopolis,
742 5682 793 5722 c.
825 5667 881 5730 6,
936 5669 1212 5722 existimat
1238 5669 1472 5724 Pharum
1503 5670 1670 5726 fuisse
1698 5672 1767 5725 si-
1869 5683 1965 5721 sua
2001 5669 2241 5736 ipsorum
2274 5670 2451 5736 capita
2478 5684 2582 5723 non
2615 5670 2934 5724 dubitabant
2960 5669 3262 5721 obedientia
3287 5666 3451 5722 Chri-

233 5755 323 5801 tam
352 5752 401 5805 in
432 5758 797 5822 promontorio
827 5756 989 5813 Ceras
1015 5759 1180 5813 dicto.
1216 5760 1290 5814 De
1327 5760 1427 5815 hac
1474 5761 1648 5815 Pharo
1682 5762 1768 5816 hic
1869 5764 1934 5817 sti
1994 5762 2196 5816 vicario
2252 5764 2495 5832 neganda
2548 5773 2603 5817 et
2634 5762 2979 5817 dilaceranda
3027 5759 3293 5824 Eerlesia,
3324 5762 3451 5814 reli-

234 5844 302 5910 δεῖ
348 5850 632 5906 verisimile
678 5854 914 5908 videtur.
951 5854 1107 5909 Unde
1150 5855 1476 5910 crediderim
1509 5857 1768 5911 aberrare
1869 5856 2005 5925 giosi
2042 5870 2213 5924 usque
2238 5858 2302 5909 ad
2327 5856 2772 5925 superstitionem
2802 5868 3062 5923 apparere
3094 5852 3447 5921 aﬂ'cctahant,

233 5931 289 5986 ait
318 5944 538 5997 auctoris
565 5946 831 6001 sententia
863 5946 1227 6002 hret'iatorcm
1263 5946 1602 6016 Vaticanum,
1640 5951 1763 6003 dum
1871 5950 1979 6005 illic
2036 5949 2372 6019 trepidantes
2433 5952 2626 6004 timore
2666 5949 2755 6004 ubi
2826 5962 2930 6002 non
2995 5956 3114 6001 erat
3174 5945 3357 6014 timor,
3389 5960 3448 6004 ut
