3856 6570
390 396 495 461 Ri?)

394 507 591 562 dicitur
647 502 795 562 Psal.
845 518 968 567 xm,
1000 501 1050 558 id
1089 501 1231 571 quod
1286 503 1390 559 illis
1448 503 1642 558 merito
1682 501 1978 572 esprobrat
2010 509 2049 561 Α

399 601 618 669 quidam
649 599 888 669 prudens
937 598 1115 653 verbis
1146 597 1299 653 hisce
1358 597 1423 652 ad
1453 612 1604 652 oram
1637 596 1843 652 codicis
1873 594 1915 647 Β
1943 610 1974 650 e

395 695 615 761 regione
654 692 757 749 loci
803 692 964 762 hujus
1012 690 1297 762 adscriptis
1325 692 1343 745 ι
1378 692 1452 745 ἸΙ
1488 689 1819 745 ἀπαιδευσία
1878 691 1974 745 καὶ

393 792 427 858 ἡ
461 790 704 857 ἀμάθεια
736 788 803 841 τὰ
865 786 1091 859 μηδαμῆ
1146 785 1416 857 μηδαμῶς
1451 784 1662 855 φοϐερά
1698 783 1969 853 φοϐεῖται,

392 886 462 940 τὰ
490 884 537 937 δ’
560 881 778 954 άληθῶς
805 879 1166 951 φοϐερώτερα
1222 878 1284 933 οὐ
1314 877 1557 933 δέδοικεν
1583 893 1597 907 ·
1653 875 1861 931 Inscita
1888 878 1974 930 in-

393 979 642 1048 sulsaque
703 974 953 1037 stultitia,
988 989 1107 1042 qua:
1161 972 1315 1026 nulla
1365 987 1585 1040 prorsus
1614 971 1819 1022 ratione
1862 984 1975 1022 nte-

394 1073 590 1125 tuenda
627 1078 771 1132 sunt,
804 1067 1028 1131 metuit;
1083 1081 1202 1135 qua:
1235 1074 1413 1118 autent
1476 1062 1628 1132 longe
1661 1059 1977 1131 formidolo-

391 1163 606 1216 sissima
639 1158 823 1214 merito
847 1168 1181 1219 censeantur,
1207 1172 1391 1210 securo
1421 1163 1717 1223 contemptu
1737 1153 1973 1224 negligit.

393 1257 607 1324 Quibus
638 1253 831 1323 utique
854 1250 981 1304 illud
1010 1249 1216 1305 Christi
1254 1247 1445 1302 Matth.
1477 1262 1637 1313 xxut,
1673 1245 1746 1300 24
1782 1260 1978 1301 conve-

394 1355 473 1406 uit
509 1369 522 1405 :
560 1348 729 1402 Duces
778 1345 925 1411 (ταεεὶ,
980 1345 1282 1398 επεοιιιιιιει
1317 1342 1557 1408 culicem,
1595 1340 1852 1395 camelum
1882 1355 1979 1394 au-

391 1455 491 1500 tem
520 1442 821 1514 glutientes.

463 1537 525 1592 Ρ.
583 1537 711 1591 251.
778 1530 1118 1603 Disquirebnt
1174 1530 1338 1585 anxio
1408 1529 1712 1597 incertoque
1764 1525 1977 1581 consilii

374 1634 594 1701 animo.
632 1631 709 1684 Ad
742 1629 854 1683 haec
877 1629 966 1679 ille
993 1625 1136 1681 idem
1168 1638 1363 1679 censor
1390 1621 1710 1692 marginalis
1732 1619 1817 1693 [Ρ.
1849 1618 1977 1693 540]

394 1728 510 1781 lucc
569 1730 793 1777 anuotat
828 1739 841 1776 ε
879 1720 994 1790 Οὐχ
1048 1716 1227 1781 οὕτως
1263 1715 1637 1785 Ἀλέξανδρος,
1686 1715 1824 1768 ἀλλὰ
1879 1714 1971 1767 τὸν

393 1819 616 1891 Γορδίου
641 1814 841 1887 δεσμὸν
875 1780 1101 1867 mittier.
1127 1780 1319 1865 ἔλυσεν
1339 1829 1353 1844 ·
1392 1780 1626 1864 Ᾰόηοὶο
1653 1807 1974 1876 Alexander,
2012 1780 2053 1835 Β

393 1918 484 1971 sed
518 1914 709 1975 (ἱρηίὶὶ
751 1910 948 1965 nodum
986 1907 1161 1964 securi
1193 1906 1371 1962 soluit.

467 2011 526 2063 P.
562 2006 690 2062 266.
714 2006 845 2072 Quae
893 2009 1195 2071 sequuntur
1231 2001 1285 2055 iu
1317 1987 1574 2054 contextu
1639 1995 1826 2053 Graeco
1858 2000 1982 2066 post

400 2103 516 2159 haec
552 2100 715 2156 verba
753 2116 767 2153 :
821 2094 963 2150 Ἀλλ’
1016 2092 1162 2149 οὕτω
1216 2093 1318 2165 μὲν
1348 2088 1867 2160 Ὀσφεντὶσθλαϐος,
1899 2086 1981 2141 sic

396 2200 557 2271 plane
590 2204 648 2250 ιιι
698 2193 784 2248 hic
819 2188 1071 2262 legunlur
1124 2189 1178 2243 in
1229 2198 1463 2257 utroque
1488 2185 1696 2254 optimo
1724 2182 1847 2237 cod.
1886 2195 1983 2236 ex-

397 2306 623 2364 pressa,
681 2283 1046 2344 inextricabili
1110 2279 1469 2353 perplexitate
1537 2279 1763 2331 confusa
1831 2282 1980 2329 sunt.

397 2387 535 2442 Nam
568 2392 757 2439 noster
791 2388 987 2434 natura
1026 2376 1371 2438 tenebrosus,
1401 2371 1620 2442 quoties
1649 2370 1814 2423 multa
1852 2384 1983 2438 pau-

398 2480 483 2533 cis
520 2476 702 2532 studet
732 2485 948 2542 cogere,
977 2466 1221 2525 densiori
1254 2482 1312 2522 se
1340 2465 1576 2537 caligine
1604 2462 1848 2517 involvit.
1879 2459 1984 2515 Va-

402 2575 620 2627 ticanus
665 2565 993 2636 epitomator
1041 2560 1202 2630 paulo
1266 2558 1579 2613 distinctius
1609 2557 1753 2610 hunc
1803 2554 1981 2609 locum

400 2662 657 2734 explicat.
717 2658 848 2728 Ejus
898 2656 1018 2711 lucc
1074 2652 1238 2707 verba
1274 2657 1450 2706 sunt:
1490 2643 1619 2718 Εῐχε
1675 2648 1774 2718 μὲν
1808 2641 1904 2700 οὖν
1956 2648 1986 2702 ὀ

396 2754 660 2825 βασιλεὺς
688 2752 781 2806 τὸν
812 2749 1095 2820 Τερτερῆν
1129 2745 1274 2818 μετὰ
1312 2742 1528 2797 πολλῶν
1548 2740 1845 2810 ’ἀρχόντων
1882 2739 1983 2793 ab-

400 2849 496 2903 τοῦ
525 2846 619 2901 καὶ
653 2840 1055 2898 Ῥαδόσολαϐον
1101 2835 1589 2907 σεϐαστοκράτορα
1630 2833 1981 2903 Βουλγάρων,

403 2940 606 3011 εὐγενῆ
666 2939 778 2992 τῶν
828 2937 985 2989 ἐκεῖ·
1023 2932 1253 3002 ἁδελφὸς
1279 2931 1391 3002 γάρ
1432 2923 1502 3002 ἦν
1526 2926 1619 2981 τοῦ
1658 2925 1899 2991 Μίλτξου
1928 2925 1987 2991 ὃς

401 3036 725 3093 ἐϐασίλευσε
763 3030 1095 3099 Βουλγάρων
1152 3024 1413 3096 βουλήσει
1451 3023 1611 3091 Νογᾶ
1642 3021 1986 3084 ἀποστάντος

400 3131 500 3185 τοῦ
551 3125 798 3199 Τερτερῆ
823 3141 838 3157 ·
878 3123 1128 3185 ἐλθόντος
1173 3120 1231 3175 δὶ
1262 3114 1754 3208 τοῢῂτζακᾶςτῆς
1800 3113 1987 3208 ⁸(Ξιρχξῆς
2015 3151 2058 3208 C

402 3221 696 3291 ἐξέϐληται
726 3220 753 3271 ὁ
786 3214 1049 3278 Μίλτζος.
1096 3211 1305 3265 Τοῦτον
1337 3207 1433 3262 οὖν
1468 3200 1562 3262 τὸν
1597 3203 1991 3261 Ῥαδὸσθλαϐον

402 3312 518 3386 εἶχε
549 3313 649 3385 μὲν
688 3305 783 3365 οὖν
817 3310 845 3363 ὁ
876 3305 1139 3378 βασιλεὺς
1172 3303 1302 3375 περὶ
1334 3301 1525 3374 τιμῆς.
1556 3300 1656 3355 καὶ
1684 3298 1743 3353 τὸ
1770 3298 1866 3352 τοῦ
1899 3315 1992 3351 σε·

399 3406 849 3476 ϐαστοκράτορος
870 3399 1089 3467 ἀξίωμα
1114 3395 1354 3467 βεϐαιοῖ.
1380 3392 1812 3448 Ἀποστέλλεται
1842 3388 1939 3444 οὖν
1963 3392 1992 3444 ὁ

412 3494 817 3555 Ῥαδόσθλαϐος
838 3494 947 3545 ἀπὸ
975 3487 1388 3557 Θεσσαλονίκης
1420 3486 1575 3556 παρὰ
1598 3483 1692 3537 τοῦ
1723 3483 1994 3555 βασιλέως

405 3591 549 3665 μετὰ
584 3586 935 3659 μεγιστάνων
975 3580 1266 3651 Ῥωμαίων
1325 3579 1424 3633 καὶ
1471 3577 1665 3648 ἱκανῆς
1704 3575 1992 3645 δυνάμεως

402 3680 547 3735 κατὰ
576 3678 669 3732 τοῦ
714 3672 1044 3745 Ἐλτιμηρῆ,
1075 3672 1133 3734 ὃς
1179 3667 1249 3744 ἦν
1303 3669 1537 3738 ἁδελφὸς
1590 3666 1686 3722 τοῦ
1719 3667 1989 3741 Τερτερῆ.

401 3776 554 3845 Νικᾷ
599 3770 730 3840 γοῦν
787 3771 817 3823 ὁ
861 3765 1199 3838 Ἐλτιμηρῆς
1250 3764 1344 3819 τὸν
1413 3762 1837 3828 Ῥαδόσθλαϐον,
1894 3760 1991 3816 καὶ

402 3868 689 3939 κρατήσας
706 3863 988 3917 αὐτὸνκαὶ
1013 3858 1374 3930 ὲκτυςρλὼσας
1398 3857 1564 3930 754
1589 3856 1799 3911 στέλλει
1836 3854 1990 3928 παρὰ

402 3960 631 4032 βασιλέα
663 3957 803 4028 πρὸς
833 3956 932 4029 τὴν
965 3958 1177 4009 οἰκείαν
1225 3954 1395 4007 αὑτοῦ
1455 3952 1726 4021 σύζυγον·
1764 3951 1892 4015 τοὺς
1930 3950 1989 4005 δὲ

406 4050 749 4123 μεγιστᾶνας
804 4047 915 4101 τῶν
957 4046 1254 4117 Ῥωμαίων
1313 4045 1562 4117 ἐκράτει,
1619 4044 1815 4115 μέχρις
1863 4034 1930 4096 ἂν
1960 4043 1989 4094 ὁ

405 4139 667 4211 βασιλεὺς
719 4135 812 4190 τὸν
842 4133 1126 4208 Τερτερῆν
1156 4136 1254 4188 καὶ
1312 4136 1443 4198 τοὺς
1484 4133 1762 4206 ἄρχοντας
1817 4130 1987 4187 αὐτοῦ

400 4232 528 4295 δοὺς
548 4227 918 4284 άνταλλάττει
948 4226 1199 4291 τούτους.
1234 4224 1360 4283 Haec
1391 4224 1686 4281 Vaticanus
1716 4225 1991 4280 breviatur

403 4322 784 4396 Pachynieris,
845 4320 937 4390 qui
993 4336 1099 4373 nou
1136 4320 1384 4375 meminit
1431 4328 1747 4374 memorata:
1775 4322 1987 4376 auctori

399 4410 729 4477 δεσποτείας
754 4411 1062 4484 Ἐλτιμηρῆ
1111 4411 1257 4465 κατὰ
1284 4410 1377 4465 τὸν
1406 4410 1675 4482 Κροῦνον.
1700 4410 1773 4465 Ea
1806 4426 1909 4467 vox
1954 4429 1985 4468 a

1315 393 1379 457 Ρ.
1420 392 1721 477 PQSSINI
1761 388 2415 454 OBSERVATIONUM
2458 389 2605 451 LIB.
2645 388 2725 453 1f.

3520 399 3607 465 816

2085 501 2241 552 modo
2273 498 2517 556 Tertcris
2549 515 2673 553 cum
2702 498 2960 553 liotuanis
2994 514 3216 555 numero
3243 502 3486 559 tredecim
3510 524 3614 562 tua-

2078 591 2334 662 gnatibus
2365 592 2682 647 commutati
2719 592 3046 654 meminerit,
3078 608 3141 647 ac
3197 602 3612 664 permutationem

2078 686 2145 739 ab
2172 683 2674 755 Osphentisthlabo,
2706 686 2773 740 ad
2821 700 2982 755 quem
3038 683 3319 741 Eltimeres
3377 690 3614 748 Romanos

2079 776 2342 843 misisset,
2372 775 2571 833 factam
2605 778 2824 833 dixerit.
2854 777 2964 833 Nos
2991 777 3126 832 nihil
3155 781 3205 834 in
3236 778 3419 837 Graec
3440 782 3618 858 Pachy-

2079 870 2246 924 meris
2295 879 2552 925 contextu
2620 871 2911 926 immutare
2968 874 3114 937 ausi,
3143 876 3457 929 sententiam
3512 878 3615 941 loci,

2079 973 2240 1032 prcut
2287 963 2535 1019 divinare
2578 966 3222 1038 potuimus,exprimere
3252 983 3433 1027 sumus
3466 971 3619 1025 conati

2077 1070 2238 1123 quam
2270 1056 2601 1112 clarissime.

2150 1146 2211 1203 ι).
2237 1147 2365 1203 268.
2399 1147 2601 1204 Ρταιιρι
2632 1148 2775 1205 hanc
2803 1150 2967 1205 filiam
2993 1153 3212 1207 notham
3244 1151 3558 1209 Andronicus
3578 1164 3621 1209 et

2079 1243 2243 1298 aliam
2288 1244 2477 1299 habuit
2510 1242 2769 1301 similiter
2800 1247 3158 1316 illegitimam,
3197 1246 3618 1312 lrenenuontine,

2079 1336 2236 1405 cujus
2298 1338 2547 1392 meminit
2603 1336 2897 1407 Gregoras,
2942 1341 2979 1398 l.
3035 1357 3133 1408 vn,
3168 1356 3328 1410 quam
3374 1352 3424 1394 et
3464 1343 3620 1412 nuptui

2079 1431 2274 1486 deinde
2336 1432 2595 1485 traditam
2662 1434 2738 1487 ait
2788 1433 2988 1488 Joauni
3041 1436 3164 1489 duci
3214 1433 3537 1505 Pelasgorum
3580 1446 3625 1488 el

2080 1523 2473 1581 Thessalorum
2533 1528 2789 1597 principi.
2850 1529 2978 1584 Hsec
3031 1530 3223 1584 eadem
3270 1545 3388 1583 esse
3451 1531 3621 1597 potuit,

2079 1632 2242 1687 quam
2298 1618 2540 1672 oblatam
2576 1620 2626 1673 in
2680 1635 2935 1690 sponsam
2988 1620 3186 1676 Cazani
3227 1622 3624 1678 uosteriuferius

2080 1710 2309 1775 indicat,
2347 1712 2573 1782 nuptiis,
2605 1724 2764 1782 prout
2801 1724 3048 1784 apparet,
3090 1730 3199 1768 non
3232 1716 3445 1769 secutis.

2154 1802 2213 1859 P.
2245 1802 2372 1858 270.
2404 1803 2863 1861 Consmutissime
2897 1807 3205 1877 perstitisse
3234 1804 3454 1860 Veccum
3486 1821 3628 1875 usque

2081 1893 2147 1947 ad
2202 1901 2505 1948 extremum
2560 1896 2815 1965 spiritqu
2853 1896 2903 1950 in
2930 1880 3100 1952 semel
3131 1896 3278 1951 edita
3330 1895 3630 1963 professione

2083 1987 2217 2042 recti
2253 1988 2526 2058 dogmatis
2556 1989 2620 2043 de
2647 1989 3000 2058 processione
3034 1989 3272 2061 Spiritus
3300 1990 3462 2044 sancti
3490 1990 3629 2044 etiam

2081 2096 2146 2138 ex
2187 2080 2353 2150 Filio,
2404 2084 2483 2135 et‘
2514 2082 2872 2150 subiectionis
2924 2083 3129 2139 Christi
3184 2084 3387 2139 vicario
3418 2082 3631 2138 Romano

2082 2176 2328 2247 poutilici
2359 2177 2575 2244 debitae,
2620 2189 2821 2246 pra-ter
2849 2194 3011 2248 quant
3064 2178 3202 2234 satis
3240 2179 3440 2232 iudicm
3469 2186 3631 2232 noster

2086 2271 2381 2326 historicus
2412 2280 2468 2326 et
2494 2270 2585 2326 hic
2619 2279 2673 2327 et
2703 2270 2919 2341 quoties
2953 2272 3018 2326 de
3068 2270 3161 2326 illo
3195 2271 3331 2341 agit,
3383 2268 3632 2324 manifeste

2085 2360 2287 2416 evincit
2317 2360 2434 2430 ejus
2465 2369 2859 2416 testamentum
2894 2359 3131 2415 instante
3163 2371 3341 2414 morte
3364 2360 3412 2414 in
3440 2371 3632 2413 carcere
3698 2434 3703 2439 .

2088 2462 2165 2508 tot
2193 2454 2351 2507 aunis
2378 2468 2475 2522 pro
2510 2452 2768 2523 religione
2796 2468 2825 2507 a
2857 2453 3233 2510 schismaticis
3265 2453 3486 2507 tolerato
3527 2448 3633 2504 co'u-

2086 2549 2281 2604 ditum.
2315 2545 2644 2618 Sequebatur
2672 2549 2975 2602 testamenti
3007 2556 3185 2603 textus
3214 2564 3364 2619 quem
3393 2547 3473 2601 Itic
3505 2546 3636 2599 omit-

2087 2642 2245 2695 timus
2270 2658 2384 2695 cum
2409 2642 2515 2707 iam
2538 2650 2705 2696 exstet
2736 2642 2875 2695 inter
2892 2639 3041 2696 Vecci
3070 2658 3230 2708 opera
3258 2641 3312 2695 in
3343 2651 3473 2693 tanto
3499 2635 3635 2692 CXL.

2159 2732 2529 2805 755-757
2564 2734 2823 2804 Requiret
2859 2733 2911 2788 le
2926 2743 3004 2790 rte
3031 2734 3233 2804 aliquis
3257 2734 3309 2789 in
3342 2741 3633 2788 testamento

2092 2827 2252 2883 Vecci
2281 2826 2686 2897 professionem
2719 2829 3080 2898 sultjectionis
3107 2831 3175 2882 ad
3202 2827 3500 2881 Romanum
3526 2837 3634 2892 pon-

2090 2921 2313 2977 tiﬁcem.
2349 2919 2549 2977 Verum
2594 2935 2658 2975 ea
2697 2921 2853 2987 satis,
2886 2921 2937 2975 ni
2970 2922 3150 2988 fallor,
3181 2920 3427 2976 innuitur
3454 2920 3502 2973 in
3530 2917 3633 2971 sub-

2087 3012 2405 3083 scriptione,
2437 3015 2526 3069 ubi
2587 3029 2686 3085 pro
2743 3014 3356 3084 Constantinopolitano
3396 3010 3634 3080 archiepi-

2088 3122 2256 3180 scopo
2296 3125 2357 3165 se
2392 3110 2569 3164 adhuc
2634 3108 2815 3165 ferens
2871 3110 3100 3176 Veceus,
3144 3111 3291 3179 quod
3323 3114 3468 3165 suam
3494 3108 3635 3175 depo-

2092 3203 2346 3259 sitionem
2379 3202 2571 3257 merito
2599 3204 2808 3257 irritam
2835 3204 3201 3266 existimaret,
3224 3203 3456 3257 abstinet
3481 3210 3631 3254 tamen

2091 3314 2120 3353 a
2153 3296 2307 3353 titulo
2336 3288 2624 3353 ambitiose
2647 3307 2913 3368 usurpato
2937 3299 3006 3353 ab
3034 3297 3151 3365 ejus
3164 3299 3313 3354 sedis
3340 3295 3636 3352 antistitibus

2090 3392 2479 3458 schismaticis,
2506 3392 2830 3448 mcumenici
2864 3395 3215 3464 patriarehm.

2162 3484 2225 3540 P.
2249 3486 2381 3541 979.
2405 3486 2497 3540 Illa
2526 3485 2611 3541 hic
2644 3495 2947 3541 memorata
2979 3486 3326 3543 consuetudo
3350 3494 3494 3540 vetus
3517 3495 3638 3538 com-

2093 3579 2547 3636 memorationem
2609 3579 2990 3635 defunctorum
3047 3581 3219 3634 multa
3254 3580 3431 3635 facum
3475 3589 3639 3631 accen-

2091 3672 2249 3728 sione
2279 3671 2590 3727 celebrandi
2624 3688 2728 3724 uou
2762 3671 2830 3726 ad
2859 3671 3023 3740 paulo
3048 3681 3177 3726 ante
3202 3670 3405 3726 factam
3425 3667 3638 3740 Δηναιῶ-

2090 3783 2181 3830 νος
2210 3765 2570 3836 ἐνεστηκότος
2595 3765 2825 3820 ineuntis
2859 3763 3142 3819 Februarii
3170 3764 3494 3819 mentionem
3524 3758 3639 3814 refc-

2090 3859 2257 3913 renda
2289 3866 2395 3922 est,
2429 3857 2587 3927 quasi
2615 3857 2734 3927 ejus
2766 3857 3107 3927 potissimum
3161 3856 3372 3912 mensis
3400 3853 3543 3909 initio
3583 3864 3636 3900 rt

2092 3952 2259 4025 758
2291 3967 2442 4007 more
2493 3953 2716 4022 antiquo
2754 3952 2796 4006 is
2838 3950 2979 4007 ritus
3029 3951 3441 4015 observaretur,
3464 3947 3546 4003 sed
3580 3945 3634 3997 ad

2090 4046 2486 4101 iudicationem
2562 4044 2957 4117 praecedentem
3042 4060 3285 4114 vesperae
3344 4041 3637 4098 Parascerts

2089 4140 2203 4194 sive
2232 4148 2399 4193 sexta;
2430 4138 2603 4201 ferite,
2633 4138 2854 4209 quando
2881 4138 2991 4209 jam
3018 4154 3120 4194 usu
3142 4136 3509 4194 ecclesiastico
3536 4132 3640 4186 sab-

2094 4232 2279 4285 batum
2315 4229 2713 4299 postridianum
2752 4229 3000 4285 inchoari
3024 4230 3374 4294 censebatur,
3402 4225 3637 4297 siquidem

2090 4324 2305 4379 eunetis
2338 4324 2799 4379 hebdomadarum
2845 4323 3087 4378 omnium
3141 4322 3397 4378 Sahhatis
3429 4317 3638 4375 Ecclesia

2092 4418 2280 4473 Graeca
2312 4426 2650 4472 mortuorum
2688 4418 3006 4471 memoriam
3040 4416 3339 4472 recolebat.
3371 4414 3479 4469 Hoc
3507 4414 3640 4467 docet

400 4505 745 4579 Pachymere
783 4506 866 4560 bis
897 4504 1072 4574 posita
1107 4502 1160 4557 iu
1199 4501 1373 4558 altero
1421 4502 1539 4558 loco
1566 4502 1821 4576 Κροῦρον
1848 4504 1987 4561 scri-
2016 4524 2061 4580 ι)
2092 4526 2193 4565 nos
2226 4510 2545 4565 Gennadius
2593 4512 2911 4581 patriarcha
2956 4510 3095 4565 libro
3139 4511 3206 4566 de
3236 4508 3545 4578 Purgatorio
3572 4502 3639 4557 sic

400 4601 569 4656 bitur.
617 4598 729 4656 Nos
779 4597 1071 4667 utrobique
1118 4594 1370 4666 Κροῦνον
1421 4598 1782 4668 scripsimus,
1842 4600 1985 4669 quod

401 4694 570 4750 Cruui
603 4693 705 4749 loci
735 4692 1065 4747 mentionem
1112 4692 1252 4761 apud
1288 4692 1623 4762 geographos
1655 4691 1984 4762 reperimus,

401 4804 511 4843 non
548 4798 728 4841 autem
784 4783 943 4841 Cruri
1002 4783 1279 4855 Κρούρου.
1345 4783 1613 4840 Ρτωιοιοιι
1661 4785 1987 4857 epitomator

401 4880 605 4933 omittit
633 4874 947 4932 Eltimerem
982 4875 1153 4932 fuisse
1189 4875 1414 4930 fratrem
1450 4891 1555 4930 nou
1588 4874 1763 4930 solum
1794 4875 1987 4930 Tertc—

401 4965 626 5035 ris,‘sed
655 4979 709 5026 et
738 4969 984 5041 conjugis
1018 4967 1252 5031 Smiltzi,
1287 4983 1400 5023 rem
1434 4969 1635 5024 diserte
1667 4982 1983 5039 expressam

401 5081 432 5120 a
487 5062 847 5135 Pachymere.
907 5061 1111 5117 Deinde
1161 5073 1350 5117 contra
1391 5061 1553 5133 hujus
1607 5062 1984 5116 auctoritatem

400 5158 639 5212 aﬂirmat
664 5155 880 5210 venisse
930 5154 984 5209 iu
1015 5162 1343 5225 potestatem
1392 5153 1741 5224 imperatoris
1770 5151 1987 5209 Rhado-

401 5248 679 5305 sthlabum
716 5263 821 5303 una
870 5262 995 5301 cum
1050 5243 1323 5302 Tertere:
1373 5246 1461 5301 hic
1491 5247 1636 5303 enim
1668 5247 1744 5301 ait
1794 5256 1986 5317 sponte

401 5345 551 5401 illum
584 5341 652 5398 ad
683 5342 1072 5411 imperatorem
1103 5339 1507 5412 transfugisse:
1539 5339 1567 5393 ὁ
1610 5341 1720 5413 γὰρ
1747 5340 1986 5411 Βουλγά-

406 5458 517 5514 ρων
549 5435 1020 5509 σεϐαστοκράτωρ
1059 5433 1456 5499 Ῥαδόσθλαϐος
1483 5435 1697 5505 βασιλεῖ
1729 5453 1987 5507 προσχω-

406 5536 605 5606 ρήσας.
642 5528 848 5586 Deinde
885 5528 1080 5587 asserit
1107 5529 1435 5597 epitoiuator
1463 5530 1533 5584 ab
1555 5527 1815 5585 Eltimere
1838 5544 1987 5585 com-

402 5634 649 5684 mutatos
678 5637 937 5694 proceres
972 5620 1248 5678 Romanos
1291 5637 1416 5678 cum
1476 5621 1702 5678 Tenere
1761 5632 1817 5678 et
1862 5625 1985 5695 ejus

402 5715 724 5791 proceribus
748 5714 817 5769 ab
838 5715 1174 5785 imperatore
1203 5714 1461 5781 detentis,
1487 5730 1611 5770 cum
1648 5725 1839 5770 auctor
1869 5717 1987 5770 uul-

403 5811 511 5865 lam
545 5808 872 5864 mentionem
905 5808 1069 5863 faciat
1114 5805 1471 5875 Bulgarorum
1502 5822 1790 5878 procerum
1823 5806 1983 5863 simul

404 5906 509 5961 ista
540 5903 946 5977 permutatione
989 5900 1365 5986 liberatorum,
1403 5902 1498 5957 sed
1550 5903 1707 5958 unius
1749 5911 1984 5958 tantum-

2088 4604 2373 4658 scribens:
2419 4603 2630 4674 Ἀκμὴν
2658 4604 2912 4656 ἀσύνετοί
2941 4604 3087 4667 ὲστε,
3121 4604 3213 4657 καὶ
3239 4604 3340 4656 οὐκ
3361 4601 3549 4673 ἔγνωτε
3571 4597 3639 4651 ὅτι

2088 4698 2123 4768 ἡ
2151 4696 2245 4751 τοῦ
2283 4696 2522 4767 Χριστοῦ
2564 4694 2865 4767 Ἐκκλησία
2893 4696 3113 4767 εὔχεται
3134 4697 3224 4751 ἀεὶ
3250 4697 3389 4766 ὑπὲρ
3410 4707 3640 4761 κιιικοιμτι⁸

2091 4788 2289 4857 μένων,
2348 4787 2618 4842 καὶκατὰ
2651 4790 2761 4841 πᾶν
2821 4786 3102 4842 Σάϐϐατον
3156 4787 3333 4857 μόνως
3380 4788 3501 4857 περ)⁵
3550 4782 3640 4837 τῶν

2087 4879 2278 4950 ψυχῶν
2334 4879 2528 4949 μνείαν
2581 4882 2841 4945 ποιεῖται,
2900 4880 2997 4934 καὶ
3044 4880 3312 4952 Σαϐϐάτῳ
3350 4880 3429 4934 ἔτι
3459 4879 3533 4941 δὶς
3558 4873 3637 4928 τοῦ

2089 4971 2337 5025 ἐνιαυτοῦ
2356 4972 2480 5040 ἄγει
2502 4973 2816 5044 πανήγυριν
2837 4990 2903 5026 πε
2913 4974 2966 5043 pl.
3004 4973 3228 5044 μνήμης
3244 4972 3430 5044 ψυχῶν
3450 4968 3635 5040 μνείαν,

2092 5063 2152 5116 ὲν
2184 5062 2262 5132 τῷ
2292 5063 2399 5134 πρὸ
2429 5062 2525 5132 τῆς
2568 5063 2857 5132 Ἀπόκρεὼ
2889 5081 3035 5133 φημι
3073 5064 3168 5116 καὶ
3201 5063 3279 5134 τῷ
3318 5063 3423 5132 πρὸ
3460 5061 3637 5124 Πεντη-

2090 5156 2318 5224 κοστῆς.
2351 5153 2415 5227 [Ρ
2435 5154 2697 5227 διι-ιίιι]
2720 5156 2905 5210 Adhuc
2921 5166 3070 5219 ctnos
3090 5159 3204 5211 sine
3232 5157 3485 5211 intellectu
3509 5154 3632 5212 estis.

2087 5258 2134 5302 et
2166 5263 2266 5300 nou
2284 5249 2596 5317 coguovistis
2623 5247 2819 5302 Christi
2850 5246 3143 5304 Ecclesium
3165 5265 3320 5303 orare
3344 5263 3534 5311 semper
3556 5258 3635 5313 pro

2088 5339 2155 5394 iis
2200 5340 2291 5411 qui
2342 5341 2698 5407 dormierunt,
2729 5350 2780 5395 et
2809 5358 2904 5410 per
2933 5358 3087 5396 omne
3142 5342 3417 5395 sabbatum
3466 5349 3634 5392 memo-

2089 5436 2224 5491 riam
2252 5436 2427 5508 facere
2457 5437 2668 5492 solitam
2725 5441 3053 5495 animarum.
3100 5437 3461 5510 Pra’lcre'aquc
3486 5436 3554 5488 bis
3584 5435 3631 5486 in

2089 5543 2229 5583 anno
2263 5531 2571 5600 panegyrim
2604 5530 2870 5586 celebrare
2898 5533 3416 5586 commemorationis
3448 5528 3631 5582 anim-

2089 5639 2229 5690 rum,
2262 5623 2512 5676 nimirum
2552 5621 2783 5677 Sabbalo
2810 5627 3133 5692 praecedente
3166 5625 3487 5679 Dominicam
3517 5619 3631 5674 Car-

2088 5712 2326 5781 nisprirt'i
2373 5722 2423 5768 et
2455 5715 2675 5768 sabbato
2723 5727 2845 5771 ante
2904 5714 3259 5771 Pentecosten.
3296 5715 3414 5769 lla‘c
3441 5712 3628 5768 Genua-

2090 5808 2231 5862 dius.
2264 5806 2450 5867 ~annus
2488 5822 2595 5876 quo
2623 5809 2851 5880 contigit
2898 5811 3003 5865 hoc
3035 5810 3150 5865 loco
3180 5820 3394 5864 narrata
3439 5802 3626 5858 Andro-

2091 5904 2197 5958 nici
2259 5900 2702 5960 Thessalonicam
2735 5904 3027 5976 profectio,
3059 5912 3116 5959 ut
3166 5904 3323 5960 iutra‘
3345 5901 3379 5955 Ι.
3407 5913 3484 5965 ιιι,
3510 5911 3552 5951 c.
3580 5891 3625 5958 7,
