3856 6558
223 438 318 504 $17

1654 441 1925 507 ‘NO'I‘AZ.

3365 439 3471 503 813

220 553 505 619 estendam,
543 554 638 609 fuit
665 554 864 611 Christi
898 557 1060 613 1299.
1084 555 1188 624 Qui
1215 572 1392 613 annus
1423 574 1543 612 cum
1577 574 1768 613 nume-

1896 558 2130 622 1ασιλεὺς
2156 557 2325 624 ἔξεισι
2347 574 2359 588 °
2391 557 2534 612 Tunc
2564 557 2727 628 igitur
2748 566 2973 625 paratus
2999 556 3288 621 imperator
3317 557 3469 612 exiit.

219 646 401 700 rarerit
435 645 639 716 ryclum
669 647 802 703 solis
842 650 934 712 9.0,
960 651 1045 705 cui
1089 651 1354 720 competit
1385 650 1570 706 littera
1611 652 1770 706 iudex

219 739 490 791 ﬂaminica}
548 738 610 802 D,
660 739 978 812 intelligitur
1043 743 1132 797 bic
1188 753 1547 798 memoratam
1586 742 1777 797 feriam

213 841 403 884 sextam
437 830 656 885 ineunte
682 830 985 888 Februario
1005 834 1056 889 in
1075 846 1290 891 sextum
1320 835 1604 891 Februarii
1635 837 1777 891 diem

213 929 475 985 incidisse.
531 930 655 985 Fuit
714 947 846 1000 ergo
904 933 1026 988 talis
1080 933 1188 990 diei
1244 949 1473 1007 vespera
1521 935 1778 989 inchoata

213 1023 650 1078 commemoratio
697 1024 1080 1080 defuncturum
1134 1041 1282 1082 mere
1331 1027 1777 1090 ltebtlomadaria,

213 1131 304 1167 non
340 1125 517 1168 autem
552 1131 656 1170 una
689 1132 755 1171 ex
784 1117 1130 1174 solemnibus
1163 1129 1505 1174 mortuorum
1540 1135 1782 1192 panegy-

212 1210 364 1269 ribus,
396 1223 518 1277 qua:
557 1209 663 1275 bis,
692 1217 748 1264 ut
774 1227 836 1264 ex
876 1209 1163 1267 Geunadio
1191 1211 1519 1277 audivimus,
1551 1213 1602 1266 in
1637 1227 1780 1266 anno

208 1304 528 1368 caaremonia
584 1303 925 1372 exquisitiori
961 1305 1338 1372 celebrantur,
1369 1305 1612 1360 Sabbato
1637 1321 1780 1377 prae-

209 1397 416 1450 cedente
455 1394 792 1452 Dominicam
857 1399 1144 1470 Ἀπὸκρεω
1175 1401 1311 1463 sive,
1346 1409 1403 1454 ut
1453 1415 1575 1455 cum
1621 1400 1780 1469 vulgo

208 1492 403 1558 loquar,
439 1490 795 1559 Carnispririi
825 1491 1160 1558 Graecorum,
1190 1507 1311 1559 qua:
1344 1492 1604 1547 coincidit
1653 1508 1777 1545 cum

207 1593 380 1636 nostra
414 1582 698 1638 Dontinica
726 1585 1119 1656 Sexagesima},
1144 1597 1197 1639 et
1230 1584 1471 1641 Sabbato
1495 1595 1620 1640 ante
1643 1583 1780 1640 Pen-

211 1685 459 1730 trcoslcn.
509 1676 650 1729 Nam
710 1678 776 1732 de
831 1678 1071 1732 Subliatu
1127 1679 1346 1748 quidem
1402 1677 1778 1742 Pentecostes,

208 1771 328 1824 satis
354 1780 503 1840 patet
532 1787 699 1840 quam
735 1788 762 1824 a
818 1789 1001 1828 mense
1034 1772 1334 1828 Februario
1385 1785 1651 1828 remotum
1686 1773 1777 1828 sit.

207 1861 488 1922 Sabbatnm
525 1879 709 1919 autem
741 1865 1037 1920 Dominica!
1065 1865 1423 1936 Carnisprivii
1463 1867 1778 1922 Grzecorum

1884 647 2102 714 ltaille,
2136 651 2397 706 translata
2452 651 2519 704 ad
2578 661 2902 721 apparatum
2962 651 3314 719 profectionis
3366 651 3474 704 diei

1885 758 2216 813 parasceves
2256 745 2612 812 expressione
2645 761 2658 808 ;
2691 759 2800 812 quo
2840 752 2894 797 et
2925 741 3076 797 valde
3098 741 3477 812 superliciarie

1885 835 2203 890 defunctum
2231 837 2373 891 hunc
2397 837 2813 906 epitomatoretu
2839 844 3083 904 apparet,
3109 847 3164 890 et
3189 851 3294 890 non
3320 836 3478 889 valde

1885 928 2053 984 fuisse
2086 930 2319 998 peritum
2353 930 2554 984 rituum
2589 927 2906 983 Grascorum
2940 929 3178 1000 suspicio
3205 941 3475 985 movetur.

1884 1021 2000 1077 Non
2043 1022 2218 1078 fuisse
2255 1022 2386 1077 mihi
2450 1031 2633 1077 tamen
2693 1021 2846 1079 illum
2907 1023 3183 1090 inutilem,
3219 1023 3308 1079 hic
3363 1024 3480 1093 ipse

1883 1125 2039 1185 grate
2070 1116 2357 1186 profitendi
2394 1101 2547 1171 locus
2578 1125 2680 1172 est.
2711 1117 2843 1173 Nam
2880 1118 3127 1188 quazdam
3165 1117 3216 1173 in
3251 1119 3355 1174 hoc
3385 1135 3478 1174 ca-

1885 1208 2015 1276 pite,
2054 1217 2217 1278 prout
2246 1208 2573 1265 describitur
2606 1209 2657 1263 in
2688 1207 2971 1265 codicibus
3002 1210 3214 1265 duobus
3237 1209 3476 1279 alioquin

1883 1300 2128 1369 optimis,
2181 1300 2444 1357 diminute
2494 1312 2586 1356 aut
2633 1301 3034 1358 confusiuscule
3085 1303 3260 1372 posita
3292 1319 3480 1358 exsat-

1885 1387 1992 1443 tins
2015 1387 2312 1446 Vaticanus
2340 1391 2734 1460 paraphrastes
2768 1401 2824 1447 et
2865 1393 3270 1459 intelligibilius
3311 1409 3481 1462 expo-

1885 1479 1982 1532 nit.
2015 1479 2192 1547 Quare
2225 1481 2469 1536 nonnihil
2501 1498 2565 1537 ex
2587 1483 2675 1536 illo
2696 1484 3062 1551 interpretans
3085 1485 3314 1552 adscivi;
3337 1491 3482 1555 qumt

1883 1571 2044 1640 quale
2070 1573 2162 1638 sit,
2187 1588 2274 1638 ne,
2299 1573 2387 1629 cui
2421 1573 2559 1630 forte
2585 1574 2635 1628 id
2664 1592 2811 1630 curae
2835 1576 3018 1641 fuerit,
3057 1577 3290 1648 ignoret,
3319 1581 3480 1632 verba

1883 1665 2106 1732 ejusliic
2129 1666 2422 1721 ascribam.
2451 1665 2597 1722 Loco
2621 1669 2786 1736 igitur
2815 1684 3004 1724 eorum
3031 1685 3150 1740 qua:
3179 1682 3484 1741 sequuntur

1885 1757 2150 1814 in'uostro
2182 1771 2442 1815 contextu
2468 1761 2660 1818 Graeco
2682 1765 2906 1833 postilla
2943 1765 3106 1820 verba
3140 1763 3392 1835 Ἰωάννης
3423 1767 3481 1819 δέ

1885 1870 2057 1924 usque
2091 1857 2158 1909 ad
2186 1856 2349 1911 ﬁnem
2379 1859 2598 1930 capitis,
2624 1859 2932 1926 Vaticanus
2952 1861 3015 1932 [P
3037 1861 3164 1935 545]
3197 1864 3308 1916 luet:
3328 1867 3484 1945 exiit-

207 1957 308 2010 sive
361 1956 755 2026 Sexagesima,
799 1959 892 2013 illo
931 1974 1076 2014 anno
1112 1958 1320 2014 Pasclia
1358 1961 1422 2014 19
1449 1962 1651 2030 Aprilis
1683 1959 1778 2014 Ita-

1896 1959 2002 2001 )et:
2029 1949 2090 2001 ’0
2113 1949 2168 2002 δὲ
2187 1952 2534 2022 πατριάρχης
2553 1953 2724 2024 ἔμαθε
2749 1956 2815 2007 τὰ
2837 1955 3204 2026 βουλευόμενα
3229 1955 3378 2025 παρά
3398 1942 3485 2007 τι·

209 2051 372 2110 brute,
397 2049 496 2102 luit
528 2051 646 2104 dies
680 2051 742 2104 2|
784 2050 1087 2116 Februarii,
1108 2066 1229 2122 quae
1257 2051 1320 2106 ad
1347 2051 1641 2121 Ληναιῶνα
1665 2053 1781 2105 ἐνε-

209 2143 430 2212 στηκότα
463 2145 734 2198 ineuntem
771 2143 1126 2198 Februarium
1159 2146 1305 2200 nullo
1336 2155 1494 2215 pacto
1522 2145 1778 2214 pertinet.

209 2235 390 2289 Notum
417 2238 626 2307 quippe
653 2240 789 2294 satis
817 2237 1006 2293 decem
1043 2235 1254 2292 tantum
1292 2239 1498 2308 primos
1524 2236 1788 2306 cujusque

211 2333 399 2385 mensis
426 2331 547 2387 dies
583 2333 688 2387 ista
722 2333 893 2402 μηνὸς
927 2333 1284 2405 ἐνεστηκότος
1317 2332 1510 2386 mensis
1549 2332 1782 2386 ineuntis

211 2425 336 2492 apud
370 2423 594 2480 Grzeros
633 2425 1000 2495 appellatione
1047 2409 1358 2495 (iesigiiaii;
1391 2441 1512 2479 cum
1571 2425 1663 2493 qui
1697 2438 1783 2477 se-

211 2526 432 2585 quuntur
463 2517 531 2571 ad
562 2512 638 2572 ’ΞΟ
669 2517 928 2589 μεσοῦντι
962 2517 1093 2589 μηνί
1123 2517 1377 2572 ιηειιὶαηιὶ
1437 2518 1624 2575 triensi.
1659 2517 1786 2571 reli-

212 2609 292 2676 qui
349 2616 414 2662 ad
473 2611 641 2665 linem
703 2626 875 2678 usque
917 2611 1165 2682 λήγοντι,
1199 2612 1300 2666 hoc
1353 2620 1436 2665 est
1490 2609 1786 2674 desinenti,

214 2703 368 2758 mensi
406 2704 746 2760 tribuantur.
779 2707 961 2775 Atque
999 2707 1098 2760 hoc
1142 2705 1338 2773 ipsum,
1393 2704 1648 2758 videlicet
1698 2720 1789 2757 or-

213 2795 462 2851 dinariam
497 2808 554 2852 et
592 2798 1080 2858 hebdomadariam
1115 2801 1382 2854 duntaxat
1428 2797 1595 2852 fuisse
1643 2798 1787 2853 hanc

211 2894 776 2946 cottttnetnorationetn
831 2903 1192 2960 mortuorum,
1229 2893 1433 2948 indicat
1486 2902 1669 2949 noster
1703 2891 1790 2946 bi-

213 2985 454 3058 storicus,
511 2987 646 3041 dum
701 3003 806 3040 non
865 2988 1394 3058 πανηγυριζομένων
1429 2988 1523 3042 sed
1576 3004 1788 3058 μνημο-

213 3080 501 3150 νευομένων
557 3081 668 3135 hoc
720 3082 839 3136 loco
891 3081 1000 3135 τῶν
1055 3081 1479 3152 κεκοιμημένων
1515 3080 1786 3134 meminit.

214 3169 529 3228 lleutionem
568 3187 736 3242 porro
771 3173 861 3227 hic
913 3173 1112 3227 factam
1177 3187 1530 3228 accensorum
1581 3170 1786 3235 tacum,

213 3276 358 3330 quam
398 3279 498 3333 ego
563 3266 1025 3334 interpretatione
1058 3268 1124 3320 ad
1160 3265 1598 3321 ecclesiasticum
1631 3280 1787 3318 usum

1885 2057 1997 2104 νος.
2027 2042 2235 2108 Ἕξεισι
2258 2044 2387 2113 γοῦν
2403 2045 2482 2117 τῷ
2501 2045 2714 2118 βασιλεῖ
2737 2050 3133 2118 συνταξὸμενος
3156 2056 3245 2104 καὶ
3265 2050 3333 2103 τὰ
3356 2052 3484 2120 περὶ

1886 2133 2093 2188 τούτων
2119 2139 2360 2208 κινήσων
2385 2139 2730 2212 βουλόμενος.
2763 2142 2941 2196 Πολλὰ
2972 2144 3082 2216 γὰρ
3111 2141 3179 2216 ἦν
3209 2143 3277 2198 τὰ
3309 2161 3484 2214 προσ-

1890 2226 2163 2296 ιστάμενα
2185 2229 2264 2301 τῷ
2290 2231 2729 2305 συναλλάγματι,
2759 2235 2981 2305 πρῶτον
3002 2236 3064 2290 τὸ
3089 2237 3360 2291 ἀπολῦσαι
3387 2237 3488 2309 τὴν

1891 2317 2031 2372 ἰδίαν
2081 2325 2319 2387 γυναῖκα
2354 2322 2446 2378 τὸν
2481 2325 2722 2397 κράλην,
2750 2328 3005 2400 δεύτερον
3064 2329 3327 2400 ἁνήλικον
3383 2332 3486 2400 τῆς

1891 2411 2184 2483 θυγατρὸς,
2223 2413 2411 2484 τρίτον
2443 2416 2503 2469 τὸ
2537 2417 2877 2488 ἀκουσθῆναι
2926 2419 3000 2483 ὡς
3060 2421 3485 2490 ὲπιᾶημήσασαν

1888 2503 1989 2574 τὴν
2039 2505 2282 2575 μοναχὴν
2327 2511 2774 2580 γυναικαδὲλφην
2799 2513 2895 2565 τοῦ
2931 2515 3203 2582 προτέρου
3244 2513 3482 2582 ἀδελφοῦ

1891 2598 2170 2667 Στεφάνου
2199 2599 2295 2652 τοῦ
2325 2602 2507 2672 κράλη
2547 2605 2626 2667 εἰς
2654 2604 2890 2675 Σερῦῐαν
2926 2605 3059 2659 ἰδεῖν
3089 2606 3188 2678 τὴν
3216 2606 3480 2675 ἀδελφὴν,

1888 2690 2012 2760 ἥτις
2039 2685 2104 2762 ἧν
2135 2691 2277 2763 γυνὴ
2309 2693 2404 2746 τοῦ
2438 2693 2736 2764 Στεφάνου,
2771 2696 2919 2760 ὅστις
2973 2693 3043 2768 ἦν
3073 2700 3164 2752 καὶ
3195 2697 3484 2766 κατεαγὼς

1887 2782 1949 2834 τὸ
1979 2781 2172 2848 σκέλος
2200 2789 2217 2814 ·’
2247 2785 2336 2839 διὰ
2366 2785 2523 2841 τοῦτο
2575 2788 2671 2841 καὶ⁷
2721 2789 3097 2860 ἀπραγμόνως
3134 2791 3230 2860 ἔζη
3259 2807 3272 2822 ·
3318 2791 3476 2854 αὐτὸς

1891 2873 2000 2946 γὰρ
2030 2871 2098 2947 ἦν
2117 2875 2455 2948 δικαιότερος
2479 2879 2578 2950 τὴν
2599 2880 2774 2952 ἀρχὴν
2797 2881 2965 2953 ἔχειν,
2985 2882 3061 2947 ὡς
3087 2884 3302 2954 πρῶτος
3327 2884 3486 2938 ἀδελ-

1893 2969 1995 3037 φύς
2021 2985 2037 3000 ⁹
2079 2970 2216 3043 αὐτὴ
2249 2971 2380 3040 γοῦν
2418 2976 2450 3045 ή
2482 2977 2693 3048 μοναχῆ
2729 2979 2823 3030 καὶ
2855 2977 2948 3032 τοῦ
2989 2977 3258 3049 βασιλέως
3288 2975 3482 3050 ἧνιγυο

1893 3063 2226 3135 ναικαδέλφη
2257 3067 2321 3118 ἐκ
2347 3066 2444 3134 τῆς
2474 3067 2569 3119 τοῦ
2609 3069 2776 3139 ρηγὸς
2808 3072 3119 3140 Οὐγγρίαςι
3141 3073 3361 3143 Ταύτην
3387 3073 3484 3127 οὖν

1891 3153 2058 3223 (forte
2083 3159 2276 3230 ταύτῃ)
2311 3160 2587 3228 πορνικῶς
2621 3161 2870 3234 ἠκούσθη
2915 3165 3266 3236 συμμιγῆναι
3294 3170 3322 3220 ὁ
3345 3169 3481 3239 κράο

1893 3246 1990 3317 λης
2015 3248 2044 3300 ὁ
2075 3250 2174 3321 τὴν
2214 3250 2493 3324 θυγατέρα
2525 3255 2620 3309 τοῦ
2650 3255 2921 3326 βασιλέως
2944 3257 3260 3330 λαμϐάνων.

217 3367 416 3419 revoco,
477 3371 588 3411 non
643 3357 818 3412 deerit
849 3357 987 3412 forte
1027 3359 1118 3428 qui
1155 3359 1456 3413 contendat
1506 3356 1574 3410 ad
1635 3371 1784 3411 mere

1963 3340 2026 3398 P.
2061 3343 2188 3399 306.
2228 3344 2586 3403 Enni-ratores
2620 3351 3033 3421 Ascrwipoetw.
3067 3353 3214 3409 Sane
3248 3355 3299 3411 in
3331 3355 3481 3412 Grae-

215 3445 411 3500 civilem
449 3447 792 3503 referendam
827 3449 994 3505 fuisse
1023 3452 1311 3506 rationem.
1342 3449 1632 3504 Enimvero
1691 3465 1791 3505 nec

215 3555 304 3606 ego
334 3539 520 3607 ignoro
565 3540 662 3594 tali
693 3541 1011 3612 plerumque
1037 3542 1311 3597 locutione
1346 3541 1617 3612 designari
1654 3553 1790 3596 tem-

218 3646 307 3697 pus
337 3647 581 3702 vespera:
616 3633 815 3688 adulta:
866 3650 1037 3705 usque
1086 3635 1155 3690 ad
1183 3633 1294 3704 jam
1351 3635 1790 3691 increbeseeutes

218 3724 454 3780 tenebras
505 3735 636 3796 post
685 3742 942 3781 occasum
984 3727 1140 3793 solis,
1174 3729 1392 3798 quando
1445 3729 1512 3782 ad
1544 3744 1794 3784 necessa-

221 3814 344 3869 iiuni
375 3817 598 3872 videndi
647 3835 827 3885 usum,
881 3820 1024 3874 intra
1065 3822 1252 3875 domos
1302 3821 1601 3889 praesertim
1647 3821 1792 3874 faces

221 3910 601 3966 accenduntur.
636 3912 745 3966 Sed
794 3912 838 3966 si
898 3915 1020 3981 quis
1053 3913 1319 3967 attentius
1355 3921 1594 3982 reputet,
1627 3910 1792 3981 759

223 4001 412 4057 videbit
441 4005 592 4059 haud
627 4020 749 4059 esse
781 4005 1080 4060 verisimile
1133 4005 1546 4074 imperatorem,
1580 4017 1791 4056 summa

224 4097 507 4162 pnesertim
565 4107 622 4153 et
677 4099 844 4168 rigida
883 4098 1085 4163 hieme,
1122 4097 1312 4152 lteram
1343 4096 1572 4164 elegisse
1609 4094 1794 4164 profe-

223 4187 372 4242 ctioni
419 4205 486 4244 ex
528 4189 669 4246 urbe
709 4191 1079 4260 capessendae,
1127 4206 1234 4260 qua
1297 4201 1455 4246 nocte
1507 4189 1796 4260 ingruente

224 4295 306 4333 aer
335 4284 501 4352 magis
536 4285 823 4355 magisque
852 4287 1263 4339 obscuraretur.
1294 4282 1476 4338 Prima
1509 4298 1641 4354 ergo
1667 4297 1794 4350 pars

225 4377 503 4445 vespertini
532 4379 820 4448 temporis,
859 4379 976 4434 sole
1003 4379 1070 4433 ad
1101 4395 1360 4434 occasum
1393 4387 1656 4449 vergente
1691 4378 1794 4432 sub

228 4469 426 4524 tertiam
481 4474 676 4528 horam
728 4489 759 4528 a
800 4473 1049 4540 meridie,
1109 4473 1465 4544 intelligenda
1519 4481 1624 4528 est.
1675 4470 1792 4524 Tali

227 4557 358 4610 enim
397 4569 644 4630 tempore
675 4572 823 4618 recte
854 4563 1154 4634 imperator
1185 4581 1306 4618 cum
1343 4564 1794 4618 numerosissimo

1893 3435 1972 3490 cis
1999 3437 2226 3493 sclioliis
2258 3439 2419 3494 hodie
2471 3441 2524 3494 in
2558 3439 2852 3499 Hesiodum
2883 3449 3227 3504 exstantibus
3261 3448 3385 3519 (fol.
3412 3453 3487 3505 68

1892 3529 1982 3582 ed.
2017 3527 2236 3586 Veneta:
2287 3531 2595 3591 Trincaveli
2646 3539 2772 3594 anni
2835 3539 3006 3609 1557)·
3031 3541 3228 3610 legitur
3279 3543 3343 3597 ad
3391 3544 3480 3598 illa

1896 3631 2066 3690 poetae
2101 3624 2262 3678 verba
2295 3626 2441 3697 μῆνα
2461 3627 2517 3681 δὲ
2541 3629 2838 3701 Ληναιῶνα
2870 3635 2985 3688 lianc
3015 3631 3353 3704 Moseliopuli
3385 3639 3483 3687 ad-

1896 3716 2103 3769 notatio
2131 3734 2146 3771 :
2179 3719 2335 3772 Κατὰ
2365 3721 2458 3774 τὸν
2487 3723 2638 3794 μῆνα
2665 3725 2724 3778 δὲ
2775 3726 3092 3798 Ληναιῶνα,
3133 3730 3284 3793 ὅστις
3318 3731 3485 3801 760

1895 3808 2012 3861 ἐστὶ
2034 3806 2389 3881 Ἰανουάριος.
2416 3813 2576 3877 Infra.
2599 3816 2692 3870 fol.
2712 3818 2782 3872 73
2801 3836 2856 3887 ρ.
2876 3821 2909 3873 2
2929 3821 3486 3888 posttnedtumloanc

1898 3913 1993 3954 nes
2028 3898 2257 3958 Tzetzes
2293 3904 2359 3958 ad
2403 3908 2652 3960 emmlem
2682 3907 2857 3963 locum
2888 3915 2968 3966 sic
2999 3915 3289 3970 observat:
3318 3918 3483 3984 Μῆνα

1895 3989 1953 4042 δὲ
1979 3991 2269 4064 Ληναιῶνα
2299 3997 2391 4049 τὸν
2418 3997 2590 4052 Χοιὰκ
2617 4001 2736 4070 ἦτοι
2767 4002 2856 4055 τὸν
2898 4004 3254 4077 Ἰανουάριον,
3285 4009 3340 4070 ὃς
3372 4009 3483 4081 Λη-

1896 4086 2047 4149 ναιὸς
2075 4088 2224 4158 παρὰ
2257 4090 2410 4144 Ἴωσι
2441 4092 2713 4150 καλεῖται.
2740 4095 2892 4162 Quod
2926 4107 3107 4154 autem
3158 4116 3217 4154 se
3268 4099 3482 4171 Pachy-

1899 4195 2079 4236 nteres
2107 4181 2306 4252 alioqui
2346 4184 2760 4242 dissentientem
2819 4189 2871 4243 in
2925 4191 3028 4247 ltoc
3073 4193 3141 4248 ab
3177 4193 3262 4260 iis,
3297 4203 3480 4250 tamen

1897 4271 2026 4327 dum
2063 4290 2282 4331 carmen
2319 4280 2460 4347 apud
2516 4279 2662 4349 ipsos
2700 4293 2959 4354 pangeret
2985 4285 3056 4357 (εἰ
3093 4287 3184 4340 καὶ
3209 4290 3374 4358 ἡμεῖς
3421 4292 3481 4343 ἐν

1897 4368 2010 4428 τοῖς
2037 4367 2159 4421 κατ’
2189 4370 2391 4434 αὐτοὺς
2421 4373 2836 4446 ὲποποιοῦντες)
2871 4378 3025 4446 quasi
3054 4392 3305 4444 excusal,
3337 4383 3482 4447 quod

1897 4474 2085 4512 eorum
2129 4461 2488 4532 improbatam
2547 4467 2682 4521 alias
2741 4470 3076 4524 sententiam
3123 4478 3481 4540 expresserit,

1899 4563 1990 4605 aut
2023 4552 2229 4609 indicat
2264 4571 2323 4611 se
2362 4558 2590 4628 alicujus
2635 4561 2832 4616 horum
2870 4561 3117 4631 magistri
3151 4563 3331 4617 ludum
3367 4566 3478 4619 fre-

228 4666 318 4706 suo
345 4655 611 4709 comitatu
637 4657 765 4711 dare
788 4673 847 4712 se
877 4659 931 4711 in
968 4657 1107 4711 viam
1159 4659 1356 4728 potuit,
1385 4659 1628 4727 reliquiis
1658 4656 1788 4711 lucis

1900 4653 2252 4713 quentantem
2301 4665 2395 4703 eos
2443 4666 2634 4706 versus
2683 4655 3113 4723 conscripsisse;
3151 4667 3246 4710 aut
3275 4657 3319 4711 si
3349 4671 3482 4713 :etas

228 4742 422 4802 diurna“:
469 4748 782 4803 suﬂecturis
838 4749 903 4802 ad
955 4753 1378 4819 perveniendum
1433 4751 1485 4804 itt
1545 4751 1793 4804 dissitatn

231 4840 401 4905 paucis
457 4843 792 4898 milliaribus
844 4859 907 4898 ac
937 4845 1307 4898 suburbanam
1345 4845 1635 4899 stationem
1678 4844 1794 4898 Dri-

233 4946 371 4997 peam
397 4951 412 4989 :
440 4936 512 4989 ibi
551 4938 698 4990 enim
756 4937 1118 4992 diversorium
1178 4936 1413 4990 habebat
1456 4944 1704 5005 paratum
1741 4939 1794 4988 in

237 5035 433 5080 noctem
471 5028 872 5098 insequentem.
905 5028 1020 5084 Non
1055 5044 1184 5096 ergo
1208 5028 1425 5096 quando
1457 5030 1590 5081 urbe
1625 5026 1798 5095 impe-

239 5128 372 5172 rator
399 5120 570 5174 exivit
600 5122 714 5176 sole
763 5124 943 5176 adhuc
988 5121 1204 5174 lucente
1248 5120 1428 5174 civilis
1459 5120 1802 5174 necessitatis

237 5211 392 5275 gratia
428 5211 574 5270 faces
599 5212 1058 5280 accendebantur,
1089 5229 1208 5268 cum
1234 5213 1392 5284 longe
1415 5213 1799 5282 crepusculum

239 5301 458 5360 abesset.
488 5308 669 5374 Quare
701 5317 870 5364 restat
911 5320 965 5361 ut
995 5310 1045 5364 id
1081 5309 1147 5362 ad
1172 5309 1552 5362 cierentoniant
1584 5306 1804 5375 religio-

241 5412 342 5450 sam
372 5398 441 5452 sit
482 5400 851 5464 referendum,
881 5401 1141 5470 occupari
1189 5401 1444 5456 videlicet
1498 5399 1658 5454 solita
1685 5396 1798 5466 jam

244 5497 342 5542 tum
402 5494 743 5561 postridiana
808 5497 1332 5549 commemoratione
1391 5493 1800 5558 defunctorum,

244 5587 586 5641 accendendis
613 5602 707 5658 per
731 5588 913 5641 omnia
951 5588 1146 5656 templa
1181 5587 1495 5641 luminibus.
1521 5586 1600 5640 Ad
1629 5599 1782 5640 extre

246 5688 377 5728 mum
409 5679 635 5736 observo
667 5681 994 5737 mentionem
1049 5681 1138 5736 hic
1193 5682 1552 5752 παρασκευῆς
1587 5696 1693 5735 non
1723 5680 1808 5734 in-

247 5766 495 5824 tellectam
528 5787 556 5825 a
601 5772 859 5828 Vaticano
907 5775 1264 5844 parapltraste
1311 5774 1465 5844 juxta
1505 5788 1686 5827 veram
1749 5782 1801 5826 et

249 5860 478 5916 usitatam
509 5867 720 5921 auctori
775 5867 1052 5922 notionem
1110 5866 1259 5923 feria:
1309 5876 1498 5923 sexta}.
1535 5865 1625 5919 Sic
1656 5866 1799 5920 enim

252 5948 379 6008 [tunc
406 5953 576 6012 locum
611 5959 872 6018 exhibet:
907 5960 1039 6015 Τότε
1070 5960 1202 6018 γοῦν
1253 5959 1732 6032 παρασκευασθεὶς
1773 5962 1798 6014 ὁ

1902 4735 1986 4788 vel
2023 4737 2170 4792 aliud
2214 4751 2480 4810 repugnet
2533 4744 2825 4812 quominus
2863 4743 3093 4801 Joannis
3141 4745 3356 4804 Tzetzze
3389 4763 3486 4804 ant

1900 4829 2239 4901 Mosclmpuli
2273 4833 2638 4906 Pacliymeres
2683 4838 2898 4893 auditor
2939 4839 3125 4907 fuerit,
3155 4842 3262 4896 dici
3301 4853 3487 4911 posset

1902 4921 1956 4976 id
1991 4938 2214 4980 carmen
2248 4925 2316 4980 ab
2347 4944 2410 4981 eo
2445 4930 2712 4998 srriptmn
2746 4933 2872 4985 dum
2914 4931 3311 5004 ludimagistris
3359 4953 3487 5005 cpe-

1903 5029 2018 5068 ram
2057 5030 2190 5084 puer
2231 5017 2405 5082 daret,
2437 5018 2524 5086 qui
2575 5017 2867 5074 Hesiodum
2901 5038 2967 5077 ex
3015 5025 3168 5093 prius
3199 5027 3487 5094 publicatis

1902 5105 2130 5162 Joannis
2176 5107 2388 5164 Tzetzze
2435 5122 2532 5165 aut
2570 5113 2812 5183 cujusvis
2846 5116 3076 5172 alterius
3125 5121 3485 5188 expositioni-

1903 5200 2006 5255 bus
2043 5216 2384 5258 citari-arent.
2422 5203 2539 5258 Dixi
2569 5215 2622 5259 et
2655 5208 2720 5260 de
2749 5209 2831 5262 bis
2862 5208 2914 5262 in
2946 5208 3244 5266 Glossarin.

1979 5291 2036 5346 Ρ.
2057 5294 2180 5348 508.
2220 5293 2307 5358 Ὠς
2328 5297 2455 5366 μήτ’
2479 5296 2612 5350 αὶδὼ
2638 5299 2766 5369 παρ’
2786 5300 3035 5371 ἀλλήλων
3055 5302 3280 5358 ἀπεῖναι
3305 5303 3484 5372 σφίσι.

1909 5385 2063 5441 Ultro
2085 5387 2258 5441 fateor
2279 5404 2366 5444 me
2396 5390 2449 5445 in
2478 5390 2565 5446 bis
2613 5391 2796 5449 verbis
2843 5395 3180 5466 supplevisse
3222 5398 3484 5466 syllabam

1905 5484 1986 5536 ἀπ
2022 5483 2072 5536 in
2103 5483 2267 5537 verbo
2305 5479 2467 5552 εἶναι,
2516 5489 2662 5556 quod
2712 5489 2888 5545 solum
2923 5491 2975 5545 iu
3004 5490 3326 5564 caudicibus
3358 5491 3399 5544 Β
3432 5501 3486 5548 ct

1905 5575 1952 5629 A
1991 5575 2290 5647 legebatur,
2325 5580 2518 5636 mendo
2568 5595 2600 5636 a
2631 5580 2733 5638 loci
2763 5582 3034 5640 sententia
3069 5582 3359 5640 manifeste
3391 5603 3483 5642 re~

1907 5673 2157 5742 darguto.

1978 5766 2039 5826 P.
2067 5767 2193 5822 59.1.
2224 5765 2468 5839 Respicit
2497 5770 2581 5826 his
2611 5778 2804 5828 auctor
2849 5787 2962 5826 rem
3011 5783 3285 5826 narratam
3314 5773 3484 5852 Itiad.

1907 5862 1933 5915 δ
1968 5879 1998 5917 a
2030 5877 2082 5916 v.
2116 5861 2186 5918 95
2223 5863 2288 5917 ad
2319 5863 2443 5918 154.
2475 5863 2551 5918 1111
2579 5863 2859 5919 Pandarus
2895 5864 3133 5921 refertur
3163 5866 3485 5922 inobserva-

1912 5970 1996 6014 tus
2035 5967 2087 6016 ct
2121 5970 2311 6026 contra
2352 5960 2511 6016 fidem
2549 5959 2687 6029 ροιιὶ
2745 5959 2964 6017 foederis
3000 5960 3251 6032 sagittam
3291 5962 3342 6019 iu
3380 5961 3488 6018 ille-
