3856 6566
395 405 504 469 819

1321 410 1384 470 P.
1424 407 1723 468 POSSINI
1765 406 2414 469 OBSERVATIONUM
2459 408 2606 469 LIB.
2649 407 2732 469 ll.

3539 413 3632 478 820

399 519 611 571 ielanm
639 518 954 586 immisisse,
981 532 1101 588 quae
1157 527 1335 572 tamen
1371 533 1637 572 summam
1675 515 1748 571 illi
1781 519 1977 571 dunta-
2009 519 2048 572 Α
2081 517 2271 580 cendo,
2307 516 2370 587 [P
2404 517 2532 590 567]
2579 518 2788 572 abunde
2827 517 3110 573 universos
3141 533 3238 588 pro
3291 528 3438 575 recte
3477 535 3536 575 ac
3562 524 3629 577 vi-

401 619 491 664 xat
510 620 687 664 cutem
716 611 1095 679 perstrinxerit
1114 609 1329 662 leviter.
1355 607 1408 662 In
1435 623 1543 677 quo
1570 607 1849 662 dissimilis
1875 607 1976 661 fuit

400 699 581 754 critus
625 701 909 770 utriusque
944 701 1309 771 jaculationis.
1359 701 1489 755 Nam
1532 703 1646 756 ιιωο
1682 701 1750 756 ab
1802 701 1976 756 Alano

401 793 517 860 fari
558 791 749 846 fraude
796 795 1129 864 perﬁdiaque
1161 803 1429 850 attentata
1480 812 1643 866 grave
1678 811 1733 851 re
1765 811 1893 850 vera
1921 803 1975 849 et

402 884 733 954 profundum
762 875 1039 941 vulnus‘in
1077 889 1264 943 Raulis
1299 888 1474 958 magni
1512 888 1795 941 domestici
1831 888 1974 942 vita-

400 978 470 1030 lia
516 981 758 1046 pertulit,
802 997 910 1052 quo
946 993 1194 1052 spectant
1253 983 1341 1037 illa
1397 984 1564 1037 nostri
1613 983 1774 1037 verba
1808 981 1977 1052 ὀϊστῷ

402 1071 608 1141 βάλλει,
641 1073 738 1126 καὶ
773 1077 1016 1144 καιρίαν,
1041 1076 1100 1128 οὐ
1130 1076 1250 1127 κατ’
1287 1077 1492 1130 ἐκεῖνον
1525 1077 1739 1145 (nempe
1766 1075 1980 1130 Panda-

409 1165 550 1233 rum)
585 1165 799 1234 πληγὴν
824 1167 1008 1220 δίδωσι
1036 1184 1049 1222 :
1079 1171 1144 1222 de
1175 1167 1408 1222 Pandari
1440 1169 1584 1223 enim
1617 1169 1726 1223 telo
1757 1169 1836 1224 sic
1868 1168 1976 1223 Ho-

409 1270 590 1309 merus
629 1273 704 1310 set
722 1257 821 1310 ibit

414 1344 774 1413 Ἀκρότατον
807 1349 860 1402 δ’
886 1351 976 1420 ἄρ’
1007 1353 1210 1419 ὀΐστ‹’ς
1239 1352 1545 1424 ἐπέγραψε
1575 1355 1726 1424 χρόα
1755 1354 1972 1425 φωτός.

403 1439 675 1495 Summam
693 1444 1044 1513 extimamque
1067 1447 1262 1515 sagitta
1283 1449 1640 1514 superscripsit
1664 1457 1830 1502 cutem
1853 1449 1973 1502 viri.

405 1533 558 1587 llaitii
591 1545 770 1589 autent
799 1537 1005 1593 Alanus
1034 1539 1288 1610 καιρίαν,
1325 1541 1423 1595 hoc
1450 1553 1534 1596 est
1567 1542 1728 1596 altam
1758 1552 1810 1596 et
1841 1544 1976 1609 peri-

403 1623 667 1689 culosam,
696 1627 741 1680 si
770 1643 878 1681 non
919 1630 1081 1682 etiam
1115 1630 1348 1697 letalem,
1379 1631 1554 1685 inﬁxit
1587 1632 1818 1701 plagam.

479 1717 563 1790 [Ρ.
590 1717 716 1791 525]
750 1721 810 1776 Ρ.
838 1721 965 1776 59.5.
997 1723 1121 1776 Haec
1147 1723 1373 1792 digitum
1404 1725 1688 1780 intendunt
1721 1727 1772 1781 in
1803 1726 1976 1796 Odys-

399 1830 541 1866 seam
601 1831 661 1888 μ,
692 1815 780 1870 ubi
810 1815 980 1871 refert
1029 1828 1186 1885 poeta
1221 1819 1416 1872 vidisse
1445 1818 1694 1890 Ulyssem
1732 1831 1914 1883 raptos
1943 1833 1971 1870 a
2003 1858 2050 1916 Β

400 1909 579 1979 Scylla
616 1911 850 1980 discerpi
882 1907 945 1965 ac
972 1911 1150 1966 vorari
1188 1927 1281 1966 sex
1320 1926 1351 1966 e
1388 1912 1501 1966 suis
1539 1912 1728 1978 sociis,
1758 1926 1972 1964 summo

397 2002 588 2056 dolore
620 2017 742 2069 suo,
790 2003 931 2074 quod
973 2002 1042 2058 iis
1079 2003 1336 2073 apitulari
1374 2003 1520 2058 nullo
1555 2015 1716 2074 pacto
1766 2013 1968 2074 posset.

398 2093 551 2150 Unde
585 2094 660 2148 ait
691 2112 707 2150 :

403 2189 724 2258 Οῖκτιστον
748 2187 826 2256 δὴ
857 2188 1024 2242 κεῖνο
1075 2189 1242 2258 ἐμοῖς
1283 2189 1418 2243 [dor
1465 2188 1829 2258 ὀφθαλμοῖσι

396 2257 651 2312 Πάντων
681 2259 819 2313 ὅσσ⁹
844 2257 1140 2329 ἐμόγησά,
1164 2264 1386 2328 πόρους
1419 2257 1563 2325 (me,
1598 2259 1969 2328 ἐξερεείνων.

394 2347 512 2404 Non
561 2351 732 2419 potuit
761 2362 940 2406 autem
974 2361 1157 2407 noster
1185 2351 1375 2421 aptiori
1410 2351 1644 2421 imagine
1681 2369 1972 2422 repra-seno

401 2455 518 2500 tare
553 2447 852 2501 cordolium
891 2443 1260 2502 Romanorum
1312 2462 1440 2502 suos
1494 2449 1642 2503 cives
1682 2447 1735 2500 in
1770 2449 1902 2501 mari
1940 2464 1968 2501 a

359 2523 362 2525 ’
397 2537 590 2605 piratis
647 2537 883 2592 cruciari
918 2553 947 2592 e
975 2539 1155 2594 littore
1185 2539 1552 2609 spectantium
1591 2541 1709 2595 sine
1751 2541 1856 2593 ulla
1894 2541 1969 2593 fa-

396 2629 599 2683 cultate
637 2633 1016 2690 succurrendi.

469 2719 529 2775 Ρ.
560 2723 686 2777 39.7.
732 2723 920 2779 Fuerit
961 2727 1074 2779 hac
1105 2725 1398 2797 Thymmna
1450 2727 1601 2790 urbs,
1632 2741 1795 2796 quam
1839 2725 1966 2780 Pto-

397 2814 623 2871 lomaeus
653 2819 703 2870 in
736 2816 945 2872 Galatia
983 2819 1216 2874 collocat
1243 2835 1257 2884 ;
1284 2820 1438 2889 cujus
1469 2831 1524 2874 et
1553 2820 1818 2874 Arrianus
1855 2837 1964 2874 ine-

397 2909 550 2962 minit
585 2908 635 2961 in
682 2907 915 2978 Periplo.
948 2912 1046 2965 Alii
1081 2909 1467 2966 Teuthraniam
1509 2912 1806 2982 appellant.

465 3000 527 3057 Ρ.
563 3001 687 3058 538.
714 3003 996 3074 Sumptum
1045 3021 1110 3060 ex
1144 3006 1296 3060 Iliad.
1326 3023 1377 3072 ε,
1410 3021 1460 3059 v.
1498 3007 1603 3061 449
1632 3026 1645 3061 :

388 3094 582 3168 Αὐτὰρ
597 3094 636 3168 β
663 3094 712 3168 γ’
733 3094 988 3151 εἴδωλον
1009 3098 1170 3162 τεῦξ’
1189 3099 1597 3168 ἀργυρότοξθς
1637 3102 1684 3155 Ἀ
1694 3103 1960 3166 πάλλων,

459 3164 626 3230 Αὐτῷ
653 3167 702 3218 τ’
733 3169 937 3236 Αἰνείᾳ
985 3164 1235 3236 ἴκελον-,⁷
1269 3164 1368 3223 imi
1417 3164 1667 3239 τεύχὲσι
1700 3173 1887 3227 τοῖον.

667 3280 826 3338 Unde
859 3282 1112 3352 Virgilius
1141 3285 1358 3340 {EtteitL
1401 3287 1466 3340 10
1494 3305 1506 3340 :

472 3391 602 3444 Tum
624 3394 722 3448 dea
756 3397 888 3448 nube
910 3415 1036 3450 cava
1071 3410 1275 3451 tenuem
1309 3400 1421 3454 sine
1449 3401 1642 3453 viribus
1673 3403 1911 3456 umbram

465 3461 532 3536 I_n
568 3463 760 3536 {aciem
793 3461 1003 3529 {Enen}.
1033 3472 1145 3521 visu
1181 3470 1420 3524 mirabile
1451 3483 1767 3536 monstrum,

468 3533 761 3589 Dardaniis
782 3549 936 3590 ornat
960 3538 1099 3592 telis.

465 3648 525 3702 P.
555 3647 681 3704 ⁸550.
716 3651 846 3717 Qua:
878 3650 967 3707 hic
1006 3651 1244 3708 citantur
1301 3669 1365 3708 ex
1417 3653 1619 3711 Ethicis
1663 3657 1720 3712 S.
1749 3657 1959 3727 Basilii,

393 3740 537 3795 inter
588 3757 652 3796 ea
697 3758 820 3812 quae
859 3744 962 3798 hoc
996 3747 1215 3799 nomine
1260 3747 1512 3816 leguntur
1551 3749 1602 3803 in
1641 3750 1960 3804 collectione

391 3831 532 3886 edita
554 3848 774 3901 Operum
795 3835 912 3904 eius
943 3835 998 3891 S.
1028 3835 1091 3893 Ρ.
1122 3855 1222 3892 nun
1251 3839 1447 3907 reperi.
1474 3839 1527 3894 ltt
1547 3841 1708 3910 epist.
1737 3843 1801 3896 ad
1828 3843 1960 3896 Ant-

393 3925 750 3992 pllilochium,
781 3944 904 3984 can.
950 3932 1034 3996 l0,
1068 3947 1121 4001 p.
1159 3931 1262 3986 764
1297 3935 1383 3988 ed.
1417 3932 1622 3998 Paris.,
1669 3951 1760 3991 an.
1799 3935 1958 4000 1618,

392 4020 636 4087 quaedam
663 4021 1054 4091 dejuramento
1077 4024 1364 4093 habentur,
1387 4041 1416 4080 a
1445 4042 1605 4082 causa
1635 4036 1688 4082 et
1717 4043 1847 4083 casu
1875 4029 1960 4082 hic

391 4127 421 4166 a
471 4111 806 4184 Pacbymere
859 4125 1094 4172 tractato
1155 4135 1260 4172 non
1308 4121 1530 4174 omnino
1581 4121 1956 4174 abhorrentia.

461 4204 668 4262 P.356.
705 4207 851 4262 Vitio
895 4211 1126 4264 vertitur
1171 4211 1426 4280 episcopo
1476 4211 1956 4280 Marmaritziensi,

384 4301 523 4367 quod
559 4297 749 4352 multos
782 4299 942 4352 simul
971 4302 1242 4354 ordinaret
1297 4303 1533 4370 ejusdem
1579 4303 1635 4357 in
1663 4303 1958 4357 sacerdotio

383 4389 586 4442 ordinis
622 4404 730 4442 uno
774 4404 926 4442 sacra
960 4391 1249 4458 Iunctione.
1289 4389 1404 4444 lloc
1430 4401 1534 4456 est,
1565 4391 1780 4460 Opinor,
1814 4394 1956 4461 quod

381 4496 546 4535 causa
598 4482 903 4551 compendii
955 4484 1008 4536 in
1050 4484 1509 4547 ordinationibus,
1549 4499 1707 4554 quas,
1744 4494 1796 4537 ut
1833 4495 1956 4538 ante

2082 608 2228 662 ritim
2257 609 2489 663 initiatis
2521 611 2799 664 habuisse.

2152 699 2288 755 Ibid.
2323 699 2579 767 Quaenam
2609 703 2680 756 sit
2705 703 2788 755 his
2815 702 2994 757 verbis
3022 711 3318 756 memorata
3350 717 3534 772 magna
3555 719 3637 774 sy-

2079 793 2276 856 nodus,
2300 806 2415 863 post
2439 811 2598 864 quam
2619 795 2845 864 episcopi
2871 796 3123 866 defecisse
3149 795 3400 850 dicantur
3427 796 3477 848 in
3500 795 3638 849 Occi-

2079 885 2252 949 dente,
2298 886 2397 939 boc
2431 897 2537 950 ρει,
2568 901 2688 939 esse
2741 885 2971 940 desiisse
3021 885 3247 954 legitimi
3295 885 3635 940 ecclesiarum

2081 976 2340 1046 praesules
2407 992 2546 1031 veras
2599 977 2960 1031 ordinationis
3009 976 3336 1031 charactere
3388 975 3636 1045 insigttiti,

2079 1075 2247 1141 qmcri
2288 1089 2393 1127 non
2433 1073 2706 1127 immerito
2755 1082 2948 1142 potest.
2993 1072 3119 1126 Mihi
3155 1088 3260 1128 non
3300 1072 3511 1126 videtur
3550 1074 3635 1125 dn-

2081 1167 2224 1220 bium
2253 1169 2380 1237 quin
2421 1168 2506 1222 hic
2538 1179 2730 1239 agatur
2761 1169 2828 1221 de
2856 1166 3062 1236 synodo
3110 1165 3452 1220 oecumenica
3492 1165 3523 1220 8
3557 1181 3637 1220 ea-

2079 1258 2309 1329 demque
2333 1258 2940 1327 ConstantinOpnlitana
2971 1259 3026 1319 4.
3059 1264 3114 1312 et
3147 1266 3392 1326 tempore
3420 1268 3467 1310 ct
3491 1272 3635 1310 causa

2079 1351 2253 1407 Pbotii
2279 1353 2575 1414 celebrata,
2617 1352 2851 1406 ritaxime
2887 1366 3050 1420 super
3079 1350 3470 1405 controversiis
3501 1349 3638 1419 lgna-

2082 1449 2212 1500 tium
2249 1448 2392 1502 inter
2417 1459 2464 1500 et
2494 1445 2774 1501 Photinin.
2806 1445 2935 1498 Post
2974 1446 3115 1500 hanc
3145 1460 3271 1500 cum
3298 1443 3571 1500 fraudibus
3593 1455 3639 1499 et

2081 1540 2376 1594 mendaciis
2398 1540 2510 1593 suis
2540 1538 2764 1593 Pbotins
2789 1540 2858 1592 ita
2883 1537 3102 1592 Griccos
3122 1553 3149 1589 a
3181 1535 3394 1592 Latinis
3423 1535 3640 1591 alicnaso

2079 1639 2179 1690 set,
2212 1641 2269 1683 ut
2296 1646 2567 1699 nunquam
2601 1629 2854 1698 deinceps
2887 1630 3023 1684 bona
3049 1627 3153 1683 ﬁde
3176 1631 3431 1684 universa
3457 1628 3636 1682 Orien-

2083 1722 2202 1776 talis
2231 1719 2468 1776 Ecclesia
2490 1738 2608 1776 cum
2635 1721 2968 1778 Occidentali
2997 1723 3364 1783 consenserit,
3383 1722 3638 1774 desierunt

2080 1817 2418 1870 tecumenica
2443 1816 2674 1869 concilia
2705 1815 2758 1869 in
2784 1811 3008 1868 Oriente
3037 1813 3330 1878 celebrari,
3361 1816 3499 1866 unde
3525 1815 3636 1866 ulti-

2085 1927 2167 1961 ma
2200 1908 2297 1962 fuit
2326 1920 2514 1964 octava
2547 1908 2686 1964 inter
2722 1926 2817 1966 eas
2851 1928 2968 1978 quae
2998 1912 3238 1982 synodus
3271 1911 3323 1964 in
3360 1904 3637 1963 Orientalis

2081 2001 2292 2071 imperii
2339 2003 2624 2058 celebratae
2661 2003 2866 2059 ditione
2913 2005 2963 2058 in
2993 2019 3282 2059 commune
3313 2002 3637 2056 consulentes

2078 2095 2333 2150 concordi
2365 2111 2591 2151 assensu
2614 2096 2834 2152 Graecos
2863 2097 3070 2167 pariter
3109 2105 3161 2150 et
3202 2094 3429 2149 Latinos
3455 2095 3636 2149 habue-

2081 2204 2156 2242 re.
2187 2186 2488 2242 Finxerunt
2517 2199 2698 2246 autem
2727 2189 2898 2245 Graeci
2925 2189 3287 2252 schismatici,
3322 2189 3462 2258 quod
3487 2187 3637 2242 refert

2080 2281 2178 2336 hoe
2201 2279 2321 2337 loco
2351 2282 2699 2338 Andronicus
2732 2282 3136 2337 addictissimus
3165 2282 3448 2336 schismati
3482 2291 3531 2336 et
3561 2281 3634 2334 in-

2077 2373 2419 2430 fensissimus
2455 2373 2710 2430 Ecclesiae
2732 2375 3013 2440 Romana»,
3043 2391 3107 2430 ex
3141 2375 3234 2431 illo
3272 2384 3516 2444 tempore
3540 2390 3632 2443 quo

2076 2468 2207 2522 vixit
2228 2467 2454 2522 PhOtins
2477 2477 2529 2522 et
2553 2477 2636 2523 est
2667 2470 2905 2540 synodus
2932 2468 3270 2524 cecumenica
3301 2478 3487 2521 octava
3511 2466 3634 2520 cele-

2071 2559 2247 2622 brata.
2291 2559 2515 2614 desiisse
2568 2559 2618 2613 in
2676 2557 2970 2615 Occidente
3024 2577 3206 2612 wram
3272 2561 3627 2629 episcoporum

2071 2650 2494 2705 successionem.
2533 2649 2606 2705 De
2651 2651 2881 2706 conﬁcta
2917 2652 2984 2704 ab
3021 2652 3323 2718 impostore
3366 2647 3632 2702 notissimo

2068 2746 2285 2810 PhOtio,
2335 2757 2383 2801 et
2423 2762 2451 2800 a
2499 2746 2778 2802 Pbotiauis
2827 2746 3028 2814 jactata
3082 2743 3316 2813 synodo,
3349 2759 3501 2811 quam
3548 2740 3624 2795 isti

2071 2839 2288 2894 nomine
2319 2848 2524 2893 octava:
2550 2838 2852 2901 venditant,
2872 2837 2994 2891 vide
3028 2852 3163 2902 opus
3185 2845 3316 2889 ante
3343 2835 3442 2889 bos
3471 2848 3626 2887 annos

2068 2949 2158 2987 sex
2197 2931 2286 2986 hic
2319 2928 2501 2986 Romae
2523 2931 2725 2986 editum
2767 2929 2834 2983 ab
2861 2929 2939 2984 Ill.
2973 2929 3154 2984 Leone
3186 2927 3408 2993 Allatio,
3438 2927 3533 2982 hoc
3566 2927 3622 2979 ti-

2071 3023 2179 3077 tulo
2209 3037 2224 3076 :
2264 3022 2337 3076 De
2366 3031 2548 3075 octava
2583 3024 2783 3091 synodo
2818 3021 3102 3076 Plautiano.

2139 3113 2298 3184 762
2325 3111 2383 3168 P.
2418 3111 2546 3166 374.
2573 3113 2612 3166 Ε
2641 3117 2859 3180 regione
2891 3113 3082 3167 horum
3109 3113 3400 3167 verborum
3426 3125 3440 3165 :
3483 3109 3618 3178 Ἐμοὶ

2073 3205 2195 3276 μὲν,
2220 3207 2430 3273 ἔλεγεν,
2465 3205 2524 3258 ἓν
2555 3207 2874 3273 ἀναγκαῖον,
2899 3215 3026 3269 cte.,
3063 3206 3260 3274 quibus
3295 3202 3620 3259 Andronicus

2070 3300 2351 3368 magnilice
2375 3298 2543 3366 jaclat
2571 3315 2730 3351 unum
2760 3300 2859 3352 sibi
2898 3299 3061 3352 videri
3088 3301 3462 3358 necessarium,
3495 3311 3620 3348 esse.

2064 3405 2161 3459 que
2190 3389 2325 3441 idem
2350 3390 2454 3444 vita
2483 3401 2528 3443 et
2560 3390 2748 3456 spiritu
2773 3390 3006 3454 (Iturius,
3029 3388 3147 3456 ﬁeri
3171 3390 3312 3456 quod
3340 3387 3474 3441 Deus
3500 3384 3617 3445 vult,

2064 3483 2262 3552 legitur
2291 3486 2343 3536 in
2379 3482 2674 3536 Barberino
2703 3482 2892 3538 codice
2924 3486 3238 3536 adnotatum
3275 3485 3326 3535 in
3365 3480 3617 3547 margine:

2077 3573 2238 3641 Ἀλλ’,
2271 3567 2316 3628 ὦ
2351 3576 2625 3646 βέλτιστε,
2663 3575 2778 3629 αἵδε
2808 3576 3001 3645 συχναὶ
3032 3573 3230 3646 ζημίαι
3262 3576 3365 3628 οὐκ
3418 3573 3479 3627 ἂν
3522 3567 3619 3622 εἷεν

2063 3669 2197 3723 Θεοῦ
2236 3671 2476 3741 Θὲλημα.
2512 3671 2688 3738 Atqui,
2725 3688 2753 3724 ο
2785 3671 2998 3740 optime,
3029 3671 3228 3723 damna
3259 3680 3306 3722 et
3336 3667 3616 3737 infestatio-

2064 3779 2152 3816 nes
2195 3763 2275 3818 Ita:
2314 3767 2512 3819 crebrae
2570 3783 2671 3818 non
2731 3768 2910 3838 utique
2971 3769 3169 3836 fuerint
3229 3768 3465 3822 uoluntas
3512 3763 3614 3817 Dei.

2064 3853 2253 3910 Manus
2276 3873 2436 3926 porro
2460 3874 2562 3926 qua
2600 3859 2713 3914 base
2736 3861 2896 3914 verba
2929 3861 3126 3928 scripta
3154 3870 3307 3925 sunt,
3327 3877 3430 3913 non
3457 3857 3615 3911 minus

2063 3947 2278 4000 videtur
2314 3950 2536 4018 antiqua
2578 3965 2738 4016 quant
2779 3951 2893 4021 ipse
2929 3963 3256 4008 contestans:
3291 3951 3446 4016 cujus
3481 3947 3614 4017 scri-_

2062 4046 2241 4104 plura,
2269 4050 2323 4092 ut
2357 4039 2489 4093 alias
2515 4042 2823 4108 observavi,
2857 4061 2960 4097 non
2987 4045 3258 4098 immerito
3281 4043 3426 4097 credi
3458 4047 3614 4110 potest

2061 4128 2286 4194 aequalis
2313 4131 2456 4183 tutati
2487 4129 2860 4200 Pachymeris.
2895 4131 3083 4198 Itaque
3125 4147 3230 4185 non
3267 4124 3614 4184 inverisimili-

2067 4233 2147 4274 ter
2173 4221 2294 4288 quis
2322 4224 2572 4290 opinetur
2615 4225 2751 4278 banc
2798 4223 3100 4276 censoriam
3157 4223 3224 4278 ad
3273 4224 3416 4277 hunc
3452 4221 3608 4274 locum

2063 4323 2243 4366 notam
2301 4314 2467 4368 fuisse
2499 4317 2797 4384 appositam
2851 4315 2917 4368 ab
2963 4315 3145 4385 aliquo
3183 4331 3373 4370 eorum
3404 4314 3610 4368 clerico-

2061 4421 2204 4468 rnm,
2236 4419 2373 4473 quos
2429 4421 2534 4459 non
2590 4422 2714 4460 raro
2753 4407 3008 4474 deinceps
3044 4407 3339 4462 historicus
3369 4410 3611 4461 memorat

2061 4496 2178 4549 dira
2237 4510 2524 4565 perpessos
2571 4498 2639 4552 ab
2694 4497 2994 4552 Athanasio
3053 4508 3175 4568 post
3229 4499 3606 4553 restitutionem

383 4571 680 4626 historicus
710 4572 988 4636 retulerat,
1014 4575 1238 4642 pecunia
1274 4576 1546 4639 venderet,
1581 4577 1734 4631 unica
1776 4576 1952 4645 impo-

2086 4607 2113 4641 n
2171 4590 2446 4652 thronum,
2495 4607 2655 4661 quam
2707 4608 2846 4646 nunc
2894 4593 3258 4647 ctnnmaxime
3315 4591 3610 4647 moliebatur

382 4663 584 4718 sitione
619 4659 876 4717 manuum
918 4666 1114 4738 multos
1138 4665 1294 4720 simul
1330 4667 1586 4734 initiaret,
1636 4685 1820 4723 errore
1871 4670 1958 4724 in-

382 4755 662 4809 tolerabili
706 4757 1030 4812 existimans
1070 4759 1206 4812 nihil
1241 4774 1362 4814 esse
1403 4775 1628 4815 necesse
1664 4762 1953 4828 unicuique

381 4845 661 4913 sigillatim
717 4848 879 4901 ritum
935 4847 1084 4902 illum
1141 4865 1355 4904 sacrum
1396 4851 1677 4917 adhibere,
1721 4855 1866 4920 quod
1904 4853 1952 4906 ei

383 4937 662 4992 festinanti
695 4938 832 4993 lucri
869 4939 1163 4994 Simoniaei
1199 4941 1394 5008 gratia,
1428 4942 1481 4995 in
1513 4957 1674 5011 quam
1706 4943 1954 5010 plurimis

381 5045 544 5098 quam
597 5031 921 5087 brevissimo
972 5043 1214 5102 tempore
1253 5035 1591 5100 ordinaudis,
1635 5035 1686 5090 id
1716 5052 1954 5091 commo-

383 5126 509 5174 dum
550 5121 846 5185 \iderctur,
884 5138 1070 5191 parum
1116 5127 1266 5190 pensi
1302 5127 1508 5180 habens
1548 5138 1859 5196 quaestuoso
1896 5145 1954 5184 se

383 5214 592 5282 illigare
623 5215 931 5284 sacrilegio.
974 5217 1111 5284 Ergo
1148 5219 1414 5288 ἱερωσύνη
1462 5221 1816 5274 sacerdotium
1853 5223 1955 5277 boc

385 5305 507 5360 loco
536 5307 836 5374 generatim
867 5308 1090 5363 ordines
1126 5311 1363 5380 majores
1402 5312 1625 5376 indicat,
1662 5323 1787 5381 puta
1837 5315 1953 5368 dia-

384 5409 641 5453 conatum
692 5409 746 5452 et
784 5401 1246 5471 presbyteratum,
1285 5411 1334 5455 et
1387 5419 1510 5457 cum
1571 5407 1763 5458 inultos
1822 5408 1953 5461 dicit

381 5491 620 5561 ejusdem
678 5492 880 5546 ordinis
940 5493 1096 5546 unica
1152 5511 1306 5547 sacra
1353 5498 1664 5550 ca'rem-onia
1707 5501 1805 5568 μιᾷ
1862 5516 1951 5551 τε-

384 5584 511 5654 λετῇ
549 5583 853 5649 ordinasse,
885 5583 1152 5654 significat
1183 5587 1363 5655 plures
1389 5588 1728 5654 diaconatus,
1769 5592 1951 5662 plures

383 5681 546 5732 etiam
589 5681 994 5748 presbyteratus
1040 5682 1318 5749 petitores,
1365 5699 1468 5736 non
1524 5684 1751 5752 singulis
1797 5687 1952 5740 adbi-

376 5773 554 5828 hendo
577 5789 794 5829 sacrum
826 5774 1011 5840 ritum,
1035 5776 1126 5828 sed
1153 5777 1240 5828 uni
1273 5791 1368 5845 pro
1407 5779 1642 5844 cunctis,
1671 5787 1766 5832 aut
1786 5796 1951 5849 super

379 5885 569 5924 attines
620 5870 670 5922 in
713 5883 1002 5923 commune
1033 5871 1411 5925 czereinoniam
1453 5872 1743 5940 legitimam
1789 5891 1951 5928 exer-

2063 4693 2378 4750 Ilttperalor.

2131 4771 2191 4825 P.
2219 4773 2345 4828 589.
2385 4773 2764 4843 ἜπΙρῤητΟΥ.
2792 4775 3094 4846 Aliquando
3119 4777 3606 4844 suspicabarlcgcn-

2060 4863 2184 4914 dum
2227 4863 2527 4933 ἐπάρατον,
2579 4864 2681 4919 Sed
2723 4875 2910 4919 contra
2961 4876 3067 4920 stat
3119 4883 3414 4921 conSensns
3468 4863 3601 4918 Codi-

2058 4968 2206 5006 cum.
2254 4953 2363 5007 Nec
2401 4970 2528 5008 vero
2559 4966 2639 5008 est
2673 4969 2894 5010 necesse
2933 4975 2948 5010 :
2986 4973 3108 5009 nam
3155 4971 3205 5009 ιιι
3232 4959 3516 5027 ἐπίρῤητον
3543 4951 3598 5001 ad

2061 5045 2505 5110 vituperationem
2531 5058 2582 5100 et
2603 5048 2996 5102 exsecrationis
3020 5049 3464 5118 significationem
3487 5059 3600 5097 con-

2061 5135 2252 5188 fertur.
2309 5134 2458 5190 Unde
2504 5135 2821 5193 Eustathius
2866 5140 2931 5192 ad
2982 5139 3143 5193 Iliad.
3193 5158 3229 5205 t,
3282 5156 3332 5207 p.
3385 5137 3480 5191 736
3524 5135 3596 5187 ed.

2060 5227 2216 5281 Rom.
2272 5228 2332 5279 τὸ
2370 5229 2667 5300 ὲπίρῤητος
2715 5232 2938 5300 exponit
2994 5233 3391 5304 καταρῤήσεως
3443 5226 3595 5290 ἄξιος,

2059 5320 2352 5373 maledictis
2371 5321 2580 5390 dignus.

2126 5413 2262 5470 Ibid.
2315 5413 2464 5471 Nove
2509 5417 2596 5470 hic
2636 5414 2998 5484 Parbymcres
3063 5411 3246 5467 Partiri
3285 5411 3592 5480 adiunctum.

2057 5507 2199 5574 quod
2256 5505 2416 5574 vulgo
2462 5507 2656 5562 terrori
2709 5505 3039 5576 lymphatico
3085 5519 3147 5558 ac
3194 5495 3590 5558 consternatioai

2057 5599 2249 5654 subita:
2283 5598 2442 5653 tribui
2478 5598 2639 5664 solet,
2663 5600 2855 5651 audaci
2891 5613 3056 5666 supra
3097 5596 3312 5650 modum
3346 5602 3397 5647 et
3432 5590 3476 5643 vi
3499 5603 3603 5642 ιιιιν·

2051 5692 2172 5758 jore
2227 5689 2518 5759 alllatnqne
2579 5691 2722 5744 velut
2774 5689 3010 5744 numinis
3072 5688 3340 5741 concitato
3392 5674 3586 5747 iinpetui

2057 5783 2292 5847 adaptat.
2344 5779 2450 5834 Sed
2498 5781 2755 5850 proclivis
2798 5790 2880 5834 est
2941 5780 3200 5833 transitus
3255 5776 3319 5830 ab
3344 5773 3503 5826 activo
3528 5767 3583 5820 all

2059 5875 2350 5941 passivum.
2390 5872 2653 5929 Furentcs
2683 5874 2935 5929 videlicet
2969 5882 3162 5937 motus,
3187 5887 3318 5942 quos
3342 5868 3444 5922 Pan
3471 5864 3582 5923 dux.
