  <div class='ocr_page' id='page_1' title='image "/cluster/home/n/w/nwhite01/storage/ocr_20150623/144/hvd.32044019208339/418.png"; bbox 0 0 3856 6608; ppageno 0'>
   <div class='ocr_carea' id='block_1_1' title="bbox 221 441 315 504">
    <p class='ocr_par' dir='ltr' id='par_1_1' title="bbox 221 441 315 504">
     <span class='ocr_line' id='line_1_1' title="bbox 221 441 315 504; baseline -0.011 0"><span class='ocrx_word' id='word_1_1' title='bbox 221 441 315 504; x_wconf 70' lang='lat'><strong>8&#39;21</strong></span> 
     </span>
    </p>
   </div>
   <div class='ocr_carea' id='block_1_2' title="bbox 1740 445 1982 506">
    <p class='ocr_par' dir='ltr' id='par_1_2' title="bbox 1740 445 1982 506">
     <span class='ocr_line' id='line_1_2' title="bbox 1740 445 1982 506; baseline 0.008 -2"><span class='ocrx_word' id='word_1_2' title='bbox 1740 445 1982 506; x_wconf 61' lang='lat' dir='ltr'><strong>NOTAE.</strong></span> 
     </span>
    </p>
   </div>
   <div class='ocr_carea' id='block_1_3' title="bbox 3368 434 3476 498">
    <p class='ocr_par' dir='ltr' id='par_1_3' title="bbox 3368 434 3476 498">
     <span class='ocr_line' id='line_1_3' title="bbox 3368 434 3476 498; baseline 0 -1"><span class='ocrx_word' id='word_1_3' title='bbox 3368 434 3476 498; x_wconf 62' lang='lat'><strong>822</strong></span> 
     </span>
    </p>
   </div>
   <div class='ocr_carea' id='block_1_4' title="bbox 228 551 3488 630">
    <p class='ocr_par' dir='ltr' id='par_1_4' title="bbox 228 551 3488 630">
     <span class='ocr_line' id='line_1_4' title="bbox 228 551 3488 630; baseline -0.003 -16"><span class='ocrx_word' id='word_1_4' title='bbox 228 571 281 614; x_wconf 81' lang='lat' dir='ltr'><strong>ut</strong></span> <span class='ocrx_word' id='word_1_5' title='bbox 308 558 501 614; x_wconf 79' lang='lat' dir='ltr'><strong>fabula:</strong></span> <span class='ocrx_word' id='word_1_6' title='bbox 548 562 729 624; x_wconf 83' lang='lat' dir='ltr'><strong>aiunt,</strong></span> <span class='ocrx_word' id='word_1_7' title='bbox 764 559 816 616; x_wconf 90' lang='lat' dir='ltr'><strong>in</strong></span> <span class='ocrx_word' id='word_1_8' title='bbox 853 560 1094 615; x_wconf 61' lang='lat' dir='ltr'><strong>exercitu</strong></span> <span class='ocrx_word' id='word_1_9' title='bbox 1123 558 1185 630; x_wconf 86' lang='lat' dir='ltr'><strong>[P</strong></span> <span class='ocrx_word' id='word_1_10' title='bbox 1221 557 1351 630; x_wconf 64' lang='lat'><strong>548]</strong></span> <span class='ocrx_word' id='word_1_11' title='bbox 1383 557 1577 613; x_wconf 90' lang='lat' dir='ltr'><strong>Bacchi</strong></span> <span class='ocrx_word' id='word_1_12' title='bbox 1604 558 1656 612; x_wconf 90' lang='lat' dir='ltr'><strong>in</strong></span> <span class='ocrx_word' id='word_1_13' title='bbox 1685 559 1800 612; x_wconf 88' lang='lat' dir='ltr'><strong>suis</strong></span> <span class='ocrx_word' id='word_1_14' title='bbox 1833 565 1870 617; x_wconf 72' lang='grc' dir='ltr'>Α</span> <span class='ocrx_word' id='word_1_15' title='bbox 1903 559 1992 611; x_wconf 86' lang='lat' dir='ltr'><strong>illa</strong></span> <span class='ocrx_word' id='word_1_16' title='bbox 2035 557 2330 612; x_wconf 81' lang='lat' dir='ltr'><strong>Catherina</strong></span> <span class='ocrx_word' id='word_1_17' title='bbox 2383 557 2577 612; x_wconf 88' lang='lat' dir='ltr'><strong>deinde</strong></span> <span class='ocrx_word' id='word_1_18' title='bbox 2612 556 2793 625; x_wconf 97' lang='lat' dir='ltr'><strong>nupsit</strong></span> <span class='ocrx_word' id='word_1_19' title='bbox 2831 555 3027 610; x_wconf 81' lang='lat' dir='ltr'><strong>Carolo</strong></span> <span class='ocrx_word' id='word_1_20' title='bbox 3060 551 3291 622; x_wconf 80' lang='lat' dir='ltr'><strong>Philippi</strong></span> <span class='ocrx_word' id='word_1_21' title='bbox 3341 559 3488 623; x_wconf 77' lang='lat' dir='ltr'><strong>rog‘s</strong></span> 
     </span>
    </p>
   </div>
   <div class='ocr_carea' id='block_1_5' title="bbox 227 649 1802 720">
    <p class='ocr_par' dir='ltr' id='par_1_5' title="bbox 227 649 1802 720">
     <span class='ocr_line' id='line_1_5' title="bbox 227 649 1802 720; baseline 0.001 -17"><span class='ocrx_word' id='word_1_22' title='bbox 227 650 486 704; x_wconf 78' lang='lat' dir='ltr'><strong>militibus</strong></span> <span class='ocrx_word' id='word_1_23' title='bbox 542 651 753 715; x_wconf 85' lang='lat' dir='ltr'><strong>ciebat,</strong></span> <span class='ocrx_word' id='word_1_24' title='bbox 790 650 934 705; x_wconf 90' lang='lat' dir='ltr'><strong>unde</strong></span> <span class='ocrx_word' id='word_1_25' title='bbox 974 651 1048 704; x_wconf 91' lang='lat' dir='ltr'><strong>illi</strong></span> <span class='ocrx_word' id='word_1_26' title='bbox 1098 652 1149 704; x_wconf 90' lang='lat' dir='ltr'><strong>in</strong></span> <span class='ocrx_word' id='word_1_27' title='bbox 1193 649 1518 720; x_wconf 82' lang='lat' dir='ltr'><strong>improvisos</strong></span> <span class='ocrx_word' id='word_1_28' title='bbox 1553 658 1604 702; x_wconf 86' lang='lat' dir='ltr'><strong>et</strong></span> <span class='ocrx_word' id='word_1_29' title='bbox 1643 649 1802 704; x_wconf 84' lang='lat' dir='ltr'><strong>vehe-</strong></span> 
     </span>
    </p>
   </div>
   <div class='ocr_carea' id='block_1_6' title="bbox 227 743 1801 812">
    <p class='ocr_par' dir='ltr' id='par_1_6' title="bbox 227 743 1801 812">
     <span class='ocr_line' id='line_1_6' title="bbox 227 743 1801 812; baseline -0.002 -14"><span class='ocrx_word' id='word_1_30' title='bbox 227 743 600 799; x_wconf 83' lang='lat' dir='ltr'><strong>mrntissimos</strong></span> <span class='ocrx_word' id='word_1_31' title='bbox 635 745 868 799; x_wconf 88' lang='lat' dir='ltr'><strong>insultus</strong></span> <span class='ocrx_word' id='word_1_32' title='bbox 895 744 1271 812; x_wconf 93' lang='lat' dir='ltr'><strong>erumpebant,</strong></span> <span class='ocrx_word' id='word_1_33' title='bbox 1296 751 1496 798; x_wconf 85' lang='lat' dir='ltr'><strong>motum</strong></span> <span class='ocrx_word' id='word_1_34' title='bbox 1532 743 1801 808; x_wconf 88' lang='lat' dir='ltr'><strong>trepidum</strong></span> 
     </span>
    </p>
   </div>
   <div class='ocr_carea' id='block_1_7' title="bbox 226 829 1804 906">
    <p class='ocr_par' dir='ltr' id='par_1_7' title="bbox 226 829 1804 906">
     <span class='ocr_line' id='line_1_7' title="bbox 226 829 1804 906; baseline 0.001 -19"><span class='ocrx_word' id='word_1_35' title='bbox 226 837 277 888; x_wconf 88' lang='lat' dir='ltr'><strong>iu</strong></span> <span class='ocrx_word' id='word_1_36' title='bbox 317 835 383 890; x_wconf 89' lang='lat' dir='ltr'><strong>iis</strong></span> <span class='ocrx_word' id='word_1_37' title='bbox 407 850 547 902; x_wconf 89' lang='lat' dir='ltr'><strong>quos</strong></span> <span class='ocrx_word' id='word_1_38' title='bbox 581 829 835 906; x_wconf 81' lang='lat' dir='ltr'><strong>peterent</strong></span> <span class='ocrx_word' id='word_1_39' title='bbox 879 838 1156 891; x_wconf 77' lang='lat' dir='ltr'><strong>creabant.</strong></span> <span class='ocrx_word' id='word_1_40' title='bbox 1195 834 1308 890; x_wconf 83' lang='lat' dir='ltr'><strong>Nisi</strong></span> <span class='ocrx_word' id='word_1_41' title='bbox 1361 835 1508 890; x_wconf 84' lang='lat' dir='ltr'><strong>forte</strong></span> <span class='ocrx_word' id='word_1_42' title='bbox 1548 834 1610 888; x_wconf 83' lang='grc' dir='ltr'><strong>τὸ</strong></span> <span class='ocrx_word' id='word_1_43' title='bbox 1646 852 1804 889; x_wconf 82' lang='grc' dir='ltr'>πανι-</span> 
     </span>
    </p>
   </div>
   <div class='ocr_carea' id='block_1_8' title="bbox 227 927 1803 996">
    <p class='ocr_par' dir='ltr' id='par_1_8' title="bbox 227 927 1803 996">
     <span class='ocr_line' id='line_1_8' title="bbox 227 927 1803 996; baseline -0.001 -14"><span class='ocrx_word' id='word_1_44' title='bbox 227 927 318 982; x_wconf 76' lang='grc' dir='ltr'><strong>κὸν</strong></span> <span class='ocrx_word' id='word_1_45' title='bbox 344 930 660 996; x_wconf 72' lang='lat' dir='ltr'><strong>generatim</strong></span> <span class='ocrx_word' id='word_1_46' title='bbox 699 945 916 982; x_wconf 83' lang='lat' dir='ltr'><strong>causam</strong></span> <span class='ocrx_word' id='word_1_47' title='bbox 947 928 1282 996; x_wconf 82' lang='lat' dir='ltr'><strong>superiorem</strong></span> <span class='ocrx_word' id='word_1_48' title='bbox 1318 927 1678 982; x_wconf 87' lang='lat' dir='ltr'><strong>humanarum</strong></span> <span class='ocrx_word' id='word_1_49' title='bbox 1708 941 1803 980; x_wconf 62' lang='lat' dir='ltr'><strong>cu.</strong></span> 
     </span>
    </p>
   </div>
   <div class='ocr_carea' id='block_1_9' title="bbox 221 1018 1803 1089">
    <p class='ocr_par' dir='ltr' id='par_1_9' title="bbox 221 1018 1803 1089">
     <span class='ocr_line' id='line_1_9' title="bbox 221 1018 1803 1089; baseline 0 -17"><span class='ocrx_word' id='word_1_50' title='bbox 221 1021 527 1087; x_wconf 78' lang='lat' dir='ltr'><strong>juscunque</strong></span> <span class='ocrx_word' id='word_1_51' title='bbox 550 1020 773 1087; x_wconf 82' lang='lat' dir='ltr'><strong>generis</strong></span> <span class='ocrx_word' id='word_1_52' title='bbox 803 1018 1270 1089; x_wconf 57' lang='lat' dir='ltr'><strong>prrturbationum</strong></span> <span class='ocrx_word' id='word_1_53' title='bbox 1296 1018 1520 1074; x_wconf 88' lang='lat' dir='ltr'><strong>indicat.</strong></span> <span class='ocrx_word' id='word_1_54' title='bbox 1559 1025 1615 1072; x_wconf 87' lang='lat' dir='ltr'><strong>ut</strong></span> <span class='ocrx_word' id='word_1_55' title='bbox 1650 1032 1803 1087; x_wconf 71' lang='lat' dir='ltr'><strong>reque</strong></span> 
     </span>
    </p>
   </div>
   <div class='ocr_carea' id='block_1_10' title="bbox 227 1107 1804 1180">
    <p class='ocr_par' dir='ltr' id='par_1_10' title="bbox 227 1107 1804 1180">
     <span class='ocr_line' id='line_1_10' title="bbox 227 1107 1804 1180; baseline -0.004 -14"><span class='ocrx_word' id='word_1_56' title='bbox 227 1113 384 1166; x_wconf 84' lang='lat' dir='ltr'><strong>timor</strong></span> <span class='ocrx_word' id='word_1_57' title='bbox 404 1113 728 1175; x_wconf 75' lang='lat' dir='ltr'><strong>elattdacia,</strong></span> <span class='ocrx_word' id='word_1_58' title='bbox 749 1113 791 1165; x_wconf 83' lang='lat' dir='ltr'><strong>si</strong></span> <span class='ocrx_word' id='word_1_59' title='bbox 819 1127 922 1166; x_wconf 88' lang='lat' dir='ltr'><strong>non</strong></span> <span class='ocrx_word' id='word_1_60' title='bbox 947 1121 1268 1180; x_wconf 87' lang='lat' dir='ltr'><strong>spontanea,</strong></span> <span class='ocrx_word' id='word_1_61' title='bbox 1292 1110 1384 1167; x_wconf 85' lang='lat' dir='ltr'><strong>sed</strong></span> <span class='ocrx_word' id='word_1_62' title='bbox 1416 1108 1468 1166; x_wconf 89' lang='lat' dir='ltr'><strong>vi</strong></span> <span class='ocrx_word' id='word_1_63' title='bbox 1493 1108 1673 1162; x_wconf 81' lang='lat' dir='ltr'><strong>divina</strong></span> <span class='ocrx_word' id='word_1_64' title='bbox 1705 1107 1804 1165; x_wconf 68' lang='lat' dir='ltr'><strong>isn-</strong></span> 
     </span>
    </p>
   </div>
   <div class='ocr_carea' id='block_1_11' title="bbox 223 1202 1219 1274">
    <p class='ocr_par' dir='ltr' id='par_1_11' title="bbox 223 1202 1219 1274">
     <span class='ocr_line' id='line_1_11' title="bbox 223 1202 1219 1274; baseline 0.001 -17"><span class='ocrx_word' id='word_1_65' title='bbox 223 1219 402 1274; x_wconf 79' lang='lat' dir='ltr'><strong>prcssa</strong></span> <span class='ocrx_word' id='word_1_66' title='bbox 437 1202 676 1267; x_wconf 85' lang='lat' dir='ltr'><strong>fuerint.</strong></span> <span class='ocrx_word' id='word_1_67' title='bbox 703 1203 913 1259; x_wconf 79' lang='grc' dir='ltr'>πανικά</span> <span class='ocrx_word' id='word_1_68' title='bbox 947 1203 1219 1260; x_wconf 80' lang='lat' dir='ltr'><strong>dicantur.</strong></span> 
     </span>
    </p>
   </div>
   <div class='ocr_carea' id='block_1_12' title="bbox 289 1294 1803 1368">
    <p class='ocr_par' dir='ltr' id='par_1_12' title="bbox 289 1294 1803 1368">
     <span class='ocr_line' id='line_1_12' title="bbox 289 1294 1803 1368; baseline -0.001 -20"><span class='ocrx_word' id='word_1_69' title='bbox 289 1295 350 1350; x_wconf 86' lang='lat' dir='ltr'><strong>P.</strong></span> <span class='ocrx_word' id='word_1_70' title='bbox 378 1296 509 1350; x_wconf 78' lang='lat'><strong>395.</strong></span> <span class='ocrx_word' id='word_1_71' title='bbox 547 1296 652 1352; x_wconf 83' lang='lat' dir='ltr'><strong>llic</strong></span> <span class='ocrx_word' id='word_1_72' title='bbox 677 1312 838 1366; x_wconf 80' lang='lat' dir='ltr'><strong>quem</strong></span> <span class='ocrx_word' id='word_1_73' title='bbox 866 1297 1223 1368; x_wconf 80' lang='lat' dir='ltr'><strong>Pacltymeres</strong></span> <span class='ocrx_word' id='word_1_74' title='bbox 1250 1294 1603 1356; x_wconf 70' lang='lat' dir='ltr'><strong>Rontzerium</strong></span> <span class='ocrx_word' id='word_1_75' title='bbox 1631 1295 1803 1350; x_wconf 82' lang='lat' dir='ltr'><strong>nomi-</strong></span> 
     </span>
    </p>
   </div>
   <div class='ocr_carea' id='block_1_13' title="bbox 224 1385 1796 1458">
    <p class='ocr_par' dir='ltr' id='par_1_13' title="bbox 224 1385 1796 1458">
     <span class='ocr_line' id='line_1_13' title="bbox 224 1385 1796 1458; baseline 0 -16"><span class='ocrx_word' id='word_1_76' title='bbox 224 1399 329 1454; x_wconf 90' lang='lat' dir='ltr'><strong>nat,</strong></span> <span class='ocrx_word' id='word_1_77' title='bbox 365 1405 480 1444; x_wconf 90' lang='lat' dir='ltr'><strong>non</strong></span> <span class='ocrx_word' id='word_1_78' title='bbox 512 1391 739 1445; x_wconf 86' lang='lat' dir='ltr'><strong>videtur</strong></span> <span class='ocrx_word' id='word_1_79' title='bbox 760 1405 881 1444; x_wconf 89' lang='lat' dir='ltr'><strong>esse</strong></span> <span class='ocrx_word' id='word_1_80' title='bbox 907 1406 1064 1458; x_wconf 82' lang='lat' dir='ltr'><strong>posse</strong></span> <span class='ocrx_word' id='word_1_81' title='bbox 1088 1388 1226 1443; x_wconf 89' lang='lat' dir='ltr'><strong>alius</strong></span> <span class='ocrx_word' id='word_1_82' title='bbox 1254 1403 1282 1442; x_wconf 91' lang='lat' dir='ltr'><strong>a</strong></span> <span class='ocrx_word' id='word_1_83' title='bbox 1313 1389 1547 1457; x_wconf 79' lang='lat' dir='ltr'><strong>Rogerio</strong></span> <span class='ocrx_word' id='word_1_84' title='bbox 1576 1385 1796 1451; x_wconf 81' lang='lat' dir='ltr'><strong>Lauria,</strong></span> 
     </span>
    </p>
   </div>
   <div class='ocr_carea' id='block_1_14' title="bbox 221 1476 1799 1549">
    <p class='ocr_par' dir='ltr' id='par_1_14' title="bbox 221 1476 1799 1549">
     <span class='ocr_line' id='line_1_14' title="bbox 221 1476 1799 1549; baseline 0.001 -18"><span class='ocrx_word' id='word_1_85' title='bbox 221 1481 281 1531; x_wconf 75' lang='lat' dir='ltr'><strong>tir.</strong></span> <span class='ocrx_word' id='word_1_86' title='bbox 307 1494 414 1548; x_wconf 88' lang='lat' dir='ltr'><strong>quo</strong></span> <span class='ocrx_word' id='word_1_87' title='bbox 465 1482 644 1534; x_wconf 87' lang='lat' dir='ltr'><strong>multa</strong></span> <span class='ocrx_word' id='word_1_88' title='bbox 677 1480 811 1536; x_wconf 84' lang='lat' dir='ltr'><strong>satis</strong></span> <span class='ocrx_word' id='word_1_89' title='bbox 841 1479 1118 1549; x_wconf 85' lang='lat' dir='ltr'><strong>splendida</strong></span> <span class='ocrx_word' id='word_1_90' title='bbox 1175 1491 1362 1534; x_wconf 86' lang='lat' dir='ltr'><strong>narrat</strong></span> <span class='ocrx_word' id='word_1_91' title='bbox 1415 1479 1655 1534; x_wconf 81' lang='lat' dir='ltr'><strong>Thomas</strong></span> <span class='ocrx_word' id='word_1_92' title='bbox 1694 1476 1799 1532; x_wconf 83' lang='lat' dir='ltr'><strong>Fa-</strong></span> 
     </span>
    </p>
   </div>
   <div class='ocr_carea' id='block_1_15' title="bbox 221 1569 1800 1643">
    <p class='ocr_par' dir='ltr' id='par_1_15' title="bbox 221 1569 1800 1643">
     <span class='ocr_line' id='line_1_15' title="bbox 221 1569 1800 1643; baseline 0.004 -21"><span class='ocrx_word' id='word_1_93' title='bbox 221 1569 380 1624; x_wconf 78' lang='lat' dir='ltr'><strong>zcllus</strong></span> <span class='ocrx_word' id='word_1_94' title='bbox 433 1570 490 1625; x_wconf 90' lang='lat' dir='ltr'><strong>in</strong></span> <span class='ocrx_word' id='word_1_95' title='bbox 539 1587 710 1643; x_wconf 87' lang='lat' dir='ltr'><strong>opere</strong></span> <span class='ocrx_word' id='word_1_96' title='bbox 752 1576 816 1627; x_wconf 73' lang='lat' dir='ltr'><strong>de</strong></span> <span class='ocrx_word' id='word_1_97' title='bbox 858 1573 1011 1627; x_wconf 81' lang='lat' dir='ltr'><strong>rebus</strong></span> <span class='ocrx_word' id='word_1_98' title='bbox 1043 1570 1262 1639; x_wconf 75' lang='lat' dir='ltr'><strong>Siculis,</strong></span> <span class='ocrx_word' id='word_1_99' title='bbox 1292 1572 1328 1628; x_wconf 93' lang='lat' dir='ltr'><strong>l.</strong></span> <span class='ocrx_word' id='word_1_100' title='bbox 1357 1588 1434 1637; x_wconf 82' lang='lat' dir='ltr'><strong>tx,</strong></span> <span class='ocrx_word' id='word_1_101' title='bbox 1480 1571 1800 1642; x_wconf 75' lang='lat' dir='ltr'><strong>posterioris</strong></span> 
     </span>
    </p>
   </div>
   <div class='ocr_carea' id='block_1_16' title="bbox 220 1664 455 1720">
    <p class='ocr_par' dir='ltr' id='par_1_16' title="bbox 220 1664 455 1720">
     <span class='ocr_line' id='line_1_16' title="bbox 220 1664 455 1720; baseline 0.034 -8"><span class='ocrx_word' id='word_1_102' title='bbox 220 1664 455 1720; x_wconf 79' lang='lat' dir='ltr'><strong>decadis.</strong></span> 
     </span>
    </p>
   </div>
   <div class='ocr_carea' id='block_1_17' title="bbox 285 1754 1801 1828">
    <p class='ocr_par' dir='ltr' id='par_1_17' title="bbox 285 1754 1801 1828">
     <span class='ocr_line' id='line_1_17' title="bbox 285 1754 1801 1828; baseline 0.003 -19"><span class='ocrx_word' id='word_1_103' title='bbox 285 1756 415 1810; x_wconf 92' lang='lat' dir='ltr'><strong>Ibid.</strong></span> <span class='ocrx_word' id='word_1_104' title='bbox 455 1756 664 1812; x_wconf 74' lang='lat' dir='ltr'><strong>Merito</strong></span> <span class='ocrx_word' id='word_1_105' title='bbox 695 1772 814 1826; x_wconf 68' lang='lat' dir='ltr'><strong>quae</strong></span> <span class='ocrx_word' id='word_1_106' title='bbox 838 1756 1096 1825; x_wconf 79' lang='lat' dir='ltr'><strong>deinceps</strong></span> <span class='ocrx_word' id='word_1_107' title='bbox 1124 1757 1294 1811; x_wconf 80' lang='lat' dir='ltr'><strong>refert</strong></span> <span class='ocrx_word' id='word_1_108' title='bbox 1341 1757 1407 1812; x_wconf 88' lang='lat' dir='ltr'><strong>de</strong></span> <span class='ocrx_word' id='word_1_109' title='bbox 1439 1754 1674 1828; x_wconf 83' lang='lat' dir='ltr'><strong>Rogerio</strong></span> <span class='ocrx_word' id='word_1_110' title='bbox 1703 1758 1801 1814; x_wconf 82' lang='lat' dir='ltr'><strong>Pa-</strong></span> 
     </span>
    </p>
   </div>
   <div class='ocr_carea' id='block_1_18' title="bbox 215 1850 1794 1920">
    <p class='ocr_par' dir='ltr' id='par_1_18' title="bbox 215 1850 1794 1920">
     <span class='ocr_line' id='line_1_18' title="bbox 215 1850 1794 1920; baseline 0.002 -19"><span class='ocrx_word' id='word_1_111' title='bbox 215 1851 501 1919; x_wconf 79' lang='lat' dir='ltr'><strong>chymeres</strong></span> <span class='ocrx_word' id='word_1_112' title='bbox 552 1851 747 1905; x_wconf 88' lang='lat' dir='ltr'><strong>habuit</strong></span> <span class='ocrx_word' id='word_1_113' title='bbox 792 1851 906 1915; x_wconf 89' lang='lat' dir='ltr'><strong>ipse</strong></span> <span class='ocrx_word' id='word_1_114' title='bbox 936 1860 1206 1919; x_wconf 87' lang='lat' dir='ltr'><strong>suspecta,</strong></span> <span class='ocrx_word' id='word_1_115' title='bbox 1232 1857 1600 1920; x_wconf 69' lang='lat' dir='ltr'><strong>praestareque</strong></span> <span class='ocrx_word' id='word_1_116' title='bbox 1637 1850 1794 1905; x_wconf 82' lang='lat' dir='ltr'><strong>fidem</strong></span> 
     </span>
    </p>
   </div>
   <div class='ocr_carea' id='block_1_19' title="bbox 217 1942 1795 2011">
    <p class='ocr_par' dir='ltr' id='par_1_19' title="bbox 217 1942 1795 2011">
     <span class='ocr_line' id='line_1_19' title="bbox 217 1942 1795 2011; baseline 0.003 -18"><span class='ocrx_word' id='word_1_117' title='bbox 217 1943 424 1996; x_wconf 89' lang='lat' dir='ltr'><strong>illorum</strong></span> <span class='ocrx_word' id='word_1_118' title='bbox 457 1943 666 1999; x_wconf 89' lang='lat' dir='ltr'><strong>noluit.</strong></span> <span class='ocrx_word' id='word_1_119' title='bbox 693 1942 934 1998; x_wconf 85' lang='lat' dir='ltr'><strong>Fuerunt</strong></span> <span class='ocrx_word' id='word_1_120' title='bbox 976 1943 1143 2006; x_wconf 86' lang='lat' dir='ltr'><strong>enim,</strong></span> <span class='ocrx_word' id='word_1_121' title='bbox 1189 1951 1456 2011; x_wconf 87' lang='lat' dir='ltr'><strong>quantum</strong></span> <span class='ocrx_word' id='word_1_122' title='bbox 1511 1957 1542 1995; x_wconf 93' lang='lat' dir='ltr'><strong>e</strong></span> <span class='ocrx_word' id='word_1_123' title='bbox 1587 1942 1795 1998; x_wconf 80' lang='lat' dir='ltr'><strong>Latinis</strong></span> 
     </span>
    </p>
   </div>
   <div class='ocr_carea' id='block_1_20' title="bbox 217 2035 1794 2105">
    <p class='ocr_par' dir='ltr' id='par_1_20' title="bbox 217 2035 1794 2105">
     <span class='ocr_line' id='line_1_20' title="bbox 217 2035 1794 2105; baseline 0.003 -19"><span class='ocrx_word' id='word_1_124' title='bbox 217 2037 592 2090; x_wconf 84' lang='lat' dir='ltr'><strong>monumentis</strong></span> <span class='ocrx_word' id='word_1_125' title='bbox 620 2035 832 2089; x_wconf 88' lang='lat' dir='ltr'><strong>illorum</strong></span> <span class='ocrx_word' id='word_1_126' title='bbox 851 2041 1155 2104; x_wconf 78' lang='lat' dir='ltr'><strong>temporum</strong></span> <span class='ocrx_word' id='word_1_127' title='bbox 1183 2043 1363 2105; x_wconf 86' lang='lat' dir='ltr'><strong>potest</strong></span> <span class='ocrx_word' id='word_1_128' title='bbox 1387 2035 1634 2104; x_wconf 81' lang='lat' dir='ltr'><strong>intelligi,</strong></span> <span class='ocrx_word' id='word_1_129' title='bbox 1660 2036 1794 2092; x_wconf 84' lang='lat' dir='ltr'><strong>falsa</strong></span> 
     </span>
    </p>
   </div>
   <div class='ocr_carea' id='block_1_21' title="bbox 214 2126 1796 2198">
    <p class='ocr_par' dir='ltr' id='par_1_21' title="bbox 214 2126 1796 2198">
     <span class='ocr_line' id='line_1_21' title="bbox 214 2126 1796 2198; baseline 0.004 -20"><span class='ocrx_word' id='word_1_130' title='bbox 214 2128 495 2196; x_wconf 77' lang='lat' dir='ltr'><strong>pleraque,</strong></span> <span class='ocrx_word' id='word_1_131' title='bbox 527 2144 570 2181; x_wconf 68' lang='lat' dir='ltr'><strong>&#39;a</strong></span> <span class='ocrx_word' id='word_1_132' title='bbox 607 2126 810 2183; x_wconf 74' lang='lat' dir='ltr'><strong>Grmcis</strong></span> <span class='ocrx_word' id='word_1_133' title='bbox 842 2128 1088 2181; x_wconf 77' lang='lat' dir='ltr'><strong>videlicet</strong></span> <span class='ocrx_word' id='word_1_134' title='bbox 1131 2128 1256 2181; x_wconf 88' lang='lat' dir='ltr'><strong>odio</strong></span> <span class='ocrx_word' id='word_1_135' title='bbox 1288 2127 1340 2182; x_wconf 90' lang='lat' dir='ltr'><strong>in</strong></span> <span class='ocrx_word' id='word_1_136' title='bbox 1374 2127 1664 2198; x_wconf 80' lang='lat' dir='ltr'><strong>Rogerium</strong></span> <span class='ocrx_word' id='word_1_137' title='bbox 1697 2144 1796 2185; x_wconf 88' lang='lat' dir='ltr'><strong>suo</strong></span> 
     </span>
    </p>
   </div>
   <div class='ocr_carea' id='block_1_22' title="bbox 215 2220 1795 2288">
    <p class='ocr_par' dir='ltr' id='par_1_22' title="bbox 215 2220 1795 2288">
     <span class='ocr_line' id='line_1_22' title="bbox 215 2220 1795 2288; baseline 0.004 -17"><span class='ocrx_word' id='word_1_138' title='bbox 215 2220 632 2288; x_wconf 75' lang='lat' dir='ltr'><strong>indulgentibus</strong></span> <span class='ocrx_word' id='word_1_139' title='bbox 667 2221 922 2281; x_wconf 79' lang='lat' dir='ltr'><strong>conficta,</strong></span> <span class='ocrx_word' id='word_1_140' title='bbox 957 2230 1105 2287; x_wconf 87' lang='lat' dir='ltr'><strong>puta,</strong></span> <span class='ocrx_word' id='word_1_141' title='bbox 1140 2221 1287 2274; x_wconf 92' lang='lat' dir='ltr'><strong>illum</strong></span> <span class='ocrx_word' id='word_1_142' title='bbox 1314 2221 1480 2277; x_wconf 78' lang='lat' dir='ltr'><strong>fuisse</strong></span> <span class='ocrx_word' id='word_1_143' title='bbox 1511 2221 1735 2280; x_wconf 88' lang='lat' dir='ltr'><strong>militem</strong></span> <span class='ocrx_word' id='word_1_144' title='bbox 1761 2239 1795 2278; x_wconf 86' lang='lat' dir='ltr'><strong>e</strong></span> 
     </span>
    </p>
   </div>
   <div class='ocr_carea' id='block_1_23' title="bbox 217 2311 1796 2383">
    <p class='ocr_par' dir='ltr' id='par_1_23' title="bbox 217 2311 1796 2383">
     <span class='ocr_line' id='line_1_23' title="bbox 217 2311 1796 2383; baseline 0.006 -22"><span class='ocrx_word' id='word_1_145' title='bbox 217 2311 465 2380; x_wconf 66' lang='lat' dir='ltr'><strong>religio~0</strong></span> <span class='ocrx_word' id='word_1_146' title='bbox 497 2313 759 2367; x_wconf 81' lang='lat' dir='ltr'><strong>sodalitio</strong></span> <span class='ocrx_word' id='word_1_147' title='bbox 783 2313 1237 2383; x_wconf 84' lang='lat' dir='ltr'><strong>Templariorum.</strong></span> <span class='ocrx_word' id='word_1_148' title='bbox 1270 2313 1472 2369; x_wconf 81' lang='lat' dir='ltr'><strong>Deinde</strong></span> <span class='ocrx_word' id='word_1_149' title='bbox 1501 2315 1644 2372; x_wconf 86' lang='lat' dir='ltr'><strong>illius</strong></span> <span class='ocrx_word' id='word_1_150' title='bbox 1674 2315 1796 2372; x_wconf 87' lang='lat' dir='ltr'><strong>reli-</strong></span> 
     </span>
    </p>
   </div>
   <div class='ocr_carea' id='block_1_24' title="bbox 214 2403 1792 2474">
    <p class='ocr_par' dir='ltr' id='par_1_24' title="bbox 214 2403 1792 2474">
     <span class='ocr_line' id='line_1_24' title="bbox 214 2403 1792 2474; baseline 0.006 -23"><span class='ocrx_word' id='word_1_151' title='bbox 214 2403 382 2473; x_wconf 73' lang='lat' dir='ltr'><strong>g&#39;ouis</strong></span> <span class='ocrx_word' id='word_1_152' title='bbox 415 2403 611 2458; x_wconf 78' lang='lat' dir='ltr'><strong>habitu</strong></span> <span class='ocrx_word' id='word_1_153' title='bbox 644 2404 847 2473; x_wconf 89' lang='lat' dir='ltr'><strong>rejecto</strong></span> <span class='ocrx_word' id='word_1_154' title='bbox 899 2419 960 2458; x_wconf 91' lang='lat' dir='ltr'><strong>ac</strong></span> <span class='ocrx_word' id='word_1_155' title='bbox 1006 2404 1347 2474; x_wconf 85' lang='lat' dir='ltr'><strong>professione</strong></span> <span class='ocrx_word' id='word_1_156' title='bbox 1401 2406 1565 2474; x_wconf 84' lang='lat' dir='ltr'><strong>impie</strong></span> <span class='ocrx_word' id='word_1_157' title='bbox 1611 2417 1792 2474; x_wconf 90' lang='lat' dir='ltr'><strong>spreta</strong></span> 
     </span>
    </p>
   </div>
   <div class='ocr_carea' id='block_1_25' title="bbox 215 2493 1794 2566">
    <p class='ocr_par' dir='ltr' id='par_1_25' title="bbox 215 2493 1794 2566">
     <span class='ocr_line' id='line_1_25' title="bbox 215 2493 1794 2566; baseline 0.008 -25"><span class='ocrx_word' id='word_1_158' title='bbox 215 2494 494 2556; x_wconf 80' lang='lat' dir='ltr'><strong>piraticam</strong></span> <span class='ocrx_word' id='word_1_159' title='bbox 527 2495 751 2561; x_wconf 78' lang='lat' dir='ltr'><strong>fecisse,</strong></span> <span class='ocrx_word' id='word_1_160' title='bbox 779 2496 905 2549; x_wconf 90' lang='lat' dir='ltr'><strong>inde</strong></span> <span class='ocrx_word' id='word_1_161' title='bbox 933 2510 1157 2550; x_wconf 81' lang='lat' dir='ltr'><strong>exosum</strong></span> <span class='ocrx_word' id='word_1_162' title='bbox 1194 2493 1438 2550; x_wconf 83' lang='lat' dir='ltr'><strong>Romano</strong></span> <span class='ocrx_word' id='word_1_163' title='bbox 1467 2497 1709 2566; x_wconf 83' lang='lat' dir='ltr'><strong>pontiﬁci</strong></span> <span class='ocrx_word' id='word_1_164' title='bbox 1740 2506 1794 2554; x_wconf 91' lang='lat' dir='ltr'><strong>et</strong></span> 
     </span>
    </p>
   </div>
   <div class='ocr_carea' id='block_1_26' title="bbox 215 2586 1794 2659">
    <p class='ocr_par' dir='ltr' id='par_1_26' title="bbox 215 2586 1794 2659">
     <span class='ocr_line' id='line_1_26' title="bbox 215 2586 1794 2659; baseline 0.004 -21"><span class='ocrx_word' id='word_1_165' title='bbox 215 2586 278 2638; x_wconf 83' lang='lat' dir='ltr'><strong>ab</strong></span> <span class='ocrx_word' id='word_1_166' title='bbox 301 2600 369 2640; x_wconf 91' lang='lat' dir='ltr'><strong>eo</strong></span> <span class='ocrx_word' id='word_1_167' title='bbox 417 2588 486 2641; x_wconf 90' lang='lat' dir='ltr'><strong>ad</strong></span> <span class='ocrx_word' id='word_1_168' title='bbox 520 2603 717 2657; x_wconf 74' lang='lat' dir='ltr'><strong>pmnas</strong></span> <span class='ocrx_word' id='word_1_169' title='bbox 767 2589 1008 2657; x_wconf 85' lang='lat' dir='ltr'><strong>petitum,</strong></span> <span class='ocrx_word' id='word_1_170' title='bbox 1044 2597 1100 2642; x_wconf 93' lang='lat' dir='ltr'><strong>et</strong></span> <span class='ocrx_word' id='word_1_171' title='bbox 1150 2588 1388 2654; x_wconf 77' lang='lat' dir='ltr'><strong>similia;</strong></span> <span class='ocrx_word' id='word_1_172' title='bbox 1432 2604 1658 2659; x_wconf 88' lang='lat' dir='ltr'><strong>quorum</strong></span> <span class='ocrx_word' id='word_1_173' title='bbox 1696 2607 1794 2646; x_wconf 84' lang='lat' dir='ltr'><strong>nec</strong></span> 
     </span>
    </p>
   </div>
   <div class='ocr_carea' id='block_1_27' title="bbox 215 2680 1792 2752">
    <p class='ocr_par' dir='ltr' id='par_1_27' title="bbox 215 2680 1792 2752">
     <span class='ocr_line' id='line_1_27' title="bbox 215 2680 1792 2752; baseline 0.008 -24"><span class='ocrx_word' id='word_1_174' title='bbox 215 2682 324 2732; x_wconf 80' lang='lat' dir='ltr'><strong>vola</strong></span> <span class='ocrx_word' id='word_1_175' title='bbox 362 2695 466 2735; x_wconf 89' lang='lat' dir='ltr'><strong>nec</strong></span> <span class='ocrx_word' id='word_1_176' title='bbox 497 2682 785 2749; x_wconf 74' lang='lat' dir='ltr'><strong>vestigium</strong></span> <span class='ocrx_word' id='word_1_177' title='bbox 826 2684 876 2736; x_wconf 92' lang='lat' dir='ltr'><strong>in</strong></span> <span class='ocrx_word' id='word_1_178' title='bbox 910 2680 1028 2749; x_wconf 85' lang='lat' dir='ltr'><strong>ejus</strong></span> <span class='ocrx_word' id='word_1_179' title='bbox 1059 2681 1217 2735; x_wconf 80' lang='lat' dir='ltr'><strong>rebus</strong></span> <span class='ocrx_word' id='word_1_180' title='bbox 1240 2681 1456 2750; x_wconf 76' lang='lat' dir='ltr'><strong>prolixe</strong></span> <span class='ocrx_word' id='word_1_181' title='bbox 1491 2698 1518 2734; x_wconf 92' lang='lat' dir='ltr'><strong>a</strong></span> <span class='ocrx_word' id='word_1_182' title='bbox 1551 2682 1792 2752; x_wconf 87' lang='lat' dir='ltr'><strong>pluribus</strong></span> 
     </span>
    </p>
   </div>
   <div class='ocr_carea' id='block_1_28' title="bbox 220 2773 1789 2844">
    <p class='ocr_par' dir='ltr' id='par_1_28' title="bbox 220 2773 1789 2844">
     <span class='ocr_line' id='line_1_28' title="bbox 220 2773 1789 2844; baseline 0.009 -26"><span class='ocrx_word' id='word_1_183' title='bbox 220 2774 460 2826; x_wconf 80' lang='lat' dir='ltr'><strong>tractatis</strong></span> <span class='ocrx_word' id='word_1_184' title='bbox 512 2785 762 2844; x_wconf 87' lang='lat' dir='ltr'><strong>apparet.</strong></span> <span class='ocrx_word' id='word_1_185' title='bbox 813 2773 926 2828; x_wconf 85' lang='lat' dir='ltr'><strong>huo</strong></span> <span class='ocrx_word' id='word_1_186' title='bbox 976 2774 1281 2828; x_wconf 88' lang='lat' dir='ltr'><strong>invenimus</strong></span> <span class='ocrx_word' id='word_1_187' title='bbox 1324 2773 1538 2831; x_wconf 90' lang='lat' dir='ltr'><strong>litteras</strong></span> <span class='ocrx_word' id='word_1_188' title='bbox 1583 2775 1710 2831; x_wconf 86' lang='lat' dir='ltr'><strong>huic</strong></span> <span class='ocrx_word' id='word_1_189' title='bbox 1759 2793 1789 2832; x_wconf 87' lang='lat' dir='ltr'><strong>a</strong></span> 
     </span>
    </p>
   </div>
   <div class='ocr_carea' id='block_1_29' title="bbox 216 2859 1792 2933">
    <p class='ocr_par' dir='ltr' id='par_1_29' title="bbox 216 2859 1792 2933">
     <span class='ocr_line' id='line_1_29' title="bbox 216 2859 1792 2933; baseline 0.01 -23"><span class='ocrx_word' id='word_1_190' title='bbox 216 2859 456 2917; x_wconf 71' lang='lat' dir='ltr'><strong>[ternario</strong></span> <span class='ocrx_word' id='word_1_191' title='bbox 507 2862 768 2931; x_wconf 88' lang='lat' dir='ltr'><strong>pontifice</strong></span> <span class='ocrx_word' id='word_1_192' title='bbox 814 2861 1240 2929; x_wconf 81' lang='lat' dir='ltr'><strong>perhonoriﬁcas</strong></span> <span class='ocrx_word' id='word_1_193' title='bbox 1284 2865 1538 2933; x_wconf 87' lang='lat' dir='ltr'><strong>scriptas.</strong></span> <span class='ocrx_word' id='word_1_194' title='bbox 1592 2865 1792 2925; x_wconf 76' lang='lat' dir='ltr'><strong>Petrus</strong></span> 
     </span>
    </p>
   </div>
   <div class='ocr_carea' id='block_1_30' title="bbox 215 2953 1788 3025">
    <p class='ocr_par' dir='ltr' id='par_1_30' title="bbox 215 2953 1788 3025">
     <span class='ocr_line' id='line_1_30' title="bbox 215 2953 1788 3025; baseline 0.007 -18"><span class='ocrx_word' id='word_1_195' title='bbox 215 2953 655 3011; x_wconf 83' lang='lat' dir='ltr'><strong>d‘Oultremanus</strong></span> <span class='ocrx_word' id='word_1_196' title='bbox 687 2967 888 3021; x_wconf 89' lang='lat' dir='ltr'><strong>noster,</strong></span> <span class='ocrx_word' id='word_1_197' title='bbox 916 2957 966 3011; x_wconf 93' lang='lat' dir='ltr'><strong>in</strong></span> <span class='ocrx_word' id='word_1_198' title='bbox 1011 2957 1148 3013; x_wconf 90' lang='lat' dir='ltr'><strong>libro</strong></span> <span class='ocrx_word' id='word_1_199' title='bbox 1185 2957 1447 3025; x_wconf 80' lang='lat' dir='ltr'><strong>singulari</strong></span> <span class='ocrx_word' id='word_1_200' title='bbox 1482 2960 1547 3013; x_wconf 88' lang='lat' dir='ltr'><strong>de</strong></span> <span class='ocrx_word' id='word_1_201' title='bbox 1575 2962 1788 3018; x_wconf 76' lang='lat' dir='ltr'><strong>excidio</strong></span> 
     </span>
    </p>
   </div>
   <div class='ocr_carea' id='block_1_31' title="bbox 209 3043 1790 3121">
    <p class='ocr_par' dir='ltr' id='par_1_31' title="bbox 209 3043 1790 3121">
     <span class='ocr_line' id='line_1_31' title="bbox 209 3043 1790 3121; baseline 0.005 -21"><span class='ocrx_word' id='word_1_202' title='bbox 209 3043 550 3116; x_wconf 74' lang='lat' dir='ltr'><strong>Crzrcorum,</strong></span> <span class='ocrx_word' id='word_1_203' title='bbox 587 3052 662 3105; x_wconf 91' lang='lat' dir='ltr'><strong>ait</strong></span> <span class='ocrx_word' id='word_1_204' title='bbox 681 3053 824 3106; x_wconf 85' lang='lat' dir='ltr'><strong>hunc</strong></span> <span class='ocrx_word' id='word_1_205' title='bbox 851 3051 1140 3116; x_wconf 74' lang='lat' dir='ltr'><strong>Rogerium</strong></span> <span class='ocrx_word' id='word_1_206' title='bbox 1170 3053 1238 3108; x_wconf 80' lang='lat' dir='ltr'><strong>ab</strong></span> <span class='ocrx_word' id='word_1_207' title='bbox 1261 3053 1515 3121; x_wconf 78' lang='lat' dir='ltr'><strong>Hispanis</strong></span> <span class='ocrx_word' id='word_1_208' title='bbox 1539 3051 1790 3108; x_wconf 85' lang='lat' dir='ltr'><strong>Brundu-</strong></span> 
     </span>
    </p>
   </div>
   <div class='ocr_carea' id='block_1_32' title="bbox 216 3140 1788 3214">
    <p class='ocr_par' dir='ltr' id='par_1_32' title="bbox 216 3140 1788 3214">
     <span class='ocr_line' id='line_1_32' title="bbox 216 3140 1788 3214; baseline 0.008 -26"><span class='ocrx_word' id='word_1_209' title='bbox 216 3140 380 3195; x_wconf 82' lang='lat' dir='ltr'><strong>sinum</strong></span> <span class='ocrx_word' id='word_1_210' title='bbox 412 3143 547 3209; x_wconf 92' lang='lat' dir='ltr'><strong>dici,</strong></span> <span class='ocrx_word' id='word_1_211' title='bbox 579 3142 907 3198; x_wconf 73' lang='lat' dir='ltr'><strong>Germanum</strong></span> <span class='ocrx_word' id='word_1_212' title='bbox 946 3143 1105 3214; x_wconf 80' lang='lat'><strong>763</strong></span> <span class='ocrx_word' id='word_1_213' title='bbox 1134 3159 1263 3199; x_wconf 91' lang='lat' dir='ltr'><strong>vero</strong></span> <span class='ocrx_word' id='word_1_214' title='bbox 1293 3145 1464 3212; x_wconf 88' lang='lat' dir='ltr'><strong>stirpe</strong></span> <span class='ocrx_word' id='word_1_215' title='bbox 1495 3144 1688 3209; x_wconf 85' lang='lat' dir='ltr'><strong>fuisse,</strong></span> <span class='ocrx_word' id='word_1_216' title='bbox 1724 3146 1788 3200; x_wconf 85' lang='lat' dir='ltr'><strong>ﬁ-</strong></span> 
     </span>
    </p>
   </div>
   <div class='ocr_carea' id='block_1_33' title="bbox 215 3229 1782 3302">
    <p class='ocr_par' dir='ltr' id='par_1_33' title="bbox 215 3229 1782 3302">
     <span class='ocr_line' id='line_1_33' title="bbox 215 3229 1782 3302; baseline 0.006 -22"><span class='ocrx_word' id='word_1_217' title='bbox 215 3229 335 3284; x_wconf 88' lang='lat' dir='ltr'><strong>lium</strong></span> <span class='ocrx_word' id='word_1_218' title='bbox 360 3232 584 3288; x_wconf 78' lang='lat' dir='ltr'><strong>Ricardi</strong></span> <span class='ocrx_word' id='word_1_219' title='bbox 620 3233 782 3288; x_wconf 90' lang='lat' dir='ltr'><strong>Flori.</strong></span> <span class='ocrx_word' id='word_1_220' title='bbox 821 3233 973 3290; x_wconf 87' lang='lat' dir='ltr'><strong>Unde</strong></span> <span class='ocrx_word' id='word_1_221' title='bbox 1000 3244 1053 3294; x_wconf 83' lang='lat' dir='ltr'><strong>et</strong></span> <span class='ocrx_word' id='word_1_222' title='bbox 1079 3236 1249 3302; x_wconf 83' lang='lat' dir='ltr'><strong>ipsum</strong></span> <span class='ocrx_word' id='word_1_223' title='bbox 1280 3234 1537 3290; x_wconf 73' lang='lat' dir='ltr'><strong>Moucada</strong></span> <span class='ocrx_word' id='word_1_224' title='bbox 1565 3235 1782 3291; x_wconf 87' lang='lat' dir='ltr'><strong>Florum</strong></span> 
     </span>
    </p>
   </div>
   <div class='ocr_carea' id='block_1_34' title="bbox 212 3327 578 3392">
    <p class='ocr_par' dir='ltr' id='par_1_34' title="bbox 212 3327 578 3392">
     <span class='ocr_line' id='line_1_34' title="bbox 212 3327 578 3392; baseline 0.03 -19"><span class='ocrx_word' id='word_1_225' title='bbox 212 3327 578 3392; x_wconf 80' lang='lat' dir='ltr'><strong>cognominat.</strong></span> 
     </span>
    </p>
   </div>
   <div class='ocr_carea' id='block_1_35' title="bbox 279 3415 1788 3475">
    <p class='ocr_par' dir='ltr' id='par_1_35' title="bbox 279 3415 1788 3475">
     <span class='ocr_line' id='line_1_35' title="bbox 279 3415 1788 3475; baseline 0.005 -7"><span class='ocrx_word' id='word_1_226' title='bbox 279 3415 408 3472; x_wconf 89' lang='lat' dir='ltr'><strong>Ibid.</strong></span> <span class='ocrx_word' id='word_1_227' title='bbox 471 3417 788 3473; x_wconf 78' lang='lat' dir='ltr'><strong>Pharendns</strong></span> <span class='ocrx_word' id='word_1_228' title='bbox 828 3418 1052 3475; x_wconf 77' lang='lat' dir='ltr'><strong>Tzimes.</strong></span> <span class='ocrx_word' id='word_1_229' title='bbox 1102 3419 1201 3473; x_wconf 79' lang='lat' dir='ltr'><strong>[lie</strong></span> <span class='ocrx_word' id='word_1_230' title='bbox 1243 3434 1370 3475; x_wconf 83' lang='lat' dir='ltr'><strong>vero</strong></span> <span class='ocrx_word' id='word_1_231' title='bbox 1433 3419 1650 3475; x_wconf 88' lang='lat' dir='ltr'><strong>nomine</strong></span> <span class='ocrx_word' id='word_1_232' title='bbox 1707 3421 1788 3475; x_wconf 79' lang='lat' dir='ltr'><strong>di-</strong></span> 
     </span>
    </p>
   </div>
   <div class='ocr_carea' id='block_1_36' title="bbox 214 3512 1786 3578">
    <p class='ocr_par' dir='ltr' id='par_1_36' title="bbox 214 3512 1786 3578">
     <span class='ocr_line' id='line_1_36' title="bbox 214 3512 1786 3578; baseline 0.007 -20"><span class='ocrx_word' id='word_1_233' title='bbox 214 3517 327 3562; x_wconf 68' lang='lat' dir='ltr'><strong>ctus</strong></span> <span class='ocrx_word' id='word_1_234' title='bbox 376 3521 464 3568; x_wconf 88' lang='lat' dir='ltr'><strong>est</strong></span> <span class='ocrx_word' id='word_1_235' title='bbox 515 3513 822 3566; x_wconf 81' lang='lat' dir='ltr'><strong>Ferrandus</strong></span> <span class='ocrx_word' id='word_1_236' title='bbox 851 3512 1132 3578; x_wconf 80' lang='lat' dir='ltr'><strong>Ximenes,</strong></span> <span class='ocrx_word' id='word_1_237' title='bbox 1166 3515 1240 3566; x_wconf 89' lang='lat' dir='ltr'><strong>uti</strong></span> <span class='ocrx_word' id='word_1_238' title='bbox 1281 3528 1377 3569; x_wconf 90' lang='lat' dir='ltr'><strong>nos</strong></span> <span class='ocrx_word' id='word_1_239' title='bbox 1403 3513 1563 3568; x_wconf 86' lang='lat' dir='ltr'><strong>docet</strong></span> <span class='ocrx_word' id='word_1_240' title='bbox 1593 3512 1786 3569; x_wconf 81' lang='lat' dir='ltr'><strong>Petrus</strong></span> 
     </span>
    </p>
   </div>
   <div class='ocr_carea' id='block_1_37' title="bbox 215 3600 1783 3670">
    <p class='ocr_par' dir='ltr' id='par_1_37' title="bbox 215 3600 1783 3670">
     <span class='ocr_line' id='line_1_37' title="bbox 215 3600 1783 3670; baseline 0.005 -18"><span class='ocrx_word' id='word_1_241' title='bbox 215 3600 652 3660; x_wconf 79' lang='lat' dir='ltr'><strong>d’Oultrernanus</strong></span> <span class='ocrx_word' id='word_1_242' title='bbox 707 3604 845 3658; x_wconf 92' lang='lat' dir='ltr'><strong>libro</strong></span> <span class='ocrx_word' id='word_1_243' title='bbox 893 3606 1056 3661; x_wconf 86' lang='lat' dir='ltr'><strong>modo</strong></span> <span class='ocrx_word' id='word_1_244' title='bbox 1099 3606 1340 3670; x_wconf 87' lang='lat' dir='ltr'><strong>laudato,</strong></span> <span class='ocrx_word' id='word_1_245' title='bbox 1383 3613 1663 3660; x_wconf 87' lang='lat' dir='ltr'><strong>auctorem</strong></span> <span class='ocrx_word' id='word_1_246' title='bbox 1703 3607 1783 3660; x_wconf 88' lang='lat' dir='ltr'><strong>ci-</strong></span> 
     </span>
    </p>
   </div>
   <div class='ocr_carea' id='block_1_38' title="bbox 218 3697 1784 3767">
    <p class='ocr_par' dir='ltr' id='par_1_38' title="bbox 218 3697 1784 3767">
     <span class='ocr_line' id='line_1_38' title="bbox 218 3697 1784 3767; baseline 0.005 -22"><span class='ocrx_word' id='word_1_247' title='bbox 218 3704 332 3748; x_wconf 86' lang='lat' dir='ltr'><strong>tans</strong></span> <span class='ocrx_word' id='word_1_248' title='bbox 373 3697 719 3760; x_wconf 81' lang='lat' dir='ltr'><strong>Moncadam,</strong></span> <span class='ocrx_word' id='word_1_249' title='bbox 751 3699 839 3766; x_wconf 82' lang='lat' dir='ltr'><strong>qui</strong></span> <span class='ocrx_word' id='word_1_250' title='bbox 884 3705 937 3754; x_wconf 92' lang='lat' dir='ltr'><strong>et</strong></span> <span class='ocrx_word' id='word_1_251' title='bbox 985 3698 1146 3767; x_wconf 89' lang='lat' dir='ltr'><strong>paulo</strong></span> <span class='ocrx_word' id='word_1_252' title='bbox 1173 3698 1418 3763; x_wconf 88' lang='lat' dir='ltr'><strong>inferius,</strong></span> <span class='ocrx_word' id='word_1_253' title='bbox 1453 3713 1502 3752; x_wconf 92' lang='lat' dir='ltr'><strong>c.</strong></span> <span class='ocrx_word' id='word_1_254' title='bbox 1533 3697 1621 3763; x_wconf 75' lang='grc'><strong>14,</strong></span> <span class='ocrx_word' id='word_1_255' title='bbox 1665 3713 1784 3753; x_wconf 83' lang='lat' dir='ltr'><strong>me-</strong></span> 
     </span>
    </p>
   </div>
   <div class='ocr_carea' id='block_1_39' title="bbox 219 3789 1785 3864">
    <p class='ocr_par' dir='ltr' id='par_1_39' title="bbox 219 3789 1785 3864">
     <span class='ocr_line' id='line_1_39' title="bbox 219 3789 1785 3864; baseline 0.006 -28"><span class='ocrx_word' id='word_1_256' title='bbox 219 3789 399 3842; x_wconf 84' lang='lat' dir='ltr'><strong>morati</strong></span> <span class='ocrx_word' id='word_1_257' title='bbox 465 3805 495 3842; x_wconf 91' lang='lat' dir='ltr'><strong>a</strong></span> <span class='ocrx_word' id='word_1_258' title='bbox 540 3790 874 3862; x_wconf 82' lang='lat' dir='ltr'><strong>Pachymcre</strong></span> <span class='ocrx_word' id='word_1_259' title='bbox 915 3790 1174 3846; x_wconf 82' lang='lat' dir='ltr'><strong>Ferrandi</strong></span> <span class='ocrx_word' id='word_1_260' title='bbox 1227 3806 1255 3844; x_wconf 90' lang='lat' dir='ltr'><strong>e</strong></span> <span class='ocrx_word' id='word_1_261' title='bbox 1286 3789 1483 3864; x_wconf 83' lang='lat' dir='ltr'><strong>Cyzico</strong></span> <span class='ocrx_word' id='word_1_262' title='bbox 1537 3806 1785 3849; x_wconf 75' lang='lat' dir='ltr'><strong>recessus</strong></span> 
     </span>
    </p>
   </div>
   <div class='ocr_carea' id='block_1_40' title="bbox 226 3882 486 3937">
    <p class='ocr_par' dir='ltr' id='par_1_40' title="bbox 226 3882 486 3937">
     <span class='ocr_line' id='line_1_40' title="bbox 226 3882 486 3937; baseline 0.023 -6"><span class='ocrx_word' id='word_1_263' title='bbox 226 3882 486 3937; x_wconf 75' lang='lat' dir='ltr'><strong>meminit.</strong></span> 
     </span>
    </p>
   </div>
   <div class='ocr_carea' id='block_1_41' title="bbox 282 3971 1785 4045">
    <p class='ocr_par' dir='ltr' id='par_1_41' title="bbox 282 3971 1785 4045">
     <span class='ocr_line' id='line_1_41' title="bbox 282 3971 1785 4045; baseline 0.007 -20"><span class='ocrx_word' id='word_1_264' title='bbox 282 3971 341 4026; x_wconf 88' lang='lat' dir='ltr'><strong>P.</strong></span> <span class='ocrx_word' id='word_1_265' title='bbox 361 3974 494 4029; x_wconf 59' lang='lat'><strong>394.</strong></span> <span class='ocrx_word' id='word_1_266' title='bbox 522 3974 867 4029; x_wconf 80' lang='lat' dir='ltr'><strong>Theuderico.</strong></span> <span class='ocrx_word' id='word_1_267' title='bbox 901 3976 1092 4045; x_wconf 79' lang='lat' dir='ltr'><strong>Agitur</strong></span> <span class='ocrx_word' id='word_1_268' title='bbox 1117 3975 1204 4030; x_wconf 88' lang='lat' dir='ltr'><strong>hic</strong></span> <span class='ocrx_word' id='word_1_269' title='bbox 1229 3976 1350 4030; x_wconf 91' lang='lat' dir='ltr'><strong>sine</strong></span> <span class='ocrx_word' id='word_1_270' title='bbox 1379 3978 1542 4032; x_wconf 82' lang='lat' dir='ltr'><strong>dubio</strong></span> <span class='ocrx_word' id='word_1_271' title='bbox 1577 3980 1642 4034; x_wconf 89' lang='lat' dir='ltr'><strong>de</strong></span> <span class='ocrx_word' id='word_1_272' title='bbox 1667 3978 1785 4035; x_wconf 84' lang='lat' dir='ltr'><strong>Fri-</strong></span> 
     </span>
    </p>
   </div>
   <div class='ocr_carea' id='block_1_42' title="bbox 220 4061 1782 4138">
    <p class='ocr_par' dir='ltr' id='par_1_42' title="bbox 220 4061 1782 4138">
     <span class='ocr_line' id='line_1_42' title="bbox 220 4061 1782 4138; baseline 0.007 -25"><span class='ocrx_word' id='word_1_273' title='bbox 220 4061 392 4120; x_wconf 79' lang='lat' dir='ltr'><strong>derico</strong></span> <span class='ocrx_word' id='word_1_274' title='bbox 455 4067 753 4138; x_wconf 75' lang='lat' dir='ltr'><strong>Aragouio,</strong></span> <span class='ocrx_word' id='word_1_275' title='bbox 783 4068 937 4137; x_wconf 88' lang='lat' dir='ltr'><strong>cujus</strong></span> <span class='ocrx_word' id='word_1_276' title='bbox 981 4076 1037 4121; x_wconf 90' lang='lat' dir='ltr'><strong>ut</strong></span> <span class='ocrx_word' id='word_1_277' title='bbox 1091 4077 1276 4122; x_wconf 88' lang='lat' dir='ltr'><strong>noster</strong></span> <span class='ocrx_word' id='word_1_278' title='bbox 1309 4066 1538 4123; x_wconf 85' lang='lat' dir='ltr'><strong>balbutit</strong></span> <span class='ocrx_word' id='word_1_279' title='bbox 1581 4070 1634 4126; x_wconf 91' lang='lat' dir='ltr'><strong>in</strong></span> <span class='ocrx_word' id='word_1_280' title='bbox 1682 4087 1782 4126; x_wconf 84' lang='lat' dir='ltr'><strong>no-</strong></span> 
     </span>
    </p>
   </div>
   <div class='ocr_carea' id='block_1_43' title="bbox 224 4154 1782 4234">
    <p class='ocr_par' dir='ltr' id='par_1_43' title="bbox 224 4154 1782 4234">
     <span class='ocr_line' id='line_1_43' title="bbox 224 4154 1782 4234; baseline 0.011 -32"><span class='ocrx_word' id='word_1_281' title='bbox 224 4154 379 4222; x_wconf 88' lang='lat' dir='ltr'><strong>mine,</strong></span> <span class='ocrx_word' id='word_1_282' title='bbox 410 4158 489 4211; x_wconf 88' lang='lat' dir='ltr'><strong>ita</strong></span> <span class='ocrx_word' id='word_1_283' title='bbox 524 4159 576 4210; x_wconf 91' lang='lat' dir='ltr'><strong>in</strong></span> <span class='ocrx_word' id='word_1_284' title='bbox 613 4173 812 4228; x_wconf 81' lang='lat' dir='ltr'><strong>genere</strong></span> <span class='ocrx_word' id='word_1_285' title='bbox 840 4160 1239 4228; x_wconf 63' lang='lat' dir='ltr'><strong>peregrinatur.</strong></span> <span class='ocrx_word' id='word_1_286' title='bbox 1283 4158 1412 4213; x_wconf 86' lang='lat' dir='ltr'><strong>Erat</strong></span> <span class='ocrx_word' id='word_1_287' title='bbox 1447 4162 1590 4216; x_wconf 87' lang='lat' dir='ltr'><strong>enim</strong></span> <span class='ocrx_word' id='word_1_288' title='bbox 1623 4173 1782 4234; x_wconf 84' lang='lat' dir='ltr'><strong>gente</strong></span> 
     </span>
    </p>
   </div>
   <div class='ocr_carea' id='block_1_44' title="bbox 223 4240 1778 4326">
    <p class='ocr_par' dir='ltr' id='par_1_44' title="bbox 223 4240 1778 4326">
     <span class='ocr_line' id='line_1_44' title="bbox 223 4240 1778 4326; baseline 0.012 -32"><span class='ocrx_word' id='word_1_289' title='bbox 223 4240 505 4326; x_wconf 73' lang='lat' dir='ltr'><strong>Hispanus,</strong></span> <span class='ocrx_word' id='word_1_290' title='bbox 544 4263 650 4302; x_wconf 90' lang='lat' dir='ltr'><strong>non</strong></span> <span class='ocrx_word' id='word_1_291' title='bbox 679 4249 1022 4314; x_wconf 88' lang='lat' dir='ltr'><strong>Germanus;</strong></span> <span class='ocrx_word' id='word_1_292' title='bbox 1067 4259 1118 4304; x_wconf 90' lang='lat' dir='ltr'><strong>et</strong></span> <span class='ocrx_word' id='word_1_293' title='bbox 1155 4266 1261 4306; x_wconf 91' lang='lat' dir='ltr'><strong>non</strong></span> <span class='ocrx_word' id='word_1_294' title='bbox 1289 4251 1552 4310; x_wconf 79' lang='lat' dir='ltr'><strong>Maniredi</strong></span> <span class='ocrx_word' id='word_1_295' title='bbox 1590 4271 1778 4326; x_wconf 87' lang='lat' dir='ltr'><strong>nepos,</strong></span> 
     </span>
    </p>
   </div>
   <div class='ocr_carea' id='block_1_45' title="bbox 217 4341 1178 4410">
    <p class='ocr_par' dir='ltr' id='par_1_45' title="bbox 217 4341 1178 4410">
     <span class='ocr_line' id='line_1_45' title="bbox 217 4341 1178 4410; baseline 0.014 -22"><span class='ocrx_word' id='word_1_296' title='bbox 217 4341 308 4392; x_wconf 82' lang='lat' dir='ltr'><strong>sed</strong></span> <span class='ocrx_word' id='word_1_297' title='bbox 343 4342 487 4398; x_wconf 91' lang='lat' dir='ltr'><strong>Petri</strong></span> <span class='ocrx_word' id='word_1_298' title='bbox 525 4343 667 4410; x_wconf 84' lang='lat' dir='ltr'><strong>regis</strong></span> <span class='ocrx_word' id='word_1_299' title='bbox 701 4344 986 4410; x_wconf 74' lang='lat' dir='ltr'><strong>Aragonim</strong></span> <span class='ocrx_word' id='word_1_300' title='bbox 1016 4344 1178 4400; x_wconf 79' lang='lat' dir='ltr'><strong>(ilius.</strong></span> 
     </span>
    </p>
   </div>
   <div class='ocr_carea' id='block_1_46' title="bbox 285 4430 1782 4506">
    <p class='ocr_par' dir='ltr' id='par_1_46' title="bbox 285 4430 1782 4506">
     <span class='ocr_line' id='line_1_46' title="bbox 285 4430 1782 4506; baseline 0.009 -24"><span class='ocrx_word' id='word_1_301' title='bbox 285 4430 418 4488; x_wconf 86' lang='lat' dir='ltr'><strong>lbid.</strong></span> <span class='ocrx_word' id='word_1_302' title='bbox 472 4432 808 4489; x_wconf 84' lang='lat' dir='ltr'><strong>Ecaterinam</strong></span> <span class='ocrx_word' id='word_1_303' title='bbox 855 4437 1115 4490; x_wconf 86' lang='lat' dir='ltr'><strong>connubio</strong></span> <span class='ocrx_word' id='word_1_304' title='bbox 1167 4438 1272 4491; x_wconf 88' lang='lat' dir='ltr'><strong>sibi</strong></span> <span class='ocrx_word' id='word_1_305' title='bbox 1294 4438 1497 4506; x_wconf 78' lang='lat' dir='ltr'><strong>jnnxit.</strong></span> <span class='ocrx_word' id='word_1_306' title='bbox 1553 4440 1782 4506; x_wconf 81' lang='lat' dir='ltr'><strong>Quando</strong></span> 
     </span>
    </p>
   </div>
   <div class='ocr_carea' id='block_1_47' title="bbox 225 4516 1781 4597">
    <p class='ocr_par' dir='ltr' id='par_1_47' title="bbox 225 4516 1781 4597">
     <span class='ocr_line' id='line_1_47' title="bbox 225 4516 1781 4597; baseline 0.008 -26"><span class='ocrx_word' id='word_1_307' title='bbox 225 4516 518 4578; x_wconf 82' lang='lat' dir='ltr'><strong>Fridericus</strong></span> <span class='ocrx_word' id='word_1_308' title='bbox 567 4539 690 4578; x_wconf 91' lang='lat' dir='ltr'><strong>cum</strong></span> <span class='ocrx_word' id='word_1_309' title='bbox 737 4523 930 4579; x_wconf 88' lang='lat' dir='ltr'><strong>Carolo</strong></span> <span class='ocrx_word' id='word_1_310' title='bbox 983 4540 1107 4594; x_wconf 86' lang='lat' dir='ltr'><strong>rege</strong></span> <span class='ocrx_word' id='word_1_311' title='bbox 1141 4525 1394 4594; x_wconf 61' lang='lat' dir='ltr'><strong>Neapolis</strong></span> <span class='ocrx_word' id='word_1_312' title='bbox 1431 4543 1621 4597; x_wconf 68' lang='lat' dir='ltr'><strong>pacem</strong></span> <span class='ocrx_word' id='word_1_313' title='bbox 1656 4529 1781 4585; x_wconf 82' lang='lat' dir='ltr'><strong>fecit</strong></span> 
     </span>
    </p>
   </div>
   <div class='ocr_carea' id='block_1_48' title="bbox 223 4615 1775 4691">
    <p class='ocr_par' dir='ltr' id='par_1_48' title="bbox 223 4615 1775 4691">
     <span class='ocr_line' id='line_1_48' title="bbox 223 4615 1775 4691; baseline 0.01 -30"><span class='ocrx_word' id='word_1_314' title='bbox 223 4626 436 4684; x_wconf 83' lang='lat' dir='ltr'><strong>eamque</strong></span> <span class='ocrx_word' id='word_1_315' title='bbox 465 4615 723 4670; x_wconf 79' lang='lat' dir='ltr'><strong>afﬁnitate</strong></span> <span class='ocrx_word' id='word_1_316' title='bbox 761 4617 1013 4680; x_wconf 82' lang='lat' dir='ltr'><strong>firmavit,</strong></span> <span class='ocrx_word' id='word_1_317' title='bbox 1053 4634 1199 4671; x_wconf 68' lang='lat' dir='ltr'><strong>anno</strong></span> <span class='ocrx_word' id='word_1_318' title='bbox 1243 4617 1443 4674; x_wconf 82' lang='lat' dir='ltr'><strong>Christi</strong></span> <span class='ocrx_word' id='word_1_319' title='bbox 1480 4621 1638 4688; x_wconf 71' lang='grc'><strong>1502,</strong></span> <span class='ocrx_word' id='word_1_320' title='bbox 1673 4639 1775 4691; x_wconf 88' lang='lat' dir='ltr'><strong>qua</strong></span> 
     </span>
    </p>
   </div>
   <div class='ocr_carea' id='block_1_49' title="bbox 226 4701 1782 4782">
    <p class='ocr_par' dir='ltr' id='par_1_49' title="bbox 226 4701 1782 4782">
     <span class='ocr_line' id='line_1_49' title="bbox 226 4701 1782 4782; baseline 0.009 -27"><span class='ocrx_word' id='word_1_321' title='bbox 226 4701 285 4755; x_wconf 89' lang='lat' dir='ltr'><strong>de</strong></span> <span class='ocrx_word' id='word_1_322' title='bbox 332 4722 389 4763; x_wconf 90' lang='lat' dir='ltr'><strong>re</strong></span> <span class='ocrx_word' id='word_1_323' title='bbox 446 4711 550 4763; x_wconf 87' lang='lat' dir='ltr'><strong>hoc</strong></span> <span class='ocrx_word' id='word_1_324' title='bbox 591 4707 710 4762; x_wconf 88' lang='lat' dir='ltr'><strong>loco</strong></span> <span class='ocrx_word' id='word_1_325' title='bbox 757 4710 952 4779; x_wconf 81' lang='lat' dir='ltr'><strong>agitur,</strong></span> <span class='ocrx_word' id='word_1_326' title='bbox 999 4709 1308 4764; x_wconf 85' lang='lat' dir='ltr'><strong>Fridericus</strong></span> <span class='ocrx_word' id='word_1_327' title='bbox 1345 4711 1479 4780; x_wconf 89' lang='lat' dir='ltr'><strong>ipse,</strong></span> <span class='ocrx_word' id='word_1_328' title='bbox 1513 4729 1618 4768; x_wconf 91' lang='lat' dir='ltr'><strong>non</strong></span> <span class='ocrx_word' id='word_1_329' title='bbox 1663 4715 1782 4782; x_wconf 86' lang='lat' dir='ltr'><strong>ejus</strong></span> 
     </span>
    </p>
   </div>
   <div class='ocr_carea' id='block_1_50' title="bbox 224 4794 1782 4871">
    <p class='ocr_par' dir='ltr' id='par_1_50' title="bbox 224 4794 1782 4871">
     <span class='ocr_line' id='line_1_50' title="bbox 224 4794 1782 4871; baseline 0.005 -18"><span class='ocrx_word' id='word_1_330' title='bbox 224 4794 398 4867; x_wconf 75' lang='lat' dir='ltr'><strong>frater,</strong></span> <span class='ocrx_word' id='word_1_331' title='bbox 427 4804 576 4858; x_wconf 77' lang='lat' dir='ltr'><strong>duxit</strong></span> <span class='ocrx_word' id='word_1_332' title='bbox 615 4818 836 4858; x_wconf 72' lang='lat' dir='ltr'><strong>uxorem</strong></span> <span class='ocrx_word' id='word_1_333' title='bbox 885 4819 991 4858; x_wconf 90' lang='lat' dir='ltr'><strong>non</strong></span> <span class='ocrx_word' id='word_1_334' title='bbox 1024 4803 1385 4871; x_wconf 83' lang='lat' dir='ltr'><strong>Ecateriuam,</strong></span> <span class='ocrx_word' id='word_1_335' title='bbox 1411 4797 1504 4861; x_wconf 87' lang='lat' dir='ltr'><strong>sed</strong></span> <span class='ocrx_word' id='word_1_336' title='bbox 1551 4807 1782 4862; x_wconf 89' lang='lat' dir='ltr'><strong>Eleono-</strong></span> 
     </span>
    </p>
   </div>
   <div class='ocr_carea' id='block_1_51' title="bbox 226 4895 1782 4968">
    <p class='ocr_par' dir='ltr' id='par_1_51' title="bbox 226 4895 1782 4968">
     <span class='ocr_line' id='line_1_51' title="bbox 226 4895 1782 4968; baseline 0.008 -27"><span class='ocrx_word' id='word_1_337' title='bbox 226 4903 326 4946; x_wconf 84' lang='lat' dir='ltr'><strong>ram</strong></span> <span class='ocrx_word' id='word_1_338' title='bbox 347 4895 523 4951; x_wconf 84' lang='lat' dir='ltr'><strong>Caroli</strong></span> <span class='ocrx_word' id='word_1_339' title='bbox 551 4895 742 4961; x_wconf 80' lang='lat' dir='ltr'><strong>filiam,</strong></span> <span class='ocrx_word' id='word_1_340' title='bbox 774 4905 931 4964; x_wconf 87' lang='lat' dir='ltr'><strong>prout</strong></span> <span class='ocrx_word' id='word_1_341' title='bbox 962 4912 1027 4950; x_wconf 79' lang='lat' dir='ltr'><strong>ex</strong></span> <span class='ocrx_word' id='word_1_342' title='bbox 1055 4895 1296 4964; x_wconf 78' lang='lat' dir='ltr'><strong>ejusdem</strong></span> <span class='ocrx_word' id='word_1_343' title='bbox 1319 4895 1582 4953; x_wconf 88' lang='lat' dir='ltr'><strong>Frideriei</strong></span> <span class='ocrx_word' id='word_1_344' title='bbox 1606 4900 1782 4968; x_wconf 88' lang='lat' dir='ltr'><strong>publi-</strong></span> 
     </span>
    </p>
   </div>
   <div class='ocr_carea' id='block_1_52' title="bbox 225 4983 1776 5058">
    <p class='ocr_par' dir='ltr' id='par_1_52' title="bbox 225 4983 1776 5058">
     <span class='ocr_line' id='line_1_52' title="bbox 225 4983 1776 5058; baseline 0.009 -24"><span class='ocrx_word' id='word_1_345' title='bbox 225 4983 294 5038; x_wconf 88' lang='lat' dir='ltr'><strong>cis</strong></span> <span class='ocrx_word' id='word_1_346' title='bbox 320 4986 508 5044; x_wconf 86' lang='lat' dir='ltr'><strong>litteris</strong></span> <span class='ocrx_word' id='word_1_347' title='bbox 558 4988 699 5042; x_wconf 88' lang='lat' dir='ltr'><strong>datis</strong></span> <span class='ocrx_word' id='word_1_348' title='bbox 743 4987 881 5058; x_wconf 89' lang='lat' dir='ltr'><strong>apud</strong></span> <span class='ocrx_word' id='word_1_349' title='bbox 919 4989 1168 5042; x_wconf 83' lang='lat' dir='ltr'><strong>Castrum</strong></span> <span class='ocrx_word' id='word_1_350' title='bbox 1208 4987 1415 5044; x_wconf 86' lang='lat' dir='ltr'><strong>Novum</strong></span> <span class='ocrx_word' id='word_1_351' title='bbox 1456 5006 1601 5046; x_wconf 85' lang='lat' dir='ltr'><strong>anno</strong></span> <span class='ocrx_word' id='word_1_352' title='bbox 1645 4992 1776 5048; x_wconf 87' lang='lat' dir='ltr'><strong>Chr.</strong></span> 
     </span>
    </p>
   </div>
   <div class='ocr_carea' id='block_1_53' title="bbox 227 5075 1778 5154">
    <p class='ocr_par' dir='ltr' id='par_1_53' title="bbox 227 5075 1778 5154">
     <span class='ocr_line' id='line_1_53' title="bbox 227 5075 1778 5154; baseline 0.007 -24"><span class='ocrx_word' id='word_1_353' title='bbox 227 5075 367 5146; x_wconf 68' lang='lat'><strong>1302,</strong></span> <span class='ocrx_word' id='word_1_354' title='bbox 408 5081 618 5137; x_wconf 87' lang='lat' dir='ltr'><strong>mensis</strong></span> <span class='ocrx_word' id='word_1_355' title='bbox 643 5082 869 5152; x_wconf 84' lang='lat' dir='ltr'><strong>Augusti</strong></span> <span class='ocrx_word' id='word_1_356' title='bbox 904 5082 989 5135; x_wconf 90' lang='lat' dir='ltr'><strong>die</strong></span> <span class='ocrx_word' id='word_1_357' title='bbox 1022 5083 1108 5146; x_wconf 86' lang='lat' dir='ltr'><strong>l9,</strong></span> <span class='ocrx_word' id='word_1_358' title='bbox 1145 5083 1211 5136; x_wconf 90' lang='lat' dir='ltr'><strong>ab</strong></span> <span class='ocrx_word' id='word_1_359' title='bbox 1237 5082 1466 5138; x_wconf 85' lang='lat' dir='ltr'><strong>Oderico</strong></span> <span class='ocrx_word' id='word_1_360' title='bbox 1499 5083 1778 5154; x_wconf 80' lang='lat' dir='ltr'><strong>Rayualdo</strong></span> 
     </span>
    </p>
   </div>
   <div class='ocr_carea' id='block_1_54' title="bbox 226 5166 1780 5248">
    <p class='ocr_par' dir='ltr' id='par_1_54' title="bbox 226 5166 1780 5248">
     <span class='ocr_line' id='line_1_54' title="bbox 226 5166 1780 5248; baseline 0.008 -30"><span class='ocrx_word' id='word_1_361' title='bbox 226 5166 270 5220; x_wconf 93' lang='lat' dir='ltr'><strong>in</strong></span> <span class='ocrx_word' id='word_1_362' title='bbox 296 5187 354 5226; x_wconf 90' lang='lat' dir='ltr'><strong>eo</strong></span> <span class='ocrx_word' id='word_1_363' title='bbox 387 5174 575 5228; x_wconf 80' lang='lat' dir='ltr'><strong>Annali</strong></span> <span class='ocrx_word' id='word_1_364' title='bbox 607 5173 901 5241; x_wconf 87' lang='lat' dir='ltr'><strong>descriptis</strong></span> <span class='ocrx_word' id='word_1_365' title='bbox 929 5183 1162 5228; x_wconf 81' lang='lat' dir='ltr'><strong>conStat.</strong></span> <span class='ocrx_word' id='word_1_366' title='bbox 1198 5174 1304 5228; x_wconf 82' lang='lat' dir='ltr'><strong>Sed</strong></span> <span class='ocrx_word' id='word_1_367' title='bbox 1336 5175 1545 5228; x_wconf 86' lang='lat' dir='ltr'><strong>videtur</strong></span> <span class='ocrx_word' id='word_1_368' title='bbox 1570 5174 1780 5248; x_wconf 81' lang='lat' dir='ltr'><strong>Pachy-</strong></span> 
     </span>
    </p>
   </div>
   <div class='ocr_carea' id='block_1_55' title="bbox 225 5265 1780 5336">
    <p class='ocr_par' dir='ltr' id='par_1_55' title="bbox 225 5265 1780 5336">
     <span class='ocr_line' id='line_1_55' title="bbox 225 5265 1780 5336; baseline 0.005 -20"><span class='ocrx_word' id='word_1_369' title='bbox 225 5273 378 5321; x_wconf 84' lang='lat' dir='ltr'><strong>mercs</strong></span> <span class='ocrx_word' id='word_1_370' title='bbox 423 5267 476 5320; x_wconf 89' lang='lat' dir='ltr'><strong>in</strong></span> <span class='ocrx_word' id='word_1_371' title='bbox 517 5267 620 5320; x_wconf 91' lang='lat' dir='ltr'><strong>hoc</strong></span> <span class='ocrx_word' id='word_1_372' title='bbox 646 5266 861 5320; x_wconf 87' lang='lat' dir='ltr'><strong>errandi</strong></span> <span class='ocrx_word' id='word_1_373' title='bbox 899 5265 1241 5320; x_wconf 89' lang='lat' dir='ltr'><strong>occasionem</strong></span> <span class='ocrx_word' id='word_1_374' title='bbox 1294 5267 1592 5336; x_wconf 89' lang='lat' dir='ltr'><strong>sumpsisse</strong></span> <span class='ocrx_word' id='word_1_375' title='bbox 1622 5283 1686 5322; x_wconf 82' lang='lat' dir='ltr'><strong>ex</strong></span> <span class='ocrx_word' id='word_1_376' title='bbox 1714 5284 1780 5324; x_wconf 87' lang='lat' dir='ltr'><strong>eo</strong></span> 
     </span>
    </p>
   </div>
   <div class='ocr_carea' id='block_1_56' title="bbox 219 5357 1775 5416">
    <p class='ocr_par' dir='ltr' id='par_1_56' title="bbox 219 5357 1775 5416">
     <span class='ocr_line' id='line_1_56' title="bbox 219 5357 1775 5416; baseline 0.003 -5"><span class='ocrx_word' id='word_1_377' title='bbox 219 5357 342 5412; x_wconf 66' lang='lat' dir='ltr'><strong>&quot;trod</strong></span> <span class='ocrx_word' id='word_1_378' title='bbox 386 5371 533 5411; x_wconf 90' lang='lat' dir='ltr'><strong>anno</strong></span> <span class='ocrx_word' id='word_1_379' title='bbox 576 5357 706 5412; x_wconf 89' lang='lat' dir='ltr'><strong>Chr.</strong></span> <span class='ocrx_word' id='word_1_380' title='bbox 740 5357 879 5412; x_wconf 70' lang='lat' dir='ltr'><strong>i295</strong></span> <span class='ocrx_word' id='word_1_381' title='bbox 914 5366 1199 5412; x_wconf 81' lang='lat' dir='ltr'><strong>tractaturo</strong></span> <span class='ocrx_word' id='word_1_382' title='bbox 1233 5357 1408 5412; x_wconf 81' lang='lat' dir='ltr'><strong>fuerat</strong></span> <span class='ocrx_word' id='word_1_383' title='bbox 1444 5359 1775 5416; x_wconf 90' lang='lat' dir='ltr'><strong>connubium</strong></span> 
     </span>
    </p>
   </div>
   <div class='ocr_carea' id='block_1_57' title="bbox 218 5436 1775 5522">
    <p class='ocr_par' dir='ltr' id='par_1_57' title="bbox 218 5436 1775 5522">
     <span class='ocr_line' id='line_1_57' title="bbox 218 5436 1775 5522; baseline 0.012 -31"><span class='ocrx_word' id='word_1_384' title='bbox 218 5436 462 5504; x_wconf 81' lang='lat' dir='ltr'><strong>Friderici</strong></span> <span class='ocrx_word' id='word_1_385' title='bbox 498 5449 661 5520; x_wconf 87' lang='lat' dir='ltr'><strong>hujus</strong></span> <span class='ocrx_word' id='word_1_386' title='bbox 685 5465 803 5502; x_wconf 84' lang='lat' dir='ltr'><strong>cum</strong></span> <span class='ocrx_word' id='word_1_387' title='bbox 837 5449 1152 5512; x_wconf 87' lang='lat' dir='ltr'><strong>Catherina,</strong></span> <span class='ocrx_word' id='word_1_388' title='bbox 1186 5465 1250 5504; x_wconf 77' lang='lat' dir='ltr'><strong>ex</strong></span> <span class='ocrx_word' id='word_1_389' title='bbox 1278 5449 1386 5504; x_wconf 83' lang='lat' dir='ltr'><strong>ﬁlia</strong></span> <span class='ocrx_word' id='word_1_390' title='bbox 1424 5452 1566 5522; x_wconf 89' lang='lat' dir='ltr'><strong>regis</strong></span> <span class='ocrx_word' id='word_1_391' title='bbox 1596 5451 1775 5509; x_wconf 89' lang='lat' dir='ltr'><strong>Caroli</strong></span> 
     </span>
    </p>
   </div>
   <div class='ocr_carea' id='block_1_58' title="bbox 221 5530 1773 5613">
    <p class='ocr_par' dir='ltr' id='par_1_58' title="bbox 221 5530 1773 5613">
     <span class='ocr_line' id='line_1_58' title="bbox 221 5530 1773 5613; baseline 0.005 -23"><span class='ocrx_word' id='word_1_392' title='bbox 221 5530 536 5611; x_wconf 74' lang='lat' dir='ltr'><strong>Neapolitani</strong></span> <span class='ocrx_word' id='word_1_393' title='bbox 569 5556 620 5597; x_wconf 88' lang='lat' dir='ltr'><strong>et</strong></span> <span class='ocrx_word' id='word_1_394' title='bbox 661 5541 945 5609; x_wconf 70' lang='lat' dir='ltr'><strong>B..lduino,</strong></span> <span class='ocrx_word' id='word_1_395' title='bbox 993 5544 1081 5612; x_wconf 91' lang='lat' dir='ltr'><strong>qui</strong></span> <span class='ocrx_word' id='word_1_396' title='bbox 1115 5544 1773 5613; x_wconf 87' lang='lat' dir='ltr'><strong>Constantinopolitannm</strong></span> 
     </span>
    </p>
   </div>
   <div class='ocr_carea' id='block_1_59' title="bbox 220 5623 1776 5698">
    <p class='ocr_par' dir='ltr' id='par_1_59' title="bbox 220 5623 1776 5698">
     <span class='ocr_line' id='line_1_59' title="bbox 220 5623 1776 5698; baseline 0.004 -12"><span class='ocrx_word' id='word_1_397' title='bbox 220 5623 485 5698; x_wconf 73' lang='lat' dir='ltr'><strong>imperium</strong></span> <span class='ocrx_word' id='word_1_398' title='bbox 532 5647 813 5698; x_wconf 78' lang='lat' dir='ltr'><strong>amiserat,</strong></span> <span class='ocrx_word' id='word_1_399' title='bbox 863 5645 1006 5688; x_wconf 90' lang='lat' dir='ltr'><strong>nata.</strong></span> <span class='ocrx_word' id='word_1_400' title='bbox 1061 5637 1117 5689; x_wconf 91' lang='lat' dir='ltr'><strong>ld</strong></span> <span class='ocrx_word' id='word_1_401' title='bbox 1162 5637 1568 5690; x_wconf 87' lang='lat' dir='ltr'><strong>matrimonium</strong></span> <span class='ocrx_word' id='word_1_402' title='bbox 1618 5638 1776 5692; x_wconf 76' lang='lat' dir='ltr'><strong>vehe-</strong></span> 
     </span>
    </p>
   </div>
   <div class='ocr_carea' id='block_1_60' title="bbox 228 5725 1774 5798">
    <p class='ocr_par' dir='ltr' id='par_1_60' title="bbox 228 5725 1774 5798">
     <span class='ocr_line' id='line_1_60' title="bbox 228 5725 1774 5798; baseline 0.013 -34"><span class='ocrx_word' id='word_1_403' title='bbox 228 5729 412 5778; x_wconf 67' lang='lat' dir='ltr'><strong>menter</strong></span> <span class='ocrx_word' id='word_1_404' title='bbox 441 5728 665 5795; x_wconf 78' lang='lat' dir='ltr'><strong>urgebat</strong></span> <span class='ocrx_word' id='word_1_405' title='bbox 699 5726 1009 5781; x_wconf 77' lang='lat' dir='ltr'><strong>Bonifacius</strong></span> <span class='ocrx_word' id='word_1_406' title='bbox 1041 5725 1180 5791; x_wconf 88' lang='lat' dir='ltr'><strong>Vlll,</strong></span> <span class='ocrx_word' id='word_1_407' title='bbox 1214 5725 1371 5781; x_wconf 83' lang='lat' dir='ltr'><strong>Rom.</strong></span> <span class='ocrx_word' id='word_1_408' title='bbox 1413 5739 1585 5795; x_wconf 90' lang='lat' dir='ltr'><strong>pont.,</strong></span> <span class='ocrx_word' id='word_1_409' title='bbox 1620 5729 1774 5798; x_wconf 78' lang='lat' dir='ltr'><strong>cujt&#39;s</strong></span> 
     </span>
    </p>
   </div>
   <div class='ocr_carea' id='block_1_61' title="bbox 228 5806 1774 5887">
    <p class='ocr_par' dir='ltr' id='par_1_61' title="bbox 228 5806 1774 5887">
     <span class='ocr_line' id='line_1_61' title="bbox 228 5806 1774 5887; baseline 0.006 -24"><span class='ocrx_word' id='word_1_410' title='bbox 228 5806 381 5872; x_wconf 73' lang='lat' dir='ltr'><strong>Plures</strong></span> <span class='ocrx_word' id='word_1_411' title='bbox 430 5819 494 5870; x_wconf 90' lang='lat' dir='ltr'><strong>de</strong></span> <span class='ocrx_word' id='word_1_412' title='bbox 541 5819 634 5872; x_wconf 91' lang='lat' dir='ltr'><strong>illo</strong></span> <span class='ocrx_word' id='word_1_413' title='bbox 662 5827 984 5887; x_wconf 83' lang='lat' dir='ltr'><strong>argumento</strong></span> <span class='ocrx_word' id='word_1_414' title='bbox 1035 5819 1248 5873; x_wconf 87' lang='lat' dir='ltr'><strong>litteras</strong></span> <span class='ocrx_word' id='word_1_415' title='bbox 1283 5821 1474 5874; x_wconf 90' lang='lat' dir='ltr'><strong>recitat</strong></span> <span class='ocrx_word' id='word_1_416' title='bbox 1507 5818 1774 5873; x_wconf 87' lang='lat' dir='ltr'><strong>Odoricns</strong></span> 
     </span>
    </p>
   </div>
   <div class='ocr_carea' id='block_1_62' title="bbox 229 5905 1769 5983">
    <p class='ocr_par' dir='ltr' id='par_1_62' title="bbox 229 5905 1769 5983">
     <span class='ocr_line' id='line_1_62' title="bbox 229 5905 1769 5983; baseline 0.008 -28"><span class='ocrx_word' id='word_1_417' title='bbox 229 5905 281 5955; x_wconf 76' lang='lat' dir='ltr'><strong>ad</strong></span> <span class='ocrx_word' id='word_1_418' title='bbox 305 5905 450 5963; x_wconf 76' lang='lat' dir='ltr'><strong>illum</strong></span> <span class='ocrx_word' id='word_1_419' title='bbox 489 5928 714 5968; x_wconf 80' lang='lat' dir='ltr'><strong>annum.</strong></span> <span class='ocrx_word' id='word_1_420' title='bbox 747 5909 864 5966; x_wconf 83' lang='lat' dir='ltr'><strong>Non</strong></span> <span class='ocrx_word' id='word_1_421' title='bbox 893 5911 1153 5967; x_wconf 76' lang='lat' dir='ltr'><strong>successit</strong></span> <span class='ocrx_word' id='word_1_422' title='bbox 1188 5922 1365 5968; x_wconf 88' lang='lat' dir='ltr'><strong>tamen</strong></span> <span class='ocrx_word' id='word_1_423' title='bbox 1395 5911 1690 5983; x_wconf 81' lang='lat' dir='ltr'><strong>negotium,</strong></span> <span class='ocrx_word' id='word_1_424' title='bbox 1715 5923 1769 5967; x_wconf 89' lang='lat' dir='ltr'><strong>ct</strong></span> 
     </span>
    </p>
   </div>
   <div class='ocr_carea' id='block_1_63' title="bbox 1910 645 3479 715">
    <p class='ocr_par' dir='ltr' id='par_1_63' title="bbox 1910 645 3479 715">
     <span class='ocr_line' id='line_1_63' title="bbox 1910 645 3479 715; baseline -0.003 -11"><span class='ocrx_word' id='word_1_425' title='bbox 1910 650 2240 706; x_wconf 80' lang='lat' dir='ltr'><strong>Francorum</strong></span> <span class='ocrx_word' id='word_1_426' title='bbox 2302 649 2482 715; x_wconf 82' lang='lat' dir='ltr'><strong>fratri,</strong></span> <span class='ocrx_word' id='word_1_427' title='bbox 2520 665 2664 704; x_wconf 84' lang='lat' dir='ltr'><strong>anno</strong></span> <span class='ocrx_word' id='word_1_428' title='bbox 2715 649 2846 703; x_wconf 87' lang='lat' dir='ltr'><strong>Chr.</strong></span> <span class='ocrx_word' id='word_1_429' title='bbox 2899 648 3057 702; x_wconf 81' lang='grc'><strong>1501.</strong></span> <span class='ocrx_word' id='word_1_430' title='bbox 3097 646 3254 712; x_wconf 83' lang='lat' dir='ltr'><strong>Quod</strong></span> <span class='ocrx_word' id='word_1_431' title='bbox 3303 645 3479 714; x_wconf 82' lang='lat' dir='ltr'><strong>ipsum</strong></span> 
     </span>
    </p>
   </div>
   <div class='ocr_carea' id='block_1_64' title="bbox 1907 737 3481 810">
    <p class='ocr_par' dir='ltr' id='par_1_64' title="bbox 1907 737 3481 810">
     <span class='ocr_line' id='line_1_64' title="bbox 1907 737 3481 810; baseline -0.003 -16"><span class='ocrx_word' id='word_1_432' title='bbox 1907 741 2086 796; x_wconf 87' lang='lat' dir='ltr'><strong>alieno</strong></span> <span class='ocrx_word' id='word_1_433' title='bbox 2125 741 2266 803; x_wconf 89' lang='lat' dir='ltr'><strong>loco,</strong></span> <span class='ocrx_word' id='word_1_434' title='bbox 2301 750 2462 810; x_wconf 84' lang='lat' dir='ltr'><strong>prout</strong></span> <span class='ocrx_word' id='word_1_435' title='bbox 2489 741 2664 796; x_wconf 83' lang='lat' dir='ltr'><strong>obiter</strong></span> <span class='ocrx_word' id='word_1_436' title='bbox 2695 741 2962 803; x_wconf 88' lang='lat' dir='ltr'><strong>audierat,</strong></span> <span class='ocrx_word' id='word_1_437' title='bbox 3012 737 3162 794; x_wconf 89' lang='lat' dir='ltr'><strong>visus</strong></span> <span class='ocrx_word' id='word_1_438' title='bbox 3191 747 3276 792; x_wconf 90' lang='lat' dir='ltr'><strong>est</strong></span> <span class='ocrx_word' id='word_1_439' title='bbox 3324 753 3481 791; x_wconf 79' lang='lat' dir='ltr'><strong>com-</strong></span> 
     </span>
    </p>
   </div>
   <div class='ocr_carea' id='block_1_65' title="bbox 1907 830 3480 907">
    <p class='ocr_par' dir='ltr' id='par_1_65' title="bbox 1907 830 3480 907">
     <span class='ocr_line' id='line_1_65' title="bbox 1907 830 3480 907; baseline -0.004 -19"><span class='ocrx_word' id='word_1_440' title='bbox 1907 850 2212 892; x_wconf 88' lang='lat' dir='ltr'><strong>memorare</strong></span> <span class='ocrx_word' id='word_1_441' title='bbox 2233 833 2614 907; x_wconf 80' lang='lat' dir='ltr'><strong>Pachymeres,</strong></span> <span class='ocrx_word' id='word_1_442' title='bbox 2641 848 2831 904; x_wconf 88' lang='lat' dir='ltr'><strong>parum</strong></span> <span class='ocrx_word' id='word_1_443' title='bbox 2867 831 3154 887; x_wconf 88' lang='lat' dir='ltr'><strong>attendens</strong></span> <span class='ocrx_word' id='word_1_444' title='bbox 3181 830 3480 905; x_wconf 84' lang='lat' dir='ltr'><strong>pertineret</strong></span> 
     </span>
    </p>
   </div>
   <div class='ocr_carea' id='block_1_66' title="bbox 1905 922 3480 996">
    <p class='ocr_par' dir='ltr' id='par_1_66' title="bbox 1905 922 3480 996">
     <span class='ocr_line' id='line_1_66' title="bbox 1905 922 3480 996; baseline -0.003 -16"><span class='ocrx_word' id='word_1_445' title='bbox 1905 926 1960 981; x_wconf 90' lang='lat' dir='ltr'><strong>id</strong></span> <span class='ocrx_word' id='word_1_446' title='bbox 1983 940 2157 984; x_wconf 80' lang='lat' dir='ltr'><strong>necne</strong></span> <span class='ocrx_word' id='word_1_447' title='bbox 2187 927 2254 980; x_wconf 89' lang='lat' dir='ltr'><strong>ad</strong></span> <span class='ocrx_word' id='word_1_448' title='bbox 2278 942 2389 982; x_wconf 79' lang='lat' dir='ltr'><strong>rem</strong></span> <span class='ocrx_word' id='word_1_449' title='bbox 2416 926 2484 982; x_wconf 89' lang='lat' dir='ltr'><strong>de</strong></span> <span class='ocrx_word' id='word_1_450' title='bbox 2513 941 2616 996; x_wconf 87' lang='lat' dir='ltr'><strong>qua</strong></span> <span class='ocrx_word' id='word_1_451' title='bbox 2649 939 2791 984; x_wconf 87' lang='lat' dir='ltr'><strong>nunc</strong></span> <span class='ocrx_word' id='word_1_452' title='bbox 2823 923 2954 994; x_wconf 85' lang='lat' dir='ltr'><strong>agit,</strong></span> <span class='ocrx_word' id='word_1_453' title='bbox 2986 925 3053 980; x_wconf 88' lang='lat' dir='ltr'><strong>ad</strong></span> <span class='ocrx_word' id='word_1_454' title='bbox 3077 937 3262 994; x_wconf 86' lang='lat' dir='ltr'><strong>pacem</strong></span> <span class='ocrx_word' id='word_1_455' title='bbox 3293 922 3480 977; x_wconf 76' lang='grc' dir='ltr'><strong>νίιιυιί-</strong></span> 
     </span>
    </p>
   </div>
   <div class='ocr_carea' id='block_1_67' title="bbox 1904 1016 3479 1090">
    <p class='ocr_par' dir='ltr' id='par_1_67' title="bbox 1904 1016 3479 1090">
     <span class='ocr_line' id='line_1_67' title="bbox 1904 1016 3479 1090; baseline -0.003 -15"><span class='ocrx_word' id='word_1_456' title='bbox 1904 1027 1990 1075; x_wconf 91' lang='lat' dir='ltr'><strong>cet</strong></span> <span class='ocrx_word' id='word_1_457' title='bbox 2023 1019 2164 1078; x_wconf 87' lang='lat' dir='ltr'><strong>inter</strong></span> <span class='ocrx_word' id='word_1_458' title='bbox 2187 1019 2439 1074; x_wconf 89' lang='lat' dir='ltr'><strong>Carolum</strong></span> <span class='ocrx_word' id='word_1_459' title='bbox 2470 1035 2650 1090; x_wconf 82' lang='lat' dir='ltr'><strong>regem</strong></span> <span class='ocrx_word' id='word_1_460' title='bbox 2691 1017 3102 1088; x_wconf 85' lang='lat' dir='ltr'><strong>Neapolitanum</strong></span> <span class='ocrx_word' id='word_1_461' title='bbox 3147 1025 3202 1072; x_wconf 87' lang='lat' dir='ltr'><strong>et</strong></span> <span class='ocrx_word' id='word_1_462' title='bbox 3239 1016 3479 1074; x_wconf 62' lang='lat' dir='ltr'><strong>Frideri-</strong></span> 
     </span>
    </p>
   </div>
   <div class='ocr_carea' id='block_1_68' title="bbox 1903 1108 3479 1177">
    <p class='ocr_par' dir='ltr' id='par_1_68' title="bbox 1903 1108 3479 1177">
     <span class='ocr_line' id='line_1_68' title="bbox 1903 1108 3479 1177; baseline -0.004 -9"><span class='ocrx_word' id='word_1_463' title='bbox 1903 1128 2025 1168; x_wconf 90' lang='lat' dir='ltr'><strong>cum</strong></span> <span class='ocrx_word' id='word_1_464' title='bbox 2077 1112 2342 1170; x_wconf 88' lang='lat' dir='ltr'><strong>saucitam</strong></span> <span class='ocrx_word' id='word_1_465' title='bbox 2401 1125 2543 1165; x_wconf 92' lang='lat' dir='ltr'><strong>anno</strong></span> <span class='ocrx_word' id='word_1_466' title='bbox 2592 1110 2794 1166; x_wconf 86' lang='lat' dir='ltr'><strong>Christi</strong></span> <span class='ocrx_word' id='word_1_467' title='bbox 2829 1109 2986 1174; x_wconf 77' lang='grc'><strong>1502,</strong></span> <span class='ocrx_word' id='word_1_468' title='bbox 3020 1123 3143 1168; x_wconf 88' lang='lat' dir='ltr'><strong>cum</strong></span> <span class='ocrx_word' id='word_1_469' title='bbox 3178 1108 3292 1177; x_wconf 87' lang='lat' dir='ltr'><strong>jam</strong></span> <span class='ocrx_word' id='word_1_470' title='bbox 3333 1124 3479 1162; x_wconf 89' lang='lat' dir='ltr'><strong>anno</strong></span> 
     </span>
    </p>
   </div>
   <div class='ocr_carea' id='block_1_69' title="bbox 1905 1200 3477 1274">
    <p class='ocr_par' dir='ltr' id='par_1_69' title="bbox 1905 1200 3477 1274">
     <span class='ocr_line' id='line_1_69' title="bbox 1905 1200 3477 1274; baseline -0.004 -15"><span class='ocrx_word' id='word_1_471' title='bbox 1905 1206 2172 1274; x_wconf 88' lang='lat' dir='ltr'><strong>superiori</strong></span> <span class='ocrx_word' id='word_1_472' title='bbox 2221 1204 2453 1262; x_wconf 88' lang='lat' dir='ltr'><strong>Carolus</strong></span> <span class='ocrx_word' id='word_1_473' title='bbox 2484 1203 2654 1260; x_wconf 86' lang='lat' dir='ltr'><strong>frater</strong></span> <span class='ocrx_word' id='word_1_474' title='bbox 2689 1203 2836 1274; x_wconf 78' lang='lat' dir='ltr'><strong>regis</strong></span> <span class='ocrx_word' id='word_1_475' title='bbox 2864 1201 3106 1257; x_wconf 63' lang='lat' dir='ltr'><strong>Francia!</strong></span> <span class='ocrx_word' id='word_1_476' title='bbox 3133 1209 3395 1257; x_wconf 84' lang='lat' dir='ltr'><strong>evocatus</strong></span> <span class='ocrx_word' id='word_1_477' title='bbox 3422 1200 3477 1255; x_wconf 91' lang='lat' dir='ltr'><strong>in</strong></span> 
     </span>
    </p>
   </div>
   <div class='ocr_carea' id='block_1_70' title="bbox 1904 1292 3477 1366">
    <p class='ocr_par' dir='ltr' id='par_1_70' title="bbox 1904 1292 3477 1366">
     <span class='ocr_line' id='line_1_70' title="bbox 1904 1292 3477 1366; baseline -0.004 -15"><span class='ocrx_word' id='word_1_478' title='bbox 1904 1297 2113 1353; x_wconf 84' lang='lat' dir='ltr'><strong>italiam</strong></span> <span class='ocrx_word' id='word_1_479' title='bbox 2164 1313 2193 1352; x_wconf 87' lang='lat' dir='ltr'><strong>a</strong></span> <span class='ocrx_word' id='word_1_480' title='bbox 2239 1295 2517 1366; x_wconf 77' lang='lat' dir='ltr'><strong>pontifice,</strong></span> <span class='ocrx_word' id='word_1_481' title='bbox 2555 1304 2612 1352; x_wconf 91' lang='lat' dir='ltr'><strong>ut</strong></span> <span class='ocrx_word' id='word_1_482' title='bbox 2644 1295 2842 1352; x_wconf 87' lang='lat' dir='ltr'><strong>Carolo</strong></span> <span class='ocrx_word' id='word_1_483' title='bbox 2868 1294 2909 1349; x_wconf 88' lang='lat' dir='ltr'><strong>il</strong></span> <span class='ocrx_word' id='word_1_484' title='bbox 2944 1295 3054 1366; x_wconf 83' lang='lat' dir='ltr'><strong>regi</strong></span> <span class='ocrx_word' id='word_1_485' title='bbox 3079 1292 3336 1366; x_wconf 86' lang='lat' dir='ltr'><strong>Neapolis</strong></span> <span class='ocrx_word' id='word_1_486' title='bbox 3377 1293 3477 1346; x_wconf 86' lang='lat' dir='ltr'><strong>ad-</strong></span> 
     </span>
    </p>
   </div>
   <div class='ocr_carea' id='block_1_71' title="bbox 1901 1384 3480 1456">
    <p class='ocr_par' dir='ltr' id='par_1_71' title="bbox 1901 1384 3480 1456">
     <span class='ocr_line' id='line_1_71' title="bbox 1901 1384 3480 1456; baseline -0.002 -15"><span class='ocrx_word' id='word_1_487' title='bbox 1901 1402 2090 1443; x_wconf 88' lang='lat' dir='ltr'><strong>versus</strong></span> <span class='ocrx_word' id='word_1_488' title='bbox 2131 1387 2468 1443; x_wconf 83' lang='lat' dir='ltr'><strong>Fridericum</strong></span> <span class='ocrx_word' id='word_1_489' title='bbox 2501 1386 2746 1442; x_wconf 89' lang='lat' dir='ltr'><strong>Siciliam</strong></span> <span class='ocrx_word' id='word_1_490' title='bbox 2788 1394 3139 1456; x_wconf 87' lang='lat' dir='ltr'><strong>occupantem</strong></span> <span class='ocrx_word' id='word_1_491' title='bbox 3187 1384 3480 1442; x_wconf 78' lang='lat' dir='ltr'><strong>auxiliare-</strong></span> 
     </span>
    </p>
   </div>
   <div class='ocr_carea' id='block_1_72' title="bbox 1904 1474 3477 1546">
    <p class='ocr_par' dir='ltr' id='par_1_72' title="bbox 1904 1474 3477 1546">
     <span class='ocr_line' id='line_1_72' title="bbox 1904 1474 3477 1546; baseline 0 -18"><span class='ocrx_word' id='word_1_492' title='bbox 1904 1486 2010 1542; x_wconf 90' lang='lat' dir='ltr'><strong>tur,</strong></span> <span class='ocrx_word' id='word_1_493' title='bbox 2041 1476 2369 1533; x_wconf 86' lang='lat' dir='ltr'><strong>conciliante</strong></span> <span class='ocrx_word' id='word_1_494' title='bbox 2399 1475 2515 1546; x_wconf 84' lang='lat' dir='ltr'><strong>ipso</strong></span> <span class='ocrx_word' id='word_1_495' title='bbox 2552 1475 2828 1534; x_wconf 84' lang='lat' dir='ltr'><strong>Bonifacio</strong></span> <span class='ocrx_word' id='word_1_496' title='bbox 2861 1474 3270 1534; x_wconf 84' lang='lat' dir='ltr'><strong>matrimonium</strong></span> <span class='ocrx_word' id='word_1_497' title='bbox 3321 1475 3477 1530; x_wconf 87' lang='lat' dir='ltr'><strong>iniis-</strong></span> 
     </span>
    </p>
   </div>
   <div class='ocr_carea' id='block_1_73' title="bbox 1901 1567 3474 1636">
    <p class='ocr_par' dir='ltr' id='par_1_73' title="bbox 1901 1567 3474 1636">
     <span class='ocr_line' id='line_1_73' title="bbox 1901 1567 3474 1636; baseline 0 -15"><span class='ocrx_word' id='word_1_498' title='bbox 1901 1575 1984 1621; x_wconf 87' lang='lat' dir='ltr'><strong>set</strong></span> <span class='ocrx_word' id='word_1_499' title='bbox 2038 1581 2159 1620; x_wconf 87' lang='lat' dir='ltr'><strong>cum</strong></span> <span class='ocrx_word' id='word_1_500' title='bbox 2226 1567 2387 1622; x_wconf 91' lang='lat' dir='ltr'><strong>modo</strong></span> <span class='ocrx_word' id='word_1_501' title='bbox 2436 1575 2730 1628; x_wconf 81' lang='lat' dir='ltr'><strong>memorato</strong></span> <span class='ocrx_word' id='word_1_502' title='bbox 2769 1567 3090 1633; x_wconf 86' lang='lat' dir='ltr'><strong>Catherina,</strong></span> <span class='ocrx_word' id='word_1_503' title='bbox 3121 1567 3390 1636; x_wconf 82' lang='lat' dir='ltr'><strong>imputate</strong></span> <span class='ocrx_word' id='word_1_504' title='bbox 3421 1571 3474 1621; x_wconf 92' lang='lat' dir='ltr'><strong>in</strong></span> 
     </span>
    </p>
   </div>
   <div class='ocr_carea' id='block_1_74' title="bbox 1901 1641 3474 1730">
    <p class='ocr_par' dir='ltr' id='par_1_74' title="bbox 1901 1641 3474 1730">
     <span class='ocr_line' id='line_1_74' title="bbox 1901 1641 3474 1730; baseline -0.004 -18"><span class='ocrx_word' id='word_1_505' title='bbox 1901 1659 2077 1713; x_wconf 87' lang='lat' dir='ltr'><strong>dotem</strong></span> <span class='ocrx_word' id='word_1_506' title='bbox 2120 1658 2336 1728; x_wconf 82' lang='lat' dir='ltr'><strong>imperii</strong></span> <span class='ocrx_word' id='word_1_507' title='bbox 2393 1641 2456 1730; x_wconf 76' lang='grc' dir='ltr'><strong>[Ρ</strong></span> <span class='ocrx_word' id='word_1_508' title='bbox 2481 1657 2609 1730; x_wconf 68' lang='grc'><strong>519]</strong></span> <span class='ocrx_word' id='word_1_509' title='bbox 2652 1657 3238 1726; x_wconf 82' lang='lat' dir='ltr'><strong>Constantinopolitani</strong></span> <span class='ocrx_word' id='word_1_510' title='bbox 3296 1655 3474 1720; x_wconf 88' lang='lat' dir='ltr'><strong>titulo,</strong></span> 
     </span>
    </p>
   </div>
   <div class='ocr_carea' id='block_1_75' title="bbox 1901 1747 3478 1821">
    <p class='ocr_par' dir='ltr' id='par_1_75' title="bbox 1901 1747 3478 1821">
     <span class='ocr_line' id='line_1_75' title="bbox 1901 1747 3478 1821; baseline -0.001 -19"><span class='ocrx_word' id='word_1_511' title='bbox 1901 1750 1965 1805; x_wconf 89' lang='lat' dir='ltr'><strong>ad</strong></span> <span class='ocrx_word' id='word_1_512' title='bbox 1994 1750 2137 1821; x_wconf 88' lang='lat' dir='ltr'><strong>quod</strong></span> <span class='ocrx_word' id='word_1_513' title='bbox 2161 1749 2458 1806; x_wconf 89' lang='lat' dir='ltr'><strong>Catherina</strong></span> <span class='ocrx_word' id='word_1_514' title='bbox 2479 1749 2567 1818; x_wconf 88' lang='lat' dir='ltr'><strong>jus</strong></span> <span class='ocrx_word' id='word_1_515' title='bbox 2592 1765 2622 1804; x_wconf 93' lang='lat' dir='ltr'><strong>e</strong></span> <span class='ocrx_word' id='word_1_516' title='bbox 2647 1761 2801 1819; x_wconf 86' lang='lat' dir='ltr'><strong>patre</strong></span> <span class='ocrx_word' id='word_1_517' title='bbox 2831 1750 3099 1806; x_wconf 85' lang='lat' dir='ltr'><strong>trahebat.</strong></span> <span class='ocrx_word' id='word_1_518' title='bbox 3135 1747 3332 1807; x_wconf 80' lang='lat' dir='ltr'><strong>Narrat</strong></span> <span class='ocrx_word' id='word_1_519' title='bbox 3363 1749 3478 1802; x_wconf 64' lang='lat' dir='ltr'><strong>haec</strong></span> 
     </span>
    </p>
   </div>
   <div class='ocr_carea' id='block_1_76' title="bbox 1899 1839 3474 1908">
    <p class='ocr_par' dir='ltr' id='par_1_76' title="bbox 1899 1839 3474 1908">
     <span class='ocr_line' id='line_1_76' title="bbox 1899 1839 3474 1908; baseline -0.003 -12"><span class='ocrx_word' id='word_1_520' title='bbox 1899 1839 2134 1896; x_wconf 83' lang='lat' dir='ltr'><strong>Joannes</strong></span> <span class='ocrx_word' id='word_1_521' title='bbox 2163 1840 2450 1906; x_wconf 77' lang='lat' dir='ltr'><strong>Villanius,</strong></span> <span class='ocrx_word' id='word_1_522' title='bbox 2479 1841 2512 1895; x_wconf 90' lang='grc' dir='ltr'><strong>Ι.</strong></span> <span class='ocrx_word' id='word_1_523' title='bbox 2545 1857 2623 1906; x_wconf 79' lang='lat' dir='ltr'><strong>rx,</strong></span> <span class='ocrx_word' id='word_1_524' title='bbox 2655 1857 2708 1896; x_wconf 94' lang='lat' dir='ltr'><strong>c.</strong></span> <span class='ocrx_word' id='word_1_525' title='bbox 2745 1841 2870 1898; x_wconf 81' lang='lat' dir='ltr'><strong>l05.</strong></span> <span class='ocrx_word' id='word_1_526' title='bbox 2899 1839 3125 1897; x_wconf 64' lang='lat' dir='ltr'><strong>Jordari</strong></span> <span class='ocrx_word' id='word_1_527' title='bbox 3165 1843 3474 1908; x_wconf 85' lang='lat' dir='ltr'><strong>temporum</strong></span> 
     </span>
    </p>
   </div>
   <div class='ocr_carea' id='block_1_77' title="bbox 1828 1920 3473 2003">
    <p class='ocr_par' dir='ltr' id='par_1_77' title="bbox 1828 1920 3473 2003">
     <span class='ocr_line' id='line_1_77' title="bbox 1828 1920 3473 2003; baseline 0.003 -20"><span class='ocrx_word' id='word_1_528' title='bbox 1828 1920 1868 1977; x_wconf 86' lang='grc' dir='ltr'><strong><em>Β</em></strong></span> <span class='ocrx_word' id='word_1_529' title='bbox 1901 1929 2113 1984; x_wconf 91' lang='lat' dir='ltr'><strong>illorum</strong></span> <span class='ocrx_word' id='word_1_530' title='bbox 2141 1931 2408 1997; x_wconf 85' lang='lat' dir='ltr'><strong>historici.</strong></span> <span class='ocrx_word' id='word_1_531' title='bbox 2440 1932 2594 2001; x_wconf 89' lang='lat' dir='ltr'><strong>cujus</strong></span> <span class='ocrx_word' id='word_1_532' title='bbox 2617 1948 2751 2003; x_wconf 89' lang='lat' dir='ltr'><strong>opus</strong></span> <span class='ocrx_word' id='word_1_533' title='bbox 2781 1947 2884 1988; x_wconf 90' lang='lat' dir='ltr'><strong>ms.</strong></span> <span class='ocrx_word' id='word_1_534' title='bbox 2909 1943 3161 1990; x_wconf 84' lang='lat' dir='ltr'><strong>servatur</strong></span> <span class='ocrx_word' id='word_1_535' title='bbox 3195 1933 3244 1986; x_wconf 89' lang='lat' dir='ltr'><strong>in</strong></span> <span class='ocrx_word' id='word_1_536' title='bbox 3278 1932 3473 1988; x_wconf 85' lang='lat' dir='ltr'><strong>biblio-</strong></span> 
     </span>
    </p>
   </div>
   <div class='ocr_carea' id='block_1_78' title="bbox 1900 2022 3476 2093">
    <p class='ocr_par' dir='ltr' id='par_1_78' title="bbox 1900 2022 3476 2093">
     <span class='ocr_line' id='line_1_78' title="bbox 1900 2022 3476 2093; baseline 0.002 -18"><span class='ocrx_word' id='word_1_537' title='bbox 1900 2022 2053 2078; x_wconf 88' lang='lat' dir='ltr'><strong>theca</strong></span> <span class='ocrx_word' id='word_1_538' title='bbox 2082 2022 2365 2093; x_wconf 73' lang='lat' dir='ltr'><strong>Vaticana,</strong></span> <span class='ocrx_word' id='word_1_539' title='bbox 2396 2040 2450 2080; x_wconf 86' lang='grc' dir='ltr'><strong>η.</strong></span> <span class='ocrx_word' id='word_1_540' title='bbox 2487 2025 2649 2089; x_wconf 88' lang='grc'><strong>1960,</strong></span> <span class='ocrx_word' id='word_1_541' title='bbox 2691 2026 2757 2080; x_wconf 87' lang='lat' dir='ltr'><strong>de</strong></span> <span class='ocrx_word' id='word_1_542' title='bbox 2782 2025 2880 2082; x_wconf 86' lang='lat' dir='ltr'><strong>hac</strong></span> <span class='ocrx_word' id='word_1_543' title='bbox 2913 2041 2972 2080; x_wconf 89' lang='lat' dir='ltr'><strong>re</strong></span> <span class='ocrx_word' id='word_1_544' title='bbox 2995 2028 3158 2081; x_wconf 81' lang='lat' dir='ltr'><strong>verba</strong></span> <span class='ocrx_word' id='word_1_545' title='bbox 3185 2027 3301 2078; x_wconf 74' lang='lat' dir='ltr'><strong>hzrc</strong></span> <span class='ocrx_word' id='word_1_546' title='bbox 3338 2025 3476 2078; x_wconf 88' lang='lat' dir='ltr'><strong>rcci-</strong></span> 
     </span>
    </p>
   </div>
   <div class='ocr_carea' id='block_1_79' title="bbox 1899 2117 3467 2190">
    <p class='ocr_par' dir='ltr' id='par_1_79' title="bbox 1899 2117 3467 2190">
     <span class='ocr_line' id='line_1_79' title="bbox 1899 2117 3467 2190; baseline 0 -18"><span class='ocrx_word' id='word_1_547' title='bbox 1899 2126 1979 2172; x_wconf 84' lang='lat' dir='ltr'><strong>tat</strong></span> <span class='ocrx_word' id='word_1_548' title='bbox 2012 2117 2466 2188; x_wconf 84' lang='lat' dir='ltr'><strong>diligentissimus</strong></span> <span class='ocrx_word' id='word_1_549' title='bbox 2501 2119 2768 2176; x_wconf 90' lang='lat' dir='ltr'><strong>Odoricns</strong></span> <span class='ocrx_word' id='word_1_550' title='bbox 2797 2117 3109 2190; x_wconf 83' lang='lat' dir='ltr'><strong>Raynaldus</strong></span> <span class='ocrx_word' id='word_1_551' title='bbox 3158 2134 3302 2174; x_wconf 87' lang='lat' dir='ltr'><strong>anno</strong></span> <span class='ocrx_word' id='word_1_552' title='bbox 3331 2119 3467 2174; x_wconf 89' lang='lat' dir='ltr'><strong>Chr.</strong></span> 
     </span>
    </p>
   </div>
   <div class='ocr_carea' id='block_1_80' title="bbox 1897 2209 3472 2284">
    <p class='ocr_par' dir='ltr' id='par_1_80' title="bbox 1897 2209 3472 2284">
     <span class='ocr_line' id='line_1_80' title="bbox 1897 2209 3472 2284; baseline 0 -20"><span class='ocrx_word' id='word_1_553' title='bbox 1897 2210 2058 2276; x_wconf 77' lang='grc'><strong>1501,</strong></span> <span class='ocrx_word' id='word_1_554' title='bbox 2093 2228 2145 2265; x_wconf 92' lang='lat' dir='ltr'><strong>n.</strong></span> <span class='ocrx_word' id='word_1_555' title='bbox 2196 2212 2263 2266; x_wconf 83' lang='grc'><strong>15</strong></span> <span class='ocrx_word' id='word_1_556' title='bbox 2296 2229 2310 2266; x_wconf 86' lang='lat'><strong>:</strong></span> <span class='ocrx_word' id='word_1_557' title='bbox 2355 2209 2569 2266; x_wconf 78' lang='lat' dir='ltr'><strong>Mortua</strong></span> <span class='ocrx_word' id='word_1_558' title='bbox 2601 2212 2822 2284; x_wconf 81' lang='lat' dir='ltr'><strong>conjuge</strong></span> <span class='ocrx_word' id='word_1_559' title='bbox 2854 2213 3038 2267; x_wconf 80' lang='lat' dir='ltr'><strong>Caroli</strong></span> <span class='ocrx_word' id='word_1_560' title='bbox 3076 2212 3287 2282; x_wconf 87' lang='lat' dir='ltr'><strong>(fratris</strong></span> <span class='ocrx_word' id='word_1_561' title='bbox 3331 2210 3472 2282; x_wconf 68' lang='lat' dir='ltr'><strong>regis</strong></span> 
     </span>
    </p>
   </div>
   <div class='ocr_carea' id='block_1_81' title="bbox 1896 2301 3470 2377">
    <p class='ocr_par' dir='ltr' id='par_1_81' title="bbox 1896 2301 3470 2377">
     <span class='ocr_line' id='line_1_81' title="bbox 1896 2301 3470 2377; baseline -0.001 -18"><span class='ocrx_word' id='word_1_562' title='bbox 1896 2301 2162 2372; x_wconf 70' lang='lat' dir='ltr'><strong>Francite)</strong></span> <span class='ocrx_word' id='word_1_563' title='bbox 2191 2303 2342 2357; x_wconf 66' lang='lat' dir='ltr'><strong>duxit</strong></span> <span class='ocrx_word' id='word_1_564' title='bbox 2367 2303 2737 2368; x_wconf 78' lang='lat' dir='ltr'><strong>Cathorinam,</strong></span> <span class='ocrx_word' id='word_1_565' title='bbox 2757 2305 2843 2360; x_wconf 83' lang='lat' dir='ltr'><strong>cui</strong></span> <span class='ocrx_word' id='word_1_566' title='bbox 2866 2304 2961 2374; x_wconf 81' lang='lat' dir='ltr'><strong>jus</strong></span> <span class='ocrx_word' id='word_1_567' title='bbox 2980 2305 3187 2377; x_wconf 85' lang='lat' dir='ltr'><strong>imperii</strong></span> <span class='ocrx_word' id='word_1_568' title='bbox 3209 2303 3470 2359; x_wconf 84' lang='lat' dir='ltr'><strong>Constan-</strong></span> 
     </span>
    </p>
   </div>
   <div class='ocr_carea' id='block_1_82' title="bbox 1897 2395 3469 2465">
    <p class='ocr_par' dir='ltr' id='par_1_82' title="bbox 1897 2395 3469 2465">
     <span class='ocr_line' id='line_1_82' title="bbox 1897 2395 3469 2465; baseline 0.001 -18"><span class='ocrx_word' id='word_1_569' title='bbox 1897 2395 2242 2462; x_wconf 85' lang='lat' dir='ltr'><strong>tinopolitani</strong></span> <span class='ocrx_word' id='word_1_570' title='bbox 2271 2395 2576 2451; x_wconf 82' lang='lat' dir='ltr'><strong>debebatur.</strong></span> <span class='ocrx_word' id='word_1_571' title='bbox 2607 2395 2736 2451; x_wconf 83' lang='lat' dir='ltr'><strong>Ideo</strong></span> <span class='ocrx_word' id='word_1_572' title='bbox 2766 2413 2886 2453; x_wconf 84' lang='lat' dir='ltr'><strong>cum</strong></span> <span class='ocrx_word' id='word_1_573' title='bbox 2928 2395 3140 2452; x_wconf 80' lang='lat' dir='ltr'><strong>Venetis</strong></span> <span class='ocrx_word' id='word_1_574' title='bbox 3178 2398 3469 2465; x_wconf 78' lang='lat' dir='ltr'><strong>composuit</strong></span> 
     </span>
    </p>
   </div>
   <div class='ocr_carea' id='block_1_83' title="bbox 1893 2484 3470 2558">
    <p class='ocr_par' dir='ltr' id='par_1_83' title="bbox 1893 2484 3470 2558">
     <span class='ocr_line' id='line_1_83' title="bbox 1893 2484 3470 2558; baseline 0.003 -21"><span class='ocrx_word' id='word_1_575' title='bbox 1893 2503 1987 2556; x_wconf 86' lang='lat' dir='ltr'><strong>pro</strong></span> <span class='ocrx_word' id='word_1_576' title='bbox 2019 2484 2608 2558; x_wconf 85' lang='lat' dir='ltr'><strong>Constantinopolitano</strong></span> <span class='ocrx_word' id='word_1_577' title='bbox 2643 2489 2862 2558; x_wconf 87' lang='lat' dir='ltr'><strong>imperio</strong></span> <span class='ocrx_word' id='word_1_578' title='bbox 2889 2488 3268 2557; x_wconf 74' lang='lat' dir='ltr'><strong>recuperando,</strong></span> <span class='ocrx_word' id='word_1_579' title='bbox 3301 2499 3352 2543; x_wconf 79' lang='lat' dir='ltr'><strong>et</strong></span> <span class='ocrx_word' id='word_1_580' title='bbox 3383 2505 3470 2542; x_wconf 79' lang='lat' dir='ltr'><strong>ve-</strong></span> 
     </span>
    </p>
   </div>
   <div class='ocr_carea' id='block_1_84' title="bbox 1895 2580 3467 2654">
    <p class='ocr_par' dir='ltr' id='par_1_84' title="bbox 1895 2580 3467 2654">
     <span class='ocr_line' id='line_1_84' title="bbox 1895 2580 3467 2654; baseline 0.001 -20"><span class='ocrx_word' id='word_1_581' title='bbox 1895 2581 1968 2634; x_wconf 84' lang='lat' dir='ltr'><strong>nit</strong></span> <span class='ocrx_word' id='word_1_582' title='bbox 2021 2580 2242 2635; x_wconf 86' lang='lat' dir='ltr'><strong>Romam</strong></span> <span class='ocrx_word' id='word_1_583' title='bbox 2294 2581 2532 2648; x_wconf 81' lang='lat' dir='ltr'><strong>MCCCI,</strong></span> <span class='ocrx_word' id='word_1_584' title='bbox 2562 2592 2612 2638; x_wconf 78' lang='lat' dir='ltr'><strong>et</strong></span> <span class='ocrx_word' id='word_1_585' title='bbox 2642 2601 2676 2638; x_wconf 78' lang='grc' dir='ltr'><em>α</em></span> <span class='ocrx_word' id='word_1_586' title='bbox 2714 2600 2851 2654; x_wconf 84' lang='lat' dir='ltr'><strong>papa</strong></span> <span class='ocrx_word' id='word_1_587' title='bbox 2881 2583 3156 2653; x_wconf 78' lang='lat' dir='ltr'><strong>Bonifacio</strong></span> <span class='ocrx_word' id='word_1_588' title='bbox 3182 2583 3467 2648; x_wconf 82' lang='lat' dir='ltr'><strong>honoriﬁce</strong></span> 
     </span>
    </p>
   </div>
   <div class='ocr_carea' id='block_1_85' title="bbox 1893 2675 3465 2746">
    <p class='ocr_par' dir='ltr' id='par_1_85' title="bbox 1893 2675 3465 2746">
     <span class='ocr_line' id='line_1_85' title="bbox 1893 2675 3465 2746; baseline 0.001 -19"><span class='ocrx_word' id='word_1_589' title='bbox 1893 2683 2166 2744; x_wconf 80' lang='lat' dir='ltr'><strong>susceptus</strong></span> <span class='ocrx_word' id='word_1_590' title='bbox 2216 2675 2444 2730; x_wconf 85' lang='lat' dir='ltr'><strong>vicarius</strong></span> <span class='ocrx_word' id='word_1_591' title='bbox 2487 2685 2538 2731; x_wconf 85' lang='lat' dir='ltr'><strong>et</strong></span> <span class='ocrx_word' id='word_1_592' title='bbox 2583 2676 2832 2746; x_wconf 78' lang='lat' dir='ltr'><strong>defensor</strong></span> <span class='ocrx_word' id='word_1_593' title='bbox 2870 2675 3126 2731; x_wconf 74' lang='lat' dir='ltr'><strong>Ecclesia:</strong></span> <span class='ocrx_word' id='word_1_594' title='bbox 3181 2675 3465 2730; x_wconf 80' lang='lat' dir='ltr'><strong>constitui-</strong></span> 
     </span>
    </p>
   </div>
   <div class='ocr_carea' id='block_1_86' title="bbox 1893 2765 3460 2840">
    <p class='ocr_par' dir='ltr' id='par_1_86' title="bbox 1893 2765 3460 2840">
     <span class='ocr_line' id='line_1_86' title="bbox 1893 2765 3460 2840; baseline 0.002 -22"><span class='ocrx_word' id='word_1_595' title='bbox 1893 2776 2000 2830; x_wconf 82' lang='lat' dir='ltr'><strong>tur,</strong></span> <span class='ocrx_word' id='word_1_596' title='bbox 2033 2776 2138 2824; x_wconf 91' lang='lat' dir='ltr'><strong>etc.</strong></span> <span class='ocrx_word' id='word_1_597' title='bbox 2169 2766 2316 2822; x_wconf 86' lang='lat' dir='ltr'><strong>Satis</strong></span> <span class='ocrx_word' id='word_1_598' title='bbox 2348 2782 2512 2840; x_wconf 90' lang='lat' dir='ltr'><strong>porro</strong></span> <span class='ocrx_word' id='word_1_599' title='bbox 2540 2767 2836 2822; x_wconf 83' lang='lat' dir='ltr'><strong>verisimile</strong></span> <span class='ocrx_word' id='word_1_600' title='bbox 2865 2775 2949 2826; x_wconf 84' lang='lat' dir='ltr'><strong>cst</strong></span> <span class='ocrx_word' id='word_1_601' title='bbox 2977 2766 3229 2821; x_wconf 86' lang='lat' dir='ltr'><strong>Carolum</strong></span> <span class='ocrx_word' id='word_1_602' title='bbox 3274 2765 3460 2828; x_wconf 83' lang='lat' dir='ltr'><strong>istum.</strong></span> 
     </span>
    </p>
   </div>
   <div class='ocr_carea' id='block_1_87' title="bbox 1889 2858 3459 2933">
    <p class='ocr_par' dir='ltr' id='par_1_87' title="bbox 1889 2858 3459 2933">
     <span class='ocr_line' id='line_1_87' title="bbox 1889 2858 3459 2933; baseline -0.001 -19"><span class='ocrx_word' id='word_1_603' title='bbox 1889 2858 2048 2914; x_wconf 86' lang='lat' dir='ltr'><strong>simul</strong></span> <span class='ocrx_word' id='word_1_604' title='bbox 2079 2858 2428 2916; x_wconf 86' lang='lat' dir='ltr'><strong>Catherinam</strong></span> <span class='ocrx_word' id='word_1_605' title='bbox 2474 2859 2648 2925; x_wconf 83' lang='lat' dir='ltr'><strong>duxit,</strong></span> <span class='ocrx_word' id='word_1_606' title='bbox 2693 2861 2994 2933; x_wconf 85' lang='lat' dir='ltr'><strong>sumpsisse</strong></span> <span class='ocrx_word' id='word_1_607' title='bbox 3033 2859 3246 2915; x_wconf 88' lang='lat' dir='ltr'><strong>titulum</strong></span> <span class='ocrx_word' id='word_1_608' title='bbox 3284 2860 3459 2928; x_wconf 89' lang='lat' dir='ltr'><strong>impe-</strong></span> 
     </span>
    </p>
   </div>
   <div class='ocr_carea' id='block_1_88' title="bbox 1892 2952 3459 3022">
    <p class='ocr_par' dir='ltr' id='par_1_88' title="bbox 1892 2952 3459 3022">
     <span class='ocr_line' id='line_1_88' title="bbox 1892 2952 3459 3022; baseline -0.001 -16"><span class='ocrx_word' id='word_1_609' title='bbox 1892 2953 2092 3008; x_wconf 89' lang='lat' dir='ltr'><strong>ratoris</strong></span> <span class='ocrx_word' id='word_1_610' title='bbox 2131 2952 2752 3022; x_wconf 88' lang='lat' dir='ltr'><strong>Constantinopolitani,</strong></span> <span class='ocrx_word' id='word_1_611' title='bbox 2787 2953 3042 3008; x_wconf 86' lang='lat' dir='ltr'><strong>collatum</strong></span> <span class='ocrx_word' id='word_1_612' title='bbox 3079 2953 3179 3020; x_wconf 89' lang='lat' dir='ltr'><strong>ipsi</strong></span> <span class='ocrx_word' id='word_1_613' title='bbox 3209 2965 3238 3007; x_wconf 90' lang='lat' dir='ltr'><strong>a</strong></span> <span class='ocrx_word' id='word_1_614' title='bbox 3278 2952 3459 3022; x_wconf 84' lang='lat' dir='ltr'><strong>ponti-</strong></span> 
     </span>
    </p>
   </div>
   <div class='ocr_carea' id='block_1_89' title="bbox 1889 3041 3459 3110">
    <p class='ocr_par' dir='ltr' id='par_1_89' title="bbox 1889 3041 3459 3110">
     <span class='ocr_line' id='line_1_89' title="bbox 1889 3041 3459 3110; baseline -0.004 -10"><span class='ocrx_word' id='word_1_615' title='bbox 1889 3044 1991 3100; x_wconf 84' lang='lat' dir='ltr'><strong>liee</strong></span> <span class='ocrx_word' id='word_1_616' title='bbox 2024 3061 2278 3099; x_wconf 88' lang='lat' dir='ltr'><strong>coronam</strong></span> <span class='ocrx_word' id='word_1_617' title='bbox 2304 3045 2638 3110; x_wconf 86' lang='lat' dir='ltr'><strong>impcrialem</strong></span> <span class='ocrx_word' id='word_1_618' title='bbox 2669 3045 2717 3098; x_wconf 90' lang='lat' dir='ltr'><strong>ei</strong></span> <span class='ocrx_word' id='word_1_619' title='bbox 2741 3045 3038 3100; x_wconf 89' lang='lat' dir='ltr'><strong>tribuente.</strong></span> <span class='ocrx_word' id='word_1_620' title='bbox 3077 3041 3130 3096; x_wconf 90' lang='lat' dir='ltr'><strong>Id</strong></span> <span class='ocrx_word' id='word_1_621' title='bbox 3154 3043 3345 3096; x_wconf 86' lang='lat' dir='ltr'><strong>saltem</strong></span> <span class='ocrx_word' id='word_1_622' title='bbox 3374 3044 3459 3096; x_wconf 73' lang='lat' dir='ltr'><strong>in~</strong></span> 
     </span>
    </p>
   </div>
   <div class='ocr_carea' id='block_1_90' title="bbox 1892 3135 3458 3206">
    <p class='ocr_par' dir='ltr' id='par_1_90' title="bbox 1892 3135 3458 3206">
     <span class='ocr_line' id='line_1_90' title="bbox 1892 3135 3458 3206; baseline -0.003 -16"><span class='ocrx_word' id='word_1_623' title='bbox 1892 3152 2056 3190; x_wconf 77' lang='lat' dir='ltr'><strong>nuere</strong></span> <span class='ocrx_word' id='word_1_624' title='bbox 2089 3137 2338 3191; x_wconf 87' lang='lat' dir='ltr'><strong>videntur</strong></span> <span class='ocrx_word' id='word_1_625' title='bbox 2363 3137 2446 3190; x_wconf 91' lang='lat' dir='ltr'><strong>illa</strong></span> <span class='ocrx_word' id='word_1_626' title='bbox 2471 3136 2726 3192; x_wconf 89' lang='lat' dir='ltr'><strong>continue</strong></span> <span class='ocrx_word' id='word_1_627' title='bbox 2752 3135 3038 3206; x_wconf 85' lang='lat' dir='ltr'><strong>subjuncta</strong></span> <span class='ocrx_word' id='word_1_628' title='bbox 3063 3135 3230 3190; x_wconf 87' lang='lat' dir='ltr'><strong>nostri</strong></span> <span class='ocrx_word' id='word_1_629' title='bbox 3262 3135 3420 3188; x_wconf 83' lang='lat' dir='ltr'><strong>verba</strong></span> <span class='ocrx_word' id='word_1_630' title='bbox 3445 3151 3458 3186; x_wconf 88' lang='lat'><strong>:</strong></span> 
     </span>
    </p>
   </div>
   <div class='ocr_carea' id='block_1_91' title="bbox 1892 3227 3460 3302">
    <p class='ocr_par' dir='ltr' id='par_1_91' title="bbox 1892 3227 3460 3302">
     <span class='ocr_line' id='line_1_91' title="bbox 1892 3227 3460 3302; baseline 0.001 -24"><span class='ocrx_word' id='word_1_631' title='bbox 1892 3227 2056 3294; x_wconf 77' lang='lat' dir='ltr'><strong>anm</strong></span> <span class='ocrx_word' id='word_1_632' title='bbox 2088 3243 2226 3296; x_wconf 84' lang='lat' dir='ltr'><strong>papa</strong></span> <span class='ocrx_word' id='word_1_633' title='bbox 2257 3228 2425 3302; x_wconf 63' lang='grc'><strong>764</strong></span> <span class='ocrx_word' id='word_1_634' title='bbox 2462 3245 2723 3284; x_wconf 82' lang='lat' dir='ltr'><strong>coronans</strong></span> <span class='ocrx_word' id='word_1_635' title='bbox 2748 3229 3118 3296; x_wconf 81' lang='lat' dir='ltr'><strong>imperatorem</strong></span> <span class='ocrx_word' id='word_1_636' title='bbox 3154 3229 3264 3282; x_wconf 86' lang='lat' dir='ltr'><strong>sine</strong></span> <span class='ocrx_word' id='word_1_637' title='bbox 3294 3237 3460 3288; x_wconf 80' lang='lat' dir='ltr'><strong>terra.</strong></span> 
     </span>
    </p>
   </div>
   <div class='ocr_carea' id='block_1_92' title="bbox 1889 3320 3454 3391">
    <p class='ocr_par' dir='ltr' id='par_1_92' title="bbox 1889 3320 3454 3391">
     <span class='ocr_line' id='line_1_92' title="bbox 1889 3320 3454 3391; baseline -0.001 -19"><span class='ocrx_word' id='word_1_638' title='bbox 1889 3321 2167 3374; x_wconf 84' lang='lat' dir='ltr'><strong>commovit</strong></span> <span class='ocrx_word' id='word_1_639' title='bbox 2211 3320 2290 3374; x_wconf 86' lang='lat' dir='ltr'><strong>illi</strong></span> <span class='ocrx_word' id='word_1_640' title='bbox 2323 3339 2466 3391; x_wconf 83' lang='lat' dir='ltr'><strong>spent</strong></span> <span class='ocrx_word' id='word_1_641' title='bbox 2501 3321 3027 3390; x_wconf 71' lang='lat' dir='ltr'><strong>Constantinopoleos</strong></span> <span class='ocrx_word' id='word_1_642' title='bbox 3062 3325 3454 3388; x_wconf 78' lang='lat' dir='ltr'><strong>recuperandw,</strong></span> 
     </span>
    </p>
   </div>
   <div class='ocr_carea' id='block_1_93' title="bbox 1888 3409 3460 3482">
    <p class='ocr_par' dir='ltr' id='par_1_93' title="bbox 1888 3409 3460 3482">
     <span class='ocr_line' id='line_1_93' title="bbox 1888 3409 3460 3482; baseline 0.002 -19"><span class='ocrx_word' id='word_1_643' title='bbox 1888 3425 1953 3464; x_wconf 75' lang='lat' dir='ltr'><strong>ea:</strong></span> <span class='ocrx_word' id='word_1_644' title='bbox 1970 3409 2096 3478; x_wconf 84' lang='lat' dir='ltr'><strong>jure</strong></span> <span class='ocrx_word' id='word_1_645' title='bbox 2123 3413 2262 3480; x_wconf 82' lang='lat' dir='ltr'><strong>quod</strong></span> <span class='ocrx_word' id='word_1_646' title='bbox 2293 3411 2489 3466; x_wconf 85' lang='lat' dir='ltr'><strong>scilicet</strong></span> <span class='ocrx_word' id='word_1_647' title='bbox 2526 3413 2755 3466; x_wconf 77' lang='lat' dir='ltr'><strong>traheret</strong></span> <span class='ocrx_word' id='word_1_648' title='bbox 2780 3430 2810 3465; x_wconf 88' lang='lat' dir='ltr'><strong>a</strong></span> <span class='ocrx_word' id='word_1_649' title='bbox 2835 3428 3029 3481; x_wconf 84' lang='lat' dir='ltr'><strong>sponsa</strong></span> <span class='ocrx_word' id='word_1_650' title='bbox 3059 3422 3204 3479; x_wconf 80' lang='lat' dir='ltr'><strong>nepte</strong></span> <span class='ocrx_word' id='word_1_651' title='bbox 3235 3412 3366 3482; x_wconf 91' lang='lat' dir='ltr'><strong>(imo</strong></span> <span class='ocrx_word' id='word_1_652' title='bbox 3399 3411 3460 3466; x_wconf 80' lang='lat' dir='ltr'><strong>li-</strong></span> 
     </span>
    </p>
   </div>
   <div class='ocr_carea' id='block_1_94' title="bbox 1888 3501 3457 3571">
    <p class='ocr_par' dir='ltr' id='par_1_94' title="bbox 1888 3501 3457 3571">
     <span class='ocr_line' id='line_1_94' title="bbox 1888 3501 3457 3571; baseline 0.001 -16"><span class='ocrx_word' id='word_1_653' title='bbox 1888 3501 1978 3571; x_wconf 76' lang='lat' dir='ltr'><strong>lia)</strong></span> <span class='ocrx_word' id='word_1_654' title='bbox 2011 3501 2282 3559; x_wconf 80' lang='lat' dir='ltr'><strong>Balduini.</strong></span> <span class='ocrx_word' id='word_1_655' title='bbox 2318 3506 2468 3571; x_wconf 89' lang='lat' dir='ltr'><strong>Quod</strong></span> <span class='ocrx_word' id='word_1_656' title='bbox 2498 3504 2585 3559; x_wconf 86' lang='lat' dir='ltr'><strong>hic</strong></span> <span class='ocrx_word' id='word_1_657' title='bbox 2609 3505 2826 3560; x_wconf 89' lang='lat' dir='ltr'><strong>dicatur</strong></span> <span class='ocrx_word' id='word_1_658' title='bbox 2847 3505 3138 3570; x_wconf 86' lang='lat' dir='ltr'><strong>imperator</strong></span> <span class='ocrx_word' id='word_1_659' title='bbox 3158 3506 3272 3559; x_wconf 82' lang='lat' dir='ltr'><strong>sine</strong></span> <span class='ocrx_word' id='word_1_660' title='bbox 3293 3515 3457 3564; x_wconf 86' lang='lat' dir='ltr'><strong>terra.</strong></span> 
     </span>
    </p>
   </div>
   <div class='ocr_carea' id='block_1_95' title="bbox 1889 3595 3458 3668">
    <p class='ocr_par' dir='ltr' id='par_1_95' title="bbox 1889 3595 3458 3668">
     <span class='ocr_line' id='line_1_95' title="bbox 1889 3595 3458 3668; baseline 0 -20"><span class='ocrx_word' id='word_1_661' title='bbox 1889 3595 2008 3650; x_wconf 85' lang='lat' dir='ltr'><strong>vide</strong></span> <span class='ocrx_word' id='word_1_662' title='bbox 2043 3596 2368 3664; x_wconf 85' lang='lat' dir='ltr'><strong>explicatum</strong></span> <span class='ocrx_word' id='word_1_663' title='bbox 2419 3597 2475 3652; x_wconf 86' lang='lat' dir='ltr'><strong>in</strong></span> <span class='ocrx_word' id='word_1_664' title='bbox 2515 3595 2800 3653; x_wconf 87' lang='lat' dir='ltr'><strong>Glossario</strong></span> <span class='ocrx_word' id='word_1_665' title='bbox 2837 3597 3003 3652; x_wconf 83' lang='lat' dir='ltr'><strong>verbo</strong></span> <span class='ocrx_word' id='word_1_666' title='bbox 3051 3597 3208 3668; x_wconf 77' lang='grc' dir='ltr'><strong>τέρα.</strong></span> <span class='ocrx_word' id='word_1_667' title='bbox 3262 3595 3458 3650; x_wconf 79' lang='lat' dir='ltr'><strong>Verum</strong></span> 
     </span>
    </p>
   </div>
   <div class='ocr_carea' id='block_1_96' title="bbox 1889 3688 3459 3760">
    <p class='ocr_par' dir='ltr' id='par_1_96' title="bbox 1889 3688 3459 3760">
     <span class='ocr_line' id='line_1_96' title="bbox 1889 3688 3459 3760; baseline 0 -18"><span class='ocrx_word' id='word_1_668' title='bbox 1889 3688 2004 3743; x_wconf 74' lang='lat' dir='ltr'><strong>lucc</strong></span> <span class='ocrx_word' id='word_1_669' title='bbox 2039 3697 2258 3753; x_wconf 86' lang='lat' dir='ltr'><strong>cuncta,</strong></span> <span class='ocrx_word' id='word_1_670' title='bbox 2301 3698 2358 3743; x_wconf 91' lang='lat' dir='ltr'><strong>ut</strong></span> <span class='ocrx_word' id='word_1_671' title='bbox 2390 3688 2526 3754; x_wconf 81' lang='lat' dir='ltr'><strong>dixi,</strong></span> <span class='ocrx_word' id='word_1_672' title='bbox 2563 3689 2840 3756; x_wconf 88' lang='lat' dir='ltr'><strong>pertinent</strong></span> <span class='ocrx_word' id='word_1_673' title='bbox 2866 3689 2930 3743; x_wconf 89' lang='lat' dir='ltr'><strong>ad</strong></span> <span class='ocrx_word' id='word_1_674' title='bbox 2964 3699 3176 3760; x_wconf 87' lang='lat' dir='ltr'><strong>tempus</strong></span> <span class='ocrx_word' id='word_1_675' title='bbox 3206 3689 3459 3758; x_wconf 80' lang='lat' dir='ltr'><strong>superius</strong></span> 
     </span>
    </p>
   </div>
   <div class='ocr_carea' id='block_1_97' title="bbox 1892 3777 3457 3851">
    <p class='ocr_par' dir='ltr' id='par_1_97' title="bbox 1892 3777 3457 3851">
     <span class='ocr_line' id='line_1_97' title="bbox 1892 3777 3457 3851; baseline 0 -19"><span class='ocrx_word' id='word_1_676' title='bbox 1892 3794 2022 3849; x_wconf 88' lang='lat' dir='ltr'><strong>pace</strong></span> <span class='ocrx_word' id='word_1_677' title='bbox 2057 3777 2263 3842; x_wconf 88' lang='lat' dir='ltr'><strong>Sicula,</strong></span> <span class='ocrx_word' id='word_1_678' title='bbox 2308 3779 2466 3847; x_wconf 87' lang='lat' dir='ltr'><strong>cujus</strong></span> <span class='ocrx_word' id='word_1_679' title='bbox 2517 3779 2808 3836; x_wconf 87' lang='lat' dir='ltr'><strong>occasione</strong></span> <span class='ocrx_word' id='word_1_680' title='bbox 2836 3779 3104 3851; x_wconf 83' lang='lat' dir='ltr'><strong>Rogerius</strong></span> <span class='ocrx_word' id='word_1_681' title='bbox 3145 3778 3457 3842; x_wconf 86' lang='lat' dir='ltr'><strong>Catelanos,</strong></span> 
     </span>
    </p>
   </div>
   <div class='ocr_carea' id='block_1_98' title="bbox 1886 3869 3460 3939">
    <p class='ocr_par' dir='ltr' id='par_1_98' title="bbox 1886 3869 3460 3939">
     <span class='ocr_line' id='line_1_98' title="bbox 1886 3869 3460 3939; baseline 0.004 -18"><span class='ocrx_word' id='word_1_682' title='bbox 1886 3870 1981 3939; x_wconf 89' lang='lat' dir='ltr'><strong>qui</strong></span> <span class='ocrx_word' id='word_1_683' title='bbox 2012 3870 2064 3924; x_wconf 91' lang='lat' dir='ltr'><strong>in</strong></span> <span class='ocrx_word' id='word_1_684' title='bbox 2092 3869 2278 3925; x_wconf 88' lang='lat' dir='ltr'><strong>Sicilia</strong></span> <span class='ocrx_word' id='word_1_685' title='bbox 2308 3870 2696 3936; x_wconf 87' lang='lat' dir='ltr'><strong>militaverant,</strong></span> <span class='ocrx_word' id='word_1_686' title='bbox 2728 3871 2940 3926; x_wconf 87' lang='lat' dir='ltr'><strong>volente</strong></span> <span class='ocrx_word' id='word_1_687' title='bbox 2962 3888 3058 3927; x_wconf 86' lang='lat' dir='ltr'><strong>sua</strong></span> <span class='ocrx_word' id='word_1_688' title='bbox 3081 3888 3242 3928; x_wconf 83' lang='lat' dir='ltr'><strong>causa</strong></span> <span class='ocrx_word' id='word_1_689' title='bbox 3268 3873 3460 3927; x_wconf 81' lang='lat' dir='ltr'><strong>Fride-</strong></span> 
     </span>
    </p>
   </div>
   <div class='ocr_carea' id='block_1_99' title="bbox 1888 3960 3458 4031">
    <p class='ocr_par' dir='ltr' id='par_1_99' title="bbox 1888 3960 3458 4031">
     <span class='ocr_line' id='line_1_99' title="bbox 1888 3960 3458 4031; baseline 0.004 -17"><span class='ocrx_word' id='word_1_690' title='bbox 1888 3963 2001 4014; x_wconf 89' lang='lat' dir='ltr'><strong>rico</strong></span> <span class='ocrx_word' id='word_1_691' title='bbox 2024 3961 2076 4015; x_wconf 92' lang='lat' dir='ltr'><strong>iu</strong></span> <span class='ocrx_word' id='word_1_692' title='bbox 2105 3960 2379 4015; x_wconf 81' lang='lat' dir='ltr'><strong>Orientem</strong></span> <span class='ocrx_word' id='word_1_693' title='bbox 2410 3960 2656 4015; x_wconf 79' lang='lat' dir='ltr'><strong>abduxit.</strong></span> <span class='ocrx_word' id='word_1_694' title='bbox 2691 3961 2764 4016; x_wconf 90' lang='lat' dir='ltr'><strong>De</strong></span> <span class='ocrx_word' id='word_1_695' title='bbox 2795 3977 2901 4031; x_wconf 85' lang='lat' dir='ltr'><strong>quo</strong></span> <span class='ocrx_word' id='word_1_696' title='bbox 2933 3965 3236 4020; x_wconf 90' lang='lat' dir='ltr'><strong>audiendus</strong></span> <span class='ocrx_word' id='word_1_697' title='bbox 3269 3965 3458 4020; x_wconf 82' lang='lat' dir='ltr'><strong>Fazcl-</strong></span> 
     </span>
    </p>
   </div>
   <div class='ocr_carea' id='block_1_100' title="bbox 1887 4052 3460 4122">
    <p class='ocr_par' dir='ltr' id='par_1_100' title="bbox 1887 4052 3460 4122">
     <span class='ocr_line' id='line_1_100' title="bbox 1887 4052 3460 4122; baseline 0.001 -16"><span class='ocrx_word' id='word_1_698' title='bbox 1887 4053 1993 4119; x_wconf 85' lang='lat' dir='ltr'><strong>lus,</strong></span> <span class='ocrx_word' id='word_1_699' title='bbox 2025 4053 2062 4110; x_wconf 93' lang='grc' dir='ltr'><strong>Ι.</strong></span> <span class='ocrx_word' id='word_1_700' title='bbox 2104 4069 2181 4115; x_wconf 80' lang='lat' dir='ltr'><strong>Ix,</strong></span> <span class='ocrx_word' id='word_1_701' title='bbox 2217 4053 2336 4107; x_wconf 91' lang='lat' dir='ltr'><strong>dec.</strong></span> <span class='ocrx_word' id='word_1_702' title='bbox 2362 4061 2503 4122; x_wconf 81' lang='lat' dir='ltr'><strong>post.</strong></span> <span class='ocrx_word' id='word_1_703' title='bbox 2533 4068 2587 4121; x_wconf 90' lang='lat' dir='ltr'><strong>p.</strong></span> <span class='ocrx_word' id='word_1_704' title='bbox 2621 4052 2724 4107; x_wconf 71' lang='grc'><strong>477</strong></span> <span class='ocrx_word' id='word_1_705' title='bbox 2758 4071 2771 4108; x_wconf 91' lang='lat'><strong>:</strong></span> <span class='ocrx_word' id='word_1_706' title='bbox 2806 4052 2980 4109; x_wconf 85' lang='lat' dir='ltr'><strong>Porro</strong></span> <span class='ocrx_word' id='word_1_707' title='bbox 3019 4055 3208 4109; x_wconf 76' lang='lat' dir='ltr'><strong>Sicilia</strong></span> <span class='ocrx_word' id='word_1_708' title='bbox 3241 4066 3315 4110; x_wconf 88' lang='lat' dir='ltr'><strong>tot</strong></span> <span class='ocrx_word' id='word_1_709' title='bbox 3351 4058 3460 4110; x_wconf 84' lang='lat' dir='ltr'><strong>bel-</strong></span> 
     </span>
    </p>
   </div>
   <div class='ocr_carea' id='block_1_101' title="bbox 1884 4146 3460 4214">
    <p class='ocr_par' dir='ltr' id='par_1_101' title="bbox 1884 4146 3460 4214">
     <span class='ocr_line' id='line_1_101' title="bbox 1884 4146 3460 4214; baseline 0.003 -16"><span class='ocrx_word' id='word_1_710' title='bbox 1884 4148 2056 4202; x_wconf 81' lang='lat' dir='ltr'><strong>lorum</strong></span> <span class='ocrx_word' id='word_1_711' title='bbox 2093 4146 2316 4200; x_wconf 81' lang='lat' dir='ltr'><strong>motibus</strong></span> <span class='ocrx_word' id='word_1_712' title='bbox 2355 4146 2520 4201; x_wconf 87' lang='lat' dir='ltr'><strong>libera</strong></span> <span class='ocrx_word' id='word_1_713' title='bbox 2551 4147 2606 4200; x_wconf 89' lang='lat' dir='ltr'><strong>in</strong></span> <span class='ocrx_word' id='word_1_714' title='bbox 2642 4147 2870 4202; x_wconf 85' lang='lat' dir='ltr'><strong>militum</strong></span> <span class='ocrx_word' id='word_1_715' title='bbox 2899 4148 3294 4214; x_wconf 85' lang='lat' dir='ltr'><strong>Catelanorum,</strong></span> <span class='ocrx_word' id='word_1_716' title='bbox 3325 4152 3460 4204; x_wconf 82' lang='lat' dir='ltr'><strong>Ara-</strong></span> 
     </span>
    </p>
   </div>
   <div class='ocr_carea' id='block_1_102' title="bbox 1883 4225 3457 4312">
    <p class='ocr_par' dir='ltr' id='par_1_102' title="bbox 1883 4225 3457 4312">
     <span class='ocr_line' id='line_1_102' title="bbox 1883 4225 3457 4312; baseline 0.005 -22"><span class='ocrx_word' id='word_1_717' title='bbox 1883 4239 2196 4306; x_wconf 86' lang='lat' dir='ltr'><strong>gonensium</strong></span> <span class='ocrx_word' id='word_1_718' title='bbox 2249 4247 2299 4291; x_wconf 86' lang='lat' dir='ltr'><strong>et</strong></span> <span class='ocrx_word' id='word_1_719' title='bbox 2349 4237 2653 4293; x_wconf 83' lang='lat' dir='ltr'><strong>Siculorum</strong></span> <span class='ocrx_word' id='word_1_720' title='bbox 2700 4242 2916 4310; x_wconf 83' lang='lat' dir='ltr'><strong>rapinas</strong></span> <span class='ocrx_word' id='word_1_721' title='bbox 2953 4254 2999 4295; x_wconf 85' lang='lat' dir='ltr'><strong>et</strong></span> <span class='ocrx_word' id='word_1_722' title='bbox 3030 4225 3457 4312; x_wconf 69' lang='lat' dir='ltr'><strong>(lepra’dationes</strong></span> 
     </span>
    </p>
   </div>
   <div class='ocr_carea' id='block_1_103' title="bbox 1885 4330 3456 4403">
    <p class='ocr_par' dir='ltr' id='par_1_103' title="bbox 1885 4330 3456 4403">
     <span class='ocr_line' id='line_1_103' title="bbox 1885 4330 3456 4403; baseline 0.001 -17"><span class='ocrx_word' id='word_1_723' title='bbox 1885 4333 2096 4389; x_wconf 81' lang='lat' dir='ltr'><strong>incidit.</strong></span> <span class='ocrx_word' id='word_1_724' title='bbox 2156 4331 2302 4397; x_wconf 85' lang='lat' dir='ltr'><strong>Quos</strong></span> <span class='ocrx_word' id='word_1_725' title='bbox 2357 4330 2688 4400; x_wconf 82' lang='lat' dir='ltr'><strong>Fridericus,</strong></span> <span class='ocrx_word' id='word_1_726' title='bbox 2745 4343 2799 4386; x_wconf 86' lang='lat' dir='ltr'><strong>nt</strong></span> <span class='ocrx_word' id='word_1_727' title='bbox 2838 4334 3072 4388; x_wconf 68' lang='lat' dir='ltr'><strong>insulam</strong></span> <span class='ocrx_word' id='word_1_728' title='bbox 3119 4349 3456 4403; x_wconf 64' lang='lat' dir='ltr'><strong>expurgant,</strong></span> 
     </span>
    </p>
   </div>
   <div class='ocr_carea' id='block_1_104' title="bbox 1884 4423 3457 4501">
    <p class='ocr_par' dir='ltr' id='par_1_104' title="bbox 1884 4423 3457 4501">
     <span class='ocr_line' id='line_1_104' title="bbox 1884 4423 3457 4501; baseline 0.003 -21"><span class='ocrx_word' id='word_1_729' title='bbox 1884 4435 2068 4480; x_wconf 88' lang='lat' dir='ltr'><strong>contra</strong></span> <span class='ocrx_word' id='word_1_730' title='bbox 2114 4425 2350 4491; x_wconf 78' lang='lat' dir='ltr'><strong>Turcas,</strong></span> <span class='ocrx_word' id='word_1_731' title='bbox 2411 4426 2502 4496; x_wconf 84' lang='lat' dir='ltr'><strong>qui</strong></span> <span class='ocrx_word' id='word_1_732' title='bbox 2552 4423 3067 4498; x_wconf 84' lang='lat' dir='ltr'><strong>Constantinopolim</strong></span> <span class='ocrx_word' id='word_1_733' title='bbox 3114 4429 3457 4501; x_wconf 77' lang='lat' dir='ltr'><strong>infestabant.</strong></span> 
     </span>
    </p>
   </div>
   <div class='ocr_carea' id='block_1_105' title="bbox 1883 4519 2378 4575">
    <p class='ocr_par' dir='ltr' id='par_1_105' title="bbox 1883 4519 2378 4575">
     <span class='ocr_line' id='line_1_105' title="bbox 1883 4519 2378 4575; baseline 0.004 -2"><span class='ocrx_word' id='word_1_734' title='bbox 1883 4519 2176 4574; x_wconf 70' lang='lat' dir='ltr'><strong>attxiliares</strong></span> <span class='ocrx_word' id='word_1_735' title='bbox 2212 4520 2378 4575; x_wconf 86' lang='lat' dir='ltr'><strong>misit.</strong></span> 
     </span>
    </p>
   </div>
   <div class='ocr_carea' id='block_1_106' title="bbox 1961 4617 3459 4688">
    <p class='ocr_par' dir='ltr' id='par_1_106' title="bbox 1961 4617 3459 4688">
     <span class='ocr_line' id='line_1_106' title="bbox 1961 4617 3459 4688; baseline 0.003 -16"><span class='ocrx_word' id='word_1_736' title='bbox 1961 4618 2021 4673; x_wconf 86' lang='lat' dir='ltr'><strong>P.</strong></span> <span class='ocrx_word' id='word_1_737' title='bbox 2044 4617 2170 4672; x_wconf 73' lang='grc'><strong>401.</strong></span> <span class='ocrx_word' id='word_1_738' title='bbox 2207 4617 2361 4684; x_wconf 87' lang='lat' dir='ltr'><strong>Quod</strong></span> <span class='ocrx_word' id='word_1_739' title='bbox 2395 4620 2499 4676; x_wconf 89' lang='lat' dir='ltr'><strong>hoc</strong></span> <span class='ocrx_word' id='word_1_740' title='bbox 2528 4619 2690 4676; x_wconf 88' lang='lat' dir='ltr'><strong>facile</strong></span> <span class='ocrx_word' id='word_1_741' title='bbox 2721 4629 3020 4688; x_wconf 78' lang='lat' dir='ltr'><strong>praesentes</strong></span> <span class='ocrx_word' id='word_1_742' title='bbox 3045 4620 3374 4676; x_wconf 86' lang='lat' dir='ltr'><strong>crediderint</strong></span> <span class='ocrx_word' id='word_1_743' title='bbox 3405 4633 3459 4676; x_wconf 79' lang='lat' dir='ltr'><strong>rt</strong></span> 
     </span>
    </p>
   </div>
   <div class='ocr_carea' id='block_1_107' title="bbox 1885 4712 3458 4780">
    <p class='ocr_par' dir='ltr' id='par_1_107' title="bbox 1885 4712 3458 4780">
     <span class='ocr_line' id='line_1_107' title="bbox 1885 4712 3458 4780; baseline 0.002 -14"><span class='ocrx_word' id='word_1_744' title='bbox 1885 4712 2178 4766; x_wconf 83' lang='lat' dir='ltr'><strong>historicus</strong></span> <span class='ocrx_word' id='word_1_745' title='bbox 2212 4713 2282 4766; x_wconf 87' lang='lat' dir='ltr'><strong>ita</strong></span> <span class='ocrx_word' id='word_1_746' title='bbox 2317 4727 2438 4768; x_wconf 89' lang='lat' dir='ltr'><strong>esse</strong></span> <span class='ocrx_word' id='word_1_747' title='bbox 2470 4728 2659 4768; x_wconf 78' lang='lat' dir='ltr'><strong>revera</strong></span> <span class='ocrx_word' id='word_1_748' title='bbox 2684 4713 3031 4780; x_wconf 73' lang='lat' dir='ltr'><strong>iudicaverit,</strong></span> <span class='ocrx_word' id='word_1_749' title='bbox 3064 4729 3167 4768; x_wconf 91' lang='lat' dir='ltr'><strong>non</strong></span> <span class='ocrx_word' id='word_1_750' title='bbox 3195 4716 3458 4770; x_wconf 89' lang='lat' dir='ltr'><strong>coutinuo</strong></span> 
     </span>
    </p>
   </div>
   <div class='ocr_carea' id='block_1_108' title="bbox 1887 4805 3456 4879">
    <p class='ocr_par' dir='ltr' id='par_1_108' title="bbox 1887 4805 3456 4879">
     <span class='ocr_line' id='line_1_108' title="bbox 1887 4805 3456 4879; baseline 0.003 -20"><span class='ocrx_word' id='word_1_751' title='bbox 1887 4820 2002 4859; x_wconf 90' lang='lat' dir='ltr'><strong>rem</strong></span> <span class='ocrx_word' id='word_1_752' title='bbox 2033 4805 2340 4860; x_wconf 80' lang='lat' dir='ltr'><strong>evidentem</strong></span> <span class='ocrx_word' id='word_1_753' title='bbox 2362 4815 2419 4859; x_wconf 85' lang='lat' dir='ltr'><strong>et</strong></span> <span class='ocrx_word' id='word_1_754' title='bbox 2443 4805 2852 4861; x_wconf 87' lang='lat' dir='ltr'><strong>indubitabilem</strong></span> <span class='ocrx_word' id='word_1_755' title='bbox 2881 4808 3078 4873; x_wconf 90' lang='lat' dir='ltr'><strong>opinor</strong></span> <span class='ocrx_word' id='word_1_756' title='bbox 3101 4807 3289 4864; x_wconf 86' lang='lat' dir='ltr'><strong>reddet</strong></span> <span class='ocrx_word' id='word_1_757' title='bbox 3313 4809 3456 4879; x_wconf 86' lang='lat' dir='ltr'><strong>apud</strong></span> 
     </span>
    </p>
   </div>
   <div class='ocr_carea' id='block_1_109' title="bbox 1879 4895 3452 4966">
    <p class='ocr_par' dir='ltr' id='par_1_109' title="bbox 1879 4895 3452 4966">
     <span class='ocr_line' id='line_1_109' title="bbox 1879 4895 3452 4966; baseline 0.003 -16"><span class='ocrx_word' id='word_1_758' title='bbox 1879 4895 2072 4966; x_wconf 75' lang='lat' dir='ltr'><strong>iudicii</strong></span> <span class='ocrx_word' id='word_1_759' title='bbox 2133 4897 2426 4952; x_wconf 87' lang='lat' dir='ltr'><strong>severioris</strong></span> <span class='ocrx_word' id='word_1_760' title='bbox 2475 4898 2643 4953; x_wconf 82' lang='lat' dir='ltr'><strong>viros.</strong></span> <span class='ocrx_word' id='word_1_761' title='bbox 2678 4896 2858 4952; x_wconf 78' lang='lat' dir='ltr'><strong>Mutus</strong></span> <span class='ocrx_word' id='word_1_762' title='bbox 2900 4898 2988 4954; x_wconf 87' lang='lat' dir='ltr'><strong>ille</strong></span> <span class='ocrx_word' id='word_1_763' title='bbox 3031 4914 3097 4955; x_wconf 87' lang='lat' dir='ltr'><strong>ac</strong></span> <span class='ocrx_word' id='word_1_764' title='bbox 3143 4902 3340 4956; x_wconf 85' lang='lat' dir='ltr'><strong>surdus</strong></span> <span class='ocrx_word' id='word_1_765' title='bbox 3383 4917 3452 4956; x_wconf 78' lang='lat' dir='ltr'><strong>ex</strong></span> 
     </span>
    </p>
   </div>
   <div class='ocr_carea' id='block_1_110' title="bbox 1885 4989 3448 5061">
    <p class='ocr_par' dir='ltr' id='par_1_110' title="bbox 1885 4989 3448 5061">
     <span class='ocr_line' id='line_1_110' title="bbox 1885 4989 3448 5061; baseline 0.006 -20"><span class='ocrx_word' id='word_1_766' title='bbox 1885 5000 2060 5054; x_wconf 86' lang='lat' dir='ltr'><strong>utero,</strong></span> <span class='ocrx_word' id='word_1_767' title='bbox 2106 4989 2244 5046; x_wconf 89' lang='lat' dir='ltr'><strong>miro</strong></span> <span class='ocrx_word' id='word_1_768' title='bbox 2280 4989 2530 5059; x_wconf 87' lang='lat' dir='ltr'><strong>prodigio</strong></span> <span class='ocrx_word' id='word_1_769' title='bbox 2575 4999 2802 5060; x_wconf 87' lang='lat' dir='ltr'><strong>repente</strong></span> <span class='ocrx_word' id='word_1_770' title='bbox 2850 4990 3076 5046; x_wconf 84' lang='lat' dir='ltr'><strong>audiens</strong></span> <span class='ocrx_word' id='word_1_771' title='bbox 3118 5002 3176 5046; x_wconf 90' lang='lat' dir='ltr'><strong>et</strong></span> <span class='ocrx_word' id='word_1_772' title='bbox 3202 4992 3448 5061; x_wconf 80' lang='lat' dir='ltr'><strong>loquens,</strong></span> 
     </span>
    </p>
   </div>
   <div class='ocr_carea' id='block_1_111' title="bbox 1881 5080 3452 5156">
    <p class='ocr_par' dir='ltr' id='par_1_111' title="bbox 1881 5080 3452 5156">
     <span class='ocr_line' id='line_1_111' title="bbox 1881 5080 3452 5156; baseline 0.006 -22"><span class='ocrx_word' id='word_1_773' title='bbox 1881 5082 2011 5154; x_wconf 87' lang='lat' dir='ltr'><strong>quid</strong></span> <span class='ocrx_word' id='word_1_774' title='bbox 2067 5082 2286 5137; x_wconf 77' lang='lat' dir='ltr'><strong>tandem</strong></span> <span class='ocrx_word' id='word_1_775' title='bbox 2347 5080 2676 5137; x_wconf 80' lang='lat' dir='ltr'><strong>aﬂirmavit?</strong></span> <span class='ocrx_word' id='word_1_776' title='bbox 2726 5081 2933 5152; x_wconf 83' lang='lat' dir='ltr'><strong>Nempe</strong></span> <span class='ocrx_word' id='word_1_777' title='bbox 2991 5084 3043 5139; x_wconf 86' lang='lat' dir='ltr'><strong>id</strong></span> <span class='ocrx_word' id='word_1_778' title='bbox 3089 5084 3266 5141; x_wconf 83' lang='lat' dir='ltr'><strong>solum</strong></span> <span class='ocrx_word' id='word_1_779' title='bbox 3307 5088 3452 5156; x_wconf 83' lang='lat' dir='ltr'><strong>quod</strong></span> 
     </span>
    </p>
   </div>
   <div class='ocr_carea' id='block_1_112' title="bbox 1884 5172 3456 5246">
    <p class='ocr_par' dir='ltr' id='par_1_112' title="bbox 1884 5172 3456 5246">
     <span class='ocr_line' id='line_1_112' title="bbox 1884 5172 3456 5246; baseline 0.004 -19"><span class='ocrx_word' id='word_1_780' title='bbox 1884 5174 2044 5244; x_wconf 88' lang='lat' dir='ltr'><strong>paulo</strong></span> <span class='ocrx_word' id='word_1_781' title='bbox 2067 5173 2318 5244; x_wconf 89' lang='lat' dir='ltr'><strong>superius</strong></span> <span class='ocrx_word' id='word_1_782' title='bbox 2335 5173 2574 5243; x_wconf 92' lang='lat' dir='ltr'><strong>positum</strong></span> <span class='ocrx_word' id='word_1_783' title='bbox 2593 5180 2698 5239; x_wconf 88' lang='lat' dir='ltr'><strong>est,</strong></span> <span class='ocrx_word' id='word_1_784' title='bbox 2717 5188 2777 5228; x_wconf 87' lang='lat' dir='ltr'><strong>se</strong></span> <span class='ocrx_word' id='word_1_785' title='bbox 2803 5173 3006 5231; x_wconf 86' lang='lat' dir='ltr'><strong>vidisse</strong></span> <span class='ocrx_word' id='word_1_786' title='bbox 3032 5172 3201 5232; x_wconf 82' lang='lat' dir='ltr'><strong>viruin</strong></span> <span class='ocrx_word' id='word_1_787' title='bbox 3225 5179 3456 5246; x_wconf 79' lang='lat' dir='ltr'><strong>impera-</strong></span> 
     </span>
    </p>
   </div>
   <div class='ocr_carea' id='block_1_113' title="bbox 1883 5265 3453 5336">
    <p class='ocr_par' dir='ltr' id='par_1_113' title="bbox 1883 5265 3453 5336">
     <span class='ocr_line' id='line_1_113' title="bbox 1883 5265 3453 5336; baseline 0.001 -16"><span class='ocrx_word' id='word_1_788' title='bbox 1883 5268 2032 5321; x_wconf 85' lang='lat' dir='ltr'><strong>toriis</strong></span> <span class='ocrx_word' id='word_1_789' title='bbox 2061 5276 2310 5321; x_wconf 87' lang='lat' dir='ltr'><strong>ornatum</strong></span> <span class='ocrx_word' id='word_1_790' title='bbox 2343 5265 2660 5335; x_wconf 81' lang='lat' dir='ltr'><strong>insignibus,</strong></span> <span class='ocrx_word' id='word_1_791' title='bbox 2693 5269 2782 5334; x_wconf 90' lang='lat' dir='ltr'><strong>qui</strong></span> <span class='ocrx_word' id='word_1_792' title='bbox 2815 5284 2922 5322; x_wconf 85' lang='lat' dir='ltr'><strong>sese</strong></span> <span class='ocrx_word' id='word_1_793' title='bbox 2953 5268 3127 5324; x_wconf 82' lang='lat' dir='ltr'><strong>aiebat</strong></span> <span class='ocrx_word' id='word_1_794' title='bbox 3160 5271 3330 5336; x_wconf 85' lang='lat' dir='ltr'><strong>ipsum</strong></span> <span class='ocrx_word' id='word_1_795' title='bbox 3357 5288 3453 5325; x_wconf 83' lang='lat' dir='ltr'><strong>ur-</strong></span> 
     </span>
    </p>
   </div>
   <div class='ocr_carea' id='block_1_114' title="bbox 1881 5359 3452 5418">
    <p class='ocr_par' dir='ltr' id='par_1_114' title="bbox 1881 5359 3452 5418">
     <span class='ocr_line' id='line_1_114' title="bbox 1881 5359 3452 5418; baseline 0.003 -5"><span class='ocrx_word' id='word_1_796' title='bbox 1881 5361 1960 5413; x_wconf 84' lang='lat' dir='ltr'><strong>bis</strong></span> <span class='ocrx_word' id='word_1_797' title='bbox 1984 5359 2085 5413; x_wconf 89' lang='lat' dir='ltr'><strong>sibi</strong></span> <span class='ocrx_word' id='word_1_798' title='bbox 2115 5359 2324 5412; x_wconf 71' lang='lat' dir='ltr'><strong>tuenda:</strong></span> <span class='ocrx_word' id='word_1_799' title='bbox 2351 5373 2533 5411; x_wconf 86' lang='lat' dir='ltr'><strong>curam</strong></span> <span class='ocrx_word' id='word_1_800' title='bbox 2563 5375 2852 5414; x_wconf 79' lang='lat' dir='ltr'><strong>assumere.</strong></span> <span class='ocrx_word' id='word_1_801' title='bbox 2889 5359 3274 5417; x_wconf 86' lang='lat' dir='ltr'><strong>Nominavitne</strong></span> <span class='ocrx_word' id='word_1_802' title='bbox 3303 5363 3452 5418; x_wconf 84' lang='lat' dir='ltr'><strong>hunc</strong></span> 
     </span>
    </p>
   </div>
   <div class='ocr_carea' id='block_1_115' title="bbox 1878 5451 3450 5524">
    <p class='ocr_par' dir='ltr' id='par_1_115' title="bbox 1878 5451 3450 5524">
     <span class='ocr_line' id='line_1_115' title="bbox 1878 5451 3450 5524; baseline 0.003 -21"><span class='ocrx_word' id='word_1_803' title='bbox 1878 5451 2138 5504; x_wconf 78' lang='lat' dir='ltr'><strong>Joannem</strong></span> <span class='ocrx_word' id='word_1_804' title='bbox 2178 5451 2457 5505; x_wconf 74' lang='lat' dir='ltr'><strong>Batalzam</strong></span> <span class='ocrx_word' id='word_1_805' title='bbox 2485 5451 2508 5504; x_wconf 87' lang='lat'><strong>?</strong></span> <span class='ocrx_word' id='word_1_806' title='bbox 2540 5461 2634 5504; x_wconf 88' lang='lat' dir='ltr'><strong>aut</strong></span> <span class='ocrx_word' id='word_1_807' title='bbox 2676 5452 2804 5506; x_wconf 70' lang='lat' dir='ltr'><strong>vista</strong></span> <span class='ocrx_word' id='word_1_808' title='bbox 2846 5452 2948 5507; x_wconf 89' lang='lat' dir='ltr'><strong>sibi</strong></span> <span class='ocrx_word' id='word_1_809' title='bbox 3004 5454 3258 5524; x_wconf 81' lang='lat' dir='ltr'><strong>imaginis</strong></span> <span class='ocrx_word' id='word_1_810' title='bbox 3301 5454 3450 5509; x_wconf 88' lang='lat' dir='ltr'><strong>illius</strong></span> 
     </span>
    </p>
   </div>
   <div class='ocr_carea' id='block_1_116' title="bbox 1880 5543 3448 5613">
    <p class='ocr_par' dir='ltr' id='par_1_116' title="bbox 1880 5543 3448 5613">
     <span class='ocr_line' id='line_1_116' title="bbox 1880 5543 3448 5613; baseline 0.001 -13"><span class='ocrx_word' id='word_1_811' title='bbox 1880 5544 2110 5600; x_wconf 80' lang='lat' dir='ltr'><strong>formam</strong></span> <span class='ocrx_word' id='word_1_812' title='bbox 2141 5544 2244 5597; x_wconf 90' lang='lat' dir='ltr'><strong>sibi</strong></span> <span class='ocrx_word' id='word_1_813' title='bbox 2289 5553 2636 5613; x_wconf 90' lang='lat' dir='ltr'><strong>conspectam</strong></span> <span class='ocrx_word' id='word_1_814' title='bbox 2687 5545 2922 5600; x_wconf 83' lang='lat' dir='ltr'><strong>asseruit</strong></span> <span class='ocrx_word' id='word_1_815' title='bbox 2971 5543 3136 5601; x_wconf 87' lang='lat' dir='ltr'><strong>fuisse</strong></span> <span class='ocrx_word' id='word_1_816' title='bbox 3179 5546 3448 5601; x_wconf 81' lang='lat' dir='ltr'><strong>similem?</strong></span> 
     </span>
    </p>
   </div>
   <div class='ocr_carea' id='block_1_117' title="bbox 1880 5634 3451 5705">
    <p class='ocr_par' dir='ltr' id='par_1_117' title="bbox 1880 5634 3451 5705">
     <span class='ocr_line' id='line_1_117' title="bbox 1880 5634 3451 5705; baseline 0.003 -17"><span class='ocrx_word' id='word_1_817' title='bbox 1880 5634 2026 5689; x_wconf 85' lang='lat' dir='ltr'><strong>Nihil</strong></span> <span class='ocrx_word' id='word_1_818' title='bbox 2066 5636 2294 5700; x_wconf 87' lang='lat' dir='ltr'><strong>horum;</strong></span> <span class='ocrx_word' id='word_1_819' title='bbox 2331 5650 2454 5689; x_wconf 89' lang='lat' dir='ltr'><strong>nam</strong></span> <span class='ocrx_word' id='word_1_820' title='bbox 2490 5634 2850 5705; x_wconf 83' lang='lat' dir='ltr'><strong>Pachymcres</strong></span> <span class='ocrx_word' id='word_1_821' title='bbox 2880 5634 2924 5690; x_wconf 91' lang='lat' dir='ltr'><strong>si</strong></span> <span class='ocrx_word' id='word_1_822' title='bbox 2971 5636 3098 5702; x_wconf 87' lang='lat' dir='ltr'><strong>quid</strong></span> <span class='ocrx_word' id='word_1_823' title='bbox 3145 5636 3247 5690; x_wconf 91' lang='lat' dir='ltr'><strong>tale</strong></span> <span class='ocrx_word' id='word_1_824' title='bbox 3277 5636 3451 5694; x_wconf 80' lang='lat' dir='ltr'><strong>dixis-</strong></span> 
     </span>
    </p>
   </div>
   <div class='ocr_carea' id='block_1_118' title="bbox 1881 5726 3449 5798">
    <p class='ocr_par' dir='ltr' id='par_1_118' title="bbox 1881 5726 3449 5798">
     <span class='ocr_line' id='line_1_118' title="bbox 1881 5726 3449 5798; baseline 0.001 -16"><span class='ocrx_word' id='word_1_825' title='bbox 1881 5738 2117 5792; x_wconf 88' lang='lat' dir='ltr'><strong>set,uon</strong></span> <span class='ocrx_word' id='word_1_826' title='bbox 2156 5737 2379 5783; x_wconf 86' lang='lat' dir='ltr'><strong>taceret.</strong></span> <span class='ocrx_word' id='word_1_827' title='bbox 2434 5726 2815 5782; x_wconf 67' lang='grc' dir='ltr'><strong>Γιιιιὼητειιιο</strong></span> <span class='ocrx_word' id='word_1_828' title='bbox 2861 5729 3024 5798; x_wconf 81' lang='lat' dir='ltr'><strong>igitur</strong></span> <span class='ocrx_word' id='word_1_829' title='bbox 3072 5738 3223 5782; x_wconf 88' lang='lat' dir='ltr'><strong>caret</strong></span> <span class='ocrx_word' id='word_1_830' title='bbox 3253 5731 3449 5784; x_wconf 81' lang='lat' dir='ltr'><strong>idoneo</strong></span> 
     </span>
    </p>
   </div>
   <div class='ocr_carea' id='block_1_119' title="bbox 1881 5820 3452 5890">
    <p class='ocr_par' dir='ltr' id='par_1_119' title="bbox 1881 5820 3452 5890">
     <span class='ocr_line' id='line_1_119' title="bbox 1881 5820 3452 5890; baseline 0 -14"><span class='ocrx_word' id='word_1_831' title='bbox 1881 5823 1994 5876; x_wconf 64' lang='lat' dir='ltr'><strong>lure</strong></span> <span class='ocrx_word' id='word_1_832' title='bbox 2026 5837 2145 5890; x_wconf 83' lang='lat' dir='ltr'><strong>qua:</strong></span> <span class='ocrx_word' id='word_1_833' title='bbox 2185 5820 2510 5888; x_wconf 79' lang='lat' dir='ltr'><strong>exprimitur</strong></span> <span class='ocrx_word' id='word_1_834' title='bbox 2539 5822 2638 5874; x_wconf 90' lang='lat' dir='ltr'><strong>hoc</strong></span> <span class='ocrx_word' id='word_1_835' title='bbox 2662 5821 2800 5886; x_wconf 92' lang='lat' dir='ltr'><strong>loco,</strong></span> <span class='ocrx_word' id='word_1_836' title='bbox 2833 5829 2944 5873; x_wconf 78' lang='lat' dir='ltr'><strong>tum</strong></span> <span class='ocrx_word' id='word_1_837' title='bbox 2979 5821 3201 5874; x_wconf 86' lang='lat' dir='ltr'><strong>istorum</strong></span> <span class='ocrx_word' id='word_1_838' title='bbox 3235 5821 3282 5875; x_wconf 84' lang='grc' dir='ltr'><strong>Μ</strong></span> <span class='ocrx_word' id='word_1_839' title='bbox 3303 5835 3452 5890; x_wconf 69' lang='lat' dir='ltr'><strong>igne-</strong></span> 
     </span>
    </p>
   </div>
   <div class='ocr_carea' id='block_1_120' title="bbox 1877 5911 3448 5985">
    <p class='ocr_par' dir='ltr' id='par_1_120' title="bbox 1877 5911 3448 5985">
     <span class='ocr_line' id='line_1_120' title="bbox 1877 5911 3448 5985; baseline 0.001 -15"><span class='ocrx_word' id='word_1_840' title='bbox 1877 5913 1970 5970; x_wconf 68' lang='lat' dir='ltr'><strong>sim</strong></span> <span class='ocrx_word' id='word_1_841' title='bbox 1996 5913 2450 5983; x_wconf 62' lang='lat' dir='ltr'><strong>praesidiariorum</strong></span> <span class='ocrx_word' id='word_1_842' title='bbox 2479 5923 2589 5970; x_wconf 86' lang='lat' dir='ltr'><strong>tum</strong></span> <span class='ocrx_word' id='word_1_843' title='bbox 2617 5911 2967 5982; x_wconf 71' lang='lat' dir='ltr'><strong>Parhymcr&#39;s</strong></span> <span class='ocrx_word' id='word_1_844' title='bbox 2989 5914 3233 5981; x_wconf 82' lang='lat' dir='ltr'><strong>Opinatio</strong></span> <span class='ocrx_word' id='word_1_845' title='bbox 3255 5914 3448 5985; x_wconf 86' lang='lat' dir='ltr'><strong>ipsius.</strong></span> 
     </span>
    </p>
   </div>
  </div>
