3856 6564
463 421 568 482 821

1380 420 1444 479 P-
1488 420 1788 482 POSSINI
1831 422 2480 487 OBSERVATlONUM
2526 427 2672 486 LIB.
2716 425 2800 488 Π.
3564 426 3651 488 Sil

452 534 582 587 Nam
615 533 786 588 forma
823 533 919 587 viri
967 533 1270 602 insignibus
1302 535 1668 602 imperatoriis
1711 540 1886 591 ornati
1918 538 2009 607 qui

2189 540 2248 594 P.
2284 541 2406 596 451.
2457 541 2617 595 Κατὰ
2670 542 2944 607 ποίησιν.
2979 539 3171 594 Allusit
3233 539 3346 594 haec
3397 540 3652 600 scribendo

452 629 628 698 magis
679 627 876 684 Joanni
931 628 1168 683 Batatza:
1235 631 1487 684 convenit
1531 646 1694 696 quam
1727 631 2017 686 Theodoro

449 723 566 791 ejus
615 723 726 776 lilio
774 723 1089 794 imperatori
1147 723 1346 778 ibidem
1377 739 1589 794 quoque
1621 724 1902 793 Magnesia:
1932 739 2018 776 se-

451 814 621 883 pulto,
655 822 769 877 aut,
791 813 836 870 si
871 813 1497 883 Constantinopolitanos
1525 816 1884 886 imperatores
1907 816 2021 869 latt-

453 909 591 960 datte
644 907 919 961 memoria:
973 917 1028 962 et
1079 909 1133 962 in
1169 907 1272 962 fide
1300 908 1598 963 orthodoxa
1645 923 1709 963 ac
1751 907 2018 962 catholica

452 997 833 1055 communione
850 999 1167 1054 indubitatae
1184 1000 1503 1055 constantia!
1521 1001 1841 1070 quairimus,
1855 1013 2017 1068 quam

451 1090 808 1144 Constantino
839 1090 1053 1160 Magno,
1089 1107 1247 1160 quam
1309 1091 1583 1146 Marciano
1641 1091 1828 1148 aliisve
1876 1090 2022 1160 paris
2059 1119 2070 1130 -

455 1185 678 1239 meriti?
708 1183 838 1238 Nam
867 1182 1133 1238 Joannem
1164 1183 1439 1239 Batatzam
1469 1183 1568 1239 etsi
1600 1184 1779 1240 multae
1796 1184 2024 1238 virtutes

453 1277 931 1339 commendabant,
971 1289 1150 1332 tamen
1213 1288 1409 1346 praeter
1462 1292 1805 1333 communem
1845 1276 2018 1332 Graeci

451 1371 767 1426 schismatis
795 1380 852 1426 et
891 1370 1034 1426 circa
1062 1371 1231 1426 sancti
1262 1369 1498 1439 Spiritus
1527 1385 1590 1424 ex
1623 1369 1760 1425 Filio
1789 1384 2024 1437 proces-

453 1461 662 1516 sionem
721 1462 961 1518 heretici
1013 1461 1216 1516 erroris
1260 1459 1537 1524 invidiam,
1570 1459 1736 1515 libido
1765 1461 1926 1514 etiam
1968 1459 2020 1513 iu

453 1563 615 1610 nitate
660 1555 819 1609 senili
864 1555 1127 1624 probrosa
1175 1551 1534 1608 deformabat.
1571 1550 1707 1606 Vide
1751 1566 2020 1606 summurn

455 1646 659 1716 alioqui
693 1645 809 1717 ejus
848 1646 1230 1700 admiratorem
1259 1643 1620 1713 Acropolitam
1653 1645 1889 1698 historia:
1912 1659 2023 1699 sua:

455 1756 511 1794 n.
548 1739 636 1802 52,
664 1754 716 1808 p.
753 1737 841 1801 56,
880 1739 966 1792 ed.
999 1736 1158 1806 Reg,
1186 1737 1273 1791 ubi
1298 1751 1420 1791 eum
1453 1727 1712 1792 infamem
1741 1737 2021 1790 amoribus

455 1846 575 1885 cum
611 1829 839 1884 aliarum
877 1838 990 1882 tum
1029 1827 1344 1882 Marccsina:
1377 1827 1657 1896 cuiusdam
1688 1827 2022 1896 pedissequte

2123 631 2508 702 Pucbymeres,
2544 634 2724 686 varios
2753 632 2909 686 simul
2964 631 3201 687 miscens
3245 628 3457 688 Homeri
3493 631 3648 697 locos,

2124 724 2356 788 primum
2390 725 2538 780 illutn
2574 725 2743 779 Iliad.
2786 724 2838 789 0,
2884 724 2989 778 155
3021 741 3036 778 :

2241 839 2417 909 Δεινή
2446 840 2515 895 δὲ
2535 841 2696 911 φλὸξ
2725 835 2877 910 ὦρτο
2900 841 3095 895 θεείου
3123 837 3476 910 καιομένοιο,

2124 959 2319 1017 deinde
2358 955 2506 1011 illum
2554 969 2620 1009 ex
2657 955 2822 1010 Iliad.
2854 953 2916 1024 ψ,
2949 953 3055 1008 216
3093 968 3109 1010 :

2370 1071 2536 1140 Μέγα
2572 1069 2624 1124 δ’
2663 1069 2796 1140 laxe
2843 1067 3169 1136 θεσπιδαὲς
3202 1069 3348 1137 πῦρ.

2127 1186 2281 1242 Unde
2309 1187 2471 1242 etiam
2507 1184 2593 1240 illa
2628 1182 2792 1256 paulo
2847 1185 3098 1254 superius
3157 1185 3323 1238 verba
3360 1183 3561 1252 ἑφὺσσςι
3591 1185 3658 1238 iu-

2123 1282 2266 1352 γέως
2299 1287 2604 1348 sumpserat
2637 1293 2652 1331 :
2686 1277 2862 1349 pergit
2889 1277 3038 1332 enim
3065 1276 3138 1331 ibi
3171 1289 3332 1345 poeta
3359 1293 3374 1330 :

2126 1393 2454 1464 Παννύχιοι
2509 1392 2564 1446 δ’
2609 1391 2724 1462 ἄρα
2783 1392 2946 1462 τοίγε
3002 1390 3202 1460 πιφῆς
3260 1389 3496 1514 dyvdrrss
3511 1393 3659 1514 531:7“

3432 1479 3460 1511 ε
3496 1479 3530 1514 α
3569 1504 3576 1512 .
3605 1481 3659 1514 ον

2337 1459 2371 1464 ”
2645 1459 2657 1462 ⁷
2884 1459 2895 1462 ⁷
3153 1459 3158 1460 ⁷
3300 1459 3307 1460 ί
3409 1459 3661 1532 [ἔϐαλλον

2125 1535 2489 1602 Φυσσῶντες
2525 1534 2731 1606 λιγέως
2761 1547 2777 1563 ⁶

2125 1647 2322 1719 quibus
2351 1654 2405 1702 et
2439 1646 2583 1702 istud
2616 1646 2859 1700 ultimum
2891 1644 2956 1701 de
2988 1643 3152 1706 fumo.
3190 1652 3275 1700 vel
3329 1659 3396 1698 ex
3423 1658 3515 1697 suo
3552 1658 3664 1710 quo.

2126 1743 2248 1796 dam
2297 1739 2380 1794 vel
2415 1755 2481 1795 ex
2529 1738 2750 1794 alterius
2809 1737 2939 1793 mihi
2975 1753 3120 1792 nunc
3166 1753 3277 1794 non
3324 1737 3662 1792 succurreutis

2126 1834 2262 1888 vatis
2291 1841 2540 1906 poemate
2589 1831 2814 1886 addidit.

455 1927 625 1977 Ann'e
654 1921 966 1976 Alemanme
997 1921 1251 1989 Augustin
1291 1893 1544 1974 secundae
1588 1893 1732 1973 illius
1779 1893 2024 1988 conjugis
2058 1893 2100 1947 Β
2202 1893 2364 1980 ιῐιξτο
2413 1936 2567 1981 sexto
2615 1934 2812 1994 praeter
2855 1938 3058 1996 morem
3108 1922 3475 1992 Pachymeres
3527 1933 3664 1988 pecu.

456 2016 676 2070 fatetur.
724 2013 942 2080 Quanto
985 2011 1338 2067 verisimilius
1391 2011 1539 2064 credi
1605 2011 1890 2080 potuisset,
1939 2010 2025 2064 isti

457 2117 606 2163 muto
636 2117 690 2162 et
723 2108 887 2161 surdo
921 2105 1154 2160 formam
1187 2104 1289 2158 viri
1327 2104 1692 2172 imperatoriis
1731 2102 1909 2157 ornati
1947 2102 2030 2155 in-

453 2199 702 2267 signibus
727 2199 960 2252 oblatam
992 2205 1415 2268 repraesentasse
1441 2204 1691 2251 sanctum
1723 2195 2026 2265 archange-

456 2291 566 2345 lum
623 2290 938 2346 Micbaelem
994 2299 1360 2359 protectorem
1407 2288 1848 2344 Christianorum
1898 2298 2030 2343 con-

457 2395 538 2439 tra
597 2383 898 2438 barbaros?
952 2382 1105 2439 Hunc
1158 2383 1331 2440 Grrcci
1391 2382 1592 2454 passim
1643 2384 2024 2453 ἀρχιστρατη-

456 2477 554 2544 τόν
582 2475 878 2544 appellant,
919 2476 1008 2544 qui
1043 2475 1230 2531 titulus
1273 2475 1653 2544 imperatorem
1689 2488 1889 2530 sonans
1920 2473 2058 2528 im-'

455 2567 754 2640 perialibus
784 2557 888 2622 non
919 2568 1261 2623 disconvenit
1295 2567 1622 2638 insignibus.

525 2658 589 2732 [P
615 2658 744 2731 550]
800 2658 862 2716 Ρ.
895 2658 1020 2716 406.
1055 2659 1134 2714 Ad
1169 2661 1328 2714 finem
1360 2658 1518 2728 hujus
1557 2658 1773 2727 capitis,
1811 2659 1904 2713 ubi
1938 2659 2026 2713 di-

453 2752 595 2805 citur
635 2752 698 2806 de
729 2750 990 2806 Michaele
1021 2751 1272 2819 Angusto
1307 2751 1548 2820 juniorc,
1576 2750 1768 2821 ὥσπερ
1792 2769 1878 2814 τις
1902 2768 2028 2819 τρο-

455 2844 720 2916 παιοῦχος
749 2845 849 2914 τὴν
875 2844 1033 2899 πόλιν
1064 2845 1396 2915 εἰσέρχεται,
1427 2860 1532 2898 non
1570 2844 1742 2898 tenuit
1773 2860 1832 2899 se
1855 2846 2022 2900 libera

455 2937 760 3006 indignatio
789 2936 1012 2992 lectoris
1049 2936 1350 3006 cujuspiam
1377 2937 1508 3004 quin
1542 2935 1655 2989 haec
1681 2951 1792 2989 orzr
1825 2937 2024 3004 margi-

454 3029 563 3085 nali
603 3029 762 3083 Barb.
800 3028 1004 3084 codicis
1039 3028 1287 3082 aliineret
1311 3045 1326 3082 :
1351 3028 1735 3098 Τροπιιοῦχος
1773 3029 1800 3080 ὁ
1836 3027 2024 3096 φυγὼν

452 3121 580 3186 τοὺς
619 3120 848 3192 ἐχθροὺς
881 3119 1042 3191 765
1080 3120 1176 3173 καὶ
1219 3120 1394 3182 αἴτιος
1435 3119 1526 3172 διὰ
1563 3118 1662 3190 τὴν
1687 3119 1881 3172 ἑαυτοῦ
1911 3120 2021 3172 δει-

2130 2019 2318 2072 liarem
2353 2017 2583 2088 prtelixit
2616 2015 2920 2086 prologum,
2952 2015 3045 2084 qui
3100 2024 3286 2067 tamen
3327 2012 3444 2066 sine
3480 2024 3664 2079 propro

2129 2111 2284 2166 titulo
2317 2111 2369 2164 in
2397 2108 2679 2165 codicibus
2716 2117 2800 2164 est
2838 2123 2960 2163 cum
2989 2105 3165 2176 capite
3205 2107 3230 2159 1
3274 2103 3546 2158 confusus.
3575 2101 3664 2167 Ego

2127 2202 2567 2272 distinguendum
2600 2199 2808 2269 putavi.
2845 2199 3015 2254 Porro
3067 2213 3172 2251 non
3227 2210 3418 2266 parum
3450 2195 3666 2247 laborau-

2129 2297 2255 2350 dnm
2300 2293 2404 2348 fuit
2441 2295 2491 2348 in
2523 2291 2840 2347 extricauda
2895 2289 3175 2359 nitideque
3228 2285 3547 2342 declaranda
3591 2299 3662 2338 au-

2127 2387 2298 2442 ctoris
2323 2386 2414 2440 hic
2448 2383 2726 2454 praefantis
2759 2381 3054 2444 sententia,
3087 2394 3253 2447 quam
3304 2387 3359 2433 et
3392 2377 3664 2446 prrcepissc

2130 2494 2213 2532 me
2239 2489 2292 2534 et
2322 2477 2457 2532 satis
2485 2476 2789 2546 explicasse
2815 2474 3050 2528 confido.
3081 2470 3259 2526 Causa
3295 2471 3448 2525 istius
3478 2469 3524 2521 in
3557 2481 3663 2538 pro.

2127 2568 2400 2640 loquendo
2432 2566 2690 2622 novitatis
2710 2567 2903 2634 opinor
2935 2563 3118 2629 fuerit,
3146 2562 3294 2631 quod
3323 2561 3482 2632 766
3511 2561 3666 2629 aliquo

2128 2663 2414 2720 intervallo
2448 2673 2567 2732 post
2596 2663 2858 2716 hactenus
2885 2659 3089 2730 scripta
3137 2658 3499 2728 Pacbymeres
3536 2653 3662 2725 operi

2125 2774 2184 2813 se
2232 2755 2564 2820 red-liderit;
2611 2762 2667 2807 et
2698 2754 2748 2806 ei
2783 2753 2857 2807 rei
2887 2753 3014 2807 dum
3063 2763 3122 2806 se
3157 2751 3474 2821 accingeret
3515 2763 3661 2802 even-

2129 2859 2392 2918 tuumque
2446 2845 2848 2900 narrandorum
2883 2843 3228 2900 atrocitatem
3265 2851 3554 2913 reputaret,
3582 2840 3662 2893 hac

2127 2940 2352 2995 lectoris
2389 2936 2894 3008 prmmunitiuncula
2946 2935 3349 3005 proludendum
3404 2931 3659 3005 putaverit.

2169 3063 2172 3065 -
2197 3032 2283 3105 [Ρ.
2310 3031 2435 3103 551]
2467 3032 2527 3086 P.
2552 3030 2678 3085 456.
2710 3030 2841 3097 Quae
2867 3030 3125 3100 deinceps
3152 3028 3391 3099 pertexit
3421 3028 3486 3082 de
3512 3024 3658 3079 Cata-

2125 3127 2214 3182 nis
2251 3126 2498 3180 laudibus
2531 3123 2912 3194 Pachymeres,
2941 3123 3076 3178 satis
3117 3129 3429 3190 congruunt
3461 3134 3571 3174 cum
3604 3117 3659 3170 iis

451 3214 572 3267 λὶαν
600 3215 841 3282 γεγονὼς
874 3215 1091 3267 πάντων
1115 3212 1306 3266 δεινῶν
1330 3229 1343 3244 ·
1376 3211 1535 3266 Itane
1564 3215 1854 3281 trophwum
1891 3214 2022 3284 refe-

2129 3236 2246 3290 quae
2271 3218 2576 3288 Aytltonus,
2601 3216 2884 3282 Villanius,
2922 3215 3160 3271 Sanutus
3193 3221 3248 3269 ei.
3291 3213 3351 3269 S.
3390 3211 3662 3268 Antoninus

453 3321 595 3366 rem.
642 3306 732 3376 qui
769 3315 967 3374 tergunt
1015 3305 1167 3358 uertit
1229 3304 1486 3367 hostibus,
1523 3313 1572 3357 et
1614 3321 1778 3359 causa
1815 3307 1916 3373 fuit
1961 3308 2022 3357 ob

451 3414 606 3453 suam
654 3398 917 3467 ignaviam
957 3397 1191 3450 omnium
1243 3395 1540 3450 malorum!
1592 3397 1852 3451 Alludunt
1907 3397 2024 3451 haec

455 3488 826 3558 turpissimam
874 3487 1158 3542 Michaelis
1189 3499 1243 3542 et
1274 3489 1440 3541 totius
1479 3487 1708 3542 Romani
1749 3491 2023 3543 exercitus

451 3578 508 3630 in
542 3577 661 3646 ipso
686 3577 965 3645 procinctu
1005 3575 1174 3646 praelii
1208 3575 1412 3647 fugam,
1447 3578 1698 3646 superius
1723 3585 2022 3643 narratam,

453 3670 492 3724 l.
518 3684 594 3736 tv,
621 3684 670 3723 c.
703 3668 788 3723 l8.

523 3761 583 3816 P.
618 3761 744 3816 4‘28.
777 3761 1000 3815 Amurio
1031 3776 1086 3816 se
1131 3759 1404 3816 admovere
1435 3762 1727 3822 festinavit.
1767 3761 1862 3816 llis
1889 3777 2022 3815 ver-

451 3854 535 3908 bis
567 3853 619 3906 in
651 3852 842 3908 Graeco
866 3852 906 3906 Β
937 3853 1141 3908 codicis
1173 3863 1433 3906 contextu
1465 3853 1868 3923 respondebant
1897 3854 2021 3920 ista,

452 3945 674 4016 ἔρχεται
706 3943 840 4018 πρὸς
878 3945 937 3998 τὸ
980 3945 1304 4017 Ἀμμόριον,
1331 3946 1487 4015 juxtu
1530 3963 1652 4016 qum
1682 3947 2021 4002 Ammorinm

453 4040 665 4094 videtur
696 4053 817 4094 esse
876 4038 978 4092 loci
1043 4055 1261 4102 nomen,
1296 4038 1348 4091 in
1381 4053 1540 4106 quem
1581 4053 1640 4093 se
1672 4038 1914 4109 Alisyras
1943 4038 2024 4090 vi-

453 4144 575 4187 ctus
615 4141 666 4185 et
699 4131 920 4184 saucius
975 4131 1261 4198 receperit.
1317 4128 1422 4184 Sed
1475 4137 1832 4198 przrterquam
1881 4130 2022 4198 quod

453 4221 656 4278 mentio
708 4237 813 4276 non
865 4228 1043 4275 exstat
1089 4222 1230 4274 arcis
1271 4229 1364 4274 aut
1412 4221 1594 4290 oppidi
1641 4222 1719 4275 sic
1759 4221 1888 4274 dicti
1930 4236 2026 4290 per

453 4316 554 4369 bos
586 4323 816 4375 tractus,
849 4313 900 4366 id
925 4313 1069 4367 credi
1104 4320 1250 4366 vetat
1279 4314 1392 4381 ipse
1451 4313 1832 4384 l’achymeres,
1865 4328 1911 4367 c.
1955 4313 2025 4366 25

452 4409 728 4463 allirmaus
761 4407 1027 4477 Alisyram
1075 4421 1143 4462 ex
1190 4403 1314 4476 fuga
1347 4420 1405 4460 se
1436 4407 1708 4475 recepisse
1734 4405 2020 4474 Tripolim,

450 4517 612 4571 quam
645 4501 832 4555 urbem
891 4500 1041 4569 prius
1086 4507 1476 4567 occupaverat.
1511 4497 1608 4553 Est
1636 4500 1834 4568 saepius
1862 4513 2022 4568 supra

2127 3318 2192 3369 de
2215 3315 2307 3367 illo
2338 3321 2662 3376 memorant,
2688 3328 2805 3382 quin
2824 3311 2946 3366 vide
2975 3310 3200 3366 collecta
3241 3311 3386 3380 apud
3415 3309 3665 3363 continua-

2126 3415 2271 3462 tores
2312 3405 2526 3458 Baronii
2580 3403 2872 3458 llenricum
2915 3401 3270 3472 Spoudanum
3319 3412 3373 3455 et
3404 3398 3661 3454 Odorictun

2123 3498 2486 3569 llaynaldttm,
2519 3498 2584 3550 ad
2620 3511 2792 3549 annos
2830 3496 2986 3559 19.94,
3023 3495 3152 3551 1501
3193 3506 3248 3548 et
3285 3495 3444 3548 1501.

2196 3589 2258 3646 P.
2293 3590 2418 3644 457.
2463 3589 2586 3643 Haec
2627 3589 2857 3642 Cazauis
2905 3588 3166 3642 adversits
3208 3585 3487 3642 Sultunem
3520 3581 3664 3652 Syria:

2125 3683 2398 3754 expeditio
2436 3683 2712 3736 oculatum
2747 3681 2813 3733 ab
2851 3681 3124 3750 Aythono,
3171 3680 3261 3750 qui
3316 3680 3364 3733 ei
3419 3692 3478 3732 se
3519 3677 3663 3728 inter-

2127 3777 2296 3830 fuisse
2345 3785 2553 3841 narrat,
2603 3774 2970 3828 testimonium
3013 3774 3195 3828 habet.
3254 3769 3443 3827 Refert
3470 3769 3514 3824 is
3543 3765 3661 3819 Hist.

2125 3875 2265 3920 orat.
2321 3879 2373 3920 c.
2422 3865 2513 3929 41,
2571 3863 2868 3918 Cassamtm
2925 3878 3105 3932 regem
3153 3860 3499 3915 Tartarorum
3530 3856 3663 3912 Chrio

2125 3957 2384 4011 stiaunm.
2435 3971 2537 4008 una
2574 3970 2695 4008 cum
2758 3953 2976 4023 regibus
3025 3953 3300 4008 Armeniae
3351 3961 3406 4006 et
3454 3948 3663 4016 Georgia:

2125 4050 2332 4117 pariter
2361 4046 2712 4109 Christianis,
2770 4046 3119 4116 expeditione
3171 4044 3534 4098 communiter
3560 4054 3662 4092 sus-

2125 4151 2279 4211 cepta
2338 4140 2561 4195 duxisse
2643 4151 2828 4193 contra
2894 4138 3366 4192 Melet-buazerum
3429 4137 3660 4188 sullauem

2125 4232 2367 4303 Egypti,
2394 4231 2563 4302 Syrizt-
2588 4231 2981 4294 dominantem,
3009 4231 3305 4283 exercitum
3336 4232 3661 4282 ducentorum

2126 4323 2374 4386 millium,
2415 4339 2664 4392 magnam
2719 4333 2924 4393 partem
2961 4323 3238 4390 equitum;
3291 4331 3346 4375 et
3401 4333 3662 4375 occurret;-

2127 4425 2231 4469 tem
2290 4415 2392 4469 sibi
2453 4415 2718 4468 sultanem
2785 4414 2924 4482 apud
2958 4410 3208 4475 llumsm,
3260 4411 3500 4479 antiquis
3525 4408 3664 4462 Eme-

2126 4521 2240 4561 sam
2274 4505 2499 4570 dictam,
2548 4520 2671 4558 cum
2724 4515 2944 4558 ccntmn
2977 4505 3218 4572 equitnm
3269 4503 3505 4556 millibus
3530 4499 3664 4553 etin—

448 4604 504 4647 et
536 4593 675 4648 infra
712 4600 1047 4647 memoratus
1097 4591 1150 4644 in
1210 4591 1312 4646 huc
1341 4590 1566 4646 historia
1604 4592 1707 4644 dux
1759 4592 2021 4646 barbarus
2054 4585 2098 4642 Ι)
2131 4597 2280 4652 ﬁnita
2313 4597 2654 4650 multitudine
2698 4596 2963 4665 peditum,
3009 4595 3216 4665 ingenti
3261 4596 3445 4664 prazlio
3489 4593 3662 4647 fudisse

450 4685 732 4739 Amurius.
775 4682 912 4738 llinc
943 4693 1027 4738 est
1066 4683 1195 4736 tnihi
1230 4683 1449 4735 subortu
1485 4683 1722 4752 suspicio
1757 4684 1931 4737 mend‘i
1970 4685 2023 4737 itt

455 4780 560 4834 hac
589 4778 885 4846 scriptura,
913 4775 1414 4846 i‘acbymeremque
1446 4778 1726 4844 scripsisse
1751 4793 1856 4832 non
1889 4777 2026 4848 πρὸς

453 4870 515 4925 τό
547 4870 638 4926 sed
675 4871 766 4923 τὸν
802 4868 1120 4939 ‘Apodptov.
1150 4867 1327 4934 Quod,
1366 4869 1491 4935 quia
1528 4884 1592 4922 ex
1628 4869 1796 4935 priori
1834 4870 2025 4922 lectio-

456 4975 526 5014 ne
573 4959 926 5028 cousequitur
977 4959 1255 5029 quippiam
1316 4957 1665 5027 Pachymeris
1727 4958 2024 5011 narrationi

455 5051 816 5114 contrarimn,
847 5061 906 5105 ut
939 5050 1334 5114 demonstravi,
1377 5050 1780 5104 emendandum
1817 5051 2024 5119 putavi,

453 5159 521 5200 eo
546 5129 716 5214 quem
751 5143 900 5196 iunui
939 5144 1098 5197 modo
1129 5143 1219 5211 (').

524 5331 593 5395 (')
623 5327 776 5394 Quod
817 5325 1008 5392 scripsi
1058 5340 1163 5380 non
1200 5324 1424 5394 reperiri
1462 5339 1556 5391 per
1587 5333 1791 5379 tractus
1822 5323 2023 5379 Orien-

453 5400 576 5456 talis
611 5396 798 5452 limitis
828 5395 1039 5464 imperii
1077 5395 1374 5466 Byzantini
1423 5396 1618 5458 locutn,
1659 5397 1749 5464 qtti
1800 5409 2026 5450 vocetur

451 5469 824 5528 Annnorium,
883 5480 940 5520 re
985 5464 1178 5520 melius
1235 5467 1568 5519 considerata
1619 5480 1761 5520 nunc
1807 5481 2022 5519 revoco.

453 5539 637 5593 Inveni
671 5535 813 5591 cnim
847 5536 984 5603 apud
1015 5535 1395 5601 Theophanem
1437 5551 1488 5600 ι).
1537 5534 1638 5588 201
1699 5544 1753 5588 et.
1799 5534 1906 5589 292
1935 5537 2019 5588 ed.

453 5609 611 5676 ηας..
646 5611 881 5675 itemque
919 5605 1057 5671 apud
1089 5603 1322 5676 Leonem
1360 5603 1804 5667 Grammaticmn,
1848 5603 2024 5676 p.454

451 5674 695 5743 eiusdem
743 5674 1027 5735 editionis,
1093 5675 1420 5728 luculentam
1477 5676 1806 5728 mentionem
1875 5674 2026 5726 urbis

457 5749 673 5801 munitae
711 5747 980 5798 Amarium
1031 5755 1254 5806 vocate,
1291 5746 1513 5812 situsque
1551 5745 1600 5795 in
1659 5745 1725 5796 iis
1758 5744 2020 5812 partibus,

455 5819 606 5880 rnjus
636 5817 797 5868 etiam
832 5813 1150 5868 Ptolomaeus
1188 5814 1450 5866 meminit.
1489 5815 1666 5874 Quare
1696 5813 1869 5866 fateor
1915 5827 2019 5864 non

455 5893 600 5944 recte
633 5885 972 5941 emendatum
1010 5903 1036 5937 a
1067 5900 1152 5940 me
1182 5885 1347 5940 fuisse
1375 5883 1759 5952 Pachymerem
1804 5900 1852 5953 ιι.
1892 5882 2017 5950 1ὶ8,

2131 4689 2424 4758 ίυϐθτθψιθ
2469 4705 2520 4743 ιιι
2570 4687 2862 4758 Egyptum
2914 4689 3177 4757 coegisse.
3241 4687 3406 4757 quue
3455 4697 3662 4755 pra-scus

2130 4783 2414 4853 Aythonus
2472 4783 2768 4850 contigisse
2823 4780 2898 4833 ait
2940 4781 3026 4834 die
3060 4779 3308 4836 Mercurii
3343 4787 3464 4834 ante
3491 4778 3658 4830 festum

2127 4872 2441 4927 Nativitatis
2491 4872 2722 4927 Domini.
2779 4872 3066 4926 ExiSIimat
3103 4873 3425 4941 Spondanus
3477 4872 3535 4922 ad
3582 4881 3657 4918 an.

2127 4966 2255 5021 Chr.
2309 4966 2468 5030 1500,
2518 4980 2574 5018 ιι.
2630 4967 2681 5029 1,
2726 4963 2780 5018 id
2835 4963 3174 5018 referendum
3235 4964 3299 5017 ad
3348 4961 3657 5018 Decembrem

2127 5057 2426 5122 superioris
2469 5055 2595 5108 anni
2633 5053 2764 5108 Chr.
2801 5052 2959 5115 1299,
2985 5067 3094 5120 quo
3125 5050 3310 5121 cyclus
3349 5049 3476 5103 solis
3501 5044 3565 5099 20
3589 5042 3658 5095 lit-

2132 5158 2299 5202 teram
2336 5146 2718 5202 Dominicalem
2757 5145 2797 5196 1)
2825 5145 3032 5210 habuit,
3072 5135 3227 5213 cujus
3263 5141 3461 5197 indicio
3487 5149 3658 5204 εοειιοο

2128 5329 2215 5381 ubi
2255 5343 2348 5391 pro
2381 5327 2439 5380 τὸ
2486 5327 2757 5395 ’Ᾱμόριον,
2783 5327 2992 5390 reposui
3031 5323 3124 5377 τὸν
3165 5324 3468 5394 Ἀμοῦριον.
3504 5313 3654 5395 Fit-illa

2129 5387 2290 5451 verba
2310 5414 2324 5450 :
2347 5387 2604 5465 Ἐρχετξιι
2627 5387 2771 5463 ¹πρὸς
2805 5387 3155 5463 τδἋμόριον,
3181 5387 3491 5463 simpliciter
3517 5387 3655 5465 fuisse

2128 5469 2385 5522 vertenda
2416 5454 2598 5520 ξῖιεηὶι
2653 5454 2957 5519 Anim-ium:
2983 5454 3114 5517 Nam
3143 5454 3251 5520 hoc
3291 5454 3406 5516 'non
3463 5454 3655 5531 impedit

2128 5537 2415 5606 quominus
2448 5551 2633 5590 verum
2685 5550 2806 5588 esse
2866 5537 3120 5606 νίψω-ῆι,
3175 5534 3317 5602 quod
3364 5548 3421 5606 rp.
3451 5527 3653 5606 4513.9“

2128 5596 2438 5667 historicus,
2487 5608 2752 5671 Alisyram
2803 5596 2878 5658 se'
2905 5603 3166 5673 Tripolim
3193 5596 3482 5670 recepi—sse.
3515 5596 3648 5648 Prius

2128 5678 2332 5730 scilicet
2382 5693 2540 5743 quam
2593 5677 2645 5727 in
2704 5675 2806 5728 hoc
2862 5674 3107 5727 ultimum
3149 5674 3443 5741 perfugium
3488 5675 3652 5735 perve-

2129 5747 2326 5811 nisset,
2354 5745 2576 5806 Auiorii,
2609 5761 2726 5811 quae
2769 5750 2866 5796 tida
2905 5745 3002 5810 ipsi
3057 5745 3186 5798 urbs
3238 5754 3362 5796 tunc
3393 5751 3519 5799 erat,
3543 5744 3646 5804 ρθΐ·

2129 5819 2469 5884 st‘q'ttntiuut
2515 5817 2615 5868 vim
2663 5816 2839 5868 obiter
2875 5815 3263 5868 deciinavctat.
