3856 6552
161 449 248 510 825

1620 443 1862 505 ΝΟΤιίΕ.

3270 428 3385 490 826

162 571 344 625 scimus
391 566 592 623 Christi
643 566 882 620 natalem
920 566 1013 621 illo
1054 580 1198 620 anno
1232 564 1493 621 incidisse
1545 563 1602 619 in
1637 564 1717 618 fe-
1748 571 1793 626 Α
1821 561 1875 616 in
1907 558 2024 629 eius
2053 558 2297 630 epistolis
2347 557 2594 626 legantur
2628 553 2680 608 in
2732 567 2851 608 eam
2902 548 3223 607 sententiam
3277 562 3384 618 qua

162 664 283 717 riam
327 668 559 716 sextam.
590 658 771 724 Quare
817 657 891 712 23
948 655 1262 713 Decembris
1314 654 1454 711 feria
1485 664 1704 727 quarta,

162 753 238 809 die
265 762 386 807 ante
409 751 613 807 Christi
648 749 896 805 Natalem
931 751 1115 814 tertia,
1160 749 1346 805 clades
1373 748 1466 804 illa
1504 747 1707 803 sultani

162 840 448 911 contigerit.
478 838 594 895 Nisi
619 839 743 908 quis
781 848 929 893 retro
976 853 1096 893 eam
1135 850 1356 894 movere
1394 837 1461 892 ad
1507 851 1707 890 annum

162 932 481 1006 superiorem
534 932 736 988 Christi
773 931 915 988 1298
950 931 1123 996 malit,
1155 946 1263 1002 quo
1290 930 1471 1001 vigilia
1500 928 1710 985 Natalis

161 1026 341 1083 Christi
366 1026 486 1082 dies
524 1023 775 1081 Mercurii
807 1022 934 1079 fuit.
973 1024 1050 1079 De
1081 1024 1168 1080 his
1195 1023 1531 1080 disseremus
1557 1029 1711 1094 post-

160 1134 214 1173 ea
236 1118 270 1172 l.
300 1133 355 1171 tu
385 1117 578 1172 barum
613 1114 771 1185 0hs.,
800 1131 851 1172 c.
876 1116 934 1182 7,
966 1133 1021 1171 n.
1056 1117 1145 1173 19.

222 1208 357 1266 Ibid.
411 1211 558 1266 Ante
608 1210 792 1264 omnia
849 1210 1038 1266 lectori
1077 1208 1342 1264 rationem
1376 1207 1545 1263 reddo
1577 1220 1710 1274 snp-

162 1302 299 1371 pleta:
323 1317 353 1356 a
386 1317 471 1356 me
506 1301 881 1373 lacunte,quaz
925 1301 1014 1357 hic
1043 1300 1101 1356 in
1133 1315 1237 1356 ms.
1263 1298 1572 1369 archetypis
1598 1294 1716 1351 hia-

163 1399 261 1450 bat.
299 1393 386 1449 Sic
424 1395 572 1449 enim
620 1395 693 1450 ibi
730 1406 954 1452 exstat:
998 1396 1062 1449 Et
1092 1395 1170 1465 μή
1218 1394 1272 1464 γ’
1324 1393 1521 1463 ἐκεινῳ
1562 1391 1625 1446 τὸ
1653 1393 1713 1445 ὲν

160 1486 313 1559 τῷ....
337 1487 525 1540 τόπων
557 1487 849 1559 ἀμμῶδες.
886 1485 998 1560 Ego
1027 1486 1171 1543 inter
1194 1485 1274 1557 τῷ
1312 1495 1367 1542 ct
1394 1485 1579 1539 τόπων
1607 1484 1714 1539 ιΙιιο

176 1581 278 1635 hac
328 1579 496 1634 verba
549 1581 743 1650 πρόσω
771 1580 980 1651 χωρεῖν,
1028 1579 1316 1635 inserenda
1362 1578 1570 1644 censui,
1602 1591 1711 1631 non

162 1670 263 1728 sine
290 1672 774 1729 verisimilitudine
825 1673 1107 1735 conlidens
1163 1673 1306 1729 haud
1354 1671 1517 1740 longe
1557 1671 1638 1725 sic
1683 1683 1713 1724 a

164 1780 269 1821 vera
305 1765 636 1835 primigenia
692 1766 992 1839 scriptione
1049 1768 1239 1824 abesse
1286 1766 1430 1821 hunc
1481 1764 1557 1819 ita
1588 1776 1717 1833 sup-

161 1858 341 1930 pletum
372 1859 581 1914 locum.
1553 1888 1560 1896 -

218 1947 275 2008 P.
304 1949 430 2007 458.
479 1952 613 2008 Haec
661 1967 782 2023 qum
818 1951 1184 2024 Pachymeres
1210 1950 1315 2006 hoc
1348 1948 1467 2005 loco
1499 1950 1569 2004 de
1618 1947 1721 2004 Ca-
1751 1919 1793 1974 Β

162 2051 279 2093 sane
308 2038 516 2106 scribit,
548 2040 795 2096 caruisse
827 2039 977 2095 illum
1007 2040 1217 2107 liberis,
1250 2056 1354 2094 non
1388 2040 1525 2095 bene
1546 2039 1724 2094 cobzr-

162 2139 263 2188 rent
308 2146 430 2188 cum
487 2132 556 2188 iis
606 2148 728 2203 quae
763 2132 1042 2198 Villanius,
1070 2133 1164 2190 lib.
1196 2148 1316 2200 vttt,
1345 2148 1394 2189 c.
1441 2132 1534 2199 '55,
1568 2144 1623 2191 et
1655 2146 1720 2188 ex

162 2233 217 2276 eo
262 2232 475 2278 sanctus
508 2222 846 2289 Antoninus,
882 2224 966 2280 tit.
1004 2224 1102 2292 20,
1160 2240 1210 2280 c.
1245 2223 1355 2295 8,§
1389 2223 1443 2290 9,
1477 2239 1541 2280 ex
1578 2224 1722 2278 rela-

165 2312 292 2369 tione
342 2315 637 2387 cujusdam
696 2317 834 2374 civis
890 2317 1190 2373 Florentini
1240 2318 1332 2372 diu
1385 2318 1438 2373 in
1495 2316 1725 2373 Perside

165 2407 341 2463 versati
374 2419 710 2466 memorant.
738 2410 1005 2467 Nimirum
1039 2410 1282 2467 Cassano
1305 2412 1528 2466 uxorem
1558 2411 1724 2468 fuisse

167 2496 306 2553 ﬁliam
340 2501 483 2572 regis
524 2502 803 2558 Armenia:
841 2504 1323 2575 speciosissimam,
1370 2503 1725 2573 eamdemque

166 2590 511 2649 Christianam
549 2611 566 2662 ;
609 2609 676 2650 ex
712 2598 964 2666 quacum
1001 2597 1049 2651 ei
1081 2606 1247 2652 natus
1286 2605 1431 2652 esset
1472 2593 1616 2650 titius
1650 2595 1725 2650 ita

165 2684 394 2742 deformis
428 2696 489 2743 ut
530 2688 621 2744 vix
657 2688 882 2745 humani
931 2690 1135 2767 aliquid
1173 2689 1375 2745 habere
1423 2688 1722 2755 videretur,

164 2775 436 2834 Cassauum
493 2796 724 2837 uxorem
759 2783 915 2852 quasi
948 2791 1287 2853 compertam
1335 2779 1585 2836 adulterii
1618 2795 1725 2834 una

165 2883 269 2924 cum
294 2882 632 2940 monstroso,
665 2888 825 2943 quem
859 2890 924 2929 ex
975 2889 1035 2930 se
1068 2883 1291 2946 negaret
1335 2874 1563 2940 editum,
1594 2873 1724 2929 tmtn

168 2960 392 3019 incendio
425 2965 629 3036 perimi
667 2968 976 3025 mandasse.
1021 2966 1126 3022 Sed
1162 2983 1283 3021 cum
1333 2968 1674 3036 impetrasset
1697 2984 1726 3020 a

168 3052 385 3111 Cassano
416 3057 622 3114 tnulier
650 3068 708 3113 ut
733 3058 838 3114 sibi
872 3074 969 3128 per
1016 3074 1142 3114 eum
1185 3059 1399 3124 liceret,
1436 3066 1724 3129 antequam

166 3144 372 3202 flammis
426 3164 558 3206 cum
596 3164 765 3216 puero
817 3152 1147 3217 traderetur,
1207 3150 1547 3207 confessione
1587 3149 1727 3219 apud

1812 651 2078 722 subjectio
2113 650 2291 722 populi
2324 650 2391 703 ad
2431 649 2745 718 episcopum
2781 654 2839 700 ut
2875 642 3180 698 necessaria
3226 657 3384 697 com-
3420 660 3431 669 ο

1813 746 2123 799 mendatur.
2186 742 2443 796 Indicabo
2496 740 2587 795 hic
2636 739 2873 809 aliquas.
2925 736 2986 790 ln'
3038 735 3063 789 1
3120 734 3285 805 epist.
3321 734 3386 786 ad

1814 836 2161 907 Stnyrnmos:
2218 834 2427 896 Πάντες
2477 831 2555 903 τῷ
2593 829 2877 899 ἔπισκὸπῳ
2918 826 3262 882 ἀκολουθεῖτε
3312 823 3388 888 ὡς

1823 927 2032 1000 Ἰησοῦς
2071 927 2304 997 Χριστὸς
2327 923 2405 995 τῷ
2438 921 2639 994 Πατρὶ,
2674 923 2771 975 καὶ
2795 919 2870 990 τῷ
2901 916 3282 989 πρεσϐυτερὶῳ
3313 915 3391 978 ὡς

1812 1018 2134 1081 ἀποστόλοις
2164 1058 2178 1071 .
2212 1055 2227 1071 .
2267 1054 2283 1070 .
2312 1056 2325 1068 .
2361 1015 2571 1084 Μηδεὶς
2599 1013 2774 1084 χωρὶς
2812 1011 3113 1064 ἐπισκόπου
3139 1025 3192 1062 τι
3214 1022 3392 1076 etpas-

1815 1110 1956 1165 σέτω
1981 1111 2090 1164 τῶν
2140 1108 2453 1179 ἀνηκόντων
2485 1109 2565 1171 εἰς
2611 1107 2710 1177 τὴν
2767 1102 3121 1172 Ἐκκλησίαν.
3171 1098 3388 1168 Ἐκεινη

1817 1202 2010 1273 βεϐαία.
2066 1200 2391 1271 εὐχαριστία
2447 1196 2691 1270 ἡγείσθω
2732 1196 2764 1266 ἡ
2806 1193 2911 1247 ὑπὸ
2954 1193 3046 1246 τὸν
3091 1190 3393 1243 ἐπίσκοπον

1812 1290 1967 1361 οὖσα,
1998 1294 2031 1364 ἢ
2064 1286 2109 1362 ᾧ
2151 1293 2216 1346 ἂν
2247 1291 2408 1354 αὐτὸς
2430 1288 2726 1359 ἐπιτρέψῃ.
2764 1288 2940 1340 Ὅπου
2970 1283 3036 1339 ἂν
3060 1286 3201 1354 φανῇ
3222 1285 3250 1336 ὁ
3276 1279 3397 1334 ἐπί-

1815 1404 2036 1450 σκοπος,
2070 1388 2185 1439 ἐκεῖ
2204 1384 2264 1438 τὸ
2296 1381 2499 1453 πλῆθος
2526 1382 2686 1445 ἔστω,
2716 1378 2908 1448 ὥσπερ
2936 1378 3072 1431 ὅπου
3094 1375 3162 1429 ἂν
3249 1371 3394 1440 Χριο

1819 1480 1941 1543 στος
1963 1477 2197 1550 Ἰησοῦς,
2230 1477 2343 1530 ἐκεῖ
2375 1477 2407 1544 ἠ
2441 1473 2704 1542 καθολικὴ
2757 1468 3080 1538 Ἐκκλησία.
3129 1466 3247 1521 Οὐκ
3274 1464 3396 1530 ἐξόν

1817 1576 1931 1626 ἐστι
1953 1574 2124 1644 χωρ’ἓς
2162 1570 2257 1624 τοῦ
2295 1569 2599 1623 ἐπισκόπου
2627 1564 2749 1618 οὔτε
2791 1560 3076 1635 βαπτίζειν
3105 1559 3230 1613 οὔτε
3261 1558 3399 1625 ἀγά-

1818 1684 1928 1737 πην
1959 1666 2151 1730 ποιεῖν,
2187 1663 2304 1718 ἀλλ’
2331 1661 2361 1715 ὃ
2386 1663 2452 1715 ἂν
2478 1662 2684 1722 ἐκεῖνος
2713 1656 3007 1727 δοκιμάσῃ,
3041 1661 3149 1708 etc.
3181 1651 3297 1706 lloc
3316 1660 3400 1706 est

1819 1774 1886 1814 ex
1916 1759 2140 1825 antiqua
2176 1754 2633 1824 interpretatione
2661 1751 2852 1805 Latina
2882 1766 2899 1804 :
2925 1747 3124 1801 Nullus
3153 1748 3265 1801 sine
3289 1745 3401 1814 epi—

1820 1867 1976 1922 scopo
2003 1848 2206 1920 aliquid
2235 1855 2479 1914 operetur
2508 1859 2687 1899 eorum
2716 1858 2834 1913 qua:
2870 1843 3181 1896 conveniunt
3215 1839 3268 1891 in
3300 1837 3402 1890 Ec-

1825 1945 2060 1999 clesium.
2093 1940 2195 1995 Illa
2242 1939 2396 2009 ﬁrma
2447 1939 2740 2005 gratiarum
2789 1940 2931 1986 actio
2961 1941 3253 1998 reputetur,
3284 1943 3402 1998 qua:

1825 2039 1918 2092 sub
1959 2035 2072 2102 ipso
2119 2042 2194 2085 est
2225 2030 2301 2084 vel
2330 2043 2485 2098 quam
2531 2027 2716 2095 utique
2766 2024 2877 2092 ipse
2924 2021 3259 2076 concesserit.
3303 2016 3402 2073 Ubi

1826 2129 2002 2199 utique
2027 2130 2244 2194 apparet
2276 2122 2566 2189 episcopus.
2592 2116 2703 2171 illic
2735 2113 3017 2167 multitudo
3041 2113 3130 2170 sit.
3153 2111 3407 2181 quemad-

1826 2221 2036 2275 modum
2066 2219 2239 2287 utique
2272 2214 2361 2269 ιιὺὶ
2386 2222 2459 2267 est
2491 2210 2733 2266 Christus
2766 2205 2948 2271 Iesus,
2999 2205 3109 2259 illic
3141 2203 3405 2258 catholica

1827 2314 2087 2371 Ecclesia.
2119 2309 2243 2366 Non
2282 2310 2485 2363 licitum
2514 2316 2589 2361 est
2619 2304 2730 2359 sine
2759 2303 3003 2372 episcopo
3033 2316 3196 2369 neque
3231 2298 3406 2363 bapti—

1827 2426 1950 2465 zare
1970 2423 2132 2479 neque
2159 2420 2358 2476 agapen
2381 2401 2576 2471 facere,
2609 2400 2699 2454 sed
2730 2396 2868 2469 quod
2895 2398 3072 2461 utique
3094 2394 3181 2448 ille
3209 2391 3404 2463 proba-

1792 2479 1805 2489 .
1827 2502 1977 2566 verit,
2013 2509 2122 2555 etc.
2156 2498 2298 2552 Idem
2327 2495 2488 2561 epist.
2514 2492 2571 2560 2,
2609 2493 2675 2547 ad
2708 2490 3067 2568 Polycarpttm
3100 2504 3115 2541 :
3158 2485 3248 2556 Τῷ
3280 2486 3408 2538 ὲπις

1828 2595 2015 2666 σκόπῳ
2045 2592 2369 2665 προσέχετε,
2400 2589 2485 2642 ἴνα
2535 2586 2630 2641 καὶ
2663 2587 2690 2639 ὁ
2723 2585 2853 2646 Θεὸς
2886 2583 3037 2653 ὑμῖν.
3078 2579 3401 2648 ’Δντίψυχος

1827 2687 1941 2756 ἐγὼ
1972 2686 2079 2740 τῶν
2121 2681 2579 2751 ὑποτασσομένων
2626 2675 2706 2746 τῷ
2755 2676 3075 2739 ὲπισκόπῳ·
3147 2671 3408 2741 Episcopo

1827 2775 2102 2840 attendite,
2137 2783 2194 2827 ut
2227 2782 2275 2828 et
2314 2771 2452 2825 Deus
2484 2770 2649 2824 vobis.
2685 2765 2970 2822 Uuanimis
3001 2779 3093 2833 ego
3122 2780 3238 2817 eum
3281 2762 3409 2814 sub-

1819 2867 1977 2939 jertis
2029 2867 2296 2935 episcopo.
2338 2864 2397 2918 In
2462 2861 2530 2916 lll
2562 2861 2628 2916 ad
2681 2858 2944 2927 Ephesios
2980 2875 2994 2912 :
3030 2855 3243 2927 Πρέπει
3275 2852 3408 2923 ὑμῖν

1831 2959 2146 3031 συντρέχειν
2198 2960 2267 3029 τῇ
2320 2957 2416 3010 τοῦ
2476 2954 2783 3008 ἐπισκόπου
2825 2950 3052 3022 γνώμῃο
3108 2948 3263 3002 Decet
3320 2960 3410 2999 vos

1829 3067 2141 3107 concurrere
2164 3049 2393 3119 episcOpi
2417 3049 2708 3103 sententiis.
2744 3045 2960 3111 Quarta:
2985 3044 3050 3095 ad
3102 3039 3410 3108 Magnesios

1831 3146 1945 3199 haec
1968 3152 2096 3199 sunt
2123 3143 2177 3196 in
2205 3142 2311 3196 hoc
2342 3139 2678 3210 propositum
2719 3137 2860 3192 inter
2891 3136 2995 3191 alia
3028 3153 3043 3190 :
3078 3135 3297 3203 Πρέπον
3315 3132 3412 3186 οὖν

168 3242 479 3298 sacerdotem
527 3259 761 3314 purgare
807 3246 1049 3299 animum
1103 3254 1157 3300 et
1200 3259 1414 3301 sacram
1459 3244 1726 3301 Euchari-

1836 3238 1950 3292 ἐστι
1981 3236 2057 3307 μὴ
2082 3235 2245 3308 μόνον
2269 3234 2558 3288 καλεῖσθαι
2578 3229 2964 3303 Χριστιανοὺς,
2984 3227 3225 3281 ἀλλὰκαὶ
3246 3222 3410 3289 εἶναι,

169 3333 303 3389 Stiam
336 3337 622 3406 percipere
664 3338 941 3408 liliumque
999 3339 1298 3408 baptizare,
1347 3337 1509 3408 767
1555 3336 1726 3392 conti-

170 3425 293 3497 gisse
321 3438 379 3482 ut
403 3443 568 3483 sacro
604 3429 820 3485 lavacro
875 3429 1076 3484 tinctus
1109 3446 1244 3500 puer
1275 3443 1497 3501 repente
1523 3427 1729 3483 formo-t

168 3520 391 3577 sissimns
423 3525 712 3579 evaderet.
749 3523 868 3590 Quo
908 3534 1092 3580 motus
1123 3523 1395 3579 Cassanus
1426 3538 1534 3577 non
1566 3520 1728 3578 modo

171 3617 419 3671 revocavit
452 3632 706 3690 praeceps
762 3617 1052 3688 judicium,
1092 3620 1184 3673 sed
1211 3629 1266 3673 et
1295 3616 1496 3673 Christi
1553 3616 1726 3687 ratam

170 3709 456 3782 religionem
486 3722 581 3768 est
611 3713 914 3783 amplexus.
968 3712 1046 3767 lta
1088 3712 1206 3779 illi;
1261 3727 1381 3782 quae
1416 3726 1521 3765 non
1574 3712 1730 3765 inuo-

174 3802 318 3856 tuisse
360 3803 855 3882 Constantinopoli,
887 3805 1051 3860 etiam
1089 3805 1195 3859 alio
1243 3819 1309 3859 ex
1351 3805 1451 3859 hac
1498 3803 1727 3858 historia

172 3889 311 3946 dttcto
339 3906 666 3964 argumento
703 3897 984 3950 suadetur.
1021 3895 1286 3964 Superius
1318 3895 1487 3961 enim,
1519 3907 1571 3962 p.
1603 3893 1731 3957 402,

175 3987 364 4055 scripsit
394 3998 588 4043 nOSter
634 3986 1009 4042 Andronicum
1070 3987 1362 4042 certiorem
1417 3985 1618 4039 factum
1667 3983 1734 4038 de

174 4081 389 4147 potentia
420 4080 493 4138 Ca
508 4082 685 4146 zanis,
718 4090 776 4136 ttt
806 4097 930 4136 eum
963 4082 1066 4136 sibi
1118 4082 1462 4152 adjungeret.
1500 4078 1736 4137 offeren-

178 4171 282 4227 dam
311 4175 355 4229 ei
385 4190 616 4231 curasse
669 4173 833 4229 tiliam
890 4189 1043 4228 suam
1099 4172 1182 4246 [P.
1235 4171 1365 4244 552]
1424 4174 1645 4228 notham
1681 4173 1733 4227 itt

178 4265 480 4337 coniugem,
542 4281 704 4336 quam
756 4276 812 4322 et
873 4264 963 4321 ille
1020 4264 1452 4336 propositionem
1505 4263 1737 4335 benigne

178 4361 446 4429 acceperit.

236 4449 289 4506 Ρ.
318 4453 437 4510 459.
473 4453 653 4509 Etiam
685 4453 991 4525 Aythonus,
1027 4468 1078 4509 c.
1111 4451 1183 4508 45
1211 4446 1350 4510 Hist.
1402 4451 1523 4519 0r.,
1560 4461 1613 4508 et
1641 4450 1740 4506 Sa—

182 4553 343 4612 nutus,
368 4546 402 4602 l.
438 4563 529 4612 ιιι,
567 4563 620 4619 p.
655 4547 744 4612 15,
781 4562 833 4602 c.
861 4546 919 4609 8.
955 4547 1163 4602 diserte
1195 4546 1468 4601 allirmant
1513 4560 1737 4602 succes-

1836 3328 2023 3399 ὥσπερ
2043 3330 2135 3383 καί
2159 3345 2303 3392 τινες
2341 3326 2646 3380 ἐπίσκοπον
2673 3326 2770 3395 μὲν
2819 3321 3103 3384 καλοῦσιν,
3146 3320 3317 3392 χωρὶς
3355 3319 3413 3371 δὲ

1835 3424 2002 3487 αὐτοῦ
2026 3422 2205 3475 πάντα
2235 3421 2596 3489 πράσσουσιν.
2620 3419 2684 3471 Οἱ
2706 3415 2941 3470 τοιοῦτοι
2968 3415 3024 3468 δὲ
3049 3415 3150 3467 οὐκ
3173 3412 3414 3466 εὗσυνεί-

1835 3517 1985 3589 δητοί
2221 3532 2310 3583 μοι
2346 3507 2484 3565 εἶναι
2533 3509 2852 3580 φαίνονται⁸
2895 3507 3094 3562 Decens
3130 3507 3294 3575 igitur
3337 3512 3413 3557 est

1840 3627 1942 3663 non
1973 3608 2146 3662 solum
2197 3606 2376 3661 vocari
2407 3603 2760 3666 Christianos,
2792 3602 2883 3655 sed
2920 3613 2964 3654 et
2997 3616 3124 3659 esse,
3163 3600 3415 3666 quemad-

1839 3701 2049 3755 modum
2082 3699 2295 3771 quidam
2324 3698 2623 3767 episcopum
2662 3695 2871 3764 quidem
2924 3699 3130 3753 vocant,
3162 3689 3277 3743 sine
3304 3686 3415 3752 ipso

1839 3805 2014 3848 autem
2037 3791 2216 3848 omnia
2242 3802 2548 3861 operantur.
2581 3787 2737 3841 Tales
2771 3796 2946 3839 autent
2987 3800 3088 3836 non
3112 3783 3259 3834 bonw
3286 3795 3415 3833 ron-

1839 3890 2077 3942 scientite
2125 3885 2254 3938 mihi
2285 3899 2394 3938 esse
2418 3882 2682 3937 videntur.
2734 3878 2789 3932 In
2831 3888 2984 3934 sexta
3014 3872 3418 3929 ad’Trallesins

1842 3980 1956 4034 ha’c
1986 3979 2147 4032 habet
2180 3994 2194 4031 :
2253 3975 2426 4027 Ὅταν
2480 3971 2559 4043 τῷ
2590 3969 2880 4040 ἑπισκόπιρ
2930 3963 3305 4021 ὑποτάσσεσθε
3342 3962 3419 4023 ὡς

1852 4070 2030 4140 Ἰησοῦ
2088 4066 2333 4139 Χριστῷ,
2369 4063 2627 4134 φαίνεσθέ
2677 4080 2767 4132 μοι
2811 4061 2873 4114 οὐ
2906 4058 3047 4113 κατᾶ
3076 4055 3418 4127 ἀνθρώπινον

1843 4160 2066 4224 ζῶντες,
2093 4156 2228 4210 ἀλλὰ
2252 4155 2376 4209 κατ’
2431 4151 2643 4223 Ἰησοῦν
2672 4149 2940 4222 Χριστόνο
2991 4146 3127 4202 Cum
3176 4145 3417 4205 episcopo

1844 4252 2071 4320 subjecti
2105 4250 2230 4306 estis
2263 4259 2318 4303 ut
2339 4247 2471 4302 Jesu
2496 4245 2734 4306 Christo,
2761 4242 3013 4298 videmini
3046 4239 3172 4294 milii
3198 4253 3301 4290 non
3341 4252 3422 4287 se-

1845 4346 2072 4401 cundum
2101 4344 2332 4398 homines
2364 4342 2610 4404 viventes,
2646 4338 2736 4391 sed
2756 4334 3043 4391 secundum
3066 4331 3247 4386 Iesum
3275 4329 3422 4386 Chri-

1845 4446 2004 4491 stum.
2040 4433 2245 4488 Horunt
2277 4432 2481 4500 aliqua,
2513 4428 2593 4482 vel
2627 4426 2769 4482 forte
2793 4424 3001 4486 munia,
3028 4429 3122 4475 aut
3149 4424 3312 4473 etiam
3339 4417 3424 4470 his

1849 4531 2022 4599 plura,
2054 4541 2174 4596 quae
2206 4525 2256 4578 in
2283 4521 2578 4593 lgnatianis
2599 4517 2846 4586 epistolis
2874 4515 3147 4584 leguntur,
3182 4511 3425 4565 credide-

182 4651 335 4693 soretn
370 4601 598 4697 Cassan'i
628 4641 852 4694 fratrem
884 4639 1082 4709 ipsius,
1116 4638 1244 4694 licet
1268 4637 1493 4693 Bizams
1530 4638 1612 4692 his
1642 4652 1741 4705 ρο,
1770 4634 1821 4694 ι)
1851 4622 1949 4673 rim
1976 4618 2210 4688 jnssisse
2234 4615 2322 4669 hic
2357 4610 2579 4667 recitari
2612 4607 3009 4663 AndrOnicunt.
3056 4602 3232 4658 Unice
3278 4601 3424 4654 enim

182 4729 357 4785 sterior
380 4742 433 4787 et
464 4732 670 4797 minus,
717 4731 807 4786 ubi
860 4730 1137 4795 dissentit,
1178 4730 1283 4784 lide
1325 4729 1543 4801 dignus,
1574 4729 1742 4782 lilium

185 4815 400 4878 Cassano
426 4823 680 4879 morienti
710 4822 1044 4877 successisse
1091 4822 1320 4884 scribat,
1352 4822 1391 4876 l.
1424 4836 1521 4875 vut
1551 4818 1746 4874 Rerum

188 4905 531 4968 Persicorum.
591 4914 908 4982 Discrepant
945 4921 1127 4966 tamen
1163 4911 1216 4966 hi
1275 4926 1468 4966 omnes
1498 4911 1550 4965 in
1585 4910 1748 4980 hujus

191 5005 382 5059 nurnine
410 5022 438 5061 a
470 5007 827 5078 Pacbymere,
857 5006 987 5059 dum
1042 5004 1382 5060 Carbandam
1409 5019 1504 5058 seu
1535 5003 1749 5059 Carba-

192 5098 396 5165 gandam
433 5111 650 5164 vocant,
677 5116 838 5170 quem
870 5108 1056 5154 noster
1082 5099 1172 5154 hic
1186 5098 1597 5168 Carmpantam,
1620 5096 1745 5151 alibi

193 5186 620 5261 Carmpantanem
657 5191 912 5261 appellat.
943 5188 1193 5245 Tradunt
1220 5199 1400 5245 autem
1437 5190 1595 5245 modo
1629 5189 1747 5241 lau-

195 5279 288 5336 dati
330 5295 572 5341 auctores
621 5286 786 5341 istnm
819 5284 1049 5341 Cassani
1093 5284 1321 5339 fratrem
1375 5295 1551 5337 matre
1585 5282 1747 5339 Chri-

197 5372 346 5428 stiana
374 5377 595 5441 editum,
618 5386 673 5432 et
701 5377 877 5446 ipsum
896 5375 1294 5443 Christianum,
1321 5372 1528 5431 Nicolai
1554 5388 1748 5430 nomen

200 5460 245 5515 in
266 5464 516 5535 baptismo
546 5470 848 5539 accepisse,
878 5482 1370 5539 perseverasseqne
1410 5467 1463 5522 in
1493 5482 1622 5523 vera
1660 5482 1746 5529 re-

199 5552 393 5626 ligione,
432 5563 606 5631 quoad
653 5562 790 5617 vixit
845 5571 1038 5626 ntater,
1093 5562 1187 5617 sed
1246 5576 1309 5616 ea
1343 5572 1580 5630 mortua,
1607 5561 1750 5631 quiod

204 5661 307 5717 post
334 5670 498 5712 annos
526 5673 616 5713 sex
667 5656 916 5727 contigit,
967 5655 1037 5709 ad
1093 5654 1562 5710 hlahontetismum
1602 5652 1750 5709 defe-

206 5756 342 5802 ctsse.

265 5840 320 5893 ι’.
347 5840 463 5898 464.
492 5842 719 5911 Χρῆσις
744 5842 801 5898 S.
824 5841 1079 5913 martyris
1106 5839 1300 5910 lgnatii
1333 5840 1437 5894 hoc
1468 5838 1587 5894 loco
1616 5837 1749 5894 lecta

211 5946 426 6000 quianam
453 5936 632 6005 luerit,
662 5953 768 5992 non
800 5935 959 5992 facile
991 5934 1234 5992 divinatu
1269 5939 1371 6000 est,
1398 5932 1540 6003 quod
1567 5931 1751 5987 multa)

1854 4709 2124 4767 faciebant
2158 4708 2226 4762 ad
2260 4721 2485 4775 scopum
2545 4701 2624 4757 illi
2688 4700 3027 4770 propositum
3067 4693 3425 4764 persuadendi

1852 4803 2169 4861 Arscnianis
2195 4810 2255 4857 ut
2287 4797 2584 4854 Athanasio
2616 4795 2950 4864 patriarcha:
2983 4806 3043 4846 se
3091 4789 3381 4844 subderent
3408 4803 3424 4850 ;

1850 4910 1905 4956 et
1927 4914 2052 4954 eum
2087 4913 2154 4952 ex
2196 4894 2439 4965 pluribus
2478 4891 2674 4962 lgnatii
2720 4885 2969 4956 epistolis
3022 4887 3267 4952 qntedam
3301 4881 3406 4936 alle

1851 5007 2030 5067 gasse,
2077 4997 2396 5061 argumento
2426 5000 2549 5041 esse
2579 4991 2756 5054 potest
2776 4981 2921 5046 quod
2951 4978 3151 5033 nullam
3178 4976 3431 5030 nomina-

1851 5091 1946 5143 tim
2009 5084 2331 5157 designavit,
2368 5097 2434 5135 ex
2490 5093 2596 5149 qua
2653 5076 2816 5128 verba
2860 5084 2982 5144 qua:
3028 5070 3202 5126 audiri
3258 5067 3429 5124 voluit

1852 5189 2089 5239 erueret.

1922 5273 1985 5328 Ρ.
2016 5270 2140 5326 165.
2168 5266 2240 5324 Ut
2270 5264 2521 5337 superius
2562 5259 2950 5317 schismaticns
2982 5257 3284 5326 imperator
3308 5263 3433 5321 per-

1854 5367 2081 5421 suadere
2113 5360 2283 5415 voluit
2340 5357 2425 5430 [P.
2453 5353 2580 5428 553]
2614 5371 2642 5408 a
2681 5363 2923 5421 tempore
2975 5360 3182 5419 magum
3212 5345 3433 5417 synodi,

1855 5462 1957 5515 hoc
1985 5464 2067 5512 est
2086 5452 2441 5511 mcumenicm
2460 5459 2666 5504 octavae
2688 5452 2804 5520 (aut
2832 5443 3013 5516 potius
3030 5436 3431 5511 pseudosynodi

1853 5550 2143 5621 suppositae
2202 5562 2232 5600 a
2296 5543 2584 5599 notissimo
2642 5540 2937 5608 intpostore
2996 5531 3214 5595 thio,
3263 5544 3429 5601 quain

1854 5641 2104 5699 l’hotiani
2138 5654 2236 5709 pro
2265 5633 2607 5693 tecntnenica
2643 5643 2835 5687 octava
2870 5633 3152 5682 ostentant
3185 5630 3238 5676 et
3267 5636 3433 5675 veneo

1860 5734 2070 5805 rantur)
2094 5732 2364 5789 defecisse
2395 5729 2449 5783 in
2480 5726 2773 5784 Occidente
2807 5735 2989 5776 veram
3023 5715 3429 5771 successionem

1856 5829 2223 5901 legitimorum
2252 5824 2570 5896 praesulnm,
2605 5818 2748 5889 quod
2783 5815 2927 5869 notis
2985 5811 3120 5879 adp.
3154 5807 3257 5864 356
3289 5805 3434 5861 refu-

1858 5925 2115 5991 tavimus,
2138 5921 2211 5977 ita
2237 5932 2376 5976 nunc
2398 5915 2514 5991 pari
2546 5912 2779 5972 vanitate
2806 5907 2879 5965 ait
2901 5908 3081 5962 sedem
3106 5901 3442 5971 Romanam,
