3856 6556
467 409 603 474 827‘

1380 412 1444 474 Ρ.
1488 403 2468 473 POSSINHOBSERVATIONUM
2532 400 2676 460 LIB.
2729 398 2808 458 ll.

3577 396 3668 461 8‘28

464 541 528 579 ex
560 541 671 595 quo
695 526 1027 596 deprehensa
1068 507 1431 597 damnataque
1469 527 1619 583 labes
1651 525 1873 581 Honorii
1907 524 2025 579 fue-
2053 525 2099 579 Α
2130 518 2270 571 satia
2297 517 2577 571 divinante
2634 513 3005 581 supplcantur.
3058 507 3112 561 Ιιι
3170 508 3282 563 i«tis
3333 507 3672 577 pcrintricatis

466 618 557 681 iit,
591 620 946 676 orthodoxam
973 636 1096 677 esse
1119 620 1381 684 desiisse;
1409 635 1517 690 quo
1540 619 1697 684 nihil,
1719 633 1822 671 non
1852 617 2026 671 dicam

465 709 701 776 iniquius
717 722 771 766 et
797 711 1214 778 calttntniosius,
1240 712 1332 766 sed
1355 720 1412 766 et
1438 710 1681 766 obtusius
1704 708 2029 776 stultiusque

461 800 569 856 dici
603 802 799 871 potuit.
855 803 923 859 Ut
954 804 1099 858 enim
1144 804 1392 858 omittam
1447 803 1785 857 collisionem
1834 800 2026 853 horum

459 890 689 946 duorum
742 902 1103 955 assertorum,
1161 909 1394 963 quorum
1429 895 1662 948 alterum
1714 890 1801 944 hic
1853 887 2026 958 ponit,

459 985 690 1042 desiisse
724 985 778 1040 in
802 985 1041 1041 Honorio
1067 985 1351 1055 pontiﬁces
1382 983 1654 1038 Romanos
1693 997 1813 1038 esse
1841 981 2029 1037 ortbo-
2058 1042 2063 1049 ν

460 1079 651 1140 doxos,
677 1077 927 1142 alterum,
968 1094 1019 1147 p.
1070 1079 1195 1143 556,
1241 1077 1497 1144 superius
1538 1084 1867 1138 astrinxerat,
1900 1081 2028 1141 post

457 1179 704 1222 octavam
731 1170 949 1225 demum
978 1171 1270 1240 synodum,
1303 1172 1412 1236 boc
1463 1177 1550 1224 est
1592 1168 1840 1223 ducentis
1868 1166 2030 1222 annis

457 1261 526 1312 ab
552 1259 811 1324 Honorio.
848 1262 1075 1317 desiisse
1101 1263 1153 1317 in
1186 1261 1478 1319 Occidente
1510 1277 1695 1318 veram
1719 1260 2035 1316 successio-.

461 1367 581 1406 nem
615 1353 978 1422 legitimorum
1011 1355 1321 1424 praasulum.
1356 1355 1434 1409 Ex
1462 1369 1574 1424 quo
1624 1355 1876 1423 sequitur
1916 1352 2023 1407 Ro-

461 1460 651 1499 manos
681 1447 964 1516 pontiﬁces
994 1448 1124 1502 totis
1151 1438 1591 1502 annis’ducentts
1623 1456 1681 1501 et
1707 1445 1874 1500 fuisse
1896 1445 2028 1513 legi-

458 1540 621 1595 timos
676 1540 961 1608 pontiﬁces
1011 1550 1066 1595 et
1121 1550 1268 1595 recte
1316 1550 1373 1595 ut
1407 1540 1543 1595 tales
1593 1554 1624 1594 a
1657 1536 1861 1594 Graecis
1895 1537 2027 1605 ipsis

457 1631 692 1698 aguitos,
722 1646 843 1687 cum
907 1642 1086 1686 tamen
1140 1632 1437 1688 orthodoxi
1486 1646 1593 1686 non
1624 1639 1812 1686 essent
1842 1644 1858 1683 :
1893 1627 2024 1684 illud

458 1723 621 1777 modo
645 1725 754 1789 aio,
793 1726 928 1780 satis
975 1740 1098 1780 esse
1154 1725 1500 1781 manifestum
1536 1723 1785 1789 Honorii,
1827 1722 1878 1777 si
1902 1721 2026 1792 quis

458 1812 580 1881 fuit,
618 1813 828 1884 lapsum
862 1818 913 1871 iu
941 1832 1091 1873 mera
1123 1818 1495 1875 facti‘haesisse
1519 1814 1913 1887 imprudentia,~
1955 1813 2021 1867 ad

461 1906 619 1959 ﬁdem
648 1921 711 1960 ac
740 1907 933 1975 d0gma
989 1908 1210 1962 minime
1243 1907 1593 1975 pertinuisse.
1657 1906 1903 1976 Sergius,
1932 1919 2025 1972 pa-

459 1996 697 2052 triarcha
730 1996 1391 2067 ConstantinopoliIanus,
1422 2002 1661 2055 nondum
1690 1998 1905 2070 aguitm
1925 2010 2023 2064 pro

458 2088 732 2154 lueretieo,
773 2089 995 2159 scripsit
1026 2091 1094 2145 ad
1124 2090 1420 2146 Honorium
1457 2091 1755 2146 Romanum
1803 2090 2024 2159 pontiﬁ-

456 2193 574 2232 cem
612 2194 757 2234 anno
785 2180 987 2236 Christi
1019 2183 1144 2247 632,
1169 2185 1361 2254 agitari
1393 2199 1584 2253 magno
1608 2182 1836 2238 tumultu
1886 2197 2022 2237 con-

459 2272 770 2334 ltoversias.
802 2274 988 2328 ductu
1008 2293 1078 2329 au
1103 2293 1210 2330 una
1231 2276 1344 2330 sola
1369 2277 1424 2329 iu
1444 2276 1656 2330 Christo
1674 2275 2020 2347 agnoscenda:

454 2372 625 2417 essent
653 2363 946 2421 voluntates
969 2376 1019 2419 et
1063 2368 1389 2435 operatione:
1414 2384 1435 2433 ;
1480 2368 1682 2438 quibus
1714 2366 1847 2421 rixis
1871 2382 2018 2420 cont-

457 2458 739 2523 pescendis
774 2471 1136 2527 Opportunum
1170 2462 1384 2515 interim
1421 2462 1521 2516 sibi
1555 2461 1724 2516 videri
1756 2476 2015 2532 suggere-

458 2548 549 2601 bat
572 2548 771 2617 imponi
805 2566 833 2604 a
868 2552 1121 2619 pontiﬁce
1152 2569 1215 2608 ex
1247 2569 1403 2622 atquo
1450 2556 1696 2623 utrisque
1726 2569 1888 2623 super
1929 2555 2019 2609 tali

455 2640 809 2697 altercatione
831 2644 1128 2700 silentium.
1162 2646 1311 2701 Fecit
1341 2649 1483 2717 quol
1517 2650 1811 2718 rogabatur
1840 2647 2020 2703 lieno-

457 2734 601 2797 rius;
634 2745 688 2786 et
716 2734 841 2802 quia
876 2735 977 2788 tale
997 2739 1283 2792 consilium
1317 2747 1512 2794 eventu
1536 2741 1757 2795 noxium
1790 2741 2019 2796 catholi-

454 2825 555 2888 cis,
584 2829 924 2882 commodum
951 2827 1220 2883 haereticis
1242 2831 1638 2899 deprehensum
1683 2844 1789 2896 εει,
1822 2833 2027 2888 multo-

455 2932 575 2970 rum
609 2929 791 2993 postea
820 2923 1058 2989 querelis
1084 2932 1135 2977 et
1180 2924 1657 2980 criminationibus
1689 2941 1882 2981 nomen
1917 2927 2020 2981 fuit

454 3008 599 3062 illius
634 3022 689 3065 et
722 3014 980 3068 memoria
1029 3024 1239 3079 notata,
1290 3017 1447 3086 quasi
1500 3026 1703 3073 temere
1749 3017 2019 3075 credendo

2132 610 2283 664 locus
2308 610 2392 663 hic
2418 607 2538 670 fuit,
2570 607 2623 662 in
2653 605 2776 659 cod.
2812 604 2973 658 Allat.
3009 602 3088 655 sic
3120 600 3354 670 scriptus
3391 620 3405 657 ;
3448 601 3670 675 Πιριδὼν

2130 701 2306 755 ταῦτα
2361 696 2556 770 ἓλομαί
2603 715 2665 751 τε
2720 697 2884 767 ὑμᾶς.
2916 695 3051 751 Cod.
3085 694 3245 747 Barb.
3279 695 3439 747 habet
3484 693 3669 759 ἕλωμα.

2131 792 2329 848 Neutra
2366 792 2526 847 lectio
2578 806 2700 845 cum
2750 787 3104 857 sequentibus
3154 786 3411 841 cohaeret.
3461 784 3669 855 Reposui

2129 880 2266 936 ἑλών
2289 900 2346 936 τε
2376 883 2544 953 ὑμᾶς,
2581 879 2850 935 sententia
2878 878 2990 949 jam
3022 875 3309 933 tolerabili.

2198 975 2259 1029 P.
2284 974 2410 1029 477.
2461 974 2619 1029 Ἀλλ’
2648 973 2898 1039 ἀκρίτου
2946 964 3046 1025 αὖ.
3083 968 3175 1024 Sic
3208 965 3513 1019 necessario
3542 980 3674 1033 repo-

2127 1068 2232 1131 sui,
2251 1082 2373 1121 cum
2404 1067 2458 1121 iu
2477 1065 2639 1122 codd.
2665 1070 2920 1128 corrupte
2946 1062 3213 1129 legeretur
3231 1057 3366 1112 ἀλλὰ
3395 1056 3575 1122 κριτοῦ
3594 1056 3670 1112 αὖ.

2127 1158 2495 1229 Prteterquam
2520 1158 2665 1214 enim
2693 1156 2894 1210 insulsa
2924 1164 3067 1209 esset
3100 1152 3189 1207 illa
3237 1150 3475 1206 nominis
3508 1149 3670 1222 κριτοῦ

2126 1252 2280 1323 quasi
2318 1251 2631 1309 continuata
2668 1249 2937 1318 repetitio,
2966 1245 3252 1301 manifeste
3289 1243 3393 1301 loci
3426 1243 3669 1298 sententia

2129 1345 2319 1413 exigit.
2345 1353 2403 1397 ut
2433 1343 2721 1413 sequentia
2755 1339 3057 1407 declarant,
3100 1337 3409 1407 signiﬁcare
3437 1336 3668 1391 Arscnia-

2127 1450 2227 1490 nos
2260 1449 2398 1503 Opus
2422 1450 2543 1490 esse
2577 1433 2643 1488 ad
2681 1433 3008 1489 decisiouem
3047 1429 3440 1488 controversiae
3471 1445 3574 1485 sua:
3600 1431 3670 1496 ju-

2126 1527 2248 1581 dice
2274 1541 2555 1598 supremo,
2579 1525 2792 1596 qualem
2827 1531 3023 1577 vocant
3062 1522 3259 1594 κριτὴν
3284 1520 3523 1589 ἄκριτον,
3545 1517 3669 1587 judi-

2127 1634 2244 1675 cem
2273 1619 2483 1690 judicio
2508 1617 2791 1675 subeundo
2822 1616 2912 1690 [Ρ.
2962 1614 3091 1688 551]
3140 1632 3245 1670 non
3282 1613 3589 1677 obnoxium,
3617 1627 3671 1665 ex

2126 1711 2282 1780 cujus
2336 1709 2605 1765 sententia
2662 1710 2947 1780 provocari
2992 1719 3251 1778 nequeat,
3301 1715 3488 1776 utpote
3533 1718 3671 1773 supra

2127 1818 2289 1874 quem
2321 1802 2460 1857 alius
2491 1817 2597 1858 non
2624 1803 2695 1858 sit
2726 1803 2779 1857 in
2828 1802 2988 1858 terris
3024 1799 3227 1872 judcx;
3265 1812 3321 1854 et
3379 1798 3535 1853 talem
3559 1798 3675 1854 istos

2124 1895 2438 1950 adulatores
2456 1894 2837 1952 schismaticos
2859 1906 3158 1962 agnoscere
3184 1891 3386 1944 laicum
3410 1888 3676 1959 imperato-

2121 2004 2263 2053 rem,
2297 1987 2349 2042 in
2378 1988 2560 2042 causis
2594 1987 2758 2042 etiam
2784 1985 3176 2042 ecclesiasticis
3214 1993 3270 2037 et
3301 1981 3673 2052 spiritualibus.

2121 2094 2229 2134 non
2258 2078 2445 2149 pudet.
2482 2072 2588 2132 Sed
2621 2076 2827 2132 similes
2853 2077 3055 2132 habent
3082 2076 3233 2133 labra
3262 2073 3525 2129 lactucas.

2162 2238 2165 2241 δ
2190 2170 2251 2225 Ρ.
2279 2168 2404 2226 482.
2443 2169 2696 2226 Πλάτων
2719 2168 2790 2223 ἐν
2808 2169 3048 2239 Νόμοις.
3073 2166 3247 2222 Locus
3278 2167 3367 2223 hic
3391 2166 3674 2239 indigitatus

2118 2279 2147 2318 a
2184 2262 2523 2335 Pachymere
2552 2269 2729 2316 exstat
2755 2261 2897 2330 apud
2920 2258 3221 2319 Platonem,
3261 2259 3299 2311 Ι.
3328 2275 3342 2313 ι
3381 2256 3450 2311 De
3478 2258 3673 2327 legibus,

2121 2370 2173 2424 p.
2209 2354 2314 2409 630
2342 2355 2431 2409 ed.
2458 2352 2672 2422 Steph.,
2703 2352 2792 2408 tibi
2823 2353 2902 2407 sic
2935 2353 3165 2422 legitur:
3192 2350 3491 2412 Διαὸἁντες
3513 2350 3565 2402 δὲ
3594 2351 3672 2402 καὶ

2123 2448 2426 2519 μαχόμενοι
2481 2446 2759 2508 ἐθέλοντες
2804 2443 3175 2516 ἀποθνήσκειν
3221 2444 3282 2495 ὲν
3333 2442 3413 2512 τῷ
3479 2441 3673 2511 πολέμῳ

2119 2539 2355 2612 (φράξει.
2378 2538 2679 2610 Τυρταῖος)
2712 2537 2821 2591 τῶν
2848 2536 3197 2608 μισθοφόρων
3226 2535 3339 2588 εἰσὶ
3374 2533 3672 2605 πάμπολλοι⁹

2116 2627 2194 2689 ὧν
2222 2635 2271 2687 οἱ
2300 2633 2547 2686 πλεῖστοι
2572 2632 2811 2702 γίνονται
2843 2632 3063 2704 Θρασεῖς
3089 2634 3182 2684 καὶ
3213 2632 3392 2686 ἄδικοι
3422 2633 3511 2684 καὶ
3542 2629 3675 2699 ύΰριυ

2117 2725 2244 2780 σταὶ
2290 2725 2382 2779 καὶ
2436 2725 2832 2797 ἀφρονέστατοι.
2890 2726 3078 2795 σχεδὸν
3125 2726 3413 2787 ἁπάντων,
3453 2723 3594 2784 ἐκτὸς
3615 2722 3667 2792 δή

2116 2837 2278 2874 τινων
2318 2818 2461 2889 μάλα
2489 2819 2712 2888 ὀλίγων.
2747 2818 2897 2885 Quod
2933 2818 3083 2874 addit
3118 2834 3239 2873 mox
3276 2830 3461 2873 uoster
3488 2835 3545 2871 ex
3570 2816 3670 2869 Pla-

2116 2922 2243 2966 tone
2268 2912 2332 2965 de
2361 2911 2478 2967 cive
2503 2912 2643 2965 inter
2675 2911 2976 2967 seditiones
2998 2911 3123 2973 ﬁdo,
3155 2911 3261 2965 hoc
3295 2922 3400 2973 est,
3419 2925 3511 2977 pro
3538 2924 3671 2977 l'tp'l~

2115 3002 2253 3058 blica
2279 3001 2495 3057 fortiter
2517 3011 2694 3056 stante
2724 3011 2776 3057 et
2807 3016 2926 3056 eam
2952 3016 3046 3056 sua
3073 3002 3278 3055 virtute
3313 3017 3376 3056 ac
3435 2998 3670 3067 sapientia

454 3101 687 3156 subdolo
715 3103 1105 3171 lueresiarcltze,
1131 3109 1222 3177 qui
1246 3108 1485 3163 nondum
1514 3108 1716 3163 larvam
1736 3110 2022 3181 deposuis-

2133 3105 2354 3160 uvante,
2389 3094 2568 3150 videre
2600 3103 2685 3148 est
2713 3093 2766 3147 in
2789 3093 2972 3148 verbis
3005 3109 3123 3162 qum
3147 3094 3376 3163 ἀμέσως
3396 3091 3674 3162 ριιιιςοιὶιιιιι

455 3205 559 3259 set,
586 3195 779 3252 haeresi
808 3197 1284 3255 Monotbelitarum
1338 3200 1625 3270 {omentum
1658 3202 2020 3270 impendisset.

2131 3188 2284 3244 modo
2311 3187 2606 3257 descripta,
2639 3187 2802 3257 770
2836 3186 2926 3241 ubi
2961 3184 3315 3241 Atheniensis
3358 3185 3675 3239 interlortttor

454 3281 515 3338 lu
545 3300 652 3355 quo
687 3298 800 3341 tato
828 3289 948 3356 quis
978 3304 1083 3343 non
1120 3290 1265 3344 videt
1290 3304 1357 3344 ne
1386 3290 1614 3360 primam
1641 3293 1855 3360 quidem
1887 3308 1986 3360 spe
2006 3324 2024 3333 -

456 3377 597 3431 ciem
627 3378 941 3436 defectionis
969 3381 1038 3436 ab
1058 3382 1363 3440 orthodoxa
1389 3384 1490 3439 ﬁde
1515 3386 1839 3454 apparuisse
1863 3386 2030 3458 769

457 3470 648 3536 ullam,
680 3481 775 3526 aut
824 3473 906 3526 vel
954 3474 1080 3543 ﬁngi
1115 3475 1399 3542 potuisse?
1428 3492 1495 3528 an
1527 3476 1672 3530 enim
1699 3476 1916 3533 silentio
1961 3479 2026 3532 ad

460 3570 671 3629 tempus
724 3564 1046 3632 quibusdam
1100 3566 1243 3620 inter
1293 3581 1354 3622 se
1405 3568 1861 3625 contendentibus
1890 3570 2028 3625 imii-

456 3652 632 3706 cendo
665 3657 943 3709 damnavit
972 3656 1177 3727 aliquid
1209 3668 1354 3715 recte
1398 3674 1692 3725 assertum,
1741 3673 1834 3716 aut
1866 3678 2030 3732 prave

459 3746 661 3797 dictum
682 3746 825 3800 aliud
853 3749 1121 3803 sancivit?
1146 3747 1292 3806 Nihil
1318 3752 1519 3807 minus.
1551 3752 1712 3808 Sileri
1745 3755 1943 3824 quippe
1964 3756 2031 3812 de

460 3854 521 3891 re
549 3839 714 3892 etiam
745 3853 870 3894 vera
911 3841 1027 3896 sine
1056 3842 1164 3898 ullo
1190 3844 1436 3900 veritatis
1466 3844 1786 3916 praeiudicio
1814 3858 2025 3915 potest;

457 3941 513 3985 et
543 3931 812 3989 interdum
835 3945 1057 4005 prepter
1077 3950 1367 3991 commune
1385 3936 1584 3993 bonum
1608 3939 1849 4009 expedit.
1871 3940 2027 3994 Plura

459 4025 528 4075 de
579 4024 932 4081 celeberrima
987 4029 1360 4084 controversia
1421 4046 1449 4080 a
1511 4030 1645 4084 viris
1700 4030 2031 4086 doctissimis

458 4111 728 4183 hodieque
752 4118 1120 4175 eruditissime
1149 4126 1379 4175 tractata
1401 4120 1509 4176 dici
1535 4137 1565 4177 a
1597 4136 1683 4177 me
1709 4139 1814 4178 non
1846 4136 2030 4193 postu-

458 4206 535 4260 lat
572 4206 660 4260 bic
695 4207 866 4263 locus.

531 4297 593 4353 P.
625 4297 750 4355 469.
791 4299 914 4353 Τῶν
942 4300 1393 4367 ἀνεπιλήπτων.
1445 4303 1548 4359 Hic
1596 4320 1784 4361 errore
1824 4306 2030 4362 librarii

449 4392 810 4459 dcscriptoris
840 4394 1051 4461 negatio
1073 4392 1373 4455 exciderat.
1421 4409 1539 4464 qua:
1571 4398 1840 4450 sententia
1886 4396 2033 4452 clare

449 4480 734 4549 ﬂagitante
789 4484 1125 4537 restituenda
1180 4484 1303 4549 fuit,
1364 4485 1463 4538 οὐκ
1491 4494 1617 4540 ante
1647 4487 2031 4558 ἀνεπιλήπτων

2127 3296 2249 3335 cum
2285 3295 2313 3334 a
2362 3280 2537 3337 Clinia
2594 3278 2841 3335 Cretensi
2895 3277 3255 3349 expressis‘set
3304 3277 3473 3331 videri
3504 3274 3672 3347 Tyrttei

2128 3374 2378 3430 versibus
2431 3374 2804 3431 commendari
2857 3373 3197 3443 potissimum
3252 3373 3399 3437 illos,
3447 3374 3533 3443 qui
3560 3370 3675 3425 bello

2127 3474 2356 3522 externo
2409 3475 2599 3523 contra
2654 3466 2844 3521 hostes
2897 3466 3074 3536 gentis
3104 3464 3356 3530 alterius,
3395 3481 3493 3518 non
3525 3472 3674 3517 autem

2128 3559 2274 3613 bello
2304 3558 2451 3613 civili
2479 3568 2668 3611 contra
2698 3558 2843 3613 cives
2872 3573 3019 3619 suos,
3049 3558 3305 3613 bellicam
3338 3558 3675 3613 fortitudinem

2129 3653 2446 3719 probarent,
2469 3651 2546 3707 sic
2579 3651 2801 3706 resumit
2834 3667 2849 3705 :
2890 3651 3083 3721 Ἡμεῖς
3107 3652 3164 3705 δέ
3194 3668 3258 3719 γε
3288 3651 3507 3720 ἀγαθῶν
3535 3650 3678 3704 ὄντων

2127 3741 2333 3798 τούτων
2380 3741 2459 3796 ἔτι
2494 3742 2670 3812 φαμὲν
2700 3741 2961 3811 ἀμεινους
3012 3738 3153 3796 εἶναι
3187 3744 3285 3797 καὶ
3332 3743 3464 3797 πολὺ
3498 3742 3608 3803 τοὺς
3632 3740 3677 3790 ἐν

2128 3833 2207 3903 τῷ
2235 3833 2481 3905 μεγίστῳ
2514 3834 2733 3903 πολέμῳ
2753 3833 3113 3903 γιγνομένους
3132 3835 3395 3903 ἀρίστους
3412 3830 3673 3902 διαφανῶς.

2131 3924 2369 3994 Ποιητὴν
2387 3924 2444 3977 δὲ
2472 3924 2567 3978 καὶ
2594 3925 2758 3995 ἡμεῖς
2794 3926 3048 3996 μάρτυρα
3077 3926 3302 3996 ἔχομεν,
3339 3927 3571 3996 Θέογνιν,
3595 3941 3677 3976 πη-

2130 4013 2284 4085 λξτην
2309 4013 2419 4067 τῶν
2444 4016 2501 4067 ὲν
2535 4014 2757 4086 Σικελίᾳ
2787 4016 3118 4088 Μεγαρέων,
3152 4018 3210 4080 ὃς
3237 4036 3377 4089 φησι
3397 4035 3415 4051 ο

2132 4130 2357 4196 Πιστὸς
2381 4128 2538 4198 ἀνὴρ
2561 4128 2799 4199 χρυσοῦ
2834 4146 2897 4183 τε
2931 4130 3029 4183 καὶ
3061 4130 3330 4201 ἀργύρου
3368 4132 3671 4201 ἀντερύσασ

2278 4269 2486 4336 Ἀξιος
2504 4269 2575 4324 ἐν
2607 4267 2869 4339 χαλεπῇ,
2901 4270 3117 4338 Κύρνε,
3142 4200 3613 4342 διχοστασιῐεῖθαι

2133 4384 2332 4437 Τοῦτον
2362 4385 2425 4454 δή
2457 4401 2638 4454 φαμεν
2669 4388 2727 4437 ὲν
2774 4385 3003 4457 πολέμῳ
3045 4388 3421 4459 χαλεπωτέρῳ
3449 4387 3674 4458 ἀμείνονα

2135 4478 2347 4531 ἐκείνου
2402 4479 2659 4547 πάμπολυ
2709 4479 3012 4547 γίγνεσθαι,
3065 4480 3253 4551 σχεδὸν
3316 4483 3437 4534 ὅσον
3469 4479 3676 4549 ἀμείνων

452 4575 719 4642 s‘cpmito.
752 4576 923 4628 Sonat
956 4576 1101 4631 enim
1135 4577 1505 4646 ἀνεπίληπτος
1527 4617 1542 4641 ,
1578 4588 1636 4632 ιιι
1660 4588 1808 4648 patet
1840 4591 1893 4633 et
1922 4579 2026 4634 lle-

2132 4570 2446 4643 δικαιοσύνη
2475 4570 2569 4623 καὶ
2600 4569 2919 4642 σωφροσύνη
2955 4572 3053 4624 καὶ
3085 4574 3351 4643 φρόνησις
3382 4574 3463 4636 ei;
3509 4570 3674 4625 ταυτὸν

451 4665 684 4733 syrhius
738 4665 996 4721 distincte
1050 4668 1329 4733 admonet,
1365 4667 1678 4739 ἄμεμπτος,
1713 4670 2034 4737 ἀκατάγνω-

453 4776 606 4821 στος,
659 4757 1129 4824 irreprelteusibilis
1162 4776 1253 4813 uec
1291 4762 1564 4829 reprobari
1601 4762 1814 4831 dignus.
1863 4762 2033 4831 Cujus

455 4851 798 4903 contrarium
830 4849 897 4903 de
927 4851 1237 4906 sacerdotio
1269 4850 1523 4907 Ecclesia:
1549 4852 1836 4921 prazsentis
1870 4853 2031 4907 Arse-

457 4939 634 5004 uiani,
672 4946 734 4993 ut
762 4949 817 4994 et
844 4940 945 4996 hoc
980 4941 1099 4997 loco
1129 4952 1184 4996 et
1241 4943 1368 4997 alibi
1431 4942 1796 5015 Pachymeres
1851 4945 2031 5009 duci-t,

457 5032 829 5096 afﬁrmabant,
862 5046 1171 5088 asserentes
1203 5034 1456 5090 videlicet
1488 5035 1708 5091 dubiam
1736 5037 1952 5102 saltem,
1988 5037 2033 5091 si

458 5139 570 5177 non
618 5123 903 5179 manifeste
937 5103 1253 5187 invalidam,
1278 5126 1677 5182 ordinationem
1697 5142 1886 5181 eorum
1913 5142 2035 5182 esse

458 5213 554 5281 qui
588 5229 618 5267 a
650 5214 957 5282 patriarcha
991 5224 1117 5270 tunc
1158 5215 1812 5285 Constantinopolitanam
1850 5218 2038 5273 Eccle-

459 5304 602 5358 siam
636 5314 854 5371 regente
889 5305 1061 5360 sacris
1088 5308 1458 5363 initiarentur.
1503 5308 1733 5380 Scripsit
1760 5325 1892 5380 ergo
1920 5315 2037 5365 sine

461 5395 633 5450 dubio
661 5394 1043 5467 Pacliymcres,
1070 5410 1224 5467 prout
1259 5399 1595 5455 restituimus
1628 5415 1692 5453 ex
1728 5400 1871 5470 iusta
1903 5416 2039 5455 con-

459 5489 697 5558 jectura,
719 5491 777 5543 ὲν
815 5490 977 5559 μέρει
1006 5491 1179 5545 τίθετε
1207 5492 1314 5545 τῶν
1341 5493 1442 5547 οὐκ
1489 5493 1895 5564 ἀνεπιλήπτων.

541 5581 601 5634 Ρ.
634 5580 758 5634 472.
794 5581 1068 5650 Παριδὼν
1102 5585 1288 5639 ταῦτα
1320 5585 1477 5640 ἑλών
1512 5604 1574 5640 τε
1612 5586 1790 5656 ὑμᾶς.
1826 5588 1963 5643 Sunt
1986 5588 2038 5641 in

466 5674 573 5727 hac
627 5674 874 5729 oratione
929 5677 1253 5743 perobscura
1302 5689 1356 5734 et
1409 5679 1678 5733 ἀσύνδετα
1749 5680 2040 5734 iuconnexa

473 5769 741 5833 quazdam,
773 5767 896 5833 nisi,
925 5771 1065 5837 quod
1092 5771 1361 5826 interdum
1395 5773 1597 5827 factum
1629 5784 1711 5828 est
1738 5790 1767 5827 a
1806 5790 1909 5834 me.
1945 5790 2041 5841 pa-

472 5860 721 5930 Tapltt‘asi
749 5876 810 5914 ex
837 5864 1282 5920 antecedentibus
1302 5874 1352 5921 el
1374 5866 1831 5934 consequentibus
1859 5882 2042 5921 neces-

2132 4661 2362 4716 ὲλθοῦσα
2415 4662 2538 4730 (Ζσ.
2577 4662 2865 4724 ἐλθοῦσαι)
2930 4665 3049 4733 μετ’
3095 4664 3356 4734 ἁνδρίας’
3384 4665 3567 4726 πιστὸς
3596 4663 3675 4732 μὲν

2136 4757 2247 4827 γὰρ
2270 4757 2362 4809 καὶ
2386 4755 2542 4827 ὑγιὴς
2574 4757 2629 4808 ὲν
2663 4757 2917 4809 στάσεσιν
2937 4756 3037 4810 οὐκ
3068 4757 3133 4811 ἄν
3158 4776 3286 4811 ποτε
3330 4759 3531 4827 γένοιτο
3569 4757 3673 4809 ἄνευ

2132 4849 2424 4919 ξυμπάσης
2452 4847 2657 4918 ἀρετῆς
2678 4863 2692 4879 ⁸
2742 4847 3029 4913 διαϐάντες
3069 4848 3126 4903 δὲ
3157 4854 3252 4906 καὶ
3281 4848 3342 4905 εὖ
3386 4852 3672 4921 μαχόμενοι,

2134 4951 2269 5005 etc.,
2290 4943 2539 5008 superius
2576 4939 2871 5010 descripta,
2896 4955 3016 5011 quae
3051 4942 3159 4997 illic
3187 4947 3442 4998 continue
3466 4957 3673 5011 sequun-

2140 5044 2247 5087 tttr.
2294 5032 2354 5087 In
2405 5047 2635 5101 quorum
2695 5029 2884 5089 Latina
2942 5033 3393 5104 interpretatione
3421 5038 3674 5087 verborum

2138 5122 2231 5193 (ut
2258 5123 2359 5177 hoc
2392 5121 2570 5177 obiter
2593 5123 2954 5195 admoneam)
2986 5127 3175 5180 nescio
3224 5141 3391 5194 quare
3442 5126 3675 5179 Serranus

2139 5215 2468 5269 mentionem
2500 5217 2690 5283 patrie
2723 5214 3057 5286 Theognidis
3081 5218 3133 5271 in
3159 5218 3347 5274 Graeco
3370 5219 3561 5273 diserte
3597 5228 3673 5282 po-

2138 5308 2297 5362 sitam
2327 5309 2591 5363 omiscrit.
2624 5307 2733 5362 Car
2756 5308 2883 5362 item
2923 5324 3026 5364 non
3060 5313 3390 5380 expresserit
3436 5307 3677 5363 ἀντίθεσιν

2139 5416 2167 5454 a
2196 5396 2417 5454 Platone
2443 5398 2747 5455 aﬁectatam
2779 5411 2952 5471 poetae
2982 5406 3047 5457 ad
3080 5413 3314 5472 poetam,
3340 5405 3461 5458 dum
3489 5401 3673 5471 Τ)ιίκο

2141 5492 2287 5563 prius
2311 5493 2528 5546 laudato
2560 5491 2845 5564 Tlieognin
2877 5480 3089 5562 poeta-u
3118 5505 3173 5550 et
3231 5497 3401 5566 ipsum
3437 5495 3510 5549 sic
3529 5504 3675 5560 oppo-

2145 5582 2245 5647 nit,
2274 5583 2510 5654 Ποιητὴν
2538 5584 2596 5637 δὲ
2622 5586 2719 5638 καὶ
2746 5586 2909 5655 ἡμεῖς
2961 5587 3215 5659 μάρτυρα
3269 5589 3459 5659 ἔχομεν
3483 5584 3674 5649 Θέογνιν

2144 5676 2372 5745 πολίτην
2396 5677 2506 5729 τῶν
2531 5677 2589 5729 ἐν
2619 5677 2841 5749 Σικελίᾳ
2873 5679 3200 5751 Μεγαρέων,
3229 5691 3428 5750 poetam
3458 5685 3608 5731 autent
3632 5677 3675 5723 et

2147 5789 2239 5825 uos
2276 5781 2455 5825 testem
2478 5770 2725 5825 habemus
2752 5769 3018 5841 Tltesquin
3049 5773 3211 5827 civem
3239 5776 3289 5826 iu
3312 5772 3488 5828 Sicilia
3515 5767 3669 5835 Negti-

2148 5862 2397 5919 mzsium.
2434 5861 2540 5919 Sed
2564 5871 2621 5918 ut
2652 5862 2715 5918 ad
2756 5862 3144 5935 Pachymcrcm
3195 5877 3447 5930 rcvcrtar,
3492 5862 3540 5916 in
3586 5858 3671 5912 hoc
