3856 6594
126 423 217 489 829

1611 423 1851 483 ΝΟΤΕ.

3248 429 3354 492 830

125 536 224 605 ejus
250 542 500 589 contextu
525 533 630 588 duo
674 532 988 587 necessario
1021 532 1448 585 t'ntcnduvimus.
1513 531 1668 585 Prius
1699 534 1745 588 Α
1780 531 2140 604 Pucltymercs
2169 536 2316 592 solos
2341 537 2542 591 Alanos
2572 537 2690 592 sine
2736 537 2916 607 jussu,
2939 551 3218 593 consensu
3259 548 3354 591 aut

122 631 245 699 quod
272 629 528 694 scriptum
551 638 671 680 erat
703 627 928 681 Πλάτων
955 626 1216 692 impune,
1253 640 1347 693 pro
1381 637 1488 692 quo
1515 639 1670 689 repo-

121 723 262 776 situm
286 721 340 770 tv
364 720 594 790 Νόμοις,
616 721 668 772 in
701 733 864 787 opere
895 717 1150 770 nimirum
1183 716 1444 785 inscripto
1468 714 1664 784 Νόμοι,

119 815 276 879 Leges,
309 811 360 864 iit
394 810 563 864 libros
596 825 835 879 exltanso
871 809 937 861 12
970 819 1061 860 aut
1105 808 1282 875 potius
1317 809 1401 871 15,
1436 821 1667 875 compn-

121 916 214 956 tata
243 905 292 956 in
317 918 438 956 eum
472 917 779 965 numerum,
807 901 962 970 quasi
991 901 1303 970 appendice,
1327 913 1486 968 quam
1515 907 1668 952 vocat

119 997 399 1064 Ἐπίνομιν.
455 996 702 1048 Alterum
739 994 790 1046 in
826 992 934 1046 illis
963 991 1144 1046 verbis
1177 1010 1190 1045 :
1229 989 1669 1060 Θρασυνομένοις

123 1089 222 1158 μὲν,
245 1083 314 1149 ὡς
338 1086 560 1149 ἀδίκως,
588 1085 728 1138 κατὰ
750 1083 1098 1153 δικαιοσύνης
1121 1099 1133 1113 ·
1161 1083 1591 1156 Ορπσυνομένοις
1615 1082 1667 1136 δὲ

119 1183 182 1245 ὡς
204 1180 475 1250 ὑδρισταῖς
501 1178 644 1232 κατὰ
676 1175 1053 1248 σωφροσύνης.
1090 1173 1188 1229 Ubi
1221 1175 1345 1243 quis
1375 1189 1478 1227 non
1525 1174 1671 1229 videt

121 1277 230 1331 illud
254 1273 324 1334 ὡς
355 1273 560 1335 ἀδίκως
593 1271 732 1323 male
770 1268 1097 1334 respondere
1146 1266 1222 1336 τῷ
1272 1267 1347 1330 ὡς
1385 1266 1670 1336 ὑϐρισταῖς

118 1369 188 1424 cui
231 1364 598 1418 ἀντιτίθεταιιῖ
639 1361 1069 1416 Rescribendum
1109 1374 1240 1431 ergo
1293 1358 1396 1414 fuit
1437 1359 1513 1424 ὡς
1559 1360 1673 1414 ἀδι-

119 1475 235 1517 κοις.
265 1455 380 1510 Non
401 1456 694 1510 abscedam
720 1456 846 1508 ltiuc
880 1453 1029 1523 prius
1061 1467 1224 1522 quam
1256 1461 1310 1508 et
1332 1453 1462 1508 illud
1482 1454 1672 1508 obs-cr-

119 1551 285 1614 varim,
312 1548 613 1610 διαϐάντας
643 1563 671 1599 a
701 1545 923 1600 Platone
948 1546 1035 1598 hic
1056 1547 1236 1599 vocari
1264 1546 1460 1600 milites
1489 1555 1667 1599 exter-

119 1660 200 1698 nos
227 1642 414 1710 (cujus
457 1651 638 1694 tamen
672 1641 820 1694 vocis
847 1639 1051 1692 nullum
1088 1638 1375 1702 vestigium
1411 1639 1462 1691 iu
1499 1639 1669 1692 inter.

120 1733 392 1802 pretuliune
460 1732 688 1786 Serrani
753 1729 1011 1798 visitur),
1062 1729 1206 1798 quod
1262 1730 1376 1784 fere
1425 1729 1560 1785 tales
1619 1732 1670 1784 iu

119 1824 352 1878 Graeciam
411 1823 552 1876 mari
609 1829 1133 1890 transportarentur.
1189 1821 1494 1875 Διαόαίνειν
1528 1822 1670 1874 enim

1779 626 2109 680 conscientia
2148 631 2429 684 Michaelis
2461 631 2684 700 Augusti
2717 641 2966 684 auctores
3003 630 3169 684 fuisse
3200 630 3352 683 necis

1780 717 2084 772 Rontzerii.
2121 719 2422 776 Plirantzes
2455 731 2630 776 tamen
2659 721 3128 790 protovestiurius,
3162 721 3197 775 Ι.
3231 736 3270 780 I.
3296 737 3348 775 c.

1776 809 1832 870 8,
1865 809 2073 864 diserte
2121 810 2356 865 allirutnt
2405 813 2728 867 Micltaelem
2795 813 3120 868 satellitibus
3155 814 3268 866 suis
3299 823 3352 867 et

1779 899 2134 969 stipatoribus
2165 905 2452 958 mandasse
2476 916 2530 957 ut
2564 903 2856 974 Bogerium
2893 904 2996 973 (sic
3031 915 3174 959 recte
3206 905 3350 958 Run-

1780 991 2006 1045 tzerium
2043 993 2298 1064 appellat)
2345 995 2760 1050 obtruncarent.
2815 997 3105 1066 Grcgoras,
3160 997 3196 1050 Ι.
3237 1013 3350 1059 τη..

1776 1096 1830 1151 p.
1862 1083 1986 1148 102,
2016 1085 2087 1138 ait
2119 1087 2318 1141 credent
2351 1087 2499 1141 illam
2541 1086 2735 1142 factam
2768 1103 2795 1140 a
2824 1088 3085 1143 militibus
3114 1087 3352 1142 Michueo

1777 1176 1863 1243 lis,
1902 1179 2042 1246 quod
2069 1178 2122 1233 ei
2153 1179 2349 1234 iratum
2379 1179 2528 1234 illum
2569 1190 2814 1244 nossent,
2857 1193 3062 1249 gratam
3097 1182 3194 1248 ipsi
3239 1181 3354 1234 iure

1777 1269 2077 1325 arbitratis.
2146 1269 2290 1327 idem
2327 1280 2504 1328 tamen
2549 1274 2710 1341 paulo
2757 1285 2876 1343 post
2930 1289 3034 1327 non
3080 1274 3351 1340 junioreut

1777 1360 1952 1414 solum
2006 1362 2098 1415 sed
2133 1375 2190 1417 et
2238 1364 2508 1419 seniorem
2548 1366 2821 1433 Augustos
2881 1364 3040 1418 istius
3096 1364 3353 1419 facinoris

1778 1450 2089 1517 suspicione
2119 1455 2387 1522 aspergit.
2424 1456 2549 1507 dum
2584 1455 2772 1510 scribit
2799 1453 3149 1509 Rontzerium
3184 1454 3352 1508 inter-

1779 1542 1978 1595 fectum
2029 1559 2057 1597 a
2094 1541 2376 1608 Romanis,
2406 1546 2551 1615 quod
2602 1546 2751 1613 ipsos
2790 1547 2908 1613 ejus
2952 1546 3201 1600 accersiti
3232 1562 3352 1615 pm-

1781 1635 1999 1690 nileret.
2057 1637 2202 1691 Satis
2230 1638 2372 1692 enim
2419 1649 2567 1705 patet
2597 1655 2703 1692 non
2749 1654 2776 1693 a
2803 1639 3028 1708 privatis
3065 1639 3206 1693 hunc
3239 1638 3351 1694 lto-

1785 1729 1983 1790 ntanis,
2019 1728 2117 1782 sed
2162 1729 2231 1782 ab
2253 1728 2650 1797 imperantibus
2675 1729 3025 1784 accersitum.

1853 1819 1912 1872 P.
1942 1819 2070 1874 529.
2103 1818 2417 1875 Catelanum
2443 1823 2747 1891 quemdam.
2799 1821 3008 1876 Nomen
3056 1822 3218 1892 hujus
3252 1822 3355 1875 Ca-

120 1924 186 1970 est
208 1915 461 1983 trajicere
492 1914 689 1967 ﬂumen
722 1921 815 1967 aut
848 1927 1021 1966 mare.
1066 1911 1288 1968 Graeciae
1317 1923 1497 1968 autem
1537 1913 1674 1968 situs
1711 1892 1750 1944 Β
1782 1912 1944 1968 telaui
1979 1913 2159 1980 prodit
2188 1913 2621 1975 Outrentannns,
2659 1915 2754 1970 lib.
2787 1915 2862 1969 De
2902 1915 3030 1969 Eme.
3067 1913 3263 1978 Graia,
3297 1930 3348 1969 c.

120 2018 214 2063 erat
254 2007 525 2075 ejusmodi
575 2016 636 2073 ut
671 2005 736 2060 ad
770 2021 887 2060 eam
913 2003 980 2060 ex
1005 2007 1207 2060 exteris
1235 2006 1486 2075 gentibus
1540 2007 1672 2060 mari

122 2100 213 2154 fere
256 2100 554 2155 veniretur.
605 2101 776 2154 Porro
829 2115 893 2152 ex
938 2099 1044 2154 isto
1082 2099 1426 2170 μισθοφόρων
1456 2099 1678 2153 διειὸἁν-

121 2208 208 2244 των
237 2206 433 2260 genere
467 2192 549 2245 vel
575 2191 624 2244 in
649 2191 840 2260 primis
868 2191 921 2244 hi
949 2203 1110 2246 erant
1133 2192 1286 2246 ducis
1318 2191 1494 2261 magni
1527 2192 1676 2246 mili-

123 2294 206 2348 tes,
231 2299 258 2340 e
285 2283 473 2338 Sicilia
532 2292 624 2337 aut
676 2282 828 2337 ltaiia
866 2285 934 2339 ab
978 2285 1096 2352 ipso
1152 2283 1444 2353 deportati,
1479 2285 1677 2352 quibus

125 2385 210 2430 tam
238 2376 658 2444 itttplaCubiliter
701 2375 1070 2448 Pachymcrcs
1125 2375 1386 2430 irascitur
1421 2375 1474 2429 in
1527 2375 1674 2429 omni

123 2469 380 2523 occasione
413 2469 485 2523 de
515 2469 601 2524 bis
633 2470 846 2540 agendi.
905 2468 1003 2523 llic
1033 2478 1214 2523 autem
1274 2469 1438 2524 etiam
1486 2479 1675 2525 contra

123 2574 198 2614 eos
228 2560 469 2615 Platonis
505 2561 878 2616 testimonium
907 2561 1192 2615 subornat.

182 2655 259 2728 [P.
283 2655 414 2728 555]
462 2655 522 2710 P.
569 2655 690 2710 484.
745 2656 1014 2710 Existimo
1068 2655 1375 2726 Berengurii
1419 2669 1613 2708 nomen
1647 2669 1675 2708 a

126 2749 432 2820 Pacliyntere
460 2749 512 2802 in
536 2747 918 2818 Mpyrigerium
945 2747 1328 2801 deformatum.
1356 2745 1490 2800 Nam
1519 2745 1680 2801 Occi-

130 2843 399 2896 dentalium
435 2840 717 2894 voeabulis
744 2856 771 2892 a
805 2839 846 2893 Β
877 2839 1174 2909 praesertim
1204 2839 1473 2893 inchoatis
1502 2837 1676 2894 Greeci

131 2944 409 3006 temporum
439 2933 654 2989 illortnn
686 2933 772 3002 Mp
796 2932 1199 3004 prtrponebant.
1232 2932 1324 2986 Sic
1355 2933 1599 2987 videmus
1625 2940 1680 2987 et

126 3042 264 3096 supra
297 3043 326 3081 a
362 3037 551 3082 nostro
579 3042 633 3096 p.
665 3026 792 3088 242,
813 3037 864 3079 et
889 3024 1485 3094 apudC-tntucuzenum
1516 3024 1674 3094 771

128 3120 405 3190 Mpaiulum
449 3122 680 3190 positum
717 3136 813 3188 pro
845 3118 1061 3184 Baiulo,
1121 3126 1178 3171 ut
1213 3118 1408 3170 similia
1449 3129 1676 3186 preter—

1777 2006 1829 2065 5.
1861 2022 1914 2074 p.
1943 2005 2069 2069 466,
2108 2004 2423 2060 Fernaudcz
2456 2007 2656 2064 Aones.
2697 1994 2797 2063 Ubi
2831 2019 2883 2062 et
2920 2008 3042 2076 ejus
3075 2024 3350 2072 socerum,

1778 2112 1937 2163 quem
1979 2095 2173 2150 Ῥαοὺλ
2199 2097 2376 2166 παχύν
2401 2098 2761 2168 Pacltytneres
2790 2101 3027 2169 appellat
3053 2101 3173 2170 (nos
3207 2100 3355 2152 Rau-

1779 2187 1882 2240 lem
1912 2186 2173 2241 Crassum
2197 2190 2505 2260 vertimus),
2526 2192 2641 2261 ipse
2665 2192 2913 2245 nominat
2935 2192 3222 2247 ltudullum
3250 2194 3354 2247 Pa-

1779 2296 1999 2348 qurum.

1849 2375 1908 2430 Ρ.
1941 2375 2064 2430 552.
2115 2375 2225 2431 llac
2269 2377 2534 2431 seditione
2569 2375 2970 2431 Outremannus
3006 2379 3216 2432 occisos
3245 2392 3356 2432 nte-

1781 2477 1957 2520 morat
2009 2467 2326 2522 ltodericum
2385 2467 2550 2522 Percz
2607 2471 2671 2523 de
2728 2469 2785 2522 S.
2820 2468 3018 2531 Cruce,
3063 2470 3352 2522 Arualdum

1780 2562 1844 2613 de
1892 2561 2216 2628 Moncortes,
2253 2572 2304 2615 et
2354 2561 2661 2615 Ferrerium
2694 2564 2762 2616 de
2799 2561 3064 2626 Torellas,
3094 2576 3123 2614 ί
3150 2562 3356 2616 Beren-

1780 2654 1928 2722 gario
1979 2653 2183 2720 legatos
2231 2653 2298 2706 ad
2327 2655 2694 2707 Andronicum
2727 2654 2945 2708 missos.

1852 2745 2013 2814 772
2073 2743 2130 2798 Ρ.
2169 2744 2293 2798 554.
2336 2744 2566 2797 Circiter
2609 2744 2907 2814 sexaginta.
2959 2743 3223 2812 Superius
3273 2743 3357 2795 di-

1781 2849 1933 2890 xerat
1989 2846 2204 2891 centum
2262 2837 2650 2906 quinquaginta
2706 2838 2998 2892 Catelanos
3065 2838 3358 2891 comitatus

1782 2925 1952 2981 luisse
1987 2927 2340 2982 Rontzerium
2373 2929 2434 2982 ad
2470 2929 2790 2984 Michaelcm
2824 2939 3060 2994 euntem,
3094 2938 3200 2980 tum
3231 2943 3357 2982 cos-

1784 3018 1902 3070 dcm
1937 3017 2028 3072 illo
2081 3018 2368 3072 interfecto
2400 3025 2606 3086 captos.
2667 3017 2928 3070 Nimirum
2964 2999 3136 3068 multi
3184 3015 3360 3083 primo

1787 3113 2018 3166 tumultu
2059 3111 2315 3181 fugerint,
2350 3111 2503 3165 multi
2555 3110 2696 3180 longi
2731 3110 2968 3164 carceris
3006 3106 3362 3162 incommodis

126 3227 224 3265 eam
253 3221 533 3267 sexcenta.
569 3209 789 3264 Certum
825 3220 908 3264 est
931 3208 1202 3264 Catelauis
1237 3207 1390 3260 valde
1423 3209 1677 3260 usitatum
1711 3231 1750 3287 ο
1787 3206 2054 3273 absumpti
2113 3203 2400 3274 perierint,
2437 3215 2493 3256 ut
2523 3220 2662 3258 nunc
2689 3205 2898 3257 tantum
2938 3202 3219 3271 sexaginta
3267 3216 3362 3253 su-

127 3303 270 3360 luisse
285 3305 598 3372 Bereugarii
619 3320 834 3358 nomen.
863 3301 917 3355 lu
939 3301 1261 3356 collectione
1289 3300 1681 3354 historicorum

127 3398 314 3466 qui-res
361 3399 647 3468 Aragnnia
711 3399 1071 3466 scripserunt.
1123 3394 1316 3450 saltem
1374 3393 1682 3462 quindecim

129 3489 396 3546 Catelanos
419 3491 566 3544 viros
600 3491 840 3544 illustres
875 3489 966 3558 qui
1003 3487 1316 3558 Berengarii
1356 3497 1686 3552 vocarentur

131 3593 437 3638 memoratos
486 3583 737 3651 reperio;
775 3597 1010 3650 quorum
1063 3581 1295 3648 aliquem
1331 3580 1474 3633 hunc
1507 3579 1682 3649 ipsum

131 3674 300 3743 fuisse,
332 3677 399 3731 de
431 3692 541 3746 quo
568 3676 655 3728 hic
689 3677 888 3743 agitur,
919 3674 1270 3737 crediderim,
1309 3672 1434 3726 licet
1462 3671 1584 3740 quis
1615 3673 1687 3726 sit

131 3782 186 3821 cx
210 3770 460 3823 omnibus
511 3769 797 3836 designare
821 3776 972 3821 certo
1018 3783 1122 3820 non
1158 3767 1386 3835 possim.
1417 3763 1536 3819 Vidi
1570 3775 1689 3834 post

135 3859 232 3914 haec
262 3861 368 3931 jam
411 3862 612 3928 scriptu
649 3860 844 3913 librum
879 3857 1026 3912 Petri
1059 3857 1464 3912 d’Outrcmanni
1515 3855 1687 3910 nostri

135 3953 190 4005 de
214 3950 434 4006 Excidio
464 3951 796 4014 errorum,
862 3951 912 4003 in
973 3964 1080 4018 quo
1112 3949 1250 4014 lego",
1281 3964 1334 4003 c.
1390 3948 1443 4008 5,
1480 3963 1530 4013 p.
1557 3947 1684 4010 465,

136 4059 298 4098 verum
330 4053 384 4098 et
437 4044 667 4114 patrium
702 4057 898 4097 nomen
933 4041 1094 4109 hujus
1124 4039 1439 4110 Mpyrigerii
1471 4039 1688 4093 Tentza:

140 4136 283 4190 luisse
303 4137 655 4204 Berengarius
692 4135 922 4188 Entensa
950 4134 1029 4187 vel
1054 4133 1120 4187 de
1145 4132 1427 4197 Intentus;
1455 4146 1688 4200 eumque

140 4228 286 4281 fuisse
315 4243 510 4296 genere
536 4225 877 4280 Cutelauum.
933 4225 1086 4278 Hunc
1119 4223 1438 4288 Pltrautzes,
1474 4223 1510 4276 l.
1552 4238 1591 4286 t,
1634 4239 1684 4278 c.

139 4316 186 4377 8,
207 4326 354 4368 vocat
385 4314 808 4379 Pireriotetzam,
844 4313 1091 4368 conflatis
1123 4313 1177 4366 iu
1208 4327 1371 4367 unum
1423 4322 1477 4366 et
1533 4327 1688 4367 mon-

143 4414 298 4459 strose
351 4406 622 4472 corruptis
674 4403 956 4458 vocabulis
1013 4403 1268 4467 duobus,
1332 4401 1686 4471 Mpyrigert'us

147 4495 341 4550 Teium.
370 4497 660 4564 Gregoras,
688 4497 722 4550 Ι.
757 4513 854 4555 vn.
891 4513 943 4563 p.
974 4495 1094 4559 103,
1130 4495 1350 4565 propius
1377 4497 1442 4547 ad
1475 4493 1687 4564 l‘aclty-

1791 3305 2089 3364 prressent.
2142 3295 2412 3366 Gregoras
2457 3307 2511 3350 et
2561 3295 2862 3349 Pltrantzes
2920 3294 3151 3347 comites
3196 3292 3362 3346 hosce

1792 3390 2068 3444 liontzcrii
2116 3390 2412 3444 liberaliter
2465 3388 2846 3459 multiplicant,
2875 3402 3102 3442 numero
3149 3386 3216 3440 ad
3259 3389 3360 3439 duo

1789 3494 1980 3534 contos
2012 3483 2373 3536 rotundnudo.

1859 3571 1920 3627 P.
1959 3573 2082 3628 558.
2111 3573 2242 3638 Quae
2297 3574 2382 3626 hic
2411 3572 2721 3628 referuntur
2775 3573 2842 3626 de
2897 3569 3227 3632 Smiltzmna,
3260 3567 3364 3619 hoc

1789 3675 1872 3716 est
1928 3680 2094 3718 uxore
2158 3664 2422 3724 Stuiltzue.
2479 3679 2599 3732 qtm
2647 3663 2824 3731 neptis
2856 3671 2972 3715 erat
3017 3656 3366 3726 imperatoris

1792 3760 2086 3814 Andronici
2163 3774 2230 3812 ex
2285 3759 2454 3812 fratre
2506 3756 2861 3812 Constantino
2912 3754 3362 3812 sebastocratore,

1791 3852 2092 3919 respiciunt
2144 3851 2291 3920 prius
2318 3860 2539 3904 narrata
2601 3865 2628 3901 a
2659 3857 2846 3902 nostro
2883 3847 3140 3901 historico
3188 3859 3238 3896 c.
3275 3842 3368 3905 l8,

1793 3944 1831 3997 l.
1881 3957 1934 4007 ν,
1993 3957 2116 3997 cum
2161 3942 2378 4010 quibus,
2434 3951 2492 3994 ut
2551 3939 2941 4008 intelligantur,
3001 3935 3369 4003 cotnparanda-

1861 4121 1923 4175 P.
1957 4120 2084 4177 559.
2126 4120 2238 4175 Hoc
2270 4136 2337 4176 ex
2397 4120 2686 4174 occasione
2741 4117 3101 4188 Pacbymeres
3147 4109 3365 4180 attingit

1793 4215 1933 4269 ultra
1967 4225 2138 4270 metas
2163 4214 2279 4284 ejus
2333 4215 2570 4268 historiae
2609 4225 2924 4267 excurrens.
2977 4209 3112 4263 Nunt
3165 4207 3265 4260 sub
3303 4207 3363 4256 li-

1794 4327 1914 4364 nem
1946 4303 2449 4378 vitaa‘imperatoris
2483 4308 2758 4362 Michaelis
2799 4303 3062 4367 .luuioris,
3096 4317 3252 4370 quem
3291 4298 3361 4350 li-

1793 4405 1891 4456 bro
1931 4403 2125 4456 harum
2163 4402 2394 4456 Observ.
2453 4417 2537 4463 tu,
2595 4413 2644 4453 c.
2675 4399 2722 4462 l,
2757 4413 2810 4450 n.
2866 4396 2919 4458 4,
2964 4388 3363 4448 demonstrabi-

1796 4512 1918 4548 mus
1948 4504 2220 4548 mortuum
2249 4493 2413 4546 fuisse
2437 4491 2657 4548 Octobri
2684 4488 2854 4542 mensi
2881 4486 3002 4538 anni
3031 4482 3163 4537 Chr.
3199 4477 3359 4538 15‘20,

143 4604 324 4643 ruerem
353 4592 494 4644 hunc
523 4589 839 4643 Coit-Ianum
889 4588 1248 4658 Piringerium
1292 4587 1542 4641 Tentzam
1587 4605 1686 4642 no-
1719 4588 1764 4642 D
1795 4586 2052 4640 tredecim
2080 4584 2250 4638 ferme
2282 4585 2439 4638 annis
2473 4593 2590 4651 post
2623 4582 2672 4634 id
2708 4591 2918 4645 tempus
2955 4577 3004 4627 in
3052 4587 3159 4640 quo
3186 4569 3366 4620 llisto-

149 4691 318 4740 mittat.

206 4773 261 4827 P.
294 4775 412 4829 517.
457 4773 591 4839 Τοῖς
639 4773 759 4826 τῶν
805 4773 1027 4841 κιῤῥῶν
1077 4771 1486 4842 παρασήμοις.
1539 4771 1618 4825 Ita
1655 4771 1692 4824 Β

147 4867 296 4919 codex
321 4883 335 4931 ;
367 4865 406 4919 ν
437 4877 618 4919 autem
650 4869 762 4928 τοῖς
787 4867 848 4917 ὲκ
871 4864 978 4917 τῶν
1009 4864 1283 4935 κιτρύνων
1314 4862 1690 4933 παρασήμοις.

149 4956 218 5009 Ti
265 4961 424 5031 κιῤῥά
453 4959 583 5029 gilvi
619 4959 842 5022 coloris,
897 4967 956 5011 ut
993 4968 1180 5012 notum
1207 4968 1310 5021 est,
1366 4955 1693 5010 vestimenta

146 5059 272 5114 sunt,
324 5052 482 5105 medii
524 5051 666 5104 inter
687 5050 869 5103 album
900 5059 954 5104 et
988 5048 1189 5112 rufum,
1230 5047 1415 5102 meliui
1468 5063 1495 5099 a
1535 5047 1696 5101 melle

148 5141 443 5206 quibusdam
498 5141 650 5195 dicti.
681 5140 826 5196 idem
856 5149 1038 5195 autem
1092 5141 1347 5194 videntur
1389 5141 1697 5209 exprimere

151 5228 208 5280 τὰ
250 5236 468 5304 κίτρυνα
514 5232 552 5286 ν
589 5234 797 5288 codicis
836 5249 852 5288 :
893 5249 992 5286 vox
1045 5234 1243 5302 quippe
1299 5249 1361 5286 ca
1414 5243 1500 5287 est
1537 5249 1563 5285 a
1612 5232 1695 5284 κί-

152 5333 244 5390 τρῳ
283 5324 416 5376 malo
445 5323 602 5376 citrio
643 5325 822 5385 ducta,
851 5324 1006 5393 cujus
1038 5323 1260 5377 cortiris
1311 5323 1574 5376 naturalis
1605 5337 1698 5375 co-

153 5409 221 5465 lor
246 5432 271 5468 a
298 5417 436 5486 gilvo
469 5426 562 5470 aut
596 5415 794 5470 melino
827 5431 930 5470 non
962 5416 1250 5469 abhorret.
1285 5414 1483 5468 Dubito
1513 5407 1694 5466 tamen

157 5502 208 5558 de
246 5511 506 5578 scriptura
553 5525 620 5562 an
671 5525 775 5564 non
831 5509 1224 5578 congruentius
1275 5510 1339 5561 ad
1387 5508 1695 5576 analogiam

160 5601 298 5654 scribi
333 5603 401 5655 τὰ
445 5603 680 5672 κίτρηνα.
727 5603 943 5657 debeat.
1260 5587 1262 5589 i

216 5689 268 5744 l’.
320 5694 439 5748 519.
483 5693 559 5749 De
585 5695 727 5748 labis
785 5711 954 5749 cornu
1015 5693 1171 5748 tactis
1225 5694 1542 5748 memoratis
1597 5694 1699 5746 hoc

165 5778 257 5835 loco
299 5785 415 5839 vide
459 5786 792 5842 Glossarium
838 5803 889 5842 ν.
943 5787 1290 5857 Κερασὸόλοι
1326 5769 1554 5856 κῦαμοι.

223 5872 270 5924 l’.
304 5875 422 5931 5:26.
475 5876 808 5936 Persuadere
864 5881 963 5936 bat:
1002 5889 1116 5935 tota
1162 5879 1473 5935 narratione
1523 5881 1701 5934 studet

1795 4681 1874 4732 ria
1907 4679 2330 4748 Pacliymeriana
2362 4677 2578 4736 desiuit,
2617 4674 2702 4726 hic
2728 4665 3239 4740 Ospltentisthlabus
3268 4677 3364 4714 rex

1797 4769 2060 4838 Bulgaria:
2125 4768 2463 4820 Theodoram
2526 4765 2748 4817 alterum
2824 4761 3056 4814 liliarum
3118 4755 3372 4823 ejusdem-

1798 4861 2021 4928 Augnsti
2056 4845 2329 4913 Michaelis
2355 4857 2594 4912 Junioris
2626 4854 2778 4907 duxit.
2809 4867 3056 4910 uxorem,
3091 4858 3245 4916 prout
3281 4845 3364 4897 di-

1797 4962 1940 5005 serte
1973 4960 2205 5004 testatur
2261 4948 2532 5015 Gregoras
2575 4947 2688 5013 ipso
2733 4940 3022 5010 principio,
3071 4939 3106 4990 l.
3137 4952 3254 4997 vm,
3309 4950 3364 4999 p.

1797 5043 1924 5109 52‘),
1956 5058 2116 5111 quam
2152 5050 2204 5102 et
2239 5040 2395 5107 longe
2443 5037 2592 5104 prius
2625 5033 2842 5102 petiisse
2874 5041 3059 5084 noster
3108 5032 3370 5077 memorat

1801 5138 1966 5198 infra,
1991 5152 2041 5189 c.
2067 5135 2157 5194 27,
2184 5135 2217 5186 Ι.
2247 5149 2338 5186 vn.
2376 5131 2544 5184 Porro
2571 5129 2652 5197 (ut
2676 5136 2729 5178 et
2755 5125 2856 5179 hoc
2901 5123 3074 5176 obiter
3109 5123 3379 5182 auertant)

1797 5233 1938 5300 quod
1973 5229 2094 5282 huic
2120 5225 2389 5279 interdum
2423 5221 2623 5275 nomini
2666 5217 3024 5286 Pachymeres
3056 5210 3098 5266 Ο
3134 5211 3370 5300 littetzttm

1796 5297 2097 5387 prmmittit,
2127 5317 2225 5369 hoc
2255 5314 2372 5366 loco
2428 5319 2480 5366 et
2529 5308 2848 5377 quibusdam
2879 5303 3002 5357 aliis
3052 5297 3372 5366 Ospheutis-

1801 5410 2044 5464 thlabum
2081 5421 2298 5468 vocans,
2337 5419 2497 5471 quem
2557 5400 2682 5454 alibi
2736 5391 3232 5466 Splteutisthlubuut
3278 5399 3378 5434 n0-

1804 5503 1990 5564 minat,
2027 5499 2187 5560 lavet,
2249 5496 2300 5549 ni
2332 5495 2486 5549 l'allor
2515 5491 2844 5558 conjectura:
2877 5483 3076 5543 Wollii,
3133 5478 3271 5530 notis
3304 5473 3381 5523 ud-

1801 5592 2094 5662 Grcgoram
2137 5605 2188 5658 p.
2231 5588 2334 5641 271
2403 5584 2738 5654 suspirantis
2775 5597 2801 5632 a
2843 5575 3044 5632 Gta‘cis
3097 5565 3378 5662 Spiritu-tis-

1802 5657 2036 5739 tltlaimm
2069 5657 2232 5745 scribi
2266 5695 2460 5733 nomen
2493 5694 2521 5729 a
2571 5673 2923 5729 l’anuonibus
2953 5665 3107 5719 hodie
3140 5674 3203 5712 ac
3241 5657 3378 5710 Sar-

1804 5776 1962 5830 matis
1993 5772 2332 5828 Venceslaum
2359 5771 2542 5827 eﬂ‘erri
2576 5767 2819 5821 solitum.

1874 5870 1934 5922 P.
1971 5866 2093 5920 557.
2157 5866 2264 5919 Τοῦ
2294 5866 2515 5919 εἰδέναι
2553 5860 2741 5928 φύσει
2797 5849 3094 5918 (τρέϊυνταί
3126 5837 3376 5901 ⁸τάντ⁶ς⁹
