3856 6556
508 397 610 476 su

1248 403 1310 464 Ρ.
1353 405 1656 466 POSSlNl
1699 405 2348 468 OBSERVATlONUM
2390 404 2534 467 LIB.
2585 400 3005 465 Iis-NOTAE.
3640 397 3726 458 832

515 519 766 588 Quinque
799 519 977 588 priora
1011 521 1172 592 hujus
1217 528 1505 578 eommatis
1536 525 1699 579 verba
1739 527 2076 580 notissimum
2107 534 2156 594 Α
2183 524 2334 588 ΟιιοτΙ
2364 525 2505 577 idem
2539 522 2770 577 allirmat
2806 521 3048 590 Fuglieta
3085 519 3136 572 in
3195 515 3418 586 Elogiis.
3467 525 3518 568 et
3547 513 3596 568 in
3632 512 3728 568 Tri-

517 621 644 664 snnt
709 621 763 665 et
810 614 1308 669 decantatissimum
1358 616 1668 672 Aristotelis
1717 617 1958 684 eﬂ’atum,
2017 633 2084 673 ex

519 705 676 759 initio
737 705 896 775 primi
953 706 1073 773 ejus
1121 706 1605 777 Metaphysicornm
1664 709 1786 762 libni
1849 708 1914 781 ιι)
1957 709 2084 784 557]

519 797 648 861 Quae
670 806 846 851 autem
878 798 1135 853 continue
1159 810 1490 854 memoratur
1524 816 1552 854 a
1577 801 1910 871 Pachymere
1946 801 2085 869 ἀγάο

521 906 686 958 πησις
751 891 861 944 τῶν
902 892 1210 960 αἰσθήσεων
1253 909 1357 946 non
1418 907 1536 946 eam
1593 893 1764 946 solum
1825 908 1984 961 quam
2029 895 2085 948 itt

521 982 971 1051 interpretatione
1001 985 1244 1052 expressi
1274 984 1684 1040 delectationem
1747 987 1799 1040 in
1835 1003 1933 1040 usu
1967 1002 2086 1054 per-

521 1074 754 1143 cipiendi
783 1075 992 1145 objecta
1022 1090 1115 1144 per
1141 1091 1337 1130 sensus
1366 1075 1634 1146 designat,
1667 1077 1759 1130 sed
1803 1087 2083 1144 prmterea,

516 1165 668 1234 juxta
697 1166 968 1219 notionem
997 1167 1268 1234 propriam
1302 1167 1476 1222 Graeci
1524 1168 1672 1220 verbi
1723 1169 1966 1238 ἀγαπᾷν,
2002 1182 2087 1219 sa-

523 1257 881 1310 tisfactionem
935 1267 989 1311 et
1039 1261 1194 1326 quasi
1243 1258 1453 1327 plenam
1503 1259 1808 1312 satietatem
1850 1259 2084 1314 hominis

517 1349 784 1412 contenti,
821 1348 1124 1402 desiderare
1157 1350 1274 1418 plus
1310 1365 1417 1404 non
1454 1350 1706 1416 valentis,
1740 1353 1862 1404 dum
1892 1350 2088 1404 fruitur

523 1449 706 1506 vegeta
737 1437 991 1505 facultate
1053 1455 1273 1495 suorum
1329 1444 1569 1497 omnium
1625 1457 1900 1498 sensuum.
1937 1441 2086 1498 Hanc

518 1533 752 1600 quietem
792 1535 1038 1585 humana:
1067 1532 1406 1587 curiositatis
1462 1533 1515 1586 in
1545 1547 1641 1586 ltStt
1685 1533 1936 1601 expedito
1962 1547 2086 1587 sen-

519 1639 676 1676 suum
709 1623 982 1691 eleganter
1015 1625 1253 1676 declarat
1295 1625 1507 1688 Cicero,
1542 1624 1577 1679 l.
1613 1640 1648 1679 tt
1719 1624 2084 1689 Qua'stionnm

523 1717 956 1769 Academicarum
1001 1717 1084 1770 bis
1127 1717 1304 1771 verbis
1338 1733 1354 1770 ε
1391 1717 1682 1772 Ordiamur
1708 1757 1723 1773 .
1747 1758 1761 1772 .
1789 1756 1804 1771 .
1850 1735 1881 1770 a
1913 1719 2082 1772 sensi-

520 1809 656 1871 bus;
688 1822 908 1875 quorum
963 1808 1037 1858 ita
1066 1808 1210 1859 clara
1239 1807 1453 1875 judicia
1487 1819 1532 1862 et
1564 1818 1708 1862 certa
1743 1817 1885 1872 sunt,
1922 1817 2000 1872 ut,
2037 1809 2083 1862 si

2195 626 2350 670 stano
2379 615 2564 681 Calco,
2596 616 2630 669 l.
2669 630 2782 678 xu,
2815 628 2866 668 c.
2898 612 3024 675 ιει,
3053 613 3144 681 qui
3176 620 3228 662 et
3261 609 3338 663 ait
3370 610 3438 662 ob
3469 609 3725 675 potentiam

2192 709 2367 778 Opicii
2401 722 2591 763 omnes
2627 705 2795 760 Italia:
2841 706 3091 758 civitates
3136 703 3188 756 in
3221 716 3287 757 eo
3334 699 3519 753 oculos
3555 700 3726 756 ﬁxisse.

2266 797 2407 852 Ibid.
2442 796 2582 850 Data
2617 797 2672 849 in
2705 795 3095 850 matrimonium
3125 792 3258 860 ﬁlia.
3305 789 3430 844 Haec
3457 789 3559 844 lilia
3586 792 3726 860 Opicii

2193 891 2429 958 Spinola:
2479 889 2768 944 Theodoro
2827 886 3131 953 Palaeologo
3165 883 3559 942 Montisl‘errati
3617 900 3729 936 mai-

2193 984 2375 1038 chioni
2405 990 2568 1052 nupta
2609 980 2904 1049 Argentius
2931 977 3246 1030 vocabatur.

2267 1071 2413 1127 Ibid.
2448 1071 2571 1140 Agit
2606 1072 2670 1124 de
2703 1067 3012 1122 Theodoro.
3061 1064 3261 1120 Vocem
3313 1064 3558 1120 Graecam
3589 1064 3730 1126 ann;

2193 1178 2299 1216 non
2329 1163 2493 1217 debui
2545 1170 2758 1214 vertere
2803 1159 2915 1212 sine
2961 1156 3139 1209 liberis
3175 1155 3270 1210 sed
3309 1157 3423 1208 sine
3459 1155 3594 1223 prole
3620 1171 3730 1208 masc

2192 1257 2311 1310 rnla
2341 1271 2360 1310 :
2393 1256 2652 1342 quoniam
2706 1251 2951 1307 historici
2991 1250 3110 1304 itali
3165 1249 3443 1303 aﬂirmant
3477 1257 3640 1301 natam
3677 1265 3728 1302 et

2193 1339 2785 1417 Argetttinaa'Spinolm
2831 1358 2957 1397 cum
2991 1342 3280 1396 Theodoro
3315 1339 3604 1406 l’alzeolngo
3630 1355 3731 1392 roa-

2185 1435 2338 1507 jngio
2359 1438 2523 1491 ﬁliani
2557 1435 2813 1490 Jolanlest
2867 1435 3094 1495 dictam,
3129 1430 3212 1502 [Ρ.
3242 1429 3376 1502 5ὕ8]
3415 1447 3530 1498 quae
3576 1441 3730 1499 postea

2194 1529 2376 1597 nupsit
2408 1528 2633 1598 Aymoni
2666 1526 2854 1581 comiti
2887 1525 3199 1581 Sabaudim.
3237 1523 3466 1576 Videtur
3492 1523 3571 1576 hic
3595 1522 3730 1577 fuisse

2196 1621 2341 1674 ﬁlius
2372 1619 2598 1674 Amadei
2634 1617 2727 1683 ιν,
2769 1619 2856 1673 cui
2889 1627 3072 1686 postea
3109 1615 3365 1669 morienti
3432 1615 3482 1667 in
3511 1615 3728 1668 comitant

2192 1714 2480 1778 successit,
2539 1712 2774 1780 quando.
2830 1711 2985 1780 quasi
3015 1721 3074 1763 ut
3111 1708 3427 1764 ostenderet
3459 1723 3610 1776 quam
3647 1723 3731 1759 ιιοιι

2191 1821 2314 1862 eum
2378 1806 2670 1873 pmniteret
2728 1803 3007 1857 aliinitatis
3059 1816 3180 1855 cum
3245 1802 3410 1854 domo
3471 1797 3730 1865 Palteologa

455 1957 460 1962 _
518 1900 660 1966 optio
711 1908 919 1952 natura:
976 1909 1170 1953 nostra:
1205 1901 1380 1966 detur,
1436 1911 1482 1953 et
1513 1899 1576 1953 ab
1626 1917 1687 1954 ea
1736 1901 1862 1954 deus
1892 1900 2084 1969 aliquis
2114 1893 2162 1952 Β
2189 1908 2501 1962 contractte,
2537 1894 2898 1953 libentissime
2920 1895 3200 1950 consensit
3223 1893 3276 1948 in
3312 1891 3728 1963 propositamipsi

523 1991 751 2058 requirat
781 2001 1090 2044 contentane
1119 1994 1189 2044 sit
1233 1993 1345 2046 suis
1386 1992 1613 2061 integris
1667 1992 2086 2062 incorruptisque

519 2081 778 2145 sensibus,
840 2100 908 2136 an
939 2084 1167 2150 postulet
1211 2084 1398 2138 melius
1457 2084 1684 2155 aliquid,
1720 2102 1826 2140 non
1883 2087 2087 2140 videam

519 2175 646 2244 quid
676 2185 878 2242 (μανι-ιιι
903 2176 1148 2244 amplius.
1180 2176 1453 2232 Hactenus
1485 2179 1711 2253 Tullius.

595 2269 859 2322 Ctelet‘um
903 2271 990 2339 (tle
1026 2286 1133 2340 quo
1189 2272 1355 2326 semel
1383 2273 1751 2326 admonendus
1783 2272 1869 2328 hic
1920 2271 2090 2327 lector

523 2359 629 2431 est)
665 2359 830 2415 codex
885 2361 1122 2429 optimus
1178 2362 1500 2415 Barbcrinus
1553 2363 1640 2416 hic
1692 2363 1939 2418 deserere
1988 2377 2088 2418 nos

525 2451 733 2520 incipit,
766 2450 974 2505 crebris
1012 2451 1061 2504 in
1096 2451 1302 2522 reliquo
1326 2452 1485 2522 773
1514 2453 1634 2507 libri
1683 2452 1846 2522 hujus
1882 2452 2089 2509 laciniis

521 2540 700 2605 hians,
732 2551 782 2595 et
824 2541 914 2595 ubi
946 2540 1227 2596 continuat
1269 2552 1542 2611 utcunque
1593 2541 1970 2610 scriptionem,
2001 2542 2087 2597 in-

523 2634 730 2686 terdum
767 2634 1198 2698 irreparabililer
1223 2645 1534 2704 corruptus.
1573 2634 1727 2690 Unde
1770 2635 1974 2690 assulis
2008 2635 2087 2690 illi

521 2725 588 2777 ad
609 2724 811 2779 calcem
847 2726 1233 2794 supplementis
1262 2742 1328 2780 ex
1358 2726 1480 2781 aliis
1531 2727 1955 2796 exeinplarihus,
1988 2727 2087 2781 de-

522 2816 749 2884 ligentes
798 2819 1094 2874 attentione
1165 2834 1352 2890 magna
1413 2836 1532 2889 qua:
1578 2821 1948 2889 probabiliora
2011 2821 2092 2874 vi-

522 2909 806 2973 debantur,
840 2909 922 2964 usi
975 2923 1116 2978 szrpc
1164 2925 1385 2976 sumus;
1419 2926 1483 2965 ex
1519 2911 1708 2966 codice
1763 2913 1890 2980 quin
1923 2912 2086 2966 etiam

521 2999 616 3054 illo
658 3001 936 3062 Vaticano.
961 3000 1063 3055 etsi
1084 3002 1299 3071 evagari
1325 3004 1392 3056 ab
1438 3003 1678 3056 auctoris
1709 3003 1890 3056 verbis
1923 3004 2091 3056 libere

522 3094 703 3164 solito,
735 3093 823 3148 ubi
848 3095 1038 3149 melius
1065 3110 1168 3149 non
1213 3095 1471 3163 occurrit,
1520 3105 1899 3165 excerpentes,
1947 3096 2091 3152 unde

522 3190 842 3241 sententiam
882 3189 1218 3243 tolerabilem
1266 3189 1626 3244 elliceretnus.

593 3277 650 3331 P.
685 3277 810 3334 585.
839 3279 1018 3334 Saltus
1042 3289 1091 3334 et
1113 3280 1248 3349 juga
1271 3290 1538 3350 prtBrupla
1581 3282 1769 3335 montis
1797 3279 1932 3335 (ἔαηὶ
1961 3282 2091 3335 vali-

521 3374 603 3426 dis
633 3390 846 3428 suorum
873 3376 1073 3428 insessa
1121 3376 1382 3443 pra'sidiis
1414 3376 1604 3428 nostris
1653 3377 1798 3430 invia
1836 3376 2091 3444 fecerunt.

522 3462 814 3533 Postquam
847 3467 958 3520 bace
985 3477 1144 3520 erant
1187 3468 1353 3533 edita,
1385 3467 1627 3521 dubitavi
1659 3485 1723 3521 an
1753 3485 1858 3523 non
1908 3469 2093 3524 Graeca

522 3556 608 3610 bis
635 3557 1034 3625 respondentia,
1068 3558 1161 3610 καὶ
1192 3559 1291 3622 τὰς
1335 3559 1433 3627 μὲν
1457 3559 1767 3629 δυσχωρίας
1795 3559 1888 3612 ταῦ
1918 3561 2094 3614 Γάνου

527 3648 623 3698 καὶ
667 3646 788 3699 λίαν
839 3647 1280 3716 maculate-aveo,
1313 3653 1495 3718 potius
1548 3650 1922 3719 signiﬁcarent
1970 3651 2090 3722 iuga

523 3749 793 3808 praerupta
827 3737 960 3794 Cani
991 3743 1168 3796 adhuc
1199 3759 1226 3793 a
1276 3742 1535 3796 Romanis
1585 3744 1753 3798 fuisse
1803 3744 2091 3799 custodita.

524 3832 706 3896 Quare
740 3833 952 3888 barbari
983 3845 1107 3890 tunc
1129 3845 1336 3891 tantum
1373 3839 1645 3906 potuerint
1675 3839 2096 3906 incursare-quae

537 3926 673 3981 :irca
705 3927 914 3981 Canum
966 3939 1118 3984 sunt.
1159 3929 1252 3982 Cui
1286 3930 1526 3998 opinioni
1562 3929 1706 3984 lavet
1752 3929 1894 3999 quod
1930 3930 2092 3995 infra,

523 4034 577 4072 c.
621 4018 711 4084 Ἥ,
759 4029 1016 4086 tanquam
1060 4033 1316 4075 eventum
1383 4021 1466 4077 his
1517 4023 1786 4090 posterius
1837 4021 2090 4087 refertur,

522 4096 672 4165 artas
724 4111 906 4166 lances
962 4113 1098 4167 Gani
1152 4116 1350 4168 montis
1395 4115 1464 4168 ab
1517 4115 1869 4183 Amogabaris
1927 4115 2094 4168 fuisse

522 4213 833 4267 penetratas
861 4214 913 4256 ct
943 4220 1119 4258 arcem
1157 4205 1209 4258 in
1241 4205 1372 4275 jngo
1402 4207 1637 4274 positam
1667 4217 1904 4273 captam.
1932 4205 2091 4258 Juxta

521 4293 682 4346 istaut
717 4295 1042 4348 sententiam
1074 4295 1258 4365 reﬁngi
1297 4298 1454 4351 debet
1483 4313 1598 4350 mea
1631 4290 2006 4366 interpretatio
2038 4297 2090 4350 in

524 4383 670 4437 hunc
702 4384 918 4436 modum
957 4402 970 4438 :
1015 4384 1176 4438 Duces
1211 4387 1355 4441 illius
1417 4388 1608 4456 gentis,
1652 4403 1770 4440 cum
1821 4387 1987 4440 saltus
2041 4398 2090 4442 et

513 4477 648 4546 jnga
683 4487 950 4545 praerupta
987 4476 1123 4531 Cani
1167 4480 1359 4532 montis
1393 4480 1567 4533 valide
1607 4480 1778 4533 adhuc
1829 4481 2091 4533 custodita

2189 1990 2557 2045 conditionem
2583 1989 2747 2062 775.
2769 1989 2974 2043 sororis
3005 2003 3115 2042 suae
3138 1985 3366 2042 Joanme
3387 1987 3563 2056 (quam
3588 1984 3732 2040 Graeci

2188 2085 2401 2140 Annam
2438 2086 2800 2151 vocaverunt)
2837 2081 3150 2137 Andronico
3197 2077 3438 2142 Juniori,
3497 2077 3730 2131 Michaelis

2188 2179 2388 2246 saepius
2444 2178 2545 2231 hoc
2579 2190 2744 2244 opere
2779 2172 3059 2229 memorati
3102 2171 3234 2236 lilio,
3273 2170 3328 2224 in
3385 2168 3589 2239 imperii
3629 2183 3731 2221 con-

2189 2273 2418 2328 sortium
2445 2270 2638 2336 ascito,
2677 2267 3027 2334 collocandte,
3059 2275 3222 2337 prout
3256 2263 3384 2320 fuse
3419 2273 3596 2319 narrat
3617 2263 3731 2318 Can-

2191 2373 2524 2428 tacnzenus,
2557 2363 2596 2418 l.
2637 2377 2680 2428 ι,
2717 2376 2767 2416 c.
2797 2361 2888 2416 40.

2259 2454 2322 2509 Ρ.
2354 2455 2480 2510 6H.
2507 2453 2676 2508 Filius
2701 2453 2908 2508 Chalau
2933 2453 3166 2523 Apagas,
3203 2467 3315 2507 non
3339 2451 3506 2506 frater
3542 2456 3662 2505 erat.
3689 2458 3733 2501 ut

2189 2549 2435 2616 agnoscit
2469 2548 2581 2616 ipse
2609 2545 2991 2616 Pachymeres,
3021 2546 3126 2601 vol.
3157 2545 3200 2608 l,
3231 2562 3289 2612 p.
3323 2545 3450 2606 175,
3483 2554 3534 2598 et
3575 2545 3620 2596 in
3649 2544 3730 2596 hac

2189 2641 2427 2695 secunda
2462 2649 2634 2706 parte,
2674 2653 2728 2706 p.
2761 2639 2890 2702 262,
2918 2639 3171 2706 idemque
3203 2647 3725 2692 attestantursuimn-i

2191 2747 2460 2785 consensu
2515 2730 2761 2785 historici
2798 2732 3020 2785 Arabes.
3059 2729 3194 2786 Vide
3229 2729 3428 2785 librum
3476 2745 3527 2783 In
3575 2730 3728 2780 barum

2191 2823 2672 2888 Observationum,
2708 2838 2760 2878 c.
2815 2822 2866 2884 7.
2905 2840 2959 2875 ιι.
3020 2823 3108 2875 19..
3168 2822 3555 2890 Ignoscendum
3601 2820 3730 2888 igitur

2194 2917 2294 2970 hoc
2320 2916 2440 2969 loro
2471 2925 2553 2969 est
2585 2915 2924 2984 μνημονικὸν
2954 2915 3179 2984 σφάλμα.
3216 2915 3557 2984 Pachymeri.

2263 3004 2324 3060 P.
2361 3003 2487 3060 620.
2525 3006 2765 3074 Μαρίαν
2799 3004 2917 3073 τὴν
2947 3005 3289 3059 δέσποιναν
3344 3003 3464 3058 τῶν
3501 3008 3729 3071 Maurae-

2192 3096 2344 3152 ,κίων
2397 3096 2884 3168 θρυλλουμένην.
2953 3096 3222 3151 Similiter
3266 3096 3494 3151 inferius
3522 3113 3568 3164 p.
3601 3095 3721 3149 637:

2194 3189 2516 3260 Δύταδέλφη
2561 3189 2655 3243 τοῦ
2694 3191 2962 3260 βασιλέως
3000 3189 3207 3261 Μαρία,
3245 3191 3346 3244 καὶ
3386 3190 3491 3242 τῶν
3514 3191 3722 3254 Μουγουο

2197 3282 2325 3337 λῑων
2347 3283 2489 3337 Οὕτω
2522 3301 2642 3348 πως
2666 3285 2923 3337 δέσποινα
2961 3283 3367 3354 ὀνομαζομένη.
3393 3282 3725 3350 Carmpantani

2199 3380 2500 3435 successori
2539 3379 2770 3434 Cazanis
2796 3391 2849 3434 et
2881 3395 3019 3432 novo
3053 3380 3186 3433 Kani
3221 3380 3579 3434 Tocharorum
3602 3375 3726 3428 obte-

2199 3473 2332 3525 lerat
2371 3472 2423 3526 in
2477 3488 2731 3541 sponsam
2790 3473 3133 3527 Andronicus
3188 3474 3468 3542 Augustus
3525 3483 3723 3526 sororem

2198 3565 2470 3634 propriam
2505 3563 2752 3628 Mariam,
2784 3563 2868 3635 [Ρ.
2903 3563 3032 3635 559]
3061 3575 3110 3619 et
3149 3565 3241 3618 illo
3277 3574 3585 3632 acceptante
3609 3577 3726 3612 eam-

2197 3656 2317 3708 dem
2381 3671 2504 3709 cum
2551 3658 2700 3721 regio
2744 3658 3003 3711 comitatu
3057 3657 3291 3711 Nicaeam
3351 3659 3580 3712 miserat.
3610 3651 3724 3705 llam:

2197 3750 2272 3801 ait
2299 3749 2586 3803 historicus
2615 3750 2774 3818 vulgo
2798 3750 2963 3804 fuisse
2995 3751 3329 3805 nominatam
3357 3749 3613 3804 dominam
3639 3743 3725 3796 llu-

2195 3842 2484 3906 guliorum.
2511 3842 2601 3896 Sic
2627 3842 2771 3896 enim
2797 3842 3134 3910 lllognlenses
3159 3843 3434 3910 principes
3459 3837 3720 3906 primariam

2194 3946 2242 3988 el
2287 3951 2395 4003 pne
2425 3935 2637 3989 caeteris
2669 3935 2903 3990 nobilem
2942 3951 3165 3988 tutorem
3199 3935 3447 3988 solebant
3488 3950 3514 3985 a
3547 3931 3721 3984 (steteris

2195 4027 2528 4094 distinguere
2587 4029 2776 4082 addito
2827 4029 2875 4082 ei
2933 4029 3164 4081 domina
3217 4028 3397 4081 titulo.
3460 4025 3509 4078 ll
3557 4025 3720 4078 diserte

2197 4129 2429 4172 testatur
2459 4119 2921 4188 Ahulpharagius,
2971 4136 3025 4188 p.
3066 4119 3172 4174 4‘29
3213 4121 3298 4174 sui
3335 4118 3576 4174 Cltront'ci
3614 4118 3720 4167 Ara-

2196 4211 2315 4274 bici,
2349 4225 2514 4281 agens
2547 4212 2612 4266 de
2642 4210 3026 4281 Gingizchano
3077 4214 3252 4282 primo
3302 4214 3609 4282 imperatore
3634 4207 3719 4258 Mo-

2195 4303 2520 4371 gulensittm,
2555 4304 2714 4373 cujus
2768 4319 2992 4358 uxorem
3029 4304 3345 4372 primariam
3392 4315 3445 4358 et
3495 4298 3721 4372 nobilissi-

2197 4412 2377 4460 mam,
2421 4397 2639 4452 arabice
2670 4397 2737 4450 Al
2781 4396 3016 4463 ChaIu-t,
3079 4398 3178 4452 hoc
3217 4407 3299 4452 est
3345 4395 3598 4450 dominam
3647 4402 3718 4438 v0-

2193 4497 2394 4552 catam,
2429 4488 2649 4556 proprio
2684 4488 2900 4542 nomine
2935 4498 3298 4556 nuncupatam
3333 4487 3492 4540 fuisse
3521 4485 3585 4536 ait
3622 4477 3719 4532 Ovi-

521 4581 722 4624 tentare
756 4587 858 4623 non
905 4571 1178 4631 auderent.
1239 4573 1412 4626 varias
1465 4588 1530 4626 ea:
1576 4575 1876 4626 abundante
1936 4575 2090 4626 turba
2126 4576 2167 4630 D
2199 4580 2375 4632 suniin
2408 4578 2554 4648 Begi.
2589 4579 2856 4636 Similiter
2898 4580 2948 4633 in
3004 4579 3128 4635 aliis
3160 4594 3394 4649 quorum
3428 4576 3600 4630 ordine
3629 4584 3717 4622 m0-

518 4665 782 4731 con/latas
811 4679 998 4716 manus
1035 4680 1446 4734 quiq-noversnm
1483 4666 1793 4732 emittentes,
1837 4676 1944 4720 etc.
1978 4666 2090 4720 Hoc

523 4759 765 4814 indicare
799 4761 963 4825 volui,
996 4761 1095 4814 etsi
1121 4761 1296 4816 adhuc
1323 4759 1550 4816 sentiam
1580 4777 1683 4815 non
1713 4777 1903 4816 carere
1937 4763 2088 4830 peni-

523 4864 612 4906 tus
645 4853 1110 4908 verisimilitudine
1135 4871 1295 4924 quam
1321 4855 1559 4924 expressi
1589 4856 1640 4908 in
1677 4858 1834 4909 editis
1870 4866 2092 4911 semen.

520 4945 674 4998 tiam.
695 4945 1153 5002 l’otueruntenim
1183 4949 1528 5015 Amogabari,
1562 4963 1627 5002 ne
1651 4963 1680 5002 a
1705 4959 1857 5016 tergo
1889 4949 2089 5002 irrum-

519 5038 775 5107 pu-ntibus
806 5041 1134 5109 prarsidariis
1159 5045 1299 5093 arcis
1328 5039 1461 5093 Gani
1508 5043 1865 5104 mederentur,
1904 5050 2091 5094 custo-

520 5135 619 5184 des
656 5133 782 5197 ipsis
813 5143 1165 5200 augustartnn
1203 5131 1436 5186 faucium
1471 5149 1500 5186 e
1528 5134 1641 5186 suis
1673 5147 1964 5203 oppenere.

597 5221 657 5275 Ρ.
689 5223 811 5278 598.
861 5222 935 5277 Ex
970 5227 1334 5279 monumentis
1371 5223 1733 5280 G'PIIIIEI'ISlIIIII
1771 5228 1939 5282 habeo
1995 5242 2090 5280 vo-

517 5327 700 5370 catum
729 5318 871 5372 hunc
899 5316 1147 5386 Opitintn
1187 5318 1487 5387 Spinolam,
1517 5321 1952 5389 potentissitrnm
1989 5325 2090 5378 du-

518 5427 637 5463 cem
693 5410 1110 5477 Gibellinorum,
1166 5427 1424 5482 generum
1473 5413 1732 5483 prinripis
1783 5415 2088 5472 Antiochia:

517 5500 575 5554 fil
603 5502 613 5552 i
643 5499 902 5556 Frid‘erici
925 5503 966 5557 Il
986 5503 1348 5572 imperatoris,
1375 5514 1426 5557 ut
1453 5504 1684 5558 allirmat
1711 5506 2084 5572 Constantius,

515 5609 572 5648 c.
611 5593 740 5659 258,
768 5593 823 5648 in
858 5596 1099 5651 historiis
1135 5595 1356 5651 Sil-iliac.
1416 5598 1582 5652 Porro
1629 5599 1814 5654 Zurila
1851 5611 1980 5655 tom.
2017 5601 2084 5666 ll,

519 5698 572 5736 c.
605 5683 692 5748 l2,
729 5693 780 5737 et
813 5684 1027 5749 Corins,
1056 5701 1105 5741 c.
1141 5687 1264 5754 165,
1299 5689 1446 5743 aiunt
1489 5689 1816 5762 Palmologos
1848 5694 2088 5753 exquisi-

520 5776 665 5829 visse
701 5775 1012 5832 allinitatem
1046 5795 1167 5834 cum
1205 5783 1361 5835 molo
1411 5794 1708 5838 memorato
1731 5786 1921 5853 Upicio
1965 5787 2088 5854 Spi-

521 5870 674 5935 nola,
719 5881 774 5924 ut
828 5888 924 5940 per
990 5873 1135 5928 illum
1189 5874 1485 5931 Gihellinos
1543 5876 1644 5931 sibi
1709 5879 2082 5949 adjungcrcnt.

2204 4671 2357 4724 minit
2386 4671 2806 4740 imperatoribus
2839 4671 2956 4741 ejus
2994 4672 3172 4741 gentis
3217 4671 3526 4739 plerumque
3556 4676 3718 4718 Illetllo-

2201 4775 2282 4816 rat
2315 4767 2640 4833 precipttant
2684 4763 2946 4832 cujusque
2979 4763 3293 4833 conjugem,
3324 4776 3529 4832 semper
3553 4757 3616 4812 illi
3647 4752 3714 4807 uni

2201 4860 2442 4911 tribuens
2470 4857 2679 4912 titulum
2717 4856 2927 4910 Chatnn
2957 4856 3073 4909 sive
3107 4855 3396 4924 praeposito
3433 4850 3638 4905 articulo
3662 4845 3714 4896 Al

2197 4948 2449 5012 Citatnn;
2483 4964 2643 5015 quem
2679 4949 2895 5002 titulum
2947 4948 3237 5021 Eduardus
3268 4944 3574 5004 Pocockins,
3602 4936 3715 4992 Lati-

2200 5057 2302 5096 nus
2336 5043 2454 5111 ejus
2481 5041 2734 5096 Cbronici
2782 5041 3072 5110 interpres,
3103 5041 3238 5095 solet
3271 5039 3566 5106 exprimere
3593 5045 3714 5085 vora-

2198 5136 2326 5190 bulo
2351 5135 2596 5190 dominae.
2630 5135 2795 5189 Maria
2829 5135 2990 5203 igitur
3015 5133 3333 5204 Palzeologa.
3368 5131 3442 5186 uti
3467 5129 3566 5200 jam
3600 5135 3710 5179 nunc

2201 5227 2456 5294 primaria
2486 5243 2620 5281 uxor
2668 5228 3084 5294 Carmpantanis
3115 5225 3280 5280 Kanis
3315 5223 3659 5293 Mngnliorum,
3688 5227 3708 5261 ει

2198 5320 2312 5374 suis
2347 5319 2553 5376 Graecis
2609 5319 2820 5374 titulum
2851 5319 3059 5375 Cltatnn
3087 5319 3135 5373 ei
3166 5335 3193 5374 a
3240 5314 3610 5387 Mogulensilms
3638 5305 3710 5357 Il'i-

2198 5413 2385 5466 bulum
2438 5429 2533 5468 sua
2578 5414 2759 5484 lingua
2823 5414 3176 5468 reddentibus
3231 5413 3477 5465 δέσποινα
3536 5405 3707 5457 domm“

2200 5499 2560 5575 Muguliorum
2621 5507 2982 5571 vocitabatut‘,
3034 5516 3193 5574 prout
3244 5505 3325 5559 his
3371 5503 3563 5556 duobus
3605 5489 3707 5545 1οώ

2201 5599 2562 5670 Pachymeres
2592 5599 2844 5653 allirmat.

2273 5691 2334 5748 P.
2367 5691 2741 5763 629..Dizyam
2779 5691 2947 5745 fuisse
2985 5691 3036 5745 in
3084 5686 3482 5745 mediterraneis
3507 5672 3705 5732 Ἤιτει-ιε

2206 5788 2410 5839 dudum
2445 5786 2744 5838 docuerunt
2785 5785 3109 5838 Ptolomtcus
3139 5794 3194 5836 et
3225 5781 3530 5849 Stephanus.
3574 5764 3702 5818 Πὸὶιν

2207 5888 2389 5934 autem
2409 5876 2675 5944 eamdem,
2693 5892 2798 5932 non
2819 5874 3012 5947 κώμην
3037 5874 3327 5939 esstitissc,
3349 5869 3597 5926 civitatem.
3620 5868 3698 5907 "0"
