3856 6554
129 410 220 475 833

1165 407 1312 468 LIB.
1361 405 1477 466 IlI.
1522 432 1590 442 —
1628 405 2300 473 CHRONOLOGICUS.

3253 409 3362 476 33d

112 517 1063 590 urunt,demonstratscriptoranony
1081 534 1201 573 mus
1227 517 1683 588 :equalistempo-
1715 523 1759 576 Α
1788 521 1892 574 vol.
1928 537 1964 583 t,
1991 523 2056 575 ad
2087 540 2136 592 p.
2173 521 2298 578 420.
2334 520 2742 577 cbservavimus
2773 536 2824 591 p.
2857 521 2983 587 676,
3027 521 3216 594 utique
3239 544 3363 580 cum

113 634 210 672 rum
228 614 398 669 Basilii
421 611 755 677 Macedonis,
772 613 862 682 qui
891 612 1047 665 annis
1069 612 1182 665 fere
1203 610 1514 681 quingentis
1531 611 1680 680 prius

119 707 397 763 Andronico
449 707 553 760 hoc
612 715 794 760 nostro
830 703 1110 759 Orientale
1143 704 1319 758 tenuit
1367 703 1677 773 imperium,

112 809 154 861 in
193 801 295 856 Vita
320 801 554 854 nondum
584 800 726 854 edita
771 814 936 868 quam
985 797 1173 852 Graece
1212 797 1432 866 scripsit
1461 799 1678 850 Sancta:

117 898 270 950 Mariae
319 905 693 957 cognomento
745 892 1015 947 Junioris.
1061 891 1325 944 Servatur
1369 893 1482 945 ltzec
1519 891 1569 943 in
1602 889 1681 943 hi-

119 989 356 1042 bliotheca
387 985 572 1042 Vatic.
605 989 727 1042 cod.
761 986 885 1049 800,
923 987 1016 1040 fol.
1042 985 1167 1040 250.
1204 982 1281 1039 Ihi
1309 997 1492 1038 autem
1533 994 1682 1051 post-

114 1098 251 1149 quam
279 1080 507 1134 dixisset
548 1092 742 1134 auctor
762 1080 988 1134 Mariam
1019 1093 1144 1133 cum
1174 1079 1298 1133 viro
1327 1093 1426 1132 suo
1456 1092 1518 1129 ex
1557 1077 1679 1129 vico

111 1177 336 1243 quodam,
384 1175 442 1228 αἱ
486 1173 758 1244 Καμάραι
797 1183 1012 1237 vocato,
1076 1172 1165 1226 ubi
1201 1172 1379 1226 mariti
1418 1173 1537 1242 ejus
1589 1173 1678 1226 Ni-

113 1267 303 1336 Cepitnl’i
339 1275 567 1334 paterna
617 1275 735 1320 erat
765 1267 980 1324 domus.
1012 1263 1278 1332 migrasse
1312 1263 1552 1334 Bizyam,
1585 1263 1674 1316 ad-

112 1363 211 1415 dit:
247 1356 513 1411 Ἐνταῦθα
565 1359 600 1428 ἡ
641 1357 898 1427 μακαρία
959 1357 1054 1409 τὸν
1089 1357 1191 1426 μὲν
1236 1355 1403 1409 τόπον
1440 1356 1678 1426 ἦμειψεν

112 1453 201 1504 ani
233 1451 420 1520 κώμης
456 1451 540 1513 si;
567 1450 726 1502 πόλιν
746 1466 760 1479 ·
800 1449 900 1503 llic
928 1449 1082 1502 beata
1112 1448 1288 1502 locum
1319 1449 1531 1518 quidem
1562 1465 1678 1501 mu-

121 1546 231 1599 tarit
255 1561 278 1598 ε
297 1545 405 1597 vico
440 1543 495 1595 in
540 1543 745 1596 urbem.
770 1541 942 1608 Quam
966 1551 1021 1596 et
1049 1557 1154 1597 non
1178 1542 1347 1596 multo
1374 1552 1496 1612 post
1517 1541 1681 1594 πολυ-

120 1639 374 1705 άνθρωπον
397 1643 584 1702 vocat,
620 1637 889 1691 celebrem
936 1646 986 1690 et
1026 1634 1362 1706 populosam.
1398 1637 1515 1702 Quo
1545 1634 1677 1690 facit

113 1730 246 1802 775
274 1730 415 1797 quod
481 1731 853 1800 l'acliytucres
901 1744 1025 1784 mox
1063 1729 1222 1794 dicit,
1277 1731 1446 1784 multa
1504 1729 1674 1782 millia

112 1825 401 1878 bellatorum
427 1840 495 1877 ex
533 1826 656 1894 ejus
683 1825 896 1878 civibus
934 1825 1118 1879 subito
1148 1823 1407 1880 conﬂata.

1782 614 1870 668 hic
1897 630 2020 669 eum
2054 627 2236 668 noster
2258 614 2520 670 Manuelis
2547 614 2850 674 Zacharite,
2877 617 2966 683 qui
2989 616 3194 683 primus
3219 618 3356 673 Pbo~

1782 723 1948 762 etram
1973 709 2238 763 beneficio
2269 707 2546 764 Michaelis
2576 709 2730 777 primi
2781 707 3066 777 PalzL‘ologi
3123 710 3359 778 impera-

1785 802 1916 857 toris
1949 805 2180 871 accepit,
2209 801 2453 870 ἀνεψιόν,
2483 802 2585 857 hoc
2615 812 2697 856 est
2731 817 2794 856 ex
2853 801 3021 857 fratre
3055 803 3136 856 vel
3173 817 3364 857 surOtu

1783 906 2034 966 nepotem
2069 908 2244 951 vocet.
2279 895 2392 951 Etsi
2442 897 2588 951 enim
2626 911 2727 950 vox
2789 895 3009 965 ἀνεψιός
3065 897 3358 966 aliquando

1782 990 2082 1060 patruelem
2117 987 2409 1056 signiﬁcat,
2443 997 2622 1042 tamen
2668 988 2758 1041 hic
2787 1006 2817 1042 e
2849 987 3018 1043 fratre
3044 997 3137 1042 aut
3169 1002 3359 1042 sorore

1781 1081 2021 1151 genitum
2059 1082 2347 1150 designare
2394 1081 2554 1136 debet
2597 1079 2824 1150 intelligi
2879 1097 2946 1135 ex
3005 1095 3070 1135 eo
3104 1083 3248 1151 quod
3292 1080 3360 1133 ad

1781 1176 1928 1229 θεῖον
1955 1176 2209 1236 refertur,
2242 1190 2349 1245 qua
2383 1191 2486 1229 una
2521 1174 2695 1230 Graeci
2728 1189 2858 1230 voce
2891 1176 3158 1244 geminam
3188 1174 3361 1228 indis-

1781 1267 2115 1322 criminatim
2156 1264 2400 1320 Latinam
2435 1264 2747 1333 exprimunt
2781 1265 2965 1334 patrui
2995 1273 3047 1316 et
3083 1265 3354 1316 avunculi.

1781 1361 1964 1427 Quare
2001 1362 2051 1414 in
2109 1359 2558 1428 interpretatione
2612 1357 2876 1410 utramvis
2909 1356 3215 1423 a'isj'mctim
3267 1371 3359 1407 ιιι·-

1779 1453 2170 1508 cossitndinem
2222 1452 2488 1518 expressi.
2547 1449 2785 1503 Fuerunt
2838 1465 2970 1503 sane
3013 1449 3236 1502 Catauei
3291 1463 3358 1500 ac.

1780 1547 2058 1601 Zacharite
2116 1545 2344 1598 diversa:
2395 1543 2764 1598 Gennensium
2820 1540 3055 1603 fandlim,
3111 1539 3194 1612 [l'.
3227 1539 3354 1610 560]

1781 1651 1985 1702 tamen,
2023 1649 2082 1692 ut
2115 1651 2145 1692 a
2194 1636 2380 1707 peritis
2408 1650 2587 1689 rerum
2631 1635 2843 1689 illarum
2878 1633 3106 1703 accipin,
3149 1635 3358 1686 crebris

1780 1729 2132 1784 affinitatibus
2173 1737 2227 1783 et
2257 1725 2545 1782 connubiis
2575 1728 2651 1780 ita
2705 1726 2845 1778 inter
2890 1739 2947 1778 se
3002 1722 3262 1783 confusae,
3301 1731 3359 1775 ut

1782 1823 2024 1894 p0tuerit
2070 1838 2209 1877 unus
2239 1831 2294 1874 et
2343 1821 2487 1875 idem
2521 1820 2739 1873 nomine
2776 1818 2865 1871 illo
2897 1815 3120 1886 duplici,
3172 1815 3298 1868 hinc
3325 1830 3356 1868 a

169 1915 291 1970 Ibid.
316 1915 537 1984 Magum
565 1917 678 1970 illic
711 1917 987 1979 tzauzius,
1023 1928 1131 1971 etc.
1177 1915 1362 1970 Veteri
1397 1916 1554 1986 plane
1598 1916 1680 1971 in—
1712 1904 1752 1958 Β
1783 1926 1937 1987 patre
1991 1915 2116 1970 inde
2149 1930 2176 1967 a
2213 1923 2389 1968 matre
2446 1914 2630 1973 ductu,
2680 1910 2998 1982 promiscue
3060 1907 3355 1966 nominari.

113 2011 270 2061 ςιίιιιιο
305 2007 534 2075 Augusti
567 2008 856 2079 Byzantini
894 2010 1149 2077 pra-sidio
1176 2010 1416 2080 equestri
1449 2009 1665 2078 Bizyant

115 2101 350 2164 tenebant,
389 2111 446 2153 et
499 2101 623 2165 ejus
670 2101 1050 2169 praefecturam
1104 2103 1236 2156 viris
1282 2103 1668 2170 praestantibus

115 2192 512 2246 committebant.
539 2191 803 2261 Namjam
828 2194 897 2247 ab
924 2209 1067 2248 anno
1095 2194 1297 2248 Christi
1316 2195 1536 2249 circiter
1561 2193 1678 2249 880'

115 2283 240 2337 modo
269 2284 520 2338 laudatus
555 2286 794 2356 scriptor
826 2284 962 2341 Vita:
992 2287 1050 2342 S.
1086 2286 1268 2342 Maria:
1294 2285 1537 2343 iunioris
1570 2288 1668 2342 (Ιοο

114 2375 311 2428 cetviro
357 2375 477 2444 ejus
537 2377 600 2430 S.
638 2377 882 2434 mulieris
934 2379 1265 2448 Nicephoro,
1326 2381 1470 2448 quod
1525 2379 1668 2435 bello

115 2465 362 2534 Bulgarico
384 2466 628 2522 fortibus
661 2484 721 2524 se
753 2469 916 2524 factis
957 2470 1420 2536 commendasset,
1452 2471 1504 2524 in
1539 2485 1672 2540 prte-

117 2561 247 2611 tuium
273 2560 450 2614 datam
485 2577 617 2616 esse
647 2571 840 2616 turmae
863 2563 1246 2633 praefecturam
1285 2563 1537 2617 habentis
1559 2570 1671 2614 sla-

116 2653 279 2704 tionem
307 2654 506 2724 Bizyte.
541 2654 720 2710 Verba
753 2655 874 2726 ejus
906 2658 1021 2711 haec
1055 2665 1181 2712 sunt
1210 2673 1225 2711 :
1256 2655 1391 2708 Τότε
1426 2654 1609 2708 τοίνυν
1639 2655 1670 2707 ὁ

115 2743 193 2811 τῆς
217 2747 419 2818 Μαρίας
457 2749 609 2819 ἀνὴρ
655 2749 977 2822 Νικηφόρος
1031 2749 1310 2819 ἀριστεύει
1345 2752 1459 2813 τοῖς
1504 2749 1672 2802 Βουλ-

118 2839 274 2906 τὲροις
323 2842 662 2912 μαχόμενος,
705 2845 799 2896 καὶ
852 2833 1018 2915 ψὴφῴ
1051 2843 1162 2898 τῶν
1201 2841 1558 2914 κρατούντων
1587 2845 1668 2908 εἰς

117 2930 192 2999 τὴν
219 2932 306 2997 τῆς
341 2932 543 3004 Βιζύης
574 2933 826 3006 τοῦρμαν
852 2937 1231 3005 ἐκπέμπεται.

168 3023 353 3080 P.638.
390 3027 455 3080 '0
483 3027 602 3082 τοῦ
631 3027 952 3097 Μανουήλ.
997 3027 1154 3085 Hunc
1203 3030 1603 3086 innominatum
1640 3045 1670 3084 e

116 3115 282 3170 [.tllllia
332 3117 710 3175 Cataneorum
750 3119 1120 3175 Genuensium
1184 3121 1467 3177 Phocaeam
1525 3122 1671 3175 obti-

117 3213 317 3265 nentium
351 3213 552 3280 fuisse,
581 3230 682 3285 pro
715 3225 868 3270 certo
896 3224 979 3271 est
1010 3215 1318 3271 habendum
1357 3232 1424 3272 ex
1456 3216 1522 3270 iis
1550 3229 1670 3285 quae

147 3420 839 3448 ,ρ’-..ρή-

1773 2010 2076 2080 prtesertint
2135 2005 2202 2060 ab
2228 2006 2430 2060 exteris
2453 2004 2816 2075 scriptoribus
2848 2017 3038 2072 parum
3091 2002 3141 2054 in
3172 2000 3255 2054 his
3287 1999 3356 2054 a'l

1770 2115 2026 2160 exactum
2061 2119 2172 2157 rem
2223 2102 2421 2158 callere
2453 2101 2770 2168 plerumque
2809 2097 3149 2151 curantibus.

1844 2197 1902 2251 P.
1943 2195 2068 2251 640.
2101 2193 2209 2248 Eu:
2231 2212 2285 2249 se
2315 2195 2727 2262 compositurum
2759 2187 3149 2244 controversias
3183 2184 3357 2238 Theu-

1770 2290 2017 2344 derichus
2058 2298 2234 2343 ratus.
2283 2286 2441 2342 Circa
2491 2286 2634 2339 hanc
2679 2299 2790 2337 rem
2833 2289 3040 2350 gestam
3079 2279 3354 2346 lt:1:t::tpttl

1769 2383 2253 2439 d’Outremannutn
2305 2379 2542 2450 reperio,
2583 2377 2674 2432 lib.
2710 2376 2784 2430 De
2812 2390 2924 2428 exc.
2976 2373 3176 2436 Croc,
3215 2388 3261 2427 c.
3298 2373 3356 2433 5,

1773 2494 1827 2546 p.
1865 2477 1970 2531 467
2003 2493 2018 2530 :
2054 2476 2096 2528 Α
2156 2474 2441 2529 Fr’ederico
2472 2489 2589 2542 rege
2639 2470 2866 2532 Sicilirc,
2902 2467 3054 2536 cujus
3101 2467 3356 2534 auspicii.-

1770 2584 2008 2639 pugnare
2061 2573 2350 2634 eruperant,
2413 2563 2607 2617 missus
2665 2560 3044 2616 Ferdinandus
3093 2557 3356 2611 Balearici

1772 2667 1909 2733 regis
1951 2661 2128 2714 minor
2165 2659 2309 2728 ﬁlius
2354 2657 2407 2710 in
2437 2671 2565 2723 pace
2621 2654 2913 2710 Catelauos
2952 2667 3144 2720 ponere
3176 2651 3356 2720 nequi.

1771 2757 1866 2810 vit.
1927 2753 2003 2807 lla
2042 2753 2170 2816 ille;
2209 2767 2367 2817 (tuen:
2411 2765 2542 2814 ergo
2573 2749 2659 2801 hic
2707 2746 2901 2801 Gidatn
2940 2753 3032 2797 aut
3063 2742 3355 2796 Materiam

1773 2848 2101 2901 Pharentem
2148 2841 2517 2896 Τ1ιριιι1ιινὶυιιί
2552 2840 2721 2894 filiutu
2761 2847 2917 2891 vocat
2961 2836 3352 2905 Pacliymeres,

1771 2938 2084 2995 credibilius
2149 2945 2230 2991 est
2289 2934 2455 2988 fuisse
2503 2930 2904 2987 Ferdinaudutu
2989 2927 3353 2981 Balearicum.

1771 3029 1914 3097 Quin
1963 3039 2018 3082 et
2066 3026 2302 3081 fortasse
2355 3023 2616 3078 vocabula
2650 3023 2737 3075 illa
2777 3020 3014 3073 Haterca
3059 3018 3296 3071 Phareus
3327 3031 3359 3069 e

1772 3119 2051 3175 Balearica
2085 3117 2369 3174 Fcrnandc
2391 3117 2506 3170 sive
2539 3113 2874 3169 Ferdiuaudo
2913 3112 3212 3167 deformata
3242 3108 3356 3163 lue-

1774 3210 1906 3267 rint.

884 3633 1366 3762 PETRI
1455 3630 2074 3764 POSSINI
2204 3631 2335 3760 S.
2435 3634 2558 3758 J.

328 3897 1559 4017 OBSERVATIONUM
1644 3897 1910 4011 PAC
1934 3893 2248 4009 HYM
2266 3896 2343 4006 E
2364 3892 2795 4008 RIANA
2816 3894 2891 4002 Β
2920 3894 3111 4007 UM

1406 4122 1639 4184 LIBER
1704 4120 2050 4182 TERTIUS

643 4306 786 4364 ΟΠΞ
813 4307 900 4352 AD
932 4304 1231 4352 TEMPORA
1279 4305 1362 4351 ΒΤ
1387 4305 1474 4349 AD
1516 4301 2017 4349 CHRONOLOGIAM
2053 4299 2408 4346 PERTINENT
2442 4301 2799 4346 TBACTANS.

1758 4533 1783 4574 Ι

1701 4619 1744 4675 c
1781 4618 1893 4662 tum
1922 4608 2124 4662 facere.
2154 4606 2341 4660 Annos
2365 4605 2567 4676 quippe
2601 4606 2868 4661 sumimus
2890 4604 3136 4675 expletos
3164 4606 3230 4660 ad
3265 4624 3360 4660 cx-

634 4611 800 4683 773
828 4607 1061 4666 CAPUT
1085 4607 1129 4664 ι.

137 4717 415 4784 Dennmero
485 4745 770 4791 annorum,
837 4743 967 4792 quos
1023 4727 1134 4780 Iure
1176 4741 1349 4778 rerum
1380 4724 1670 4778 Andronici

189 4797 384 4854 ’ἥδιον-ἔα
417 4800 801 4857 complectitur.
857 4797 1030 4864 Hujus
1081 4797 1205 4865 ﬁnis
1238 4806 1498 4866 quantum
1529 4797 1670 4848 absit

193 4870 404 4924 abiuitio
439 4873 682 4924 historia:
714 4869 1103 4922 Cantacuzeui.

190 4981 242 5055 [Ρ
268 4985 383 5059 561]
430 4985 474 5039 1.
504 4985 644 5039 Ante
665 4983 844 5038 omnia
876 4998 1054 5052 operat
1078 4981 1309 5050 pretium
1333 4979 1478 5034 duco
1511 4979 1673 5049 figere

137 5077 367 5148 utrimque
416 5089 592 5134 metas
639 5079 763 5131 huic
818 5075 1081 5140 historice,
1109 5083 1166 5129 et
1227 5089 1296 5130 ex
1351 5089 1456 5142 quo
1486 5073 1673 5127 limine

138 5173 392 5233 procedens
415 5173 469 5226 in
501 5186 666 5242 quem
692 5177 946 5224 excurrat
983 5168 1233 5233 limitem,
1286 5165 1516 5220 definire
1556 5181 1671 5219 me-

141 5258 302 5317 tiendo.
327 5264 524 5320 Scribit
558 5270 763 5324 noster,
822 5277 875 5330 p.
918 5260 1005 5324 12,
1044 5257 1417 5312 Andronicum
1466 5257 1672 5324 Ρίιιιιιο-

142 5348 286 5422 Iugum
312 5366 677 5428 canSSPtllettl
712 5355 882 5409 solum
911 5352 1184 5407 exstincto
1207 5351 1317 5419 jam
1368 5360 1524 5419 patre
1576 5349 1673 5403 ha-

143 5441 275 5502 ltenus
327 5449 554 5520 imperii,
598 5465 766 5501 annos
807 5455 989 5500 natum
1039 5444 1208 5513 fuisse
1258 5453 1490 5512 quatuor
1511 5458 1671 5509 supra

143 5538 328 5608 viginti,
355 5560 415 5598 ac
460 5560 512 5598 c.
571 5542 641 5597 56
671 5551 724 5594 et
759 5541 949 5593 ultimo
1001 5537 1124 5592 libri
1167 5551 1259 5600 vn,
1298 5535 1457 5605 hujus
1487 5535 1672 5604 operis

147 5638 383 5698 PUSIrcmi.
419 5638 651 5691 allitmat
683 5633 933 5688 desinere
955 5630 1096 5686 hanc
1124 5628 1408 5683 historiam
1443 5626 1496 5679 in
1530 5641 1672 5680 anno

145 5726 696 5800 mnlequinqnagesinio
717 5728 891 5780 artatis
911 5723 1204 5780 Andronici
1229 5722 1492 5790 ejusdem.
1520 5718 1673 5775 Unde

149 5808 352 5883 inicitur,
383 5837 466 5876 res
513 5831 695 5890 gestas
741 5819 899 5872 annis
934 5831 1029 5871 sex
1073 5825 1126 5869 et
1172 5813 1358 5883 Viginti
1391 5812 1551 5881 hujus
1587 5827 1673 5867 se-

148 5909 724 5986 cundil’achymcriana:
749 5910 1000 5968 Historiae
1036 5907 1336 5965 voluminis
1383 5922 1674 5978 argumen-

1780 4702 2106 4772 peditioreni
2154 4701 2462 4767 calculum;
2497 4701 2546 4754 id
2597 4703 2742 4770 quod
2790 4702 2928 4754 citra
2972 4706 3149 4770 magni
3193 4704 3359 4755 detri-

1777 4795 1944 4849 menti
1982 4794 2284 4865 periculutn
2328 4809 2486 4863 posse
2519 4810 2616 4847 nos
2645 4793 2842 4855 facere,
2872 4809 2937 4846 ex
2986 4794 3051 4848 iis
3093 4811 3212 4863 qua:
3253 4813 3354 4849 nu-

1776 4904 1927 4942 mero
1971 4904 2091 4942 mox
2139 4889 2300 4942 tertio
2330 4886 2398 4941 de
2426 4899 2550 4941 nato
2577 4887 2720 4940 circa
2745 4885 2943 4940 .luliani
2979 4887 3106 4942 anni
3150 4887 3356 4958 primi—

1775 4981 1920 5049 pium
1949 4980 2260 5033 Andronico
2294 4981 2538 5033 dicemus
2576 4979 2877 5047 apparebit.

1783 5109 1786 5112 .
1848 5072 1915 5126 11.
1962 5071 2151 5124 Restat
2181 5072 2575 5140 explorandum
2601 5072 2750 5138 quoti
2776 5074 3209 5127 numerenturin
3247 5091 3352 5128 :rra

1776 5166 1986 5233 vulgari
2013 5163 2323 5218 Christiana
2357 5165 2466 5217 duo
2523 5164 2574 5217 hi
2608 5164 2758 5227 anni,
2793 5164 2882 5232 qui
2927 5165 3163 5232 spatium
3219 5178 3356 5220 tent—

1778 5260 1948 5328 poris,
2007 5259 2208 5325 inquo
2260 5257 2584 5326 explicando
2636 5257 2752 5311 haec
2801 5256 3036 5312 "islnt'ia
3084 5271 3352 5323 versatur,

1776 5353 2052 5419 utrimque
2116 5351 2432 5404 terminauit.
2490 5351 2686 5404 Eorum
2737 5353 2887 5421 prior
2935 5353 3178 5422 quidem,
3217 5365 3354 5407 unde

1776 5441 2100 5512 principium
2139 5439 2376 5504 ducitur,
2413 5455 2536 5494 cum
2576 5442 2760 5495 statim
2787 5459 2812 5492 a
2847 5441 3126 5498 Michaelis
3149 5443 3355 5496 Palu-o-

1775 5534 1880 5604 logi
1911 5534 2139 5604 AuguSIi
2195 5543 2368 5588 morte
2409 5535 2718 5600 inclinetur,
2755 5544 2810 5589 et
2853 5537 2984 5598 bmc,
3029 5547 3084 5589 nt
3129 5535 3354 5589 deumn-

1775 5639 2006 5682 Sll’allllll
2045 5634 2128 5678 est
2163 5626 2267 5682 vol.
2301 5624 2341 5688 Ι,
2375 5643 2428 5694 p.
2469 5627 2592 5685 747.
2641 5629 2726 5682 die
2758 5627 2793 5680 2
2842 5627 3151 5683 Decembris
3202 5644 3348 5681 anno

1774 5720 1978 5775 Christi
2009 5719 2144 5774 1282
2166 5721 2477 5790 contigerit,
2512 5720 2612 5774 fuit
2635 5722 2753 5775 sine
2783 5721 2948 5773 dubio
2978 5736 3150 5773 anuus
3207 5721 3351 5776 idem

1773 5832 1897 5870 atra:
1947 5813 2189 5883 vulgaris
2232 5814 2408 5881 1282,
2461 5819 2552 5869 sed
2604 5826 2875 5884 antrcma
2940 5818 3202 5868 duntaxat
3272 5821 3352 5869 sui

1777 5918 1950 5984 parte,
1989 5908 2180 5964 diebus
2210 5908 2458 5965 videlicet
2500 5909 2706 5980 viginti.
2748 5906 2882 5963 llnic
2929 5923 3073 5965 anno
3105 5912 3149 5966 si
3189 5909 3350 5981 777
