3856 6556
134 408 225 479 επ
1415 403 1675 471 CHRON
1686 402 2098 466 OLOGICUS.

3269 402 3379 469 838

137 519 458 582 Pentecostes
487 540 646 595 ;quaa
682 523 877 580 incidit
908 523 1000 581 illo
1028 538 1172 579 anno
1205 523 1256 577 in
1307 523 1449 579 diem
1500 538 1697 580 secun-
1727 529 1771 581 Δ
1800 528 1984 578 statim
2048 543 2075 577 a
2138 524 2297 580 Vecci
2350 523 2696 580 revocatioue
2752 519 3285 591 Constantinopolim
3342 537 3377 577 ο

135 622 240 674 dam
277 616 439 671 Junii.
486 616 567 672 De
622 617 781 688 hujus
832 632 862 672 e
917 618 1116 671 throno
1166 616 1471 684 dejectione
1504 624 1694 672 narrat

134 724 298 769 noster
334 712 434 765 hoc
487 722 642 767 tomo
671 711 936 777 secundo,
968 726 1023 781 p.
1056 710 1145 775 19,
1182 707 1416 765 Veccum
1448 708 1694 764 animad-

133 823 267 861 versa
296 807 604 860 mutatione
650 822 831 860 rerum
871 815 927 862 et
971 804 1336 877 propensione
1368 808 1491 861 novi
1544 805 1697 876 prin-

135 902 256 971 cipis
288 899 351 953 ad
385 899 789 954 restituendum
847 899 1113 966 schisma,
1153 900 1241 955 cui
1283 901 1551 955 obsistere
1599 914 1695 954 ne-

131 996 308 1063 quiret,
339 992 486 1046 ultro
522 993 676 1047 abire
698 993 1033 1060 patriarcbio
1059 1003 1309 1063 paratum
1340 1006 1692 1065 exSpcctasse

133 1100 290 1140 tamen
315 1085 442 1139 dum
471 1100 502 1138 a
553 1083 882 1141 satellitibus
917 1085 985 1140 ab
1019 1086 1352 1155 imperatore
1382 1087 1566 1141 missis
1599 1086 1694 1141 ab-

131 1181 434 1246 duceretur;
492 1192 638 1248 quos
685 1178 865 1234 libens
910 1189 1132 1233 secutus
1179 1190 1265 1235 est
1317 1195 1460 1234 anno
1496 1178 1613 1247 ipso
1640 1189 1692 1234 et

130 1284 295 1324 mense
331 1284 440 1340 quo
479 1278 605 1323 erat
643 1280 893 1325 mortuus
934 1269 1187 1334 Michael,
1234 1271 1534 1326 concordiae
1568 1286 1690 1323 cum

132 1361 319 1416 Latinis
369 1372 570 1417 auctor
606 1371 661 1418 et
708 1377 883 1431 usque
934 1361 1000 1416 ad
1053 1362 1259 1417 obitum
1316 1364 1593 1417 defensor.
1635 1364 1693 1418 ld

130 1467 317 1525 gcsntm
349 1456 616 1525 postridie
669 1454 880 1510 Natalis
928 1456 1141 1511 Domini
1177 1459 1340 1511 tradit
1370 1457 1569 1511 ibidem
1610 1457 1692 1512 hi-

130 1549 365 1603 storicus.
425 1549 745 1604 Decembris
804 1549 973 1619 igitur
1029 1549 1120 1605 die
1165 1550 1236 1604 26
1290 1565 1433 1603 anno
1488 1549 1691 1605 Christi

134 1639 256 1694 1‘28‘2
315 1640 484 1694 desiit
544 1641 752 1695 Veccus
819 1656 879 1695 se
946 1657 1043 1708 pro
1106 1641 1414 1711 patriarcha
1480 1658 1690 1712 gerere.

130 1734 290 1798 Quare
350 1742 568 1803 septem
636 1733 828 1789 solidis
890 1735 1048 1791 annis
1111 1744 1164 1789 ct
1207 1737 1426 1790 to‘tidetu
1465 1737 1691 1806 integris

130 1824 391 1882 mensibus
458 1826 516 1880 in
573 1824 693 1895 ejus
736 1827 1019 1895 dignitatis
1074 1830 1418 1898 possessione
1479 1828 1690 1884 Veccus

128 1918 363 1986 perstitit.
405 1917 501 1973 Sic
538 1919 703 1993 igitur
740 1918 1087 1989 intelligenda
1143 1932 1269 1975 sunt
1308 1921 1395 1975 illa
1440 1920 1690 1993 Gregorii

127 2012 288 2082 Cyprii
340 2013 514 2066 verba
555 2014 622 2069 de
681 2011 856 2069 Yecco
912 2015 980 2069 ab
1034 2013 1115 2069 Ill.
1153 2012 1335 2071 Leone
1365 2015 1562 2072 Allatio
1595 2020 1691 2073 de-

127 2105 305 2174 scripta
330 2107 438 2160 col.
478 2104 587 2159 766
620 2106 801 2175 operis
823 2107 887 2161 de
920 2105 1075 2177 Perp.
1109 2105 1275 2164 Cons.
1299 2127 1314 2162 :
1336 2107 1482 2179 Πλὴν
1506 2108 1694 2175 ὄγδοον

130 2197 303 2268 μέντῷ
325 2199 489 2269 κακῷ
521 2199 647 2253 τόδε
699 2200 888 2270 σχεδὸν
929 2199 1127 2271 ἠνύετο
1162 2199 1311 2265 ἔτος·
1355 2205 1412 2266 ἐς
1435 2204 1694 2257 τοσοῦτον

126 2292 178 2358 δὴ
204 2293 448 2355 κάκεῖνος
478 2293 575 2346 τὸν
602 2294 1003 2364 πατριαριικδν
1040 2293 1232 2363 Θρόνον
1267 2294 1367 2365 τῆς
1407 2295 1468 2347 οὗ
1514 2295 1693 2366 καλῆς

129 2383 454 2452 ἐπικαρπίας
505 2380 654 2456 εἶχεν
684 2384 990 2456 ὲνίδρυσιν·
1032 2398 1089 2439 ttt
1142 2403 1250 2442 non
1306 2389 1467 2458 plane
1509 2389 1693 2445 absol-

127 2473 245 2526 vcrit
284 2473 495 2528 Veccus
533 2475 601 2528 iu-
626 2476 997 2544 patriarcltatu
1046 2488 1299 2530 oetavum
1333 2492 1563 2546 annum,
1594 2481 1692 2535 sed

129 2566 167 2620 is
198 2567 245 2620 iu
281 2583 446 2625 cursu
506 2570 669 2623 fuerit
717 2578 770 2623 et
819 2568 1026 2638 majore
1073 2587 1139 2624 ex
1177 2582 1332 2641 parte
1362 2580 1690 2639 transactus,

128 2675 231 2713 cum
263 2673 338 2715 est
368 2664 575 2717 throno
605 2662 873 2729 deiectus.

188 2750 251 2807 ll.
287 2752 475 2816 Docet.
508 2769 564 2824 p.
596 2754 686 2821 19,
728 2754 1089 2828 Pacbymeres
1130 2755 1431 2828 Josephum
1465 2758 1553 2815 die
1589 2759 1695 2815 De-

132 2845 342 2902 cembris
392 2848 680 2904 tricesima
707 2890 724 2913 ,
766 2849 955 2906 eodem
1011 2867 1177 2916 anno,
1218 2851 1416 2907 iterum
1467 2852 1519 2907 in
1548 2854 1693 2909 {edes

132 2937 501 3000 patriarchales
549 2951 911 3009 reportatum.
947 2940 1172 2998 05tendi
1216 2944 1331 2998 vol.
1378 2943 1421 3007 l,
1477 2959 1529 3013 p.
1565 2944 1690 3010 732,

128 3026 401 3098 Josepbum
468 3046 501 3087 e
556 3032 893 3100 patriarcbio
943 3036 1246 3091 secessisse
1279 3034 1366 3090 die
1408 3038 1691 3091 undecima

130 3119 345 3179 Januarii
380 3140 537 3182 anno
577 3126 782 3181 Christi
820 3127 982 3183 1274.
1012 3129 1184 3184 Annis
1215 3129 1380 3200 igitur
1411 3138 1560 3196 otto,
1593 3131 1693 3184 mi-

1799 616 1975 673 Prusa
2026 627 2112 673 est
2164 618 2369 680 habita,
2408 619 2553 673 unde
2597 616 3025 685 intclligerenms
3055 628 3164 684 quo
3194 629 3385 671 mense

1799 711 1922 767 talis
1979 712 2033 765 in
2092 713 2279 766 urbem
2330 711 2492 767 Vccci
2541 710 2747 765 reditus
2780 708 3089 780 contigerit.
3130 706 3261 771 Sed,
3315 717 3378 762 ut

1795 805 2052 859 observat
2096 806 2448 875 Spondanus,
2504 805 2694 859 titulus
2749 801 2961 875 synodi,
3002 799 3055 855 in
3093 816 3200 871 quo
3241 810 3379 854 tem-

1796 914 1898 968 pus
1916 896 2032 965 eius
2060 908 2114 952 et
2140 898 2289 953 locus
2315 897 2684 952 verisimilitcr
2711 904 2895 949 notata
2923 894 3159 959 fuerant,
3182 909 3379 963 magna

1794 1006 1859 1046 ex
1905 1000 2063 1059 parte.
2091 990 2379 1045 obliterata
2412 989 2464 1044 in
2490 1006 2555 1044 eo
2586 989 2771 1044 codice
2811 988 2981 1043 fuere.

1866 1081 1956 1139 IV.
1989 1081 2178 1137 Restat
2200 1098 2331 1152 ergo
2371 1083 2454 1138 via
2487 1082 2642 1137 unica
2697 1080 2988 1149 indagandi
3021 1080 3144 1134 linis
3169 1078 3376 1143 exsilii,

1795 1175 1938 1245 quod
1976 1174 2184 1230 Veccus
2213 1175 2353 1247 apud
2382 1174 2568 1230 urbem
2602 1175 2826 1230 Prusam
2862 1175 3105 1246 pertulit.
3136 1189 3201 1228 ex
3233 1173 3380 1227 serie

1798 1285 1976 1327 rerum
2002 1286 2119 1337 qua:
2152 1270 2296 1324 inter
2326 1268 2447 1340 ejus
2475 1268 2854 1323 abduCtionem
2883 1268 3009 1322 illuc
3032 1278 3085 1322 et
3105 1265 3375 1338 postlimi-

1796 1363 1890 1418 nio
1919 1363 2305 1418 retractioncm
2355 1363 2719 1418 intervenisse
2755 1363 2823 1415 ab
2854 1362 3122 1416 bismrico
3182 1369 3376 1415 no<tro

1796 1467 2195 1511 memorantur.
2229 1457 2367 1510 Sunt
2407 1474 2482 1511 etc
2508 1472 2656 1511 mors
2686 1456 2933 1525 JuSephi,
2965 1473 3015 1511 c.
3052 1457 3139 1513 13.
3164 1456 3379 1512 evectio

1796 1552 1849 1605 in
1885 1551 2314 1619 patriarchatutn
2338 1550 2553 1621 Gemgii
2579 1551 2692 1604 sive
2714 1548 2960 1619 Gregorii
2994 1548 3198 1619 Cyprii,
3230 1563 3280 1603 c.
3308 1548 3380 1602 11»

1796 1652 1850 1698 et
1888 1643 1975 1705 15,
2009 1641 2271 1711 profectio
2312 1641 2661 1709 imperatoris
2696 1641 2748 1695 iu
2782 1639 3085 1702 Orientem,
3120 1655 3169 1693 c.
3203 1639 3295 1703 21,
3321 1648 3374 1691 ct

1794 1738 2181 1792 eonventioncs
2221 1734 2521 1806 Adramytii
2558 1750 2653 1804 per
2704 1734 2880 1805 ignem
2915 1734 3110 1788 habitae
3137 1733 3379 1787 Sabban

1796 1832 1915 1901 ipso
1947 1839 2135 1886 Sancto
2169 1827 2339 1899 pridie
2384 1829 2624 1883 Paschai.
2660 1839 2715 1880 ut
2747 1844 2796 1896 p.
2834 1827 2904 1882 6‘2
2944 1818 3202 1893 expresse
3235 1827 3377 1881 dici-

1799 1935 1910 1980 tur.
1938 1922 2062 1977 Fuit
2092 1923 2179 1977 hit:
2214 1937 2389 1975 annus
2418 1921 2622 1976 Christi
2651 1920 2788 1975 1285
2823 1920 2874 1973 in
2909 1921 3127 1991 periodo
3162 1917 3319 1973 Julia:
3345 1934 3377 1972 a

1796 2016 1958 2073 5996.
2001 2014 2321 2070 Numeravit
2366 2014 2578 2085 cyclum
2615 2013 2748 2066 solis
2776 2013 2831 2077 4,
2887 2012 3026 2067 luuze
3070 2024 3250 2065 autem
3285 2013 3376 2081 lt,

1798 2110 1887 2173 qui
1911 2105 2118 2160 Pascha
2139 2105 2424 2173 assignant
2452 2104 2650 2173 Aprilis
2676 2105 2762 2159 18.
2788 2103 2913 2158 Fuit
2944 2120 3073 2174 ergo
3104 2104 3242 2165 dies.
3269 2120 3376 2175 qua

1793 2200 2227 2255 Arseniauorutu
2271 2208 2325 2254 et
2380 2197 2959 2254 Anti-Arseuianornm
3019 2209 3381 2277 utrorumque

1794 2308 1865 2349 ex
1890 2307 2045 2361 aequo
2072 2291 2570 2356 schismaticorum,
2593 2291 2794 2361 scripta
2829 2291 3166 2360 probationis
3193 2293 3369 2363 gratia

1797 2388 1852 2441 lu
1883 2388 2059 2457 ignem
2093 2385 2291 2454 injecta
2339 2387 2546 2455 pariter
2580 2396 2859 2450 arserunt,
2893 2388 3104 2442 decima
3142 2387 3376 2456 septima

1794 2481 2002 2537 mensis
2043 2482 2264 2552 Aprilis,
2302 2495 2464 2550 quem
2492 2491 2547 2534 et
2572 2479 2873 2536 Sabbatum
2910 2480 3077 2537 fuisse
3110 2482 3377 2552 oportuit,

1795 2573 2057 2643 quoniam
2104 2574 2141 2627 4
2173 2573 2311 2645 cyrli
2345 2572 2541 2629 solaris
2580 2588 2757 2627 annus
2794 2572 3035 2628 litteram
3087 2574 3378 2629 Dominicis:

1797 2666 2031 2722 indicem
2083 2665 2247 2720 habet
2288 2662 2352 2728 C,
2386 2678 2506 2734 qum
2540 2665 2786 2719 cernitur
2816 2665 2868 2717 in
2895 2663 3225 2719 Kalendario
3274 2680 3376 2718 no-

1799 2770 1912 2816 tata
1942 2761 2007 2813 ad
2032 2761 2174 2814 diem
2207 2768 2530 2828 sequentem
2562 2767 2808 2814 octavam
2841 2756 3105 2813 decimam
3135 2756 3376 2826 ejusdem

1796 2852 2019 2923 Aprilis.
2055 2849 2430 2906 Memorantur
2454 2849 2581 2904 inde
2609 2858 2885 2904 ostentum
2919 2848 3116 2917 pluviae
3156 2850 3381 2918 sangui-

1799 2960 1915 3001 neae
1958 2960 2144 2999 mense
2176 2942 2320 2998 Maio
2352 2959 2405 3013 p.
2446 2943 2539 3008 54,
2572 2942 2848 3012 expeditio
2883 2942 3288 3013 protovestiarii
3321 2943 3373 2995 iu

1798 3038 2069 3095 Occidues
2130 3044 2340 3090 tractus
2381 3050 2435 3090 c.
2486 3036 2580 3097 25.
2610 3036 2887 3091 exercitus
2938 3046 3148 3104 strages
3191 3051 3255 3090 ex
3291 3035 3379 3089 lue

1798 3141 1852 3184 et
1904 3130 2054 3183 ducis
2102 3128 2272 3197 ipsius
2317 3128 2719 3198 protovestiarii
2763 3142 2929 3192 mors,
2962 3143 3012 3183 c.
3051 3128 3143 3192 27,
3177 3143 3377 3183 ωηερ-

134 3230 216 3266 nus
242 3215 536 3271 duodecim
574 3218 790 3287 diebus,
841 3230 994 3274 extra
1029 3221 1289 3290 palatium
1325 3224 1694 3291 patriarcbale
1721 3223 1767 3289 C
1800 3222 1938 3279 crati
1965 3223 2126 3293 panis
2172 3221 2225 3275 in
2284 3237 2440 3277 sacra
2474 3222 2672 3293 pyxide
2720 3220 3063 3290 deprehensa
3102 3225 3380 3290 coratptio

132 3323 233 3360 cum
264 3311 533 3377 privatam
588 3312 795 3381 egisst-t
830 3314 1018 3376 vitam,
1054 3313 1106 3367 in
1143 3314 1193 3367 id
1224 3325 1307 3369 est
1334 3316 1519 3387 denuo
1542 3318 1694 3370 rula-v

134 3409 222 3454 tus.
288 3399 358 3456 lbi
426 3418 532 3456 non
618 3404 746 3459 totis
819 3404 1036 3461 duobus
1099 3408 1379 3462 mensibus
1453 3411 1690 3480 patriar-

132 3493 266 3545 cham
310 3496 444 3566 egit.
495 3494 632 3548 Nam
687 3495 919 3550 aﬂirmat
975 3495 1039 3569 [P
1074 3497 1203 3571 564]
1257 3512 1465 3567 noster,
1490 3516 1544 3571 ιι.
1600 3503 1689 3570 58,

134 3596 378 3640 tuortuum
442 3584 611 3643 fuisse
666 3585 815 3641 illum
879 3590 1105 3648 ineunte
1144 3591 1339 3647 Martio
1390 3596 1518 3650 anni
1570 3596 1689 3652 sine

134 3675 275 3731 dubio
310 3679 471 3733 l285.
509 3678 731 3734 Dixerat
765 3690 948 3736 autem
998 3683 1175 3750 capite
1212 3689 1535 3754 praecedenti
1565 3706 1687 3744 eum

135 3772 300 3825 morbo
330 3783 385 3826 et
419 3774 576 3827 senio
603 3784 885 3842 gravatum
916 3776 1076 3843 paulo
1100 3785 1224 3830 ante
1259 3780 1687 3844 patriarchatum

136 3863 418 3926 abdicasse,
457 3864 616 3934 cujus
645 3865 1010 3922 abdicationis
1056 3869 1317 3932 scriptum
1350 3870 1451 3924 rite
1486 3871 1691 3927 forma-

139 3962 229 4006 tum
257 3954 537 4024 prodierit.
574 3954 831 4025 Oportuit
857 3957 909 4011 id
937 3956 1142 4012 factum
1172 3975 1358 4016 mcuse
1390 3960 1688 4018 Februario

135 4047 346 4112 ejatsdem
406 4050 558 4105 anni.
610 4049 789 4117 Quare
845 4051 1067 4107 brevior
1114 4052 1361 4108 bimestri
1413 4058 1688 4113 secundus

135 4138 323 4208 losephi
355 4143 765 4213 patriarchatus
792 4143 915 4209 fuit,
968 4160 1129 4214 quem
1167 4145 1293 4200 vita:
1344 4145 1465 4200 linis
1492 4158 1577 4203 est
1602 4164 1689 4203 se-

134 4244 268 4287 cmus
299 4251 602 4305 paucorum
647 4236 858 4291 dierum
892 4236 1200 4292 intervallo.

192 4322 269 4382 Ill.
320 4329 400 4381 Ad
437 4324 669 4382 Vcccum
732 4330 1041 4384 redeamus.
1102 4329 1152 4384 ls
1206 4317 1393 4387 mense
1425 4329 1686 4389 Januario

139 4418 241 4473 anui
267 4420 402 4476 1285
433 4421 599 4477 variis
623 4421 1107 4478 schismaticorum
1140 4426 1451 4495 exagitatus
1483 4428 1688 4484 calum-

139 4510 244 4574 niis,
273 4524 325 4568 et
349 4515 494 4585 quod
545 4530 596 4569 c.
635 4514 702 4569 10
750 4508 1023 4580 narratur,
1058 4518 1257 4573 citatus
1301 4521 1366 4573 ad
1396 4523 1683 4590 synodum,

140 4607 264 4665 brevi
291 4623 406 4680 post
449 4612 518 4666 ab
570 4613 901 4684 imperatore
934 4614 1164 4668 Prusam
1198 4615 1492 4685 relegatur.
1523 4617 1689 4689 780

141 4697 281 4755 Docet
302 4703 352 4756 id
387 4711 579 4758 noster
612 4718 665 4758 c.
708 4702 797 4766 11.
833 4712 1046 4773 tempus
1076 4719 1182 4757 non
1215 4706 1526 4774 exprimens
1554 4724 1567 4761 :
1591 4708 1689 4764 sed

138 4793 379 4863 colligitur
415 4809 480 4849 ex
518 4794 665 4850 serie
719 4804 965 4848 actorum
1003 4793 1056 4849 id
1090 4803 1269 4849 actum
1314 4798 1418 4852 sub
1461 4797 1680 4854 initium

141 4880 414 4941 Februarii.
461 4886 763 4941 Revocatio
796 4885 960 4942 Vecci
1012 4900 1042 4938 e
1097 4886 1268 4942 l’rusa
1323 4888 1374 4942 iu
1408 4888 1597 4943 urbem
1633 4905 1685 4946 c.

141 4975 239 5030 libri
270 4981 510 5050 ejusdem
542 4980 704 5051 primi
740 4980 812 5036 54
851 4978 1107 5039 refertur.
1145 4983 1255 5037 Sed
1305 4982 1431 5052 ejus
1471 4995 1688 5056 tempus

142 5066 456 5125 divinandum
492 5080 595 5127 est.
653 5072 710 5126 Si
763 5072 935 5129 codex
989 5075 1252 5143 antiquus
1302 5090 1367 5130 ex
1416 5091 1523 5146 quo
1570 5075 1689 5132 Sir-

143 5164 335 5218 Illotttills
371 5173 558 5221 noster
605 5166 741 5220 Acta
792 5168 1234 5237 pseudosynodi,
1291 5184 1394 5237 qua
1428 5181 1507 5225 est
1564 5181 1689 5239 post

143 5253 436 5323 colloquium
473 5258 653 5327 capite
704 5258 861 5325 hujus
905 5257 1076 5315 libril
1112 5261 1214 5319 55.
1254 5264 1480 5318 relatum
1533 5266 1686 5321 dam-

144 5356 273 5401 natus
304 5349 533 5413 Veccus,
579 5366 810 5421 quorum
851 5352 1110 5406 Actorum
1173 5360 1480 5426 apograpba
1537 5360 1687 5414 misit

143 5443 195 5494 ad
227 5442 505 5501 Heuricum
538 5444 888 5515 Spondanum
926 5454 980 5499 et
1014 5448 1077 5499 ad
1113 5446 1406 5503 Oduritum
1447 5451 1686 5522 Rayual-

145 5533 245 5591 dum
286 5542 700 5595 continuatorcs
749 5539 1040 5592 Annalium
1088 5540 1329 5606 Baronii,
1367 5554 1423 5596 ttt
1467 5545 1685 5605 illorum

146 5632 339 5699 uterque
380 5641 634 5697 testatur,
688 5632 838 5700 prior
884 5648 1026 5686 anno
1058 5632 1266 5689 Christi
1302 5634 1467 5703 1283,
1501 5655 1555 5693 n.
1592 5612 1682 5704 i0,

144 5723 379 5784 posterior
419 5739 512 5779 an.
564 5739 682 5793 seq.
710 5740 764 5777 n.
798 5724 891 5784 48.
922 5755 987 5766 -
1010 5725 1054 5780 si
1083 5726 1277 5791 codex,
1319 5729 1563 5797 inquam,
1595 5732 1685 5787 ille

145 5808 317 5883 integer
360 5814 577 5882 luisset,
614 5816 942 5873 haberemus
974 5832 1039 5871 ex
1072 5832 1139 5873 eo
1170 5828 1407 5890 tempus,
1444 5823 1546 5879 hoc
1597 5834 1684 5879 est

146 5903 259 5962 diem
310 5920 361 5967 ct
426 5927 693 5977 metisctn,
748 5908 1038 5968 celebratae
1090 5911 1247 5969 istius
1300 5918 1516 5986 synodi,
1564 5934 1683 5990 qua:

1802 3315 2081 3371 Dominica
2127 3314 2321 3385 Tyriae
2358 3324 2572 3377 vocata,
2605 3330 2654 3367 c.
2695 3314 2788 3378 ‘28,
2819 3314 2931 3378 ubi,
2975 3331 3027 3383 p.
3060 3312 3380 3378 79,ι1ἱευιιιθ

1798 3411 2034 3466 traditur
2088 3426 2208 3466 eam
2269 3410 2588 3480 particulam
2650 3408 3010 3478 puirefactam
3060 3409 3233 3464 fuisse
3266 3409 3380 3464 illic

1796 3506 2098 3574 depositam
2131 3520 2273 3558 anno
2297 3502 2565 3568 superiori
2615 3501 2753 3557 [cria
2786 3512 2981 3571 quarta
3014 3500 3375 3557 hebdomadte

1796 3598 2038 3666 majm‘is.
2074 3596 2266 3650 Annus
2291 3596 2380 3650 ille
2400 3595 2655 3665 superior
2692 3596 2812 3650 sine
2846 3594 3008 3648 dubio
3040 3594 3136 3648 fuit
3174 3593 3378 3649 Christi

1795 3690 1955 3756 1285,
1987 3705 2095 3759 quo
2142 3705 2288 3754 cum,
2349 3699 2406 3741 ut
2451 3688 2712 3752 diximus,
2761 3686 2969 3742 Pascha
3021 3685 3274 3740 inciderit
3323 3687 3378 3740 in

1794 3784 1936 3838 diem
1973 3783 2040 3836 18
2070 3782 2293 3851 Aprilis,
2333 3781 2464 3834 feria
2502 3788 2696 3849 quarta
2749 3777 2973 3843 majoris
3026 3776 3377 3831 hebdomadze

1795 3879 1957 3934 fuerit
1986 3876 2210 3933 omnino
2241 3876 2307 3930 14
2333 3873 2574 3943 ejusdem
2608 3872 2835 3929 mensis.
2859 3872 3046 3926 Aunus
3078 3882 3196 3941 post
3230 3873 3378 3925 hunc

1790 3988 2028 4043 sequens
2056 3970 2261 4029 Christi
2312 3967 2451 4024 1281
2486 3966 2701 4037 cyclum
2746 3966 2881 4022 solis
2910 3966 3216 4019 muneravit
3251 3965 3284 4017 5
3322 3975 3379 4018 et

1794 4078 2022 4119 aureum
2070 4077 2355 4118 nuernm
2391 4059 2480 4114 12.
2550 4058 2646 4112 Hae
2677 4068 2820 4114 uota
2853 4057 3057 4111 Pascha
3091 4056 3379 4110 conferunt

1794 4157 1850 4212 in
1879 4156 2019 4211 diem
2052 4170 2253 4211 nonum
2285 4153 2508 4224 Aprilis.
2546 4149 2701 4207 Unde
2731 4166 2856 4205 cum
2888 4148 3166 4204 Dominiea
3216 4147 3376 4219 Tyri-

1790 4268 1876 4311 ηε.
1913 4251 2103 4304 eadem
2139 4262 2264 4303 cum
2293 4261 2356 4302 ea
2388 4260 2550 4316 quam
2584 4260 2684 4299 nos
2722 4242 3055 4298 Doutiuicam
3096 4240 3377 4311 Quinqua-

1790 4346 2014 4418 gesimze
2041 4355 2327 4403 vocamus,
2363 4340 2457 4394 illo
2498 4353 2643 4395 anno
2668 4337 2943 4393 bissextili
2972 4335 3025 4389 in
3062 4336 3203 4387 diem
3237 4348 3375 4388 con-

1790 4439 1999 4493 venerit
2049 4436 2117 4491 19
2174 4431 2481 4497 Februarii,
2530 4445 2639 4500 quo
2674 4444 2860 4485 mense
2890 4426 3196 4497 superioris
3243 4426 3371 4478 anni

1793 4534 2091 4600 relegatum
2144 4526 2370 4580 Prusam
2416 4523 2649 4578 Veccum
2692 4522 2853 4592 781
2910 4519 3167 4584 vidimus,
3206 4517 3374 4586 liquet
3427 4557 3439 4571 η

1797 4619 1945 4678 istud
1966 4621 2084 4688 ejus
2134 4616 2388 4674 exsilium
2422 4630 2603 4670 annuo
2627 4614 2938 4668 diuturnius
2972 4612 3161 4674 fuisse,
3202 4610 3375 4679 siqui-

1795 4713 1919 4771 dem
1958 4721 2080 4781 post
2114 4711 2262 4766 illam
2317 4709 2623 4766 consecrati
2683 4707 2842 4775 panis
2892 4704 3134 4770 corrupti
3172 4718 3266 4773 rcp
3304 4704 3373 4757 rti

1794 4806 2127 4862 mentionem
2156 4842 2174 4871 ,
2218 4818 2339 4875 qua:
2388 4809 2516 4856 ante
2578 4797 2954 4853 narrationem
3006 4795 3377 4850 revocatiouis

1794 4895 1981 4962 Verci,
2014 4897 2285 4959 ordinem,
2334 4903 2390 4948 ut
2431 4899 2680 4963 apparet,
2726 4899 3003 4958 gestarum
3064 4902 3243 4941 rerum
3285 4903 3375 4938 sr-

1790 5006 1990 5062 quens,
2042 4988 2324 5044 interserit
2382 4984 2714 5048 historicus,
2755 4980 2964 5049 aliquot
3004 4977 3163 5032 facile
3218 4994 3374 5032 mru-

1788 5086 1931 5141 slum
1967 5092 2179 5148 tempus
2202 5077 2561 5149 expleverint,
2592 5088 2792 5143 nempe
2820 5071 3109 5128 debellatio
3142 5068 3376 5140 Scytha-

1789 5194 1933 5242 rum,
1986 5191 2038 5232 c.
2072 5173 2165 5239 29,
2202 5181 2436 5227 conatus
2471 5166 2827 5239 imperatoris
2871 5166 2938 5219 ad
2974 5163 3242 5220 factiones
3272 5161 3374 5215 Ec-

1789 5270 1972 5328 clesia:
2024 5266 2454 5336 componendas,
2504 5278 2557 5317 c.
2589 5260 2709 5327 '50,
2741 5258 3044 5330 reportatio
3089 5257 3142 5312 in
3176 5256 3368 5310 urbem

1789 5364 2148 5432 reliquiarum
2204 5358 2530 5425 patriardta‘.
2582 5352 2910 5419 Arsenii,c.
2964 5352 3055 5414 31,
3124 5348 3188 5420 [Ρ
3240 5346 3368 5419 565]

1787 5456 1974 5512 clades
2006 5452 2448 5507 Christianarum
2505 5449 2561 5503 in
2602 5444 2760 5517 Syria
2793 5461 2888 5500 seu
2931 5442 3143 5499 initium
3179 5439 3306 5493 belli
3339 5457 3370 5492 a

1785 5546 1999 5603 sultane
2028 5543 2322 5612 Babylonis
2355 5541 2567 5597 Latinis
2593 5540 2966 5605 Antiochiam,
3004 5532 3267 5602 Tripolim
3316 5542 3371 5585 et

1788 5639 2180 5696 Ptoletuaidem
2218 5636 2529 5691 tenentibus
2557 5632 2716 5699 illati,
2761 5632 2917 5700 cujus
2966 5625 3137 5681 secuti
3190 5634 3374 5691 poste-

1790 5737 1905 5789 rius
1940 5731 2117 5787 ultimi
2152 5738 2378 5784 eventus
2403 5743 2434 5783 a
2469 5736 2658 5783 nostro
2691 5738 2788 5793 per
2811 5718 3230 5788 occupationem
3252 5730 3376 5770 nte-

1788 5834 2096 5887 morantur,
2137 5838 2188 5879 c.
2234 5820 2326 5885 '52,
2353 5821 2592 5889 denique
2622 5814 2920 5871 secundum
2956 5807 3377 5888 matrimonium

1787 5917 2086 5975 Andronici
2142 5912 2513 5987 imperatoris,
2543 5910 2609 5965 de
2641 5922 2745 5976 quo
2794 5920 2845 5958 c.
2898 5902 2966 5955 '55
3021 5899 3112 5953 lls
3152 5904 3378 5959 Cunctis
