3880 6534
492 357 604 424 839

1378 349 1448 413 P.
1486 344 1788 409 POSSINI
1830 339 2480 404 OBSERVATIONUM
2511 337 2638 399 LIB
2696 334 2815 398 ΠΙ.

3566 333 3659 400 840

469 462 894 536 circumspectis,
952 461 1098 519 haud
1152 467 1357 515 temere
1408 457 1713 513 videbimur
1763 454 2033 508 affirmare
2065 455 2108 512 Α
2137 450 2388 506 Octobris
2422 450 2482 504 in
2517 447 2714 517 templo
2764 446 2867 501 rite
2900 442 3066 500 fuisse
3090 441 3422 500 ordinatum.
3448 439 3670 501 Procedit

469 556 842 613 evocationem
880 551 1038 606 Vecci
1090 551 1257 604 Prusa
1294 548 1612 619 Byzantium
1651 559 1796 599 anno
1830 543 2037 599 Christi

473 649 615 704 ηει
668 648 813 703 circa
865 659 1104 699 mensem
1148 642 1349 697 Maium
1407 638 1697 693 Junintnve
1725 636 2040 704 contigisse,

474 740 649 809 ipsum
676 751 806 790 vero
838 735 1045 806 synodo
1078 743 1207 786 tunc
1256 729 1441 784 habita
1475 730 1815 788 damnatum,
1846 724 1913 778 ab
1943 720 2043 778 im-

473 842 722 901 peratore
748 833 949 884 frustra
988 825 1077 881 diu
1116 832 1313 878 conato
1337 835 1458 876 eum
1492 820 1559 872 ad
1593 828 1775 888 partes
1800 815 2042 879 trahere,

476 925 529 979 in
569 923 870 978 custodiam
912 919 1054 974 arcis
1109 934 1137 971 a
1202 925 1395 970 sancto
1434 912 1696 980 Gregorio
1750 907 2043 965 nominatae

477 1018 756 1081 traditum,
793 1015 934 1084 quod
964 1012 1064 1067 sub
1098 1012 1255 1064 linem
1287 1025 1335 1062 c.
1368 1006 1439 1062 '55
1465 1004 1625 1062 docet
1656 1003 2040 1072 Pachymeres.

477 1110 599 1164 lla-c
626 1109 825 1163 faciunt
853 1122 923 1160 ne
958 1103 1210 1159 assentiri
1238 1101 1438 1172 possim
1466 1095 1698 1153 Henrico
1728 1093 2041 1164 Spondano,

474 1204 601 1256 dum
659 1200 814 1256 Vecci
850 1196 1275 1255 damnationem,
1333 1194 1434 1246 sub
1485 1204 1645 1257 quam
1705 1185 2045 1256 mancipatus

474 1307 555 1352 est
587 1292 826 1359 carceri,
863 1307 1004 1346 anno
1038 1289 1238 1346 Christi
1274 1287 1412 1342 1285
1447 1284 1654 1339 tribuit.

548 1388 614 1444 Υ.
654 1384 899 1451 Perstitit
944 1383 1155 1451 quidem
1191 1379 1399 1435 Vccrus
1431 1391 1600 1446 usque
1629 1374 1694 1429 ad
1728 1384 1956 1430 mortem
1987 1370 2041 1426 in

476 1497 539 1536 ea
594 1481 739 1536 arcis
773 1474 1275 1544 San-Gregorianaa
1304 1470 1576 1533 custodia,
1608 1468 1700 1523 sed
1732 1465 2046 1521 conditione

480 1588 585 1628 non
637 1584 851 1638 semper
884 1569 1095 1624 eadem.
1138 1565 1272 1620 Nam
1311 1563 1470 1619 initio
1501 1559 1792 1616 durissime
1826 1557 2044 1613 habitus

480 1673 567 1720 est
607 1663 661 1718 in
706 1676 916 1716 summa
958 1659 1164 1729 ittOpia,
1197 1657 1315 1712 siue
1368 1656 1471 1709 ulla
1510 1653 1819 1723 provisione
1855 1664 2046 1705 neces-

482 1759 752 1813 sariorum
780 1754 844 1807 ad
895 1753 1115 1809 victum.
1155 1749 1287 1816 Ejus
1317 1745 1641 1801 incommodi
1668 1746 2040 1799 laxamentum

482 1849 695 1919 aliquod
723 1847 938 1917 quando
973 1854 1024 1897 et
1049 1842 1318 1913 quomodo
1355 1839 1645 1907 acceperit,
1687 1837 1891 1891 indicat
1923 1836 2044 1889 obi-

484 1952 566 1996 ter
597 1941 716 1995 loco
768 1953 875 1993 non
923 1951 1025 1991 suo
1083 1933 1465 2003 Pachymeres,
1515 1931 1579 1984 ad
1631 1929 1834 1983 calcem
1885 1926 2045 1982 modo

483 2028 767 2084 memorati
815 2043 865 2082 c.
909 2026 1000 2087 35.
1029 2040 1150 2080 cum
1182 2024 1257 2077 ait
1289 2038 1316 2075 a
1368 2021 1743 2092 proficiscente
1771 2021 1823 2073 in
1851 2018 2048 2073 Orien-

482 2136 591 2178 tcm
629 2120 924 2176 Athanasio
950 2118 1061 2189 jam
1094 2127 1279 2173 creato
1316 2115 1645 2186 patriarcha,
1669 2126 1723 2167 ct
1750 2111 1947 2167 fretum
1978 2111 2045 2166 ad

483 2212 864 2282 HelenOpctitn
915 2208 1245 2277 trajiciente,
1277 2206 1501 2261 missum
1534 2220 1597 2258 ex
1631 2203 1827 2257 itinere
1873 2202 1925 2256 in
1954 2217 2046 2256 ar-

482 2322 603 2360 cem
636 2307 694 2359 S.
728 2302 974 2373 Gregorii
1013 2314 1267 2370 magnum
1332 2296 1682 2368 logothetam,
1745 2293 1835 2363 qui
1870 2291 2048 2348 Vecco

484 2408 702 2456 centum
742 2410 957 2460 aureos,
1010 2391 1351 2447 Melitenioue
1385 2389 1775 2458 quinquaginta
1809 2389 2047 2442 donave-

489 2490 582 2552 rit,
623 2472 916 2542 Metochita
973 2485 1243 2541 sociorum
1282 2480 1438 2535 Vecci
1488 2480 1659 2533 altero
1714 2479 1824 2547 jam
1890 2487 2050 2530 antea

486 2589 707 2651 propter
744 2576 991 2632 morbum
1037 2574 1092 2630 in
1124 2574 1341 2628 domum
1383 2572 1653 2641 propriam
1691 2570 1883 2625 relato.
1913 2569 2055 2623 inve.

485 2672 767 2744 sligcmus,
812 2671 857 2725 si
898 2684 1002 2739 qua
1054 2680 1362 2738 possumus,
1393 2665 1554 2720 istius
1601 2674 1770 2734 gesta:
1803 2662 1878 2717 rei
1912 2670 2052 2716 tem.

484 2780 612 2836 pus.
645 2761 922 2818 Successit
952 2758 1213 2828 Gregorio
1241 2756 1440 2828 Cyprio
1491 2757 1546 2811 in
1593 2754 2053 2822 Constantinopo-

488 2854 657 2910 litano
686 2850 1056 2922 patriarchatn
1090 2847 1443 2910 Athanasius.
1470 2860 1568 2901 nec
1597 2846 1780 2900 statim
1813 2860 1877 2900 ac
1912 2844 2055 2898 nullo

497 2948 812 3014 interregno
860 2942 1040 2997 medio
1088 2939 1374 2995 successit.
1410 2937 1646 2993 Primum
1681 2938 1844 3004 igitur
1869 2937 2057 2992 viden-

493 3039 620 3093 dum
657 3034 900 3105 quandin
951 3033 1245 3101 Gregorius
1289 3031 1344 3086 in
1397 3030 1525 3086 sede
1580 3029 1898 3101 perstiterit,
1943 3038 2055 3082 tum

2139 560 2270 613 ergo
2304 544 2454 612 prior
2485 540 2887 613 patriarchatns
2918 534 3199 592 Athanasii
3226 550 3255 589 a
3300 534 3471 602 pridie
3508 534 3668 590 Iduum

2142 637 2388 691 Octobris
2433 633 2560 687 anni
2605 647 2724 683 mra:
2764 629 2960 683 Christi
2996 624 3228 695 vulgaris
3262 622 3423 677 l289.

2215 728 2303 782 Vl.
2336 726 2505 782 Paulo
2531 733 2655 779 ante
2681 731 3036 801 memoratam
3070 717 3348 774 Athanasii
3382 715 3672 786 patriarchae

2145 818 2608 875 transmissionem
2644 814 2767 870 freti
2802 814 2866 868 ad
2907 809 3275 880 Helenopolim
3323 819 3372 864 et
3414 808 3672 878 profectio-

2145 929 2267 969 nem
2318 913 2369 967 in
2420 910 2698 967 Orientem
2754 920 3095 963 communem
3130 902 3207 958 illi
3237 901 3406 956 fuisse
3439 916 3551 953 cum
3580 899 3674 952 An-

2146 1006 2369 1063 dronico
2403 1003 2730 1071 imperatore
2756 999 2914 1054 docet
2947 1006 3132 1051 noster
3156 995 3261 1049 hoc
3287 994 3426 1048 libro
3448 1007 3504 1051 ιι.
3532 1006 3575 1044 c.
3602 990 3675 1049 18.

2146 1101 2273 1155 dum
2294 1097 2674 1167 imperatorem
2702 1107 2763 1147 se
2792 1090 3088 1146 contulisse
3124 1084 3472 1159 Nymphaeum
3500 1088 3675 1146 narrat,

2145 1201 2201 1247 et
2229 1207 2295 1246 eo
2326 1190 2516 1245 itinere
2549 1197 2731 1258 partes
2774 1182 3039 1255 Bithynia:
3067 1190 3466 1248 transgressum
3492 1174 3558 1230 ibi
3581 1174 3679 1228 ohi«

2147 1294 2231 1338 ter
2260 1282 2438 1353 egisse
2480 1281 2628 1336 circa
2662 1277 2983 1332 Veccum'et
3025 1273 3143 1342 ejus
3173 1268 3377 1334 socios,
3405 1280 3520 1337 quae
3544 1264 3679 1334 paulo

2145 1385 2272 1432 ante
2303 1375 2583 1445 (nimirum
2616 1387 2667 1427 c.
2700 1369 2791 1432 55.
2831 1366 2869 1421 l.
2898 1366 2935 1437 ι)
2970 1381 3032 1421 sc
3087 1372 3423 1418 memorasse
3452 1360 3540 1412 ait.
3570 1357 3679 1422 Qui-

2148 1470 2248 1524 hus
2303 1467 2482 1521 verbis
2550 1464 2728 1519 innuit
2785 1459 3064 1515 Athanasii
3115 1457 3334 1527 quidem
3392 1452 3679 1523 patriarcha

2149 1562 2387 1629 nomine,
2410 1560 2794 1629 imperatorem
2826 1552 3193 1607 Andronicum
3222 1546 3554 1607 comitantis.
3574 1546 3681 1599 mis-

2147 1671 2266 1711 sum
2308 1667 2560 1724 magnum
2616 1649 2703 1722 [P.
2752 1645 2876 1718 566]
2928 1644 3260 1713 logothetam
3309 1641 3377 1695 ad
3428 1638 3677 1693 Veccum:

2146 1758 2400 1803 ca'tcrum
2455 1745 2507 1800 id
2554 1753 2725 1798 totum
2760 1754 2879 1793 esse
2931 1746 3112 1792 actum
3149 1734 3410 1790 instinctu
3461 1741 3512 1785 et
3551 1730 3680 1799 jussu

2150 1839 2515 1910 imperatoris.
2545 1836 2656 1891 Nec
2679 1834 2822 1889 enim
2856 1840 2972 1886 erat
3001 1827 3298 1884 verisimile
3330 1823 3682 1895 patriarcham,

2146 1942 2422 1989 austerum
2452 1928 2723 1984 hominem
2774 1940 2837 1980 ac
2883 1922 3076 1989 lerum,
3103 1928 3298 1985 sponte
3334 1918 3581 1973 initurum
3606 1930 3684 1968 co-

2147 2026 2466 2097 gitationem
2497 2020 2657 2076 Vccci
2718 2028 2772 2074 et
2828 2017 3101 2073 sociorum
3143 2013 3285 2082 ejus,
3321 2026 3456 2081 quos
3487 2008 3685 2077 pessime

2150 2118 2343 2173 oderat
2373 2116 2532 2170 homo
2571 2110 2849 2169 schismati
2883 2107 3315 2169 addictissimns,
3347 2098 3681 2159 sublevando-

2151 2227 2292 2265 rnm.
2325 2208 2504 2264 Unum
2549 2208 2637 2261 hic
2685 2202 2980 2275 quamdam
3012 2198 3151 2255 male
3178 2192 3506 2252 coimrentis
3534 2200 3582 2245 et
3615 2204 3688 2244 se-

2150 2317 2273 2356 cum
2324 2303 2439 2368 ipsa
2496 2295 2696 2350 collisa:
2753 2290 3083 2348 narrationis
3131 2287 3375 2357 speciem
3433 2279 3689 2342 habet,si-

2151 2396 2369 2465 quidem
2403 2391 2497 2447 illo
2526 2388 2695 2460 priori
2738 2387 2877 2450 loro,
2909 2400 2962 2453 p.
3002 2383 3125 2446 103,
3152 2381 3390 2436 afﬁrmat
3432 2374 3689 2432 historicus

2154 2501 2407 2557 magnum
2441 2483 2796 2555 logothetam,
2827 2479 2916 2548 qui
2948 2477 3012 2533 ad
3050 2475 3284 2532 Vcccum
3327 2472 3394 2527 ab
3429 2465 3689 2525 Athanasio

2154 2583 2357 2638 missus
2389 2588 2493 2643 est,
2536 2577 2771 2634 nondum
2809 2575 2972 2630 fuisse
3006 2567 3502 2643 protorestiarium,
3532 2578 3580 2630 p.
3607 2576 3689 2615 au-

2155 2685 2262 2730 tem
2300 2674 2422 2738 155,
2449 2671 2652 2727 diserte
2684 2669 2871 2724 scribit
2902 2664 3277 2723 Androuicum
3318 2661 3688 2731 imperatorem.

2155 2770 2222 2825 iis
2267 2768 2440 2822 obiter
2490 2780 2611 2821 cum
2675 2763 2852 2819 Vccco
2892 2759 3188 2817 transactis
3220 2771 3347 2826 quae
3398 2751 3548 2825 paulo
3588 2757 3690 2803 ante

2155 2861 2416 2923 diximus,
2457 2858 2808 2929 Nymphaeum
2842 2855 3150 2925 pervenisse
3185 2849 3391 2907 comite
3422 2861 3590 2902 secum
3614 2844 3690 2897 du-

2156 2967 2243 3013 cto
2277 2955 2576 3019 Muzalone,
2605 2966 2769 3020 super
2798 2950 3077 3016 antiquum
3117 2946 3382 3000 honorem
3429 2938 3591 3009 magni
3624 2935 3691 2989 lo-

2158 3051 2394 3120 gothctte
2423 3063 2560 3103 nova
2591 3042 2995 3116 protovestiarii
3028 3039 3295 3110 dignitate
3320 3036 3578 3090 decorata.
3606 3029 3690 3083 Sed

489 3144 599 3198 q"°
635 3126 762 3183 “me
814 3123 1101 3179 ίθίθτνθηθ
1154 3121 1415 3180 “ﬂemus
1450 3121 1555 3190 ipsi
1616 3119 1781 3176 fuerit
1812 3120 2054 3175 Amani"
2084 3141 2128 3203 C
2162 3119 2276 3198 haec
2311 3139 2524 3195 facilem
2560 3135 3001 3193 conciliationem
3039 3132 3266 3195 habent,
3298 3127 3344 3183 si
3378 3126 3575 3180 dicatur
3606 3129 3693 3174 sta-

488 3222 603 3276 sius
640 3259 658 3287 ,
713 3226 989 3288 postremo
1039 3213 1399 3288 profectionis
1456 3213 1616 3283 hujus
1666 3214 1721 3268 in
1775 3211 2053 3269 Orientem

491 3324 728 3383 tempus.
758 3309 1000 3366 Primum
1054 3309 1195 3379 quod
1228 3309 1444 3373 attinet,
1490 3306 1782 3378 Gregorius
1816 3306 1871 3362 in
1906 3306 2060 3362 abdi-

490 3409 709 3462 catione
740 3401 923 3459 throni
976 3401 1182 3471 scripto
1234 3416 1513 3469 expressa,
1547 3416 1664 3469 qua:
1695 3402 1955 3455 recitatur
2000 3414 2055 3471 p.

493 3498 617 3556 i30.
646 3496 723 3551 ait
751 3509 812 3551 se
845 3508 1016 3549 annos
1058 3507 1154 3548 sex
1187 3501 1241 3548 et
1293 3495 1436 3561 quod
1487 3492 1730 3548 excurrit
1767 3492 1818 3546 in
1850 3507 2065 3561 posses.

491 3593 644 3645 sione
702 3586 1109 3659 patriarchatus
1151 3584 1495 3656 perdurasse.
1542 3582 1759 3640 Creatio
1796 3584 1956 3654 huius
2005 3595 2061 3641 et

495 3680 863 3750 lnauguratio,
921 3678 1193 3748 capitibus
1237 3676 1362 3733 libri
1417 3678 1615 3748 prioris
1649 3677 1716 3732 M
1750 3685 1804 3733 et
1833 3677 1902 3733 {5
1929 3693 2061 3732 nar-

494 3785 636 3837 rata,
678 3772 925 3844 contigit,
954 3781 1014 3826 ut
1045 3771 1155 3827 illic
1182 3770 1453 3834 innititur,
1482 3769 1641 3841 paulo
1674 3780 1796 3841 post
1829 3770 2055 3842 Josephi

498 3874 726 3922 mortem
754 3903 771 3929 ,
816 3879 980 3934 quam
1034 3864 1301 3936 superiori
1346 3864 1522 3935 capite
1567 3863 2062 3920 demonstravimus

494 3955 596 4009 sub
642 3955 853 4010 initium
918 3952 1096 4009 Martii
1161 3968 1305 4009 anno
1356 3955 1559 4009 Christi
1614 3954 1754 4009 1285
1787 3957 2062 4010 evenisse.

496 4047 700 4100 Initum
751 4062 914 4118 porro
966 4061 994 4099 a
1025 4045 1288 4114 Gregorio
1314 4032 1754 4116 patriar-citatum
1789 4054 1914 4099 ante
1946 4058 2062 4100 mc-

495 4139 644 4193 tlittm
677 4139 881 4209 Aprilis
903 4179 919 4204 ,
969 4139 1114 4208 cogit
1142 4137 1437 4202 allirmare,
1487 4138 1634 4207 quod
1685 4137 1981 4193 historicus
2007 4154 2061 4207 p.

496 4234 565 4287 48
597 4242 884 4296 memorat,
929 4231 1065 4285 feria
1093 4231 1204 4299 jam
1238 4239 1351 4283 tum
1407 4231 1643 4284 secunda
1678 4228 1901 4300 majoris
1933 4231 2065 4285 beb-

495 4326 743 4381 domadte
771 4323 940 4379 fuisse
989 4322 1248 4394 Cyprium
1295 4323 1348 4376 in
1391 4322 1548 4393 plena
1594 4321 1938 4392 possessione
1967 4336 2066 4391 pa-

499 4414 807 4473 triarchalis
835 4415 998 4486 782
1020 4414 1324 4483 potestatis.
1353 4413 1474 4469 Fuit
1501 4415 1645 4469 enim
1689 4413 1780 4485 illo
1806 4416 1974 4480 anno,
2005 4422 2064 4468 ut

2163 3236 2283 3298 tim,
2339 3244 2627 3302 postquam
2680 3245 2709 3284 a
2749 3228 3065 3298 praescripta
3111 3223 3214 3279 sibi
3262 3220 3590 3293 profectione
3638 3211 3691 3265 ad

2162 3327 2396 3382 Vercum
2450 3324 2660 3379 Muzaio
2693 3322 2909 3379 rediens
2958 3319 3313 3390 imperatorio
3361 3311 3693 3372 comitatnise

2156 3424 2351 3479 iterum
2384 3421 2657 3492 adiunxit,
2685 3420 2752 3474 ab
2792 3419 3035 3488 Augusto
3074 3416 3127 3470 in
3164 3415 3284 3481 ipso
3326 3414 3531 3475 itinere,
3567 3406 3693 3478 prius

2159 3530 2321 3585 quam
2360 3513 2715 3585 Nympharum
2771 3509 3104 3581 perveniret,
3152 3504 3327 3561 fuisse
3372 3499 3686 3572 protorestia-

2160 3604 2303 3660 rium
2353 3601 2684 3658 declaratus.
2742 3598 2885 3655 Nihil
2919 3614 3049 3667 ergo
3104 3612 3285 3653 causa:
3323 3602 3407 3651 est
3458 3606 3548 3648 cur
3575 3585 3693 3644 istud

2160 3698 2532 3753 laxamentum
2570 3709 2935 3750 aerumnarum
2984 3690 3143 3745 Vecci
3188 3705 3297 3744 non
3348 3689 3413 3742 ad
3443 3684 3563 3739 illud
3594 3693 3693 3746 per-

2164 3789 2336 3845 tinere
2366 3787 2695 3842 aﬂirmemus
2729 3796 2943 3855 tempus
2974 3790 3083 3852 quo
3118 3780 3470 3837 Andronicus
3493 3792 3555 3831 ex
3586 3771 3693 3828 urbe

2161 3882 2309 3952 regia
2347 3879 2698 3952 Nymplneum
2756 3893 2815 3931 se
2845 3875 3116 3943 contulit,
3147 3883 3314 3944 prout
3366 3873 3405 3927 Ι.
3458 3885 3517 3934 tt,
3565 3881 3611 3922 c.
3641 3864 3692 3917 ικ

2163 3983 2516 4031 memoratur.
2554 3970 2957 4041 Esplorandum
3008 3980 3136 4037 ergo
3178 3965 3338 4022 nonis
3383 3977 3465 4018 est
3507 3953 3693 4030 quando

2165 4066 2453 4136 contigerit
2503 4064 2601 4118 ista
2659 4061 2943 4134 profectio.
2994 4058 3190 4113 Narrat
3232 4056 3417 4127 capite
3461 4045 3692 4121 superiori

2162 4152 2690 4216 nastcrhistoricns
2734 4164 2962 4209 mortem
3018 4148 3410 4222 expatriarchte
3457 4141 3619 4215 Cyprii
3654 4145 3697 4190 et

2163 4251 2312 4305 circa
2366 4250 2486 4320 ejus
2543 4248 2834 4318 sepultum
2887 4246 3115 4299 formam
3166 4241 3597 4313 praescriptiones
3643 4230 3696 4284 ab

2166 4343 2282 4413 ipso
2324 4342 2564 4412 Augusto
2609 4340 2673 4393 ad
2727 4337 2935 4393 funeris
2977 4336 3139 4408 783
3186 4345 3467 4390 curatores
3511 4332 3695 4384 missas.

2164 4450 2285 4505 quae
2314 4437 2451 4490 satis
2476 4433 2719 4488 indicant
2752 4448 2856 4486 non
2888 4432 3128 4485 abfuisse
3151 4439 3277 4484 tunc
3310 4429 3456 4482 illum
3483 4424 3544 4477 ab
3567 4420 3693 4483 urbe;

494 4512 673 4580 capite
704 4510 969 4577 superiori
997 4508 1356 4570 ostemlinms,
1382 4506 1589 4564 Pascha
1614 4507 1704 4563 die
1731 4507 1930 4577 Aprilis
1964 4507 2056 4573 l8;

2174 4541 2294 4581 nam
2343 4525 2386 4578 si
2413 4524 2523 4595 jam
2589 4532 2716 4577 tunc
2772 4520 3233 4591 peregrinaretur,
3296 4534 3401 4572 non
3464 4525 3564 4569 tam
3609 4509 3697 4563 cito

498 4602 640 4670 unde
666 4602 888 4671 majoris
914 4600 1263 4655 hebdomadae
1291 4598 1423 4654 feria
1449 4602 1689 4655 secunda
1731 4599 1872 4654 diem
1905 4599 2066 4666 Apri-

500 4696 566 4750 lis
606 4695 672 4751 12
720 4695 1002 4750 insederit.
1060 4694 1178 4761 Quo
1222 4693 1553 4748 anteriorem
1598 4693 2067 4763 inanguratimtem

499 4788 751 4858 Gregorii
807 4789 965 4843 fateri
1020 4802 1247 4843 necesse
1285 4787 1357 4841 sit
1392 4799 1409 4839 ξ
1447 4802 1512 4841 ex
1544 4800 1650 4857 qua
1704 4786 1751 4841 si
1805 4801 1900 4840 se:
1940 4784 2065 4839 anni

500 4881 645 4952 pleni
691 4891 749 4937 et
781 4880 981 4950 aliquid
1015 4889 1274 4949 praeterea
1307 4878 1647 4934 excurrentia
1681 4876 1942 4945 temporis
1970 4893 2071 4931 nu-

503 4984 803 5035 merentur,
837 4974 1171 5042 reperiemus
1200 4970 1318 5039 ejus
1351 4971 1750 5025 abdicationem
1785 4970 1836 5024 in
1866 4984 2067 5024 annum

501 5064 708 5121 Christi
752 5063 886 5118 528')
916 5071 1038 5132 post
1088 5062 1326 5116 medium
1371 5061 1612 5131 Aprilem
1645 5060 1879 5117 conferri
1911 5077 2072 5132 opor-

505 5166 640 5210 tere.
695 5152 969 5208 Ponamus
1009 5169 1143 5223 ergo
1175 5153 1303 5208 licet
1333 5152 1728 5208 abdicationem
1779 5152 1961 5224 Cyprii
2016 5164 2073 5208 et

505 5261 779 5302 secessum
812 5246 931 5315 ejus
959 5247 1013 5300 in
1045 5246 1432 5301 monasterium
1472 5247 1722 5302 Aristium
1753 5262 1802 5303 c.
1849 5247 1940 5312 10,
1966 5247 2002 5302 l.
2034 5264 2074 5305 tt

506 5350 808 5405 narratum,
863 5355 1048 5394 mense
1093 5339 1235 5395 Maio
1262 5349 1356 5394 aut
1410 5337 1572 5395 .lunio
1623 5342 1749 5395 anni
1783 5343 1942 5397 modo
1969 5356 2076 5396 me-

506 5432 702 5489 morati
750 5446 781 5486 a
828 5429 1051 5488 Christo
1112 5441 1241 5487 nato
1297 5432 1438 5489 1289
1485 5434 1774 5490 accidisse.
1805 5434 1941 5491 Hinc
1967 5436 2074 5490 duo

507 5533 685 5579 tresve
744 5540 956 5582 menses
1007 5525 1260 5581 ﬂtixerint
1309 5527 1361 5581 in
1391 5526 1840 5585 altercationibus
1878 5537 1933 5583 et
1957 5528 2076 5583 dis-

506 5618 894 5688 qnisitionibus
950 5633 980 5674 a
1023 5630 1213 5674 nostro
1247 5620 1509 5676 historico
1579 5619 1762 5675 relatis
1809 5635 1839 5675 a
1893 5623 2075 5690 capite

511 5713 570 5767 Η
609 5712 728 5768 libri
753 5729 790 5769 tt
821 5712 889 5770 ad
918 5713 1005 5778 15,
1037 5728 1147 5783 quo
1174 5715 1389 5769 tandem
1435 5714 1694 5769 scribitur
1722 5716 2072 5770 Athanasium

506 5803 622 5877 jam
668 5815 829 5862 antea
875 5805 1107 5862 electum
1163 5805 1525 5877 patriarcham
1553 5849 1569 5876 ,
1625 5808 1708 5863 die
1749 5807 1815 5861 Μ
1875 5808 2077 5864 mensis

2169 4614 2391 4686 perferri
2424 4615 2489 4667 ad
2513 4630 2633 4668 eum
2659 4614 2831 4667 nuntii
2866 4613 3054 4666 mortis
3104 4611 3285 4683 Cyprii
3325 4609 3623 4679 potuissent,
3650 4608 3698 4653 ut

2167 4705 2362 4776 exiguo
2389 4704 2478 4758 illo
2512 4707 2709 4773 spatio,
2747 4703 2885 4774 quod
2918 4702 2985 4756 ab
3011 4703 3159 4755 obitu
3192 4700 3260 4755 ad
3298 4702 3459 4754 funus
3482 4700 3694 4752 interest,

2167 4811 2265 4866 per
2290 4798 2508 4852 crebros
2536 4796 2763 4851 subinde
2797 4795 2991 4848 missos
3050 4803 3157 4847 tam
3209 4793 3458 4847 distincte
3513 4791 3698 4842 careret

2169 4902 2235 4943 ue
2271 4887 2466 4942 modus
2494 4888 2846 4942 excederetnr
2873 4885 3254 4954 sepulcralium
3284 4882 3478 4954 privati
3500 4873 3697 4934 hominis

2170 4980 2459 5035 honorum.
2496 4979 2626 5034 Erat
2670 4994 2799 5050 ergo
2853 4979 3335 5046 Constantinopoli,
3357 4973 3696 5031 Andronicus.

2171 5071 2390 5139 qttando
2414 5084 2659 5126 mortuus
2685 5082 2737 5126 et
2765 5072 3009 5141 sepultus
3041 5081 3122 5125 est
3155 5070 3411 5142 Cyprius;
3446 5080 3496 5123 et
3523 5067 3698 5134 primus

2174 5174 2291 5232 post
2313 5164 2473 5218 istum
2501 5163 2753 5219 notabilis
2779 5175 3009 5217 eventus
3037 5161 3201 5217 fuerit
3247 5164 3513 5217 discessus
3556 5160 3697 5220 impe-

2175 5255 2375 5309 ratoris
2406 5252 2646 5322 ejusdem
2678 5268 2743 5307 ex
2777 5254 2934 5319 urbe,
2986 5264 3269 5323 propterea
3328 5249 3561 5321 sequenti
3594 5256 3695 5299 ιιιοι

2172 5346 2350 5416 capite
2372 5362 2401 5400 ιι
2427 5345 2757 5415 Pachymere
2790 5354 3063 5399 narratus.
3098 5344 3351 5399 Cesserat
3406 5333 3697 5410 patriarchio
3732 5374 3750 5384 .

2172 5438 2585 5512 Cypriusjuxta
2609 5438 2982 5493 verisimiliter
3024 5452 3051 5488 a
3084 5437 3239 5491 nobis
3284 5437 3441 5505 paulo
3483 5428 3698 5498 superius

2176 5542 2378 5589 statuta
2430 5532 2573 5586 circa
2609 5545 2847 5584 mensem
2900 5527 3119 5583 Juninm
3164 5529 3289 5583 anni
3333 5524 3525 5581 Christi
3563 5517 3695 5574 ﬂeti.

2177 5627 2301 5682 Post
2337 5635 2446 5680 tres
2470 5635 2564 5679 aut
2594 5624 2754 5693 paulo
2795 5623 2916 5694 plus
2944 5637 3182 5689 menses,
3215 5622 3384 5691 pridie
3428 5620 3541 5672 ldus
3564 5614 3691 5666 Octo-

2177 5719 2293 5777 bris
2315 5718 2643 5772 Athanasius
2674 5718 2722 5771 in
2757 5721 3006 5770 thronum
3036 5726 3257 5770 evectus
3286 5723 3391 5767 est.
3423 5700 3696 5764 Novembri.

2185 5808 2507 5875 Deccmbri,
2568 5806 2829 5863 Januario
2906 5808 3311 5878 insequentibus
3380 5798 3698 5859 verisimilitcr
