3880 6580
213 407 296 471 su
890 386 893 391 ’
1454 389 2115 454 CHRONOLOGICUS.
3296 382 3406 449 ste

214 514 470 579 acciderit,
520 509 658 581 quod
712 507 886 577 capite
932 505 1052 561 libri
1105 505 1188 568 ll,
1245 519 1295 558 c.
1340 503 1434 569 17,
1489 502 1739 564 refertur,
1772 500 1815 556 A
1847 499 2074 568 praecise
2101 496 2259 567 spatii
2300 496 2720 552 intercesserita
2766 493 2927 550 modo
2959 503 3253 551 memorata
3314 510 3404 548 re-

215 622 378 679 nempe
412 606 656 675 Cyprium
694 600 878 670 gloriae
915 597 1131 653 avidum
1165 596 1461 657 hominem,
1508 607 1630 647 cum
1673 604 1732 644 se
1840 589 2110 643 laxatioue
2138 588 2450 645 acerbitatis
2492 588 2542 642 in
2570 586 2728 642 Vecci
2763 602 2985 641 carcere
3011 586 3078 642 ad
3110 585 3406 656 perfectam

215 715 306 756 tam
329 699 409 752 diu
441 691 812 764 neglecturuin
841 703 1055 744 secessu
1088 702 1151 741 ac
1191 685 1479 740 solitudine
1507 682 1731 743 doleret,
1842 682 1981 751 ejus,
2013 697 2133 750 qua:
2159 681 2298 736 felici
2324 683 2538 737 demum
2564 680 2712 735 obitu
2751 681 2798 733 ei
2856 680 3067 748 obtigit,
3134 680 3404 733 liberatio-

215 792 330 859 ringi
362 802 419 842 ac
458 783 646 840 confici
677 780 993 850 aegritudine
1022 778 1286 848 cmpisse;
1317 791 1383 831 ex
1432 790 1541 844 quo
1566 771 1616 826 ei
1647 781 1737 825 tae-
1841 789 1966 827 nem
2009 774 2076 827 ab
2130 776 2386 829 aerumnis
2431 774 2708 829 omnibus.
2780 772 3018 827 Primum
3073 780 3282 825 certum
3328 781 3412 827 est

213 885 288 939 dio
319 876 654 948 languor'ille
692 873 981 929 multorum
1017 873 1225 926 dierum
1273 868 1566 931 exstiterit,
1627 878 1737 934 quo

1884 870 2210 925 .ndronicum
2232 870 2607 940 imperatorem
2622 870 2901 942 Nymphtei
2919 872 3218 940 perstitisse
3236 871 3413 939 spatio

214 981 529 1038 consumptus
551 969 765 1024 demrrm
824 974 906 1020 est
948 964 1166 1018 circiter
1219 975 1482 1024 mensem,
1531 966 1593 1012 ut
1638 971 1740 1024 ap-

1884 964 1967 1019 IIIS
1988 979 2191 1018 annuo.
2220 963 2405 1018 Refert
2434 965 2577 1018 enim
2611 978 2817 1029 noSIer,
2852 981 2905 1034 p.
2939 965 3063 1026 151,
3098 952 3266 1019 fuisse
3288 980 3411 1017 cum

214 1076 363 1136 paret,
389 1061 650 1115 Martium.
684 1057 852 1126 Aprili
892 1071 1018 1111 mox
1057 1055 1392 1122 insequente,
1426 1058 1548 1119 apta
1578 1045 1741 1116 regiis
1848 1054 1958 1109 illic
1991 1054 2392 1108 undetricesimo
2426 1058 2617 1109 mensis
2646 1054 2798 1110 Junii
2848 1057 2932 1109 die
2973 1073 3073 1124 quo
3109 1067 3415 1109 sanctorum

214 1153 612 1223 expeditionibus
670 1156 1012 1221 tempestate,
1070 1146 1415 1199 Andronicus
1465 1140 1742 1207 Augustus

1888 1147 2217 1216 postolorum
2263 1149 2457 1219 (Petri
2497 1164 2690 1219 nempe
2726 1160 2780 1205 et
2808 1149 2957 1203 Pauli
2987 1148 3005 1220 )
3047 1149 3239 1218 festum
3282 1150 3419 1203 cele-

214 1264 265 1303 ex
293 1249 408 1301 urbe
441 1259 680 1304 movens,
718 1255 945 1295 amrenae
973 1254 1038 1293 ac
1069 1235 1452 1292 circumductae
1498 1229 1743 1302 peregri-

1886 1251 2056 1303 ratur,
2091 1240 2257 1293 altera
2297 1252 2538 1293 currente
2591 1258 2729 1295 anno
2762 1258 2826 1295 ea:
2856 1257 2956 1311 quo
3012 1242 3300 1309 imperator
3329 1257 3420 1294 ca-

217 1340 421 1393 natiouis
449 1344 619 1389 metas
649 1332 928 1404 Nymphaei
965 1330 1201 1398 denique
1229 1326 1496 1389 delixerit,
1531 1337 1595 1377 eo
1619 1335 1748 1391 vper-

213 1431 408 1485 veniens
427 1429 525 1481 sub
559 1441 798 1480 mensem
842 1424 1084 1478 Junium.
1138 1421 1292 1477 Circa
1322 1418 1523 1472 Maium
1584 1414 1750 1484 igitur

215 1522 323 1575 anni
348 1519 544 1574 Christi
604 1517 742 1572 1290
804 1517 983 1570 laxata
1038 1512 1283 1569 custodia
1339 1511 1510 1564 Vecco
1560 1504 1747 1568 fuerit,

215 1624 465 1681 postquam
493 1611 752 1679 egestatis
791 1623 911 1663 cum
948 1606 1270 1676 captivitate
1293 1603 1495 1671 juncta
1545 1598 1754 1651 incom-

217 1701 346 1753 moda
376 1699 652 1752 tolerasset
693 1699 848 1751 anuis
903 1711 999 1751 sex
1034 1695 1281 1764 integris,
1325 1707 1357 1746 a
1383 1702 1565 1744 mense
1605 1686 1755 1738 vide-

216 1790 321 1844 licet
347 1789 479 1843 Maio
512 1799 603 1841 aut
630 1786 792 1841 Junio
820 1788 943 1841 anni
970 1785 1170 1842 Christi
1217 1783 1355 1839 1284
1402 1784 1557 1853 juxta
1603 1777 1753 1847 prius

216 1870 405 1933 deﬁnita
448 1894 501 1933 n.
534 1878 568 1932 5
602 1878 765 1946 hujus
787 1877 1003 1944 capitis.
1404 1848 1419 1853 ⁷
1792 1848 1839 1905 Β

276 1970 376 2024 VII.
397 1970 523 2023 “Hac
553 1971 745 2022 eadem
777 1970 828 2021 in
857 1968 1174 2024 Orientales
1212 1976 1421 2021 tractus
1444 1965 1763 2037 peregrina-

218 2062 343 2115 tione
364 2061 657 2115 Andronici
696 2060 988 2129 contigisse
1034 2070 1294 2130 przeterea
1323 2058 1561 2127 oportuit
1584 2071 1768 2112 acces-

217 2166 320 2207 sum
356 2151 467 2220 ejus
502 2150 832 2219 Dacibyzam
859 2192 874 2215 ,
907 2149 993 2203 ubi
1053 2152 1153 2204 sub
1197 2149 1441 2205 custodia
1486 2149 1771 2203 tenebatur

217 2242 449 2307 Joannes,
471 2242 745 2296 Theodori
769 2240 1018 2295 Lascaris
1038 2241 1202 2302 filius.
1223 2256 1384 2310 quem
1418 2241 1645 2295 Michael
1660 2240 1770 2293 An-

219 2336 398 2390 dronici
430 2345 584 2404 pater
617 2335 840 2388 immani
869 2332 1061 2387 fraude
1087 2332 1565 2402 circumscriptum
1607 2333 1775 2397 impe-

225 2428 294 2482 rio
314 2428 504 2496 dejecit
531 2426 585 2481 et
605 2427 921 2481 excaecavit.
945 2424 1058 2479 Huc
1078 2424 1376 2495 proiectum
1402 2424 1772 2478 Andronicum

219 2530 384 2574 narrat
436 2519 828 2590 Par-hyrneres,
865 2518 903 2571 l.
937 2533 976 2583 t,
1011 2533 1063 2572 c.
1093 2517 1185 2580 56,
1226 2516 1452 2585 petiisse
1501 2532 1528 2569 a
1558 2508 1798 2571 Joanne'

220 2628 343 2668 caeco
373 2615 584 2667 veniam
622 2612 832 2679 injuria:
870 2612 971 2679 ipsi
995 2626 1023 2664 a
1053 2609 1327 2665 Michaele
1356 2621 1508 2678 patre
1538 2622 1637 2663 suo
1661 2606 1778 2660 illa-

221 2714 295 2770 ne,
323 2713 371 2759 et
408 2704 594 2758 multis
646 2703 1037 2757 benevolentiae
1067 2700 1557 2769 signiﬁcationibus
1587 2714 1648 2753 ac
1678 2700 1776 2752 do-

221 2797 295 2851 nis
328 2796 657 2851 eblanditnm
686 2797 754 2850 ab
778 2810 843 2850 eo
879 2794 1045 2849 fuisse
1078 2793 1378 2847 cessionem
1406 2791 1543 2859 juris
1578 2790 1644 2842 ad
1674 2789 1778 2841 int-

222 2889 410 2956 periunr
437 2888 539 2943 sui.
583 2887 771 2952 Ratio,
798 2902 917 2952 quae
952 2886 1099 2955 cogit
1126 2885 1308 2938 dicere
1337 2892 1466 2937 tunc
1496 2880 1546 2935 id
1572 2888 1775 2941 actum,

221 2981 321 3036 haec
339 2992 437 3035 est.
467 2979 671 3034 Noster
699 2980 789 3033 illo
817 2978 997 3047 capite
1024 2979 1230 3032 diserte
1266 2975 1464 3030 asserit
1501 2983 1622 3041 post
1651 2986 1780 3027 con—

225 3084 425 3126 ventum
456 3075 523 3127 ah
554 3070 872 3125 Andronico
920 3068 1185 3123 Joannem
1225 3067 1448 3121 missum
1502 3066 1670 3119 fuisse
1713 3068 1780 3117 ab

1853 1339 1966 1383 slra
1996 1329 2107 1383 illic
2147 1330 2369 1385 habebat
2412 1348 2430 1385 :
2461 1331 2705 1393 Διετείας
2751 1332 3056 1402 τρεχούσης
3096 1333 3427 1401 ἐστρατοπε-

1853 1417 2097 1489 δευμένῳ
2126 1419 2205 1488 τῷ
2240 1420 2470 1490 βασιλεῖ.
2522 1421 2658 1474 Cum
2712 1436 2842 1489 ergo
2889 1436 3112 1476 numero
3159 1422 3427 1489 superiori

1856 1511 2221 1565 verisintiliter
2290 1512 2642 1566 statuerimus
2704 1512 3075 1566 Andronicum
3130 1514 3428 1579 Angustum

1856 1604 2174 1672 pervenisse
2225 1603 2577 1676 Nymphaeum
2636 1606 2789 1660 circa
2830 1605 3044 1659 initium
3098 1603 3240 1659 Junii
3289 1620 3430 1659 anno

1859 1692 2061 1749 Christi
2130 1694 2307 1759 1290,
2360 1696 2503 1765 quod
2555 1695 2645 1750 illo
2704 1710 2754 1750 c.
2813 1696 2846 1749 9
2903 1695 3260 1766 Pacbymeres
3320 1711 3424 1750 me-

1865 1794 2040 1841 morat
2060 1787 2336 1843 dissidium
2361 1788 2668 1859 principum
2698 1801 3066 1843 matronarum
3092 1776 3430 1841 contractum

1868 1880 2155 1935 occasione
2185 1880 2471 1950 panegyris
2505 1880 2904 1950 apostoldrum,
2936 1881 3225 1948 contigerit
3254 1878 3323 1934 29
3349 1878 3438 1933 die

1868 1972 2013 2028 Junii
2053 1973 2180 2026 anni
2209 1971 2409 2026 Christi
2439 1971 2599 2036 1291,
2631 1972 2849 2040 quando
2892 1972 3004 2040 jam
3049 1986 3250 2025 annum
3303 1971 3441 2024 alte-

1871 2079 1988 2117 rum
2023 2079 2134 2119 suae
2172 2065 2311 2131 apud
2341 2061 2692 2133 Nymphaeum
2746 2062 3190 2117 commorationis
3230 2061 3442 2115 Andro-

1872 2156 2025 2210 nicus
2082 2156 2453 2210 inchoaverat.
2523 2155 2749 2210 Reditus
2800 2155 2917 2223 ejus
2959 2154 3082 2208 inde
3139 2154 3190 2207 in
3251 2152 3439 2207 urbem

1872 2255 2092 2302 notatur
2127 2263 2179 2317 p.
2211 2246 2335 2311 165,
2377 2257 2431 2301 et
2460 2248 2764 2316 assignatur
2815 2246 2917 2300 diei
2975 2245 3444 2301 duodetricesimm

1873 2337 2041 2400 Junii,
2080 2339 2205 2392 anni
2251 2338 2505 2392 videlicet
2535 2340 2717 2392 statim
2765 2336 3046 2405 sequentis
3087 2353 3207 2391 terte
3239 2337 3446 2392 Christi

1876 2430 2115 2499 vulgaris
2145 2430 2302 2494 1293,
2343 2444 2464 2484 cum
2505 2427 2618 2497 jam
2672 2438 2919 2497 reparata
2970 2429 3199 2483 fuissent
3247 2429 3444 2484 damna

1878 2522 2155 2587 incendii,
2209 2536 2315 2589 quo
2364 2520 2582 2574 biennio
2630 2528 2754 2573 ante
2809 2520 3198 2573 abdicationem
3278 2521 3449 2575 Atlta-

1878 2612 2035 2676 nasii,
2082 2622 2136 2665 ttt
2172 2613 2370 2667 diserte
2405 2612 2635 2667 traditur
2689 2611 2900 2680 p.178,
2954 2612 3147 2665 Forum
3190 2626 3447 2683 magnum

1878 2702 2325 2768 conlIagraverat.

1953 2792 2047 2848 IX.
2104 2793 2476 2848 Abdicatiouis
2533 2807 2694 2862 porro
2728 2795 2886 2859 modo
2936 2804 3248 2849 memoratae
3278 2795 3450 2850 Atha-

1880 2885 2018 2938 nasii
2051 2893 2260 2953 tempus
2303 2885 2438 2939 satis
2481 2884 2686 2939 diserte
2742 2882 3111 2955 Pachymeres
3170 2886 3446 2954 exprimit,

1880 2977 2007 3031 dum
2040 2992 2091 3045 ῃ.
2128 2977 2230 3030 177
2279 2977 2466 3031 scribit
2495 2979 2666 3045 ipsum
2698 2988 2881 3031 exacte
2931 2979 3338 3047 quadriennium
3387 2981 3442 3034 iu

1880 3069 2238 3135 patriam/ratu
2266 3069 2572 3138 explevisse,
2620 3072 2692 3123 ita
2750 3080 2805 3123 ut
2837 3071 2957 3123 initi
2999 3070 3269 3141 relictique
3310 3074 3455 3141 regit
3542 3096 3555 3109 ~

223 3165 499 3220 Athanasio
534 3165 650 3234 jam
692 3162 1000 3232 patriarcha
1044 3160 1514 3229 protovestiarium
1561 3158 1626 3211 ad
1646 3155 1782 3212 Vec—
1808 3190 1850 3245 ο
1886 3165 2041 3217 minis
2099 3161 2348 3218 Ecclesiae
2392 3164 2629 3219 eamdem
2682 3164 2881 3235 {erme‘
2902 3169 3251 3220 numeraverit
3313 3168 3451 3221 diem

224 3270 359 3320 cum;
380 3258 519 3325 quod
557 3256 701 3309 idem
729 3254 854 3307 alibi
881 3253 1079 3307 factum
1099 3252 1333 3305 atlirtnat
1362 3265 1426 3305 eo
1455 3249 1648 3303 itinere
1674 3262 1780 3317 quo

225 3346 551 3418 Nymphaeum
606 3361 667 3400 se
713 3347 983 3413 denique,
1021 3344 1131 3399 illic
1174 3346 1263 3398 diu
1329 3350 1779 3403 commoraturus.

228 3440 506 3508 imperator
535 3439 796 3495 corrtnlit.
818 3439 985 3507 Igitur
1015 3448 1068 3493 et
1093 3438 1207 3491 haec
1227 3438 1414 3491 eadem
1451 3437 1532 3489 via
1556 3450 1652 3500 per
1680 3435 1780 3487 Da-

226 3533 446 3603 cibyzam
472 3530 790 3585 Andronico
811 3530 972 3584 ducta
998 3539 1099 3584 est.
1123 3528 1237 3582 Non
1269 3529 1412 3582 enim
1440 3527 1526 3582 bis
1556 3527 1784 3595 patriar-

226 3623 313 3677 cha
332 3624 662 3679 Athanasius
688 3623 1161 3693 protovestiarinm
1182 3619 1265 3693 [Ρ.
1288 3618 1425 3691 567]
1457 3620 1522 3673 ad
1549 3619 1779 3672 Veccum

226 3716 376 3769 misit.
410 3714 576 3769 Recte
611 3716 795 3783 itaque
821 3714 1075 3768 admonet
1112 3713 1214 3767 sub
1253 3711 1412 3765 linem
1459 3708 1652 3778 capitis
1698 3709 1783 3761 lti-

226 3808 440 3860 storicus
464 3808 580 3861 haec
602 3820 661 3860 se
686 3807 739 3858 in
769 3815 1108 3859 antecessum
1136 3804 1238 3859 hoc
1262 3804 1377 3857 loco
1407 3818 1473 3855 ex
1504 3802 1667 3855 rnnlto
1690 3816 1784 3871 p0-

224 3898 417 3952 steriori
457 3897 720 3952 memoria
759 3896 1086 3964 prrelibasse.
1134 3897 1281 3948 Dicet
1320 3894 1518 3963 aliquis
1552 3912 1566 3947 :
1603 3892 1783 3957 Quare

223 3983 371 4049 igitur
394 3987 768 4052 Pachymeres
790 3983 905 4052 ipso
939 3982 1094 4036 initio
1124 3982 1285 4035 istius
1315 3980 1534 4048 capitis,
1570 3996 1624 4049 p.
1658 3979 1780 4043 I05,

224 4075 592 4146 sicloquitur:
632 4073 735 4128 Sed
764 4091 842 4127 me
873 4074 1205 4141 prwterierat
1248 4072 1387 4141 quod
1434 4072 1593 4141 paulo
1633 4073 1783 4138 prius

227 4170 452 4237 contigit,
487 4172 862 4235 imperatorem
888 4168 1127 4219 videlicet
1164 4181 1227 4219 ex
1262 4166 1389 4218 urbe
1424 4183 1479 4219 se
1505 4164 1785 4218 contulisse

227 4260 535 4330 Dacibyzam
560 4262 583 4313 ?
610 4269 714 4313 etc.
753 4259 919 4329 784
938 4259 1255 4327 Respondet)
1284 4275 1295 4310 :
1328 4255 1445 4311 Non
1491 4257 1604 4310 haec
1648 4255 1788 4310 rele-

229 4352 376 4406 renda
407 4360 539 4405 sunt
571 4350 637 4403 ad
696 4350 1020 4416 colloquium
1081 4348 1239 4403 Vecci
1289 4364 1411 4402 cum
1475 4347 1783 4416 patriarcha

228 4439 470 4512 Gregorio
502 4440 918 4504 habitum,toto
966 4439 1286 4508 praecedenti
1345 4440 1524 4507 capite
1570 4439 1639 4492 35
1694 4439 1788 4492 de-

1885 3263 2086 3308 seattam
2120 3255 2378 3309 decimam
2416 3254 2677 3310 Octobris.
2738 3256 2997 3311 Allnrlunt
3037 3257 3152 3311 haec
3207 3258 3270 3312 ad
3306 3259 3421 3328 prin

1885 3347 2086 3416 scripta
2127 3363 2182 3417 p.
2220 3346 2342 3412 146,
2381 3348 2469 3401 ubi
2498 3346 2696 3401 dicitur
2720 3358 2966 3417 quartam
2997 3348 3256 3403 decimam
3289 3349 3439 3405 Oclo~

1884 3436 1997 3491 bris
2054 3438 2196 3492 diem
2265 3439 2494 3506 primam
2543 3438 2837 3492 Athanasio
2884 3439 3283 3507 patriarclratus
3328 3440 3443 3493 initi

1883 3530 2071 3585 fuisse.
2112 3529 2355 3585 Pertinet
2403 3531 2528 3597 hoc,
2584 3540 2644 3584 ut
2690 3530 2800 3584 dixi
2850 3546 3001 3584 utrm.
3041 3530 3097 3593 5,
3138 3532 3203 3584 ad
3254 3544 3448 3586 annum

1884 3624 2086 3680 Christi
2141 3623 2301 3688 1289,
2360 3639 2428 3678 ex
2470 3637 2580 3693 quo
2624 3623 2748 3676 anni
2799 3632 3071 3678 vertentes
3121 3632 3353 3692 quatuor
3401 3624 3456 3681 in

1885 3716 2031 3771 diem
2082 3716 2149 3770 14
2203 3715 2399 3769 Octob.
2456 3714 2585 3769 anni
2628 3714 2765 3768 I293
2819 3714 3046 3768 desiere.
3126 3714 3298 3769 Biduo
3337 3723 3461 3784 post

1890 3808 2081 3861 throno
2112 3807 2278 3861 cessit
2306 3806 2663 3869 Athanasius,
2710 3815 2862 3874 gesta
2897 3806 3248 3876 patriarchali
3276 3807 3458 3877 digni-

1889 3909 1996 3955 tate
2037 3899 2193 3953 annis
2239 3899 2462 3953 omnino
2521 3907 2752 3967 quatuor
2806 3907 2855 3952 et
2933 3899 3139 3953 duobus
3197 3908 3458 3967 praeterea

1885 3991 2096 4046 diebus.
2136 3988 2444 4043 incendium
2473 4002 2600 4056 ergo
2634 3989 2812 4057 magni
2838 3987 2962 4042 Fori
2998 3977 3141 4041 anno
3183 3989 3315 4044 1291
3350 3991 3457 4043 sub

1888 4084 2122 4137 medium
2172 4082 2528 4137 Novembrent
2577 4082 2794 4147 evenit,
2853 4080 3010 4148 cujus
3063 4083 3229 4135 ruinae
3280 4066 3457 4152 spatio

1889 4174 2155 4227 mensium
2179 4174 2290 4228 lere
2316 4171 2481 4243 785
2511 4183 2637 4227 octo
2665 4171 2802 4227 adeo
2825 4182 3043 4229 strenue
3077 4189 3103 4226 δ
3134 4173 3341 4227 civibus
3379 4188 3461 4227 re-

1891 4276 2095 4333 paratae
2145 4274 2290 4328 sunt,
2342 4274 2400 4318 ttt
2456 4264 2671 4318 rediens
2727 4264 2779 4317 in
2825 4263 3010 4317 urbem
3045 4266 3340 4333 imperator
3364 4278 3461 4317 ex-

1889 4362 2061 4406 tremo
2086 4351 2246 4406 Junio
2269 4352 2396 4405 anui
2422 4351 2564 4406 I292
2588 4352 2980 4421 gratularetur,
3006 4352 3146 4419 quod
3169 4350 3463 4404 historicus

1889 4443 1964 4496 ait
2000 4458 2053 4511 p.
2089 4441 2213 4505 I80,
2238 4444 2350 4496 solo
2403 4442 2504 4495 sibi
2549 4443 2761 4495 aurium
2834 4442 3031 4496 indicio
3086 4454 3320 4496 constare
3368 4458 3463 4496 no-

228 4538 494 4601 scr’tptum,
533 4532 630 4585 sed
660 4531 727 4583 ad
757 4530 931 4583 obiter
989 4538 1250 4583 attentam
1278 4547 1287 4553 '
1316 4529 1382 4584 ad
1410 4529 1610 4582 calcem
1642 4529 1787 4582 illius
1813 4525 1867 4585 D
1895 4534 2071 4587 titiam
2101 4533 2353 4596 incendii,
2389 4533 2535 4586 nullo
2561 4534 2678 4603 jam
2701 4533 2862 4586 oculis
2887 4534 3164 4600 superstite
3194 4535 3277 4587 sui
3305 4536 3465 4589 vesti-

229 4625 406 4692 capitis
441 4623 777 4678 mentionem
836 4622 1032 4676 laxata
1086 4623 1257 4677 multo
1305 4623 1578 4690 posterius
1625 4620 1783 4675 Vecci

231 4718 499 4780 custodiae,
535 4718 587 4769 in
621 4731 781 4784 quam
821 4723 940 4783 post
988 4714 1039 4767 id
1070 4715 1399 4782 colloquium
1460 4722 1545 4768 est
1599 4713 1787 4781 conje-

231 4815 359 4861 ctus.
390 4806 444 4860 Id
480 4820 611 4875 ergo
655 4812 866 4857 tanturn
896 4784 986 4856 illa
1036 4803 1235 4872 capitis
1285 4801 1353 4855 36
1402 4803 1573 4871 prima
1624 4800 1786 4855 verba

231 4900 544 4969 signiﬁcant,
578 4886 742 4969 paulo
778 4904 1088 4964 antequam
1150 4897 1203 4948 in
1257 4894 1455 4963 smpius
1491 4902 1787 4948 memorata

233 4990 560 5060 imperatoris
608 4988 905 5043 Andronici
981 4987 1317 5056 profectione
1373 4987 1427 5039 in
1483 4984 1787 5051 Orientem,

234 5088 321 5148 per‘
349 5088 570 5138 missum
602 5084 655 5136 in
689 5097 869 5136 arcem
903 5081 961 5135 S.
992 5081 1242 5150 Gregorii
1294 5081 1787 5147 protovestiarium,

236 5168 501 5228 Veccnsin
546 5173 705 5243 paulo
760 5173 1173 5226 tolerabiliorem
1200 5172 1559 5225 conditionem
1610 5183 1789 5225 trans-

235 5261 475 5327 ferretur,
534 5266 736 5319 aditum
775 5264 1056 5332 Dacibyzzn
1086 5264 1153 5316 ab
1191 5262 1502 5317 Andronico
1526 5260 1787 5316 Joannem

234 5350 484 5408 Theodori
514 5354 765 5409 Lascaris
797 5354 1019 5422 Augusti
1049 5354 1237 5409 lilium.

300 5444 435 5498 VIII.
474 5444 616 5498 Mors
646 5444 771 5497 inde
798 5444 961 5499 Vccci
992 5454 1247 5497 narratur
1286 5460 1339 5513 p.
1376 5444 1506 5510 9.70,
1549 5458 1641 5496 seu
1683 5457 1791 5512 quo

237 5549 368 5591 anno
397 5538 687 5607 contigerit
719 5536 1131 5605 disquirendom
1165 5538 1321 5592 nobis
1359 5538 1649 5591 historicus
1709 5549 1792 5588 re-

239 5624 442 5697 linquit.
468 5629 827 5700 Experiamur
858 5646 990 5700 ergo
1031 5629 1250 5699 ecquid,
1296 5632 1585 5701 seqttennis
1627 5630 1792 5684 vesti-

239 5721 334 5788 giis
360 5737 534 5776 rerum
564 5724 746 5778 abillo
786 5725 926 5778 serie
972 5724 1250 5787 continua,
1284 5738 1386 5791 qua
1444 5732 1606 5791 gestia
1644 5730 1787 5787 sunt,

239 5821 590 5875 uarratarum,
619 5813 892 5881 possimus
921 5823 1072 5867 certo
1099 5811 1502 5879 deprehendere
1531 5822 1788 5880 quantum

542 5909 813 5970 Paruon.
857 5910 973 5974 Cn.
1007 5910 1271 5973 CXLIV.

1851 4649 1858 4655 -
1896 4625 1981 4694 gio
2027 4624 2283 4678 sensibili.
2320 4623 2402 4677 Ab
2428 4625 2532 4677 hoc
2584 4624 2703 4678 loco
2740 4638 2856 4691 quae
2890 4633 3181 4676 narrantur
3208 4638 3236 4676 a
3280 4634 3465 4678 nostro

1897 4716 2158 4771 historico
2188 4716 2329 4770 serie
2367 4716 2651 4779 continua,
2693 4729 2782 4768 res
2817 4723 2974 4783 prout
3003 4726 3232 4767 evenere
3282 4711 3467 4768 decla-

1896 4818 2070 4872 rante,
2102 4823 2272 4877 usque
2303 4807 2371 4861 ad
2403 4822 2451 4861 c.
2489 4806 2583 4870 29,
2609 4807 2648 4860 1.
2673 4806 2761 4867 III,
2793 4806 3036 4874 quinque
3064 4805 3175 4859 fere
3203 4820 3467 4860 annorum

1896 4900 2117 4968 explent
2196 4900 2450 4969 spatium.
2519 4896 2676 4953 Unde
2725 4896 2866 4964 quod
2928 4896 3183 4951 scribitur
3236 4913 3289 4965 p.
3336 4897 3468 4964 270,

1898 5001 2165 5045 morturtm
2190 5005 2312 5045 esse
2343 4989 2574 5045 Veccum
2608 4989 2711 5044 sub
2737 4991 2894 5042 linem
2927 4989 3130 5056 Martii,
3169 4992 3234 5043 ad
3268 4981 3471 5045 annum

1896 5082 2014 5135 sine
2036 5082 2198 5136 dubio
2223 5082 2456 5150 pertinet
2482 5080 2687 5135 Christi
2724 5080 2885 5136 H98.
2945 5081 3084 5137 Octo
3117 5083 3282 5152 igitur
3311 5083 3472 5138 annis

1899 5180 2018 5242 post
2044 5173 2278 5226 laxatam
2311 5172 2703 5241 aliquantulum
2731 5173 3058 5237 custodiam,
3100 5184 3349 5241 perstans
3389 5174 3476 5228 ni-

1899 5265 2192 5319 hilominus
2215 5263 2454 5318 Joannes
2488 5262 2695 5318 Veccus
2722 5265 2775 5318 in
2806 5280 3051 5330 carcere,
3082 5267 3342 5335 quoniam
3369 5267 3472 5320 im-

1901 5356 2138 5423 peratori
2182 5355 2433 5409 assentiri
2466 5355 2530 5408 ad
2556 5354 2794 5410 srhisnta
2834 5357 3107 5409 revocanti
3143 5356 3473 5411 constantis-

1897 5449 2035 5503 sime
2060 5460 2276 5515 semper
2305 5446 2499 5509 renuit,
2552 5447 2617 5498 ad
2653 5462 2898 5515 suorum,
2949 5460 3007 5504 ut
3051 5463 3272 5520 sperare
3322 5449 3471 5513 licet,

1898 5538 2120 5606 praemia
2158 5535 2403 5590 laborum
2440 5551 2468 5588 a
2508 5535 2619 5590 Deo
2665 5548 2886 5594 vocatus
2928 5540 2980 5593 in
3033 5542 3229 5595 rtelum
3265 5549 3369 5593 est.
3402 5539 3477 5592 At.

1900 5628 2278 5692 Meltteniotes,
2310 5627 2448 5681 alter
2469 5628 2584 5697 ejus
2612 5629 2908 5692 sociornrn,
2968 5644 3072 5683 non
3106 5629 3257 5697 prius
3309 5642 3471 5695 quam

1900 5730 2021 5791 post
2050 5721 2237 5774 decem
2303 5718 2550 5774 evolutos
2600 5719 2723 5774 inde
2775 5735 2967 5783 annos,
3022 5718 3295 5791 [I‘.568]
3358 5720 3477 5787 pari

1898 5812 2061 5867 laude
2092 5810 2739 5866 commendatnsinvictaz
2795 5811 2848 5865 in
2895 5811 2999 5865 fide
3044 5812 3281 5865 Romana
3336 5824 3476 5865 cou-

2961 5910 3032 5970 27
