3880 6538
400 356 510 424 843

401 475 640 537 stantia,
691 464 948 525 decessit.
1008 457 1245 525 Tempus
1278 451 1356 507 sic
1396 444 1654 518 exprimit
1693 440 1989 510 Pachyme-
2018 443 2061 498 Α

404 530 510 632 res,
544 581 599 635 p.
626 530 763 623 C56,
792 556 979 625 Μηνὸς
1030 543 1447 619 Βοηδρομιῶνος
1476 538 1620 593 κατὰ
1646 534 1745 605 τὴν
1784 530 1979 600 καινὴν

403 656 718 731 Κυριακήν,
760 649 941 705 Mense
966 642 1135 711 Aprili
1192 639 1336 693 circa
1385 647 1569 687 novam
1625 624 1979 682 Dominicam.

406 755 554 808 Inter
587 743 900 802 Doniinicas
926 738 1237 793 Graecorum
1278 727 1477 783 nullam
1535 723 1589 776 in
1644 721 1837 774 horum
1894 727 1987 768 ec-

409 840 728 901 clesiasticis
780 834 935 889 libris
991 825 1204 898 reperio
1287 836 1410 893 quae
1476 814 1697 886 proprio
1768 807 1987 864 nomine

410 935 573 1003 καινή
638 945 770 985 nova
800 934 1042 979 vocetur.
1073 919 1211 975 Puto
1244 914 1326 969 sic
1359 911 1558 966 dictam
1600 921 1628 959 a
1657 901 1988 972 Pachymere

416 992 748 1082 Ποιιιίἰιίειιιιι
798 1015 1157 1075 Paschalem,
1224 1004 1378 1073 cujus
1420 1000 1718 1056 hebdonias
1772 992 1989 1045 διακαι-

413 1124 643 1191 νήσιμος
677 1115 783 1170 illis
812 1110 1051 1172 dicitur;
1100 1104 1181 1157 sic
1217 1100 1361 1155 enim
1402 1091 1570 1162 aliqui
1604 1101 1788 1142 vocem
1841 1081 1989 1137 illam

416 1213 684 1270 scribunt.
714 1204 840 1262 Fuit
870 1203 959 1257 ille
991 1210 1194 1259 annus,
1219 1203 1276 1247 ut
1306 1206 1369 1244 ex
1398 1186 1542 1244 serie
1569 1193 1753 1235 rerum
1779 1177 1832 1230 in
1869 1188 1993 1244 syn-

580 1306 893 1357 deinonstro
914 1335 929 1359 ,
991 1288 1196 1347 Christi
1234 1283 1394 1346 1508,
1424 1294 1530 1349 quo
1554 1274 1761 1331 Pascha
1801 1264 1994 1324 incidit

418 1356 844 1462 inritApriiis.
887 1356 1047 1442 Circa
1098 1381 1248 1436 illum
1294 1388 1425 1444 ergo
1445 1370 1589 1426 diem
1640 1361 1837 1421 obierit
1885 1356 1995 1413 Me-

419 1488 715 1547 liteniotes.

1023 1604 1249 1666 CAPUT
1286 1601 1379 1657 Ill.

422 1761 693 1889 .Deﬁnitur
739 1764 940 1822 tempus
983 1741 1261 1802 evectionis
1295 1736 1364 1791 ad
1416 1729 1694 1801 imperium
1728 1720 2003 1781 Michaelis

553 1826 795 1889 alarologi
845 1815 1134 1889 Andronici
1160 1809 1279 1889 ﬁiii,
1324 1822 1414 1886 nec
1447 1818 1550 1856 non
1584 1799 1744 1869 hujus
1774 1790 2003 1862 coniugii

1259 337 1319 398 P.
1345 328 1649 396 POSSINI
1678 314 2327 388 OBSERVATIONUM
2382 311 2528 373 LIB.
2572 307 2689 367 ΙΙΙ.

3555 285 3650 349 811

2092 432 2232 497 Ergo
2264 439 2327 484 ut
2357 422 2716 481 duodecimus
2739 412 3017 472 Michaelis
3033 403 3340 465 Andronici
3367 399 3650 457 vicesimus

2087 527 2279 581 tertius
2326 521 2418 584 sit,
2452 509 2824 586 promovenda
2873 501 3185 559 necessario
3228 505 3317 552 est
3364 493 3421 548 in
3464 506 3649 544 annum

2086 613 2507 687 praicedentem,
2529 602 2735 658 Christi
2767 596 2923 659 1993,
2952 587 3251 648 Andronici
3289 579 3649 640 undecimum,

2086 674 2291 776 epocha
2356 698 2696 773 principatus
2753 685 3062 773 Michaelis;
3114 690 3169 734 et
3208 674 3496 732 fatendum
3539 678 3654 722 ante

2088 797 2498 853 coronationem
2556 768 2878 846 solemnem,
2916 793 3037 847 quae
3093 787 3235 828 anno
3274 764 3480 824 Christi
3528 759 3651 816 1291

2091 890 2365 946 celebrata
2399 893 2517 947 est.
2546 881 2658 951 jam
2709 877 2859 930 illum
2888 887 2917 925 a
2953 876 3107 939 patre
3148 862 3385 917 ascitum
3411 854 3574 909 fuisse
3605 852 3654 905 in

2092 978 2429 1033 consortium
2468 949 2726 1041 Augustae
2762 960 3070 1037 potestatis.
3124 953 3234 1009 Nec
3275 949 3410 1004 illud
3452 958 3655 1015 prorsus

2091 1071 2457 1143 Pachymeres
2488 1035 2659 1118 tacuit
2692 1076 2706 1114 :
2744 1035 2868 1113 nam
2916 1054 2968 1107 in
3011 1048 3168 1107 titulo
3211 1061 3263 1099 c.
3299 1041 3357 1102 4.
3398 1039 3434 1091 1.
3465 1053 3542 1099 ιιι,
3566 1035 3653 1088 Mi-

2095 1163 2337 1219 chaelem
2366 1141 2479 1228 jam
2528 1167 2639 1210 tum
2673 1152 2978 1218 Augustum
3013 1141 3299 1197 Juniorem
3340 1141 3516 1194 vocat,
3547 1142 3656 1180 cum

2097 1256 2165 1311 de
2213 1254 2331 1321 ejus
2377 1245 2731 1305 matrimonio
2766 1246 3097 1294 tractaretur
3135 1231 3301 1299 longe
3349 1232 3477 1276 ante
3508 1219 3659 1271 addw

2099 1358 2243 1402 ctam
2293 1361 2357 1398 ex
2413 1340 2667 1398 Armenia
2716 1332 2966 1395 Mariam,
3022 1338 3184 1395 quam
3242 1316 3443 1373 deinde
3499 1310 3657 1363 duxit.

2099 1439 2372 1497 Credibile
2416 1436 2581 1509 igitur
2609 1439 2693 1486 est
2736 1427 2845 1496 iam
2891 1440 2921 1478 a
2980 1414 3256 1489 principio
3308 1407 3440 1465 anni
3475 1401 3663 1460 Christi

2105 1538 2245 1594 1295
2269 1502 2584 1589 Michaelem
2610 1526 2678 1582 ab
2696 1521 3003 1579 Andronico
3030 1523 3187 1588 patre
3214 1511 3389 1566 fuisse
3416 1502 3659 1571 collegam

2107 1637 2469 1696 assumptum.

2181 1721 2270 1778 Ill.
2307 1721 2372 1775 Et
2424 1718 2483 1772 ﬁt
2537 1712 2670 1771 illud
2704 1724 2835 1766 sane
2883 1701 3182 1760 verisimile
3210 1713 3280 1753 ex
3312 1692 3493 1747 sitatis
3536 1701 3668 1743 men-

553 1783 693 1816 mmr
739 1783 940 1822 ιεηψσιο
983 1783 1260 1802 νην-..μη-
1297 1783 1360 1791 ...-
1417 1783 1594 1801 -.-τ-μ

553 1826 795 1895 alwologi
845 1815 1134 1895 Andronici
1160 1809 1279 1895 ﬁlii,
1324 1822 1414 1886 nec
1447 1818 1550 1856 non
1584 1799 1744 1869 hujus
1774 1790 2006 1862 coniugii

2131 1819 2261 1871 ioue
2312 1827 2418 1880 qua
2474 1810 2652 1865 obiter
2699 1803 2905 1858 iudicat
2932 1793 3230 1852 historicus
3261 1788 3548 1841 invitatum
3579 1783 3670 1834 Au-

2837 1892 2847 1895 ‘
3189 1880 3201 1893 ⁸
3252 1874 3473 1895 κιο-μ-κ.”
3513 1870 3665 1895 ,ιι-..εν

497 1877 625 1959 cuni
652 1877 829 1953 Moiia
872 1891 981 1943 lilia
1015 1877 1466 1954 regis'Armeniae.

500 2037 545 2092 1.
579 2032 788 2090 Scribit
818 2025 1210 2093 Pachymeres,
1244 2013 1282 2067 ι.
1314 2026 1402 2074 ιιι,
1435 2022 1488 2063 c.
1540 2005 1593 2070 1,
1634 2015 1758 2056 cum
1804 1998 2013 2053 videret

430 2125 786 2186 Andronicus
817 2087 1133 2172 Michaelem
1166 2104 1338 2159 lilium
1376 2111 1538 2153 suum
1585 2087 2012 2162 primogenitum

431 2225 543 2293 jam
578 2218 716 2273 ultra
760 2211 1021 2280 puberem
1056 2203 1376 2268 provectum
1407 2195 1644 2245 aetatem,
1668 2188 1724 2236 et
1748 2194 1811 2232 ea
1843 2177 2013 2230 eden-

1141 2289 1150 2293 “
1218 2288 1228 2293 ’
1274 2286 1303 2293 “”
1596 2288 1687 2293 -ν-Α
1718 2287 1800 2293 ----
1820 2268 2013 2293 l.--.....

431 2268 541 2293 J---
581 2268 667 2273 ν--γ
763 2268 775 2280 .

429 2327 547 2369 tem
604 2301 905 2377 specitnina
940 2296 1097 2348 bonae
1140 2286 1338 2342 indolis
1367 2288 1692 2344 morumque
1718 2268 2015 2340 probarunt

434 2417 558 2479 quae
611 2367 836 2464 dignum
896 2401 1019 2444 eum
1067 2383 1315 2449 Augusto
1350 2370 1571 2439 fastigio
1622 2367 2016 2421 monstrarent,

1130 2472 1198 2479 ’““
1320 2476 1330 2479 ‘
1504 2462 1549 2479 '-
1602 2454 1827 2479 ’μβ-ιι-ἓλ
1858 2451 2016 2479 ΛΛΙΙΛ-

439 2451 818 2552 asciscendum
874 2482 1051 2551 ipsum
1099 2472 1201 2527 sibi
1241 2476 1467 2540 putasse
1504 2462 1557 2516 in
1601 2454 1830 2525 imperio
1856 2451 2021 2507 colle-

432 2602 589 2659 gam,
624 2582 853 2644 ideoque
898 2569 1198 2626 solemnem
1255 2560 1374 2629 ejus
1434 2549 1910 2620 inaugurationem
1964 2542 2018 2594 in

1355 2658 1359 2659 ν
1404 2647 1416 2659 ·
1524 2643 1536 2659 ι
1573 2657 1582 2659 ς
1632 2635 1887 2659 ηιλτ-..-ι
1926 2648 1989 2659 ,...

440 2635 643 2745 templo
678 2635 896 2726 Sanctae
946 2659 1165 2727 Sephiae
1214 2666 1244 2705 a
1276 2643 1590 2720 patriarcha
1623 2635 1890 2694 celebrari
1924 2648 2025 2687 cu-

664 2724 829 2832 quam
867 2724 1131 2809 describit
1164 2744 1260 2798 illo
1297 2755 1347 2794 c.
1378 2736 1497 2802 1,1.
1531 2749 1615 2789 ιιι.
1644 2729 1842 2787 Fuisse
1874 2724 2024 2779 illum

443 2855 815 2933 patriarchain
844 2848 1113 2902 Joannem
1142 2835 1397 2892 Cosmam
1427 2843 1491 2882 ex
1527 2826 1717 2885 rebus,
1749 2833 1870 2887 qua:
1902 2823 2029 2869 ante

1173 2927 1217 2933 ““
1508 2924 1517 2933 ·
1544 2918 1595 2933 ³⁸-
1624 2932 1633 2933 ί
1712 2912 1867 2933 ἴῖμγΙ-
1907 2919 2027 2933 ..η-ενι

437 2912 512 3011 ;c
546 2958 669 3021 post
693 2947 1013 3000 narrantur,
1039 2927 1392 2987 manifestum
1426 2912 1870 2976 redditur.Unde
1904 2919 2027 2963 cum

447 3048 495 3102 is
529 2999 791 3098 Ecclesiae
816 3019 1446 3090 Constantinopolitanm
1499 3020 1733 3083 praresse
1774 2999 2027 3072 coeperit,

443 3147 508 3194 ut
532 3133 711 3203 capite
743 3120 993 3196 sequenti
1025 3129 1078 3172 et
1103 3116 1158 3170 in
1196 3109 1416 3184 synopsi
1447 3098 1833 3169 chronologica
1864 3093 2029 3162 hujus

450 3224 703 3288 historiae
751 3208 1275 3273 demonstrabimus,
1309 3197 1568 3256 Kalendis
1603 3187 1851 3247 Januarii
1898 3185 2028 3240 anni

448 3281 655 3378 Christi
689 3310 848 3372 1295,
881 3322 988 3361 non
1023 3301 1238 3355 videtur
1263 3291 1484 3348 dubium
1514 3288 1646 3357 quin
1678 3281 1865 3339 statim
1907 3281 2033 3349 post

450 3413 571 3467 illic
616 3406 923 3461 memorata
1003 3384 1290 3446 Michaelis
1352 3378 1677 3439 coronatio,
1724 3367 2032 3426 ministerio

451 3498 782 3575 patriarcha:
833 3489 978 3544 facta
1035 3481 1125 3537 die
1160 3476 1300 3532 festo
1334 3470 1515 3542 magni
1564 3463 1936 3526 Constantini,
1965 3460 2033 3515 ad

452 3557 612 3651 illum
655 3598 816 3657 quem
875 3575 989 3634 dixi
1031 3585 1234 3629 annum
1268 3566 1562 3639 pertineat,
1590 3570 1645 3615 et
1679 3557 1747 3614 ad
1790 3567 2034 3610 mensem

441 3685 576 3755 ‘cjus
599 3677 823 3734 Maium.
855 3668 989 3724 Nam
1018 3673 1077 3723 ut
1112 3663 1318 3719 diserte
1349 3655 1644 3713 historicus
1663 3656 1958 3731 memorat,
1984 3651 2041 3701 et

454 3726 575 3755 νδ..-
599 3726 821 3734 ---η-ηπ

442 3770 527 3857 :ex
561 3770 730 3844 786
772 3779 870 3821 usu
909 3759 1075 3816 etiam
1119 3753 1386 3810 hodierno
1412 3726 1731 3803 Graecorum
1761 3755 1826 3795 ac
1849 3737 2042 3793 eccle-

462 3865 706 3928 siasticis
731 3872 921 3915 eorum
966 3853 1144 3914 libris,
1175 3861 1311 3918 quos
1333 3843 1514 3899 editos
1556 3838 1845 3897 habemus,
1873 3838 2039 3901 patet,

462 3953 842 4018 anniversaria
877 3945 1140 4004 memoria
1176 3937 1357 4010 magni
1393 3929 1745 3997 Constantini
1776 3925 2045 3993 simulque

468 4147 645 4217 prima
678 4136 942 4195 recolitur
974 4130 1031 4185 in
1056 4124 1300 4181 Ecclesia
1334 4120 1544 4177 Graeca.
1570 4113 1721 4169 Unde
1752 4105 2046 4165 verisimile

1144 4216 1153 4217 κ
1405 4215 1410 4217 .
1572 4207 1605 4217 ..
1815 4210 1826 4217 _
1912 4215 1916 4217 ἓ
1952 4195 2043 4217 μη

469 4195 557 4293 est
588 4229 887 4288 traditione
920 4220 1091 4278 veteri
1126 4207 1607 4279 Constantinopoli
1643 4210 1924 4271 acceptum
1952 4195 2046 4250 tali

469 4328 560 4383 die
587 4323 699 4378 fato
726 4319 970 4373 iunctum
1006 4303 1463 4365 Constantinum:
1494 4292 1744 4368 quamvis
1776 4292 2048 4353 Socrates,

576 4414 721 4469 Hist.
760 4405 934 4464 Eccl..
988 4417 1041 4456 c.
1063 4398 1156 4464 26,
1189 4395 1394 4451 diserte
1422 4389 1627 4445 scribat
1674 4384 1824 4438 illum
1850 4378 2052 4435 ohiisse

2108 1906 2398 1977 dronicum
2435 1901 2501 1955 ad
2535 1892 2899 1966 imperatoriae
2929 1874 3483 1942 communicationem
3509 1870 3673 1940 digni-

2119 1962 2247 2055 iatis
2272 1995 2381 2049 lilio
2413 1962 2753 2055 abundejam
2780 1980 2964 2036 adulto
2992 1991 3099 2030 non
3137 1972 3282 2024 ultra
3315 1962 3669 2021 diﬂ'erendam.

2121 2088 2326 2145 Scribit
2386 2085 2498 2140 illic
2535 2064 2799 2136 Avidelicet
2847 2071 3215 2139 Pachymeres
3270 2062 3391 2129 ipso
3448 2056 3672 2123 protinus

2121 2143 2370 2249 ingressu
2399 2174 2435 2229 1.
2472 2189 2557 2237 ιιι,
2585 2188 2640 2243 p.
2691 2167 2815 2231 195,
2864 2161 3019 2217 Ἐπεὶ
3045 2156 3090 2210 δ’
3134 2155 3395 2214 ἀντίπαις
3421 2145 3486 2216 ἢν
3521 2148 3547 2198 ὁ
3577 2143 3673 2202 υἱὸς

2120 2236 2343 2339 Μῐίχαὴλ
2400 2263 2503 2335 ἤδη
2529 2236 2606 2329 τῴ
2656 2257 2870 2328 βασιλεῖ
2912 2254 3009 2307 καὶ
3052 2250 3146 2303 τὸν
3206 2246 3354 2311 ὑπὲρ
3424 2238 3515 2290 τὸν
3560 2236 3677 2301 ἔφη·

2121 2362 2217 2414 δον
2265 2358 2529 2430 ἠλαυνεν·
2582 2349 2847 2417 Quoniam
2881 2360 2998 2399 rero
3042 2349 3155 2396 erat
3198 2332 3510 2406 imperatori
3554 2324 3674 2394 ﬁlius

2118 2454 2231 2524 jam
2266 2414 2406 2501 ιλιιιά
2437 2414 2683 2516 puberem
2724 2438 2938 2493 adultus
2987 2443 3195 2489 atatem
3240 2422 3493 2503 Michael.
3520 2414 3675 2470 Ἀντί·
3770 2415 3774 2418 ’

2123 2542 2316 2604 natos;
2346 2537 2550 2595 Crtecis
2591 2532 2783 2604 ἔφηϐοι
2800 2529 3055 2583 dicuntur
3076 2523 3458 2579 adolescentes
3496 2519 3670 2563 annum

2124 2635 2302 2691 aetatis
2355 2600 2695 2700 supergressi
2745 2632 3002 2690 quartum
3061 2616 3361 2670 decimum.
3416 2600 3568 2672 Atqui
3607 2604 3678 2651 sat

2126 2729 2286 2795 longo
2329 2719 2618 2776 intervallo
2643 2723 2956 2784 provectum
2995 2708 3226 2762 ulterius
3256 2697 3565 2758 Mirhaelem
3591 2690 3676 2744 hoc

2132 2826 2376 2884 tempore
2405 2809 2670 2878 oportuit,
2701 2821 2825 2859 cum
2859 2817 2982 2858 eum
3023 2809 3111 2852 aut
3145 2810 3295 2850 anno
3338 2786 3532 2846 Christi
3564 2779 3678 2836 1273

2131 2914 2225 2963 aut
2249 2921 2352 2960 non
2384 2902 2551 2958 multo
2575 2909 2697 2969 post
2725 2905 2907 2951 uatum
2935 2893 3098 2947 fuisse
3125 2889 3193 2942 sit
3226 2881 3538 2940 verisimile.
3561 2873 3672 2928 Nam

2131 2995 2477 3053 Andronicus
2508 2994 2624 3060 ejus
2648 3000 2802 3059 pater
2830 2985 3046 3051 nuptias
3074 2996 3196 3035 cuiu
3226 2978 3351 3047 ejus
3375 2979 3538 3026 matre
3561 2963 3678 3020 celea

2133 3089 2313 3146 bravit
2365 3101 2507 3140 anno
2534 3054 2746 3138 Christi
2798 3077 2956 3143 19.72,
2990 3076 3144 3141 juxta
3197 3071 3408 3125 dudum
3466 3078 3491 3114 a
3546 3054 3678 3113 nobis

2135 3180 2427 3237 constituta
2455 3176 2489 3233 Ι.
2536 3191 2593 3229 ιιι
2643 3174 2884 3245 priorum
2948 3169 3201 3227 Observ.,
3232 3178 3290 3216 c.
3343 3160 3397 3212 8.
3443 3155 3679 3208 Pouamus

2136 3273 2338 3329 Christi
2389 3269 2544 3334 1274,
2578 3276 2691 3329 aut,
2726 3278 2835 3334 quo
2874 3262 2961 3314 vix
2998 3256 3179 3313 recedi
3236 3251 3467 3307 ulterius
3509 3247 3676 3313 potest.

2141 3366 2281 3421 1275
2336 3373 2512 3419 ortum
2580 3362 2633 3414 in
2698 3359 2872 3412 lucem
2935 3347 3235 3407 AndrOnici
3292 3337 3678 3416 primogenitum

2142 3457 2484 3519 Michaeicm.
2518 3452 2637 3508 Jam
2680 3463 2808 3518 ergo
2850 3444 3070 3514 quando
3101 3436 3448 3494 Andronicus
3500 3422 3679 3492 imperii

2143 3550 2489 3607 undecimum
2530 3512 2901 3599 Christi‘auno
2932 3534 3072 3591 1293
3108 3529 3457 3591 numerabat,
3488 3512 3682 3575 Michael

2145 3643 2336 3700 Saltem
2387 3646 2640 3696 octavum
2695 3634 2965 3689 decimum
3024 3629 3150 3682 vita:
3190 3636 3399 3679 annum
3446 3617 3680 3680 attigerat.

2145 3736 2301 3792 Unde
2329 3747 2495 3788 causa
2528 3745 2632 3784 non
2662 3735 2780 3782 erat
2817 3740 2915 3780 cur
2940 3720 3182 3777 dill‘erret
3217 3729 3377 3787 pater
3399 3704 3682 3781 jampridem

2146 3830 2423 3883 decretam
2478 3822 2597 3894 ejus
2647 3815 3074 3886 assumptiouem
3126 3810 3179 3865 in
3238 3804 3405 3879 787
3460 3796 3681 3862 collegam

2150 3919 2511 3992 principatus.
2570 3914 2810 3982 Apparet
2875 3908 3041 3978 igitur
3093 3905 3204 3975 jam
3258 3911 3375 3954 tum
3430 3894 3515 3949 illo
3566 3896 3681 3941 anno

2152 4011 2357 4068 Christi
2392 4008 2532 4064 1995
2565 4015 2814 4059 evectum
2836 4016 2864 4054 a
2888 3972 3041 4070 patre
3072 3972 3127 4051 in
3153 4002 3472 4049 consessum
3492 3972 3683 4047 Augusti

2154 4105 2275 4163 solii
2310 4101 2482 4157 fuisse
2513 4094 2824 4152 Michaelem
2861 4111 2876 4148 :
2911 4091 3062 4153 licet,
3091 4088 3227 4141 forte
3270 4089 3488 4154 propter
3518 4078 3683 4125 nutauo

2156 4207 2265 4253 tem
2296 4193 2386 4249 illo
2413 4206 2557 4246 anno
2577 4184 2907 4259 patriarchae
2932 4176 3217 4235 Athanasii
3237 4152 3363 4227 mox
3386 4152 3681 4224 exauctorati

2157 4288 2499 4359 dignitatem,
2548 4254 2899 4336 diﬂ‘erendant
2936 4269 3281 4326 Andronicus
3330 4256 3580 4334 putaverit
3606 4254 3684 4300 ini-

2161 4338 2387 4359 "U"“"'
2430 4338 2433 4339 '
2486 4338 2499 4351 1

2157 4378 2401 4453 perantis
2435 4388 2620 4431 secum
2664 4385 2731 4424 ex
2764 4377 2893 4422 tunc
2929 4363 3023 4418 lilii
3061 4360 3331 4415 celebrem
3360 4338 3687 4418 inauguratio-

472 4438 508 4472 I.
576 4438 721 4469 In".
760 4438 934 4464 uno“.
988 4438 1041 4456 νυ
1067 4438 1131 4454 ον
1189 4438 1393 4451 unus.--
1422 4438 1625 4445 _-___--_

470 4438 547 4566 2"):
596 4438 1156 4566 Maii,’Ets).e'irnoe:
1215 4478 1496 4556 inquietis.
1538 4482 1606 4551 τῇ
1673 4473 1906 4546 δευτέρᾳ
1956 4487 2031 4524 κα

2131 4517 2132 4532 η
2160 4490 2283 4531 nem
2323 4473 2378 4528 in
2404 4468 2533 4524 illud
2562 4476 2772 4534 tempus
2794 4473 2904 4531 quo
2948 4469 3124 4511 novus
3158 4445 3465 4521 patriarcha
3486 4438 3685 4494 Joannes

2435 4563 2445 4566 ·
2568 4559 2581 4566 ·
2922 4549 2970 4566 οη
2991 4564 3038 4566 --
3085 4546 3286 4566 -ιε..---.
3322 4540 3422 4566 :-...
3453 4525 3685 4566 mancihlls

475 4600 652 4658 εἰκάδι
679 4594 776 4650 τοῦ
804 4590 983 4647 Μαΐου
1022 4582 1214 4655 μηνός.

544 4654 613 4749 ll.
675 4689 756 4744 Ex
814 4685 899 4738 his
947 4654 1104 4747 sequi
1163 4673 1402 4735 videtur,
1428 4663 1716 4734 imperium
1781 4654 2059 4712 Michaelis

475 4782 721 4844 Junioris
752 4770 1044 4842 Palmologi
1068 4785 1096 4823 a
1122 4775 1317 4822 mense
1353 4760 1497 4815 Maio
1523 4757 1655 4811 anni
1685 4753 1890 4809 Christi
1922 4748 2061 4804 teat

479 4877 801 4951 procedere.
863 4868 971 4923 Sed
1025 4862 1153 4917 huic
1211 4858 1392 4913 obstat
1448 4851 1594 4923 quod
1655 4847 2058 4917 Pachynieres,

480 4943 535 5045 p.
566 4970 695 5033 561,
722 4961 1106 5021 duodecimum
1136 4952 1419 5007 Michaelis
1478 4943 1638 5010 huius
1681 4954 1882 4994 annum
1939 4950 2062 4990 cum

472 5060 779 5122 Andronici
840 5053 1017 5126 patris
1072 5047 1244 5117 ipsius
1304 5040 1466 5096 tertio
1528 5049 1691 5105 supra
1745 5031 2066 5084 vicesimum

483 5159 793 5224 comparat.
822 5148 956 5202 Cum
985 5144 1271 5205 autem,ut
1292 5148 1344 5188 c.
1374 5133 1572 5186 harum
1609 5123 2068 5183 Observationum

486 5251 666 5322 primo
709 5232 1239 5298 demonstravimus.
1267 5227 1420 5281 solus
1473 5224 1745 5289 imperare
1796 5211 2072 5270 Androni-

489 5305 587 5395 cus
624 5332 855 5401 cmperit
897 5325 1001 5383 sub
1056 5322 1219 5376 linem
1278 5315 1408 5371 anni
1471 5309 1675 5368 Christi
1730 5306 1892 5370 1282,
1931 5305 2075 5358 unde

489 5441 574 5489 est
595 5396 939 5495 consequens
990 5422 1053 5471 ut
1095 5425 1239 5467 anno
1277 5406 1482 5463 Christi
1518 5403 1654 5458 1294
1690 5396 2072 5454 duodecimum

494 5529 541 5580 is
576 5518 794 5589 imperii
852 5523 1056 5568 annum
1112 5504 1308 5576 egerit,
1341 5500 1422 5555 sic
1484 5494 1838 5551 manifestum
1893 5498 1997 5551 est,
2029 5485 2076 5540 si

495 5586 705 5689 primus
757 5605 1042 5665 Michaelis
1071 5616 1195 5658 cum
1239 5593 1415 5667 patris
1445 5591 1563 5660 ejus
1592 5586 1918 5641 duodecimo
1951 5596 2080 5635 cou—

496 5713 777 5770 curreret,
830 5697 1214 5758 duodecimum
1272 5684 1556 5744 Michaelis
1632 5678 1885 5751 ejusdem
1955 5688 2079 5728 cum

504 5798 797 5856 Andronici
851 5793 1111 5850 vicesimo
1191 5792 1389 5857 quarto
1446 5779 1613 5835 fuisse
1657 5782 2081 5830 concursurum.

2158 4525 2390 4625 Casinas
2434 4563 2490 4616 in
2533 4525 2693 4628 pleno
2722 4569 2787 4609 ac
2811 4525 3047 4622 paciﬁco
3081 4546 3290 4615 aliquot
3318 4540 3423 4609 jam
3453 4525 3686 4628 mensibus

2161 4656 2500 4731 perstitisset
2529 4647 2796 4705 exercitio
2825 4609 3210 4712 patriarchalis
3243 4626 3536 4704 potestatis,
3559 4624 3606 4672 et
3634 4609 3685 4664 ad

2162 4750 2531 4821 augustiorem
2573 4743 2732 4797 istam
2774 4732 3156 4792 cazremoniam
3188 4721 3505 4782 reddend.un
3531 4717 3689 4774 exspe-

3268 4817 3280 4821 -
3329 4817 3339 4821 -
3375 4815 3385 4821 -
3536 4802 3563 4821 ξε
3590 4798 3686 4821 τμη-

2164 4798 2469 4821 -ηο,-ρτκ-

2164 4851 2345 4897 ctatus
2370 4844 2516 4893 esset
2544 4833 2660 4888 dies
2678 4824 3023 4885 ConSIantini
3056 4817 3341 4891 Byzantini
3375 4802 3564 4878 imperii
3590 4798 3686 4851 lun-

2168 4932 2377 4988 datoris
2429 4914 2806 4984 anniversaria
2855 4917 3177 4973 celebritate
3238 4904 3477 4975 insignis.
3515 4886 3687 4957 Νυριίε

2170 5027 2365 5081 deinde
2421 5018 2663 5091 ejusdem
2717 5010 2999 5068 Michaelis
3052 5002 3280 5074 AuguSti
3327 4991 3549 5053 Junioris
3587 4990 3683 5036 cum

2173 5117 2340 5174 Maria
2375 5114 2486 5169 lilia
2516 5111 2659 5180 regis
2691 5104 2986 5167 Armeniae,
3020 5100 3056 5156 Ι.
3088 5114 3174 5162 ιιι.
3210 5112 3261 5152 c.
3296 5094 3328 5148 5
3358 5101 3410 5144 et
3433 5087 3463 5142 6
3489 5099 3514 5137 a
3538 5082 3686 5134 nostra

2175 5206 2435 5264 historico
2476 5159 2778 5265 τειεξῖὲὲξᾷά
2808 5197 2950 5252 diem
2973 5159 3062 5247 ἰδ
3105 5159 3344 5245 Januarii
3377 5179 3493 5237 anni
3521 5159 3683 5262 emisti

2177 5299 2316 5356 1296
2339 5251 2827 5367 pertinent,vprout
2882 5303 2950 5342 ex
3001 5286 3143 5341 serie
3180 5295 3360 5336 rerum
3407 5275 3456 5328 in
3499 5251 3687 5334 SynOPSi

2177 5402 2574 5448 monstramus.

2772 5496 3002 5555 CAPUT
3033 5496 3121 5551 IV.

2256 5597 2333 5652 De
2360 5595 2587 5651 Joannis
2611 5593 2827 5718 Cosmi;
2854 5588 3244 5714 patriarchalu,
3271 5591 3317 5637 et
3349 5565 3632 5633 restitutione

2835 5673 2851 5717 ι
2873 5660 3086 5716 innasci.

2835 5660 3086 5717 thanaaii.

2257 5762 2299 5818 Ι.
2334 5757 2783 5817 lntcrAthanasii
2812 5743 3388 5819 Constantinopolitani
3426 5719 3686 5808 patriarcltr
