3880 6594
199 421 285 486 845
1413 403 2096 472 ~ClIRONOLOGICUS.

3261 393 3366 458 846

195 534 502 606 dejectionem
529 545 558 585 e
591 531 780 587 throno
819 538 874 586 et
903 528 1310 587 restitutionem
1347 529 1400 582 in
1446 528 1703 580 thronum
1733 523 1780 580 Δ
1805 520 2065 577 Joannem
2092 518 2342 575 Cosmam
2377 529 2408 570 a
2440 513 2694 570 Kalendis
2735 511 3010 568 Januariis
3055 512 3177 566 anni
3209 511 3368 566 Chri-

193 627 380 684 Joannis
405 623 601 678 Cosmze
634 624 1038 691 patriarchatus
1072 619 1374 685 intindimr,
1407 617 1594 673 multis
1621 616 1702 670 vi-

195 715 556 776 cissitudinibus
585 715 787 776 varius,
849 729 947 783 per
995 727 1132 782 quas
1183 720 1364 766 tamen
1405 718 1488 764 sat
1547 695 1706 777 longo

194 811 338 879 spatio
368 808 590 861 duravit.
622 807 752 875 Ejus
795 821 900 874 qua
953 804 1192 858 ineuntis
1237 817 1342 870 qua
1407 800 1707 856 desinentis

192 897 381 952 delinire
411 904 696 955 momenta,
735 896 1020 962 spatiaque
1055 894 1218 948 totius
1251 891 1555 947 durationis
1577 905 1705 944 exa-

191 995 257 1040 cte
286 984 526 1046 dimetiri,
563 999 684 1036 cum
720 994 802 1038 est
852 985 1015 1052 hujus
1040 983 1282 1038 historiae
1314 982 1512 1036 callere
1541 981 1705 1035 chro-

191 1077 416 1143 nologiam
450 1077 646 1129 volenti
683 1079 1076 1142 necessarium,
1108 1085 1224 1130 tum
1283 1077 1425 1130 idem
1487 1084 1708 1143 propter

191 1166 515 1220 confusionem
570 1167 824 1235 perplexe
876 1167 1158 1221 tuistarum
1194 1181 1376 1220 rerum
1436 1164 1709 1219 historici-

188 1274 270 1325 que
298 1259 449 1310 nostri
483 1260 785 1320 ambiguam
823 1259 1017 1312 alicubi
1065 1259 1132 1313 de
1171 1259 1254 1313 his
1293 1257 1703 1311 aﬂlrmationem

188 1350 302 1402 haud
335 1364 457 1404 sane
515 1351 732 1404 obvium
774 1351 1044 1420 facileque
1082 1352 1350 1420 explicato
1406 1353 1520 1407 fore
1583 1365 1708 1421 spe-

185 1442 376 1496 randum
407 1450 503 1508 est,
535 1443 724 1498 lectori
759 1445 1056 1510 praesertim
1095 1445 1330 1514 primum
1365 1446 1428 1496 ad
1464 1445 1580 1498 haec
1609 1445 1707 1498 ad-

183 1534 376 1586 vertenti
405 1545 457 1587 et
480 1533 721 1603 defungi,
755 1543 810 1588 ut
864 1534 980 1590 fere
1009 1535 1094 1598 ﬁt,
1140 1537 1318 1592 obiter
1351 1538 1564 1604 cupido.
1598 1536 1706 1591 Hu—

178 1625 249 1695 jus
280 1641 366 1693 ego
399 1626 574 1678 studio
610 1636 665 1679 ttt
699 1641 796 1695 pro
826 1627 930 1680 mei
990 1628 1200 1681 ratione
1236 1627 1396 1682 oﬂicii
1449 1629 1703 1694 serviam,

183 1724 343 1765 cuncta
367 1712 446 1765 hic
474 1729 590 1781 ejus
617 1715 831 1782 generis
855 1731 1019 1785 quam
1070 1716 1392 1773 brevissime
1421 1725 1476 1772 et
1519 1718 1706 1774 claris-

183 1819 294 1857 sune
321 1817 494 1872 petero
513 1819 798 1873 exponam.

237 1894 292 1948 ll.
337 1896 386 1949 Id
417 1898 592 1965 agenti
622 1909 742 1952 ante
761 1900 939 1953 omnia
963 1900 1414 1954 considerandum
1446 1901 1704 1966 occurrit,

183 1987 298 2052 quod
345 2003 372 2040 a
400 1989 737 2058 Pachymere
767 1992 1030 2060 scriptum
1091 2001 1268 2046 exstat
1297 2007 1350 2060 p.
1388 1992 1512 2056 568,
1545 1992 1710 2046 Atha-

183 2079 358 2130 nasium
388 2081 852 2148 expatriarcham,
887 2082 1102 2150 quando
1157 2097 1281 2135 eum
1341 2081 1429 2136 die
1466 2081 1708 2135 Januarii

183 2169 355 2243 decima
390 2185 524 2223 noua
579 2171 879 2239 imperator
917 2171 1258 2226 Andronicus
1290 2187 1411 2226 cum
1443 2171 1713 2239 episcOpis

181 2269 223 2312 et
261 2260 441 2327 populo
464 2263 745 2325 convenit,
777 2261 1112 2329 transegisse
1149 2262 1201 2315 in
1269 2263 1362 2316 illo
1397 2261 1709 2316 monasterii

183 2365 363 2404 secessu
404 2367 576 2406 annos
602 2356 812 2410 decem.
848 2354 1032 2408 minus
1079 2369 1269 2408 novem
1320 2354 1621 2408 mensibus.
1653 2352 1710 2407 In

182 2456 231 2494 eo
271 2452 466 2496 asserto
499 2443 608 2497 sibi
641 2447 858 2513 egregie
888 2452 1102 2500 censtat
1128 2446 1458 2510 historicus;
1489 2446 1705 2500 dixerat

182 2534 294 2587 enim
328 2549 376 2600 p.
415 2536 536 2600 177,
568 2537 955 2596 Athanasium.
982 2540 1295 2592 renuntiato
1317 2539 1708 2606 patriarchatu,

181 2629 472 2679 monasterio
495 2627 768 2682 Cosmidii
818 2627 902 2701 [P.
934 2630 1059 2700 570]
1099 2630 1269 2685 fuisse
1324 2631 1590 2684 inclusum
1627 2631 1711 2685 die

182 2715 234 2766 l6
258 2717 508 2778 Octobris,
548 2733 676 2771 cum
738 2730 866 2772 ante
900 2735 1074 2772 annos
1109 2730 1340 2786 quatuor
1379 2722 1465 2774 die
1516 2732 1708 2788 quarta

179 2803 352 2858 decima
378 2807 578 2860 mensis
611 2805 852 2875 ejusdem
883 2808 1286 2876 patriarehatus
1311 2812 1706 2877 possessionem

179 2897 385 2950 adiisset.
413 2899 542 2952 Erat
569 2899 663 2952 ille
692 2914 889 2963 annus,
915 2913 1022 2969 quo
1059 2900 1395 2954 Athanasius
1438 2901 1490 2954 in
1524 2919 1711 2956 monac

179 2989 657 3044 steriumCosmidii
712 2990 1106 3058 epatriarchio
1164 2991 1438 3058 migravit,
1505 2991 1707 3048 Christi

175 3092 275 3130 arte
311 3080 462 3143 1295.
494 3091 660 3151 prout
693 3083 743 3134 in
800 3082 1028 3152 Synopsi
1095 3083 1412 3151 subjicimus
1485 3084 1656 3139 oculis
1692 3101 1706 3138 :

1808 613 1878 667 sti
1922 609 2061 665 1294
2086 622 2321 679 praeesse
2354 605 2708 675 patriarchali
2736 612 3003 673 potestate
3048 603 3365 657 Constantt-

1809 702 2136 772 uopolitanae
2163 699 2421 775 Ecclesiae
2461 698 2712 766 coepisse.
2753 696 2889 762 Quia
2949 711 3077 751 vero
3127 695 3364 764 quando,

1809 810 2003 850 novem
2036 793 2194 848 anuis
2238 800 2294 846 et
2339 791 2637 845 octodecim
2690 789 2879 841 diebus
2934 789 3058 840 inde
3105 787 3366 839 vettcnti-

1807 888 1929 952 bus,
1970 883 2313 939 Andronicus
2364 883 2662 950 imperator
2709 881 3014 949 episcopos,
3050 879 3256 932 clerum
3314 884 3371 930 et

1807 980 2066 1049 papulum
2095 991 2282 1033 secum
2310 977 2513 1030 ducens
2542 974 2898 1028 Athanasium
2948 973 3101 1033 adiit,
3134 969 3370 1021 nondum

1807 1059 2096 1127 manifeste
2127 1068 2351 1122 Cosmus
2384 1067 2660 1135 abjecerat
2712 1063 3106 1133 possessionem
3141 1060 3370 1128 patriar-

1807 1164 1980 1218 chalis
2011 1162 2257 1226 honoris,
2291 1174 2448 1227 quem
2496 1175 2593 1213 nec
2625 1160 2740 1228 ipse
2800 1157 3126 1210 Athanasius
3173 1163 3371 1206 utcun-

1807 1271 1912 1324 que
1951 1264 2079 1309 tunc
2111 1255 2348 1310 delatttm
2382 1253 2616 1315 admisit,
2649 1261 2701 1304 et
2741 1249 2966 1303 Cosmus
3001 1256 3207 1316 postea,
3233 1246 3371 1314 "ipso

1808 1349 2012 1404 fatente
2045 1348 2372 1416 imperatore
2397 1344 2573 1398 adhuc
2598 1341 2905 1410 patriarcha
2965 1355 3150 1402 verus,
3207 1338 3372 1391 etiam

1810 1450 1869 1496 ut
1898 1439 2020 1495 talis
2055 1437 2386 1492 anathemati
2420 1436 2650 1505 subjecit
2684 1448 3065 1502 quemcunque
3119 1431 3206 1494 qui
3255 1442 3374 1480 mo-

1808 1533 2001 1586 liretur
2039 1529 2404 1584 Athanasium
2432 1528 2485 1580 in
2523 1525 2720 1580 throno
2752 1539 3034 1594 reponere,
3049 1518 3374 1588 quaerendus

1807 1624 1939 1678 alibi
1987 1630 2070 1677 est
2109 1634 2272 1675 verus
2303 1628 2358 1672 et
2407 1617 2744 1672 indubitatus
2799 1599 2923 1669 finis
2976 1609 3375 1682 patrtarchatus

1807 1714 2037 1770 Cosme.

1880 1805 1969 1860 Ν.
2011 1803 2062 1859 ls
2109 1817 2272 1874 porro
2310 1817 2417 1856 non
2467 1799 2592 1854 alibi
2626 1797 2929 1866 reperietur
2955 1808 3117 1863 quam
3152 1808 3206 1862 p.
3243 1790 3373 1852 582.

1811 1897 1899 1951 ubi
1927 1895 2098 1951 refert
2131 1894 2497 1965 Pachymeres
2549 1889 2914 1945 Andronicum
2966 1885 3373 1941 abscindeuletn

1807 1989 2007 2044 nodum
2059 2003 2216 2055 quem
2261 1986 2471 2042 solvere
2505 1983 2783 2052 nequibat,
2813 1982 2938 2034 dum
2999 1980 3284 2047 episcopos
3321 1977 3375 2029 in

1815 2084 2024 2156 synodo
2067 2098 2184 2137 sme
2212 2082 2371 2137 modo
2422 2089 2514 2134 aut
2563 2093 2659 2148 spe
2692 2073 3073 2132 conventionis
3119 2072 3186 2126 de
3220 2071 3377 2124 aitdi-

1813 2176 2031 2231 catione
2061 2172 2288 2228 Joannis
2316 2171 2526 2227 Cosmus
2577 2179 2630 2224 et
2687 2168 3032 2223 restitutione
3090 2163 3379 2218 Athanasii

1814 2268 2149 2321 altercantes
2181 2263 2348 2330 videt,
2377 2260 2670 2330 assumptis
2704 2275 2889 2315 secum
2922 2259 2989 2311 iis
3015 2257 3104 2325 qui
3133 2256 3381 2308 Athana-

1810 2360 1892 2413 sio
1923 2357 2198 2422 favebant,
2225 2370 2348 2410 eum
2373 2354 2515 2423 juris
2569 2367 2820 2407 securum
2866 2364 2967 2403 usu
3026 2363 3090 2403 ac
3148 2347 3288 2400 facto
3323 2346 3378 2400 in

1811 2449 2210 2522 patriarchatus
2249 2447 2594 2517 possessione
2620 2443 2992 2507 constituisse,
3051 2441 3235 2494 multis
3268 2440 3382 2508 epi-

1811 2558 2098 2612 scoporum
2131 2549 2185 2596 et
2216 2541 2333 2610 ipso
2374 2539 2583 2594 Joanne
2612 2538 2810 2592 Cosma
2858 2536 3224 2604 nequidquam
3294 2549 3381 2586 rc-

1811 2631 2191 2696 clamantibus,
2232 2641 2284 2684 et
2314 2630 2417 2684 hoc
2454 2629 2672 2697 quidem
2705 2627 2830 2695 (etsi
2862 2627 2910 2679 vi
2942 2626 3135 2693 majori
3181 2626 3380 2677 cedens

1812 2724 2119 2792 Sozopolim
2185 2723 2236 2775 in
2272 2721 2503 2789 patriam
2550 2718 2802 2786 recessit)
2841 2732 3024 2770 verum
3081 2731 3141 2770 se
3203 2715 3380 2768 adhuc

1813 2812 2188 2883 patriarcham
2225 2812 2548 2864 arbitrante.
2581 2809 2660 2862 Ex
2699 2821 2828 2863 tunc
2861 2816 3041 2862 tamen
3095 2809 3162 2862 ab
3210 2808 3380 2875 impe-

1811 2916 1993 2961 ratore
2018 2921 2080 2959 ac
2109 2904 2384 2972 plerisque
2426 2901 2661 2956 Joannes
2688 2901 2912 2955 Cosmas
2936 2901 3125 2954 haberi
3160 2916 3255 2968 pro
3285 2913 3382 2968 pa-

1813 2998 2052 3052 triarcha
2089 2995 2281 3060 desiit;
2315 3004 2370 3049 et
2415 2994 2754 3048 Athanasius
2791 2991 3100 3046 functiones
3140 2994 3258 3060 ejus
3288 3007 3384 3060 po—

1812 3089 2023 3144 testatis
2051 3088 2180 3156 (quo
2209 3086 2331 3156 jure
2366 3099 2542 3154 quave
2575 3084 2798 3152 injuria,
2852 3081 2999 3136 Deus
3059 3082 3181 3154 scit)
3226 3097 3382 3137 exer-

179 3169 289 3222 alter
323 3181 496 3226 autem
548 3189 747 3238 annos,
809 3175 960 3244 cujus
1001 3173 1244 3229 Januarii
1307 3174 1371 3230 l9
1415 3186 1710 3230 conventus
1737 3199 1781 3256 σ
1814 3181 1946 3234 cnit.
1984 3180 2266 3234 Habemus
2307 3185 2488 3232 autem
2551 3177 2695 3231 hanc
2751 3177 3012 3244 cpocham
3067 3176 3378 3246 insignitam

186 3260 275 3314 illic
305 3261 435 3316 idem
476 3265 544 3318 ab
577 3265 894 3317 Andronico
918 3265 1248 3319 Athanasius
1288 3263 1412 3329 fuit,
1444 3266 1495 3318 in
1524 3265 1710 3318 eadem

177 3349 349 3408 Christi
379 3371 482 3409 mra
538 3357 666 3411 sine
714 3357 877 3410 dubio
929 3359 1248 3411 millesimus
1305 3358 1715 3413 trecentesimus

178 3457 370 3511 quartus
402 3451 816 3502 numerabatur.
853 3448 985 3514 Quia
1007 3465 1144 3507 vero
1179 3464 1351 3506 nonus
1398 3466 1573 3505 annus
1603 3452 1712 3519 pri-

179 3539 756 3593 valtecommorationis
800 3541 1080 3595 Athanasii
1131 3543 1271 3609 apud
1327 3544 1713 3597 monasterium

177 3624 398 3682 Cosmidii
433 3633 694 3686 evolutus
736 3631 908 3684 fuerat
933 3635 1018 3687 die
1051 3633 1114 3687 l6
1137 3633 1387 3688 Octobris
1429 3637 1550 3688 anui
1574 3650 1716 3704 prae-

177 3719 387 3776 cedentis
424 3725 630 3779 (ibt-isti
666 3727 940 3780 millesimi
986 3729 1352 3782 trecentesimi
1388 3729 1556 3798 788
1605 3738 1713 3781 ter-

179 3809 244 3872 tii,
277 3822 324 3866 et
358 3815 399 3868 si
435 3817 686 3870 decimus
716 3833 742 3869 a
773 3818 863 3874 tali
900 3819 1108 3888 eporha
1165 3818 1359 3873 fuisset
1421 3819 1718 3888 eXplendus

175 3916 343 3969 annus,
377 3924 733 3976 perseverare
759 3910 899 3964 idem
934 3912 1154 3965 clausus
1180 3911 1232 3964 in
1290 3911 1395 3965 isto
1446 3910 1567 3964 loco
1619 3911 1714 3964 de-

177 3991 354 4051 buisset
382 4015 548 4068 usque
573 4001 645 4054 ad
685 4001 750 4054 16
783 4000 1035 4056 Octobris
1078 4002 1418 4070 insequentis
1467 4001 1634 4064 diem,
1684 4014 1714 4054 a

177 4107 264 4162 quo
313 4095 421 4149 dies
485 4094 555 4150 i9
597 4093 842 4148 Januarii
903 4110 1093 4148 novem
1147 4093 1257 4146 fere
1317 4092 1500 4146 solidis
1567 4097 1718 4145 abest

179 4187 447 4251 mensibus,
503 4196 734 4256 apparet
777 4201 935 4252 quam
981 4184 1048 4238 ad
1109 4199 1295 4239 verum
1354 4190 1544 4238 exacte
1586 4182 1720 4236 deﬁ-

177 4274 270 4328 nita
294 4277 572 4333 Athanasii
630 4277 681 4330 in
715 4276 978 4331 Cosmidii
1009 4277 1337 4330 monasterio
1377 4288 1586 4330 secreta
1620 4275 1717 4328 ha-

176 4365 342 4424 bitatio
369 4369 533 4424 fuerit
571 4369 751 4437 spatio
783 4368 1010 4439 praeciso
1052 4368 1243 4424 decem
1275 4384 1562 4435 annorum,
1601 4367 1718 4422 mi-

178 4473 261 4512 nus
288 4477 468 4515 novem
507 4463 806 4516 mensibus.

1814 3275 2131 3327 charactere
2163 3270 2573 3340 chronologico,
2612 3269 2705 3323 sed
2737 3278 2956 3337 propter
2987 3266 3296 3322 affectatam
3347 3283 3379 3322 a

1811 3366 2148 3436 Pachymere
2179 3363 2472 3432 quamdam
2506 3363 2561 3414 in
2592 3363 2758 3416 verbo
2801 3360 3207 3431 ambiguitatem
3244 3358 3382 3416 indi-

1815 3469 1978 3531 gente
2012 3454 2382 3509 declaratione
2408 3469 2516 3508 non
2553 3452 2944 3523 perfunctorie.

1886 3548 1950 3604 V.
1982 3548 2072 3601 Ait
2115 3547 2368 3600 nimirum
2392 3555 2579 3599 noster
2617 3544 2937 3609 historicus,
2969 3558 3022 3611 p.
3053 3543 3180 3609 585,
3214 3544 3379 3610 diem,

1816 3657 1922 3710 quo
1987 3650 2071 3694 est
2115 3639 2182 3693 ab
2249 3637 2560 3690 Andronico
2611 3636 2940 3705 imperatore
3001 3639 3051 3692 vi
3107 3646 3162 3691 et
3219 3653 3383 3694 manu

1819 3735 2015 3788 throno
2070 3732 2355 3800 impositus
2427 3730 2778 3795 Athanasius,
2831 3729 3020 3785 fuisse
3066 3732 3383 3788 vicesimum

1819 3826 2038 3880 tertium
2083 3824 2285 3877 mensis
2341 3821 2772 3876 Atheniensibus
2821 3820 3274 3878 Maemacterionis
3305 3825 3386 3879 di-

1817 3917 1916 3979 cti,
1941 3914 2099 3983 cujus
2137 3913 2350 3982 primus
2381 3922 2436 3965 et
2481 3911 2774 3965 vicesimus
2804 3912 2917 3966 dies
2979 3912 3074 3966 illo
3129 3929 3274 3970 anno
3331 3915 3386 3969 in

1819 4007 2182 4066 Parasceven,
2220 4000 2386 4071 789
2410 4001 2516 4054 hoc
2533 4011 2640 4064 est,
2667 4000 2828 4055 modo
2848 3999 3099 4068 loquendi
3126 4003 3255 4056 huic
3285 4019 3385 4057 au-

1818 4097 1956 4153 ctori
1997 4095 2219 4157 usitato,
2253 4095 2305 4146 in
2365 4091 2559 4146 feriam
2597 4091 2958 4145 hebdomadis
2991 4102 3199 4146 sextam
3251 4093 3388 4148 inci-

1817 4191 1978 4246 derit.
2008 4184 2500 4241 Mamacterionem
2559 4182 2689 4238 alibi
2731 4182 3098 4254 Pachymeres
3133 4193 3388 4239 constan-

1821 4294 1928 4347 ter,
1958 4291 2018 4335 ut
2054 4280 2105 4334 in
2131 4276 2760 4348 prioriobscrvavimus
2815 4275 3116 4341 Glossario,
3161 4277 3387 4333 Junium

1821 4389 2058 4431 mensem
2085 4381 2267 4426 avocat.
2294 4370 2393 4426 Hic
2428 4379 2606 4424 autem
2655 4385 2760 4423 non
2810 4371 2885 4424 uti
2944 4385 3064 4424 eum
3120 4354 3390 4425 hactenus

1820 4477 2078 4524 consueta
2135 4467 2357 4520 notione
2409 4464 2543 4517 illud
2623 4464 2798 4531 ipsum
2854 4465 3185 4526 subindicat.
3241 4466 3388 4533 quod

233 4551 310 4605 lll.
345 4555 466 4610 Haec
503 4565 784 4623 utcunque
818 4569 924 4608 non
959 4554 1221 4608 inutiliter
1256 4554 1305 4607 in
1332 4568 1446 4608 rem
1476 4559 1712 4606 nostram

1826 4575 1933 4615 non
2002 4555 2192 4618 ἁπλῶς
2260 4564 2316 4608 et
2384 4553 2650 4616 absolute.
2705 4554 2797 4608 sed
2870 4554 3004 4607 κατ’
3072 4555 3389 4626 Ἀθηναίους

178 4641 406 4701 adnotata
441 4657 594 4710 sunt,
638 4663 742 4700 non
799 4646 1089 4702 absolvunt
1143 4656 1320 4701 tamen
1381 4644 1716 4714 propositam

178 4734 232 4786 de
253 4738 510 4807 principio
554 4750 610 4793 et
647 4739 752 4793 ﬁne
801 4739 1200 4808 patriarchatus
1241 4737 1468 4792 Joannis
1511 4737 1722 4790 Cosme:

181 4830 534 4894 quaestionem,
580 4831 850 4899 siquidem
900 4831 943 4883 is
967 4845 1067 4883 nec
1133 4830 1410 4884 inchoavit
1472 4829 1652 4882 statim
1687 4842 1717 4881 a

180 4932 370 4975 recessu
404 4923 701 4977 Athanasii
738 4924 790 4975 in
840 4923 1229 4977 monasterium
1285 4921 1566 4986 Cosmidii,
1621 4934 1720 4974 nec

182 5022 237 5061 eo
264 5026 526 5070 momento
591 5015 753 5069 desiit
809 5031 918 5084 quo
971 5015 1314 5069 Andronicus
1365 5015 1719 5068 Athanasium

181 5104 402 5157 eumdem
438 5106 511 5160 ibi
543 5106 822 5160 convenit.
859 5106 963 5159 Sed
1015 5107 1079 5158 de
1112 5105 1266 5159 initio
1323 5106 1540 5174 quidem
1575 5105 1722 5158 clare

185 5195 322 5245 tradit
354 5195 720 5266 Pachymeres
746 5210 799 5263 p.
833 5194 956 5258 186,
987 5195 1245 5249 Kalendis
1282 5193 1523 5249 Januarii
1561 5192 1723 5248 Joan-

184 5297 287 5336 nem
316 5285 564 5341 Cusntam
603 5287 705 5341 rite
731 5287 898 5341 fuiSse
932 5289 1308 5357 inauguratum
1335 5289 1721 5355 patriarcltam.

187 5371 276 5428 Nec
302 5377 518 5432 dubinut
565 5395 633 5433 ex
679 5391 791 5432 tuto
845 5391 1104 5433 contextu
1167 5395 1346 5432 rerum
1375 5387 1577 5434 a'nteac
1604 5387 1723 5449 post

187 5465 246 5518 ibi
273 5481 608 5524 narraturum
641 5480 742 5533 est,
779 5472 910 5538 quin
962 5473 1078 5525 istae
1141 5471 1394 5526 Kalendae
1451 5471 1724 5527 Januariaa

186 5555 358 5613 fuerint
417 5565 666 5631 proxime
707 5574 906 5617 secutae
936 5574 1056 5631 post
1091 5565 1387 5619 discessum
1418 5579 1448 5620 e
1491 5565 1723 5634 patriar-

187 5647 292 5703 chio
313 5654 593 5710 Athanasii
623 5666 672 5709 et
719 5657 883 5725 hujus
933 5656 1290 5711 inclusionem
1349 5659 1400 5710 in
1453 5668 1725 5712 monaste-

189 5739 306 5794 rium
336 5743 616 5812 Cosmidii,
655 5761 814 5813 quam
838 5747 902 5800 ιϐ
935 5747 1024 5802 die
1070 5747 1322 5803 Octobris
1363 5749 1489 5803 anni
1519 5749 1724 5804 Christi

191 5828 306 5888 1295
335 5838 621 5923 contigisse
649 5839 898 5896 vidimus.
933 5840 1144 5896 Maneat
1204 5842 1365 5912 igitur
1420 5857 1519 5912 pro
1580 5849 1727 5897 certo

1814 4651 1976 4718 juxta
2019 4647 2356 4700 Athenienses
2393 4645 2554 4698 istum
2590 4645 2655 4698 de
2678 4659 2783 4712 quo
2815 4646 2926 4714 agit
2952 4659 3192 4699 mensem
3220 4646 3391 4700 fuisse

1827 4740 2310 4794 Mmmacterionem
2344 4737 2558 4791 asserit.
2600 4735 2743 4790 Sane
2769 4738 2814 4791 is
2846 4753 2967 4791 esse
3000 4738 3104 4792 hoc
3134 4739 3256 4793 loco
3291 4737 3390 4792 Ju-

1825 4836 1950 4887 nius
1971 4847 2075 4886 non
2109 4838 2304 4898 potest,
2336 4830 2613 4897 quoniam,
2644 4844 2748 4896 quo
2775 4829 2889 4884 haec
2922 4842 3072 4900 gesta
3095 4846 3216 4884 esse
3243 4846 3392 4885 anno

1823 4927 1992 4979 series
2054 4923 2382 4977 narrationis
2429 4922 2587 4976 fateri
2648 4925 2812 4994 cogit,
2873 4923 3077 4978 Christi
3135 4923 3224 4996 [Ρ.
3263 4925 3391 4998 571]

1825 5017 2120 5070 millesimo
2160 5016 2544 5069 trecentesimo
2578 5026 2800 5084 quarto,
2833 5030 2955 5069 cum
3016 5017 3204 5084 cyclus
3258 5019 3391 5072 solis

1826 5115 2205 5160 muneraretur
2230 5106 2322 5170 25,
2380 5107 2464 5160 cui
2523 5108 2780 5173 competit
2823 5123 2920 5175 pro
2977 5109 3254 5162 mensibus
3298 5109 3396 5164 Fe-

1826 5198 2107 5252 bruarium
2135 5198 2483 5272 sequentibus
2545 5199 2724 5253 littera
2776 5201 2932 5253 index
2983 5199 3272 5255 Doutinica
3331 5201 3393 5265 D,

1826 5291 2118 5345 vicesimus
2155 5291 2364 5358 primus
2395 5289 2541 5344 Junii
2575 5292 2692 5346 dies
2725 5292 3023 5357 Dominiea,
3067 5310 3174 5348 non
3212 5305 3392 5348 autem

1829 5383 1960 5437 feria
1995 5394 2145 5436 sexta
2193 5382 2310 5436 fuit.
2366 5381 2480 5436 Nec
2535 5385 2782 5438 medetur
2841 5385 2968 5440 huic
3030 5387 3393 5450 incommodo,

1827 5484 2115 5544 postquam
2162 5474 2291 5526 illud
2347 5476 2799 5531 animadvertisse
2859 5479 3009 5533 visus
3071 5487 3173 5545 est,
3236 5493 3397 5547 para-

1826 5568 2074 5637 phrastcs
2105 5567 2425 5633 Vaticanus,
2458 5572 2582 5624 dum
2628 5572 2821 5628 solitus
2864 5589 3077 5642 semper
3107 5576 3239 5628 alias
3269 5574 3364 5627 Mte

1829 5660 2216 5714 macterionem
2245 5659 2613 5730 ,Pachymeris
2681 5663 2906 5717 Ἰούνιον
2948 5663 3171 5717 Junium
3227 5665 3398 5719 inter-

1829 5752 2053 5823 pretari,
2084 5751 2186 5805 hoc
2211 5751 2474 5807 duntaxat
2494 5754 2614 5810 loco
2656 5757 2878 5809 Ἰούλιον
2905 5754 3111 5809 Iulium
3141 5756 3394 5810 reddidit:

1833 5861 1954 5900 nam
1985 5859 2158 5914 neque
2187 5844 2310 5900 Julii
2340 5848 2539 5904 mensis
2569 5849 2682 5904 dies
2725 5851 3014 5904 vicesimus
3047 5849 3253 5918 primus
3277 5846 3396 5902 atil-
