3880 6586
480 376 582 436 847

1364 381 1432 441 Ρ.
1466 379 1770 441 POSSlNI
1807 379 2451 446 OBSERVATIONUM
2494 385 2639 448 LIB.
2681 385 2795 447 IlI.
3566 393 3650 456 843

481 510 604 548 xam
646 491 802 547 lateri
830 492 1067 548 litteram
1116 491 1174 546 Β
1216 491 1379 548 habet
1414 493 1482 548 'in
1540 495 1747 566 vulgari
1781 495 2048 551 Kalenda-
2080 501 2126 558 Α
2155 511 2183 550 a
2206 496 2415 552 Joanne
2440 498 2637 553 Cosma
2673 513 2858 554 coram
2889 499 2940 553 in
2957 512 3018 554 os
3042 500 3345 556 Andronico
3366 503 3656 573 Augustoin.

481 587 582 649 rio,
619 592 1115 654 proutoportuerat
1140 595 1197 638 ut
1224 584 1356 639 feria
1394 596 1546 641 sexta
1598 588 1810 642 censeri
1845 598 2046 657 posset,

480 680 573 732 sed
604 677 841 732 litteram
880 677 944 743 F,
978 676 1126 732 feriae
1162 678 1330 734 tertiae
1380 679 1610 734 indicem
1640 682 1857 749 quando
1894 680 1934 734 D
1967 680 2050 737 fe-

482 768 617 822 riam
702 768 932 837 primam
996 768 1111 823 sive
1163 769 1305 823 diem
1367 770 1699 826 Dominicam
1774 773 2045 842 designat.

480 861 718 917 Omnino
746 878 888 917 unus
916 862 968 917 in
1020 870 1135 921 toto
1180 879 1320 918 anno
1364 873 1446 919 est
1488 865 1692 919 mensis
1751 866 2046 934 Augustus,

481 953 637 1021 cujus
664 954 770 1009 diei
810 955 1079 1010 vicesimae
1108 957 1297 1026 prima!
1325 956 1504 1012 littera
1556 957 1599 1011 Β
1645 972 1788 1013 anno
1823 959 1913 1013 tali
1972 960 2051 1015 fe-

403 1074 407 1078 -
479 1047 619 1099 riam
672 1056 883 1101 sextam
917 1048 1165 1103 indicans
1207 1050 1275 1104 ad
1331 1048 1472 1104 latus
1531 1050 1743 1120 appicta
1781 1054 2047 1107 cernitur.

484 1138 599 1194 Hoc
628 1140 793 1211 igitur
833 1141 949 1207 ipso
982 1155 1165 1194 mense
1214 1141 1508 1211 contigisse
1554 1144 1794 1211 oportuit
1844 1160 2050 1201 memo-

481 1240 686 1296 ratam,
709 1246 763 1301 p.
791 1231 917 1298 384,
955 1246 984 1284 a
1017 1232 1353 1303 Pachymere
1387 1236 1782 1304 promotionem
1808 1237 2052 1292 Athana-

483 1323 569 1377 sii.
601 1324 674 1376 Ac
700 1338 831 1377 sane
865 1324 1059 1378 suadet
1105 1323 1244 1377 idem
1276 1324 1366 1379 ille
1417 1326 1712 1382 vehemens
1771 1330 1900 1385 solis
1948 1330 2051 1385 ﬂa-

483 1415 889 1483 grantisaestus,
905 1430 1011 1485 quo
1031 1426 1311 1471 excoctum
1339 1417 1511 1474 fuisse
1539 1420 1902 1476 Andronicum
1924 1425 2048 1478 dum

481 1504 589 1561 hoc
618 1517 806 1575 ageret
834 1507 1205 1578 Pachymeres
1244 1510 1418 1563 innuit
1444 1510 1627 1564 verbis
1649 1511 1781 1579 illis,
1804 1513 1895 1567 ὑπ’
1925 1514 2049 1584 ἀέρι

484 1598 597 1668 πῦρ
643 1599 856 1652 πνέοντι
892 1600 988 1653 καὶ
1027 1601 1267 1670 καιρικῷ
1325 1601 1527 1668 πνίγει,
1564 1603 1659 1656 sub
1697 1621 1819 1658 aere
1879 1606 2049 1676 ignem

480 1691 827 1757 spirante.ac
875 1700 1032 1759 prout
1078 1693 1173 1744 tali
1227 1701 1529 1760 tempestate
1570 1696 1701 1749 solet
1749 1698 1885 1764 fieri,
1925 1714 2052 1765 pene

481 1779 775 1848 suﬂocnnte
804 1782 1068 1835 trahentes
1099 1781 1344 1835 halitum.
1380 1780 1510 1847 Quae
1559 1799 1717 1839 nemo
1758 1803 1862 1841 non
1914 1788 2050 1843 fate—

474 1873 630 1927 ~bitur
651 1871 844 1928 Sextili
885 1877 1001 1930 sive
1022 1874 1263 1943 Augusto
1294 1877 1494 1939 mensi,
1518 1877 1620 1933 sub
1672 1877 1871 1935 Leonis
1898 1882 2051 1950 signo

386 2011 394 2017 .
483 1976 537 2019 et
566 1965 842 2020 Caniculae
888 1967 1070 2021 sidere
1124 1965 1282 2037 longe
1338 1968 1580 2023 omnium
1646 1972 2050 2037 ardentissimo,

482 2054 682 2109 eximie
713 2058 1022 2112 convenire.

556 2146 645 2202 Vi.
679 2148 825 2204 idem
862 2149 1062 2203 astruit
1090 2150 1224 2206 ordo
1247 2161 1522 2220 gestarum
1564 2160 1620 2208 et
1653 2169 1682 2207 a
1714 2153 2055 2228 Pachymere

484 2249 912 2296 memoratarum
954 2257 1161 2308 rerum,
1194 2258 1315 2311 qua:
1347 2251 1541 2300 exacte
1598 2253 1767 2300 totttm
1822 2248 2054 2316 spatium

483 2335 631 2388 inter
665 2334 806 2388 diem
852 2333 914 2388 l9
957 2331 1206 2387 Januarii
1245 2343 1299 2389 et
1339 2335 1540 2391 mensis
1565 2336 2057 2406 Augusti2lcom—

482 2428 655 2495 plent,
709 2435 768 2480 ut
832 2424 1073 2480 breviter
1127 2427 1464 2482 demonstro.
1506 2426 1694 2483 Refert
1741 2429 2053 2498 historicus,

483 2518 517 2571 l.
555 2533 606 2581 ν,
639 2532 688 2572 c.
717 2518 774 2583 2,
807 2517 991 2572 statim
1021 2534 1049 2571 a
1078 2518 1401 2589 refrigerato
1456 2520 1637 2589 primo
1693 2520 1784 2575 illo
1834 2522 2055 2588 ardore,

485 2626 594 2678 quo
616 2610 667 2664 in
695 2609 975 2678 Athanasii
1002 2608 1386 2678 repositionem
1410 2609 1464 2663 in
1496 2600 1628 2665 sede
1653 2610 1740 2665 die
1765 2611 1833 2667 l9
1859 2609 2058 2667 Janua-

486 2704 550 2755 rii
576 2671 775 2771 passim
802 2716 992 2755 omnes
1018 2701 1224 2770 abrepti
1253 2700 1491 2767 fuerant,
1521 2717 1625 2757 non
1661 2717 1866 2772 paucos
1913 2705 2058 2759 anti-

485 2797 672 2848 stitum
732 2793 960 2848 adversa
1005 2792 1053 2847 ei
1100 2793 1427 2861 promotioni
1467 2794 1643 2848 studia
1700 2805 2054 2853 monstrasse.

486 2886 601 2950 Qua
649 2881 1273 2944 contentionedurante,
1335 2881 1484 2934 addit
1531 2880 1892 2952 Pachymeres
1932 2899 2054 2940 mox

489 2994 541 3045 β.
573 2976 698 3040 576,
728 2976 1107 3030 Andronicum
1127 2975 1318 3029 diebus
1358 2973 1738 3046 Tyrophagiae,
1792 2978 1884 3049 qui
1930 2993 2058 3046 pro.

487 3071 630 3124 xime
662 3067 1153 3137 quadragenarium
1182 3064 1447 3135 jejunium
1478 3073 1812 3136 przecedunt,
1856 3069 2057 3124 adiisse

2153 597 2449 657 tentatum;
2479 590 2675 660 quibus
2741 590 3083 659 absumptum
3123 592 3314 646 Maium
3365 609 3574 649 mensem
3616 611 3657 654 ct

2150 677 2371 736 Junium
2415 698 2518 738 non
2567 692 2768 738 temere
2796 684 3033 751 prudens
3079 685 3375 739 aestimator
3424 700 3485 741 ex
3519 689 3660 746 histo-

2153 773 2252 827 rici
2285 774 2464 829 verbis
2497 777 2885 841 eutumaverit,
2921 779 3091 832 donec
3136 792 3319 833 mense
3363 777 3511 845 Jnlio,
3553 783 3658 836 nihil

2151 866 2219 918 ab
2283 865 2349 919 iis
2424 867 2525 922 sibi
2589 870 2916 935 sperandum
2978 856 3317 926 Andronicus
3374 872 3548 928 videns
3609 875 3659 930 ad

2151 956 2548 1025 exemptionem
2576 959 2817 1028 scrupuli
2851 967 3010 1028 quem
3058 961 3173 1028 ejus
3220 962 3394 1016 animo
3442 963 3660 1030 iniecerat

2151 1047 2594 1104 molestissimum
2620 1051 2896 1121 inopinata
2921 1051 3007 1106 illa
3027 1051 3255 1106 Joannis
3312 1053 3510 1109 Cosmus
3543 1071 3663 1111 cout-

2154 1138 2381 1192 minatin
2414 1141 3016 1206 excommunicationis,
3050 1157 3110 1198 se
3160 1154 3370 1199 vertere
3408 1146 3594 1211 statuit,
3623 1156 3665 1200 et

2153 1230 2313 1300 longo
2343 1240 2587 1302 tempore
2618 1248 2713 1303 per
2747 1233 2943 1289 missos
2963 1233 3144 1289 varios
3162 1235 3419 1290 ehlandiri
3444 1253 3467 1289 a
3495 1234 3664 1291 Joanne

2154 1320 2274 1388 ipso
2301 1331 2533 1376 conatus
2551 1332 2635 1376 est
2686 1325 3085 1379 revocationem
3119 1326 3472 1380 anathematis
3516 1328 3666 1395 illius;

2153 1411 2308 1479 cujus
2343 1411 2554 1466 tandem
2603 1412 2709 1467 voti
2742 1428 2961 1482 compos
3007 1424 3088 1470 est
3148 1414 3343 1476 factus.
3392 1415 3441 1469 itt
3473 1424 3669 1483 Optatam

2153 1501 2255 1572 ipsi
2296 1505 2622 1559 sententiam
2657 1504 2891 1577 [P.572]
2935 1506 3079 1561 edita
3113 1507 3471 1563 declarations
3517 1509 3671 1563 remis-

2153 1592 2323 1646 sionis
2359 1594 2428 1648 ab
2459 1595 2648 1649 eodem
2708 1595 3006 1662 impetrata
3050 1594 3262 1652 Joanne
3299 1597 3516 1662 Cosma;
3543 1615 3671 1666 quam

2153 1686 2479 1754 scripturam
2524 1687 2824 1753 imperator
2848 1688 3055 1756 accepit
3099 1688 3234 1743 feria
3291 1688 3379 1743 illa
3405 1696 3545 1744 sexta
3596 1703 3670 1743 ea-

2154 1780 2385 1847 demque
2420 1780 2507 1834 die
2551 1779 2811 1834 vicesima
2843 1781 3020 1849 prima
3074 1784 3283 1838 mensis
3326 1780 3559 1853 Augusti,
3603 1799 3675 1838 su-

2158 1888 2253 1942 pra
2300 1883 2596 1941 memorata
2628 1874 2849 1943 saepius.
2883 1872 3242 1929 Undetriduo
3271 1886 3417 1942 post,
3458 1875 3540 1930 die
3558 1889 3675 1928 men-

2155 1964 2234 2018 sis
2261 1964 2502 2033 ejusdem
2539 1967 2796 2021 vicesima
2854 1965 3013 2020 tertia
3056 1966 3414 2021 Athanasium
3461 1966 3512 2021 in
3560 1967 3675 2022 sedis

2155 2057 2538 2125 patriarchalis
2571 2058 2818 2112 iteratam
2850 2058 3248 2123 possessionem
3305 2058 3584 2128 imperator
3609 2061 3676 2111 in-

2157 2149 2328 2203 duxit.
2367 2149 2442 2203 En
2478 2161 2530 2203 ut
2564 2152 2840 2205 successio
2889 2160 2945 2205 et
2969 2159 3265 2207 contextus
3295 2161 3529 2207 actorum
3563 2150 3678 2206 illius

2157 2241 2286 2295 anni
2311 2242 2560 2296 eumdem
2586 2258 2685 2299 nos
2711 2244 2762 2297 in
2791 2245 2966 2299 locum
2999 2244 3331 2313 pedetentim
3361 2244 3520 2309 ducit,
3545 2258 3677 2311 quem

2158 2335 2348 2405 procul
2379 2337 2537 2405 quasi
2564 2336 2977 2406 signaveramus
3036 2336 3241 2392 indicio
3297 2338 3405 2393 alte
3442 2352 3497 2391 se
3530 2344 3681 2391 osten-

2161 2429 2327 2483 tantis
2376 2427 2715 2485 characteris
2761 2429 3158 2500 chronologiei,
3208 2429 3317 2484 hoc
3368 2438 3450 2484 est
3494 2428 3683 2494 conjun-

2159 2519 2357 2575 ctionis
2392 2517 2542 2575 ierim
2577 2531 2748 2575 sextae
2788 2522 3024 2576 cumdie
3067 2522 3299 2592 Augusti
3323 2521 3387 2575 21
3412 2539 3427 2585 ;
3452 2534 3560 2590 quae
3582 2532 3681 2572 con-

2152 2608 2366 2679 junctio
2394 2623 2515 2663 cum
2542 2624 2741 2661 annum
2768 2609 2948 2680 exigat
2989 2608 3142 2679 cyclo
3205 2609 3343 2663 solis
3371 2608 3439 2661 25
3492 2605 3682 2675 insigni-

2161 2709 2298 2766 tum,
2334 2700 2511 2770 qualis
2543 2701 2724 2755 nullus
2755 2701 2857 2754 isto
2890 2712 3193 2769 temporum
3249 2709 3428 2755 tractu
3467 2698 3590 2753 alius
3616 2705 3684 2750 e~t

2159 2794 2226 2847 ab
2262 2808 2405 2848 anno
2460 2793 2551 2862 qui
2603 2794 2655 2845 in
2694 2808 2802 2845 trra
2855 2791 3167 2848 Christiana
3210 2804 3522 2846 muneratur
3553 2803 3686 2858 quar-

2163 2896 2250 2941 tus
2278 2899 2439 2955 supra
2476 2884 2919 2940 trecentesimum
2955 2893 3011 2938 et
3040 2882 3414 2945 millesimmn,
3448 2879 3687 2935 restatde-

2161 2987 2519 3033 monstratum
2578 2992 2721 3030 anno
2773 2975 2972 3030 Christi
3016 2975 3174 3040 1504,
3225 2976 3318 3029 die
3359 2973 3428 3028 2'5
3474 2971 3685 3043 Augusti,

2160 3069 2390 3125 desiisse
2442 3067 2875 3139 patriarchatum
2930 3066 3160 3123 Joannis
3199 3066 3434 3131 Cosme,
3484 3066 3689 3120 Athana-

485 3161 746 3215 Jnannem
797 3158 1071 3214 Cnsmam.
1121 3154 1246 3209 Fuit
1315 3155 1408 3212 illo
1478 3173 1619 3213 anno
1676 3156 1812 3213 feria
1864 3167 2127 3239 quartac
2160 3161 2298 3216 sium
2353 3169 2532 3216 autem
2571 3160 3186 3229 Constantinopolitanae
3238 3159 3493 3215 Ecclesiae
3538 3155 3691 3228 pra-si-

486 3254 743 3307 Cinerum
783 3252 897 3306 dics
929 3248 1208 3302 undecima
1237 3246 1559 3314 Februarii;
1599 3249 1738 3304 unde
1790 3249 1878 3304 illa
1924 3266 2053 3320 pro-

488 3344 651 3399 fectio
676 3343 1024 3412 imperatoris
1054 3342 1122 3393 ad
1158 3337 1422 3394 Joannem
1453 3340 1639 3410 aliquo
1668 3350 1872 3411 septem
1934 3343 2056 3399 die-

487 3452 606 3490 rum
633 3434 972 3489 undecimam
1019 3431 1302 3487 Februarii
1329 3433 1471 3487 diem
1499 3433 1719 3503 ἀμέσως
1743 3436 2057 3503 praeceden-

489 3531 623 3581 tium
660 3526 957 3594 contigisse
992 3524 1217 3603 debuit.
1279 3524 1474 3578 Narrat
1535 3535 1720 3595 postea
1766 3526 2059 3584 historicus

490 3621 798 3690 perculsum
830 3618 1199 3673 Andronicum
1229 3619 1795 3674 excomntunicatione
1826 3636 1854 3674 a
1888 3620 2057 3676 Joan-

493 3730 581 3779 ne,
605 3721 890 3785 postquam
920 3711 1071 3765 illum
1103 3712 1221 3779 ipse
1246 3726 1432 3765 verum
1462 3713 1642 3767 adhuc
1687 3714 2056 3782 patriarcltatn

492 3814 809 3878 agnoverat,
829 3805 882 3859 in
904 3818 997 3858 eos
1016 3803 1284 3857 intentata
1305 3803 1396 3872 qui
1421 3804 1776 3859 Athanasium
1799 3821 2061 3878 reponere

490 3901 546 3955 in
587 3900 714 3954 sede
736 3886 1077 3961 molirentur,
1112 3896 1343 3950 multum
1375 3896 1652 3969 remisisse
1695 3899 1760 3952 de
1791 3900 1971 3955 studio
2007 3903 2058 3955 in

489 4009 607 4048 eam
644 3991 1039 4047 restitutionem
1086 4004 1204 4043 suo.
1254 3987 1578 4057 Supervenit
1629 3988 1716 4043 his
1748 3992 1967 4047 morbus
2009 4001 2061 4046 et

492 4100 640 4139 innrs
668 4082 968 4137 Theodorae
1002 4082 1257 4150 Angusta:
1312 4080 1498 4134 matris
1530 4079 1848 4146 Andronici,
1900 4084 2063 4137 rebus

493 4175 749 4230 humanis
788 4173 951 4244 790
997 4172 1292 4226 subtractae
1339 4169 1475 4226 feria
1529 4175 1762 4228 secunda
1815 4175 2064 4229 secunda:

486 4268 820 4339 jejuniorum
850 4248 1228 4327 hebdomadas,
1259 4262 1366 4317 hoc
1396 4273 1481 4318 eet
1506 4264 1595 4318 die
1646 4264 1924 4319 Februarii
1976 4266 2066 4320 de-

489 4360 629 4413 cima
659 4362 833 4420 sexta,
866 4365 922 4408 ut
975 4368 1030 4424 p.
1061 4352 1166 4407 577
1205 4352 1471 4417 refertur;
1496 4354 2065 4425 significaturqueibi-

490 4456 799 4505 dem-curas
830 4448 1112 4498 universas
1142 4443 1482 4512 imperatoris
1509 4446 1574 4497 ad
1603 4446 1918 4506 curandam,
1937 4447 2061 4498 dttm

2156 3255 2282 3309 dere
2312 3256 2511 3307 iterum
2538 3254 2799 3322 cwpisse.
2834 3252 2989 3308 Unde
3039 3254 3409 3322 consequitur
3465 3250 3687 3307 Joannem

2156 3345 2409 3399 Cnsmam
2439 3359 2468 3397 a
2494 3344 2758 3399 Kalendis
2813 3342 3093 3399 Januariis
3135 3345 3268 3397 anni
3309 3343 3505 3400 Christi
3564 3341 3688 3405 l29i,

2156 3432 2222 3484 ad
2246 3432 2388 3485 diem
2412 3431 2483 3485 23
2510 3432 2734 3502 Augusti
2759 3433 2883 3486 anni
2914 3431 3116 3486 Christi
3138 3432 3304 3494 430.5,
3324 3434 3481 3488 annis
3509 3446 3688 3493 novem,

2157 3533 2366 3591 septem
2405 3523 2683 3579 mensibus
2704 3533 2759 3580 et
2801 3522 2875 3576 29.
2921 3534 3186 3594 praeterea
3241 3525 3459 3592 diebus,
3499 3523 3693 3593 patriar-

2159 3616 2380 3670 chatum
2414 3616 2674 3670 tenuisse.

2231 3707 2346 3765 VII.
2382 3708 2569 3761 Restat
2595 3708 2685 3763 hic
2710 3707 3054 3764 deﬁniendus
3084 3724 3268 3764 annus
3291 3708 3466 3764 eventi
3515 3704 3694 3761 notabi-

2162 3801 2231 3855 lis
2263 3815 2292 3854 a
2320 3811 2510 3854 nostro
2549 3800 2811 3855 historico
2838 3801 2992 3855 relati
3024 3800 3060 3855 l.
3093 3814 3175 3863 nt,
3202 3816 3254 3855 c.
3297 3800 3393 3866 24,
3428 3799 3562 3867 quod
3600 3797 3694 3851 sine

2162 3893 2337 3948 dubio
2352 3892 2419 3948 ad
2452 3893 2879 3963 patriarchatum
2909 3892 3138 3948 Joannis
3173 3891 3387 3947 Cosmae
3437 3890 3524 3946 hic
3548 3905 3575 3943 a
3621 3901 3696 3940 no-

2164 3986 2246 4039 bis
2280 3985 2663 4053 chronnl0gica
2683 3986 2895 4039 ratione
2923 3984 3204 4040 deﬁnitum
3241 3987 3500 4052 pertinet.
3540 3979 3694 4035 Refert

2164 4070 2284 4126 loco
2331 4071 2549 4127 laudato
2602 4072 2967 4142 Pacltymeres
3033 4086 3227 4139 pueros
3265 4072 3546 4143 quosdam,
3595 4069 3695 4124 dunt

2166 4178 2356 4216 mense
2387 4161 2693 4231 Septembri
2726 4165 2884 4218 nidos
2926 4162 3303 4217 columbarum
3367 4167 3420 4219 in
3482 4161 3697 4219 catechu-

2166 4258 2371 4309 meneis
2390 4266 2788 4319 scrutarentur,
2839 4263 3009 4309 testas
3068 4254 3225 4325 791
3289 4258 3549 4326 reperisse
3583 4255 3698 4307 intra

2165 4362 2299 4416 quas
2354 4346 2690 4401 Athanasius
2748 4348 3085 4417 patriarchio
3157 4364 3486 4404 excessorus
3531 4347 3697 4413 scripta

2168 4440 2414 4508 quaedam
2453 4439 2769 4503 incluserat,
2809 4449 2972 4510 prout
3026 4441 3166 4494 idem
3200 4448 3543 4503 narraverat,
3575 4433 3700 4494 ωε

488 4539 795 4611 wgrotavit,
817 4546 869 4592 et
894 4546 1182 4604 p0stquam
1232 4532 1347 4589 fato
1406 4533 1589 4588 functa
1630 4543 1733 4597 est,
1779 4536 2065 4605 magnifico
2092 4514 2144 4573 D
2171 4532 2406 4598 (123,1.
2439 4547 2503 4587 ιι.
2556 4530 2652 4586 llis
2669 4532 2749 4587 sic
2794 4533 3023 4600 prolatis
3058 4532 3274 4588 chartis
3330 4534 3590 4588 turbatum
3629 4542 3699 4580 νε·

490 4650 554 4687 ac
586 4634 732 4702 regio
762 4631 950 4684 funere
990 4628 1372 4684 honorandum
1422 4636 1648 4681 matrem
1682 4641 1807 4682 esse
1837 4643 2062 4682 coniver-

492 4743 600 4780 sas.
644 4725 772 4778 Post
802 4723 1101 4779 Paschales
1143 4737 1247 4777 non
1277 4736 1473 4792 magno
1501 4719 1628 4775 inde
1661 4719 1948 4774 intervallo
1980 4735 2063 4773 sc-

493 4833 648 4873 t-mas
680 4817 847 4871 ferias
875 4816 994 4870 alia:
1028 4824 1284 4882 urgentes
1316 4813 1739 4868 domesticorum
1771 4812 2061 4867 affectuum

493 4909 887 4966 sollicitudines
936 4906 1229 4960 Andronici
1286 4905 1526 4957 animum
1565 4921 1593 4957 a
1650 4905 1934 4975 Cogitanda
1998 4906 2066 4959 de

496 5001 798 5058 Athanasio
852 5009 1187 5060 averterunt,
1238 5012 1366 5050 cura
1427 4996 1681 5049 nimirum
1739 4997 2064 5051 adornanda?

496 5093 849 5165 profectionis
903 5092 1085 5145 [renes
1144 5104 1256 5142 sine
1314 5089 1559 5157 conjugis
1622 5087 2065 5141 Thessalonicam

495 5185 882 5258 cogitantis,et
912 5184 1225 5251 nuptiarum
1252 5178 1481 5233 Joannis
1530 5180 1766 5248 despota:
1821 5180 1904 5234 sui
1969 5181 2063 5234 lilii

496 5298 617 5333 cum
655 5279 762 5333 tilia
813 5276 1050 5332 Chnmni
1079 5273 1161 5327 stti
1194 5273 1435 5341 primarii
1502 5272 1733 5327 ministri
1785 5273 2066 5327 celebran-

497 5373 727 5434 darum;
762 5383 882 5439 quae
913 5367 1091 5435 capite
1132 5365 1325 5432 quinto
1375 5372 1765 5427 memorantur,
1821 5373 1875 5416 et
1912 5362 2069 5415 facile

501 5465 615 5519 dies
647 5478 677 5516 a
722 5459 935 5515 Pascha
971 5458 1282 5528 quindecim
1331 5456 1688 5525 expleverint.
1734 5454 1925 5509 Incidit
1968 5470 2068 5506 au-

499 5570 605 5612 tent
650 5556 742 5610 illo
776 5569 920 5609 anno
965 5553 1166 5607 l’ascha
1218 5552 1269 5604 in
1312 5550 1453 5604 diem
1492 5549 1562 5603 29
1623 5548 1822 5603 Martii.
1874 5547 2069 5601 Adulto

494 5651 667 5718 igitur
686 5648 796 5717 jam
848 5646 1033 5715 Aprile
1087 5653 1417 5712 resutnptum
1478 5641 1732 5697 Ecclesia:
1792 5639 2067 5709 negotium

500 5752 613 5803 est;
645 5750 700 5793 et
732 5740 901 5804 longua
934 5738 1036 5789 ille
1069 5754 1116 5791 ιι.
1162 5737 1197 5790 6
1228 5735 1479 5790 indicata!
1518 5733 1728 5788 institui
1754 5731 1821 5785 ab
1860 5731 2068 5797 episco-

498 5832 583 5900 pis
614 5829 1025 5885 deliberationes
1052 5838 1254 5900 emptae
1281 5828 1425 5885 circa
1452 5822 2063 5882 excomntuuicationem

2165 4624 2449 4678 hementer
2496 4623 2862 4679 Andronicum
2894 4624 3065 4679 fuisse
3101 4635 3324 4694 propter
3382 4628 3701 4680 memoratum

2167 4716 2277 4771 illic
2313 4717 2601 4770 anathema
2627 4715 2695 4769 ab
2718 4717 3019 4772 Athanasio
3061 4719 3324 4772 intortum
3356 4720 3411 4772 in
3443 4722 3702 4772 δόνει-εδει·

2167 4819 2251 4863 tes
2286 4809 2409 4862 sibi.
2451 4811 2637 4875 Itaque
2695 4808 2960 4877 allegnsse
2991 4820 3170 4864 certos
3197 4809 3452 4864 homines
3485 4808 3545 4862 ad
3562 4803 3703 4860 Atha-

2168 4896 2381 4949 nasium
2415 4896 2671 4963 privatim
2704 4896 2758 4950 in
2790 4898 3124 4952 monasterio
3157 4900 3469 4968 degentem,
3522 4895 3602 4964 qui
3651 4906 3703 4944 ex

2168 5002 2234 5042 eo
2260 4988 2527 5042 rescirent
2552 5003 2620 5041 an
2652 4997 2708 5042 et
2755 5003 2864 5057 quo
2887 4988 3073 5045 animo
3099 4989 3200 5044 ista
3260 4990 3585 5058 scripsisset.
3627 4980 3705 5036 111⁸

2167 5097 2288 5136 eum
2315 5079 2608 5134 tradidisse
2651 5080 2937 5150 scriptum,
2990 5097 3097 5150 quo
3145 5083 3526 5150 imperatorem
3580 5074 3701 5132 omni

2167 5174 2399 5229 exsolvit
2459 5175 2734 5243 scrupulo.
2802 5174 3075 5243 Scriptum
3137 5184 3319 5229 autem
3370 5174 3510 5228 istud
3566 5168 3707 5224 fuisse

2169 5268 2548 5338 consignatum
2610 5278 2734 5322 nota
2803 5269 3071 5338 temporis
3132 5267 3238 5333 ait,
3280 5267 3487 5321 mensis
3531 5263 3701 5331 Aprili!

2170 5371 2224 5415 ct
2293 5361 2609 5415 indictionis
2660 5361 2719 5415 Η
2783 5360 3042 5431 (p.256).
3103 5359 3271 5429 Igitur
3337 5360 3391 5413 id
3455 5351 3707 5423 contigerit

2111 5444 2141 5462 ”
2171 5470 2315 5507 anno
2345 5452 2551 5507 Christi
2590 5452 2746 5517 1298,
2780 5467 2911 5522 quo
2951 5453 3321 5506 certissimum
3377 5462 3458 5505 est
3487 5445 3705 5503 indictio-

2171 5558 2293 5597 nem
2324 5543 2386 5596 il
2425 5540 2594 5596 fuisse
2614 5551 2955 5596 numeratam
2988 5543 3198 5597 Graecis
3224 5557 3252 5595 a
3287 5530 3705 5610 Septembrianni

2172 5634 2548 5704 przeeedcntis.
2610 5635 2814 5690 Latinis
2864 5651 2892 5690 a
2927 5636 3191 5689 Kalendis
3239 5633 3530 5690 Januariis.
3595 5623 3707 5681 Illud

2172 5727 2264 5781 hic
2308 5728 2548 5781 occurrit
2575 5727 3003 5791 incommodum,
3032 5728 3176 5796 quod
3211 5726 3408 5780 litterae
3440 5726 3548 5777 ista
3564 5717 3710 5773 Atha-

2174 5821 2314 5875 nasii
2363 5820 2751 5876 declaratrices
2834 5821 3034 5876 mentis
3110 5819 3227 5890 ejus
3293 5832 3481 5873 mense
3524 5816 3709 5904 demunt
