3880 6538
207 540 304 603 81⁸)

197 759 374 805 octavo
410 756 825 827 consignentur,
880 774 1001 816 cum
1040 772 1153 818 tota
1217 769 1460 821 narratio
1514 756 1760 825 historici

197 839 518 901 demonstret
554 848 726 905 multo
767 852 986 909 brevius
1007 856 1241 926 spatium
1268 856 1648 916 intercessisse
1679 865 1765 915 in-

1495 564 2156 637 CHRONOLOGICUS.
2530 636 2535 641 .

201 660 356 728 Aprili
393 671 518 731 post
557 664 931 725 inventionem
966 669 1283 727 chartarum
1318 675 1761 765 absconditarum
1792 691 1838 747 Α
1868 699 1995 756 gere
2030 688 2141 745 visa
2174 689 2247 747 sit
2281 691 2347 746 ab
2375 691 2563 748 umbra
2595 703 2717 764 pust
2744 695 2889 753 horae
2918 697 3168 755 trientem
3200 702 3440 757 tandem-

3335 592 3442 653 850

1872 794 1977 848 que
2034 792 2155 851 post
2202 784 2347 841 horae
2392 786 2737 842 intervallum
2774 798 2887 845 tota
2918 795 3231 861 emerserit,
3265 813 3442 867 neque

1867 885 1996 927 vero
2052 875 2193 930 diem
2250 893 2429 948 neque
2481 895 2680 935 annum
2713 883 3005 953 exprimat,
3055 888 3150 943 sed
3185 890 3358 944 solum
3389 892 3441 944 id

193 941 267 986 ter
291 939 607 1005 scrupulum
647 942 912 999 insertum
942 956 997 1001 et
1031 948 1279 1002 evulsum
1349 951 1533 1006 animo
1590 953 1764 1023 ίιηρθ·
1864 965 2134 1023 accidisse
2197 978 2440 1040 tempore
2494 974 2797 1031 Andronici
2861 977 3152 1049 Palaeologi
3215 982 3439 1050 referat,
3526 982 3529 985 ’

197 1028 377 1050 ...ιι-2-
443 1027 608 1050 Αγηης
665 1049 668 1050 ,
823 1037 834 1050 ι
1037 1040 1051 1050 Ι
1171 1040 1185 1050 ι
1215 1040 1226 1050 ι
1468 1043 1479 1050 .
1567 1046 1577 1050 -
1665 1046 1674 1050 -

197 1028 402 1081 ratoris.
441 1027 683 1089 Omnino
707 1037 869 1093 credo
896 1040 1148 1093 mendum
1171 1040 1262 1094 hic
1308 1056 1431 1096 esse
1467 1043 1519 1096 in
1551 1046 1761 1101 duobus

193 1116 416 1187 alioquin
465 1124 694 1189 optimis
717 1129 996 1184 codicibus
1037 1132 1388 1203 Parhymcris
1420 1134 1457 1186 Β
1514 1146 1567 1190 et
1597 1139 1635 1190 A
1672 1139 1757 1192 di-

191 1219 320 1264 serte
343 1212 677 1271 habentibus
728 1224 863 1290 μηνὶ
898 1221 1224 1295 ’Δπρι>.λῑῳ,
1280 1237 1334 1279 et
1392 1227 1530 1294 apud
1591 1245 1754 1285 unum

195 1300 500 1358 Vaticanum
543 1322 730 1364 veram
772 1311 940 1383 hujus
1010 1314 1111 1369 loci
1175 1326 1395 1372 exstare
1445 1306 1754 1374 lectionem.

189 1396 235 1446 In
284 1409 348 1450 eo
379 1398 527 1451 enim
604 1401 807 1471 legitur
864 1407 995 1475 μηνὶ
1049 1408 1412 1480 Σεπτεμϐρίῳ
1487 1411 1757 1464 ἔνδικτιῶ-

152 1503 262 1558 ,νος
285 1486 376 1550 ια’,
408 1490 512 1544 hoc
539 1504 649 1557 est,
672 1512 847 1551 mense
870 1495 1163 1566 Septembri
1191 1501 1499 1557 indictionis
1536 1504 1622 1560 11.
1659 1505 1755 1559 Se-

186 1582 428 1646 ptembris
460 1585 634 1654 igitur
681 1588 841 1645 initio
872 1595 999 1646 anni
1033 1594 1243 1650 Christi
1289 1596 1453 1661 1297,
1506 1614 1614 1669 quo
1641 1601 1751 1670 jam

184 1668 340 1725 Graeci
374 1672 741 1734 indictionem
803 1681 862 1736 11
915 1698 1207 1739 numerare
1252 1702 1351 1741 suo
1404 1704 1557 1745 more
1591 1706 1756 1745 orcu-

184 1760 387 1827 pabaut,
425 1778 665 1837 repertae
696 1770 899 1827 chartae
928 1775 1044 1828 ista:
1092 1776 1315 1842 fuerint,
1369 1772 1490 1847 post
1549 1796 1753 1851 paucos

183 1866 293 1906 vero
317 1854 431 1911 dies
476 1860 677 1914 eodem
705 1865 1113 1922 menselitterae
1141 1868 1428 1923 Athanasii
1489 1886 1627 1941 quas
1666 1875 1751 1927 di-

184 1942 342 2000 ximus
362 1953 720 2022 conscriptae.
751 1953 873 2009 Fuit
902 1968 1087 2012 autem
1122 1960 1167 2014 is
1195 1976 1370 2018 annus
1412 1962 1624 2019 Cosma:
1648 1982 1750 2037 pa-

184 2034 504 2095 triarchatns
536 2054 803 2113 quartus.

794 2163 1026 2222 CAPUT
1057 2168 1121 2224 ν.

185 2261 406 2351 De'luna:
428 2272 906 2351 defectione‘totali
940 2279 1406 2351 Constantinopoli
1447 2286 1556 2339 visa
1580 2286 1663 2341 die
1688 2289 1755 2343 14

237 2334 672 2422 Ιμηαανίϊςιηηο
712 2346 911 2422 Christi
951 2350 1105 2416 1502,
1149 2334 1321 2422 quantr

239 2405 494 2477 chymeres
525 2414 564 2467 Ι.
594 2431 670 2481 iv,
702 2434 751 2471 c.
783 2418 870 2472 15.

238 2514 277 2570 1.
305 2518 427 2575 Fuit
463 2522 699 2583 Joannis
724 2527 935 2586 Cosmte
965 2534 1375 2602 patriarchatus
1404 2539 1507 2593 alia
1532 2555 1751 2610 quoque

182 2611 490 2680 conspicuus
541 2619 759 2675 caelesti
813 2631 958 2688 nota,
1002 2639 1069 2678 eo
1121 2626 1211 2682 hic
1259 2642 1289 2682 a
1343 2629 1502 2685 nobis
1537 2642 1751 2700 pertra-

178 2702 353 2756 ctanda
384 2705 730 2777 diligentius,
762 2715 910 2781 quod
944 2714 1059 2782 ejus
1094 2720 1465 2776 consideratio
1496 2734 1750 2793 speretur

179 2792 530 2852 redundatura
570 2801 627 2853 in
665 2818 774 2857 non
803 2806 1030 2874 vulgare
1063 2809 1488 2867 stabilimentum
1514 2792 1750 2868 chrono-

179 2880 455 2954 logicarum
475 2891 708 2961 hujusce
736 2905 901 2950 totius
920 2897 1161 2955 historia:
1190 2902 1481 2956 rationum.
1502 2901 1587 2975 [P.
1615 2904 1746 2978 573]

178 2972 306 3031 Loco
335 2981 497 3037 modo
524 2984 795 3053 indicato,
820 2990 1079 3044 nimirum
1110 3009 1161 3060 p.
1191 2993 1319 3058 306,
1343 2994 1538 3051 scribit
1557 3004 1746 3053 noster

178 3065 453 3130 historicus
506 3077 707 3133 eodem
768 3095 913 3135 anno
974 3085 1128 3153 cujus
1181 3096 1305 3155 post
1359 3087 1743 3157 aequinoctium

177 3164 470 3219 autumnale
517 3178 738 3223 cometa
798 3175 1143 3242 prmcedeute
1201 3177 1379 3246 capite
1436 3181 1743 3251 descriptus

176 3261 503 3321 apparuerat,
534 3255 808 3317 Januario
838 3275 1116 3326 currente.
1145 3281 1268 3321 cum
1298 3258 1507 3338 primus
1538 3271 1682 3326 luna:
1712 3288 1741 3327 a

176 3344 433 3402 novilunio
470 3364 806 3421 progressus
855 3357 1017 3411 simul
1050 3375 1173 3413 cum
1208 3359 1298 3414 illo
1349 3378 1535 3418 mense
1594 3366 1739 3418 ince-
1770 3389 1814 3451 ο
1846 3344 2072 3462 ἔὲιϊῗιξὲι.

177 3434 348 3502 pisset,
379 3454 507 3495 eum
546 3443 823 3511 planctam
874 3450 1175 3518 plcuilunio
1228 3452 1282 3506 iu
1315 3454 1611 3525 deliquium
1651 3457 1737 3509 in-

175 3526 375 3594 cidisse,
417 3543 588 3602 prout
632 3537 948 3607 imperatori
994 3545 1358 3613 praedixerant
1409 3551 1741 3604 astronomi-

176 3631 340 3675 carum
401 3628 566 3692 periti
631 3616 927 3700 rationum,
976 3646 1173 3705 nempe
1229 3639 1298 3692 ita
1351 3649 1409 3694 ut
1455 3642 1737 3695 obscurari

174 3713 377 3780 coeperit
410 3716 525 3772 fere
559 3721 724 3774 tertia
758 3725 936 3780 noctis
970 3728 1121 3794 hora,
1160 3744 1189 3782 a
1220 3739 1374 3799 parte
1406 3731 1544 3786 disci
1577 3733 1736 3786 luna-

177 3796 241 3852 ris
269 3800 552 3871 Orientali,
595 3810 963 3883 paulatimque
1008 3831 1105 3886 per
1153 3796 1302 3872 hora:
1337 3821 1569 3889 spatium
1600 3825 1733 3879 cali-

176 3886 281 3954 gine
302 3895 672 3966 subintrante,
721 3914 945 3968 prorsus
992 3905 1136 3959 intra
1191 3886 1435 3962 umbram
1465 3910 1589 3963 luna
1625 3923 1734 3968 tota

177 3978 429 4051 absorpta,
459 3989 620 4057 nigra
652 3993 953 4057 perstiterit
990 3995 1137 4050 horae
1168 3997 1384 4054 triente.
1428 3999 1557 4054 Post
1592 4006 1733 4071 quod

180 4084 436 4132 resumens
495 4082 646 4136 lento
713 4097 1028 4164 progressu,
1085 4102 1115 4141 a
1174 4087 1343 4145 limbo
1408 4092 1530 4147 eteli
1595 4096 1736 4164 parti

179 4161 417 4222 Orientali
483 4172 744 4237 obverso,
796 4163 1069 4246 perditum
1120 4181 1328 4247 lumen,
1372 4192 1485 4238 tota
1534 4161 1733 4242 sensim

179 4252 296 4310 hora
344 4264 586 4317 tenebris
620 4280 925 4337 emergens,
980 4284 1113 4338 pura
1153 4273 1313 4343 792
1355 4276 1589 4345 denique
1619 4281 1731 4346 plc-

177 4357 287 4400 num
318 4362 398 4414 os,
439 4363 499 4408 ut
535 4363 725 4421 antea,
763 4356 951 4414 lucens
983 4367 1241 4418 ostendit.
1282 4364 1378 4421 His
1410 4367 1526 4423 fere
1558 4374 1735 4427 verbis

177 4444 348 4492 auctor
404 4440 551 4496 istud
616 4446 1033 4512 phrenomenum
1094 4454 1371 4522 exprimit,
1428 4471 1628 4526 quotus
1688 4465 1733 4517 is

106 4542 120 4556 τ
179 4542 332 4582 annus
358 4531 426 4587 ab
452 4534 589 4589 orbe
617 4540 859 4599 condito.
896 4556 1001 4611 qua
1036 4543 1171 4598 solet
1196 4545 1466 4602 interdum
1495 4552 1571 4604 uti
1602 4567 1730 4618 mra,

179 4633 473 4683 numeratus
511 4627 680 4683 fuerit
722 4640 928 4687 tacens.
985 4635 1242 4690 Cousului
1292 4655 1391 4710 ego
1422 4657 1586 4708 super
1625 4644 1728 4700 hoc

180 4711 509 4775 domesticum
541 4723 822 4778 oraculum
854 4728 1179 4796 doctissimi,
1213 4733 1586 4790 humanissimi
1625 4740 1725 4791 mi-
1761 4742 1803 4799 υ
1866 4757 1984 4808 1307

181 4802 322 4874 hique
350 4805 694 4867 amicissimi
720 4817 891 4885 patris
919 4816 1161 4901 Joannis
1199 4823 1453 4893 Baptistae
1504 4828 1729 4886 Bicciuli

180 4896 430 4956 societatis
452 4913 677 4971 nostrae,
705 4907 847 4962 datis
880 4911 945 4962 ad
983 4910 1130 4965 illum
1151 4896 1291 4970 hinc
1321 4917 1492 4972 lloma
1532 4919 1731 4979 litteris

180 4985 303 5042 circa
323 4991 533 5049 initium
598 4997 803 5065 Aprilis
859 5014 1006 5055 anno
1056 5001 1259 5060 Christi
1311 5007 1468 5066 1667.
1502 5012 1585 5066 Ad
1635 5029 1729 5071 eas

183 5087 395 5137 mutuam
429 5087 549 5157 ejus
586 5088 872 5157 epistolam
905 5091 994 5147 hic
1033 5093 1346 5153 describere
1393 5116 1573 5171 Operae
1606 5121 1729 5176 pre-

182 5164 293 5224 tium
315 5173 455 5232 duxi.

184 5273 393 5348 Epistula
442 5291 672 5348 Joannis
718 5295 977 5366 Baptista:
1039 5298 1262 5355 Riccioli
1310 5320 1417 5360 soc.
1477 5305 1608 5363 Jesu
1657 5313 1727 5365 ad

375 5379 590 5437 Petrum
625 5384 910 5442 Possinum
948 5392 1186 5461 ejusdem
1219 5396 1510 5458 societatis.

499 5499 798 5557 Reverentia
828 5505 882 5558 in
930 5504 1140 5561 Christo
1176 5506 1363 5568 Pater.

374 5604 489 5661 Pax
518 5608 744 5666 Christi.

242 5691 360 5749 Cum
423 5699 808 5774 Pachymeres,
868 5707 906 5761 ι.
961 5724 1037 5774 tv,
1091 5712 1270 5777 c.15,
1325 5727 1512 5772 narret
1546 5720 1721 5778 visam

189 5778 617 5863 Constantinopoli
663 5796 908 5866 eclipsim
966 5800 1106 5856 lume
1167 5808 1384 5860 totalem
1416 5824 1603 5865 mense
1632 5814 1722 5868 Ja-

189 5877 372 5944 nuario,
407 5884 532 5938 hora
571 5889 747 5944 noctis
776 5890 830 5955 3,
873 5891 943 5945 ita
980 5904 1038 5947 ut
1070 5893 1194 5948 luna
1229 5907 1346 5965 post
1378 5898 1566 5953 horam
1611 5904 1722 5960 fere

192 5969 281 6018 tcta
313 5972 441 6026 intra
464 5979 709 6034 umbram
745 5983 953 6038 telluris
980 5986 1236 6041 immersa
1271 5990 1431 6044 fuerit
1459 6001 1512 6045 ct
1546 6009 1720 6049 cmer-

1859 1057 2021 1128 jubes
2053 1076 2159 1125 me,
2196 1073 2350 1133 pater
2383 1066 2699 1122 doctissime
2732 1080 2786 1123 et
2820 1073 3218 1136 amantissime,
3253 1074 3439 1144 inqui-

1863 1166 1986 1206 rere
2002 1168 2066 1206 ex
2084 1169 2203 1210 mea
2222 1157 2570 1214 Astronomia
2593 1161 2909 1216 Rcl’ormata
2926 1175 3094 1233 quoto
3112 1166 3441 1224 Christianae

1862 1244 2082 1312 epocha:
2114 1261 2260 1304 anno
2291 1250 2414 1307 talis
2447 1253 2666 1322 eclipsis
2698 1257 3025 1325 contigerit;
3066 1262 3436 1330 supponisque

1859 1347 1924 1388 ex
1991 1349 2248 1395 contextu
2307 1358 2489 1398 rerum
2541 1355 2816 1414 gestarum
2876 1365 3074 1405 annum
3129 1352 3438 1423 hujusmodi

1859 1428 2164 1485 consistere
2209 1431 2352 1489 inter
2393 1435 2536 1492 1298
2586 1450 2640 1492 et
2688 1440 2823 1495 1310
2863 1442 3024 1497 dictae
3073 1447 3315 1510 epochm.
3366 1445 3439 1502 Ut

1859 1520 1998 1574 votis
2034 1523 2140 1577 tuis
2167 1527 2622 1594 ohsecuudarem,
2652 1533 2960 1588 examinavi
3007 1536 3302 1604 plenilunia
3345 1535 3440 1591 Ja-

1858 1613 2035 1668 nuarii
2058 1618 2299 1671 omnium
2320 1620 2704 1689 praedictorum
2730 1640 2998 1680 annorum
3024 1645 3042 1694 ;
3066 1637 3118 1682 et
3138 1629 3438 1698 respondeo

1857 1702 2112 1758 distincte
2161 1721 2257 1772 per
2296 1718 2409 1765 tr‘es
2456 1713 2864 1775 conclusiones;
2926 1732 3286 1787 supponoque
3335 1735 3435 1789 pro

1856 1804 2027 1859 certo,
2063 1810 2129 1851 ex
2171 1814 2288 1852 mea
2352 1810 2461 1855 tum
2515 1803 2858 1873 Geographia
2913 1816 3025 1862 tam
3077 1809 3429 1866 Astronomia

1858 1887 2193 1954 Reformata,
2241 1892 2712 1967 Constantinopoli
2762 1899 3104 1955 altitudinem
3156 1904 3263 1971 poli
3313 1920 3437 1960 esse

1854 1980 2117 2052 graduum
2137 1982 2228 2049 42,
2250 1984 2340 2048 56,
2374 1988 2603 2057 ejusque
2643 1991 3001 2045 Ineridianum
3029 1993 3435 2051 orientaliorem

1855 2085 1976 2126 esse
1998 2070 2334 2151 Bononiensi
2359 2076 2467 2149 (cui
2494 2078 2667 2135 allisa:
2689 2091 2818 2136 sunt
2841 2097 2973 2138 meae
2997 2082 3211 2156 tabulae)
3234 2087 3363 2141 hora
3382 2087 3433 2153 1,

1856 2167 1988 2224 min.
2020 2167 2113 2235 20,
2141 2162 2245 2226 2ϐἰ⁶

2421 2292 2475 2345 1·
2513 2292 2822 2349 Conclusio.

1924 2397 2075 2452 Inter
2105 2413 2275 2455 annos
2308 2401 2511 2457 Christi
2545 2403 2683 2460 1298
2736 2413 2789 2460 et
2820 2405 2959 2459 1310
3005 2406 3184 2462 nullus
3223 2407 3343 2475 luit,
3378 2409 3431 2464 in

1852 2490 2006 2560 cujus
2041 2489 2299 2546 Januario
2341 2494 2506 2551 fuerit
2553 2497 2908 2567 plenilunium
2944 2499 3287 2570 cclipticum,
3323 2503 3430 2558 nisi

1851 2582 1979 2634 anni
2009 2582 2170 2648 1301,
2198 2585 2334 2639 1502
2359 2596 2416 2641 et
2448 2588 2607 2643 1303.

1924 2673 2083 2729 Ratio
2118 2688 2199 2731 est
2230 2679 2377 2747 quia,
2415 2691 2472 2734 ut
2530 2682 2672 2737 lunae
2726 2684 2947 2754 eclipsis
2976 2687 3047 2742 sit
3103 2688 3429 2743 naturaliter

1850 2766 2147 2835 possibilis,
2184 2767 2324 2824 lunae
2355 2770 2623 2827 distantia
2659 2789 2689 2829 a
2726 2777 2979 2844 pr0piore
3016 2768 3281 2833 nodorum
3319 2795 3427 2834 non

1849 2853 2011 2910 debet
2062 2859 2329 2914 excedere
2377 2863 2578 2928 gradus
2625 2864 2713 2931 17,
2762 2850 3145 2928 20,”υιόοοιιί
3187 2868 3329 2923 libro
3385 2866 3428 2923 ν

1849 2946 2137 3017 Almagesti
2163 2949 2321 3004 Novi.
2357 2953 2427 3006 At
2454 2954 2506 3007 in
2543 2954 2855 3023 pleniluniis
2906 2955 3151 3012 Januarii
3183 2959 3425 3012 omnium

1848 3054 2115 3094 annorum
2136 3042 2203 3095 ab
2224 3057 2370 3099 anno
2396 3045 2534 3100 1298
2556 3048 2622 3100 ad
2647 3047 2806 3104 1310.
2827 3046 3060 3116 demptis
3080 3050 3422 3115 annis1301,

1849 3131 2009 3194 1502,
2036 3133 2197 3199 1505,
2228 3134 2355 3189 luna
2391 3138 2587 3191 distitit
2615 3153 2643 3191 a
2671 3139 2922 3208 propiore
2947 3143 3087 3194 nodo
3116 3142 3233 3209 plus
3257 3156 3431 3210 quam

1848 3223 2049 3291 gradus
2089 3224 2177 3289 17,
2212 3226 2303 3291 20,
2344 3235 2402 3281 ut
2452 3242 2516 3281 ex
2554 3229 2729 3298 prima
2781 3230 2975 3293 tabella
3028 3231 3169 3286 infra
3220 3233 3422 3302 scripta
3456 3260 3461 3265 -

1850 3314 2035 3381 liquet.
2087 3315 2252 3386 Ergo,
2301 3324 2408 3372 etc.
2440 3318 2508 3373 Et
2551 3321 2617 3374 ad
2676 3318 2733 3375 id
2764 3320 3183 3376 discernendqu
3224 3324 3427 3379 sullicrt

2076 3422 2108 3462 e
2132 3408 2426 3477 plenilunia
2455 3410 2654 3466 media.

2227 3534 2388 3608 793
2422 3535 2504 3609 [Ρ.
2540 3536 3039 3611 5741TABELLA.

1867 3678 1992 3730 m1
2358 3649 2603 3730 fissile:
2734 3654 2884 3730 11"”,
3136 3718 3174 3730 η
3268 3655 3387 3730 .Di;

1867 3714 1992 3730 ""'"
2353 3714 2490 3761 nium
2529 3727 2629 3763 mc-
2756 3714 2888 3765 locus
2954 3714 3092 3765 Nodi
3133 3718 3176 3764 Ω
3237 3718 3419 3768 stantia

2073 3800 2254 3829 una...
2354 3772 2491 3823 dium
2512 3776 2633 3825 Con-
2744 3789 2886 3827 verus
2951 3775 3179 3826 Boreito-
3267 3779 3400 3829 luna:

1838 3800 1984 3863 εροίῖη
2067 3800 2254 3851 Menses
2354 3800 2633 3842 ututls_uurt-
2746 3800 2885 3827 ιἐηιδ
2951 3800 3179 3826 Durcltu-
3267 3800 3400 3829 tuna:

1856 3842 2003 3915 σιω-εἰ
2262 3837 2278 3851 ’
2357 3841 2601 3915 ΞἮΨΨΞξ
2690 3844 2906 3915 ’99³1³90³
2983 3851 3070 3915 Ε’ἐξ
3098 3852 3179 3889 νε·
3242 3854 3273 3889 α
3295 3841 3424 3891 ηοίίο

1981 3892 2001 3901 ’
2356 3896 2475 3963 Ροιέ,
2495 3898 2601 3964 Ρρδι
2700 3892 2906 3964 plenilu-
2985 3912 3088 3949 rus.
3270 3915 3385 3964 pro.

2392 3933 2457 3944 υ..
2529 3933 2599 3945 νυ.
2722 3933 2904 3949 ..ιη-ω-
2987 3933 3088 3949 ...ιη
3306 3933 3385 3951 ,υ-

1884 3933 1964 3974 ³ί¹’
2353 3933 2627 4008 meridiem.
2700 3933 2715 3962 ’
2764 3958 2852 4010 nii.
3243 3933 3402 4025 p’ilore.

1857 4060 1988 4109 Anni
2064 4058 2264 4109 Menses
2322 4059 2453 4110 Dies.
2478 4033 2625 4111 HJ"
2688 4062 2876 4114 S.G.bl.
2945 4061 3172 4113 8.0.11.
3242 4064 3418 4115 GLM.

1869 4141 1991 4222 ΞΞΞΞΞΞ
2078 4173 2257 4222 Janua—
2318 4144 2622 4222 ?§.§f§§l
2687 4146 2881 4222 1ιέἑέ
2949 4147 3170 4222 ,9531³ἕὲ
3231 4149 3390 4222 (iii

1869 4202 1991 4295 1Ξὲῗὲ
2078 4202 2257 4285 "sar"
2321 4206 2623 4295 13112222
2685 4208 2798 4295 1αὲ
2822 4209 2883 4295 i2
2947 4207 3170 4295 11.2313
3228 4211 3296 4295 11
3326 4212 3391 4295 ξε

1870 4265 1990 4313 1300
2105 4265 2225 4285 “"°'
2352 4268 2377 4316 7
2431 4269 2543 4316 226
2592 4270 2618 4319 7
2683 4269 2883 4319 52842
2948 4268 3168 4320 111527
3234 4272 3390 4320 4445

1869 4348 1988 4431 ἓξὲξ
2068 4380 2250 4431 Janua—
2317 4353 2622 4431 ?1’§i”§:§§
2686 4356 2879 4431 919-?
2942 4356 3084 4431 ἕρπε
3109 4357 3170 4431 ,ἕ
3264 4355 3399 4431 ἕυὲ

1868 4410 1989 4492 ΕΞἓὲ
2068 4410 2250 4492 '33:—
2320 4414 2616 4492 ‘Hﬁliﬁ
2681 4418 2876 4492 Ηλὲ
2940 4418 2999 4492 19
3056 4418 3170 4492 ἑὲἒ
3236 4421 3293 4492 ,ἒ
3328 4417 3391 4492 $5.9

1867 4471 1988 4520 1505
2103 4471 2223 4492 ““¹³⁹
2348 4477 2538 4526 51756
2589 4479 2620 4527 4
2681 4479 2877 4529 51655
2970 4479 3000 4526 9
3054 4478 3170 4526 556
3235 4477 3382 4527 1117

1866 4553 1988 4636 Ξέρὲ
2074 4588 2260 4636 Janua-
2319 4558 2381 4636 ἒξ
2408 4559 2463 4636 '§
2484 4561 2543 4636 -§
2564 4561 2622 4636 1ίὲ
2688 4561 2796 4636 Li
2816 4563 2881 4636 ἓξ
2974 4560 3168 4636 ἓὲδὶὲ
3228 4563 3289 4636 ³92
3322 4564 3383 4636 ,Ζ

1869 4615 1989 4701 1395':
2074 4615 2260 4698 ’ἵέἱῖἒιῗ
2321 4621 2380 4701 ‘i
2429 4620 2625 4701 93.52”:
2687 4624 2881 4701 §?§.Z
2975 4623 3163 4701 9.6.339
3229 4624 3287 4701 iii
3320 4625 3380 4701 ξΖ

1866 4677 1990 4724 1506
2104 4677 2223 4698 ¹“¹⁵’
2349 4682 2380 4729 0
2429 4681 2543 4731 816
2592 4685 2622 4730 2
2687 4685 2793 4733 31'?
2820 4686 2882 4732 52
2975 4684 3081 4733 717
3106 4682 3164 4731 41
3228 4684 3384 4734 5018

2318 4764 2379 4813 18
2429 4764 2619 4814 61855
2682 4766 2799 4814 528
2848 4766 2878 4815 0
2971 4768 3166 4817 62728
3229 4768 3386 4817 8928

1869 4819 1987 4880 1508
2072 4822 2253 4872 Jantla-
2347 4827 2458 4875 815
2508 4828 2621 4874 722
2683 4828 2713 4875 4
2766 4830 2795 4875 0
2843 4828 2874 4876 9
2970 4831 3000 4876 6
3052 4830 3165 4877 839
3228 4831 3290 4879 68
3323 4833 3384 4880 30

1862 4879 1985 4943 nos
2102 4897 2220 4943 rtus.
2312 4888 2539 4937 261210
2588 4890 2617 4936 3
2679 4890 2872 4939 51850
2966 4891 3159 4939 51819
3223 4893 3284 4942 59
3318 4879 3382 4940 28

1868 4940 1986 4990 1510
2174 4940 2177 4943 ·
2316 4950 2610 4998 15212511
2680 4951 2711 4998 .1
2762 4952 2872 5001 551
2965 4952 3164 5003 12935
3226 4940 3379 5003 '261

2418 5052 2491 5108 lla
2525 5055 2833 5111 Conclusio.

1913 5165 1987 5221 Ex
2019 5169 2193 5223 trihus
2247 5169 2558 5240 pleniluniis
2588 5170 2860 5240 eclipticis
2904 5174 3111 5230 mensis
3156 5175 3405 5233 Januarii

1831 5276 2095 5315 annorum
2119 5260 2325 5316 Christi
2360 5261 2519 5328 1501,
2552 5262 2688 5317 1502
2725 5274 2780 5319 et
2810 5265 2948 5322 1505
2971 5269 3144 5323 solum
3171 5270 3407 5338 plenilu-

1832 5355 1979 5409 nium
2030 5355 2154 5409 anni
2188 5353 2327 5409 1502
2379 5356 2669 5426 respondet
2695 5360 3098 5416 conditionibus
3135 5378 3163 5415 a
3195 5362 3406 5434 Pachy—

1831 5462 1981 5502 mere
2031 5448 2237 5503 relatis.
2296 5447 2594 5503 Plenilunia
2661 5450 2805 5505 enim
2869 5470 3135 5509 annorum
3176 5455 3307 5509 1301
3346 5466 3404 5510 et

1831 5538 1970 5591 1303
2017 5536 2279 5593 Januario
2327 5539 2469 5594 iacta
2517 5555 2694 5611 neque
2735 5545 2953 5601 totalem
2999 5547 3242 5615 eclipsim
3275 5562 3398 5601 cum

1828 5644 1977 5683 mora
2031 5631 2256 5685 notabili
2296 5632 2349 5685 in
2384 5632 2575 5686 umbra
2623 5642 2782 5688 terra:
2837 5638 3172 5703 habuerunt;
3221 5655 3401 5708 neque

1826 5729 1920 5774 attt
1973 5721 2186 5774 initium
2241 5722 2293 5775 in
2327 5722 2392 5777 iis
2435 5731 2528 5775 aut
2580 5725 2814 5779 medium
2850 5727 3069 5797 eclipsis
3108 5729 3209 5783 fuit
3248 5730 3394 5786 circa

1825 5800 2044 5867 tertiam
2098 5814 2274 5868 noctis
2318 5815 2529 5882 horam,
2581 5818 2673 5872 sed
2725 5818 2881 5889 longe
2941 5821 3186 5888 pluribus
3247 5825 3397 5882 horis

1826 5916 1966 5975 post.
1987 5908 2056 5960 At
2086 5908 2307 5978 eclipsis
2334 5911 2463 5963 anni
2501 5909 2641 5964 1502
2672 5909 2915 5968 Januarii
2948 5914 3037 5969 die
3071 5916 3138 5971 11»
3180 5918 3280 5973 l‘uit
3310 5933 3394 5974 to-

1828 6001 1968 6067 talis,
2003 6016 2124 6055 cum
2169 6000 2365 6070 insigni
2402 6017 2547 6057 mora
2580 6001 2719 6058 lunae
2765 6004 2817 6058 in
2863 6009 3142 6074 tcucbris;
3182 6021 3232 6065 c1
3276 6012 3398 6083 ejus
