3880 6536
272 534 367 596 853
387 499 395 506 ’

1525 532 1985 595 CHRONOLOG
1998 531 2193 597 ICUS.

3385 528 3490 595 85$

268 650 345 705 die
388 646 455 701 25
495 645 761 711 Octobris,
806 661 929 718 quas
974 657 1101 703 tunc
1136 614 1430 703 numerata.
1470 647 1634 701 fuerit
1678 646 1814 701 feria
1845 654 1893 713 Α
1921 648 2063 703 rium
2090 652 2187 715 ait,
2218 647 2565 706 divinandum
2597 653 2701 702 est.
2739 643 2941 703 Scribit
2976 652 3155 700 autem
3197 642 3287 698 ille
3313 642 3487 698 nam-

267 738 603 794 hebdomadis
631 738 808 793 tertia.
842 737 1047 804 Nempe
1077 751 1218 792 anno
1265 735 1469 791 Christi
1514 736 1654 791 I300
1699 736 1811 790 bis-

264 830 428 885 sextili
461 829 645 900 cyclus
694 829 827 883 solis
850 828 915 882 2i
953 828 1165 883 litteras
1189 825 1539 882 dominicales
1562 825 1647 897 [P.
1682 823 1811 896 577]

263 923 410 977 habet
456 922 617 981 duas.
663 920 703 975 C
752 930 805 975 et
850 920 914 983 Β,
969 935 1196 987 quantm
1237 919 1504 987 posterior
1556 932 1678 971 cum
1729 917 1813 970 in-

262 1011 482 1079 signiens
518 1010 593 1064 23
620 1010 866 1065 Octobris
905 1010 1047 1063 diem
1082 1008 1338 1064 ostendat
1383 1022 1504 1061 eam
1548 1006 1638 1060 illo
1668 1019 1812 1060 anno

265 1101 589 1154 Dominicam
623 1100 811 1166 fuisse,
844 1103 1184 1156 demonstrat
1230 1101 1432 1169 pariter
1470 1098 1542 1152 25
1572 1097 1812 1165 ejusdem

258 1193 443 1247 mensis
462 1192 634 1247 fuisse
659 1192 849 1248 feriam
881 1193 1117 1248 tertiam.
1144 1191 1237 1246 Ae
1251 1191 1377 1259 quia
1399 1197 1597 1244 caetera
1621 1199 1812 1243 eventa

259 1293 360 1337 tum
420 1294 548 1339 ante
606 1296 715 1338 tum
763 1294 888 1355 post
924 1286 1082 1340 istam
1135 1282 1382 1353 eclipsim
1435 1296 1498 1335 ea
1544 1279 1663 1335 fere
1708 1295 1812 1347 qua

1916 741 2122 794 serium
2171 754 2236 795 ex
2272 741 2441 794 milite
2466 737 2673 807 Templi
2705 746 2829 807 post
2875 746 3090 807 captam
3121 734 3189 789 ab
3225 733 3495 802 Ethiopi-

1917 831 2017 885 bus
2052 831 2179 897 (hoc
2203 839 2287 884 est
2317 828 2607 885 Saracenis
2636 831 2776 883 duce
2811 828 3027 883 sultane
3057 824 3278 896 Egypti
3326 823 3495 878 Melec

1919 923 2269 991 Seral'dicto)
2298 922 2709 986 Ptolemaidem,
2743 921 3072 975 ditissimum
3104 931 3161 973 et
3197 916 3499 973 munitissi-

1918 1031 2059 1069 mam
2093 1015 2281 1068 urbem
2331 1012 2629 1067 Phatniciaa
2675 1011 2838 1081 (quod
2873 1003 3041 1065 'anuo
3072 1009 3272 1065 Christi
3328 1007 3494 1071 l29l,

1920 1108 2009 1160 die
2070 1104 2161 1171 l8,
2195 1106 2296 1168 vel,
2333 1115 2391 1159 ut
2426 1103 2542 1169 alii,
2591 1103 2657 1157 l9
2707 1101 2834 1157 Maii
2890 1102 3186 1168 contigisse
3238 1106 3495 1154 accurate

1921 1195 2249 1267 Spondanus
2279 1195 2373 1249 illo
2400 1209 2543 1249 anno
2592 1195 2747 1249 docet
2779 1209 2841 1247 ex
2877 1191 3233 1261 scriptoribus
3277 1189 3491 1244 illorum

1920 1290 2270 1357 temporum),
2297 1302 2462 1340 manu
2498 1285 2726 1339 collecta
2778 1283 2880 1339 sibi
2930 1284 3312 1347 obnoxiornm,
3344 1294 3493 1349 quat-

256 1383 388 1442 gesta
443 1385 573 1429 sunt
621 1378 764 1431 serie
823 1376 877 1429 in
930 1378 1031 1430 hac
1084 1374 1310 1429 historia
1361 1371 1692 1433 referuntur,
1724 1385 1806 1425 eo-

1917 1387 2159 1433 stuesatn
2191 1376 2508 1445 aliquandiu
2529 1390 2624 1443 per
2655 1376 2744 1429 illa
2769 1375 2935 1427 maria
2962 1374 3241 1441 piraticam
3276 1372 3490 1435 fecisse,

257 1482 362 1520 rum
408 1467 582 1521 lerme
624 1469 865 1522 omnium
901 1482 1088 1521 verum
1121 1475 1335 1535 tempus
1374 1480 1439 1519 es
1473 1463 1575 1518 hac
1602 1463 1811 1517 ctelesti

254 1565 367 1609 nota
408 1557 679 1625 designari
711 1565 931 1626 posset;
958 1563 1103 1625 quod
1136 1554 1280 1609 facili
1311 1554 1685 1623 experimento
1718 1553 1814 1607 de-

255 1659 623 1713 monstrarent,
657 1649 702 1702 si
749 1648 881 1702 tanti
910 1656 1057 1703 esset
1087 1648 1142 1700 in
1172 1647 1240 1701 iis
1273 1645 1551 1700 immorari
1583 1645 1810 1698 diutius.

254 1739 477 1795 Sniiiciat
503 1741 651 1809 quod
693 1740 745 1794 in
772 1754 841 1795 eo
867 1753 1067 1809 genere
1086 1739 1153 1792 ad
1181 1738 1399 1792 lectoris
1432 1736 1684 1791 solatium
1713 1751 1811 1789 co-

252 1833 353 1887 nati
374 1848 560 1886 sumus
579 1833 758 1902 capite
782 1833 971 1886 ultimo
1000 1833 1161 1900 huius
1190 1830 1645 1886 Observationum
1676 1829 1803 1883 libri

252 1924 405 1985 tertii,
439 1925 526 1978 ubi
554 1924 813 1993 pleraque
835 1923 988 1978 libris
1011 1931 1220 1993 septem
1270 1920 1714 1991 Pachymerianat
1741 1918 1812 1973 de

1911 1471 2191 1539 partisque
2221 1469 2433 1536 magnis
2467 1468 2664 1536 Opibus
2716 1470 2907 1521 ducem
2931 1465 3041 1534 jam
3076 1466 3266 1519 classis
3299 1464 3491 1517 validas

1916 1558 2197 1614 Friderico
2229 1559 2473 1613 Siciliam
2528 1558 2801 1613 obtinenti
2838 1556 3308 1627 t'l‘heuderichum
3346 1556 3493 1609 hunc

1903 1665 2201 1719 perperam
2243 1661 2398 1705 vocat
2427 1649 2815 1722 Pachymeres)
2850 1650 3138 1703 militarem
3175 1648 3334 1716 longo
3359 1658 3495 1701 ten:-

1916 1756 2047 1811 pote
2080 1744 2217 1796 certi
2250 1744 2503 1811 pactione
2557 1743 2812 1812 stipendii
2847 1740 2936 1814 [P.
2968 1739 3093 1813 578]
3147 1755 3368 1809 operam
3397 1755 3493 1791 na-

1916 1849 2093 1896 vasse.
2122 1836 2262 1889 bello
2317 1836 2461 1900 quod
2517 1835 2605 1889 ille
2629 1837 2889 1889 adversus
2944 1832 3241 1888 Ecclesiam
3273 1829 3491 1886 rebellis

1915 1937 2104 1981 contra
2155 1926 2411 1981 Carhlum
2465 1925 2687 1994 gerebat
2715 1926 2923 1993 Apuliae
2959 1940 3163 1995 regem.
3220 1922 3489 1978 Cteterutn

250 2019 395 2071 rebus
420 2016 713 2089 Andronici
736 2016 979 2071 historiae
1011 2016 1280 2084 descripta
1339 2013 1443 2068 sub
1492 2026 1657 2067 unum
1693 2012 1811 2066 velo
1846 2017 1887 2071 Β
1914 2019 2019 2073 hoc
2057 2019 2271 2073 tandem
2305 2018 2448 2073 bello
2474 2018 2805 2086 nuptialibus
2850 2016 3254 2071 conditionibus
3287 2014 3492 2068 direm-

248 2117 301 2161 ut
348 2118 619 2178 aspectum
650 2107 704 2160 itt
728 2121 899 2162 annos
924 2107 1129 2174 digesta
1166 2102 1518 2173 coniecimus.
1579 2101 1672 2157 Est
1722 2111 1808 2155 ta-

246 2214 355 2254 men
382 2215 444 2254 es
469 2200 591 2254 istis
612 2200 822 2255 eventis
847 2213 1013 2254 unum
1067 2196 1227 2267 paulo
1276 2196 1583 2251 intricatius
1632 2194 1812 2263 impli-

247 2292 446 2346 ratione
476 2306 704 2347 casuum
737 2300 792 2345 et
822 2291 1090 2360 ambiguis
1113 2286 1572 2343 aﬂ’irmationihus
1624 2296 1808 2339 aucto-

251 2380 337 2443 ris,
372 2389 622 2449 quamet
656 2380 886 2449 relinqui
920 2395 951 2433 a
986 2378 1163 2442 nobis,
1199 2376 1449 2444 evolvere
1481 2373 1810 2445 perplexita-

248 2478 320 2524 ιω
366 2470 785 2541 chronologicas
856 2472 960 2526 hoc
1018 2471 1139 2523 loco
1212 2466 1493 2538 professis,
1549 2467 1811 2519 intactum

245 2563 440 2620 debeat.
468 2565 603 2621 Esto
634 2566 798 2635 igitur
853 2565 906 2619 id
936 2571 1313 2633 argumentum
1349 2558 1544 2629 capitis
1578 2572 1809 2628 sequen.

831 2747 1060 2803 CAPUT
1118 2744 1208 2802 Vl.

246 2838 511 2895 Inlricata:
532 2842 772 2895 rationes
799 2849 1090 2905 temporum
1117 2840 1261 2891 circa
1284 2835 1563 2890 Rontsen‘i
1608 2849 1675 2887 ac
1704 2832 1810 2889 Ca-

511 2912 813 2965 telanorunt
836 2925 919 2965 res
947 2919 995 2963 et
1027 2919 1146 2963 acta
1173 2908 1528 2974 expuuntur.

313 3028 351 3081 ι.
374 3027 498 3093 Quae
521 3028 702 3081 tribus
734 3024 939 3079 ultimis
988 3024 1147 3078 libris
1207 3021 1371 3091 hujus
1428 3020 1681 3076 Historiae
1741 3024 1810 3078 de

249 3120 549 3183 Rontzerio,
574 3118 864 3172 Pharenda
889 3114 1099 3179 Tsime,
1153 3112 1473 3184 Mpyrigerio
1524 3111 1725 3168 'l‘entza
1757 3122 1812 3166 et

250 3210 552 3278 quibusdam
589 3209 711 3264 aliis
759 3206 968 3261 Latinis
998 3204 1249 3266 ducibus,
1299 3214 1409 3257 tum
1447 3202 1516 3256 de
1550 3201 1811 3256 militibus

252 3300 431 3369 quibus
466 3308 758 3368 praeerant,
781 3295 1060 3352 Catelanis
1075 3304 1130 3349 et
1158 3294 1534 3360 Amogaharis,
1577 3292 1813 3360 primum

248 3392 591 3446 auxiliaribus
620 3389 1031 3453 inlldis,deinde
1066 3386 1198 3441 feris
1225 3385 1473 3439 hostibus
1505 3382 1800 3438 Andronici
1831 3374 1873 3432 (Ξ

249 3492 296 3538 et
321 3484 706 3543 Romanorum,
742 3481 1067 3543 referuntur,
1092 3479 1237 3533 baud
1275 3477 1409 3532 satis
1430 3476 1663 3530 dilucide
1713 3488 1805 3529 or-

249 3575 412 3629 dinata
431 3585 561 3630 sunt
585 3576 653 3629 ab
689 3572 970 3637 historico,
1005 3570 1085 3624 vel
1119 3570 1218 3626 sub
1244 3570 1403 3624 linem
1435 3568 1590 3633 longi
1636 3575 1689 3620 el
1723 3566 1804 3618 la»

251 3667 434 3720 horiosi
451 3666 638 3734 operis
671 3666 837 3729 fesso,
867 3664 951 3719 vel
981 3664 1052 3718 ob
1085 3663 1523 3731 indignationem
1558 3658 1720 3728 797
1753 3657 1804 3711 itt

249 3758 518 3815 Catelanos
541 3768 601 3811 et
624 3759 787 3812 duces
809 3771 1021 3821 eorum,
1057 3763 1279 3824 propter
1323 3752 1695 3807 atrocissimas
1753 3749 1804 3801 in

252 3866 388 3906 suam
417 3863 633 3922 gentem
667 3850 918 3919 injurias,
967 3860 1240 3915 nunquam
1293 3846 1408 3899 fere
1457 3845 1577 3899 sine
1606 3841 1807 3894 indicio

251 3942 661 4011 perturbationis
686 3957 752 3996 ex
784 3940 1085 3995 vehementi
1126 3938 1249 3991 odio
1297 3950 1482 3989 eorum
1515 3933 1806 3987 recordan-

253 4043 319 4096 te,
355 4035 581 4105 ideoque
617 4031 934 4101 imperfecte
972 4029 1300 4099 defongentc
1331 4025 1687 4081 distinctione
1751 4033 1805 4075 et

252 4123 600 4191 explicatione
626 4122 955 4177 necessaria.
990 4118 1129 4173 Huic
1150 4129 1204 4171 ut
1225 4132 1322 4187 pro
1383 4114 1524 4169 virili
1591 4113 1807 4168 medea-

252 4225 360 4265 mur
390 4215 756 4276 incommodo,
788 4211 842 4263 in
863 4209 1092 4279 gratiam
1129 4206 1351 4261 lectoris
1394 4203 1623 4260 studiosi
1677 4216 1806 4256 cou-

254 4302 410 4358 iusam
437 4306 599 4360 istam
628 4303 937 4371 congeriem
960 4301 1048 4354 ltic
1076 4300 1352 4364 evolvere,
1402 4307 1458 4351 et
1506 4295 1803 4352 chronolo-

254 4396 357 4464 gica
384 4397 639 4452 methodo
665 4395 778 4449 suis
799 4403 919 4448 acta
942 4391 1206 4459 ejusmodi
1236 4399 1291 4443 et
1341 4398 1531 4444 eventa
1590 4388 1802 4457 singula

178 4498 197 4519 ι
252 4487 458 4555 alligare
479 4486 706 4555 epocltis
733 4482 1098 4553 aggredimur,
1135 4480 1286 4533 initio
1317 4495 1346 4533 a
1374 4481 1542 4546 prima
1569 4477 1804 4533 Bentle-

254 4580 310 4631 rii
338 4589 387 4631 et
405 4579 788 4633 Catelauotum
819 4590 849 4629 e
883 4572 1067 4627 Sicilia
1096 4574 1151 4626 in
1186 4583 1358 4625 terras
1379 4570 1673 4625 Orientalis
1700 4570 1803 4624 int-

254 4673 374 4738 perii
416 4670 730 4726 evocatione
761 4666 947 4721 ducto.

314 4763 371 4817 ll.
403 4764 619 4827 Narrat,
650 4762 700 4815 Ι..
721 4775 771 4823 v,
801 4775 852 4812 c.
882 4759 968 4820 l2,
1002 4756 1365 4825 Pachytneres
1413 4758 1799 4824 imperatorem

256 4869 425 4920 parum
457 4854 692 4925 praesidii
742 4853 1004 4904 adversus
1041 4849 1333 4902 Persarqu
1390 4850 1721 4916 irruptiones
1748 4851 1802 4903 in

256 4942 539 5001 Orientales
586 4946 799 5014 imperii
833 4944 1159 5011 regiones‘in
1210 4943 1454 4996 Romana
1487 4942 1677 4995 militia
1716 4959 1805 4994 rt,-

202 5044 205 5049 ’
259 5040 557 5103 perientem,
577 5039 809 5105 ideoque
835 5037 1107 5103 respicere
1132 5043 1377 5087 eoactum
1402 5042 1633 5088 externa
1651 5039 1807 5087 ausi-

259 5124 339 5189 lia,
372 5129 599 5195 primum
636 5127 973 5181 Pbarendam
1005 5123 1246 5179 Tzimem
1276 5140 1398 5179 cum
1453 5139 1614 5179 manu
1664 5126 1807 5179 mili-

260 5226 375 5283 tum,
403 5237 538 5290 qnos
562 5236 595 5276 e
612 5222 717 5275 sibi
741 5221 979 5274 subditis
1003 5225 1336 5285 armaverat,
1364 5209 1635 5288 suppetias
1663 5219 1804 5274 nltro

258 5312 542 5367 venientem
574 5321 725 5383 grate
748 5314 1065 5381 excepisse;
1098 5324 1162 5365 ac
1189 5320 1449 5378 praterea
1480 5310 1800 5365 oﬂerentem

262 5414 314 5455 se
338 5406 398 5458 ad
431 5406 568 5461 idem
609 5421 706 5475 per
752 5405 960 5459 litteras
1005 5403 1358 5457 Rontzerium
1387 5403 1581 5472 amplis
1615 5405 1804 5458 condi-

263 5493 475 5552 tionibus
504 5498 784 5560 invitasse,
812 5497 1007 5565 quibus
1034 5494 1124 5547 ille
1153 5502 1433 5561 permotus
1467 5503 1652 5562 postea
1680 5488 1800 5548 eum

265 5599 435 5654 magno
463 5589 639 5644 navali
691 5589 932 5643 exercitu
987 5586 1196 5639 venerit
1247 5583 1801 5654 Constantinopolim.

264 5675 405 5770 istius
432 5684 795 5738 Andronicum
835 5682 978 5737 inter
1001 5691 1058 5734 et
1096 5679 1443 5733 Rontzeriutn
1472 5694 1569 5748 per
1596 5680 1803 5735 litteras

265 5765 470 5821 invicem
517 5772 751 5838 scriptas
803 5768 953 5822 inim
999 5768 1379 5837 stipulatteque
1422 5770 1802 5826 cooventionis

266 5858 452 5923 tempus
485 5876 589 5915 non
618 5862 821 5916 diserte
851 5868 1095 5914 notatum
1132 5874 1162 5913 a
1193 5871 1381 5913 nostro
1420 5860 1702 5923 historico,
1734 5846 1800 5917 ex

264 5956 429 6015 causa,
453 5967 556 6021 qua
594 5954 870 6009 inductum
897 5953 965 6007 ad
997 5968 1115 6008 eam
1152 5954 1529 6009 tractationem
1563 5953 1799 6011 Rontze-

1916 2120 2033 2178 pio,
2068 2109 2268 2178 quibus
2298 2107 2586 2163 Ecaterina
2624 2107 2769 2177 regis
2799 2106 2980 2162 Caroli
3010 2107 3115 2159 tilia
3157 2105 3296 2174 regis
3321 2102 3490 2159 Siculi

1909 2200 2063 2253 fratri
2093 2200 2356 2255 collocata
2389 2201 2482 2267 sit,
2538 2199 2889 2253 Bontzerium
2923 2201 3126 2253 interere
3163 2195 3396 2267 amplius
3435 2195 3487 2248 in

1912 2291 2097 2345 Sicilia
2131 2306 2235 2346 non
2289 2292 2585 2360 valentem,
2618 2294 2903 2361 quodcum
2936 2291 3213 2345 Romanus
3246 2286 3485 2358 pontifex

1907 2382 2029 2438 dedi
2057 2383 2162 2438 sibi
2212 2384 2544 2453 puniendum
2597 2398 2629 2437 a
2667 2398 2800 2454 rege
2843 2381 3030 2437 Siculo
3080 2379 3361 2447 poscebat,
3393 2390 3489 2449 pa-

1907 2485 2053 2529 ctum
2087 2476 2153 2529 de
2183 2491 2292 2545 quo
2327 2477 2565 2532 diximus
2601 2476 2788 2530 iniisse
2824 2487 2947 2528 cum
2983 2470 3315 2525 Andronico.

1979 2565 2071 2621 lll.
2100 2565 2174 2618 lta
2211 2568 2279 2621 ibi
2313 2566 2701 2637 Pacbymeres,
2752 2566 2805 2619 in
2839 2564 3002 2620 rebus
3049 2578 3170 2633 qua:
3200 2562 3268 2616 de
3298 2560 3492 2616 alienis

1913 2658 2072 2712 terris
2103 2666 2193 2712 aut
2223 2659 2476 2727 gentibus
2530 2661 2705 2713 obiter
2734 2667 3025 2722 memorat,
3062 2670 3162 2712 suo
3196 2668 3345 2708 more
3374 2653 3490 2708 bal-

1914 2750 2153 2804 butiens.
2180 2747 2362 2802 Voluit
2388 2750 2532 2803 enim
2565 2750 2684 2803 sine
2714 2750 2877 2801 dubio
2901 2747 3009 2801 illic
3033 2746 3274 2800 indicare
3296 2754 3489 2813 pacem

1911 2840 2110 2895 factam
2169 2858 2315 2895 anno
2363 2841 2568 2895 Christi
2620 2841 2761 2895 1302
2821 2842 2961 2894 inter
2993 2838 3245 2892 Carolnnt
3303 2849 3484 2905 regem

1912 2937 2162 3006 Neapolis
2199 2946 2252 2991 et
2288 2936 2621 2991 Fridericum
2652 2937 2704 2990 in
2740 2935 2928 2989 Sicilia
2958 2934 3350 2995 dominantem,
3382 2942 3486 2998 qua

1911 3046 2016 3086 non
2049 3030 2352 3095 Ecaterina,
2388 3032 2479 3083 sed
2505 3029 2774 3083 Eleonora
2812 3028 2954 3096 regis
3006 3024 3185 3081 Caroli
3222 3022 3348 3086 filia,
3381 3034 3486 3074 non

1911 3123 2068 3178 fratri
2102 3124 2241 3192 regis
2274 3120 2464 3186 Siculi,
2488 3122 2582 3175 sed
2611 3120 2714 3190 ipsi
2743 3117 3023 3173 Fsiderico
3051 3117 3317 3183 desponsa
3356 3126 3490 3165 con-

1906 3217 2002 3283 jux
2028 3224 2131 3281 est,
2162 3223 2324 3282 prout
2356 3211 2665 3266 Fridericus
2704 3211 2818 3279 ipse
2852 3215 3144 3263 attestatur
3175 3205 3230 3259 in
3282 3204 3489 3257 instrn-

1915 3316 2098 3360 mento
2129 3304 2503 3360 conventionis
2532 3304 2691 3358 istius
2740 3302 2954 3372 publice
3002 3313 3100 3370 per
3133 3299 3307 3367 ipsum
3342 3293 3489 3349 edito

1907 3398 1974 3452 ad
2008 3398 2258 3452 Castrum
2316 3394 2525 3450 Novum
2565 3394 2653 3448 die
2688 3394 2753 3449 l9
2806 3392 3007 3446 mensis
3064 3386 3315 3458 Augusti,
3342 3401 3482 3440 anno

1907 3490 2113 3545 Christi
2171 3488 2328 3552 l302,
2391 3488 2693 3543 indictione
2752 3485 2839 3551 l5,
2891 3483 3035 3555 quod
3092 3491 3264 3537 totum
3296 3478 3490 3535 recitat

1907 3578 2176 3634 Odoricus
2230 3578 2527 3634 Rainaldus
2588 3594 2651 3633 eo
2684 3577 2903 3643 Annali,
2941 3579 3083 3629 unde
3138 3570 3484 3628 manifestum

1906 3681 1989 3726 est
2018 3672 2088 3727 ab
2122 3672 2217 3726 illo
2238 3671 2351 3738 jam
2381 3682 2623 3742 tempore
2659 3670 2872 3727 institui
2902 3677 3139 3737 coeptum
3168 3679 3287 3720 esse
3320 3662 3491 3733 798

1909 3772 2197 3817 tractatum
2257 3764 2400 3818 inter
2457 3764 2733 3826 absentes,
2780 3762 2906 3817 hinc
2961 3758 3313 3814 Rontzerium
3363 3757 3487 3809 inde

1904 3855 2278 3908 Andronicum
2330 3856 2734 3923 imperatorem,
2784 3855 2850 3907 de
2906 3852 3157 3904 auxiliari
3211 3848 3387 3903 clas~e
3416 3845 3487 3901 ab

1905 3947 1997 4000 illo
2026 3947 2093 4001 ad
2128 3948 2265 4001 hunc
2297 3946 2629 4001 adducenda.
2666 3945 2810 4001 Sane
2837 3960 3073 4014 praesens
3100 3953 3273 3997 status
3302 3953 3483 3994 rerum

1889 4037 2189 4105 impellere
2211 4037 2556 4091 vehementer
2583 4036 2951 4091 Andronicum
2988 4036 3053 4088 ad
3087 4030 3482 4087 admittendum

1906 4130 2145 4181 oblatum
2179 4128 2441 4182 auxilium
2473 4127 2657 4182 debuit
2696 4145 2711 4181 :
2746 4142 2809 4181 eo
2837 4128 3045 4196 quippe
3079 4138 3223 4177 anno
3252 4117 3483 4173 Michael

1905 4222 2181 4289 Augustus
2207 4217 2399 4274 Junior
2432 4219 2549 4287 ejus
2610 4219 2752 4273 lilius
2811 4233 3001 4272 omnes
3053 4230 3233 4270 secum
3268 4208 3483 4281 imperii

1905 4314 2090 4384 copias
2122 4312 2371 4374 ductans,
2408 4323 2618 4380 tergum
2651 4312 2938 4365 inhoneste
2984 4308 3168 4362 Persis
3218 4302 3479 4368 verterat,

1906 4405 2141 4477 fugaque
2199 4405 2461 4474 praecipiti
2497 4419 2556 4458 se
2589 4405 2890 4458 incluserat
2939 4398 3247 4473 Magnesiae,
3282 4396 3372 4451 ubi
3428 4402 3483 4449 et

1904 4495 2253 4549 deserebatur
2282 4510 2308 4546 a
2344 4494 2607 4548 militibus
2636 4477 2964 4547 et'omnium
3016 4506 3197 4545 rerum
3237 4496 3481 4543 extrema

1908 4583 2189 4636 laborabat
2250 4584 2452 4651 inopia,
2489 4584 2575 4636 cui
2610 4582 2903 4637 subvenire
2948 4580 3292 4636 Andronicus
3327 4588 3483 4644 pater

1834 4702 1877 4758 ο
1907 4673 2030 4752 eum
2051 4676 2283 4729 maxime
2304 4675 2860 4744 cnperet,ohstacniis
2888 4674 3327 4729 ineluctabilibus
3353 4680 3481 4741 pro-

1908 4767 2213 4829 hibebatur,
2248 4778 2407 4835 prout
2440 4768 2588 4837 prius
2621 4776 2947 4821 narraverat
2975 4768 3089 4835 ipse
3116 4762 3481 4837 Pacltytneres
3542 4768 3545 4771 ’

1904 4858 1941 4911 l.
1981 4872 2055 4920 ιν,
2091 4872 2142 4913 c.
2192 4857 2279 4924 l8,
2314 4873 2716 4928 consequenter
2777 4860 2902 4913 inde
2937 4860 3181 4914 referens
3233 4857 3480 4914 miserri-

1904 4966 2045 5003 mam
2094 4951 2485 5006 desolationem
2522 4951 2766 5006 omnium
2817 4950 3031 5020 imperii
3070 4950 3350 5021 regionum
3384 4964 3479 5020 per

1906 5040 2027 5096 illos
2064 5040 2371 5098 Orientales
2401 5052 2611 5099 tractus
2640 5059 2707 5098 ex
2742 5044 2827 5098 bis
2862 5053 3125 5106 secutam,
3170 5052 3474 5113 praesertim

1903 5144 2024 5202 post
2055 5149 2245 5189 novam
2273 5144 2325 5190 et
2350 5135 2678 5190 luculentam
2704 5136 2913 5189 cladem
2943 5134 3313 5190 Romanorum
3342 5133 3479 5189 duce

1904 5223 2189 5280 Muzalone
2223 5227 2605 5288 belmiarcha,
2641 5229 2731 5282 die
2767 5226 2838 5280 27
2870 5227 2995 5282 Julii
3026 5228 3170 5282 circa
3201 5227 3474 5298 Baphettm

1904 5333 2070 5389 prope
2095 5317 2468 5374 Nicomediam
2496 5334 2526 5374 a
2557 5318 2738 5376 Persis
2776 5319 2913 5374 duce
2964 5321 3195 5375 Attnaue
3246 5319 3474 5385 illatam,

1904 5427 2021 5480 qum
2048 5412 2085 5467 l.
2117 5427 2189 5477 tv,
2221 5430 2269 5465 ο.
2301 5414 2372 5467 25
2403 5414 2749 5469 describitur.
2804 5414 3070 5468 Extremis
3115 5427 3243 5481 ergo
3274 5411 3477 5466 mensi-

1901 5503 2002 5559 bus
2032 5520 2121 5558 an.
2158 5504 2294 5560 1502
2351 5516 2404 5561 et
2444 5506 2633 5575 primis
2684 5508 2809 5562 anni
2869 5505 3147 5574 sequentis
3202 5503 3341 5558 1305
3375 5501 3476 5558 fuit

1903 5595 2192 5647 conventio
2227 5596 2329 5648 ista
2358 5596 2792 5650 commeantibus
2826 5594 2969 5647 ultro
2994 5593 3238 5659 citroque
3267 5589 3476 5645 nuntiis

1904 5688 2189 5743 conclusa:
2223 5704 2520 5757 rursusque
2545 5688 2755 5757 aliquot
2782 5686 2905 5740 inde
2932 5682 3213 5737 mensibus
3247 5681 3300 5735 in
3332 5681 3476 5737 clas-

1905 5775 1982 5828 sis
2002 5786 2267 5844 apparatu
2300 5777 2575 5847 impensis,
2607 5776 2820 5830 tandem
2849 5788 2911 5829 ea
2941 5787 3130 5829 mense
3164 5770 3472 5843 Septembri

1905 5860 2430 5944 Constantinopolim
2464 5870 2689 5941 appulit.

1982 5959 2071 6016 IV.
2103 5961 2287 6021 Mense
2315 5962 2535 6033 inquam
2586 5959 2887 6031 Septembri
2916 5960 3043 6016 anni
3084 5959 3292 6019 Christi
3320 5960 3475 6029 i303,
