  <div class='ocr_page' id='page_1' title='image "/cluster/home/n/w/nwhite01/storage/ocr_20150623/144/hvd.32044019208339/435.png"; bbox 0 0 3880 6556; ppageno 0'>
   <div class='ocr_carea' id='block_1_1' title="bbox 429 490 2014 566">
    <p class='ocr_par' dir='ltr' id='par_1_1' title="bbox 429 494 2014 565">
     <span class='ocr_line' id='line_1_1' title="bbox 429 494 2014 565; baseline 0.002 -8"><span class='ocrx_word' id='word_1_1' title='bbox 429 494 538 557; x_wconf 62' lang='grc'><strong>855</strong></span> <span class='ocrx_word' id='word_1_2' title='bbox 1321 503 1384 565; x_wconf 92' lang='lat' dir='ltr'><strong>P.</strong></span> <span class='ocrx_word' id='word_1_3' title='bbox 1432 502 1734 565; x_wconf 87' lang='lat' dir='ltr'><strong>POSSlNI</strong></span> <span class='ocrx_word' id='word_1_4' title='bbox 1775 501 2014 562; x_wconf 76' lang='lat' dir='ltr'><strong>OBSER</strong></span> 
     </span>
    </p>
   </div>
   <div class='ocr_carea' id='block_1_2' title="bbox 2117 490 3634 566">
    <p class='ocr_par' dir='ltr' id='par_1_2' title="bbox 2126 490 3634 566">
     <span class='ocr_line' id='line_1_2' title="bbox 2126 490 3634 566; baseline -0.006 -7"><span class='ocrx_word' id='word_1_5' title='bbox 2126 500 2432 563; x_wconf 77' lang='lat' dir='ltr'><strong>TIONUM</strong></span> <span class='ocrx_word' id='word_1_6' title='bbox 2468 505 2611 566; x_wconf 71' lang='grc' dir='ltr'><strong>ΗΠ.</strong></span> <span class='ocrx_word' id='word_1_7' title='bbox 2652 502 2773 563; x_wconf 84' lang='lat' dir='ltr'><strong>III.</strong></span> <span class='ocrx_word' id='word_1_8' title='bbox 3544 490 3634 552; x_wconf 73' lang='grc'><strong>856</strong></span> 
     </span>
    </p>
   </div>
   <div class='ocr_carea' id='block_1_3' title="bbox 421 609 3643 692">
    <p class='ocr_par' dir='ltr' id='par_1_3' title="bbox 421 609 3643 692">
     <span class='ocr_line' id='line_1_3' title="bbox 421 609 3643 692; baseline -0.002 -24"><span class='ocrx_word' id='word_1_9' title='bbox 421 615 627 670; x_wconf 88' lang='lat' dir='ltr'><strong>diserte</strong></span> <span class='ocrx_word' id='word_1_10' title='bbox 688 616 954 686; x_wconf 97' lang='lat' dir='ltr'><strong>siquidem</strong></span> <span class='ocrx_word' id='word_1_11' title='bbox 1013 626 1300 676; x_wconf 89' lang='lat' dir='ltr'><strong>attestatur</strong></span> <span class='ocrx_word' id='word_1_12' title='bbox 1347 621 1714 691; x_wconf 84' lang='lat' dir='ltr'><strong>Pachymeres</strong></span> <span class='ocrx_word' id='word_1_13' title='bbox 1761 635 1816 692; x_wconf 93' lang='lat' dir='ltr'><strong>p.</strong></span> <span class='ocrx_word' id='word_1_14' title='bbox 1871 620 1996 683; x_wconf 81' lang='grc'><strong>595,</strong></span> <span class='ocrx_word' id='word_1_15' title='bbox 2029 623 2074 679; x_wconf 76' lang='grc' dir='ltr'><strong>Α</strong></span> <span class='ocrx_word' id='word_1_16' title='bbox 2105 630 2261 687; x_wconf 88' lang='lat' dir='ltr'><strong>strat,</strong></span> <span class='ocrx_word' id='word_1_17' title='bbox 2304 622 2430 677; x_wconf 90' lang='lat' dir='ltr'><strong>dum</strong></span> <span class='ocrx_word' id='word_1_18' title='bbox 2454 621 2710 674; x_wconf 80' lang='lat' dir='ltr'><strong>coutian</strong></span> <span class='ocrx_word' id='word_1_19' title='bbox 2737 613 3043 686; x_wconf 84' lang='lat' dir='ltr'><strong>subjungit,</strong></span> <span class='ocrx_word' id='word_1_20' title='bbox 3072 609 3643 677; x_wconf 73' lang='lat' dir='ltr'><strong>Audrouicumex-peri-</strong></span> 
     </span>
    </p>
   </div>
   <div class='ocr_carea' id='block_1_4' title="bbox 415 707 1996 782">
    <p class='ocr_par' dir='ltr' id='par_1_4' title="bbox 415 707 1996 782">
     <span class='ocr_line' id='line_1_4' title="bbox 415 707 1996 782; baseline 0.003 -22"><span class='ocrx_word' id='word_1_21' title='bbox 415 707 663 761; x_wconf 79' lang='lat' dir='ltr'><strong>insecqu</strong></span> <span class='ocrx_word' id='word_1_22' title='bbox 706 723 830 763; x_wconf 75' lang='lat' dir='ltr'><strong>mox</strong></span> <span class='ocrx_word' id='word_1_23' title='bbox 880 708 1210 779; x_wconf 83' lang='lat' dir='ltr'><strong>Septembri,</strong></span> <span class='ocrx_word' id='word_1_24' title='bbox 1256 722 1379 782; x_wconf 83' lang='lat' dir='ltr'><strong>post</strong></span> <span class='ocrx_word' id='word_1_25' title='bbox 1409 727 1649 767; x_wconf 89' lang='lat' dir='ltr'><strong>mensem</strong></span> <span class='ocrx_word' id='word_1_26' title='bbox 1698 714 1996 782; x_wconf 84' lang='lat' dir='ltr'><strong>Augustum</strong></span> 
     </span>
    </p>
   </div>
   <div class='ocr_carea' id='block_1_5' title="bbox 418 800 2071 874">
    <p class='ocr_par' dir='ltr' id='par_1_5' title="bbox 418 800 2071 874">
     <span class='ocr_line' id='line_1_5' title="bbox 418 800 2071 874; baseline 0.005 -23"><span class='ocrx_word' id='word_1_27' title='bbox 418 800 577 866; x_wconf 83' lang='lat' dir='ltr'><strong>cujus</strong></span> <span class='ocrx_word' id='word_1_28' title='bbox 634 800 720 854; x_wconf 91' lang='lat' dir='ltr'><strong>die</strong></span> <span class='ocrx_word' id='word_1_29' title='bbox 769 810 965 856; x_wconf 88' lang='lat' dir='ltr'><strong>octavo</strong></span> <span class='ocrx_word' id='word_1_30' title='bbox 1026 813 1184 858; x_wconf 71' lang='lat' dir='ltr'><strong>terra:</strong></span> <span class='ocrx_word' id='word_1_31' title='bbox 1236 813 1415 859; x_wconf 86' lang='lat' dir='ltr'><strong>motus</strong></span> <span class='ocrx_word' id='word_1_32' title='bbox 1463 805 1665 873; x_wconf 83' lang='lat' dir='ltr'><strong>incepit</strong></span> <span class='ocrx_word' id='word_1_33' title='bbox 1720 819 1829 874; x_wconf 90' lang='lat' dir='ltr'><strong>quo</strong></span> <span class='ocrx_word' id='word_1_34' title='bbox 1876 805 2003 859; x_wconf 91' lang='lat' dir='ltr'><strong>sub-</strong></span> <span class='ocrx_word' id='word_1_35' title='bbox 2068 810 2071 811; x_wconf 65' lang='grc'><strong><em>⁷</em></strong></span> 
     </span>
    </p>
   </div>
   <div class='ocr_carea' id='block_1_6' title="bbox 416 892 2000 963">
    <p class='ocr_par' dir='ltr' id='par_1_6' title="bbox 416 892 2000 963">
     <span class='ocr_line' id='line_1_6' title="bbox 416 892 2000 963; baseline 0.003 -18"><span class='ocrx_word' id='word_1_36' title='bbox 416 906 578 946; x_wconf 68' lang='lat' dir='ltr'><strong>versa</strong></span> <span class='ocrx_word' id='word_1_37' title='bbox 618 902 701 947; x_wconf 90' lang='lat' dir='ltr'><strong>est</strong></span> <span class='ocrx_word' id='word_1_38' title='bbox 730 892 978 961; x_wconf 81' lang='lat' dir='ltr'><strong>Rhodus,</strong></span> <span class='ocrx_word' id='word_1_39' title='bbox 1005 895 1276 963; x_wconf 79' lang='lat' dir='ltr'><strong>appulisse</strong></span> <span class='ocrx_word' id='word_1_40' title='bbox 1301 896 1657 952; x_wconf 76' lang='lat' dir='ltr'><strong>Rontzerium</strong></span> <span class='ocrx_word' id='word_1_41' title='bbox 1683 895 2000 951; x_wconf 84' lang='lat' dir='ltr'><strong>Constanti-</strong></span> 
     </span>
    </p>
   </div>
   <div class='ocr_carea' id='block_1_7' title="bbox 419 983 1999 1052">
    <p class='ocr_par' dir='ltr' id='par_1_7' title="bbox 419 983 1999 1052">
     <span class='ocr_line' id='line_1_7' title="bbox 419 983 1999 1052; baseline 0.004 -18"><span class='ocrx_word' id='word_1_42' title='bbox 419 983 657 1052; x_wconf 86' lang='lat' dir='ltr'><strong>nopolim</strong></span> <span class='ocrx_word' id='word_1_43' title='bbox 702 1001 823 1040; x_wconf 91' lang='lat' dir='ltr'><strong>cum</strong></span> <span class='ocrx_word' id='word_1_44' title='bbox 861 989 1034 1042; x_wconf 88' lang='lat' dir='ltr'><strong>c&#39;asse</strong></span> <span class='ocrx_word' id='word_1_45' title='bbox 1067 989 1342 1052; x_wconf 79' lang='lat' dir='ltr'><strong>auxiliari,</strong></span> <span class='ocrx_word' id='word_1_46' title='bbox 1397 988 1695 1044; x_wconf 90' lang='lat' dir='ltr'><strong>indictione</strong></span> <span class='ocrx_word' id='word_1_47' title='bbox 1744 990 1999 1042; x_wconf 89' lang='lat' dir='ltr'><strong>secunda.</strong></span> 
     </span>
    </p>
   </div>
   <div class='ocr_carea' id='block_1_8' title="bbox 420 1072 1983 1148">
    <p class='ocr_par' dir='ltr' id='par_1_8' title="bbox 420 1072 1983 1148">
     <span class='ocr_line' id='line_1_8' title="bbox 420 1072 1983 1148; baseline 0.003 -23"><span class='ocrx_word' id='word_1_48' title='bbox 420 1072 594 1127; x_wconf 72' lang='lat' dir='ltr'><strong>Verba</strong></span> <span class='ocrx_word' id='word_1_49' title='bbox 625 1074 743 1143; x_wconf 85' lang='lat' dir='ltr'><strong>ejus</strong></span> <span class='ocrx_word' id='word_1_50' title='bbox 766 1086 893 1130; x_wconf 91' lang='lat' dir='ltr'><strong>sunt</strong></span> <span class='ocrx_word' id='word_1_51' title='bbox 930 1091 945 1130; x_wconf 88' lang='lat'><strong>:</strong></span> <span class='ocrx_word' id='word_1_52' title='bbox 987 1077 1144 1135; x_wconf 80' lang='grc' dir='ltr'><strong>Κατὰ</strong></span> <span class='ocrx_word' id='word_1_53' title='bbox 1172 1078 1264 1132; x_wconf 80' lang='grc' dir='ltr'><strong>τὸν</strong></span> <span class='ocrx_word' id='word_1_54' title='bbox 1300 1079 1396 1132; x_wconf 78' lang='grc' dir='ltr'><strong>ἐπὶ</strong></span> <span class='ocrx_word' id='word_1_55' title='bbox 1442 1078 1618 1148; x_wconf 78' lang='grc' dir='ltr'><strong>τούτῳ</strong></span> <span class='ocrx_word' id='word_1_56' title='bbox 1650 1076 1983 1147; x_wconf 83' lang='grc' dir='ltr'><strong>Γαμηλιῶνα</strong></span> 
     </span>
    </p>
   </div>
   <div class='ocr_carea' id='block_1_9' title="bbox 418 1164 2005 1242">
    <p class='ocr_par' dir='ltr' id='par_1_9' title="bbox 418 1164 2005 1242">
     <span class='ocr_line' id='line_1_9' title="bbox 418 1164 2005 1242; baseline 0.005 -27"><span class='ocrx_word' id='word_1_57' title='bbox 418 1164 683 1233; x_wconf 82' lang='grc' dir='ltr'><strong>δευτέρας</strong></span> <span class='ocrx_word' id='word_1_58' title='bbox 736 1169 1125 1239; x_wconf 79' lang='grc' dir='ltr'><strong>ὲπινεμήσεως</strong></span> <span class='ocrx_word' id='word_1_59' title='bbox 1159 1166 1301 1224; x_wconf 76' lang='grc' dir='ltr'>εἶδεν</span> <span class='ocrx_word' id='word_1_60' title='bbox 1358 1173 1392 1242; x_wconf 76' lang='grc' dir='ltr'>ἡ</span> <span class='ocrx_word' id='word_1_61' title='bbox 1445 1170 1866 1224; x_wconf 80' lang='grc' dir='ltr'><strong>Κωνσταντίνου</strong></span> <span class='ocrx_word' id='word_1_62' title='bbox 1908 1169 2005 1223; x_wconf 72' lang='grc' dir='ltr'><strong>καὶ</strong></span> 
     </span>
    </p>
   </div>
   <div class='ocr_carea' id='block_1_10' title="bbox 417 1255 2003 1333">
    <p class='ocr_par' dir='ltr' id='par_1_10' title="bbox 417 1255 2003 1333">
     <span class='ocr_line' id='line_1_10' title="bbox 417 1255 2003 1333; baseline 0.006 -25"><span class='ocrx_word' id='word_1_63' title='bbox 417 1255 513 1308; x_wconf 74' lang='grc' dir='ltr'><strong>τὸν</strong></span> <span class='ocrx_word' id='word_1_64' title='bbox 571 1260 798 1313; x_wconf 83' lang='grc' dir='ltr'><strong>Λατῖνον</strong></span> <span class='ocrx_word' id='word_1_65' title='bbox 840 1260 1197 1333; x_wconf 79' lang='grc' dir='ltr'><strong>Ῥοντζέριον.</strong></span> <span class='ocrx_word' id='word_1_66' title='bbox 1247 1263 1553 1329; x_wconf 85' lang='lat' dir='ltr'><strong>Gamelion,</strong></span> <span class='ocrx_word' id='word_1_67' title='bbox 1616 1265 1718 1318; x_wconf 91' lang='lat' dir='ltr'><strong>hoc</strong></span> <span class='ocrx_word' id='word_1_68' title='bbox 1763 1274 1866 1328; x_wconf 88' lang='lat' dir='ltr'><strong>est,</strong></span> <span class='ocrx_word' id='word_1_69' title='bbox 1901 1278 2003 1317; x_wconf 89' lang='lat' dir='ltr'><strong>usu</strong></span> 
     </span>
    </p>
   </div>
   <div class='ocr_carea' id='block_1_11' title="bbox 314 1351 2008 1424">
    <p class='ocr_par' dir='ltr' id='par_1_11' title="bbox 314 1351 2008 1424">
     <span class='ocr_line' id='line_1_11' title="bbox 314 1351 2008 1424; baseline 0.007 -27"><span class='ocrx_word' id='word_1_70' title='bbox 314 1408 327 1422; x_wconf 37' lang='grc' dir='ltr'><strong><em>υ</em></strong></span> <span class='ocrx_word' id='word_1_71' title='bbox 421 1361 685 1417; x_wconf 80' lang='lat' dir='ltr'><strong>perpetuo</strong></span> <span class='ocrx_word' id='word_1_72' title='bbox 729 1351 1120 1423; x_wconf 84' lang='lat' dir='ltr'><strong>Pachymeris,</strong></span> <span class='ocrx_word' id='word_1_73' title='bbox 1153 1354 1497 1424; x_wconf 74' lang='lat' dir='ltr'><strong>September,</strong></span> <span class='ocrx_word' id='word_1_74' title='bbox 1558 1355 1869 1409; x_wconf 90' lang='lat' dir='ltr'><strong>indictionis</strong></span> <span class='ocrx_word' id='word_1_75' title='bbox 1922 1369 2008 1409; x_wconf 90' lang='lat' dir='ltr'><strong>se-</strong></span> 
     </span>
    </p>
   </div>
   <div class='ocr_carea' id='block_1_12' title="bbox 422 1441 2007 1515">
    <p class='ocr_par' dir='ltr' id='par_1_12' title="bbox 422 1441 2007 1515">
     <span class='ocr_line' id='line_1_12' title="bbox 422 1441 2007 1515; baseline 0.005 -23"><span class='ocrx_word' id='word_1_76' title='bbox 422 1441 632 1503; x_wconf 83' lang='lat' dir='ltr'><strong>cundae,</strong></span> <span class='ocrx_word' id='word_1_77' title='bbox 667 1452 749 1496; x_wconf 90' lang='lat' dir='ltr'><strong>est</strong></span> <span class='ocrx_word' id='word_1_78' title='bbox 796 1444 913 1498; x_wconf 88' lang='lat' dir='ltr'><strong>sine</strong></span> <span class='ocrx_word' id='word_1_79' title='bbox 968 1445 1075 1498; x_wconf 89' lang='lat' dir='ltr'><strong>ullo</strong></span> <span class='ocrx_word' id='word_1_80' title='bbox 1106 1446 1272 1500; x_wconf 92' lang='lat' dir='ltr'><strong>dubio</strong></span> <span class='ocrx_word' id='word_1_81' title='bbox 1305 1446 1628 1515; x_wconf 85' lang='lat' dir='ltr'><strong>September</strong></span> <span class='ocrx_word' id='word_1_82' title='bbox 1655 1463 1683 1500; x_wconf 91' lang='lat' dir='ltr'><strong>a</strong></span> <span class='ocrx_word' id='word_1_83' title='bbox 1717 1462 1824 1515; x_wconf 90' lang='lat' dir='ltr'><strong>quo</strong></span> <span class='ocrx_word' id='word_1_84' title='bbox 1861 1446 2007 1500; x_wconf 89' lang='lat' dir='ltr'><strong>ince-</strong></span> 
     </span>
    </p>
   </div>
   <div class='ocr_carea' id='block_1_13' title="bbox 424 1530 2003 1597">
    <p class='ocr_par' dir='ltr' id='par_1_13' title="bbox 424 1530 2003 1597">
     <span class='ocr_line' id='line_1_13' title="bbox 424 1530 2003 1597; baseline 0.006 -16"><span class='ocrx_word' id='word_1_85' title='bbox 424 1530 502 1597; x_wconf 89' lang='lat' dir='ltr'><strong>pit</strong></span> <span class='ocrx_word' id='word_1_86' title='bbox 537 1547 684 1587; x_wconf 89' lang='lat' dir='ltr'><strong>more</strong></span> <span class='ocrx_word' id='word_1_87' title='bbox 735 1532 1049 1590; x_wconf 56' lang='lat' dir='ltr'><strong>Graecorum</strong></span> <span class='ocrx_word' id='word_1_88' title='bbox 1104 1539 1385 1593; x_wconf 85' lang='lat' dir='ltr'><strong>numerari</strong></span> <span class='ocrx_word' id='word_1_89' title='bbox 1462 1539 1685 1592; x_wconf 89' lang='lat' dir='ltr'><strong>indictio</strong></span> <span class='ocrx_word' id='word_1_90' title='bbox 1747 1542 2003 1592; x_wconf 87' lang='lat' dir='ltr'><strong>secunda.</strong></span> 
     </span>
    </p>
   </div>
   <div class='ocr_carea' id='block_1_14' title="bbox 424 1623 2008 1698">
    <p class='ocr_par' dir='ltr' id='par_1_14' title="bbox 424 1623 2008 1698">
     <span class='ocr_line' id='line_1_14' title="bbox 424 1623 2008 1698; baseline 0.006 -21"><span class='ocrx_word' id='word_1_91' title='bbox 424 1623 763 1681; x_wconf 87' lang='lat' dir='ltr'><strong>lndictiones</strong></span> <span class='ocrx_word' id='word_1_92' title='bbox 812 1640 1015 1693; x_wconf 88' lang='lat' dir='ltr'><strong>autem,</strong></span> <span class='ocrx_word' id='word_1_93' title='bbox 1073 1648 1211 1698; x_wconf 88' lang='lat' dir='ltr'><strong>quas</strong></span> <span class='ocrx_word' id='word_1_94' title='bbox 1244 1632 1425 1687; x_wconf 85' lang='lat' dir='ltr'><strong>Latini</strong></span> <span class='ocrx_word' id='word_1_95' title='bbox 1460 1648 1488 1686; x_wconf 90' lang='lat' dir='ltr'><strong>a</strong></span> <span class='ocrx_word' id='word_1_96' title='bbox 1518 1633 1781 1687; x_wconf 84' lang='lat' dir='ltr'><strong>Kalendis</strong></span> <span class='ocrx_word' id='word_1_97' title='bbox 1806 1632 2008 1687; x_wconf 81' lang='lat' dir='ltr'><strong>Janua-</strong></span> 
     </span>
    </p>
   </div>
   <div class='ocr_carea' id='block_1_15' title="bbox 427 1716 2008 1794">
    <p class='ocr_par' dir='ltr' id='par_1_15' title="bbox 427 1716 2008 1794">
     <span class='ocr_line' id='line_1_15' title="bbox 427 1716 2008 1794; baseline 0.006 -26"><span class='ocrx_word' id='word_1_98' title='bbox 427 1716 527 1769; x_wconf 81' lang='lat' dir='ltr'><strong>riis</strong></span> <span class='ocrx_word' id='word_1_99' title='bbox 558 1731 847 1773; x_wconf 85' lang='lat' dir='ltr'><strong>numerare</strong></span> <span class='ocrx_word' id='word_1_100' title='bbox 897 1721 1210 1791; x_wconf 84' lang='lat' dir='ltr'><strong>incipimus,</strong></span> <span class='ocrx_word' id='word_1_101' title='bbox 1260 1724 1436 1779; x_wconf 66' lang='lat' dir='ltr'><strong>Graeci</strong></span> <span class='ocrx_word' id='word_1_102' title='bbox 1486 1739 1700 1794; x_wconf 85' lang='lat' dir='ltr'><strong>semper</strong></span> <span class='ocrx_word' id='word_1_103' title='bbox 1746 1740 1776 1779; x_wconf 88' lang='lat' dir='ltr'><strong>a</strong></span> <span class='ocrx_word' id='word_1_104' title='bbox 1812 1732 2008 1794; x_wconf 82' lang='lat' dir='ltr'><strong>quarto</strong></span> 
     </span>
    </p>
   </div>
   <div class='ocr_carea' id='block_1_16' title="bbox 426 1811 2009 1878">
    <p class='ocr_par' dir='ltr' id='par_1_16' title="bbox 426 1811 2009 1878">
     <span class='ocr_line' id='line_1_16' title="bbox 426 1811 2009 1878; baseline 0.006 -19"><span class='ocrx_word' id='word_1_105' title='bbox 426 1814 577 1860; x_wconf 85' lang='lat' dir='ltr'><strong>retro</strong></span> <span class='ocrx_word' id='word_1_106' title='bbox 609 1824 793 1865; x_wconf 86' lang='lat' dir='ltr'><strong>mense</strong></span> <span class='ocrx_word' id='word_1_107' title='bbox 826 1811 1109 1878; x_wconf 89' lang='lat' dir='ltr'><strong>iuchoaut,</strong></span> <span class='ocrx_word' id='word_1_108' title='bbox 1139 1817 1279 1869; x_wconf 82' lang='lat' dir='ltr'><strong>unde</strong></span> <span class='ocrx_word' id='word_1_109' title='bbox 1314 1826 1365 1870; x_wconf 89' lang='lat' dir='ltr'><strong>et</strong></span> <span class='ocrx_word' id='word_1_110' title='bbox 1407 1816 1621 1871; x_wconf 91' lang='lat' dir='ltr'><strong>initium</strong></span> <span class='ocrx_word' id='word_1_111' title='bbox 1659 1819 1866 1871; x_wconf 87' lang='lat' dir='ltr'><strong>ducunt</strong></span> <span class='ocrx_word' id='word_1_112' title='bbox 1913 1832 2009 1869; x_wconf 90' lang='lat' dir='ltr'><strong>an-</strong></span> 
     </span>
    </p>
   </div>
   <div class='ocr_carea' id='block_1_17' title="bbox 428 1907 2005 1978">
    <p class='ocr_par' dir='ltr' id='par_1_17' title="bbox 428 1907 2005 1978">
     <span class='ocr_line' id='line_1_17' title="bbox 428 1907 2005 1978; baseline 0.011 -31"><span class='ocrx_word' id='word_1_113' title='bbox 428 1910 617 1949; x_wconf 87' lang='lat' dir='ltr'><strong>norum</strong></span> <span class='ocrx_word' id='word_1_114' title='bbox 649 1914 769 1954; x_wconf 70' lang='lat' dir='ltr'><strong>aerae</strong></span> <span class='ocrx_word' id='word_1_115' title='bbox 802 1916 912 1956; x_wconf 66' lang='lat' dir='ltr'><strong>sua:</strong></span> <span class='ocrx_word' id='word_1_116' title='bbox 963 1920 992 1957; x_wconf 87' lang='lat' dir='ltr'><strong>a</strong></span> <span class='ocrx_word' id='word_1_117' title='bbox 1032 1907 1214 1958; x_wconf 88' lang='lat' dir='ltr'><strong>mundi</strong></span> <span class='ocrx_word' id='word_1_118' title='bbox 1246 1909 1513 1978; x_wconf 84' lang='lat' dir='ltr'><strong>principio</strong></span> <span class='ocrx_word' id='word_1_119' title='bbox 1551 1910 1707 1977; x_wconf 71' lang='lat' dir='ltr'><strong>juxta</strong></span> <span class='ocrx_word' id='word_1_120' title='bbox 1769 1909 2005 1963; x_wconf 82' lang='lat' dir='ltr'><strong>calculos</strong></span> 
     </span>
    </p>
   </div>
   <div class='ocr_carea' id='block_1_18' title="bbox 429 1966 2079 2071">
    <p class='ocr_par' dir='ltr' id='par_1_18' title="bbox 429 1966 2079 2071">
     <span class='ocr_line' id='line_1_18' title="bbox 429 1966 2079 2071; baseline 0.009 -31"><span class='ocrx_word' id='word_1_121' title='bbox 429 1988 694 2054; x_wconf 88' lang='lat' dir='ltr'><strong>ipsorum.</strong></span> <span class='ocrx_word' id='word_1_122' title='bbox 734 1991 886 2047; x_wconf 83' lang='lat' dir='ltr'><strong>Unde</strong></span> <span class='ocrx_word' id='word_1_123' title='bbox 915 2010 1033 2049; x_wconf 88' lang='lat' dir='ltr'><strong>cmn</strong></span> <span class='ocrx_word' id='word_1_124' title='bbox 1065 1998 1363 2055; x_wconf 78' lang='lat' dir='ltr'><strong>viderimus</strong></span> <span class='ocrx_word' id='word_1_125' title='bbox 1393 2004 1671 2071; x_wconf 84' lang='lat' dir='ltr'><strong>superius,</strong></span> <span class='ocrx_word' id='word_1_126' title='bbox 1715 2019 1768 2055; x_wconf 92' lang='lat' dir='ltr'><strong>n.</strong></span> <span class='ocrx_word' id='word_1_127' title='bbox 1802 2001 1855 2065; x_wconf 85' lang='lat'><strong>&#39;5,</strong></span> <span class='ocrx_word' id='word_1_128' title='bbox 1882 2000 2003 2055; x_wconf 88' lang='lat' dir='ltr'><strong>Fri-</strong></span> <span class='ocrx_word' id='word_1_129' title='bbox 2032 1966 2079 2026; x_wconf 77' lang='grc' dir='ltr'><strong>Β</strong></span> 
     </span>
    </p>
   </div>
   <div class='ocr_carea' id='block_1_19' title="bbox 428 2079 2001 2160">
    <p class='ocr_par' dir='ltr' id='par_1_19' title="bbox 428 2079 2001 2160">
     <span class='ocr_line' id='line_1_19' title="bbox 428 2079 2001 2160; baseline 0.008 -30"><span class='ocrx_word' id='word_1_130' title='bbox 428 2079 670 2133; x_wconf 76' lang='lat' dir='ltr'><strong>derisum</strong></span> <span class='ocrx_word' id='word_1_131' title='bbox 727 2081 942 2140; x_wconf 72' lang='lat' dir='ltr'><strong>litteras</strong></span> <span class='ocrx_word' id='word_1_132' title='bbox 969 2087 1239 2157; x_wconf 86' lang='lat' dir='ltr'><strong>publicas,</strong></span> <span class='ocrx_word' id='word_1_133' title='bbox 1269 2092 1467 2160; x_wconf 84' lang='lat' dir='ltr'><strong>quibus</strong></span> <span class='ocrx_word' id='word_1_134' title='bbox 1498 2106 1689 2160; x_wconf 90' lang='lat' dir='ltr'><strong>pacem</strong></span> <span class='ocrx_word' id='word_1_135' title='bbox 1731 2107 1758 2144; x_wconf 88' lang='lat' dir='ltr'><strong>a</strong></span> <span class='ocrx_word' id='word_1_136' title='bbox 1794 2106 1853 2147; x_wconf 90' lang='lat' dir='ltr'><strong>se</strong></span> <span class='ocrx_word' id='word_1_137' title='bbox 1882 2107 2001 2144; x_wconf 89' lang='lat' dir='ltr'><strong>cum</strong></span> 
     </span>
    </p>
   </div>
   <div class='ocr_carea' id='block_1_20' title="bbox 428 2169 2007 2251">
    <p class='ocr_par' dir='ltr' id='par_1_20' title="bbox 428 2169 2007 2251">
     <span class='ocr_line' id='line_1_20' title="bbox 428 2169 2007 2251; baseline 0.009 -31"><span class='ocrx_word' id='word_1_138' title='bbox 428 2169 625 2226; x_wconf 81' lang='lat' dir='ltr'><strong>Carolo</strong></span> <span class='ocrx_word' id='word_1_139' title='bbox 687 2189 811 2246; x_wconf 88' lang='lat' dir='ltr'><strong>rege</strong></span> <span class='ocrx_word' id='word_1_140' title='bbox 860 2175 1114 2243; x_wconf 81' lang='lat' dir='ltr'><strong>Neapolis</strong></span> <span class='ocrx_word' id='word_1_141' title='bbox 1171 2181 1358 2236; x_wconf 88' lang='lat' dir='ltr'><strong>initam</strong></span> <span class='ocrx_word' id='word_1_142' title='bbox 1388 2183 1771 2251; x_wconf 77' lang='lat' dir='ltr'><strong>promulgavit,</strong></span> <span class='ocrx_word' id='word_1_143' title='bbox 1828 2183 2007 2237; x_wconf 88' lang='lat' dir='ltr'><strong>cousi-</strong></span> 
     </span>
    </p>
   </div>
   <div class='ocr_carea' id='block_1_21' title="bbox 429 2266 2007 2343">
    <p class='ocr_par' dir='ltr' id='par_1_21' title="bbox 429 2266 2007 2343">
     <span class='ocr_line' id='line_1_21' title="bbox 429 2266 2007 2343; baseline 0.01 -31"><span class='ocrx_word' id='word_1_144' title='bbox 429 2275 626 2329; x_wconf 83' lang='lat' dir='ltr'><strong>gnasse</strong></span> <span class='ocrx_word' id='word_1_145' title='bbox 674 2282 818 2320; x_wconf 86' lang='lat' dir='ltr'><strong>anno</strong></span> <span class='ocrx_word' id='word_1_146' title='bbox 849 2266 1051 2322; x_wconf 87' lang='lat' dir='ltr'><strong>Christi</strong></span> <span class='ocrx_word' id='word_1_147' title='bbox 1102 2271 1260 2335; x_wconf 68' lang='grc'><strong>1302,</strong></span> <span class='ocrx_word' id='word_1_148' title='bbox 1321 2274 1406 2328; x_wconf 89' lang='lat' dir='ltr'><strong>die</strong></span> <span class='ocrx_word' id='word_1_149' title='bbox 1461 2274 1525 2330; x_wconf 79' lang='lat' dir='ltr'><strong>l9</strong></span> <span class='ocrx_word' id='word_1_150' title='bbox 1577 2274 1831 2343; x_wconf 79' lang='lat' dir='ltr'><strong>Augusti,</strong></span> <span class='ocrx_word' id='word_1_151' title='bbox 1864 2276 2007 2329; x_wconf 88' lang='lat' dir='ltr'><strong>iudi-</strong></span> 
     </span>
    </p>
   </div>
   <div class='ocr_carea' id='block_1_22' title="bbox 430 2350 2004 2428">
    <p class='ocr_par' dir='ltr' id='par_1_22' title="bbox 430 2350 2004 2428">
     <span class='ocr_line' id='line_1_22' title="bbox 430 2350 2004 2428; baseline 0.01 -24"><span class='ocrx_word' id='word_1_152' title='bbox 430 2350 613 2405; x_wconf 90' lang='lat' dir='ltr'><strong>ctioue</strong></span> <span class='ocrx_word' id='word_1_153' title='bbox 658 2354 744 2419; x_wconf 84' lang='grc'><strong>15,</strong></span> <span class='ocrx_word' id='word_1_154' title='bbox 790 2355 1094 2428; x_wconf 84' lang='lat' dir='ltr'><strong>intelligere</strong></span> <span class='ocrx_word' id='word_1_155' title='bbox 1119 2361 1377 2417; x_wconf 80' lang='lat' dir='ltr'><strong>debemus</strong></span> <span class='ocrx_word' id='word_1_156' title='bbox 1408 2362 1574 2419; x_wconf 82' lang='lat' dir='ltr'><strong>fuisse</strong></span> <span class='ocrx_word' id='word_1_157' title='bbox 1624 2364 1769 2419; x_wconf 90' lang='lat' dir='ltr'><strong>illum</strong></span> <span class='ocrx_word' id='word_1_158' title='bbox 1805 2381 2004 2419; x_wconf 85' lang='lat' dir='ltr'><strong>annum</strong></span> 
     </span>
    </p>
   </div>
   <div class='ocr_carea' id='block_1_23' title="bbox 429 2442 2007 2526">
    <p class='ocr_par' dir='ltr' id='par_1_23' title="bbox 429 2442 2007 2526">
     <span class='ocr_line' id='line_1_23' title="bbox 429 2442 2007 2526; baseline 0.011 -32"><span class='ocrx_word' id='word_1_159' title='bbox 429 2442 681 2500; x_wconf 90' lang='lat' dir='ltr'><strong>ultimum</strong></span> <span class='ocrx_word' id='word_1_160' title='bbox 709 2448 844 2518; x_wconf 86' lang='lat' dir='ltr'><strong>cycli</strong></span> <span class='ocrx_word' id='word_1_161' title='bbox 867 2449 1178 2506; x_wconf 88' lang='lat' dir='ltr'><strong>indictionis</strong></span> <span class='ocrx_word' id='word_1_162' title='bbox 1207 2454 1624 2524; x_wconf 83' lang='lat' dir='ltr'><strong>complectentis</strong></span> <span class='ocrx_word' id='word_1_163' title='bbox 1654 2470 1825 2511; x_wconf 90' lang='lat' dir='ltr'><strong>annos</strong></span> <span class='ocrx_word' id='word_1_164' title='bbox 1848 2458 2007 2526; x_wconf 88' lang='lat' dir='ltr'><strong>quin-</strong></span> 
     </span>
    </p>
   </div>
   <div class='ocr_carea' id='block_1_24' title="bbox 431 2534 2004 2615">
    <p class='ocr_par' dir='ltr' id='par_1_24' title="bbox 431 2534 2004 2615">
     <span class='ocr_line' id='line_1_24' title="bbox 431 2534 2004 2615; baseline 0.01 -27"><span class='ocrx_word' id='word_1_165' title='bbox 431 2534 630 2600; x_wconf 88' lang='lat' dir='ltr'><strong>decim,</strong></span> <span class='ocrx_word' id='word_1_166' title='bbox 666 2539 737 2591; x_wconf 91' lang='lat' dir='ltr'><strong>ita</strong></span> <span class='ocrx_word' id='word_1_167' title='bbox 767 2549 834 2604; x_wconf 28' lang='lat' dir='ltr'><strong>ut.</strong></span> <span class='ocrx_word' id='word_1_168' title='bbox 850 2541 1154 2611; x_wconf 88' lang='lat' dir='ltr'><strong>Septembri</strong></span> <span class='ocrx_word' id='word_1_169' title='bbox 1186 2553 1306 2614; x_wconf 87' lang='lat' dir='ltr'><strong>post</strong></span> <span class='ocrx_word' id='word_1_170' title='bbox 1353 2545 1503 2599; x_wconf 89' lang='lat' dir='ltr'><strong>illum</strong></span> <span class='ocrx_word' id='word_1_171' title='bbox 1532 2547 1835 2615; x_wconf 77' lang='lat' dir='ltr'><strong>Augustum</strong></span> <span class='ocrx_word' id='word_1_172' title='bbox 1882 2564 2004 2603; x_wconf 81' lang='lat' dir='ltr'><strong>mox</strong></span> 
     </span>
    </p>
   </div>
   <div class='ocr_carea' id='block_1_25' title="bbox 432 2627 2010 2709">
    <p class='ocr_par' dir='ltr' id='par_1_25' title="bbox 432 2627 2010 2709">
     <span class='ocr_line' id='line_1_25' title="bbox 432 2627 2010 2709; baseline 0.008 -28"><span class='ocrx_word' id='word_1_173' title='bbox 432 2640 621 2683; x_wconf 82' lang='lat' dir='ltr'><strong>secuto</strong></span> <span class='ocrx_word' id='word_1_174' title='bbox 657 2627 826 2685; x_wconf 71' lang='lat' dir='ltr'><strong>Graeci</strong></span> <span class='ocrx_word' id='word_1_175' title='bbox 861 2648 1148 2688; x_wconf 89' lang='lat' dir='ltr'><strong>numerare</strong></span> <span class='ocrx_word' id='word_1_176' title='bbox 1184 2637 1410 2704; x_wconf 83' lang='lat' dir='ltr'><strong>primam</strong></span> <span class='ocrx_word' id='word_1_177' title='bbox 1449 2639 1802 2693; x_wconf 86' lang='lat' dir='ltr'><strong>indictionem</strong></span> <span class='ocrx_word' id='word_1_178' title='bbox 1829 2655 2010 2709; x_wconf 86' lang='lat' dir='ltr'><strong>ccepe-</strong></span> 
     </span>
    </p>
   </div>
   <div class='ocr_carea' id='block_1_26' title="bbox 433 2720 2009 2798">
    <p class='ocr_par' dir='ltr' id='par_1_26' title="bbox 433 2720 2009 2798">
     <span class='ocr_line' id='line_1_26' title="bbox 433 2720 2009 2798; baseline 0.008 -26"><span class='ocrx_word' id='word_1_179' title='bbox 433 2720 564 2784; x_wconf 85' lang='lat' dir='ltr'><strong>riut,</strong></span> <span class='ocrx_word' id='word_1_180' title='bbox 614 2720 792 2775; x_wconf 83' lang='lat' dir='ltr'><strong>Latini</strong></span> <span class='ocrx_word' id='word_1_181' title='bbox 840 2738 969 2779; x_wconf 84' lang='lat' dir='ltr'><strong>vero</strong></span> <span class='ocrx_word' id='word_1_182' title='bbox 1021 2726 1075 2779; x_wconf 90' lang='lat' dir='ltr'><strong>id</strong></span> <span class='ocrx_word' id='word_1_183' title='bbox 1128 2725 1309 2781; x_wconf 84' lang='lat' dir='ltr'><strong>facere</strong></span> <span class='ocrx_word' id='word_1_184' title='bbox 1355 2728 1663 2783; x_wconf 90' lang='lat' dir='ltr'><strong>distulerint</strong></span> <span class='ocrx_word' id='word_1_185' title='bbox 1726 2746 1898 2798; x_wconf 82' lang='lat' dir='ltr'><strong>usque</strong></span> <span class='ocrx_word' id='word_1_186' title='bbox 1941 2733 2009 2785; x_wconf 91' lang='lat' dir='ltr'><strong>ad</strong></span> 
     </span>
    </p>
   </div>
   <div class='ocr_carea' id='block_1_27' title="bbox 434 2813 2009 2891">
    <p class='ocr_par' dir='ltr' id='par_1_27' title="bbox 434 2813 2009 2891">
     <span class='ocr_line' id='line_1_27' title="bbox 434 2813 2009 2891; baseline 0.008 -27"><span class='ocrx_word' id='word_1_187' title='bbox 434 2813 669 2880; x_wconf 90' lang='lat' dir='ltr'><strong>primum</strong></span> <span class='ocrx_word' id='word_1_188' title='bbox 708 2815 847 2868; x_wconf 88' lang='lat' dir='ltr'><strong>diem</strong></span> <span class='ocrx_word' id='word_1_189' title='bbox 881 2816 1123 2871; x_wconf 79' lang='lat' dir='ltr'><strong>Januarii</strong></span> <span class='ocrx_word' id='word_1_190' title='bbox 1161 2822 1463 2888; x_wconf 88' lang='lat' dir='ltr'><strong>sequentis,</strong></span> <span class='ocrx_word' id='word_1_191' title='bbox 1507 2837 1616 2891; x_wconf 91' lang='lat' dir='ltr'><strong>quo</strong></span> <span class='ocrx_word' id='word_1_192' title='bbox 1661 2821 1861 2877; x_wconf 87' lang='lat' dir='ltr'><strong>Christi</strong></span> <span class='ocrx_word' id='word_1_193' title='bbox 1916 2838 2009 2877; x_wconf 89' lang='lat' dir='ltr'><strong>an-</strong></span> 
     </span>
    </p>
   </div>
   <div class='ocr_carea' id='block_1_28' title="bbox 435 2905 2011 2985">
    <p class='ocr_par' dir='ltr' id='par_1_28' title="bbox 435 2905 2011 2985">
     <span class='ocr_line' id='line_1_28' title="bbox 435 2905 2011 2985; baseline 0.01 -29"><span class='ocrx_word' id='word_1_194' title='bbox 435 2920 539 2958; x_wconf 88' lang='lat' dir='ltr'><strong>ntts</strong></span> <span class='ocrx_word' id='word_1_195' title='bbox 566 2905 703 2959; x_wconf 79' lang='grc'><strong>1505</strong></span> <span class='ocrx_word' id='word_1_196' title='bbox 739 2907 947 2962; x_wconf 80' lang='lat' dir='ltr'><strong>calculo</strong></span> <span class='ocrx_word' id='word_1_197' title='bbox 997 2910 1232 2978; x_wconf 89' lang='lat' dir='ltr'><strong>ipsorum</strong></span> <span class='ocrx_word' id='word_1_198' title='bbox 1266 2921 1349 2965; x_wconf 91' lang='lat' dir='ltr'><strong>est</strong></span> <span class='ocrx_word' id='word_1_199' title='bbox 1392 2913 1578 2966; x_wconf 87' lang='lat' dir='ltr'><strong>initus.</strong></span> <span class='ocrx_word' id='word_1_200' title='bbox 1609 2911 1817 2967; x_wconf 84' lang='lat' dir='ltr'><strong>Rursus</strong></span> <span class='ocrx_word' id='word_1_201' title='bbox 1849 2916 2011 2985; x_wconf 85' lang='lat' dir='ltr'><strong>hujus</strong></span> 
     </span>
    </p>
   </div>
   <div class='ocr_carea' id='block_1_29' title="bbox 437 2989 2010 3065">
    <p class='ocr_par' dir='ltr' id='par_1_29' title="bbox 437 2989 2010 3065">
     <span class='ocr_line' id='line_1_29' title="bbox 437 2989 2010 3065; baseline 0.006 -21"><span class='ocrx_word' id='word_1_202' title='bbox 437 2994 563 3045; x_wconf 88' lang='lat' dir='ltr'><strong>anui</strong></span> <span class='ocrx_word' id='word_1_203' title='bbox 590 2992 794 3050; x_wconf 89' lang='lat' dir='ltr'><strong>Christi</strong></span> <span class='ocrx_word' id='word_1_204' title='bbox 822 2996 959 3050; x_wconf 88' lang='grc'><strong>1505</strong></span> <span class='ocrx_word' id='word_1_205' title='bbox 981 3011 1167 3051; x_wconf 84' lang='lat' dir='ltr'><strong>mense</strong></span> <span class='ocrx_word' id='word_1_206' title='bbox 1184 2989 1494 3065; x_wconf 61' lang='lat' dir='ltr'><strong>Septembri</strong></span> <span class='ocrx_word' id='word_1_207' title='bbox 1515 2999 1686 3052; x_wconf 80' lang='lat' dir='ltr'><strong>Graeci</strong></span> <span class='ocrx_word' id='word_1_208' title='bbox 1712 3001 2010 3054; x_wconf 88' lang='lat' dir='ltr'><strong>secundam</strong></span> 
     </span>
    </p>
   </div>
   <div class='ocr_carea' id='block_1_30' title="bbox 438 3081 2012 3152">
    <p class='ocr_par' dir='ltr' id='par_1_30' title="bbox 438 3081 2012 3152">
     <span class='ocr_line' id='line_1_30' title="bbox 438 3081 2012 3152; baseline 0.005 -15"><span class='ocrx_word' id='word_1_209' title='bbox 438 3081 788 3142; x_wconf 82' lang='lat' dir='ltr'><strong>indictionem</strong></span> <span class='ocrx_word' id='word_1_210' title='bbox 817 3099 1197 3152; x_wconf 89' lang='lat' dir='ltr'><strong>numerarunt,</strong></span> <span class='ocrx_word' id='word_1_211' title='bbox 1219 3088 1344 3142; x_wconf 90' lang='lat' dir='ltr'><strong>dum</strong></span> <span class='ocrx_word' id='word_1_212' title='bbox 1368 3088 1575 3144; x_wconf 88' lang='lat' dir='ltr'><strong>Latinis</strong></span> <span class='ocrx_word' id='word_1_213' title='bbox 1596 3090 1817 3144; x_wconf 87' lang='lat' dir='ltr'><strong>indictio</strong></span> <span class='ocrx_word' id='word_1_214' title='bbox 1837 3092 2012 3145; x_wconf 91' lang='lat' dir='ltr'><strong>adhuc</strong></span> 
     </span>
    </p>
   </div>
   <div class='ocr_carea' id='block_1_31' title="bbox 438 3175 2012 3251">
    <p class='ocr_par' dir='ltr' id='par_1_31' title="bbox 438 3175 2012 3251">
     <span class='ocr_line' id='line_1_31' title="bbox 438 3175 2012 3251; baseline 0.006 -25"><span class='ocrx_word' id='word_1_215' title='bbox 438 3175 613 3242; x_wconf 82' lang='lat' dir='ltr'><strong>prima</strong></span> <span class='ocrx_word' id='word_1_216' title='bbox 649 3191 742 3245; x_wconf 89' lang='lat' dir='ltr'><strong>per</strong></span> <span class='ocrx_word' id='word_1_217' title='bbox 771 3177 1002 3246; x_wconf 87' lang='lat' dir='ltr'><strong>spatium</strong></span> <span class='ocrx_word' id='word_1_218' title='bbox 1028 3179 1423 3251; x_wconf 85' lang='lat' dir='ltr'><strong>quadrimestre</strong></span> <span class='ocrx_word' id='word_1_219' title='bbox 1450 3190 1716 3237; x_wconf 84' lang='lat' dir='ltr'><strong>curreret.</strong></span> <span class='ocrx_word' id='word_1_220' title='bbox 1742 3182 1850 3235; x_wconf 84' lang='lat' dir='ltr'><strong>Nec</strong></span> <span class='ocrx_word' id='word_1_221' title='bbox 1875 3182 2012 3236; x_wconf 90' lang='lat' dir='ltr'><strong>alius</strong></span> 
     </span>
    </p>
   </div>
   <div class='ocr_carea' id='block_1_32' title="bbox 2105 704 3643 779">
    <p class='ocr_par' dir='ltr' id='par_1_32' title="bbox 2105 704 3643 779">
     <span class='ocr_line' id='line_1_32' title="bbox 2105 704 3643 779; baseline -0.01 -12"><span class='ocrx_word' id='word_1_222' title='bbox 2105 716 2301 769; x_wconf 88' lang='lat' dir='ltr'><strong>mentis</strong></span> <span class='ocrx_word' id='word_1_223' title='bbox 2337 710 2678 767; x_wconf 72' lang='lat' dir='ltr'><strong>evidentibus</strong></span> <span class='ocrx_word' id='word_1_224' title='bbox 2750 722 3088 779; x_wconf 83' lang='lat' dir='ltr'><strong>persuasum,</strong></span> <span class='ocrx_word' id='word_1_225' title='bbox 3151 704 3298 759; x_wconf 88' lang='lat' dir='ltr'><strong>vinci</strong></span> <span class='ocrx_word' id='word_1_226' title='bbox 3352 716 3454 754; x_wconf 91' lang='lat' dir='ltr'><strong>non</strong></span> <span class='ocrx_word' id='word_1_227' title='bbox 3510 716 3643 770; x_wconf 80' lang='lat' dir='ltr'><strong>posse</strong></span> 
     </span>
    </p>
   </div>
   <div class='ocr_carea' id='block_1_33' title="bbox 2104 794 3641 874">
    <p class='ocr_par' dir='ltr' id='par_1_33' title="bbox 2104 794 3641 874">
     <span class='ocr_line' id='line_1_33' title="bbox 2104 794 3641 874; baseline -0.011 -15"><span class='ocrx_word' id='word_1_228' title='bbox 2104 804 2278 862; x_wconf 82' lang='lat' dir='ltr'><strong>Marte</strong></span> <span class='ocrx_word' id='word_1_229' title='bbox 2310 816 2496 874; x_wconf 90' lang='lat' dir='ltr'><strong>aperto</strong></span> <span class='ocrx_word' id='word_1_230' title='bbox 2522 819 2746 860; x_wconf 87' lang='lat' dir='ltr'><strong>suorum</strong></span> <span class='ocrx_word' id='word_1_231' title='bbox 2777 802 2946 855; x_wconf 86' lang='lat' dir='ltr'><strong>armis</strong></span> <span class='ocrx_word' id='word_1_232' title='bbox 2974 798 3282 859; x_wconf 84' lang='lat' dir='ltr'><strong>Catelanos,</strong></span> <span class='ocrx_word' id='word_1_233' title='bbox 3319 794 3456 849; x_wconf 84' lang='lat' dir='ltr'><strong>alias</strong></span> <span class='ocrx_word' id='word_1_234' title='bbox 3479 807 3641 846; x_wconf 85' lang='lat' dir='ltr'><strong>eorum</strong></span> 
     </span>
    </p>
   </div>
   <div class='ocr_carea' id='block_1_34' title="bbox 2102 885 3644 951">
    <p class='ocr_par' dir='ltr' id='par_1_34' title="bbox 2102 885 3644 951">
     <span class='ocr_line' id='line_1_34' title="bbox 2102 885 3644 951; baseline -0.01 0"><span class='ocrx_word' id='word_1_235' title='bbox 2102 896 2554 951; x_wconf 87' lang='lat' dir='ltr'><strong>debilitandorum</strong></span> <span class='ocrx_word' id='word_1_236' title='bbox 2594 903 2691 948; x_wconf 86' lang='lat' dir='ltr'><strong>aut</strong></span> <span class='ocrx_word' id='word_1_237' title='bbox 2729 890 3137 947; x_wconf 88' lang='lat' dir='ltr'><strong>alliciendorum</strong></span> <span class='ocrx_word' id='word_1_238' title='bbox 3186 890 3253 940; x_wconf 89' lang='lat' dir='ltr'><strong>ad</strong></span> <span class='ocrx_word' id='word_1_239' title='bbox 3288 885 3644 940; x_wconf 85' lang='lat' dir='ltr'><strong>eonventinnes</strong></span> 
     </span>
    </p>
   </div>
   <div class='ocr_carea' id='block_1_35' title="bbox 2102 973 3647 1054">
    <p class='ocr_par' dir='ltr' id='par_1_35' title="bbox 2102 973 3647 1054">
     <span class='ocr_line' id='line_1_35' title="bbox 2102 973 3647 1054; baseline -0.01 -14"><span class='ocrx_word' id='word_1_240' title='bbox 2102 989 2253 1054; x_wconf 83' lang='lat' dir='ltr'><strong>pacis</strong></span> <span class='ocrx_word' id='word_1_241' title='bbox 2299 987 2541 1040; x_wconf 88' lang='lat' dir='ltr'><strong>rationes</strong></span> <span class='ocrx_word' id='word_1_242' title='bbox 2586 986 2797 1039; x_wconf 87' lang='lat' dir='ltr'><strong>iniisse.</strong></span> <span class='ocrx_word' id='word_1_243' title='bbox 2851 982 3046 1037; x_wconf 85' lang='lat' dir='ltr'><strong>Clades</strong></span> <span class='ocrx_word' id='word_1_244' title='bbox 3087 981 3272 1049; x_wconf 88' lang='lat' dir='ltr'><strong>igitur,</strong></span> <span class='ocrx_word' id='word_1_245' title='bbox 3313 991 3530 1046; x_wconf 88' lang='lat' dir='ltr'><strong>quarum</strong></span> <span class='ocrx_word' id='word_1_246' title='bbox 3562 973 3647 1026; x_wconf 79' lang='lat' dir='ltr'><strong>Pa-</strong></span> 
     </span>
    </p>
   </div>
   <div class='ocr_carea' id='block_1_36' title="bbox 2102 1068 3643 1149">
    <p class='ocr_par' dir='ltr' id='par_1_36' title="bbox 2102 1068 3643 1149">
     <span class='ocr_line' id='line_1_36' title="bbox 2102 1068 3643 1149; baseline -0.01 -16"><span class='ocrx_word' id='word_1_247' title='bbox 2102 1079 2389 1149; x_wconf 80' lang='lat' dir='ltr'><strong>cbymeres</strong></span> <span class='ocrx_word' id='word_1_248' title='bbox 2419 1079 2507 1132; x_wconf 87' lang='lat' dir='ltr'><strong>hic</strong></span> <span class='ocrx_word' id='word_1_249' title='bbox 2528 1078 2776 1131; x_wconf 86' lang='lat' dir='ltr'><strong>meminit</strong></span> <span class='ocrx_word' id='word_1_250' title='bbox 2803 1075 3067 1128; x_wconf 77' lang='lat' dir='ltr'><strong>Romanis</strong></span> <span class='ocrx_word' id='word_1_251' title='bbox 3092 1072 3358 1126; x_wconf 86' lang='lat' dir='ltr'><strong>militibus</strong></span> <span class='ocrx_word' id='word_1_252' title='bbox 3379 1068 3643 1125; x_wconf 73' lang='lat' dir='ltr'><strong>exercitus.</strong></span> 
     </span>
    </p>
   </div>
   <div class='ocr_carea' id='block_1_37' title="bbox 2105 1162 3644 1236">
    <p class='ocr_par' dir='ltr' id='par_1_37' title="bbox 2105 1162 3644 1236">
     <span class='ocr_line' id='line_1_37' title="bbox 2105 1162 3644 1236; baseline -0.007 -13"><span class='ocrx_word' id='word_1_253' title='bbox 2105 1170 2193 1223; x_wconf 88' lang='lat' dir='ltr'><strong>cui</strong></span> <span class='ocrx_word' id='word_1_254' title='bbox 2254 1170 2481 1226; x_wconf 79' lang='lat' dir='ltr'><strong>Michael</strong></span> <span class='ocrx_word' id='word_1_255' title='bbox 2514 1168 2707 1223; x_wconf 85' lang='lat' dir='ltr'><strong>Junior</strong></span> <span class='ocrx_word' id='word_1_256' title='bbox 2759 1169 3037 1236; x_wconf 85' lang='lat' dir='ltr'><strong>Augustus</strong></span> <span class='ocrx_word' id='word_1_257' title='bbox 3094 1167 3146 1220; x_wconf 91' lang='lat' dir='ltr'><strong>in</strong></span> <span class='ocrx_word' id='word_1_258' title='bbox 3198 1162 3439 1220; x_wconf 84' lang='lat' dir='ltr'><strong>Occiduo</strong></span> <span class='ocrx_word' id='word_1_259' title='bbox 3494 1169 3644 1215; x_wconf 86' lang='lat' dir='ltr'><strong>tractu</strong></span> 
     </span>
    </p>
   </div>
   <div class='ocr_carea' id='block_1_38' title="bbox 2103 1252 3648 1329">
    <p class='ocr_par' dir='ltr' id='par_1_38' title="bbox 2103 1252 3648 1329">
     <span class='ocr_line' id='line_1_38' title="bbox 2103 1252 3648 1329; baseline -0.006 -16"><span class='ocrx_word' id='word_1_260' title='bbox 2103 1271 2353 1329; x_wconf 71' lang='lat' dir='ltr'><strong>prmcrat,</strong></span> <span class='ocrx_word' id='word_1_261' title='bbox 2399 1278 2428 1316; x_wconf 91' lang='lat' dir='ltr'><strong>a</strong></span> <span class='ocrx_word' id='word_1_262' title='bbox 2464 1261 2741 1317; x_wconf 78' lang='lat' dir='ltr'><strong>Catelauis</strong></span> <span class='ocrx_word' id='word_1_263' title='bbox 2798 1261 3097 1324; x_wconf 87' lang='lat' dir='ltr'><strong>illatarum,</strong></span> <span class='ocrx_word' id='word_1_264' title='bbox 3154 1271 3261 1307; x_wconf 89' lang='lat' dir='ltr'><strong>non</strong></span> <span class='ocrx_word' id='word_1_265' title='bbox 3295 1254 3416 1306; x_wconf 68' lang='lat' dir='ltr'><strong>alia:</strong></span> <span class='ocrx_word' id='word_1_266' title='bbox 3472 1252 3648 1305; x_wconf 84' lang='lat' dir='ltr'><strong>l‘uerint</strong></span> 
     </span>
    </p>
   </div>
   <div class='ocr_carea' id='block_1_39' title="bbox 2104 1343 3646 1424">
    <p class='ocr_par' dir='ltr' id='par_1_39' title="bbox 2104 1343 3646 1424">
     <span class='ocr_line' id='line_1_39' title="bbox 2104 1343 3646 1424; baseline -0.006 -18"><span class='ocrx_word' id='word_1_267' title='bbox 2104 1369 2268 1424; x_wconf 88' lang='lat' dir='ltr'><strong>quam</strong></span> <span class='ocrx_word' id='word_1_268' title='bbox 2332 1370 2466 1423; x_wconf 87' lang='lat' dir='ltr'><strong>quas</strong></span> <span class='ocrx_word' id='word_1_269' title='bbox 2512 1354 2653 1407; x_wconf 91' lang='lat' dir='ltr'><strong>idem</strong></span> <span class='ocrx_word' id='word_1_270' title='bbox 2686 1352 2870 1407; x_wconf 89' lang='lat' dir='ltr'><strong>retulit</strong></span> <span class='ocrx_word' id='word_1_271' title='bbox 2920 1352 2957 1405; x_wconf 88' lang='grc' dir='ltr'><strong>ι.</strong></span> <span class='ocrx_word' id='word_1_272' title='bbox 2984 1367 3055 1413; x_wconf 82' lang='lat' dir='ltr'><strong>vt,</strong></span> <span class='ocrx_word' id='word_1_273' title='bbox 3094 1364 3143 1403; x_wconf 90' lang='lat' dir='ltr'><strong>c.</strong></span> <span class='ocrx_word' id='word_1_274' title='bbox 3171 1347 3264 1409; x_wconf 86' lang='grc'><strong>50,</strong></span> <span class='ocrx_word' id='word_1_275' title='bbox 3298 1355 3351 1398; x_wconf 91' lang='lat' dir='ltr'><strong>et</strong></span> <span class='ocrx_word' id='word_1_276' title='bbox 3390 1343 3505 1398; x_wconf 89' lang='lat' dir='ltr'><strong>libri</strong></span> <span class='ocrx_word' id='word_1_277' title='bbox 3523 1344 3646 1410; x_wconf 85' lang='lat' dir='ltr'><strong>ejus-</strong></span> 
     </span>
    </p>
   </div>
   <div class='ocr_carea' id='block_1_40' title="bbox 2107 1441 3645 1513">
    <p class='ocr_par' dir='ltr' id='par_1_40' title="bbox 2107 1441 3645 1513">
     <span class='ocr_line' id='line_1_40' title="bbox 2107 1441 3645 1513; baseline -0.009 -14"><span class='ocrx_word' id='word_1_278' title='bbox 2107 1445 2226 1500; x_wconf 85' lang='lat' dir='ltr'><strong>dem</strong></span> <span class='ocrx_word' id='word_1_279' title='bbox 2286 1460 2337 1502; x_wconf 91' lang='lat' dir='ltr'><strong>c.</strong></span> <span class='ocrx_word' id='word_1_280' title='bbox 2394 1445 2483 1510; x_wconf 73' lang='lat'><strong>52,</strong></span> <span class='ocrx_word' id='word_1_281' title='bbox 2522 1459 2753 1513; x_wconf 90' lang='lat' dir='ltr'><strong>quorum</strong></span> <span class='ocrx_word' id='word_1_282' title='bbox 2816 1443 2867 1496; x_wconf 92' lang='lat' dir='ltr'><strong>in</strong></span> <span class='ocrx_word' id='word_1_283' title='bbox 2901 1441 3065 1512; x_wconf 87' lang='lat' dir='ltr'><strong>priori</strong></span> <span class='ocrx_word' id='word_1_284' title='bbox 3118 1445 3306 1493; x_wconf 85' lang='lat' dir='ltr'><strong>narrat</strong></span> <span class='ocrx_word' id='word_1_285' title='bbox 3334 1448 3645 1506; x_wconf 82' lang='lat' dir='ltr'><strong>progressum</strong></span> 
     </span>
    </p>
   </div>
   <div class='ocr_carea' id='block_1_41' title="bbox 2106 1524 3647 1603">
    <p class='ocr_par' dir='ltr' id='par_1_41' title="bbox 2106 1524 3647 1603">
     <span class='ocr_line' id='line_1_41' title="bbox 2106 1524 3647 1603; baseline -0.009 -12"><span class='ocrx_word' id='word_1_286' title='bbox 2106 1547 2296 1591; x_wconf 88' lang='lat' dir='ltr'><strong>contra</strong></span> <span class='ocrx_word' id='word_1_287' title='bbox 2328 1524 2620 1592; x_wconf 77' lang='lat' dir='ltr'><strong>Catelanos</strong></span> <span class='ocrx_word' id='word_1_288' title='bbox 2674 1535 2954 1603; x_wconf 84' lang='lat' dir='ltr'><strong>aliquanto</strong></span> <span class='ocrx_word' id='word_1_289' title='bbox 3006 1541 3125 1600; x_wconf 89' lang='lat' dir='ltr'><strong>post</strong></span> <span class='ocrx_word' id='word_1_290' title='bbox 3177 1545 3365 1584; x_wconf 86' lang='lat' dir='ltr'><strong>necem</strong></span> <span class='ocrx_word' id='word_1_291' title='bbox 3400 1525 3647 1580; x_wconf 74' lang='lat' dir='ltr'><strong>ltontzerii</strong></span> 
     </span>
    </p>
   </div>
   <div class='ocr_carea' id='block_1_42' title="bbox 2106 1619 3651 1695">
    <p class='ocr_par' dir='ltr' id='par_1_42' title="bbox 2106 1619 3651 1695">
     <span class='ocr_line' id='line_1_42' title="bbox 2106 1619 3651 1695; baseline -0.008 -12"><span class='ocrx_word' id='word_1_292' title='bbox 2106 1629 2358 1691; x_wconf 62' lang='lat' dir='ltr'><strong>Caesaris,</strong></span> <span class='ocrx_word' id='word_1_293' title='bbox 2421 1627 2769 1695; x_wconf 82' lang='lat' dir='ltr'><strong>Adrianopoli</strong></span> <span class='ocrx_word' id='word_1_294' title='bbox 2819 1625 3172 1695; x_wconf 78' lang='lat' dir='ltr'><strong>Pampbylum</strong></span> <span class='ocrx_word' id='word_1_295' title='bbox 3220 1636 3411 1689; x_wconf 86' lang='lat' dir='ltr'><strong>usque,</strong></span> <span class='ocrx_word' id='word_1_296' title='bbox 3442 1619 3651 1672; x_wconf 58' lang='lat' dir='ltr'><strong>Mil-hae-</strong></span> 
     </span>
    </p>
   </div>
   <div class='ocr_carea' id='block_1_43' title="bbox 2111 1716 3649 1790">
    <p class='ocr_par' dir='ltr' id='par_1_43' title="bbox 2111 1716 3649 1790">
     <span class='ocr_line' id='line_1_43' title="bbox 2111 1716 3649 1790; baseline -0.008 -16"><span class='ocrx_word' id='word_1_297' title='bbox 2111 1722 2217 1776; x_wconf 89' lang='lat' dir='ltr'><strong>lem</strong></span> <span class='ocrx_word' id='word_1_298' title='bbox 2250 1721 2549 1790; x_wconf 79' lang='lat' dir='ltr'><strong>Augustum</strong></span> <span class='ocrx_word' id='word_1_299' title='bbox 2588 1718 2892 1783; x_wconf 85' lang='lat' dir='ltr'><strong>Juniorem,</strong></span> <span class='ocrx_word' id='word_1_300' title='bbox 2923 1733 3045 1772; x_wconf 92' lang='lat' dir='ltr'><strong>cum</strong></span> <span class='ocrx_word' id='word_1_301' title='bbox 3094 1725 3205 1768; x_wconf 88' lang='lat' dir='ltr'><strong>toto</strong></span> <span class='ocrx_word' id='word_1_302' title='bbox 3239 1716 3480 1768; x_wconf 75' lang='lat' dir='ltr'><strong>[ternario</strong></span> <span class='ocrx_word' id='word_1_303' title='bbox 3517 1725 3649 1765; x_wconf 80' lang='lat' dir='ltr'><strong>exer-</strong></span> 
     </span>
    </p>
   </div>
   <div class='ocr_carea' id='block_1_44' title="bbox 2110 1805 3653 1880">
    <p class='ocr_par' dir='ltr' id='par_1_44' title="bbox 2110 1805 3653 1880">
     <span class='ocr_line' id='line_1_44' title="bbox 2110 1805 3653 1880; baseline -0.008 -12"><span class='ocrx_word' id='word_1_304' title='bbox 2110 1813 2245 1874; x_wconf 90' lang='lat' dir='ltr'><strong>citu,</strong></span> <span class='ocrx_word' id='word_1_305' title='bbox 2271 1820 2477 1880; x_wconf 87' lang='lat' dir='ltr'><strong>partem</strong></span> <span class='ocrx_word' id='word_1_306' title='bbox 2512 1812 2673 1879; x_wconf 92' lang='lat' dir='ltr'><strong>hujus</strong></span> <span class='ocrx_word' id='word_1_307' title='bbox 2712 1811 2813 1866; x_wconf 91' lang='lat' dir='ltr'><strong>sub</strong></span> <span class='ocrx_word' id='word_1_308' title='bbox 2850 1812 3025 1865; x_wconf 90' lang='lat' dir='ltr'><strong>tribus</strong></span> <span class='ocrx_word' id='word_1_309' title='bbox 3056 1810 3308 1870; x_wconf 81' lang='lat' dir='ltr'><strong>ducibus,</strong></span> <span class='ocrx_word' id='word_1_310' title='bbox 3339 1806 3500 1867; x_wconf 86' lang='lat' dir='ltr'><strong>Duca,</strong></span> <span class='ocrx_word' id='word_1_311' title='bbox 3538 1805 3653 1857; x_wconf 71' lang='lat' dir='ltr'><strong>Um-</strong></span> 
     </span>
    </p>
   </div>
   <div class='ocr_carea' id='block_1_45' title="bbox 2109 1895 3650 1972">
    <p class='ocr_par' dir='ltr' id='par_1_45' title="bbox 2109 1895 3650 1972">
     <span class='ocr_line' id='line_1_45' title="bbox 2109 1895 3650 1972; baseline -0.006 -13"><span class='ocrx_word' id='word_1_312' title='bbox 2109 1903 2397 1972; x_wconf 88' lang='lat' dir='ltr'><strong>pertopulo</strong></span> <span class='ocrx_word' id='word_1_313' title='bbox 2426 1913 2482 1957; x_wconf 86' lang='lat' dir='ltr'><strong>et</strong></span> <span class='ocrx_word' id='word_1_314' title='bbox 2542 1903 2772 1969; x_wconf 87' lang='lat' dir='ltr'><strong>Bossila,</strong></span> <span class='ocrx_word' id='word_1_315' title='bbox 2829 1911 3017 1957; x_wconf 87' lang='lat' dir='ltr'><strong>contra</strong></span> <span class='ocrx_word' id='word_1_316' title='bbox 3070 1898 3405 1966; x_wconf 88' lang='lat' dir='ltr'><strong>Calliopolim</strong></span> <span class='ocrx_word' id='word_1_317' title='bbox 3442 1895 3650 1957; x_wconf 84' lang='lat' dir='ltr'><strong>misisse,</strong></span> 
     </span>
    </p>
   </div>
   <div class='ocr_carea' id='block_1_46' title="bbox 2109 1987 3649 2079">
    <p class='ocr_par' dir='ltr' id='par_1_46' title="bbox 2109 1987 3649 2079">
     <span class='ocr_line' id='line_1_46' title="bbox 2109 1987 3649 2079; baseline -0.005 -31"><span class='ocrx_word' id='word_1_318' title='bbox 2109 1995 2199 2049; x_wconf 93' lang='lat' dir='ltr'><strong>ubi</strong></span> <span class='ocrx_word' id='word_1_319' title='bbox 2232 1994 2475 2050; x_wconf 87' lang='lat' dir='ltr'><strong>Catelani</strong></span> <span class='ocrx_word' id='word_1_320' title='bbox 2521 2003 2577 2062; x_wconf 89' lang='lat' dir='ltr'><strong>et</strong></span> <span class='ocrx_word' id='word_1_321' title='bbox 2622 1994 3112 2063; x_wconf 83' lang='lat' dir='ltr'><strong>Amogabarisuas</strong></span> <span class='ocrx_word' id='word_1_322' title='bbox 3143 1991 3333 2061; x_wconf 88' lang='lat' dir='ltr'><strong>copias</strong></span> <span class='ocrx_word' id='word_1_323' title='bbox 3365 1987 3649 2079; x_wconf 71' lang='lat' dir='ltr'><strong>habebant:</strong></span> 
     </span>
    </p>
   </div>
   <div class='ocr_carea' id='block_1_47' title="bbox 2107 2083 3650 2154">
    <p class='ocr_par' dir='ltr' id='par_1_47' title="bbox 2107 2083 3650 2154">
     <span class='ocr_line' id='line_1_47' title="bbox 2107 2083 3650 2154; baseline -0.008 -12"><span class='ocrx_word' id='word_1_324' title='bbox 2107 2089 2202 2142; x_wconf 89' lang='lat' dir='ltr'><strong>sed</strong></span> <span class='ocrx_word' id='word_1_325' title='bbox 2236 2087 2291 2141; x_wconf 91' lang='lat' dir='ltr'><strong>hi</strong></span> <span class='ocrx_word' id='word_1_326' title='bbox 2336 2086 2544 2154; x_wconf 88' lang='lat' dir='ltr'><strong>objecta</strong></span> <span class='ocrx_word' id='word_1_327' title='bbox 2583 2087 2842 2142; x_wconf 81' lang='lat' dir='ltr'><strong>Romanis</strong></span> <span class='ocrx_word' id='word_1_328' title='bbox 2874 2096 3248 2141; x_wconf 86' lang='lat' dir='ltr'><strong>armentorum</strong></span> <span class='ocrx_word' id='word_1_329' title='bbox 3307 2083 3500 2152; x_wconf 81' lang='lat' dir='ltr'><strong>praeda,</strong></span> <span class='ocrx_word' id='word_1_330' title='bbox 3550 2093 3650 2133; x_wconf 86' lang='lat' dir='ltr'><strong>cum</strong></span> 
     </span>
    </p>
   </div>
   <div class='ocr_carea' id='block_1_48' title="bbox 2109 2173 3654 2242">
    <p class='ocr_par' dir='ltr' id='par_1_48' title="bbox 2109 2173 3654 2242">
     <span class='ocr_line' id='line_1_48' title="bbox 2109 2173 3654 2242; baseline -0.009 -5"><span class='ocrx_word' id='word_1_331' title='bbox 2109 2183 2191 2237; x_wconf 90' lang='lat' dir='ltr'><strong>sic</strong></span> <span class='ocrx_word' id='word_1_332' title='bbox 2218 2195 2404 2235; x_wconf 91' lang='lat' dir='ltr'><strong>eorum</strong></span> <span class='ocrx_word' id='word_1_333' title='bbox 2458 2181 2681 2235; x_wconf 86' lang='lat' dir='ltr'><strong>ordines</strong></span> <span class='ocrx_word' id='word_1_334' title='bbox 2732 2179 3053 2242; x_wconf 84' lang='lat' dir='ltr'><strong>solvissent,</strong></span> <span class='ocrx_word' id='word_1_335' title='bbox 3088 2180 3337 2233; x_wconf 89' lang='lat' dir='ltr'><strong>immisso</strong></span> <span class='ocrx_word' id='word_1_336' title='bbox 3373 2176 3425 2229; x_wconf 88' lang='lat' dir='ltr'><strong>in</strong></span> <span class='ocrx_word' id='word_1_337' title='bbox 3473 2173 3654 2227; x_wconf 87' lang='lat' dir='ltr'><strong>discur-</strong></span> 
     </span>
    </p>
   </div>
   <div class='ocr_carea' id='block_1_49' title="bbox 2107 2264 3656 2339">
    <p class='ocr_par' dir='ltr' id='par_1_49' title="bbox 2107 2264 3656 2339">
     <span class='ocr_line' id='line_1_49' title="bbox 2107 2264 3656 2339; baseline -0.01 -11"><span class='ocrx_word' id='word_1_338' title='bbox 2107 2282 2290 2328; x_wconf 88' lang='lat' dir='ltr'><strong>santes</strong></span> <span class='ocrx_word' id='word_1_339' title='bbox 2320 2271 2626 2325; x_wconf 87' lang='lat' dir='ltr'><strong>inordinate</strong></span> <span class='ocrx_word' id='word_1_340' title='bbox 2674 2271 2916 2339; x_wconf 86' lang='lat' dir='ltr'><strong>equitatu</strong></span> <span class='ocrx_word' id='word_1_341' title='bbox 2971 2269 3233 2324; x_wconf 82' lang='lat' dir='ltr'><strong>fuderunt</strong></span> <span class='ocrx_word' id='word_1_342' title='bbox 3263 2282 3359 2322; x_wconf 90' lang='lat' dir='ltr'><strong>eos</strong></span> <span class='ocrx_word' id='word_1_343' title='bbox 3400 2264 3656 2333; x_wconf 79' lang='lat' dir='ltr'><strong>fugarunt-</strong></span> 
     </span>
    </p>
   </div>
   <div class='ocr_carea' id='block_1_50' title="bbox 2110 2354 3650 2431">
    <p class='ocr_par' dir='ltr' id='par_1_50' title="bbox 2110 2354 3650 2431">
     <span class='ocr_line' id='line_1_50' title="bbox 2110 2354 3650 2431; baseline -0.009 -13"><span class='ocrx_word' id='word_1_344' title='bbox 2110 2380 2236 2431; x_wconf 87' lang='lat' dir='ltr'><strong>que,</strong></span> <span class='ocrx_word' id='word_1_345' title='bbox 2272 2364 2526 2417; x_wconf 91' lang='lat' dir='ltr'><strong>ducentis</strong></span> <span class='ocrx_word' id='word_1_346' title='bbox 2574 2362 2902 2427; x_wconf 83' lang='lat' dir='ltr'><strong>interfectis,</strong></span> <span class='ocrx_word' id='word_1_347' title='bbox 2938 2362 3235 2416; x_wconf 88' lang='lat' dir='ltr'><strong>vulneratis</strong></span> <span class='ocrx_word' id='word_1_348' title='bbox 3272 2358 3399 2427; x_wconf 81' lang='lat' dir='ltr'><strong>ipsis</strong></span> <span class='ocrx_word' id='word_1_349' title='bbox 3433 2354 3650 2410; x_wconf 89' lang='lat' dir='ltr'><strong>ducibus.</strong></span> 
     </span>
    </p>
   </div>
   <div class='ocr_carea' id='block_1_51' title="bbox 2110 2444 3652 2519">
    <p class='ocr_par' dir='ltr' id='par_1_51' title="bbox 2110 2444 3652 2519">
     <span class='ocr_line' id='line_1_51' title="bbox 2110 2444 3652 2519; baseline 0.002 -14"><span class='ocrx_word' id='word_1_350' title='bbox 2110 2452 2405 2506; x_wconf 83' lang='lat' dir='ltr'><strong>Posteriori</strong></span> <span class='ocrx_word' id='word_1_351' title='bbox 2461 2463 2647 2506; x_wconf 87' lang='lat' dir='ltr'><strong>autem</strong></span> <span class='ocrx_word' id='word_1_352' title='bbox 2705 2451 2843 2517; x_wconf 88' lang='lat' dir='ltr'><strong>loco,</strong></span> <span class='ocrx_word' id='word_1_353' title='bbox 2881 2465 3074 2519; x_wconf 88' lang='lat' dir='ltr'><strong>nempe</strong></span> <span class='ocrx_word' id='word_1_354' title='bbox 3125 2450 3160 2504; x_wconf 93' lang='grc'><strong>1.</strong></span> <span class='ocrx_word' id='word_1_355' title='bbox 3194 2464 3273 2512; x_wconf 73' lang='lat' dir='ltr'><strong>vr,</strong></span> <span class='ocrx_word' id='word_1_356' title='bbox 3326 2462 3377 2501; x_wconf 93' lang='lat' dir='ltr'><strong>c.</strong></span> <span class='ocrx_word' id='word_1_357' title='bbox 3418 2446 3503 2508; x_wconf 70' lang='lat'><strong>32.</strong></span> <span class='ocrx_word' id='word_1_358' title='bbox 3535 2444 3652 2495; x_wconf 68' lang='lat' dir='ltr'><strong>idem</strong></span> 
     </span>
    </p>
   </div>
   <div class='ocr_carea' id='block_1_52' title="bbox 2108 2531 3655 2608">
    <p class='ocr_par' dir='ltr' id='par_1_52' title="bbox 2108 2531 3655 2608">
     <span class='ocr_line' id='line_1_52' title="bbox 2108 2531 3655 2608; baseline -0.008 -11"><span class='ocrx_word' id='word_1_359' title='bbox 2108 2543 2402 2597; x_wconf 86' lang='lat' dir='ltr'><strong>historicus</strong></span> <span class='ocrx_word' id='word_1_360' title='bbox 2435 2542 2551 2595; x_wconf 88' lang='lat' dir='ltr'><strong>l&#39;use</strong></span> <span class='ocrx_word' id='word_1_361' title='bbox 2584 2542 2842 2597; x_wconf 88' lang='lat' dir='ltr'><strong>describit</strong></span> <span class='ocrx_word' id='word_1_362' title='bbox 2891 2542 3248 2597; x_wconf 76' lang='lat' dir='ltr'><strong>commissum</strong></span> <span class='ocrx_word' id='word_1_363' title='bbox 3310 2547 3489 2608; x_wconf 86' lang='lat' dir='ltr'><strong>postea</strong></span> <span class='ocrx_word' id='word_1_364' title='bbox 3518 2549 3545 2587; x_wconf 85' lang='lat' dir='ltr'><strong>a</strong></span> <span class='ocrx_word' id='word_1_365' title='bbox 3571 2531 3655 2585; x_wconf 69' lang='lat' dir='ltr'><strong>lli-</strong></span> 
     </span>
    </p>
   </div>
   <div class='ocr_carea' id='block_1_53' title="bbox 2108 2628 3657 2704">
    <p class='ocr_par' dir='ltr' id='par_1_53' title="bbox 2108 2628 3657 2704">
     <span class='ocr_line' id='line_1_53' title="bbox 2108 2628 3657 2704; baseline -0.008 -16"><span class='ocrx_word' id='word_1_366' title='bbox 2108 2634 2300 2690; x_wconf 88' lang='lat' dir='ltr'><strong>chaele</strong></span> <span class='ocrx_word' id='word_1_367' title='bbox 2337 2635 2601 2701; x_wconf 75' lang='lat' dir='ltr'><strong>Angusto,</strong></span> <span class='ocrx_word' id='word_1_368' title='bbox 2628 2634 2851 2704; x_wconf 79' lang='lat' dir='ltr'><strong>digestis</strong></span> <span class='ocrx_word' id='word_1_369' title='bbox 2880 2634 2935 2686; x_wconf 89' lang='lat' dir='ltr'><strong>in</strong></span> <span class='ocrx_word' id='word_1_370' title='bbox 2969 2634 3143 2688; x_wconf 88' lang='lat' dir='ltr'><strong>aciem</strong></span> <span class='ocrx_word' id='word_1_371' title='bbox 3174 2630 3448 2686; x_wconf 88' lang='lat' dir='ltr'><strong>universis</strong></span> <span class='ocrx_word' id='word_1_372' title='bbox 3488 2628 3657 2679; x_wconf 76' lang='lat' dir='ltr'><strong>[toma-</strong></span> 
     </span>
    </p>
   </div>
   <div class='ocr_carea' id='block_1_54' title="bbox 2112 2724 3653 2794">
    <p class='ocr_par' dir='ltr' id='par_1_54' title="bbox 2112 2724 3653 2794">
     <span class='ocr_line' id='line_1_54' title="bbox 2112 2724 3653 2794; baseline -0.008 -14"><span class='ocrx_word' id='word_1_373' title='bbox 2112 2727 2197 2781; x_wconf 87' lang='lat' dir='ltr'><strong>nis</strong></span> <span class='ocrx_word' id='word_1_374' title='bbox 2220 2727 2420 2794; x_wconf 89' lang='lat' dir='ltr'><strong>copiis,</strong></span> <span class='ocrx_word' id='word_1_375' title='bbox 2446 2728 2707 2779; x_wconf 86' lang='lat' dir='ltr'><strong>adversus</strong></span> <span class='ocrx_word' id='word_1_376' title='bbox 2735 2724 3023 2779; x_wconf 87' lang='lat' dir='ltr'><strong>Catelanos</strong></span> <span class='ocrx_word' id='word_1_377' title='bbox 3048 2725 3321 2793; x_wconf 82' lang='lat' dir='ltr'><strong>praelium,</strong></span> <span class='ocrx_word' id='word_1_378' title='bbox 3348 2737 3413 2775; x_wconf 88' lang='lat' dir='ltr'><strong>eo</strong></span> <span class='ocrx_word' id='word_1_379' title='bbox 3432 2729 3653 2774; x_wconf 89' lang='lat' dir='ltr'><strong>successu</strong></span> 
     </span>
    </p>
   </div>
   <div class='ocr_carea' id='block_1_55' title="bbox 2113 2814 3654 2887">
    <p class='ocr_par' dir='ltr' id='par_1_55' title="bbox 2113 2814 3654 2887">
     <span class='ocr_line' id='line_1_55' title="bbox 2113 2814 3654 2887; baseline -0.006 -15"><span class='ocrx_word' id='word_1_380' title='bbox 2113 2828 2171 2872; x_wconf 88' lang='lat' dir='ltr'><strong>ttt</strong></span> <span class='ocrx_word' id='word_1_381' title='bbox 2213 2819 2491 2872; x_wconf 81' lang='lat' dir='ltr'><strong>Romanus</strong></span> <span class='ocrx_word' id='word_1_382' title='bbox 2538 2818 2757 2887; x_wconf 84' lang='lat' dir='ltr'><strong>quidem</strong></span> <span class='ocrx_word' id='word_1_383' title='bbox 2794 2817 3068 2871; x_wconf 78' lang='lat' dir='ltr'><strong>exercitus</strong></span> <span class='ocrx_word' id='word_1_384' title='bbox 3116 2816 3359 2885; x_wconf 85' lang='lat' dir='ltr'><strong>fugatus,</strong></span> <span class='ocrx_word' id='word_1_385' title='bbox 3410 2814 3518 2880; x_wconf 79' lang='lat' dir='ltr'><strong>ipse</strong></span> <span class='ocrx_word' id='word_1_386' title='bbox 3549 2820 3654 2861; x_wconf 83' lang='lat' dir='ltr'><strong>vero</strong></span> 
     </span>
    </p>
   </div>
   <div class='ocr_carea' id='block_1_56' title="bbox 2112 2898 3651 2979">
    <p class='ocr_par' dir='ltr' id='par_1_56' title="bbox 2112 2898 3651 2979">
     <span class='ocr_line' id='line_1_56' title="bbox 2112 2898 3651 2979; baseline -0.009 -15"><span class='ocrx_word' id='word_1_387' title='bbox 2112 2909 2337 2964; x_wconf 80' lang='lat' dir='ltr'><strong>Michael</strong></span> <span class='ocrx_word' id='word_1_388' title='bbox 2369 2908 2584 2963; x_wconf 82' lang='lat' dir='ltr'><strong>fortiter</strong></span> <span class='ocrx_word' id='word_1_389' title='bbox 2612 2923 2861 2979; x_wconf 77' lang='lat' dir='ltr'><strong>pugnans</strong></span> <span class='ocrx_word' id='word_1_390' title='bbox 2889 2910 3231 2976; x_wconf 81' lang='lat' dir='ltr'><strong>periclitatus</strong></span> <span class='ocrx_word' id='word_1_391' title='bbox 3255 2908 3322 2961; x_wconf 90' lang='lat' dir='ltr'><strong>de</strong></span> <span class='ocrx_word' id='word_1_392' title='bbox 3369 2907 3472 2956; x_wconf 86' lang='lat' dir='ltr'><strong>vita</strong></span> <span class='ocrx_word' id='word_1_393' title='bbox 3501 2898 3651 2962; x_wconf 80' lang='lat' dir='ltr'><strong>fuerit,</strong></span> 
     </span>
    </p>
   </div>
   <div class='ocr_carea' id='block_1_57' title="bbox 2112 2992 3652 3073">
    <p class='ocr_par' dir='ltr' id='par_1_57' title="bbox 2112 2992 3652 3073">
     <span class='ocr_line' id='line_1_57' title="bbox 2112 2992 3652 3073; baseline -0.008 -17"><span class='ocrx_word' id='word_1_394' title='bbox 2112 3013 2167 3056; x_wconf 88' lang='lat' dir='ltr'><strong>et</strong></span> <span class='ocrx_word' id='word_1_395' title='bbox 2199 3003 2291 3057; x_wconf 76' lang='lat' dir='ltr'><strong>vix</strong></span> <span class='ocrx_word' id='word_1_396' title='bbox 2322 3002 2555 3070; x_wconf 86' lang='lat' dir='ltr'><strong>denique</strong></span> <span class='ocrx_word' id='word_1_397' title='bbox 2589 3001 2711 3071; x_wconf 81' lang='lat' dir='ltr'><strong>luga</strong></span> <span class='ocrx_word' id='word_1_398' title='bbox 2746 3003 2863 3070; x_wconf 89' lang='lat' dir='ltr'><strong>ipse</strong></span> <span class='ocrx_word' id='word_1_399' title='bbox 2895 3016 3111 3073; x_wconf 89' lang='lat' dir='ltr'><strong>quoque</strong></span> <span class='ocrx_word' id='word_1_400' title='bbox 3135 3009 3389 3055; x_wconf 84' lang='lat' dir='ltr'><strong>servatus</strong></span> <span class='ocrx_word' id='word_1_401' title='bbox 3416 2992 3652 3061; x_wconf 84' lang='lat' dir='ltr'><strong>Pamphy—</strong></span> 
     </span>
    </p>
   </div>
   <div class='ocr_carea' id='block_1_58' title="bbox 2112 3084 3651 3164">
    <p class='ocr_par' dir='ltr' id='par_1_58' title="bbox 2112 3084 3651 3164">
     <span class='ocr_line' id='line_1_58' title="bbox 2112 3084 3651 3164; baseline -0.003 -16"><span class='ocrx_word' id='word_1_402' title='bbox 2112 3094 2221 3148; x_wconf 90' lang='lat' dir='ltr'><strong>lum</strong></span> <span class='ocrx_word' id='word_1_403' title='bbox 2258 3095 2489 3164; x_wconf 86' lang='lat' dir='ltr'><strong>primum</strong></span> <span class='ocrx_word' id='word_1_404' title='bbox 2544 3108 2603 3148; x_wconf 90' lang='lat' dir='ltr'><strong>se</strong></span> <span class='ocrx_word' id='word_1_405' title='bbox 2630 3095 2942 3162; x_wconf 86' lang='lat' dir='ltr'><strong>receperit,</strong></span> <span class='ocrx_word' id='word_1_406' title='bbox 2988 3094 3149 3163; x_wconf 87' lang='lat' dir='ltr'><strong>paulo</strong></span> <span class='ocrx_word' id='word_1_407' title='bbox 3202 3106 3333 3146; x_wconf 88' lang='lat' dir='ltr'><strong>vero</strong></span> <span class='ocrx_word' id='word_1_408' title='bbox 3372 3084 3651 3158; x_wconf 71' lang='lat' dir='ltr'><strong>p0sl,jum</strong></span> 
     </span>
    </p>
   </div>
   <div class='ocr_carea' id='block_1_59' title="bbox 2113 3183 3657 3255">
    <p class='ocr_par' dir='ltr' id='par_1_59' title="bbox 2113 3183 3657 3255">
     <span class='ocr_line' id='line_1_59' title="bbox 2113 3183 3657 3255; baseline -0.01 -14"><span class='ocrx_word' id='word_1_409' title='bbox 2113 3202 2173 3241; x_wconf 86' lang='lat' dir='ltr'><strong>ea</strong></span> <span class='ocrx_word' id='word_1_410' title='bbox 2207 3201 2328 3255; x_wconf 82' lang='lat' dir='ltr'><strong>quae</strong></span> <span class='ocrx_word' id='word_1_411' title='bbox 2359 3185 2557 3241; x_wconf 89' lang='lat' dir='ltr'><strong>deinde</strong></span> <span class='ocrx_word' id='word_1_412' title='bbox 2586 3201 2637 3240; x_wconf 92' lang='lat' dir='ltr'><strong>c.</strong></span> <span class='ocrx_word' id='word_1_413' title='bbox 2670 3187 2721 3249; x_wconf 87' lang='grc'><strong>1,</strong></span> <span class='ocrx_word' id='word_1_414' title='bbox 2751 3185 2789 3240; x_wconf 91' lang='lat' dir='ltr'><strong>l.</strong></span> <span class='ocrx_word' id='word_1_415' title='bbox 2821 3201 2918 3248; x_wconf 84' lang='lat' dir='ltr'><strong>vn,</strong></span> <span class='ocrx_word' id='word_1_416' title='bbox 2970 3194 3152 3238; x_wconf 85' lang='lat' dir='ltr'><strong>noster</strong></span> <span class='ocrx_word' id='word_1_417' title='bbox 3182 3183 3327 3237; x_wconf 88' lang='lat' dir='ltr'><strong>idem</strong></span> <span class='ocrx_word' id='word_1_418' title='bbox 3369 3188 3546 3233; x_wconf 86' lang='lat' dir='ltr'><strong>auctor</strong></span> <span class='ocrx_word' id='word_1_419' title='bbox 3568 3186 3657 3227; x_wconf 82' lang='lat' dir='ltr'><strong>tra-</strong></span> 
     </span>
    </p>
   </div>
   <div class='ocr_carea' id='block_1_60' title="bbox 440 3268 3653 3357">
    <p class='ocr_par' dir='ltr' id='par_1_60' title="bbox 440 3268 3653 3357">
     <span class='ocr_line' id='line_1_60' title="bbox 440 3268 3653 3357; baseline -0.002 -38"><span class='ocrx_word' id='word_1_420' title='bbox 440 3269 507 3320; x_wconf 87' lang='lat' dir='ltr'><strong>ab</strong></span> <span class='ocrx_word' id='word_1_421' title='bbox 536 3268 638 3322; x_wconf 89' lang='lat' dir='ltr'><strong>hoc</strong></span> <span class='ocrx_word' id='word_1_422' title='bbox 669 3268 991 3338; x_wconf 88' lang='lat' dir='ltr'><strong>September</strong></span> <span class='ocrx_word' id='word_1_423' title='bbox 1036 3270 1335 3327; x_wconf 87' lang='lat' dir='ltr'><strong>indictione</strong></span> <span class='ocrx_word' id='word_1_424' title='bbox 1368 3276 1601 3327; x_wconf 83' lang='lat' dir='ltr'><strong>secunda</strong></span> <span class='ocrx_word' id='word_1_425' title='bbox 1637 3272 1843 3329; x_wconf 66' lang='lat' dir='ltr'><strong>Graecis</strong></span> <span class='ocrx_word' id='word_1_426' title='bbox 1875 3274 2008 3327; x_wconf 85' lang='lat' dir='ltr'><strong>insi-</strong></span> <span class='ocrx_word' id='word_1_427' title='bbox 2038 3300 2079 3357; x_wconf 67' lang='grc' dir='ltr'><strong>ρ</strong></span> <span class='ocrx_word' id='word_1_428' title='bbox 2114 3278 2213 3340; x_wconf 88' lang='lat' dir='ltr'><strong>dit,</strong></span> <span class='ocrx_word' id='word_1_429' title='bbox 2244 3278 2675 3347; x_wconf 88' lang='lat' dir='ltr'><strong>Didymotichum</strong></span> <span class='ocrx_word' id='word_1_430' title='bbox 2722 3291 2782 3332; x_wconf 87' lang='lat' dir='ltr'><strong>se</strong></span> <span class='ocrx_word' id='word_1_431' title='bbox 2816 3277 3178 3337; x_wconf 87' lang='lat' dir='ltr'><strong>transtulerit,</strong></span> <span class='ocrx_word' id='word_1_432' title='bbox 3219 3274 3309 3327; x_wconf 90' lang='lat' dir='ltr'><strong>ubi</strong></span> <span class='ocrx_word' id='word_1_433' title='bbox 3355 3270 3653 3325; x_wconf 80' lang='lat' dir='ltr'><strong>exanimatas</strong></span> 
     </span>
    </p>
   </div>
   <div class='ocr_carea' id='block_1_61' title="bbox 443 3359 2011 3435">
    <p class='ocr_par' dir='ltr' id='par_1_61' title="bbox 443 3359 2011 3435">
     <span class='ocr_line' id='line_1_61' title="bbox 443 3359 2011 3435; baseline 0.006 -24"><span class='ocrx_word' id='word_1_434' title='bbox 443 3359 565 3428; x_wconf 87' lang='lat' dir='ltr'><strong>guis</strong></span> <span class='ocrx_word' id='word_1_435' title='bbox 593 3361 823 3428; x_wconf 88' lang='lat' dir='ltr'><strong>reperiri</strong></span> <span class='ocrx_word' id='word_1_436' title='bbox 858 3363 959 3416; x_wconf 89' lang='lat' dir='ltr'><strong>hoc</strong></span> <span class='ocrx_word' id='word_1_437' title='bbox 992 3371 1167 3416; x_wconf 89' lang='lat' dir='ltr'><strong>tractu</strong></span> <span class='ocrx_word' id='word_1_438' title='bbox 1203 3374 1504 3433; x_wconf 87' lang='lat' dir='ltr'><strong>temporum</strong></span> <span class='ocrx_word' id='word_1_439' title='bbox 1534 3374 1727 3434; x_wconf 89' lang='lat' dir='ltr'><strong>potest,</strong></span> <span class='ocrx_word' id='word_1_440' title='bbox 1761 3368 1863 3419; x_wconf 88' lang='lat' dir='ltr'><strong>nisi</strong></span> <span class='ocrx_word' id='word_1_441' title='bbox 1890 3367 2011 3435; x_wconf 86' lang='lat' dir='ltr'><strong>quis</strong></span> 
     </span>
    </p>
   </div>
   <div class='ocr_carea' id='block_1_62' title="bbox 442 3452 2010 3522">
    <p class='ocr_par' dir='ltr' id='par_1_62' title="bbox 442 3452 2010 3522">
     <span class='ocr_line' id='line_1_62' title="bbox 442 3452 2010 3522; baseline 0.004 -18"><span class='ocrx_word' id='word_1_442' title='bbox 442 3452 755 3506; x_wconf 85' lang='lat' dir='ltr'><strong>retrocedat</strong></span> <span class='ocrx_word' id='word_1_443' title='bbox 785 3454 943 3508; x_wconf 91' lang='lat' dir='ltr'><strong>annis</strong></span> <span class='ocrx_word' id='word_1_444' title='bbox 970 3455 1278 3522; x_wconf 89' lang='lat' dir='ltr'><strong>quindecim</strong></span> <span class='ocrx_word' id='word_1_445' title='bbox 1303 3458 1368 3509; x_wconf 86' lang='lat' dir='ltr'><strong>ad</strong></span> <span class='ocrx_word' id='word_1_446' title='bbox 1398 3471 1598 3510; x_wconf 90' lang='lat' dir='ltr'><strong>annum</strong></span> <span class='ocrx_word' id='word_1_447' title='bbox 1628 3457 1829 3511; x_wconf 85' lang='lat' dir='ltr'><strong>Christi</strong></span> <span class='ocrx_word' id='word_1_448' title='bbox 1857 3457 2010 3522; x_wconf 77' lang='grc'><strong>1288,</strong></span> 
     </span>
    </p>
   </div>
   <div class='ocr_carea' id='block_1_63' title="bbox 444 3539 2011 3615">
    <p class='ocr_par' dir='ltr' id='par_1_63' title="bbox 444 3539 2011 3615">
     <span class='ocr_line' id='line_1_63' title="bbox 444 3539 2011 3615; baseline 0.005 -23"><span class='ocrx_word' id='word_1_449' title='bbox 444 3552 537 3595; x_wconf 84' lang='lat' dir='ltr'><strong>aut</strong></span> <span class='ocrx_word' id='word_1_450' title='bbox 564 3539 653 3611; x_wconf 72' lang='grc' dir='ltr'><strong>[Ρ.</strong></span> <span class='ocrx_word' id='word_1_451' title='bbox 688 3541 837 3614; x_wconf 64' lang='grc'><strong>5791,</strong></span> <span class='ocrx_word' id='word_1_452' title='bbox 866 3545 1246 3613; x_wconf 81' lang='lat' dir='ltr'><strong>progrediatur</strong></span> <span class='ocrx_word' id='word_1_453' title='bbox 1276 3548 1389 3613; x_wconf 88' lang='lat' dir='ltr'><strong>pari</strong></span> <span class='ocrx_word' id='word_1_454' title='bbox 1421 3546 1595 3615; x_wconf 88' lang='lat' dir='ltr'><strong>spatio</strong></span> <span class='ocrx_word' id='word_1_455' title='bbox 1624 3547 2011 3615; x_wconf 89' lang='lat' dir='ltr'><strong>consequentis</strong></span> 
     </span>
    </p>
   </div>
   <div class='ocr_carea' id='block_1_64' title="bbox 447 3633 2012 3704">
    <p class='ocr_par' dir='ltr' id='par_1_64' title="bbox 447 3633 2012 3704">
     <span class='ocr_line' id='line_1_64' title="bbox 447 3633 2012 3704; baseline 0.006 -21"><span class='ocrx_word' id='word_1_456' title='bbox 447 3633 709 3700; x_wconf 86' lang='lat' dir='ltr'><strong>temporis</strong></span> <span class='ocrx_word' id='word_1_457' title='bbox 742 3649 915 3704; x_wconf 84' lang='lat' dir='ltr'><strong>usque</strong></span> <span class='ocrx_word' id='word_1_458' title='bbox 979 3638 1044 3690; x_wconf 90' lang='lat' dir='ltr'><strong>ad</strong></span> <span class='ocrx_word' id='word_1_459' title='bbox 1079 3651 1277 3691; x_wconf 90' lang='lat' dir='ltr'><strong>annum</strong></span> <span class='ocrx_word' id='word_1_460' title='bbox 1329 3653 1450 3691; x_wconf 73' lang='lat' dir='ltr'><strong>tera:</strong></span> <span class='ocrx_word' id='word_1_461' title='bbox 1481 3639 1806 3694; x_wconf 66' lang='lat' dir='ltr'><strong>Christianae</strong></span> <span class='ocrx_word' id='word_1_462' title='bbox 1853 3638 2012 3704; x_wconf 83' lang='grc'><strong>1518,</strong></span> 
     </span>
    </p>
   </div>
   <div class='ocr_carea' id='block_1_65' title="bbox 446 3726 2017 3801">
    <p class='ocr_par' dir='ltr' id='par_1_65' title="bbox 446 3726 2017 3801">
     <span class='ocr_line' id='line_1_65' title="bbox 446 3726 2017 3801; baseline 0.006 -27"><span class='ocrx_word' id='word_1_463' title='bbox 446 3741 678 3793; x_wconf 84' lang='lat' dir='ltr'><strong>quorum</strong></span> <span class='ocrx_word' id='word_1_464' title='bbox 724 3726 851 3781; x_wconf 91' lang='lat' dir='ltr'><strong>item</strong></span> <span class='ocrx_word' id='word_1_465' title='bbox 907 3742 1173 3783; x_wconf 88' lang='lat' dir='ltr'><strong>annorum</strong></span> <span class='ocrx_word' id='word_1_466' title='bbox 1239 3729 1404 3801; x_wconf 82' lang='lat'><strong>799</strong></span> <span class='ocrx_word' id='word_1_467' title='bbox 1432 3731 1659 3785; x_wconf 91' lang='lat' dir='ltr'><strong>duorum</strong></span> <span class='ocrx_word' id='word_1_468' title='bbox 1693 3745 1876 3784; x_wconf 84' lang='lat' dir='ltr'><strong>mense</strong></span> <span class='ocrx_word' id='word_1_469' title='bbox 1920 3730 2017 3784; x_wconf 90' lang='lat' dir='ltr'><strong>Se-</strong></span> 
     </span>
    </p>
   </div>
   <div class='ocr_carea' id='block_1_66' title="bbox 449 3819 2013 3894">
    <p class='ocr_par' dir='ltr' id='par_1_66' title="bbox 449 3819 2013 3894">
     <span class='ocr_line' id='line_1_66' title="bbox 449 3819 2013 3894; baseline 0.003 -24"><span class='ocrx_word' id='word_1_470' title='bbox 449 3819 680 3887; x_wconf 85' lang='lat' dir='ltr'><strong>ptembri</strong></span> <span class='ocrx_word' id='word_1_471' title='bbox 714 3824 855 3891; x_wconf 83' lang='lat' dir='ltr'><strong>apud</strong></span> <span class='ocrx_word' id='word_1_472' title='bbox 892 3820 1107 3878; x_wconf 68' lang='lat' dir='ltr'><strong>Graecos</strong></span> <span class='ocrx_word' id='word_1_473' title='bbox 1141 3823 1370 3894; x_wconf 80' lang='grc' dir='ltr'><strong>δευτέρα</strong></span> <span class='ocrx_word' id='word_1_474' title='bbox 1423 3825 1756 3893; x_wconf 77' lang='grc' dir='ltr'><strong>ἐπινέμησις</strong></span> <span class='ocrx_word' id='word_1_475' title='bbox 1787 3826 2013 3876; x_wconf 86' lang='lat' dir='ltr'><strong>secunda</strong></span> 
     </span>
    </p>
   </div>
   <div class='ocr_carea' id='block_1_67' title="bbox 447 3898 2017 3985">
    <p class='ocr_par' dir='ltr' id='par_1_67' title="bbox 447 3898 2017 3985">
     <span class='ocr_line' id='line_1_67' title="bbox 447 3898 2017 3985; baseline 0.003 -24"><span class='ocrx_word' id='word_1_476' title='bbox 447 3912 669 3966; x_wconf 80' lang='lat' dir='ltr'><strong>indictio</strong></span> <span class='ocrx_word' id='word_1_477' title='bbox 697 3898 971 3968; x_wconf 83' lang='lat' dir='ltr'><strong>numerari</strong></span> <span class='ocrx_word' id='word_1_478' title='bbox 998 3925 1170 3985; x_wconf 75' lang='lat' dir='ltr'><strong>empta</strong></span> <span class='ocrx_word' id='word_1_479' title='bbox 1205 3925 1310 3971; x_wconf 89' lang='lat' dir='ltr'><strong>est.</strong></span> <span class='ocrx_word' id='word_1_480' title='bbox 1351 3914 1526 3980; x_wconf 86' lang='lat' dir='ltr'><strong>Quam</strong></span> <span class='ocrx_word' id='word_1_481' title='bbox 1559 3929 1686 3970; x_wconf 89' lang='lat' dir='ltr'><strong>vero</strong></span> <span class='ocrx_word' id='word_1_482' title='bbox 1730 3925 1815 3969; x_wconf 89' lang='lat' dir='ltr'><strong>est</strong></span> <span class='ocrx_word' id='word_1_483' title='bbox 1843 3912 2017 3966; x_wconf 81' lang='lat' dir='ltr'><strong>mani-</strong></span> 
     </span>
    </p>
   </div>
   <div class='ocr_carea' id='block_1_68' title="bbox 447 4003 2019 4076">
    <p class='ocr_par' dir='ltr' id='par_1_68' title="bbox 447 4003 2019 4076">
     <span class='ocr_line' id='line_1_68' title="bbox 447 4003 2019 4076; baseline 0.003 -22"><span class='ocrx_word' id='word_1_484' title='bbox 447 4003 652 4058; x_wconf 80' lang='lat' dir='ltr'><strong>festum</strong></span> <span class='ocrx_word' id='word_1_485' title='bbox 687 4006 751 4057; x_wconf 86' lang='lat' dir='ltr'><strong>ad</strong></span> <span class='ocrx_word' id='word_1_486' title='bbox 787 4013 1038 4062; x_wconf 89' lang='lat' dir='ltr'><strong>neutrum</strong></span> <span class='ocrx_word' id='word_1_487' title='bbox 1072 4007 1286 4061; x_wconf 89' lang='lat' dir='ltr'><strong>illorum</strong></span> <span class='ocrx_word' id='word_1_488' title='bbox 1327 4021 1591 4061; x_wconf 89' lang='lat' dir='ltr'><strong>annorum</strong></span> <span class='ocrx_word' id='word_1_489' title='bbox 1619 4007 1896 4076; x_wconf 88' lang='lat' dir='ltr'><strong>pertinere</strong></span> <span class='ocrx_word' id='word_1_490' title='bbox 1926 4019 2019 4073; x_wconf 92' lang='lat' dir='ltr'><strong>po-</strong></span> 
     </span>
    </p>
   </div>
   <div class='ocr_carea' id='block_1_69' title="bbox 450 4097 2019 4168">
    <p class='ocr_par' dir='ltr' id='par_1_69' title="bbox 450 4097 2019 4168">
     <span class='ocr_line' id='line_1_69' title="bbox 450 4097 2019 4168; baseline 0 -19"><span class='ocrx_word' id='word_1_491' title='bbox 450 4101 625 4153; x_wconf 86' lang='lat' dir='ltr'><strong>tuisse</strong></span> <span class='ocrx_word' id='word_1_492' title='bbox 656 4098 941 4168; x_wconf 88' lang='lat' dir='ltr'><strong>appulsum</strong></span> <span class='ocrx_word' id='word_1_493' title='bbox 975 4097 1352 4154; x_wconf 76' lang='lat' dir='ltr'><strong>Bontzerianae</strong></span> <span class='ocrx_word' id='word_1_494' title='bbox 1406 4099 1598 4154; x_wconf 88' lang='lat' dir='ltr'><strong>classis</strong></span> <span class='ocrx_word' id='word_1_495' title='bbox 1640 4098 2019 4153; x_wconf 89' lang='lat' dir='ltr'><strong>Constantino-</strong></span> 
     </span>
    </p>
   </div>
   <div class='ocr_carea' id='block_1_70' title="bbox 448 4188 2019 4259">
    <p class='ocr_par' dir='ltr' id='par_1_70' title="bbox 448 4188 2019 4259">
     <span class='ocr_line' id='line_1_70' title="bbox 448 4188 2019 4259; baseline -0.001 -16"><span class='ocrx_word' id='word_1_496' title='bbox 448 4188 634 4257; x_wconf 87' lang='lat' dir='ltr'><strong>polim,</strong></span> <span class='ocrx_word' id='word_1_497' title='bbox 661 4198 767 4242; x_wconf 83' lang='lat' dir='ltr'><strong>tant</strong></span> <span class='ocrx_word' id='word_1_498' title='bbox 792 4201 999 4244; x_wconf 90' lang='lat' dir='ltr'><strong>certum</strong></span> <span class='ocrx_word' id='word_1_499' title='bbox 1026 4190 1212 4244; x_wconf 86' lang='lat' dir='ltr'><strong>haberi</strong></span> <span class='ocrx_word' id='word_1_500' title='bbox 1241 4191 1400 4244; x_wconf 88' lang='lat' dir='ltr'><strong>debet</strong></span> <span class='ocrx_word' id='word_1_501' title='bbox 1426 4190 1571 4243; x_wconf 89' lang='lat' dir='ltr'><strong>illum</strong></span> <span class='ocrx_word' id='word_1_502' title='bbox 1596 4204 1716 4244; x_wconf 81' lang='lat' dir='ltr'><strong>esse</strong></span> <span class='ocrx_word' id='word_1_503' title='bbox 1740 4189 2019 4259; x_wconf 84' lang='lat' dir='ltr'><strong>assignan-</strong></span> 
     </span>
    </p>
   </div>
   <div class='ocr_carea' id='block_1_71' title="bbox 450 4281 1710 4351">
    <p class='ocr_par' dir='ltr' id='par_1_71' title="bbox 450 4281 1710 4351">
     <span class='ocr_line' id='line_1_71' title="bbox 450 4281 1710 4351; baseline 0 -16"><span class='ocrx_word' id='word_1_504' title='bbox 450 4283 579 4335; x_wconf 85' lang='lat' dir='ltr'><strong>dum</strong></span> <span class='ocrx_word' id='word_1_505' title='bbox 613 4284 782 4336; x_wconf 88' lang='lat' dir='ltr'><strong>mensi</strong></span> <span class='ocrx_word' id='word_1_506' title='bbox 818 4282 1124 4351; x_wconf 75' lang='lat' dir='ltr'><strong>Septembri</strong></span> <span class='ocrx_word' id='word_1_507' title='bbox 1158 4283 1286 4335; x_wconf 89' lang='lat' dir='ltr'><strong>auni</strong></span> <span class='ocrx_word' id='word_1_508' title='bbox 1319 4282 1521 4335; x_wconf 82' lang='lat' dir='ltr'><strong>Christi</strong></span> <span class='ocrx_word' id='word_1_509' title='bbox 1554 4281 1710 4335; x_wconf 86' lang='grc'><strong>1505.</strong></span> 
     </span>
    </p>
   </div>
   <div class='ocr_carea' id='block_1_72' title="bbox 524 4370 2021 4442">
    <p class='ocr_par' dir='ltr' id='par_1_72' title="bbox 524 4370 2021 4442">
     <span class='ocr_line' id='line_1_72' title="bbox 524 4370 2021 4442; baseline 0 -17"><span class='ocrx_word' id='word_1_510' title='bbox 524 4371 589 4426; x_wconf 82' lang='lat' dir='ltr'><strong>V.</strong></span> <span class='ocrx_word' id='word_1_511' title='bbox 620 4374 689 4427; x_wconf 83' lang='lat' dir='ltr'><strong>At</strong></span> <span class='ocrx_word' id='word_1_512' title='bbox 712 4388 839 4428; x_wconf 89' lang='lat' dir='ltr'><strong>ecce</strong></span> <span class='ocrx_word' id='word_1_513' title='bbox 869 4375 971 4428; x_wconf 89' lang='lat' dir='ltr'><strong>hoc</strong></span> <span class='ocrx_word' id='word_1_514' title='bbox 1003 4384 1271 4429; x_wconf 86' lang='lat' dir='ltr'><strong>assertum</strong></span> <span class='ocrx_word' id='word_1_515' title='bbox 1305 4379 1413 4425; x_wconf 87' lang='lat' dir='ltr'><strong>tam</strong></span> <span class='ocrx_word' id='word_1_516' title='bbox 1446 4373 1644 4426; x_wconf 86' lang='lat' dir='ltr'><strong>diserta</strong></span> <span class='ocrx_word' id='word_1_517' title='bbox 1666 4370 2021 4442; x_wconf 83' lang='lat' dir='ltr'><strong>Pachymeris</strong></span> 
     </span>
    </p>
   </div>
   <div class='ocr_carea' id='block_1_73' title="bbox 452 4467 2024 4537">
    <p class='ocr_par' dir='ltr' id='par_1_73' title="bbox 452 4467 2024 4537">
     <span class='ocr_line' id='line_1_73' title="bbox 452 4467 2024 4537; baseline 0.001 -16"><span class='ocrx_word' id='word_1_518' title='bbox 452 4469 813 4523; x_wconf 80' lang='lat' dir='ltr'><strong>allirmatione</strong></span> <span class='ocrx_word' id='word_1_519' title='bbox 852 4468 1205 4523; x_wconf 88' lang='lat' dir='ltr'><strong>constitutum</strong></span> <span class='ocrx_word' id='word_1_520' title='bbox 1239 4468 1519 4522; x_wconf 91' lang='lat' dir='ltr'><strong>contrario</strong></span> <span class='ocrx_word' id='word_1_521' title='bbox 1568 4467 1813 4537; x_wconf 90' lang='lat' dir='ltr'><strong>ejusdem</strong></span> <span class='ocrx_word' id='word_1_522' title='bbox 1872 4470 2024 4523; x_wconf 69' lang='lat' dir='ltr'><strong>testi-</strong></span> 
     </span>
    </p>
   </div>
   <div class='ocr_carea' id='block_1_74' title="bbox 456 4558 2018 4628">
    <p class='ocr_par' dir='ltr' id='par_1_74' title="bbox 456 4558 2018 4628">
     <span class='ocr_line' id='line_1_74' title="bbox 456 4558 2018 4628; baseline -0.001 -14"><span class='ocrx_word' id='word_1_523' title='bbox 456 4564 636 4616; x_wconf 88' lang='lat' dir='ltr'><strong>monio</strong></span> <span class='ocrx_word' id='word_1_524' title='bbox 690 4560 976 4615; x_wconf 88' lang='lat' dir='ltr'><strong>evertitur.</strong></span> <span class='ocrx_word' id='word_1_525' title='bbox 1012 4558 1215 4614; x_wconf 88' lang='lat' dir='ltr'><strong>Scribit</strong></span> <span class='ocrx_word' id='word_1_526' title='bbox 1260 4560 1350 4614; x_wconf 85' lang='lat' dir='ltr'><strong>ille</strong></span> <span class='ocrx_word' id='word_1_527' title='bbox 1406 4560 1457 4612; x_wconf 91' lang='lat' dir='ltr'><strong>iu</strong></span> <span class='ocrx_word' id='word_1_528' title='bbox 1516 4561 1663 4615; x_wconf 92' lang='lat' dir='ltr'><strong>hunc</strong></span> <span class='ocrx_word' id='word_1_529' title='bbox 1711 4560 1926 4615; x_wconf 90' lang='lat' dir='ltr'><strong>modum</strong></span> <span class='ocrx_word' id='word_1_530' title='bbox 1966 4577 2018 4628; x_wconf 92' lang='lat' dir='ltr'><strong>p.</strong></span> 
     </span>
    </p>
   </div>
   <div class='ocr_carea' id='block_1_75' title="bbox 2123 3359 3655 3436">
    <p class='ocr_par' dir='ltr' id='par_1_75' title="bbox 2123 3359 3655 3436">
     <span class='ocr_line' id='line_1_75' title="bbox 2123 3359 3655 3436; baseline -0.01 -12"><span class='ocrx_word' id='word_1_531' title='bbox 2123 3378 2268 3425; x_wconf 90' lang='lat' dir='ltr'><strong>metu</strong></span> <span class='ocrx_word' id='word_1_532' title='bbox 2310 3386 2375 3424; x_wconf 81' lang='lat' dir='ltr'><strong>ex</strong></span> <span class='ocrx_word' id='word_1_533' title='bbox 2429 3370 2675 3425; x_wconf 84' lang='lat' dir='ltr'><strong>cladibus</strong></span> <span class='ocrx_word' id='word_1_534' title='bbox 2726 3370 2964 3436; x_wconf 84' lang='lat' dir='ltr'><strong>acceptis</strong></span> <span class='ocrx_word' id='word_1_535' title='bbox 2999 3367 3279 3420; x_wconf 79' lang='lat' dir='ltr'><strong>Romanas</strong></span> <span class='ocrx_word' id='word_1_536' title='bbox 3318 3362 3494 3430; x_wconf 77' lang='lat' dir='ltr'><strong>conias</strong></span> <span class='ocrx_word' id='word_1_537' title='bbox 3537 3359 3655 3410; x_wconf 83' lang='lat' dir='ltr'><strong>intra</strong></span> 
     </span>
    </p>
   </div>
   <div class='ocr_carea' id='block_1_76' title="bbox 2120 3450 3654 3526">
    <p class='ocr_par' dir='ltr' id='par_1_76' title="bbox 2120 3450 3654 3526">
     <span class='ocr_line' id='line_1_76' title="bbox 2120 3450 3654 3526; baseline -0.008 -10"><span class='ocrx_word' id='word_1_538' title='bbox 2120 3476 2304 3516; x_wconf 89' lang='lat' dir='ltr'><strong>muros</strong></span> <span class='ocrx_word' id='word_1_539' title='bbox 2335 3461 2559 3515; x_wconf 66' lang='lat' dir='ltr'><strong>munitae</strong></span> <span class='ocrx_word' id='word_1_540' title='bbox 2604 3462 2748 3515; x_wconf 88' lang='lat' dir='ltr'><strong>arcis</strong></span> <span class='ocrx_word' id='word_1_541' title='bbox 2786 3461 3067 3515; x_wconf 83' lang='lat' dir='ltr'><strong>continere</strong></span> <span class='ocrx_word' id='word_1_542' title='bbox 3095 3459 3412 3526; x_wconf 86' lang='lat' dir='ltr'><strong>cogebatur.</strong></span> <span class='ocrx_word' id='word_1_543' title='bbox 3441 3450 3492 3506; x_wconf 91' lang='lat' dir='ltr'><strong>ld</strong></span> <span class='ocrx_word' id='word_1_544' title='bbox 3516 3461 3654 3520; x_wconf 84' lang='lat' dir='ltr'><strong>porro</strong></span> 
     </span>
    </p>
   </div>
   <div class='ocr_carea' id='block_1_77' title="bbox 2121 3544 3657 3622">
    <p class='ocr_par' dir='ltr' id='par_1_77' title="bbox 2121 3544 3657 3622">
     <span class='ocr_line' id='line_1_77' title="bbox 2121 3544 3657 3622; baseline -0.012 -14"><span class='ocrx_word' id='word_1_545' title='bbox 2121 3556 2167 3608; x_wconf 90' lang='lat' dir='ltr'><strong>si</strong></span> <span class='ocrx_word' id='word_1_546' title='bbox 2204 3554 2435 3620; x_wconf 83' lang='lat' dir='ltr'><strong>contigit</strong></span> <span class='ocrx_word' id='word_1_547' title='bbox 2466 3556 2684 3622; x_wconf 90' lang='lat' dir='ltr'><strong>quando</strong></span> <span class='ocrx_word' id='word_1_548' title='bbox 2713 3553 3065 3608; x_wconf 80' lang='lat' dir='ltr'><strong>evolvebatur</strong></span> <span class='ocrx_word' id='word_1_549' title='bbox 3112 3561 3206 3604; x_wconf 90' lang='lat' dir='ltr'><strong>aut</strong></span> <span class='ocrx_word' id='word_1_550' title='bbox 3237 3550 3413 3619; x_wconf 87' lang='lat' dir='ltr'><strong>potius</strong></span> <span class='ocrx_word' id='word_1_551' title='bbox 3439 3544 3657 3598; x_wconf 87' lang='lat' dir='ltr'><strong>evolutus</strong></span> 
     </span>
    </p>
   </div>
   <div class='ocr_carea' id='block_1_78' title="bbox 2116 3634 3652 3714">
    <p class='ocr_par' dir='ltr' id='par_1_78' title="bbox 2116 3634 3652 3714">
     <span class='ocr_line' id='line_1_78' title="bbox 2116 3634 3652 3714; baseline -0.005 -15"><span class='ocrx_word' id='word_1_552' title='bbox 2116 3646 2227 3714; x_wconf 90' lang='lat' dir='ltr'><strong>jam</strong></span> <span class='ocrx_word' id='word_1_553' title='bbox 2251 3655 2369 3699; x_wconf 88' lang='lat' dir='ltr'><strong>erat</strong></span> <span class='ocrx_word' id='word_1_554' title='bbox 2394 3659 2570 3698; x_wconf 86' lang='lat' dir='ltr'><strong>annus</strong></span> <span class='ocrx_word' id='word_1_555' title='bbox 2600 3642 3125 3712; x_wconf 85' lang='lat' dir='ltr'><strong>imperiiAndrouici</strong></span> <span class='ocrx_word' id='word_1_556' title='bbox 3157 3642 3448 3696; x_wconf 76' lang='lat' dir='ltr'><strong>vicesimus</strong></span> <span class='ocrx_word' id='word_1_557' title='bbox 3472 3634 3652 3691; x_wconf 86' lang='lat' dir='ltr'><strong>tertius.</strong></span> 
     </span>
    </p>
   </div>
   <div class='ocr_carea' id='block_1_79' title="bbox 2123 3722 3655 3801">
    <p class='ocr_par' dir='ltr' id='par_1_79' title="bbox 2123 3722 3655 3801">
     <span class='ocr_line' id='line_1_79' title="bbox 2123 3722 3655 3801; baseline -0.014 -9"><span class='ocrx_word' id='word_1_558' title='bbox 2123 3736 2398 3792; x_wconf 81' lang='lat' dir='ltr'><strong>Michaelis</strong></span> <span class='ocrx_word' id='word_1_559' title='bbox 2426 3737 2794 3798; x_wconf 85' lang='lat' dir='ltr'><strong>duodecimus,</strong></span> <span class='ocrx_word' id='word_1_560' title='bbox 2844 3735 3082 3801; x_wconf 88' lang='lat' dir='ltr'><strong>oportuit</strong></span> <span class='ocrx_word' id='word_1_561' title='bbox 3131 3733 3256 3787; x_wconf 88' lang='lat' dir='ltr'><strong>sine</strong></span> <span class='ocrx_word' id='word_1_562' title='bbox 3285 3730 3443 3782; x_wconf 88' lang='lat' dir='ltr'><strong>dubio</strong></span> <span class='ocrx_word' id='word_1_563' title='bbox 3475 3722 3655 3778; x_wconf 85' lang='lat' dir='ltr'><strong>coutin-</strong></span> 
     </span>
    </p>
   </div>
   <div class='ocr_carea' id='block_1_80' title="bbox 2123 3815 3651 3898">
    <p class='ocr_par' dir='ltr' id='par_1_80' title="bbox 2123 3815 3651 3898">
     <span class='ocr_line' id='line_1_80' title="bbox 2123 3815 3651 3898; baseline -0.013 -14"><span class='ocrx_word' id='word_1_564' title='bbox 2123 3844 2251 3898; x_wconf 86' lang='lat' dir='ltr'><strong>gere</strong></span> <span class='ocrx_word' id='word_1_565' title='bbox 2280 3844 2423 3883; x_wconf 88' lang='lat' dir='ltr'><strong>anno</strong></span> <span class='ocrx_word' id='word_1_566' title='bbox 2464 3828 2666 3882; x_wconf 89' lang='lat' dir='ltr'><strong>Christi</strong></span> <span class='ocrx_word' id='word_1_567' title='bbox 2700 3825 2875 3881; x_wconf 81' lang='lat' dir='ltr'><strong>l&#39;506:</strong></span> <span class='ocrx_word' id='word_1_568' title='bbox 2911 3833 3039 3879; x_wconf 91' lang='lat' dir='ltr'><strong>tunc</strong></span> <span class='ocrx_word' id='word_1_569' title='bbox 3071 3824 3237 3893; x_wconf 77' lang='lat'><strong>800</strong></span> <span class='ocrx_word' id='word_1_570' title='bbox 3290 3822 3430 3875; x_wconf 90' lang='lat' dir='ltr'><strong>enim</strong></span> <span class='ocrx_word' id='word_1_571' title='bbox 3471 3815 3651 3870; x_wconf 81' lang='lat' dir='ltr'><strong>Andro-</strong></span> 
     </span>
    </p>
   </div>
   <div class='ocr_carea' id='block_1_81' title="bbox 2126 3912 3653 3989">
    <p class='ocr_par' dir='ltr' id='par_1_81' title="bbox 2126 3912 3653 3989">
     <span class='ocr_line' id='line_1_81' title="bbox 2126 3912 3653 3989; baseline -0.012 -14"><span class='ocrx_word' id='word_1_572' title='bbox 2126 3925 2299 3985; x_wconf 87' lang='lat' dir='ltr'><strong>nicus,</strong></span> <span class='ocrx_word' id='word_1_573' title='bbox 2338 3921 2424 3973; x_wconf 91' lang='lat' dir='ltr'><strong>cui</strong></span> <span class='ocrx_word' id='word_1_574' title='bbox 2475 3926 2684 3989; x_wconf 87' lang='lat' dir='ltr'><strong>primus</strong></span> <span class='ocrx_word' id='word_1_575' title='bbox 2719 3935 2748 3973; x_wconf 88' lang='lat' dir='ltr'><strong>a</strong></span> <span class='ocrx_word' id='word_1_576' title='bbox 2805 3918 2976 3987; x_wconf 89' lang='lat' dir='ltr'><strong>patris</strong></span> <span class='ocrx_word' id='word_1_577' title='bbox 3019 3926 3191 3970; x_wconf 85' lang='lat' dir='ltr'><strong>morte</strong></span> <span class='ocrx_word' id='word_1_578' title='bbox 3248 3912 3452 3983; x_wconf 89' lang='lat' dir='ltr'><strong>imperii</strong></span> <span class='ocrx_word' id='word_1_579' title='bbox 3505 3916 3653 3961; x_wconf 84' lang='lat' dir='ltr'><strong>annus</strong></span> 
     </span>
    </p>
   </div>
   <div class='ocr_carea' id='block_1_82' title="bbox 2126 4008 3651 4078">
    <p class='ocr_par' dir='ltr' id='par_1_82' title="bbox 2126 4008 3651 4078">
     <span class='ocr_line' id='line_1_82' title="bbox 2126 4008 3651 4078; baseline -0.01 -12"><span class='ocrx_word' id='word_1_580' title='bbox 2126 4013 2227 4066; x_wconf 82' lang='lat' dir='ltr'><strong>fuit</strong></span> <span class='ocrx_word' id='word_1_581' title='bbox 2277 4011 2433 4072; x_wconf 74' lang='grc'><strong>1285,</strong></span> <span class='ocrx_word' id='word_1_582' title='bbox 2483 4011 2800 4065; x_wconf 79' lang='lat' dir='ltr'><strong>vicesimum</strong></span> <span class='ocrx_word' id='word_1_583' title='bbox 2827 4010 3048 4065; x_wconf 88' lang='lat' dir='ltr'><strong>tertium</strong></span> <span class='ocrx_word' id='word_1_584' title='bbox 3105 4008 3441 4078; x_wconf 88' lang='lat' dir='ltr'><strong>principatus</strong></span> <span class='ocrx_word' id='word_1_585' title='bbox 3482 4010 3651 4053; x_wconf 86' lang='lat' dir='ltr'><strong>annum</strong></span> 
     </span>
    </p>
   </div>
   <div class='ocr_carea' id='block_1_83' title="bbox 2127 4086 3651 4170">
    <p class='ocr_par' dir='ltr' id='par_1_83' title="bbox 2127 4086 3651 4170">
     <span class='ocr_line' id='line_1_83' title="bbox 2127 4086 3651 4170; baseline -0.003 -13"><span class='ocrx_word' id='word_1_586' title='bbox 2127 4104 2432 4159; x_wconf 80' lang='lat' dir='ltr'><strong>absolverat</strong></span> <span class='ocrx_word' id='word_1_587' title='bbox 2457 4115 2509 4157; x_wconf 89' lang='lat' dir='ltr'><strong>et</strong></span> <span class='ocrx_word' id='word_1_588' title='bbox 2538 4104 2857 4157; x_wconf 86' lang='lat' dir='ltr'><strong>vicesimum</strong></span> <span class='ocrx_word' id='word_1_589' title='bbox 2893 4110 3145 4170; x_wconf 90' lang='lat' dir='ltr'><strong>quartum</strong></span> <span class='ocrx_word' id='word_1_590' title='bbox 3183 4102 3542 4154; x_wconf 80' lang='lat' dir='ltr'><strong>inchoaverat.</strong></span> <span class='ocrx_word' id='word_1_591' title='bbox 3570 4086 3651 4141; x_wconf 68' lang='grc' dir='ltr'><strong>Μίο</strong></span> 
     </span>
    </p>
   </div>
   <div class='ocr_carea' id='block_1_84' title="bbox 2127 4178 3651 4263">
    <p class='ocr_par' dir='ltr' id='par_1_84' title="bbox 2127 4178 3651 4263">
     <span class='ocr_line' id='line_1_84' title="bbox 2127 4178 3651 4263; baseline -0.009 -13"><span class='ocrx_word' id='word_1_592' title='bbox 2127 4195 2279 4250; x_wconf 87' lang='lat' dir='ltr'><strong>chael</strong></span> <span class='ocrx_word' id='word_1_593' title='bbox 2306 4209 2461 4256; x_wconf 87' lang='lat' dir='ltr'><strong>vero,</strong></span> <span class='ocrx_word' id='word_1_594' title='bbox 2489 4196 2645 4263; x_wconf 89' lang='lat' dir='ltr'><strong>cujus</strong></span> <span class='ocrx_word' id='word_1_595' title='bbox 2675 4195 2881 4261; x_wconf 80' lang='lat' dir='ltr'><strong>primus</strong></span> <span class='ocrx_word' id='word_1_596' title='bbox 2918 4207 3094 4246; x_wconf 86' lang='lat' dir='ltr'><strong>annus</strong></span> <span class='ocrx_word' id='word_1_597' title='bbox 3121 4191 3331 4260; x_wconf 91' lang='lat' dir='ltr'><strong>imperii</strong></span> <span class='ocrx_word' id='word_1_598' title='bbox 3370 4202 3484 4243; x_wconf 92' lang='lat' dir='ltr'><strong>cum</strong></span> <span class='ocrx_word' id='word_1_599' title='bbox 3510 4178 3651 4251; x_wconf 75' lang='lat' dir='ltr'><strong>patris</strong></span> 
     </span>
    </p>
   </div>
   <div class='ocr_carea' id='block_1_85' title="bbox 2129 4272 3653 4349">
    <p class='ocr_par' dir='ltr' id='par_1_85' title="bbox 2129 4272 3653 4349">
     <span class='ocr_line' id='line_1_85' title="bbox 2129 4272 3653 4349; baseline -0.012 -10"><span class='ocrx_word' id='word_1_600' title='bbox 2129 4285 2413 4339; x_wconf 82' lang='lat' dir='ltr'><strong>undecimo</strong></span> <span class='ocrx_word' id='word_1_601' title='bbox 2445 4284 2647 4338; x_wconf 90' lang='lat' dir='ltr'><strong>Christi</strong></span> <span class='ocrx_word' id='word_1_602' title='bbox 2678 4282 2815 4337; x_wconf 70' lang='grc'><strong>1295</strong></span> <span class='ocrx_word' id='word_1_603' title='bbox 2843 4282 3142 4341; x_wconf 89' lang='lat' dir='ltr'><strong>concurrit,</strong></span> <span class='ocrx_word' id='word_1_604' title='bbox 3188 4280 3514 4349; x_wconf 87' lang='lat' dir='ltr'><strong>principatus</strong></span> <span class='ocrx_word' id='word_1_605' title='bbox 3542 4272 3653 4325; x_wconf 87' lang='lat' dir='ltr'><strong>duo-</strong></span> 
     </span>
    </p>
   </div>
   <div class='ocr_carea' id='block_1_86' title="bbox 2128 4363 3655 4440">
    <p class='ocr_par' dir='ltr' id='par_1_86' title="bbox 2128 4363 3655 4440">
     <span class='ocr_line' id='line_1_86' title="bbox 2128 4363 3655 4440; baseline -0.012 -7"><span class='ocrx_word' id='word_1_606' title='bbox 2128 4377 2398 4433; x_wconf 89' lang='lat' dir='ltr'><strong>decimum</strong></span> <span class='ocrx_word' id='word_1_607' title='bbox 2433 4391 2631 4430; x_wconf 89' lang='lat' dir='ltr'><strong>annum</strong></span> <span class='ocrx_word' id='word_1_608' title='bbox 2682 4378 2978 4440; x_wconf 78' lang='lat' dir='ltr'><strong>evolverat,</strong></span> <span class='ocrx_word' id='word_1_609' title='bbox 3028 4374 3296 4430; x_wconf 88' lang='lat' dir='ltr'><strong>decimum</strong></span> <span class='ocrx_word' id='word_1_610' title='bbox 3329 4370 3528 4426; x_wconf 89' lang='lat' dir='ltr'><strong>tertium</strong></span> <span class='ocrx_word' id='word_1_611' title='bbox 3570 4363 3655 4416; x_wconf 85' lang='lat' dir='ltr'><strong>ini-</strong></span> 
     </span>
    </p>
   </div>
   <div class='ocr_carea' id='block_1_87' title="bbox 2130 4478 2304 4525">
    <p class='ocr_par' dir='ltr' id='par_1_87' title="bbox 2130 4478 2304 4525">
     <span class='ocr_line' id='line_1_87' title="bbox 2130 4478 2304 4525; baseline 0.011 -2"><span class='ocrx_word' id='word_1_612' title='bbox 2130 4478 2304 4525; x_wconf 81' lang='lat' dir='ltr'><strong>verat.</strong></span> 
     </span>
    </p>
   </div>
   <div class='ocr_carea' id='block_1_88' title="bbox 2200 4541 3650 4630">
    <p class='ocr_par' dir='ltr' id='par_1_88' title="bbox 2200 4541 3650 4630">
     <span class='ocr_line' id='line_1_88' title="bbox 2200 4541 3650 4630; baseline -0.01 -12"><span class='ocrx_word' id='word_1_613' title='bbox 2200 4560 2290 4618; x_wconf 77' lang='lat' dir='ltr'><strong>Vl.</strong></span> <span class='ocrx_word' id='word_1_614' title='bbox 2317 4561 2479 4630; x_wconf 79' lang='lat' dir='ltr'><strong>Atqui</strong></span> <span class='ocrx_word' id='word_1_615' title='bbox 2503 4575 2626 4615; x_wconf 93' lang='lat' dir='ltr'><strong>cum</strong></span> <span class='ocrx_word' id='word_1_616' title='bbox 2660 4561 2765 4615; x_wconf 89' lang='lat' dir='ltr'><strong>hoc</strong></span> <span class='ocrx_word' id='word_1_617' title='bbox 2792 4559 3006 4630; x_wconf 89' lang='lat' dir='ltr'><strong>quidem</strong></span> <span class='ocrx_word' id='word_1_618' title='bbox 3051 4568 3308 4615; x_wconf 85' lang='lat' dir='ltr'><strong>constare</strong></span> <span class='ocrx_word' id='word_1_619' title='bbox 3336 4554 3509 4624; x_wconf 84' lang='lat' dir='ltr'><strong>nequit</strong></span> <span class='ocrx_word' id='word_1_620' title='bbox 3533 4541 3650 4617; x_wconf 75' lang='lat' dir='ltr'><strong>quod</strong></span> 
     </span>
    </p>
   </div>
   <div class='ocr_carea' id='block_1_89' title="bbox 455 4646 3650 4725">
    <p class='ocr_par' dir='ltr' id='par_1_89' title="bbox 455 4646 3650 4725">
     <span class='ocr_line' id='line_1_89' title="bbox 455 4646 3650 4725; baseline -0.002 -15"><span class='ocrx_word' id='word_1_621' title='bbox 455 4654 553 4710; x_wconf 77' lang='grc'><strong>561</strong></span> <span class='ocrx_word' id='word_1_622' title='bbox 584 4668 603 4706; x_wconf 84' lang='lat'><strong>:</strong></span> <span class='ocrx_word' id='word_1_623' title='bbox 634 4652 898 4707; x_wconf 78' lang='lat' dir='ltr'><strong>Ambobus</strong></span> <span class='ocrx_word' id='word_1_624' title='bbox 939 4653 1057 4721; x_wconf 85' lang='lat' dir='ltr'><strong>jam</strong></span> <span class='ocrx_word' id='word_1_625' title='bbox 1110 4652 1531 4722; x_wconf 78' lang='lat' dir='ltr'><strong>imperatoribus,</strong></span> <span class='ocrx_word' id='word_1_626' title='bbox 1577 4653 1771 4707; x_wconf 81' lang='lat' dir='ltr'><strong>seniori</strong></span> <span class='ocrx_word' id='word_1_627' title='bbox 1815 4653 2025 4723; x_wconf 82' lang='lat' dir='ltr'><strong>quidem</strong></span> <span class='ocrx_word' id='word_1_628' title='bbox 2058 4654 2100 4710; x_wconf 87' lang='lat' dir='ltr'><strong>D</strong></span> <span class='ocrx_word' id='word_1_629' title='bbox 2130 4652 2498 4725; x_wconf 88' lang='lat' dir='ltr'><strong>Pachymeres</strong></span> <span class='ocrx_word' id='word_1_630' title='bbox 2531 4668 2595 4707; x_wconf 83' lang='lat' dir='ltr'><strong>ex</strong></span> <span class='ocrx_word' id='word_1_631' title='bbox 2623 4652 2850 4722; x_wconf 63' lang='lat' dir='ltr'><strong>publica:</strong></span> <span class='ocrx_word' id='word_1_632' title='bbox 2884 4653 3159 4706; x_wconf 77' lang='lat' dir='ltr'><strong>memoria:</strong></span> <span class='ocrx_word' id='word_1_633' title='bbox 3188 4646 3528 4706; x_wconf 74' lang='lat' dir='ltr'><strong>conscientia.</strong></span> <span class='ocrx_word' id='word_1_634' title='bbox 3553 4651 3650 4691; x_wconf 69' lang='lat'><strong>“0‘</strong></span> 
     </span>
    </p>
   </div>
   <div class='ocr_carea' id='block_1_90' title="bbox 457 4743 2025 4813">
    <p class='ocr_par' dir='ltr' id='par_1_90' title="bbox 457 4743 2025 4813">
     <span class='ocr_line' id='line_1_90' title="bbox 457 4743 2025 4813; baseline -0.002 -13"><span class='ocrx_word' id='word_1_635' title='bbox 457 4746 668 4800; x_wconf 77' lang='lat' dir='ltr'><strong>tertium</strong></span> <span class='ocrx_word' id='word_1_636' title='bbox 721 4755 768 4798; x_wconf 81' lang='lat' dir='ltr'><strong>et</strong></span> <span class='ocrx_word' id='word_1_637' title='bbox 824 4744 1148 4809; x_wconf 78' lang='lat' dir='ltr'><strong>vicesimum,</strong></span> <span class='ocrx_word' id='word_1_638' title='bbox 1185 4743 1391 4813; x_wconf 79' lang='lat' dir='ltr'><strong>juniori</strong></span> <span class='ocrx_word' id='word_1_639' title='bbox 1442 4752 1620 4797; x_wconf 85' lang='lat' dir='ltr'><strong>autem</strong></span> <span class='ocrx_word' id='word_1_640' title='bbox 1655 4744 2025 4799; x_wconf 80' lang='lat' dir='ltr'><strong>duodecimum</strong></span> 
     </span>
    </p>
   </div>
   <div class='ocr_carea' id='block_1_91' title="bbox 457 4834 2026 4905">
    <p class='ocr_par' dir='ltr' id='par_1_91' title="bbox 457 4834 2026 4905">
     <span class='ocr_line' id='line_1_91' title="bbox 457 4834 2026 4905; baseline -0.003 -15"><span class='ocrx_word' id='word_1_641' title='bbox 457 4852 659 4890; x_wconf 80' lang='lat' dir='ltr'><strong>annum</strong></span> <span class='ocrx_word' id='word_1_642' title='bbox 685 4836 894 4903; x_wconf 81' lang='lat' dir='ltr'><strong>imperii</strong></span> <span class='ocrx_word' id='word_1_643' title='bbox 927 4835 1090 4890; x_wconf 77' lang='lat' dir='ltr'><strong>evolvi</strong></span> <span class='ocrx_word' id='word_1_644' title='bbox 1139 4835 1379 4905; x_wconf 82' lang='lat' dir='ltr'><strong>conligit,</strong></span> <span class='ocrx_word' id='word_1_645' title='bbox 1416 4836 1650 4903; x_wconf 84' lang='lat' dir='ltr'><strong>quando,</strong></span> <span class='ocrx_word' id='word_1_646' title='bbox 1685 4844 1790 4887; x_wconf 87' lang='lat' dir='ltr'><strong>etc.</strong></span> <span class='ocrx_word' id='word_1_647' title='bbox 1820 4834 2026 4887; x_wconf 85' lang='lat' dir='ltr'><strong>Eventa</strong></span> 
     </span>
    </p>
   </div>
   <div class='ocr_carea' id='block_1_92' title="bbox 458 4926 2027 4997">
    <p class='ocr_par' dir='ltr' id='par_1_92' title="bbox 458 4926 2027 4997">
     <span class='ocr_line' id='line_1_92' title="bbox 458 4926 2027 4997; baseline -0.003 -14"><span class='ocrx_word' id='word_1_648' title='bbox 458 4929 610 4983; x_wconf 85' lang='lat' dir='ltr'><strong>varia</strong></span> <span class='ocrx_word' id='word_1_649' title='bbox 664 4936 931 4982; x_wconf 87' lang='lat' dir='ltr'><strong>memorat</strong></span> <span class='ocrx_word' id='word_1_650' title='bbox 967 4944 1082 4997; x_wconf 71' lang='lat' dir='ltr'><strong>quae</strong></span> <span class='ocrx_word' id='word_1_651' title='bbox 1114 4928 1167 4982; x_wconf 91' lang='lat' dir='ltr'><strong>in</strong></span> <span class='ocrx_word' id='word_1_652' title='bbox 1202 4928 1348 4981; x_wconf 86' lang='lat' dir='ltr'><strong>illum</strong></span> <span class='ocrx_word' id='word_1_653' title='bbox 1396 4927 1710 4980; x_wconf 86' lang='lat' dir='ltr'><strong>inciderunt</strong></span> <span class='ocrx_word' id='word_1_654' title='bbox 1741 4926 2027 4979; x_wconf 89' lang='lat' dir='ltr'><strong>articulum</strong></span> 
     </span>
    </p>
   </div>
   <div class='ocr_carea' id='block_1_93' title="bbox 460 5014 2029 5088">
    <p class='ocr_par' dir='ltr' id='par_1_93' title="bbox 460 5014 2029 5088">
     <span class='ocr_line' id='line_1_93' title="bbox 460 5014 2029 5088; baseline -0.001 -16"><span class='ocrx_word' id='word_1_655' title='bbox 460 5020 744 5087; x_wconf 90' lang='lat' dir='ltr'><strong>temporis,</strong></span> <span class='ocrx_word' id='word_1_656' title='bbox 775 5034 881 5088; x_wconf 90' lang='lat' dir='ltr'><strong>quo</strong></span> <span class='ocrx_word' id='word_1_657' title='bbox 907 5018 1199 5073; x_wconf 82' lang='lat' dir='ltr'><strong>Andronici</strong></span> <span class='ocrx_word' id='word_1_658' title='bbox 1231 5032 1406 5070; x_wconf 86' lang='lat' dir='ltr'><strong>annus</strong></span> <span class='ocrx_word' id='word_1_659' title='bbox 1433 5016 1646 5086; x_wconf 87' lang='lat' dir='ltr'><strong>imperii</strong></span> <span class='ocrx_word' id='word_1_660' title='bbox 1678 5016 1769 5082; x_wconf 76' lang='grc'><strong>25,</strong></span> <span class='ocrx_word' id='word_1_661' title='bbox 1793 5014 2029 5070; x_wconf 65' lang='lat' dir='ltr'><strong>Michae-</strong></span> 
     </span>
    </p>
   </div>
   <div class='ocr_carea' id='block_1_94' title="bbox 461 5108 2027 5178">
    <p class='ocr_par' dir='ltr' id='par_1_94' title="bbox 461 5108 2027 5178">
     <span class='ocr_line' id='line_1_94' title="bbox 461 5108 2027 5178; baseline -0.002 -15"><span class='ocrx_word' id='word_1_662' title='bbox 461 5110 533 5164; x_wconf 88' lang='lat' dir='ltr'><strong>lis</strong></span> <span class='ocrx_word' id='word_1_663' title='bbox 573 5119 751 5163; x_wconf 88' lang='lat' dir='ltr'><strong>autem</strong></span> <span class='ocrx_word' id='word_1_664' title='bbox 801 5110 919 5178; x_wconf 85' lang='lat' dir='ltr'><strong>ejus</strong></span> <span class='ocrx_word' id='word_1_665' title='bbox 955 5109 1047 5162; x_wconf 94' lang='lat' dir='ltr'><strong>lilii</strong></span> <span class='ocrx_word' id='word_1_666' title='bbox 1081 5110 1148 5163; x_wconf 71' lang='grc'><strong>12</strong></span> <span class='ocrx_word' id='word_1_667' title='bbox 1191 5108 1392 5163; x_wconf 90' lang='lat' dir='ltr'><strong>evoluti</strong></span> <span class='ocrx_word' id='word_1_668' title='bbox 1434 5119 1611 5173; x_wconf 84' lang='lat' dir='ltr'><strong>erant,</strong></span> <span class='ocrx_word' id='word_1_669' title='bbox 1646 5108 1747 5162; x_wconf 93' lang='lat' dir='ltr'><strong>hoc</strong></span> <span class='ocrx_word' id='word_1_670' title='bbox 1775 5118 1876 5172; x_wconf 73' lang='grc' dir='ltr'><strong>εει,</strong></span> <span class='ocrx_word' id='word_1_671' title='bbox 1931 5122 2027 5161; x_wconf 80' lang='lat' dir='ltr'><strong>ex-</strong></span> 
     </span>
    </p>
   </div>
   <div class='ocr_carea' id='block_1_95' title="bbox 422 5197 2026 5274">
    <p class='ocr_par' dir='ltr' id='par_1_95' title="bbox 422 5197 2026 5274">
     <span class='ocr_line' id='line_1_95' title="bbox 422 5197 2026 5274; baseline -0.003 -19"><span class='ocrx_word' id='word_1_672' title='bbox 422 5202 595 5274; x_wconf 86' lang='lat' dir='ltr'><strong>_pleti</strong></span> <span class='ocrx_word' id='word_1_673' title='bbox 642 5202 1110 5267; x_wconf 86' lang='lat' dir='ltr'><strong>numerabantur,</strong></span> <span class='ocrx_word' id='word_1_674' title='bbox 1160 5199 1511 5268; x_wconf 86' lang='lat' dir='ltr'><strong>sequentibus</strong></span> <span class='ocrx_word' id='word_1_675' title='bbox 1560 5198 1672 5268; x_wconf 84' lang='lat' dir='ltr'><strong>jam</strong></span> <span class='ocrx_word' id='word_1_676' title='bbox 1740 5197 2026 5251; x_wconf 88' lang='lat' dir='ltr'><strong>inchoatis.</strong></span> 
     </span>
    </p>
   </div>
   <div class='ocr_carea' id='block_1_96' title="bbox 462 5288 2031 5359">
    <p class='ocr_par' dir='ltr' id='par_1_96' title="bbox 462 5288 2031 5359">
     <span class='ocr_line' id='line_1_96' title="bbox 462 5288 2031 5359; baseline -0.003 -12"><span class='ocrx_word' id='word_1_677' title='bbox 462 5293 610 5348; x_wconf 88' lang='lat' dir='ltr'><strong>Inter</strong></span> <span class='ocrx_word' id='word_1_678' title='bbox 634 5291 738 5346; x_wconf 92' lang='lat' dir='ltr'><strong>alia</strong></span> <span class='ocrx_word' id='word_1_679' title='bbox 773 5307 898 5346; x_wconf 82' lang='lat' dir='ltr'><strong>vero</strong></span> <span class='ocrx_word' id='word_1_680' title='bbox 928 5290 1084 5345; x_wconf 87' lang='lat' dir='ltr'><strong>istius</strong></span> <span class='ocrx_word' id='word_1_681' title='bbox 1115 5290 1331 5359; x_wconf 87' lang='lat' dir='ltr'><strong>generis</strong></span> <span class='ocrx_word' id='word_1_682' title='bbox 1371 5298 1562 5345; x_wconf 85' lang='lat' dir='ltr'><strong>eventa</strong></span> <span class='ocrx_word' id='word_1_683' title='bbox 1601 5288 1758 5358; x_wconf 86' lang='lat' dir='ltr'><strong>paulo</strong></span> <span class='ocrx_word' id='word_1_684' title='bbox 1790 5299 1908 5357; x_wconf 90' lang='lat' dir='ltr'><strong>post</strong></span> <span class='ocrx_word' id='word_1_685' title='bbox 1949 5303 2031 5342; x_wconf 88' lang='lat' dir='ltr'><strong>re-</strong></span> 
     </span>
    </p>
   </div>
   <div class='ocr_carea' id='block_1_97' title="bbox 463 5379 2029 5449">
    <p class='ocr_par' dir='ltr' id='par_1_97' title="bbox 463 5379 2029 5449">
     <span class='ocr_line' id='line_1_97' title="bbox 463 5379 2029 5449; baseline -0.004 -11"><span class='ocrx_word' id='word_1_686' title='bbox 463 5392 653 5438; x_wconf 86' lang='lat' dir='ltr'><strong>censet</strong></span> <span class='ocrx_word' id='word_1_687' title='bbox 680 5383 1033 5437; x_wconf 90' lang='lat' dir='ltr'><strong>inclusionem</strong></span> <span class='ocrx_word' id='word_1_688' title='bbox 1069 5381 1346 5436; x_wconf 82' lang='lat' dir='ltr'><strong>Michaelis</strong></span> <span class='ocrx_word' id='word_1_689' title='bbox 1377 5381 1599 5449; x_wconf 86' lang='lat' dir='ltr'><strong>Augusti</strong></span> <span class='ocrx_word' id='word_1_690' title='bbox 1621 5379 1859 5435; x_wconf 86' lang='lat' dir='ltr'><strong>Juuioris</strong></span> <span class='ocrx_word' id='word_1_691' title='bbox 1887 5381 2029 5434; x_wconf 90' lang='lat' dir='ltr'><strong>intra</strong></span> 
     </span>
    </p>
   </div>
   <div class='ocr_carea' id='block_1_98' title="bbox 464 5474 2035 5548">
    <p class='ocr_par' dir='ltr' id='par_1_98' title="bbox 464 5474 2035 5548">
     <span class='ocr_line' id='line_1_98' title="bbox 464 5474 2035 5548; baseline -0.001 -19"><span class='ocrx_word' id='word_1_692' title='bbox 464 5476 923 5548; x_wconf 72' lang='lat' dir='ltr'><strong>Didymotichum,</strong></span> <span class='ocrx_word' id='word_1_693' title='bbox 953 5475 1211 5530; x_wconf 89' lang='lat' dir='ltr'><strong>munitam</strong></span> <span class='ocrx_word' id='word_1_694' title='bbox 1246 5489 1448 5540; x_wconf 87' lang='lat' dir='ltr'><strong>arcem,</strong></span> <span class='ocrx_word' id='word_1_695' title='bbox 1475 5474 1529 5528; x_wconf 90' lang='lat' dir='ltr'><strong>in</strong></span> <span class='ocrx_word' id='word_1_696' title='bbox 1554 5489 1656 5542; x_wconf 88' lang='lat' dir='ltr'><strong>qua</strong></span> <span class='ocrx_word' id='word_1_697' title='bbox 1693 5489 1752 5528; x_wconf 88' lang='lat' dir='ltr'><strong>se</strong></span> <span class='ocrx_word' id='word_1_698' title='bbox 1780 5488 2035 5529; x_wconf 87' lang='lat' dir='ltr'><strong>necessa-</strong></span> 
     </span>
    </p>
   </div>
   <div class='ocr_carea' id='block_1_99' title="bbox 466 5564 2032 5636">
    <p class='ocr_par' dir='ltr' id='par_1_99' title="bbox 466 5564 2032 5636">
     <span class='ocr_line' id='line_1_99' title="bbox 466 5564 2032 5636; baseline -0.001 -14"><span class='ocrx_word' id='word_1_699' title='bbox 466 5569 548 5625; x_wconf 92' lang='lat' dir='ltr'><strong>rio</strong></span> <span class='ocrx_word' id='word_1_700' title='bbox 571 5569 907 5636; x_wconf 88' lang='lat' dir='ltr'><strong>continebat,</strong></span> <span class='ocrx_word' id='word_1_701' title='bbox 948 5569 1090 5635; x_wconf 91' lang='lat' dir='ltr'><strong>quod</strong></span> <span class='ocrx_word' id='word_1_702' title='bbox 1121 5566 1322 5622; x_wconf 86' lang='lat' dir='ltr'><strong>milites</strong></span> <span class='ocrx_word' id='word_1_703' title='bbox 1375 5564 1633 5630; x_wconf 83' lang='lat' dir='ltr'><strong>Romani,</strong></span> <span class='ocrx_word' id='word_1_704' title='bbox 1667 5565 1867 5635; x_wconf 89' lang='lat' dir='ltr'><strong>quibus</strong></span> <span class='ocrx_word' id='word_1_705' title='bbox 1895 5581 2032 5636; x_wconf 71' lang='lat' dir='ltr'><strong>pra:-</strong></span> 
     </span>
    </p>
   </div>
   <div class='ocr_carea' id='block_1_100' title="bbox 464 5657 2032 5729">
    <p class='ocr_par' dir='ltr' id='par_1_100' title="bbox 464 5657 2032 5729">
     <span class='ocr_line' id='line_1_100' title="bbox 464 5657 2032 5729; baseline -0.004 -12"><span class='ocrx_word' id='word_1_706' title='bbox 464 5671 608 5727; x_wconf 88' lang='lat' dir='ltr'><strong>erat,</strong></span> <span class='ocrx_word' id='word_1_707' title='bbox 632 5659 791 5716; x_wconf 80' lang='lat' dir='ltr'><strong>fracti</strong></span> <span class='ocrx_word' id='word_1_708' title='bbox 821 5658 1016 5713; x_wconf 89' lang='lat' dir='ltr'><strong>animis</strong></span> <span class='ocrx_word' id='word_1_709' title='bbox 1035 5658 1104 5713; x_wconf 93' lang='lat' dir='ltr'><strong>ob</strong></span> <span class='ocrx_word' id='word_1_710' title='bbox 1137 5668 1388 5729; x_wconf 84' lang='lat' dir='ltr'><strong>acceptas</strong></span> <span class='ocrx_word' id='word_1_711' title='bbox 1412 5658 1612 5723; x_wconf 87' lang='lat' dir='ltr'><strong>clades,</strong></span> <span class='ocrx_word' id='word_1_712' title='bbox 1638 5657 1761 5711; x_wconf 85' lang='lat' dir='ltr'><strong>inde</strong></span> <span class='ocrx_word' id='word_1_713' title='bbox 1784 5657 2032 5727; x_wconf 84' lang='lat' dir='ltr'><strong>progredi</strong></span> 
     </span>
    </p>
   </div>
   <div class='ocr_carea' id='block_1_101' title="bbox 465 5747 2032 5811">
    <p class='ocr_par' dir='ltr' id='par_1_101' title="bbox 465 5747 2032 5811">
     <span class='ocr_line' id='line_1_101' title="bbox 465 5747 2032 5811; baseline -0.007 0"><span class='ocrx_word' id='word_1_714' title='bbox 465 5766 522 5811; x_wconf 90' lang='lat' dir='ltr'><strong>et</strong></span> <span class='ocrx_word' id='word_1_715' title='bbox 543 5770 604 5811; x_wconf 86' lang='lat' dir='ltr'><strong>os</strong></span> <span class='ocrx_word' id='word_1_716' title='bbox 635 5755 884 5811; x_wconf 87' lang='lat' dir='ltr'><strong>hostibus</strong></span> <span class='ocrx_word' id='word_1_717' title='bbox 916 5753 1203 5808; x_wconf 86' lang='lat' dir='ltr'><strong>obvertere</strong></span> <span class='ocrx_word' id='word_1_718' title='bbox 1261 5765 1369 5805; x_wconf 91' lang='lat' dir='ltr'><strong>non</strong></span> <span class='ocrx_word' id='word_1_719' title='bbox 1400 5750 1685 5805; x_wconf 87' lang='lat' dir='ltr'><strong>auderent.</strong></span> <span class='ocrx_word' id='word_1_720' title='bbox 1721 5747 1914 5802; x_wconf 79' lang='lat' dir='ltr'><strong>Hostes</strong></span> <span class='ocrx_word' id='word_1_721' title='bbox 1945 5749 2032 5801; x_wconf 92' lang='lat' dir='ltr'><strong>hic</strong></span> 
     </span>
    </p>
   </div>
   <div class='ocr_carea' id='block_1_102' title="bbox 469 5838 2033 5916">
    <p class='ocr_par' dir='ltr' id='par_1_102' title="bbox 469 5838 2033 5916">
     <span class='ocr_line' id='line_1_102' title="bbox 469 5838 2033 5916; baseline -0.006 -14"><span class='ocrx_word' id='word_1_722' title='bbox 469 5854 578 5902; x_wconf 87' lang='lat' dir='ltr'><strong>non</strong></span> <span class='ocrx_word' id='word_1_723' title='bbox 636 5846 775 5902; x_wconf 88' lang='lat' dir='ltr'><strong>alios</strong></span> <span class='ocrx_word' id='word_1_724' title='bbox 839 5843 1142 5916; x_wconf 83' lang='lat' dir='ltr'><strong>intelligere</strong></span> <span class='ocrx_word' id='word_1_725' title='bbox 1188 5842 1482 5899; x_wconf 88' lang='lat' dir='ltr'><strong>historicus</strong></span> <span class='ocrx_word' id='word_1_726' title='bbox 1530 5855 1692 5911; x_wconf 90' lang='lat' dir='ltr'><strong>quam</strong></span> <span class='ocrx_word' id='word_1_727' title='bbox 1744 5838 2033 5894; x_wconf 84' lang='lat' dir='ltr'><strong>Catelanos</strong></span> 
     </span>
    </p>
   </div>
   <div class='ocr_carea' id='block_1_103' title="bbox 472 5928 2028 6010">
    <p class='ocr_par' dir='ltr' id='par_1_103' title="bbox 472 5928 2028 6010">
     <span class='ocr_line' id='line_1_103' title="bbox 472 5928 2028 6010; baseline -0.007 -12"><span class='ocrx_word' id='word_1_728' title='bbox 472 5947 669 6010; x_wconf 85' lang='lat' dir='ltr'><strong>potest.</strong></span> <span class='ocrx_word' id='word_1_729' title='bbox 708 5937 774 5994; x_wconf 86' lang='lat' dir='ltr'><strong>Et</strong></span> <span class='ocrx_word' id='word_1_730' title='bbox 802 5938 917 6010; x_wconf 85' lang='lat' dir='ltr'><strong>ipse</strong></span> <span class='ocrx_word' id='word_1_731' title='bbox 939 5938 1123 5996; x_wconf 89' lang='lat' dir='ltr'><strong>statim</strong></span> <span class='ocrx_word' id='word_1_732' title='bbox 1155 5928 1300 5993; x_wconf 76' lang='lat' dir='ltr'><strong>clare</strong></span> <span class='ocrx_word' id='word_1_733' title='bbox 1342 5934 1409 5991; x_wconf 90' lang='lat' dir='ltr'><strong>de</strong></span> <span class='ocrx_word' id='word_1_734' title='bbox 1436 5934 1502 5993; x_wconf 89' lang='lat' dir='ltr'><strong>iis</strong></span> <span class='ocrx_word' id='word_1_735' title='bbox 1532 5947 1593 5991; x_wconf 88' lang='lat' dir='ltr'><strong>se</strong></span> <span class='ocrx_word' id='word_1_736' title='bbox 1627 5931 1779 6003; x_wconf 87' lang='lat' dir='ltr'><strong>loqui</strong></span> <span class='ocrx_word' id='word_1_737' title='bbox 1805 5931 2028 5988; x_wconf 60' lang='lat' dir='ltr'><strong>demono</strong></span> 
     </span>
    </p>
   </div>
   <div class='ocr_carea' id='block_1_104' title="bbox 2131 4730 3651 4817">
    <p class='ocr_par' dir='ltr' id='par_1_104' title="bbox 2131 4730 3651 4817">
     <span class='ocr_line' id='line_1_104' title="bbox 2131 4730 3651 4817; baseline -0.003 -16"><span class='ocrx_word' id='word_1_738' title='bbox 2131 4761 2288 4817; x_wconf 87' lang='lat' dir='ltr'><strong>quam</strong></span> <span class='ocrx_word' id='word_1_739' title='bbox 2327 4745 2693 4799; x_wconf 83' lang='lat' dir='ltr'><strong>certissimum</strong></span> <span class='ocrx_word' id='word_1_740' title='bbox 2721 4753 2773 4799; x_wconf 87' lang='lat' dir='ltr'><strong>et</strong></span> <span class='ocrx_word' id='word_1_741' title='bbox 2807 4759 2837 4797; x_wconf 94' lang='lat' dir='ltr'><strong>a</strong></span> <span class='ocrx_word' id='word_1_742' title='bbox 2888 4759 2946 4798; x_wconf 90' lang='lat' dir='ltr'><strong>se</strong></span> <span class='ocrx_word' id='word_1_743' title='bbox 2974 4744 3169 4805; x_wconf 89' lang='lat' dir='ltr'><strong>visum,</strong></span> <span class='ocrx_word' id='word_1_744' title='bbox 3215 4746 3505 4797; x_wconf 72' lang='lat' dir='ltr'><strong>asseverat.</strong></span> <span class='ocrx_word' id='word_1_745' title='bbox 3530 4730 3651 4783; x_wconf 70' lang='grc' dir='ltr'><strong>Βοη·</strong></span> 
     </span>
    </p>
   </div>
   <div class='ocr_carea' id='block_1_105' title="bbox 2133 4828 3651 4906">
    <p class='ocr_par' dir='ltr' id='par_1_105' title="bbox 2133 4828 3651 4906">
     <span class='ocr_line' id='line_1_105' title="bbox 2133 4828 3651 4906; baseline -0.011 -14"><span class='ocrx_word' id='word_1_746' title='bbox 2133 4838 2354 4892; x_wconf 82' lang='lat' dir='ltr'><strong>tzerium</strong></span> <span class='ocrx_word' id='word_1_747' title='bbox 2382 4852 2567 4891; x_wconf 88' lang='lat' dir='ltr'><strong>mense</strong></span> <span class='ocrx_word' id='word_1_748' title='bbox 2596 4837 2902 4906; x_wconf 85' lang='lat' dir='ltr'><strong>Septembri</strong></span> <span class='ocrx_word' id='word_1_749' title='bbox 2929 4836 3176 4890; x_wconf 71' lang='lat' dir='ltr'><strong>secundae</strong></span> <span class='ocrx_word' id='word_1_750' title='bbox 3196 4828 3494 4887; x_wconf 75' lang='lat' dir='ltr'><strong>ittdicliOuis</strong></span> <span class='ocrx_word' id='word_1_751' title='bbox 3513 4834 3651 4890; x_wconf 78' lang='lat' dir='ltr'><strong>appu-</strong></span> 
     </span>
    </p>
   </div>
   <div class='ocr_carea' id='block_1_106' title="bbox 2130 4918 3649 4995">
    <p class='ocr_par' dir='ltr' id='par_1_106' title="bbox 2130 4918 3649 4995">
     <span class='ocr_line' id='line_1_106' title="bbox 2130 4918 3649 4995; baseline -0.017 -13"><span class='ocrx_word' id='word_1_752' title='bbox 2130 4927 2260 4983; x_wconf 89' lang='lat' dir='ltr'><strong>lisse</strong></span> <span class='ocrx_word' id='word_1_753' title='bbox 2318 4926 2866 4995; x_wconf 87' lang='lat' dir='ltr'><strong>Constantinopolim.</strong></span> <span class='ocrx_word' id='word_1_754' title='bbox 2927 4925 3041 4980; x_wconf 82' lang='lat' dir='ltr'><strong>Hoc</strong></span> <span class='ocrx_word' id='word_1_755' title='bbox 3087 4939 3235 4979; x_wconf 91' lang='lat' dir='ltr'><strong>nunc</strong></span> <span class='ocrx_word' id='word_1_756' title='bbox 3289 4918 3649 4976; x_wconf 84' lang='lat' dir='ltr'><strong>demonstratur</strong></span> 
     </span>
    </p>
   </div>
   <div class='ocr_carea' id='block_1_107' title="bbox 2131 5009 3644 5081">
    <p class='ocr_par' dir='ltr' id='par_1_107' title="bbox 2131 5009 3644 5081">
     <span class='ocr_line' id='line_1_107' title="bbox 2131 5009 3644 5081; baseline -0.001 -7"><span class='ocrx_word' id='word_1_757' title='bbox 2131 5035 2196 5075; x_wconf 83' lang='lat' dir='ltr'><strong>ex</strong></span> <span class='ocrx_word' id='word_1_758' title='bbox 2226 5020 2367 5074; x_wconf 85' lang='lat' dir='ltr'><strong>serie</strong></span> <span class='ocrx_word' id='word_1_759' title='bbox 2406 5034 2471 5073; x_wconf 86' lang='lat' dir='ltr'><strong>ac</strong></span> <span class='ocrx_word' id='word_1_760' title='bbox 2522 5032 2662 5072; x_wconf 84' lang='lat' dir='ltr'><strong>nexu</strong></span> <span class='ocrx_word' id='word_1_761' title='bbox 2708 5032 2889 5072; x_wconf 84' lang='lat' dir='ltr'><strong>rerum</strong></span> <span class='ocrx_word' id='word_1_762' title='bbox 2945 5015 3350 5081; x_wconf 84' lang='lat' dir='ltr'><strong>intervallisque</strong></span> <span class='ocrx_word' id='word_1_763' title='bbox 3385 5009 3644 5072; x_wconf 69' lang='lat' dir='ltr'><strong>temi’ow‘“</strong></span> 
     </span>
    </p>
   </div>
   <div class='ocr_carea' id='block_1_108' title="bbox 2130 5086 3650 5177">
    <p class='ocr_par' dir='ltr' id='par_1_108' title="bbox 2130 5086 3650 5177">
     <span class='ocr_line' id='line_1_108' title="bbox 2130 5086 3650 5177; baseline -0.012 -11"><span class='ocrx_word' id='word_1_764' title='bbox 2130 5111 2333 5166; x_wconf 83' lang='lat' dir='ltr'><strong>diserte</strong></span> <span class='ocrx_word' id='word_1_765' title='bbox 2382 5110 2699 5164; x_wconf 86' lang='lat' dir='ltr'><strong>memoratis</strong></span> <span class='ocrx_word' id='word_1_766' title='bbox 2765 5123 2795 5162; x_wconf 86' lang='lat' dir='ltr'><strong>a</strong></span> <span class='ocrx_word' id='word_1_767' title='bbox 2847 5108 3199 5177; x_wconf 86' lang='lat' dir='ltr'><strong>Pachymere.</strong></span> <span class='ocrx_word' id='word_1_768' title='bbox 3242 5086 3650 5159; x_wconf 68' lang='lat' dir='ltr'><strong>Ronlzeriusse‘</strong></span> 
     </span>
    </p>
   </div>
   <div class='ocr_carea' id='block_1_109' title="bbox 2132 5177 3644 5274">
    <p class='ocr_par' dir='ltr' id='par_1_109' title="bbox 2132 5177 3644 5274">
     <span class='ocr_line' id='line_1_109' title="bbox 2132 5177 3644 5274; baseline -0.011 -18"><span class='ocrx_word' id='word_1_769' title='bbox 2132 5202 2361 5272; x_wconf 87' lang='lat' dir='ltr'><strong>ptembri</strong></span> <span class='ocrx_word' id='word_1_770' title='bbox 2387 5200 2640 5256; x_wconf 63' lang='lat' dir='ltr'><strong>secundae</strong></span> <span class='ocrx_word' id='word_1_771' title='bbox 2671 5200 3001 5267; x_wconf 87' lang='lat' dir='ltr'><strong>indictionis,</strong></span> <span class='ocrx_word' id='word_1_772' title='bbox 3033 5200 3135 5254; x_wconf 93' lang='lat' dir='ltr'><strong>hoc</strong></span> <span class='ocrx_word' id='word_1_773' title='bbox 3151 5209 3232 5252; x_wconf 88' lang='lat' dir='ltr'><strong>est</strong></span> <span class='ocrx_word' id='word_1_774' title='bbox 3259 5213 3344 5250; x_wconf 91' lang='lat' dir='ltr'><strong>an.</strong></span> <span class='ocrx_word' id='word_1_775' title='bbox 3368 5194 3490 5246; x_wconf 84' lang='lat' dir='ltr'><strong>Chr.</strong></span> <span class='ocrx_word' id='word_1_776' title='bbox 3515 5177 3644 5274; x_wconf 31' lang='lat' dir='ltr'><strong>l3-07f.</strong></span> 
     </span>
    </p>
   </div>
   <div class='ocr_carea' id='block_1_110' title="bbox 2134 5268 3649 5358">
    <p class='ocr_par' dir='ltr' id='par_1_110' title="bbox 2134 5268 3649 5358">
     <span class='ocr_line' id='line_1_110' title="bbox 2134 5268 3649 5358; baseline -0.006 -15"><span class='ocrx_word' id='word_1_777' title='bbox 2134 5268 2188 5343; x_wconf 80' lang='lat' dir='ltr'><strong>in</strong></span> <span class='ocrx_word' id='word_1_778' title='bbox 2220 5290 2406 5343; x_wconf 84' lang='lat' dir='ltr'><strong>urbem</strong></span> <span class='ocrx_word' id='word_1_779' title='bbox 2446 5288 2808 5358; x_wconf 85' lang='lat' dir='ltr'><strong>appulsus,ab</strong></span> <span class='ocrx_word' id='word_1_780' title='bbox 2848 5289 3160 5341; x_wconf 81' lang='lat' dir='ltr'><strong>Andronico</strong></span> <span class='ocrx_word' id='word_1_781' title='bbox 3194 5281 3463 5352; x_wconf 79' lang='lat' dir='ltr'><strong>magniﬁce</strong></span> <span class='ocrx_word' id='word_1_782' title='bbox 3484 5268 3649 5334; x_wconf 64' lang='lat' dir='ltr'><strong>etciPl‘</strong></span> 
     </span>
    </p>
   </div>
   <div class='ocr_carea' id='block_1_111' title="bbox 2136 5369 3644 5448">
    <p class='ocr_par' dir='ltr' id='par_1_111' title="bbox 2136 5369 3644 5448">
     <span class='ocr_line' id='line_1_111' title="bbox 2136 5369 3644 5448; baseline -0.013 -14"><span class='ocrx_word' id='word_1_783' title='bbox 2136 5392 2245 5443; x_wconf 89' lang='lat' dir='ltr'><strong>tur,</strong></span> <span class='ocrx_word' id='word_1_784' title='bbox 2287 5395 2515 5448; x_wconf 86' lang='lat' dir='ltr'><strong>magnus</strong></span> <span class='ocrx_word' id='word_1_785' title='bbox 2550 5381 2656 5434; x_wconf 78' lang='lat' dir='ltr'><strong>dux</strong></span> <span class='ocrx_word' id='word_1_786' title='bbox 2682 5389 2925 5445; x_wconf 79' lang='lat' dir='ltr'><strong>creatur,</strong></span> <span class='ocrx_word' id='word_1_787' title='bbox 2964 5394 3187 5435; x_wconf 80' lang='lat' dir='ltr'><strong>uxorem</strong></span> <span class='ocrx_word' id='word_1_788' title='bbox 3215 5377 3361 5433; x_wconf 91' lang='lat' dir='ltr'><strong>ducit</strong></span> <span class='ocrx_word' id='word_1_789' title='bbox 3398 5369 3644 5437; x_wconf 79' lang='lat' dir='ltr'><strong>imperato-</strong></span> 
     </span>
    </p>
   </div>
   <div class='ocr_carea' id='block_1_112' title="bbox 2134 5459 3642 5547">
    <p class='ocr_par' dir='ltr' id='par_1_112' title="bbox 2134 5459 3642 5547">
     <span class='ocr_line' id='line_1_112' title="bbox 2134 5459 3642 5547; baseline -0.007 -18"><span class='ocrx_word' id='word_1_790' title='bbox 2134 5474 2211 5529; x_wconf 86' lang='lat' dir='ltr'><strong>ris</strong></span> <span class='ocrx_word' id='word_1_791' title='bbox 2240 5481 2474 5542; x_wconf 89' lang='lat' dir='ltr'><strong>neptem,</strong></span> <span class='ocrx_word' id='word_1_792' title='bbox 2496 5470 2751 5541; x_wconf 77' lang='lat' dir='ltr'><strong>Cyzicum</strong></span> <span class='ocrx_word' id='word_1_793' title='bbox 2790 5474 2841 5525; x_wconf 93' lang='lat' dir='ltr'><strong>in</strong></span> <span class='ocrx_word' id='word_1_794' title='bbox 2875 5473 3097 5525; x_wconf 88' lang='lat' dir='ltr'><strong>hiberna</strong></span> <span class='ocrx_word' id='word_1_795' title='bbox 3130 5471 3329 5525; x_wconf 88' lang='lat' dir='ltr'><strong>missus</strong></span> <span class='ocrx_word' id='word_1_796' title='bbox 3356 5466 3403 5519; x_wconf 92' lang='lat' dir='ltr'><strong>in</strong></span> <span class='ocrx_word' id='word_1_797' title='bbox 3440 5459 3642 5547; x_wconf 26' lang='lat' dir='ltr'><strong>(inuti-55&#39;“</strong></span> 
     </span>
    </p>
   </div>
   <div class='ocr_carea' id='block_1_113' title="bbox 2135 5539 3642 5630">
    <p class='ocr_par' dir='ltr' id='par_1_113' title="bbox 2135 5539 3642 5630">
     <span class='ocr_line' id='line_1_113' title="bbox 2135 5539 3642 5630; baseline -0.001 -10"><span class='ocrx_word' id='word_1_798' title='bbox 2135 5539 2364 5620; x_wconf 12' lang='lat' dir='ltr'><strong>abeurbe</strong></span> <span class='ocrx_word' id='word_1_799' title='bbox 2407 5578 2436 5615; x_wconf 90' lang='lat' dir='ltr'><strong>a</strong></span> <span class='ocrx_word' id='word_1_800' title='bbox 2478 5539 2864 5617; x_wconf 78' lang='lat' dir='ltr'><strong>chuensibus</strong></span> <span class='ocrx_word' id='word_1_801' title='bbox 2902 5571 3267 5630; x_wconf 86' lang='lat' dir='ltr'><strong>oppugnatur.</strong></span> <span class='ocrx_word' id='word_1_802' title='bbox 3299 5557 3377 5630; x_wconf 74' lang='grc' dir='ltr'><strong>[Ρ.</strong></span> <span class='ocrx_word' id='word_1_803' title='bbox 3400 5545 3509 5617; x_wconf 79' lang='grc'><strong>580]</strong></span> <span class='ocrx_word' id='word_1_804' title='bbox 3544 5539 3642 5630; x_wconf 43' lang='lat' dir='ltr'><strong>&quot;in?</strong></span> 
     </span>
    </p>
   </div>
   <div class='ocr_carea' id='block_1_114' title="bbox 2136 5626 3639 5719">
    <p class='ocr_par' dir='ltr' id='par_1_114' title="bbox 2136 5626 3639 5719">
     <span class='ocr_line' id='line_1_114' title="bbox 2136 5626 3639 5719; baseline -0.013 -10"><span class='ocrx_word' id='word_1_805' title='bbox 2136 5664 2353 5709; x_wconf 87' lang='lat' dir='ltr'><strong>narrata</strong></span> <span class='ocrx_word' id='word_1_806' title='bbox 2402 5653 2438 5707; x_wconf 92' lang='lat' dir='ltr'><strong>l.</strong></span> <span class='ocrx_word' id='word_1_807' title='bbox 2481 5668 2535 5715; x_wconf 90' lang='lat' dir='ltr'><strong>v,</strong></span> <span class='ocrx_word' id='word_1_808' title='bbox 2592 5668 2643 5708; x_wconf 92' lang='lat' dir='ltr'><strong>c.</strong></span> <span class='ocrx_word' id='word_1_809' title='bbox 2688 5653 2770 5716; x_wconf 80' lang='lat' dir='ltr'><strong>M,</strong></span> <span class='ocrx_word' id='word_1_810' title='bbox 2834 5626 2993 5706; x_wconf 80' lang='lat' dir='ltr'><strong>facile</strong></span> <span class='ocrx_word' id='word_1_811' title='bbox 3047 5626 3317 5719; x_wconf 74' lang='lat' dir='ltr'><strong>reliquum</strong></span> <span class='ocrx_word' id='word_1_812' title='bbox 3367 5641 3480 5698; x_wconf 89' lang='lat' dir='ltr'><strong>anni</strong></span> <span class='ocrx_word' id='word_1_813' title='bbox 3529 5626 3639 5719; x_wconf 42' lang='lat'><strong>159?</strong></span> 
     </span>
    </p>
   </div>
   <div class='ocr_carea' id='block_1_115' title="bbox 2134 5714 3638 5816">
    <p class='ocr_par' dir='ltr' id='par_1_115' title="bbox 2134 5714 3638 5816">
     <span class='ocr_line' id='line_1_115' title="bbox 2134 5714 3638 5816; baseline -0.013 -14"><span class='ocrx_word' id='word_1_814' title='bbox 2134 5746 2484 5816; x_wconf 81' lang='lat' dir='ltr'><strong>expleverint.</strong></span> <span class='ocrx_word' id='word_1_815' title='bbox 2524 5743 2691 5813; x_wconf 82' lang='lat' dir='ltr'><strong>igitur</strong></span> <span class='ocrx_word' id='word_1_816' title='bbox 2730 5714 2873 5798; x_wconf 80' lang='lat' dir='ltr'><strong>circa</strong></span> <span class='ocrx_word' id='word_1_817' title='bbox 2910 5744 3122 5799; x_wconf 90' lang='lat' dir='ltr'><strong>initium</strong></span> <span class='ocrx_word' id='word_1_818' title='bbox 3157 5714 3283 5797; x_wconf 73' lang='lat' dir='ltr'><strong>armi</strong></span> <span class='ocrx_word' id='word_1_819' title='bbox 3321 5714 3638 5795; x_wconf 63' lang='grc' dir='ltr'><strong>(ιω-15111504</strong></span> 
     </span>
    </p>
   </div>
   <div class='ocr_carea' id='block_1_116' title="bbox 2115 5815 3637 5902">
    <p class='ocr_par' dir='ltr' id='par_1_116' title="bbox 2115 5815 3637 5902">
     <span class='ocr_line' id='line_1_116' title="bbox 2115 5815 3637 5902; baseline -0.011 -11"><span class='ocrx_word' id='word_1_820' title='bbox 2115 5815 2345 5902; x_wconf 64' lang='lat' dir='ltr'><strong>excepti</strong></span> <span class='ocrx_word' id='word_1_821' title='bbox 2409 5848 2439 5886; x_wconf 89' lang='lat' dir='ltr'><strong>a</strong></span> <span class='ocrx_word' id='word_1_822' title='bbox 2496 5818 2791 5902; x_wconf 69' lang='lat' dir='ltr'><strong>Cyzicenis</strong></span> <span class='ocrx_word' id='word_1_823' title='bbox 2848 5834 3091 5889; x_wconf 85' lang='lat' dir='ltr'><strong>Catelani</strong></span> <span class='ocrx_word' id='word_1_824' title='bbox 3147 5834 3297 5889; x_wconf 88' lang='lat' dir='ltr'><strong>uberi</strong></span> <span class='ocrx_word' id='word_1_825' title='bbox 3354 5838 3403 5884; x_wconf 91' lang='lat' dir='ltr'><strong>et</strong></span> <span class='ocrx_word' id='word_1_826' title='bbox 3453 5815 3637 5886; x_wconf 66' lang='lat' dir='ltr'><strong>copioso</strong></span> 
     </span>
    </p>
   </div>
   <div class='ocr_carea' id='block_1_117' title="bbox 2137 5915 3632 5997">
    <p class='ocr_par' dir='ltr' id='par_1_117' title="bbox 2137 5915 3632 5997">
     <span class='ocr_line' id='line_1_117' title="bbox 2137 5915 3632 5997; baseline -0.014 -15"><span class='ocrx_word' id='word_1_827' title='bbox 2137 5926 2396 5997; x_wconf 88' lang='lat' dir='ltr'><strong>hospitio,</strong></span> <span class='ocrx_word' id='word_1_828' title='bbox 2438 5925 2571 5980; x_wconf 87' lang='lat' dir='ltr'><strong>nihil</strong></span> <span class='ocrx_word' id='word_1_829' title='bbox 2618 5925 2796 5981; x_wconf 90' lang='lat' dir='ltr'><strong>minus</strong></span> <span class='ocrx_word' id='word_1_830' title='bbox 2822 5925 3122 5995; x_wconf 81' lang='lat' dir='ltr'><strong>cogitarunt</strong></span> <span class='ocrx_word' id='word_1_831' title='bbox 3152 5938 3311 5995; x_wconf 84' lang='lat' dir='ltr'><strong>quam</strong></span> <span class='ocrx_word' id='word_1_832' title='bbox 3341 5918 3474 5989; x_wconf 88' lang='lat' dir='ltr'><strong>cujus</strong></span> <span class='ocrx_word' id='word_1_833' title='bbox 3504 5915 3632 5963; x_wconf 75' lang='lat' dir='ltr'><strong>causa</strong></span> 
     </span>
    </p>
   </div>
  </div>
