3880 6602
212 517 316 578 857

1517 523 2180 587 CIIRONOLOGICUS.

3375 520 3482 587 858

217 633 362 688 missi
391 641 585 700 erant,
616 632 813 692 Persas
844 635 1199 694 ulterioribus
1242 638 1454 708 imperii
1499 633 1800 709 provinciis
1830 644 1872 697 A
1908 638 2106 694 frustra
2142 653 2238 706 per
2269 638 2470 694 missos
2495 648 2547 692 et
2574 636 2789 692 litteras
2826 643 3085 704 expertus
3139 633 3351 689 duobus
3387 635 3497 705 pri-

216 723 444 778 infcstos
477 738 850 795 oppugnatum
887 728 988 783 ire.
1019 729 1204 797 Itaque
1231 731 1593 800 perstiterunt
1627 748 1659 784 a
1693 747 1809 785 vere

214 804 321 868 illic
346 818 416 868 ad
448 816 762 885 Arcturum,
787 829 848 876 ut
868 821 1057 877 scribit
1076 822 1456 894 Pachymeres,
1500 826 1603 879 hoc
1631 833 1713 880 est
1740 828 1808 880 ab

212 907 380 975 Aprili
424 910 495 962 ad
536 910 938 978 Septembrem,
964 929 1071 982 quo
1102 932 1291 972 mense
1335 918 1513 971 oritur
1536 917 1801 971 Arcturus

215 998 365 1054 stella
424 1002 676 1054 undecim
724 1003 908 1059 diebus
945 1017 1066 1061 ante
1117 1008 1491 1077 aequinoctium
1536 1010 1802 1063 autumni.

214 1092 382 1146 Verba
419 1106 558 1146 sunt
591 1092 753 1149 Plinii
811 1097 849 1151 Ι.
878 1114 939 1163 ιι,
981 1112 1030 1154 c.
1081 1100 1171 1156 47.
1205 1099 1274 1155 lis
1312 1101 1493 1155 verbis
1529 1100 1806 1170 significat

214 1182 512 1240 historicus
543 1190 858 1246 universam
888 1207 982 1247 eos
1021 1203 1402 1262 tempestatem
1424 1206 1605 1267 aptam
1642 1213 1801 1266 expe-

142 1283 151 1288 '
214 1275 519 1331 ditionihus
550 1279 603 1332 in
652 1284 865 1338 stativis
904 1287 1336 1354 consumpsisse,
1370 1303 1475 1342 non
1524 1296 1630 1342 tam
1657 1289 1804 1344 desi~

216 1367 409 1430 dendo,
455 1376 609 1432 (ιιιοά
646 1377 819 1440 ipsum
851 1388 995 1432 esset
1026 1378 1377 1449 ﬂagitiosum,
1406 1396 1566 1449 quam
1597 1381 1805 1448 deprae-
1830 1370 1837 1389 ’

218 1463 565 1529 ιιιιιίοιιίιιιιε,
594 1465 974 1535 ebrietatibus,
1014 1472 1438 1539 extorsionibus,
1475 1471 1678 1540 stupris
1750 1480 1805 1527 et

220 1555 361 1608 nullo
404 1571 521 1609 non
567 1558 886 1625 iniuriarum
942 1564 1173 1618 maxime
1233 1564 1654 1619 iutolerabilium
1712 1580 1806 1633 ge-

214 1662 339 1701 nere
385 1646 738 1705 miserrimos
815 1653 1057 1721 hospites
1097 1657 1364 1712 vexando.
1422 1656 1552 1722 Qme
1597 1659 1801 1713 scelera

218 1752 317 1791 non
349 1737 545 1794 ferens
579 1740 863 1797 Pharenda
888 1745 1124 1809 Tzimes,
1157 1762 1299 1803 unus
1340 1763 1370 1803 e
1408 1747 1619 1804 Latinis
1652 1751 1822 1809 duci-.

219 1832 330 1895 lius,
368 1846 503 1900 pars
544 1834 753 1887 militia}
784 1835 960 1895 istius,
1001 1838 1096 1892 sed
1131 1855 1237 1892 non
1263 1839 1537 1906 subjectus
1570 1840 1805 1898 Routze—

216 1922 312 1987 rio,
352 1933 409 1974 at
438 1924 552 1977 sibi
586 1929 806 1994 proprie
840 1940 1156 1986 auctoratos
1187 1934 1387 1989 milites
1420 1935 1668 2000 ductans,
1697 1951 1801 1990 una

218 2027 331 2066 cum
369 2014 437 2069 iis
464 2019 704 2071 recessit
739 2021 970 2085 patriam
1007 2031 1279 2091 repetens,
1317 2036 1372 2078 ut
1407 2027 1565 2080 tradit
1596 2026 1804 2096 Pachy-

217 2118 389 2160 meres
430 2106 469 2159 l.
520 2123 572 2172 ν,
633 2110 813 2166 c.14.
857 2111 930 2165 Ea
976 2124 1169 2170 aestate
1219 2132 1315 2184 per
1377 2127 1547 2171 totam
1603 2120 1803 2186 passim

220 2194 552 2254 Orientalem
593 2201 809 2271 imperii
871 2206 1136 2260 ditionem
1202 2207 1567 2265 licentissime
1626 2211 1806 2269 Persae

219 2288 432 2344 barbari
503 2294 751 2362 agebant
799 2296 1153 2367 ferebantque
1216 2312 1451 2367 cuncta;
1490 2305 1632 2372 quod
1688 2306 1807 2361 fuse

221 2379 552 2435 describitur
601 2399 632 2437 a
676 2396 863 2442 nostro
915 2389 952 2443 Ι.
988 2405 1039 2454 ν,
1074 2406 1121 2444 c.
1178 2392 1272 2447 21.
1309 2392 1489 2458 Quare
1528 2396 1807 2452 sollicitati

224 2470 603 2540 llontzeriani,
668 2488 726 2533 ut
781 2484 1063 2550 suppetias
1114 2488 1391 2553 oppressis
1432 2500 1806 2558 accurrercnt,

221 2577 336 2615 cum
373 2565 443 2619 ab
472 2565 605 2621 aliis
639 2577 751 2622 tum
807 2585 836 2624 a
886 2572 1095 2629 Maruie
1135 2576 1488 2645 imperatorio
1518 2579 1672 2645 duce,
1713 2583 1803 2651 qui

221 2669 337 2717 cum
365 2657 653 2725 aliquibus
705 2661 964 2720 Romanis
1004 2667 1177 2736 copiis
1214 2668 1481 2723 admistus
1533 2670 1807 2729 Catelanis

222 2744 395 2816 Cyzici
429 2750 692 2818 degebat,
726 2756 890 2808 variis
941 2771 1158 2826 semper
1220 2762 1573 2826 prmtextibus
1620 2763 1806 2832 profe-

223 2841 448 2894 ctionem
482 2843 840 2901 diﬂ'erebant.
868 2846 1077 2902 Etcum
1104 2851 1219 2919 ipse
1253 2849 1494 2907 Marules
1521 2869 1641 2908 cum
1666 2857 1804 2919 suis,

225 2927 415 2985 frustra
455 2935 697 2990 invitato
735 2938 1050 3005 Rontzerio,
1102 2944 1365 2998 adversus
1423 2955 1711 3013 provectos
1753 2950 1803 3001 in

225 3025 468 3081 viciniam
500 3029 698 3085 hostes
724 3048 945 3086 movens
967 3049 1224 3105 prospere
1258 3050 1580 3106 pugnasset,
1625 3042 1802 3109 praeda

228 3131 376 3184 quam
430 3122 499 3176 de
558 3121 747 3179 Persis
808 3125 923 3194 ipse
950 3135 1006 3181 et
1037 3129 1153 3196 ejus
1197 3130 1397 3183 milites
1433 3131 1686 3196 tulerant,
1720 3149 1805 3187 re-

227 3210 398 3266 deunti
434 3227 464 3265 a
511 3214 796 3272 Calelauis
830 3226 912 3270 est
975 3228 1210 3273 extorta.
1280 3219 1414 3274 Cum
1447 3232 1664 3288 propter
1688 3223 1803 3279 hcce

1916 733 2018 786 mis
2062 733 2340 788 mensibus
2398 732 2609 788 emoliri
2665 731 2861 803 Cyzico
2899 729 3279 795 Rontzerium,
3306 742 3493 783 mense

1915 824 2075 880 tertio
2104 841 2318 881 socrum
2366 824 2483 896 ejus
2512 824 2725 887 lrenen,
2759 823 2955 879 Asanis
2980 823 3220 884 viduam,
3244 835 3492 875 sororem

1913 932 2089 979 suam,
2115 917 2180 970 ad
2213 932 2334 970 eum
2365 916 2614 987 allegavit
2637 930 2777 971 nave
2803 915 2991 979 celeri,
3017 915 3158 982 quod
3183 912 3385 966 factum
3414 911 3493 964 ait

1910 1009 2270 1080 Pacbymeres
2325 1023 2379 1077 p.
2415 1008 2542 1071 421,
2583 1020 2749 1073 σωρια
2770 1008 2887 1077 jam
2924 1003 3254 1058 hebdomada
3284 1020 3492 1074 majore

1911 1101 2006 1155 sub
2035 1100 2194 1168 ﬁnem
2226 1098 2434 1165 Martii,
2482 1099 2583 1167 τῆς
2621 1097 2864 1168 μεγάλης
2914 1095 3213 1165 ἑϐδομάδος
3245 1094 3494 1148 καταλα-

1911 1182 2134 1261 (Setiam,
2166 1192 2403 1262 Κρονίου
2434 1192 2601 1262 μηνὸς
2631 1192 2916 1262 λήγοντος.
2955 1188 3080 1243 Haec
3111 1189 3488 1243 characterem
3540 1246 3547 1255 ν

1909 1290 2119 1336 certum
2152 1282 2350 1336 habent
2388 1283 2545 1352 hujus
2574 1284 2697 1335 anni
2730 1282 2930 1336 Christi
2960 1280 3121 1341 1506,
3149 1296 3255 1347 quo
3282 1278 3488 1333 Pascha

1910 1374 2101 1429 incidit
2143 1376 2191 1428 in
2230 1373 2372 1428 diem
2406 1376 2440 1428 5
2486 1374 2716 1441 Aprilis;
2753 1388 2851 1426 uec
2886 1373 3182 1426 coovcnire
3218 1368 3492 1435 superiori

1907 1477 2155 1535 possunt,
2209 1467 2301 1535 qui
2355 1464 2558 1520 Pascha
2617 1465 2803 1519 habuit
2863 1465 2952 1518 die
3012 1463 3214 1531 Aprilis
3273 1462 3487 1516 decima

1907 1569 2122 1628 quarta,
2157 1560 2297 1612 unde
2350 1558 2476 1612 linis
2542 1557 2719 1611 Martii
2785 1555 3178 1611 hebdomadam
3224 1554 3488 1623 majorem

1906 1651 2153 1719 nequivit
2185 1651 2474 1719 attingere.
2524 1649 2666 1704 Nihil
2720 1638 2907 1703 omisit
2957 1649 3088 1702 artis
3116 1648 3492 1703 etindustriaa

1907 1741 2063 1795 Irene
2098 1743 2163 1796 ad
2198 1743 2634 1811 persuadendum
2674 1741 2967 1795 lionlzcrio
2996 1748 3052 1792 ut
3078 1748 3267 1794 contra
3295 1736 3492 1791 Persas

1909 1836 2176 1889 tenderet.
2235 1833 2340 1887 Sed
2403 1833 2646 1888 Catelani
2705 1842 2997 1901 prmtextus
3031 1831 3343 1899 quaerebant
3378 1829 3491 1882 ha:-

1908 1924 2059 1978 rendi
2096 1926 2216 1978 loco
2248 1925 2349 1978 sibi
2384 1936 2572 1994 grato;
2609 1924 2941 1991 interimque
2986 1922 3378 1992 superbissime
3407 1920 3494 1973 in-

1914 2018 2177 2071 sultantes
2209 2016 2416 2080 Alanis,
2448 2016 2499 2068 in
2534 2015 2681 2085 ipsos
2713 2031 2807 2086 per
2834 2015 3010 2085 iurgia
3047 2015 3307 2075 minatos,
3334 2027 3491 2083 gras-

1910 2112 2124 2162 satione
2148 2122 2419 2163 nocturna
2472 2108 2726 2175 irruunt‘;
2780 2110 2922 2162 unde
2974 2107 3146 2161 atroci
3195 2105 3488 2159 commissa

1910 2216 2089 2268 pugna
2126 2200 2421 2255 vincuntur
2454 2199 2633 2266 Alani,
2669 2199 2780 2253 filio
2812 2199 2964 2254 ducis
2996 2200 3241 2268 ipsorum
3289 2195 3489 2267 Georgi

1907 2294 2113 2350 occiso.
2155 2291 2261 2348 Sed
2308 2293 2593 2364 postridie.
2622 2308 2742 2362 qua!
2779 2292 2884 2346 fuit
2935 2293 3051 2347 dies
3085 2290 3291 2359 Aprilis
3326 2305 3490 2348 nona,

1908 2386 2148 2440 vicissim
2183 2385 2530 2455 insurgentes
2574 2385 2726 2439 Alani
2760 2383 2978 2438 circiter
3018 2389 3292 2437 trecentos
3322 2395 3351 2435 c
3382 2380 3489 2435 Ca-

1910 2477 2104 2532 telanis
2171 2487 2539 2546 peremerunt.
2608 2475 2845 2537 Placatis
2936 2483 3215 2544 utcunque
3284 2472 3490 2535 Alanis,

1909 2569 2015 2642 [Ρ.
2057 2568 2205 2643 581]
2267 2586 2457 2625 mense
2515 2571 2730 2624 tandem
2784 2569 2928 2624 Maio
2972 2570 3265 2638 procedere
3324 2568 3493 2635 cmpit

1909 2662 2307 2717 Routzeriauus
2334 2663 2605 2717 exercitus
2627 2680 2656 2718 e
2680 2662 2960 2724 Romanis,
2980 2662 3280 2725 Catelanis,
3302 2659 3492 2713 Alanis

1908 2762 2191 2808 constans.
2241 2753 2366 2809 Haec
2418 2769 2484 2808 ex
2536 2754 2874 2825 Pachymerc
2921 2762 3175 2809 constant
3227 2752 3263 2806 Ι.
3321 2767 3397 2816 tv,
3435 2767 3487 2806 c.

1907 2844 1970 2899 2|
1997 2862 2013 2913 ;
2045 2862 2095 2901 c.
2134 2862 2262 2900 vero
2298 2847 2371 2900 25
2418 2846 2562 2901 idem
2623 2855 2889 2902 memorat
2938 2846 3165 2899 solutam
3207 2843 3486 2896 Rontzerii

1909 2938 2144 2989 adventu
2204 2935 2588 3006 Philadelphiae
2647 2938 3010 3001 obsidionem,
3070 2938 3365 2992 commisso
3417 2936 3485 2991 al

1906 3026 2167 3081 Aulacem
2200 3027 2409 3097 praelia,
2438 3044 2503 3082 ex
2547 3044 2656 3098 quo
2704 3029 3021 3084 vulneratus
3056 3031 3162 3084 dux
3195 3029 3484 3083 Persarum

1908 3127 1962 3172 et
1991 3120 2387 3174 Carmanorum
2444 3120 2689 3190 Alisyras
2740 3131 2950 3174 matura
2989 3120 3097 3176 sibi
3131 3122 3253 3191 fuga
3284 3136 3489 3176 consu-

1908 3210 2028 3275 luit,
2060 3211 2268 3265 Amurii
2307 3227 2531 3266 suarum
2568 3216 2801 3280 partium
2853 3214 3006 3269 ducis
3038 3216 3238 3268 castris
3270 3231 3328 3269 se
3380 3215 3482 3269 ad-

228 3312 273 3355 et
305 3304 469 3357 multa
507 3306 641 3360 talia
672 3308 727 3360 in
778 3308 898 3362 aula
954 3313 1204 3366 nuntiata
1239 3317 1387 3384 gravi
1452 3316 1800 3370 Rontzeriani

1909 3316 2151 3356 movens.
2183 3301 2260 3355 Ex
2295 3305 2395 3357 hoc
2430 3320 2687 3359 successu
2728 3306 2832 3358 late
2864 3305 3104 3376 inclytus
3156 3305 3486 3360 Rontzerius
3528 3366 3535 3373 _

228 3391 433 3449 infamia
463 3399 615 3466 apud
655 3398 1035 3475 imperatorem
1066 3405 1396 3469 laborarent,
1434 3406 1712 3477 profectus
1749 3408 1802 3462 in

231 3484 408 3540 urbem
439 3490 546 3544 sub
583 3491 711 3543 anui
770 3491 953 3557 finem,
994 3500 1053 3548 ut
1084 3496 1320 3563 videtur,
1356 3498 1683 3555 Rontzerius
1726 3501 1807 3553 l'a-

235 3574 329 3630 cile
351 3581 533 3634 ornnia
567 3582 792 3636 credulo
824 3593 877 3637 et
915 3585 1017 3640 sibi
1047 3587 1264 3643 addicto
1315 3591 1626 3646 Andronico
1673 3608 1807 3661 pur-

233 3667 408 3735 gavit;
436 3671 816 3741 grandemque
842 3674 912 3727 ab
945 3690 1009 3730 eo
1043 3679 1332 3746 pecuniam
1374 3683 1584 3750 accepit
1626 3684 1676 3738 in
1712 3685 1810 3739 sti-

236 3760 440 3826 pendia,
471 3772 531 3815 ut
568 3763 773 3829 aiebat,
809 3764 1131 3829 Alanorum,
1171 3784 1306 3839 quos
1351 3773 1515 3827 etiam
1546 3775 1808 3830 admisms

236 3850 341 3905 suis
383 3852 570 3924 Cyzici
632 3855 892 3923 habebat,
948 3863 1395 3930 expendendam;
1442 3874 1497 3919 et
1543 3869 1807 3936 promissa

238 3941 462 4013 ingentis
496 3949 729 4005 alterius
762 3966 990 4008 summa:
1030 3970 1096 4010 ex
1131 3956 1419 4013 collatione
1476 3961 1802 4014 tributorum

239 4034 366 4092 intra
394 4043 873 4111 quadragesimum
911 4046 1035 4101 inde
1073 4048 1213 4101 diem
1240 4052 1608 4116 numeranda},
1641 4054 1802 4123 801

241 4137 388 4192 prout
420 4145 484 4185 ex
530 4133 639 4186 fide
668 4133 865 4189 factum
897 4144 1000 4191 est.
1031 4135 1231 4205 Sicque
1269 4153 1497 4196 onustus
1536 4143 1809 4198 thesauris

242 4215 556 4279 Bontzerius
596 4225 661 4278 ad
706 4241 837 4280 suos
886 4229 1047 4282 rediit
1085 4229 1231 4285 circa
1271 4231 1485 4287 initium
1532 4236 1676 4290 veris
1715 4250 1806 4290 an.

246 4306 390 4377 1305,
419 4325 476 4368 ιιι
507 4324 755 4384 apparet,
789 4333 913 4372 mox
942 4319 1213 4387 videlicet,
1252 4323 1328 4376 uti
1358 4325 1612 4392 sperabat
1640 4328 1811 4396 impe-

245 4411 399 4468 rator,
432 4421 530 4463 eos
571 4417 761 4462 contra
796 4407 996 4466 Persas
1026 4414 1310 4470 ducturus.
1347 4413 1547 4471 Verum
1591 4418 1808 4474 interim

249 4508 343 4548 non
380 4500 534 4566 pauci
584 4514 614 4553 e
645 4500 945 4569 Catelauis,
981 4514 1270 4559 convasata
1311 4508 1366 4562 in
1416 4524 1581 4562 naves
1629 4513 1808 4580 praeda

248 4597 395 4651 quam
426 4590 608 4662 Cyzici
653 4603 708 4648 et
759 4595 892 4649 locis
918 4596 1321 4653 circumvicinis
1363 4600 1637 4658 Romanos
1679 4605 1814 4658 diri-

1908 3394 2234 3448 avarissime
2266 3398 2524 3464 pecunias
2561 3414 2590 3451 a
2626 3397 2884 3469 Romanis
2934 3411 3249 3469 extorquet,
3274 3400 3309 3454 l.
3341 3414 3395 3461 v,
3429 3414 3484 3452 ε.

1905 3485 1996 3548 26,
2040 3497 2244 3554 partem
2296 3489 2494 3557 praedae
2543 3491 2819 3557 deponens
2871 3492 3011 3561 apud
3046 3494 3204 3545 fidam
3241 3493 3366 3555 sibi,
3423 3502 3484 3545 ut

1905 3579 2153 3648 putabat,
2178 3578 2536 3649 Magnesiam,
2557 3583 2714 3652 cujus
2737 3593 3124 3653 occupatorem
3156 3586 3485 3640 Attaleotam
3554 3632 3563 3639 .

1908 3670 2222 3739 imperatori
2283 3674 2754 3729 reconciliavcrat.
2786 3674 2892 3729 Sed
2947 3677 3045 3730 hoc
3079 3679 3198 3746 ipso
3254 3689 3486 3732 auctore

1908 3759 2313 3831 Maguesienses
2347 3765 2399 3818 iu
2443 3766 2790 3820 lioutzcrium
2849 3767 3133 3832 rebellant,
3182 3777 3237 3822 et
3289 3770 3356 3823 ab
3419 3787 3487 3820 ut

1911 3854 2037 3905 totis
2082 3842 2290 3908 viribus
2339 3857 2701 3925 nequidquam
2751 3870 3159 3929 oppugnantur.
3216 3860 3375 3915 Alani
3417 3878 3521 3931 ex.

1909 3950 2027 4019 ejus
2054 3951 2252 4006 castris
2300 3951 2538 4021 fugiunt,
2579 3952 2618 4005 I.
2652 3968 2703 4017 v,
2738 3969 2786 4007 c.
2844 3954 2935 4010 51.
2967 3955 3312 4009 Andronicus
3349 3956 3492 4010 mul-

1911 4041 1978 4096 tis
2014 4041 2199 4094 missis
2253 4051 2308 4095 et
2343 4041 2540 4095 litteris
2587 4041 2792 4095 frustra
2849 4044 2939 4095 diu
2976 4054 3208 4098 conatus
3244 4043 3484 4098 Rontze-

1912 4133 2051 4187 rium
2111 4149 2138 4186 a
2203 4132 2490 4201 Magnesiae
2544 4134 2955 4205 Oppugnatione
3003 4136 3168 4206 802
3231 4136 3491 4197 avellere,

1913 4225 2131 4279 tandem
2183 4225 2230 4279 ei
2272 4226 2562 4294 persuadet
2612 4227 2896 4296 trajectum
2951 4228 3005 4281 iu
3047 4228 3345 4283 Occiduum
3378 4238 3493 4281 tra-

1910 4329 2078 4381 ctum,
2109 4328 2169 4372 ut
2194 4318 2267 4374 ibi
2296 4322 2484 4388 copias
2518 4335 2640 4374 cum
2669 4322 2821 4390 prius
2849 4334 2915 4376 eo
2946 4322 3192 4387 profecto
3218 4319 3489 4375 Michaele

1910 4412 2155 4481 Augusto
2184 4410 2407 4466 Juniore
2430 4416 2809 4482 coniungeret.
2848 4412 2985 4482 Ergo
3021 4414 3112 4468 ille
3133 4415 3351 4468 cunctis
3381 4411 3491 4467 lio-

1914 4504 2092 4557 mauis
2150 4504 2464 4573 regionibus
2496 4518 2711 4572 quaqua
2755 4505 2975 4558 transiit
3025 4505 3268 4567 vastatis,
3301 4504 3490 4572 copias

1913 4593 2149 4661 denique
2179 4594 2414 4647 traducit
2445 4594 2639 4663 partim
2670 4593 2924 4664 Mitylene
2956 4598 3151 4662 partim
3185 4591 3487 4662 Lampsaco
3564 4610 3593 4629 κ

252 4675 432 4739 viendo
469 4696 842 4751 corraserant,
895 4687 1085 4742 domos
1134 4691 1379 4759 proprias
1419 4691 1625 4759 injussu
1665 4709 1812 4765 rape.
1845 4675 1887 4728 Ι)
1915 4683 2187 4754 Madytum
2221 4685 2358 4740 etin
2403 4684 2505 4737 alia
2551 4685 2880 4739 continentis
2925 4684 3178 4739 Occidum
3226 4685 3365 4750 loca,
3395 4685 3484 4739 ubi

250 4768 452 4826 tierunt.
486 4771 615 4828 lude
663 4784 849 4830 secuta
886 4778 1283 4847 stipendiorum
1327 4796 1422 4850 per
1452 4782 1806 4841 Rontzerium

256 4857 420 4930 iniqua
450 4867 643 4921 divisio
681 4876 786 4934 est,
818 4868 964 4923 Italis
1010 4871 1156 4942 large
1189 4873 1426 4938 donatis,
1455 4876 1645 4930 Alanis
1697 4894 1813 4931 ma-

255 4950 384 5020 ligne
415 4960 652 5027 aspersis
697 4961 1043 5028 imperatoria
1078 4966 1332 5033 pecunia.
1375 4965 1512 5023 lliuc
1536 4970 1676 5023 inter
1712 4970 1810 5025 hos

257 5052 306 5097 et
329 5048 441 5104 illos
476 5062 610 5107 ortae
643 5053 947 5110 simultates
986 5056 1076 5111 diu
1122 5060 1523 5126 suSpicionibus
1562 5064 1811 5131 odiisque

262 5136 482 5209 rixisque
519 5145 661 5200 inter
684 5147 830 5214 ipsos
866 5150 1068 5203 mutuis
1093 5154 1349 5206 exercitae
1381 5162 1526 5208 sunt.
1558 5151 1662 5207 Per
1696 5156 1810 5210 haac

260 5223 530 5290 detrectata
562 5238 727 5293 variis
760 5239 1096 5295 elusionibus
1146 5242 1197 5296 in
1232 5243 1390 5309 hujus
1432 5260 1650 5315 quoque
1678 5247 1807 5301 anui

261 5330 479 5379 astatem
511 5330 781 5393 expeditio
812 5332 862 5385 in
915 5331 1112 5389 Persas
1156 5343 1261 5400 est,
1288 5334 1564 5392 Catelauis
1610 5339 1806 5392 stativa

263 5420 517 5499 commoda
534 5421 842 5489 relinquere
858 5424 1186 5489 nolentibus,
1221 5432 1566 5495 quantumvis
1583 5442 1809 5499 urgente

264 5494 598 5570 imperatore;
637 5524 793 5578 quem
821 5513 1058 5568 maxime
1099 5494 1379 5583 premebat
1405 5518 1642 5573 obsideri
1698 5535 1811 5575 NB-

266 5586 367 5674 plé.
410 5592 626 5667 Alisyraz
660 5598 839 5654 Persa:
897 5612 1133 5673 satrapae
1179 5606 1374 5662 validis
1406 5608 1599 5674 capiis,
1627 5608 1808 5664 Phila-

268 5672 486 5753 delphia;
545 5690 690 5758 quod
747 5694 849 5748 sub
898 5672 1215 5750 autumnum
1247 5672 1526 5754 'an.1305
1556 5672 1807 5761 evenisse

270 5770 582 5834 crediderim.
1426 5791 1433 5797 '

272 5943 283 5954 .
329 5857 424 5917 VII.
454 5865 571 5926 lniit
618 5887 794 5928 annus
824 5876 1029 5933 Christi
1082 5878 1240 5943 I506,
1279 5881 1499 5948 quando
1542 5882 1805 5937 sollicitus

274 5959 534 6019 “"lleramr
557 5980 657 6035 pro
678 5968 1043 6040 Philadelphia
1060 5972 1170 6043 jam
1203 5974 1313 6029 acri
1335 5972 1475 6027 fame
1498 5974 1798 6040 laborante,

1914 4775 2193 4841 Roinauos
2216 4772 2489 4831 hostiliter
2513 4777 2756 4831 Catelaui
2785 4778 3077 4847 depraedati
3105 4790 3255 4835 sunt.
3291 4780 3487 4835 Narrat

1913 4869 2025 4922 htec
2058 4868 2423 4939 Pachymeres
2470 4868 2508 4923 Ι.
2537 4884 2610 4932 vt,
2653 4884 2701 4923 c.
2733 4870 2787 4936 5,
2831 4885 2952 4938 qua:
2982 4871 3098 4925 sine
3122 4871 3284 4926 dubio
3315 4873 3488 4940 perti-

1913 4973 2041 5016 nent
2072 4961 2136 5014 ad
2171 4960 2463 5016 Octobrem
2496 4971 2588 5016 aut
2622 4961 2981 5017 Novetnbretu
3005 4963 3131 5017 anni
3155 4964 3286 5022 Chr.
3323 4963 3484 5027 1⁸506,

1911 5057 2129 5123 quando
2166 5058 2399 5108 nondum
2428 5056 2769 5109 Andronicus
2807 5055 2897 5117 24,
2956 5056 3184 5118 Michael
3219 5058 3286 5111 15
3315 5059 3490 5126 impe-‘

1882 5146 1979 5198 -rii
2022 5161 2221 5199 annum
2259 5147 2628 5215 expleverant.
2671 5147 2821 5202 Unde
2875 5149 3123 5203 ultimmn
3169 5150 3223 5203 id
3270 5160 3483 5219 tempus

1911 5245 1994 5291 est
2020 5253 2128 5307 quo
2163 5244 2347 5291 verum
2384 5254 2506 5294 esse
2535 5244 2707 5308 potuit
2739 5240 2867 5294 illud
2901 5240 3046 5311 quod
3076 5242 3264 5297 scribit
3294 5255 3485 5296 noster

1912 5329 1965 5383 iu
2000 5328 2177 5383 fronte
2201 5330 2321 5385 libri
2352 5334 2567 5401 septimi
2594 5351 2608 5388 :
2638 5335 2898 5388 Ambobus
2912 5336 3031 5404 jam
3054 5338 3479 5402 imperatoribus,

1910 5424 2106 5478 seniori
2133 5425 2345 5493 quidem
2378 5425 2585 5479 tertium
2641 5438 2688 5480 et
2721 5428 3044 5490 vicesimum,
3065 5430 3276 5498 juniori
3301 5442 3476 5481 autem

1909 5515 2271 5570 duodecimum
2294 5534 2490 5571 annum
2510 5519 2717 5586 imperii
2743 5521 2907 5573 evolvi
2930 5521 3171 5590 contigit.
3204 5519 3480 5589 Progressi

1908 5606 2053 5659 enim
2095 5613 2319 5674 uterque
2368 5607 2595 5661 multum
2651 5620 2810 5663 erant
2848 5609 2900 5663 in
2936 5625 3080 5663 anno
3138 5610 3224 5662 ille
3267 5610 3361 5673 24,
3395 5610 3481 5663 hic

1908 5696 1996 5760 15,
2060 5678 2155 5752 sed
2209 5707 2397 5753 neuter
2431 5701 2581 5754 illum
2636 5702 2981 5775 absolyerat:
3020 5701 3278 5756 desinunt
3333 5704 3480 5756 enim

1909 5791 2036 5845 anni
2063 5806 2216 5860 :cque
2247 5793 2529 5847 amborum
2571 5806 2819 5848 extremo
2858 5794 3163 5847 Decembri.
3189 5792 3330 5849 Usus
3350 5812 3483 5865 ergo

1912 5883 2233 5952 repetitione
2260 5886 2495 5953 quadam
2529 5896 2615 5940 est
2643 5889 2768 5939 dum
2802 5886 2904 5939 ista
2931 5887 3148 5953 scripsit
3178 5886 3476 5959 Pachyme-

1910 5991 2017 6041 res,
2048 5987 2101 6033 et
2132 5989 2278 6034 retro
2313 5994 2376 6033 ex
2413 5993 2475 6033 ea
2526 5993 2686 6048 quam
2732 5988 2846 6032 tum
2898 5980 3166 6036 tractabat
3212 5982 3475 6037 memoria
