3880 6544
459 469 570 533 859

1339 486 1403 548 Ρ.
1446 486 1752 552 POSSINI
1793 493 2451 562 oassnvmouun
2509 455 2659 570 LlB.
2688 507 2809 568 III.
3571 520 3661 585 860

462 580 681 689 iesilii‘t‘,
711 583 1000 689 insignire,
1029 597 1087 645 ut
1118 592 1327 662 opinor,
1361 596 1547 673 volens
1593 615 1779 655 verum
1814 603 2025 658 initium
2058 612 2103 668 Α
2131 611 2201 665 26
2234 611 2432 680 Martii,
2472 612 2766 669 Sibbatnm
2828 613 3013 674 Lazari
3057 621 3358 689 pridianam
3406 580 3664 688 Dominicai

458 669 591 728 belli
623 676 937 749 Catelaniei.
970 683 1113 751 quod
1154 685 1199 739 si
1253 687 1372 755 quis
1404 669 1552 746 recte
1580 694 1907 760 consideret,
1955 711 2022 750 ex

457 766 562 821 hoc
598 776 841 836 tempere
890 774 1176 840 processit.
1229 776 1343 834 Etsi
1374 782 1516 835 enim
1585 785 1760 839 adhuc
1789 787 2026 842 Rnntze-

458 861 574 912 rius
607 868 660 914 et
692 861 811 930 ejus
842 865 1043 921 milites
1081 882 1141 922 se
1186 871 1573 941 stipendiarios
1621 876 1832 945 imperii
1879 880 2024 934 lere-

458 947 606 1014 bant,
636 957 815 1005 tamen
861 969 968 1009 non
1012 958 1172 1013 dubie
1218 971 1459 1030 apertam
1493 964 1850 1022 defectionem
1903 985 2023 1025 ma-

456 1040 838 1108 chinabantur,
874 1046 1031 1120 cujus
1068 1060 1216 1105 certa
1253 1054 1443 1109 indicia
1469 1056 1789 1114 Genuenses
1822 1063 2023 1131 degen-

458 1141 539 1185 tes
565 1132 769 1189 Galate:
818 1139 1132 1197 Andronico
1167 1144 1497 1210 detulerunt,
1554 1160 1612 1204 ut
1651 1163 1833 1206 noster
1858 1155 2023 1208 refert

454 1221 492 1279 i.
526 1240 596 1291 Vl,
628 1242 678 1280 c.
715 1228 747 1281 6
778 1240 831 1282 et
862 1230 934 1299 9;
964 1242 1016 1287 et
1049 1251 1182 1292 sane
1214 1253 1300 1294 res
1337 1241 1388 1295 id
1443 1242 1570 1309 ipsae
1619 1244 2018 1313 loquebantur:

455 1330 580 1370 nam
619 1334 683 1373 ex
723 1321 824 1377 hoc
865 1329 1166 1393 praesertim
1209 1339 1451 1401 tempore
1490 1335 1695 1391 relictae
1739 1354 2020 1411 oppugna-

456 1408 618 1463 tionis
657 1412 944 1493 Magnesiae
982 1420 1112 1473 nihil
1157 1424 1335 1480 minus
1377 1430 1732 1482 contumaciae
1764 1408 1823 1485 in
1850 1408 2021 1501 impe-

452 1507 709 1565 ratorem,
751 1507 969 1562 saevitia:
1000 1509 1052 1563 in
1083 1509 1358 1568 Romanos
1386 1531 1576 1572 omnes
1599 1517 1843 1575 Catelani
1872 1537 2019 1576 mon-

452 1599 697 1645 strarunt
727 1611 889 1664 quam
929 1600 1031 1667 ipsi
1057 1602 1240 1657 hostes
1276 1606 1451 1662 Persae
1474 1611 1715 1667 barbari.
1741 1616 1816 1668 Ac
1848 1629 2020 1682 quan-

451 1694 613 1747 quam
656 1700 751 1739 eos
807 1690 1147 1748 Andronicus
1194 1706 1431 1753 tractare
1497 1700 1674 1757 adhuc
1728 1713 1783 1757 ut
1838 1706 2018 1760 socios

453 1778 726 1843 pergebat,
753 1779 949 1847 ignavo
973 1788 1299 1843 constrictus
1330 1801 1493 1855 metu,
1521 1804 1698 1849 tamen
1735 1796 1873 1850 alter
1898 1797 2018 1851 int-

450 1876 669 1933 perator
695 1869 920 1927 Michael
949 1891 1045 1944 pro
1079 1881 1218 1933 veris
1251 1895 1365 1946 eos,
1400 1884 1590 1951 quales
1619 1896 1799 1951 erant,
1835 1889 2011 1954 palam

449 1956 637 2012 habuit
673 1962 942 2031 hostibus,
975 1969 1272 2041 adjungerc
1332 1973 1453 2028 illos
1505 1975 1606 2029 sibi
1660 1992 1895 2034 renuens
1921 1980 2014 2049 ju-

448 2049 608 2105 bente
647 2052 770 2107 licet
795 2067 969 2122 patre,
1001 2074 1053 2115 et
1086 2060 1294 2117 irruere
1330 2064 1384 2117 in
1413 2065 1557 2134 ipsos
1582 2081 1639 2122 se
1674 2077 1915 2136 paratum
1939 2070 2015 2126 le-

446 2153 591 2198 rens.
626 2152 681 2195 ut
711 2145 868 2201 docet
904 2162 1087 2205 noster
1110 2154 1144 2208 Ι.
1175 2169 1250 2217 Vl,
1278 2170 1326 2209 c.
1355 2156 1389 2210 5
1417 2167 1468 2209 et
1500 2157 1582 2212 15.

521 2225 652 2281 Vill.
688 2226 886 2287 Verum
922 2237 1138 2303 quidem
1187 2251 1271 2296 est
1314 2245 1426 2313 geri
1472 2257 1708 2313 emptum
1739 2263 1768 2301 a
1799 2248 2011 2304 Catela-

444 2315 531 2370 nis
558 2317 609 2370 in
646 2320 918 2380 Romanos
944 2329 1114 2383 multo
1147 2336 1387 2400 apertius
1411 2347 1465 2390 et
1493 2338 1781 2395 immanius
1812 2342 2008 2397 bellum

445 2418 565 2475 post
598 2425 781 2468 necem
824 2416 1120 2486 ltontzerii,
1148 2437 1271 2490 quin
1298 2442 1440 2479 anno
1467 2431 1713 2498 sequenti
1756 2433 2005 2504 contigit.

444 2500 551 2555 Sed
583 2503 707 2559 inde
744 2507 892 2563 aliud
925 2527 1027 2565 non
1067 2518 1353 2572 coniicitur
1377 2520 1480 2574 nisi
1524 2522 1631 2577 duo
1662 2525 1816 2592 quasi
1844 2500 2011 2581 fuisse

442 2593 593 2650 initia
616 2595 911 2655 Catelanici
936 2602 1079 2669 belli,
1097 2622 1325 2675 quorum
1350 2610 1575 2665 alterum
1596 2614 1659 2667 ad
1687 2626 2006 2673 autumnum

441 2688 570 2741 anni
609 2690 810 2746 Christi
845 2695 1003 2759 1506,
1064 2698 1292 2754 alterum
1328 2704 1394 2756 ad
1430 2719 1526 2757 ver
1554 2706 1680 2760 anni
1720 2709 1857 2761 1507
1888 2725 2009 2778 per-

443 2779 600 2834 tinet.
656 2782 811 2840 Unde
850 2790 1122 2844 credimus
1170 2792 1554 2865 Pachymerem
1601 2814 1726 2852 cum
1768 2803 2008 2857 secundo

442 2871 728 2931 referendo
775 2893 834 2932 se
874 2881 1205 2951 accingeret,
1275 2886 1330 2940 in
1389 2889 1504 2958 ipso
1545 2888 1729 2945 limine
1771 2892 1895 2946 libri
1933 2909 2005 2949 vn

438 2965 638 3032 prioris
689 2972 950 3037 epocham
1001 2989 1065 3028 ex
1119 2985 1267 3031 retro
1304 2979 1443 3033 actis
1498 2985 1815 3049 retraxisse,
1845 2985 2007 3054 eique

439 3059 716 3114 mentione
744 3064 1095 3133 conjunx’isse
1127 3079 1323 3124 eventa
1375 3073 1567 3140 multa,
1597 3091 1830 3145 quorum
1859 3093 2007 3147 quai-

437 3148 559 3203 dam
600 3158 915 3219 posterioris
947 3169 1103 3212 erant
1132 3164 1429 3230 memoriae,
1464 3175 1519 3220 et
1554 3183 1658 3221 non
1694 3171 1760 3222 ad
1800 3183 2002 3224 annum

2131 702 2436 757 Palmarum
2456 707 2678 760 omnino
2712 707 2871 763 fuerit
2906 710 2973 765 18
3004 711 3181 767 Martii
3240 715 3378 771 dies.
3439 717 3664 790 Adiungit

2128 793 2212 847 his
2248 806 2433 849 noster
2455 798 2744 854 historicus
2782 814 2833 854 c.
2870 803 3140 871 sequenti,
3196 806 3296 860 huc
3342 816 3426 861 est
3469 823 3501 874 p
3557 810 3662 877 εει,

2127 901 2323 939 novum
2363 887 2627 943 Caesarem
2672 892 3019 948 Riintzcrimn
3077 897 3380 951 adeundum
3446 901 3541 955 sibi
3584 917 3666 972 pu-

2126 990 2273 1033 tasse
2320 980 2637 1036 Michaeiem
2689 986 2988 1054 Augustum
3041 987 3346 1056 iuniorem,
3404 993 3492 1060 qui
3544 997 3664 1062 apud

2124 1072 2521 1141 Adrianopolim
2558 1087 2733 1132 castra
2771 1079 3037 1147 habebat;
3073 1084 3504 1154 praemisisseque
3560 1089 3662 1143 ideo

2125 1164 2192 1215 ad
2224 1162 2372 1216 illum
2402 1165 2636 1219 Asanem
2671 1170 2858 1223 uxoris
2885 1183 2999 1224 suae
3058 1170 3302 1236 fratrem,
3359 1189 3389 1227 a
3454 1191 3551 1243 quo
3600 1179 3663 1232 ait

2125 1254 2358 1322 primum
2390 1255 2651 1310 iudicium
2693 1260 2905 1312 venturi
2957 1260 3237 1315 Rantzerii
3297 1262 3553 1326 perlatum
3604 1269 3660 1318 ad

2123 1344 2435 1400 Michaelem
2454 1347 2539 1401 die
2554 1358 2739 1403 octava
2762 1367 2928 1418 supra
2952 1353 3250 1406 vicesimam
3265 1352 3659 1419 Boedremiouia,

2122 1435 2531 1507 Βοηδρομιῶνος
2568 1440 2731 1510 ὀγδόη
2759 1443 3020 1511 λήγοντος
3044 1439 3497 1513 ἧν.Βοο‹Ιιιοιιιίοη
3555 1448 3661 1500 alibi

2121 1545 2380 1599 sempera
2415 1532 2742 1606 Pachymere
2767 1537 2966 1591 dicitur
2996 1539 3198 1607 Aprilis
3230 1542 3449 1595 mensis.
3492 1539 3587 1594 Sed
3607 1557 3663 1595 ne

2121 1622 2209 1676 hic
2257 1625 2328 1676 ita
2370 1624 2713 1695 intelligatur.
2746 1629 2996 1698 prohibet
3048 1630 3195 1698 quod
3253 1645 3321 1711 ρ..
3356 1630 3460 1686 595
3508 1631 3656 1692 addit.

2117 1724 2313 1781 quarta
2341 1716 2478 1784 feria
2522 1729 2641 1788 post
2692 1720 3074 1776 hebdomadam
3128 1721 3343 1777 Thema
3400 1724 3660 1778 admissam

2120 1806 2283 1875 fuisse
2317 1808 2385 1861 ab
2406 1808 2643 1879 Augusta
2678 1812 2962 1867 Cmarem.
2999 1811 3310 1869 Hebdomas
3368 1814 3568 1867 l‘ltmme
3593 1822 3660 1868 est

2119 1900 2261 1966 apud
2289 1898 2505 1956 Graecos
2538 1904 2655 1957 sine
2678 1906 2786 1958 ullo
2814 1905 2983 1959 dubio
3010 1921 3074 1960 ea
3105 1920 3226 1973 quae
3260 1906 3503 1973 sequitur
3524 1914 3656 1958 octa-

2117 2004 2238 2043 vam
2262 1989 2482 2045 Pascha:
2512 2007 2539 2045 a
2566 1994 2719 2048 nobis
2739 1995 2934 2048 dictam
2962 1997 3019 2049 in
3041 1996 3174 2048 albis
3188 2004 3283 2048 aut
3328 1996 3477 2063 quasi
3499 1996 3657 2057 modo;

2114 2080 2168 2134 in
2199 2097 2305 2150 qua
2334 2083 2607 2138 Dominica
2636 2094 2755 2153 post
2791 2084 2998 2140 Pascha
3030 2087 3198 2153 prima
3229 2085 3402 2141 Graeci
3460 2088 3574 2139 item
3607 2096 3657 2141 ut

2114 2172 2313 2237 Latini,
2346 2175 2485 2228 inter
2518 2189 2671 2230 sacra
2695 2177 2927 2230 recitant
2961 2192 3171 2230 comma
3205 2176 3475 2247 Evangelii
3513 2192 3574 2231 ex
3613 2191 3655 2231 c.

2112 2277 2182 2316 xx
2212 2262 2458 2327 Joannis,
2489 2279 2597 2333 quo
2628 2276 2881 2321 narratur
2903 2267 3173 2320 dubitatio
3217 2268 3440 2322 Thema:
3465 2276 3656 2337 aposta-

2113 2355 2149 2408 li
2168 2356 2235 2410 de
2258 2358 2658 2412 resurrectione
2676 2358 2879 2413 Christi
2909 2360 3154 2414 convicta
3185 2369 3477 2429 aurataque
3531 2370 3654 2415 tactu

2111 2460 2390 2515 sacrorum
2421 2444 2539 2513 ejus
2564 2449 2871 2513 vulnermn,
2924 2449 3065 2502 unde
3102 2463 3300 2503 nomen
3335 2449 3656 2504 hebdomadis

2112 2534 2336 2590 Thema:
2361 2538 2628 2605 contiguis
2659 2539 2745 2592 isti
2780 2538 3069 2593 Dominica:
3122 2538 3319 2594 diebus
3341 2555 3438 2593 usu
3464 2538 3656 2592 Greco-

2112 2642 2231 2681 rum
2255 2628 2504 2683 adhaesit.
2533 2628 2879 2683 Manifestum
2931 2645 3095 2698 porro
3146 2640 3227 2685 est
3289 2628 3652 2683 hebdomadam

2112 2718 2335 2774 Thomtc
2367 2719 2462 2774 illo
2491 2736 2655 2783 anno,
2684 2723 2799 2789 qui,
2828 2732 2888 2773 tit
2925 2721 3287 2782 ostendimus,
3339 2718 3539 2774 Pascha
3595 2717 3654 2773 26

2111 2808 2290 2863 Martii
2328 2809 2532 2871 habuit,
2561 2809 2714 2877 sequi
2744 2825 2849 2862 non
2893 2812 3139 2878 potuisse
3184 2810 3330 2861 diem
3365 2809 3435 2862 28
3462 2807 3651 2875 Aprilis.

2111 2899 2216 2954 Sed
2249 2915 2423 2966 neque
2449 2901 2696 2967 sequenti
2728 2916 2869 2954 anno
2927 2900 3124 2955 Christi
3166 2899 3307 2954 15ρὸ
3336 2919 3349 2954 :
3416 2914 3530 2952 natu
3569 2897 3653 2952 hoc

2109 2993 2316 3048 Pascha
2347 2994 2401 3047 in
2449 2992 2653 3061 Aprilis
2705 2993 2771 3046 11
2826 2993 3033 3047 incidit.
3101 2992 3269 3060 Igitur
3321 2990 3465 3045 aliud
3515 3001 3650 3056 quam

2106 3086 2348 3155 Aprilem
2379 3085 2597 3138 nomine
2631 3084 3037 3138 Beedromionis
3094 3084 3199 3164 hoc
3251 3083 3374 3135 loco
3419 3079 3652 3150 expressit

2108 3177 2492 3246 Pachymeres.
2525 3173 2639 3229 Nec
2661 3183 2747 3228 est
2768 3191 2961 3228 novum
2995 3174 3142 3227 illum
3169 3173 3387 3227 variare
3410 3172 3460 3225 in
3491 3168 3650 3238 appel-

354 3286 364 3295 .
433 3242 731 3300 Andronici
766 3250 838 3304 23
891 3251 1189 3319 expletum,
1240 3256 1309 3308 21
1357 3270 1689 3324 currentem,
1728 3261 2005 3319 Michaelis
2031 3265 2074 3324 C
2108 3242 2405 3321 lationibns
2420 3266 2705 3329 mensium,
2737 3274 2919 3332 utpote
2951 3280 3110 3334 quem
3134 3274 3288 3318 certo
3314 3261 3652 3332 deprehende-

437 3334 506 3387 12
538 3339 838 3404 expletum,
875 3342 941 3393 15
986 3355 1319 3409 currentem,
1348 3347 1437 3415 qui
1471 3348 1572 3402 fuit
1602 3350 1804 3405 Christi
1839 3352 2001 3420 1306,

402 3430 800 3509 pertinebant,
830 3433 924 3485 sed
958 3436 1023 3487 ad
1057 3446 1378 3505 sequentem
1415 3439 1546 3494 Chr.
1580 3442 1747 3506 i507,
1765 3459 1871 3513 quo
1893 3447 2004 3499 Ati-

433 3520 691 3576 dronicns
717 3522 807 3587 25,
862 3524 1089 3582 Michael
1142 3528 1211 3582 14
1250 3530 1536 3587 iniveraut.
1568 3533 1692 3591 Haec
1723 3535 1887 3603 igitur
1915 3552 2004 3592 so-

432 3611 572 3668 lutio
608 3624 693 3668 est
720 3615 1044 3681 objectionis
1075 3622 1327 3689 superius
1361 3639 1414 3676 n.
1449 3625 1482 3678 5
1517 3628 1828 3694 propositae.
1861 3628 2004 3684 Con-

423 3707 569 3757 cedo
623 3717 957 3774 secuturum,
1031 3715 1172 3779 quod
1229 3715 1539 3782 opponitur,
1600 3718 1998 3774 incommodum

431 3797 794 3853 submotionis
833 3801 1097 3857 adventus
1129 3804 1185 3856 in
1222 3806 1409 3859 urbem
1440 3788 1719 3864 Rontserii
1755 3821 1900 3865 retro
1940 3812 1999 3866 in

430 3886 783 3942 indictioneui
827 3893 1078 3959 primam,
1120 3895 1165 3949 si
1208 3894 1492 3951 Michaelis
1524 3898 1755 3969 Augusti
1802 3901 1999 3969 duplex

428 3994 456 4032 a
492 3980 768 4036 Catelanis
818 3984 1002 4039 clades
1044 3994 1099 4039 et
1136 3988 1260 4042 inde
1320 3999 1507 4044 secuta
1549 3991 1663 4058 ejus
1700 3993 1840 4046 intra
1902 3993 1997 4048 Di-

426 4073 790 4141 tlymoticlium
834 4077 1063 4132 inclusio
1098 4078 1150 4131 in
1183 4095 1380 4134 annum
1408 4083 1703 4139 Andronici
1735 4086 1900 4156 803
1927 4088 1998 4142 25

423 4165 723 4233 expletum,
770 4168 839 4221 24
873 4169 1214 4234 inchoatum,
1265 4172 1544 4229 Michaelis
1585 4177 1653 4250 l2
1694 4180 1992 4244 evolutum,

426 4255 495 4308 15
523 4257 716 4311 initum
751 4261 1089 4319 conveniret.
1119 4262 1266 4333 Nego
1288 4276 1465 4319 autem
1489 4269 1541 4321 id
1561 4269 1636 4321 ita
1658 4283 1802 4335 esse,
1825 4283 1875 4323 et
1909 4274 1997 4325 aio

420 4351 835 4403 commemorari
889 4362 1101 4421 tempus
1149 4354 1280 4407 illud
1312 4372 1374 4410 ex
1418 4366 1690 4412 transacta
1728 4362 1994 4417 memoria

421 4455 519 4507 per
548 4442 1032 4509 anacephaimosim
1066 4461 1080 4508 ;
1116 4444 1180 4515 [P
1210 4444 1338 4517 582]
1368 4455 1423 4500 et
1447 4461 1511 4499 ex
1542 4447 1725 4502 multis
1757 4453 1991 4515 eventis,

416 4546 540 4601 quae
577 4533 737 4587 simul
776 4534 849 4589 ibi
903 4535 1322 4605 conglobantur,
1367 4539 1624 4607 pleraque
1681 4556 1788 4595 non
1847 4543 1989 4597 illius

2110 3359 2283 3413 rimus
2308 3356 2651 3421 Ianuarium,
2683 3371 2842 3426 quem
2873 3355 3012 3410 solet
3048 3370 3239 3409 vocare
3272 3354 3650 3409 Hecatombao-

2106 3462 2244 3513 nem,
2273 3447 2566 3517 aliquando
2591 3446 2895 3500 Lenwonem
2929 3445 3250 3515 appellasse,
3285 3456 3338 3497 et
3357 3445 3647 3510 Angustum,

2105 3542 2191 3595 cui
2212 3542 2497 3595 consuevit
2533 3538 2850 3613 Posiqeonis
2880 3538 3370 3605 nomenclationem
3402 3536 3646 3603 adaptato.

2105 3631 2271 3686 semel
2288 3632 2599 3701 designasse
2634 3630 2894 3685 vocabulo
2916 3627 3386 3692 Mwinaclerionis,
3418 3640 3517 3695 quo
3540 3622 3646 3678 alibi

2104 3728 2189 3774 est
2246 3721 2440 3776 solitus
2481 3718 2707 3774 Junium
2755 3720 3078 3790 exprimere.
3141 3715 3332 3787 Itaque
3375 3713 3648 3770 necessario

2104 3812 2509 3883 intelligendum
2539 3812 2969 3866 Bosdramionem
3001 3824 3147 3863 nunc
3180 3807 3495 3878 Pachymeri
3526 3804 3648 3859 Mar-

2105 3904 2234 3959 tium
2259 3903 2385 3958 dici.
2416 3903 2585 3971 Cujus
2615 3903 2702 3957 die
2719 3902 2811 3965 28,
2840 3903 2993 3956 tertia
3016 3911 3135 3970 post
3153 3899 3365 3954 Pascha
3390 3899 3535 3963 feria,
3553 3909 3649 3949 mo-

2102 3996 2247 4049 nitus
2274 3995 2342 4048 de
2395 3992 2676 4048 Bontzerii
2710 3994 2946 4048 adventu
2991 3991 3250 4055 Michael,
3285 3992 3376 4046 ubi
3421 4004 3536 4046 eum
3597 4001 3646 4040 se

2101 4086 2362 4140 benevole
2388 4094 2736 4154 excepturum
2760 4085 3115 4148 declarasset,
3140 4082 3309 4154 804
3325 4082 3466 4137 dedit
3494 4095 3545 4136 se
3572 4079 3646 4135 hic

2101 4176 2154 4228 in
2190 4176 2354 4238 viam,
2377 4184 2429 4230 et
2456 4190 2600 4231 nono
2626 4174 2693 4228 ab
2723 4176 2823 4228 hoc
2853 4176 2962 4237 die,
2999 4174 3133 4228 feria
3162 4185 3356 4243 quarta
3386 4173 3644 4226 hebdoma-

2098 4266 2180 4320 da:
2209 4266 2452 4329 Thomas,
2488 4267 2672 4335 prima:
2710 4276 2831 4335 post
2870 4265 3213 4326 Paschalem,
3249 4265 3515 4317 admissus
3551 4269 3641 4314 est.

2098 4354 2224 4409 Fuit
2252 4372 2312 4409 ea
2344 4357 2460 4410 dies
2492 4357 2694 4426 Aprilis
2727 4358 2935 4426 quinta.
2969 4355 3129 4410 Sexta
3160 4353 3460 4424 insequenti
3485 4351 3643 4409 Caesar

2100 4445 2428 4502 Rontzerius
2465 4463 2569 4502 una
2626 4463 2747 4502 cum
2799 4448 3045 4516 Augusto
3087 4446 3350 4502 Michaele
3389 4446 3441 4499 in
3475 4445 3640 4498 urbem

2096 4539 2504 4609 Adrianopulim
2530 4540 2756 4595 solemni
2780 4555 3008 4594 occursu
3029 4539 3381 4594 invehuntur.
3406 4537 3503 4593 Sed
3529 4549 3642 4605 pati-

415 4589 540 4678 esse
562 4589 1221 4695 anui,quifuit,t:tsmpe
1242 4589 2068 4697 «ιίζ-ιιῖιίῖέᾲῖςὸιιέεέῖίιέοᾶξθ
2096 4589 2145 4683 [ὁ
2172 4639 2293 4697 post
2323 4589 2465 4684 idem
2496 4630 2680 4686 Cicsar
2732 4631 2787 4684 in
2844 4631 3034 4685 limine
3101 4630 3339 4687 cubiculi
3391 4631 3638 4697 Augusta.

414 4716 511 4768 sed
543 4718 824 4785 sequentis
851 4717 1010 4773 1507.
1051 4717 1206 4773 Nunc
1234 4729 1450 4774 tetetera
1500 4733 1622 4789 qua:
1662 4720 1728 4775 ad
1752 4721 1989 4778 Rontze-

410 4805 556 4859 rium
589 4807 865 4875 pertinent
899 4809 1208 4864 reddamus.

485 4893 579 4949 1X.
612 4896 757 4951 Satis
778 4899 1008 4969 diligens
1038 4912 1221 4955 noster
1244 4902 1348 4955 l‘ttit
1381 4902 1434 4955 in
1465 4902 1628 4971 hujus
1654 4913 1709 4958 et
1761 4919 1988 4973 prome-

411 4988 563 5044 tione
600 4990 654 5044 in
684 4991 985 5046 Caesaream
1014 4994 1331 5063 dignitatem
1362 5002 1419 5047 et
1456 4996 1603 5050 caede
1667 5011 1773 5050 non
1821 4997 1990 5051 multo

413 5089 535 5149 post
564 5094 746 5145 secuta
780 5082 1100 5148 referendis,
1131 5084 1402 5153 adjunctis
1429 5085 1591 5138 etiam
1617 5088 1754 5141 notis
1789 5099 1994 5155 tempo-

416 5172 515 5237 ris,
553 5172 648 5227 sed
670 5189 897 5241 quarum
928 5176 1107 5244 aliqua
1141 5179 1477 5234 subobscura
1499 5189 1603 5234 est.
1667 5180 1857 5235 Tradit
1887 5180 1991 5234 Pa-

410 5262 695 5333 chytneres
740 5279 794 5332 p.
827 5263 949 5327 522,
976 5264 1324 5321 Rontzerium
1353 5270 1420 5323 ad
1453 5286 1512 5325 se
1543 5273 1705 5326 missa
1757 5274 1825 5327 ab
1879 5274 1989 5328 An-

413 5354 640 5408 dronico
670 5354 931 5412 Caesarea:
963 5357 1240 5426 dignitatis
1268 5359 1496 5428 insignia
1539 5363 1774 5417 induisse
1798 5378 1863 5418 ac
1889 5364 1990 5419 rite

412 5447 774 5503 acclamatum
799 5447 1069 5503 Caesarem
1092 5450 1266 5506 fuisse
1286 5453 1370 5505 die
1392 5470 1499 5523 qua
1530 5455 1728 5508 Lazari
1758 5471 1989 5509 resurre-

407 5538 517 5591 ctio
546 5538 922 5593 celebrabatur.
959 5538 1056 5594 Hic
1080 5541 1196 5596 dies
1228 5543 1278 5595 iu
1310 5542 1645 5598 Kalendario
1672 5543 1984 5601 Graecortnn

415 5628 809 5685 ests-abbatum
843 5633 1091 5709 contigpe
1144 5635 1447 5702 praecedens
1476 5634 1808 5691 Dominicam
1867 5635 1989 5690 Pal-

418 5738 649 5777 marum.
683 5723 851 5779 Porro
882 5740 1003 5779 cum
1036 5725 1125 5781 illo
1146 5741 1289 5780 anno
1311 5725 1443 5782 Chr.
1475 5727 1614 5781 1507
1640 5726 1854 5796 cyclum
1879 5741 1991 5795 ,δο-

2092 4734 2249 4786 quam
2276 4719 2570 4776 salutatum
2602 4721 2734 4787 ibat,
2771 4721 2840 4775 ab
2865 4720 3050 4774 Alanis
3085 4735 3272 4775 necem
3336 4720 3426 4774 lilii
3467 4714 3639 4785 Georgi

2090 4807 2323 4880 Cyzici'a
2348 4809 2622 4863 Catelauis
2645 4821 2907 4878 patratum
2943 4809 3328 4864 ulciscentibus
3353 4807 3640 4863 interfectus

2090 4907 2379 4968 est,‘pront
2407 4898 2446 4953 Ι.
2476 4899 2531 4964 6,
2563 4916 2613 4952 c.
2646 4900 2739 4961 24,
2768 4899 3082 4953 distinctius
3114 4911 3391 4951 narratur.

2551 5010 2639 5083 tr.
2668 5011 2795 5082 585j
2825 5008 3056 5065 carm
3100 5009 3212 5065 vn.

2092 5122 2222 5187 Qua
2241 5122 2586 5196 Puchymerrs
2626 5124 2687 5176 in
2736 5133 2958 5196 utraque
3020 5132 3186 5196 parte
3224 5115 3636 5196 bujitaltislsritr

2160 5187 2408 5262 sparsim'
2433 5195 2596 5246 tradit
2632 5195 2696 5246 de
2722 5187 2881 5267 rebus
2933 5187 3338 5267 et‘principibus
3395 5187 3636 5267 Huguliof

2163 5257 2301 5327 tam,
2331 5280 2395 5316 ea;
2427 5265 2775 5316 monumentis
2842 5257 3085 5316 Arabicis
3133 5262 3427 5327 illustrata,
3474 5257 3635 5311 ordine

2164 5342 2453 5403 temporum
2482 5335 2811 5401 digeruntur.

2165 5451 2211 5503 1.
2246 5448 2601 5518 Muguliorum
2635 5448 2840 5517 imperii
2876 5448 2980 5502 late
3009 5464 3105 5517 per
3142 5447 3325 5502 Asiam
3388 5444 3453 5498 ub
3508 5449 3632 5492 anno

2092 5543 2295 5599 Christi
2337 5542 2555 5596 circiter
2583 5541 2959 5595 ducentesimo
2985 5556 3146 5608 supra
3199 5537 3524 5592 millesimum
3572 5525 3630 5628 ad

2095 5634 2443 5690 millesimum
2499 5633 2935 5689 trecentesimum
2986 5632 3452 5700 quadragesimum
3495 5623 3629 5679 clarii

2094 5728 2190 5783 sed
2214 5724 2361 5796 quod
2383 5724 2506 5795 jure
2534 5725 2773 5779 nonnulli
2804 5726 2976 5794 questi
3008 5734 3132 5778 sunt
3154 5764 3170 5789 ,
3200 5720 3395 5777 Graacis
3419 5711 3630 5771 Latinis-

415 5815 485 5869 lis
514 5815 606 5875 ‘28,
637 5814 775 5869 luna:
800 5817 868 5870 15
896 5827 1235 5885 numerante,
1263 5819 1542 5875 Dominiea
1578 5819 1992 5874 resurrectionis
2090 5836 2200 5891 que
2220 5819 2577 5891 scriptoribus
2601 5819 2761 5874 nimis
2793 5817 3158 5889 perfunctorie
3218 5809 3510 5872 memorati,
3537 5812 3628 5857 non

408 5906 662 5976 septiduo
716 5908 890 5963 serior
931 5907 1210 5966 Dominica
1278 5910 1585 5967 Palmarum
1635 5909 1884 5965 inciderit
1935 5910 1991 5964 in

2096 5910 2253 5967 facile
2285 5910 2573 5981 quisquam
2614 5910 2752 5965 alius
2806 5910 2997 5964 horum
3059 5921 3355 5977 temporum
3389 5908 3503 5957 nota
3546 5902 3628 5961 l1"
