3880 6558
243 508 336 577 861

1549 515 1645 574 Ci]
1656 514 2010 577 RONOLOG
2022 517 2190 580 ICUS

3400 511 3508 578 sta

244 630 512 700 Europam
569 630 756 699 lingua
792 644 944 709 Ausus
993 630 1285 687 historicus
1331 629 1662 687 crebriorem
1710 632 1828 687 dis-
1855 641 1898 695 Α
1932 649 2052 690 eum
2084 650 2148 689 ex
2191 633 2347 692 fabro
2373 634 2603 691 ferrario
2629 635 2696 690 ad
2730 632 3017 705 imperium
3035 640 3306 688 evectum.
3364 630 3504 684 Tum

247 722 665 791 tioctioremque
731 723 845 778 suis
917 722 1135 793 scriptis
1209 725 1540 781 mentionem
1595 727 1825 782 inseruit

1927 742 2118 781 eorum
2142 725 2410 791 instituta,
2443 743 2622 783 mores
2638 736 2691 783 et
2723 736 2840 781 acta
2870 726 2986 781 fuse
3011 734 3296 786 memorat,
3325 721 3509 776 sedem

247 829 399 885 quant
427 812 801 885 Pachymeres
833 815 921 870 hic
952 825 1157 871 noster.
1191 814 1289 870 Cui
1352 827 1639 886 propterea
1703 818 1828 873 illn—
1928 818 2093 874 etiam
2123 821 2244 874 novi
2274 820 2430 889 hujus
2451 820 2663 888 imperii
2695 821 2961 882 indicans,
3017 816 3213 871 Portas
3260 812 3509 882 Caspias,

246 908 468 962 Strando
502 906 777 961 addictam
805 907 1003 961 dudutn
1028 908 1235 962 habens
1253 923 1495 977 operam,
1516 909 1699 979 fugere
1721 904 1830 967 sal-

244 1014 308 1052 vo
345 998 524 1053 cilicio
576 1016 683 1054 non
732 1000 905 1070 potui,
961 1001 1091 1070 quin
1138 1002 1344 1073 illigare
1405 1014 1553 1059 certa
1617 1004 1830 1062 ratione

245 1090 629 1160 chronologica
655 1106 884 1145 conarer
907 1107 1027 1160 qum
1056 1093 1207 1147 varie
1236 1093 1326 1147 ille
1349 1107 1415 1147 ac
1446 1092 1671 1148 confuse
1691 1093 1831 1147 indi-

245 1196 369 1236 cans
386 1182 595 1248 passim
621 1183 687 1237 de
719 1182 971 1251 Muguliis
1010 1182 1241 1252 plurima
1280 1185 1562 1251 congerit;
1591 1184 1657 1239 ad
1684 1186 1829 1254 quod

247 1289 433 1344 parum
469 1277 665 1346 utique
687 1277 910 1331 subsidii
946 1276 999 1330 in
1033 1275 1235 1332 Graecis
1267 1275 1584 1342 Latinisque
1613 1278 1834 1333 histori-

247 1369 322 1423 cis
356 1371 666 1433 reperiens,
702 1368 995 1424 consulere
1050 1383 1170 1423 sum
1222 1367 1431 1423 Arabas
1468 1378 1709 1424 coactus.
1750 1369 1830 1425 Ex

253 1471 335 1527 bis
392 1468 703 1536 Gregorius
760 1465 1221 1535 Abulpharagius,
1256 1464 1602 1519 Christianus
1642 1477 1835 1521 auctor

248 1561 486 1620 accurati
513 1559 802 1625 Chronici,
835 1573 1009 1626 nuper
1046 1573 1109 1615 ex
1142 1558 1377 1612 Arabico
1407 1557 1700 1612 Latinitate
1732 1559 1834 1614 do-

248 1655 354 1710 nati
387 1663 560 1720 atque
583 1663 813 1719 utroque
835 1649 1162 1719 coniunctim
1190 1650 1449 1705 idiomate
1471 1649 1695 1704 Londiui
1722 1650 1837 1704 edi-

252 1745 287 1799 ti
338 1744 408 1797 ab
440 1741 701 1797 Eduardo
748 1740 1040 1808 Pocockio,
1096 1741 1149 1796 in
1182 1742 1285 1798 hoc
1320 1741 1389 1798 de
1454 1757 1510 1798 re
1576 1743 1833 1798 litterario

247 1834 448 1903 optime
481 1834 709 1899 merito,
736 1848 844 1896 me,
872 1834 1015 1902 quod
1040 1842 1194 1904 grate
1220 1832 1413 1898 fateor,
1431 1831 1573 1900 juvit
1605 1832 1835 1903 insigni-

248 1934 344 1983 ter.
376 1923 535 1980 Vixit
558 1935 615 1983 et
645 1925 864 1995 scripsit
892 1927 936 1981 is
961 1926 1423 1995 chronograpbus,
1452 1935 1610 1995 prout
1628 1925 1836 1996 colligi-

1929 916 2019 986 qui
2058 915 2207 969 locus
2238 916 2294 969 in
2337 915 2522 969 Medim
2543 931 2605 970 ac
2640 914 2875 969 Parthia:
2926 910 3175 966 confiniis
3226 909 3365 961 situs
3402 917 3506 961 est.

2001 1008 2092 1063 ΙΙΙ.
2123 1010 2309 1079 Pergit
2332 1008 2795 1078 Abulpharagius,
2834 1005 3082 1060 referens
3122 1017 3264 1056 anno
3304 1000 3513 1067 llegirm

1933 1102 2041 1158 600
2063 1114 2276 1174 raptam
2314 1118 2341 1155 a
2371 1102 2584 1156 Latinis
2617 1097 3174 1168 Constantinopolim.
3196 1084 3308 1149 'Est
3338 1108 3514 1147 annus

1935 1196 2147 1268 Hegirte
2182 1196 2287 1250 600
2320 1198 2370 1250 in
2393 1211 2502 1251 mra
2537 1195 2740 1250 Christi
2767 1194 2927 1257 1‘203,
2961 1194 3056 1246 sed
3087 1206 3115 1244 a
3144 1192 3228 1243 die
3251 1189 3515 1241 duntaxat

1935 1288 2145 1343 decima
2190 1293 2398 1344 mensis
2448 1288 2788 1359 Septembris
2818 1286 3045 1346 Juliani,
3083 1300 3242 1352 qttam
3281 1282 3333 1335 in
3370 1281 3509 1334 diem

1936 1381 2222 1435 neomenia
2258 1379 2573 1435 Multarram
2609 1378 2768 1446 primi
2801 1378 3037 1431 Arabum
3071 1374 3273 1429 tnettsis
3300 1371 3510 1427 incidit.

1934 1473 2068 1527 Cum
2106 1482 2285 1525 autem
2319 1486 2418 1526 nos
2465 1469 3026 1525 demonstraveritnus
3061 1478 3206 1520 tumo
3236 1465 3516 1533 superiore

1936 1575 2258 1631 occupatam
2313 1581 2341 1617 a
2389 1563 2595 1619 Latinis
2643 1557 3174 1628 Constantinopolim
3229 1556 3397 1609 fuisse
3428 1554 3516 1606 die

1939 1656 2007 1710 12
2039 1654 2242 1725 Aprilis
2274 1655 2406 1729 apni
2455 1654 2659 1708 Christi
2706 1652 2869 1714 1Ξο3,
2901 1666 3020 1704 eam
3053 1650 3317 1719 epocham
3367 1657 3515 1700 retro

1939 1750 2156 1803 trahere
2209 1749 2418 1817 aliquot
2464 1747 2738 1802 mensibus
2773 1746 3040 1815 cogimur,
3086 1751 3143 1797 et
3199 1742 3264 1796 ad
3299 1739 3520 1809 quadri-

1939 1854 2139 1897 mestre
2184 1843 2433 1896 ultimum
2497 1840 2624 1894 anni
2682 1838 2893 1910 ilegirae
2948 1836 3051 1892 599
3103 1834 3400 1897 conferre,
3461 1838 3522 1884 ιιι

1941 1948 2149 2004 magna:
2202 1933 2306 1988 illae
2336 1934 2724 1988 conversiones
2760 1932 2901 1995 duae,
2961 1928 3174 1995 imperii
3218 1942 3248 1980 a
3286 1924 3519 1978 Praeste-

248 2018 588 2073 turevariis
641 2018 757 2088 ejus
795 2019 974 2089 operis
1018 2017 1175 2085 locis,
1219 2017 1518 2088 incipiente
1569 2018 1838 2073 dominari
1875 2018 1917 2077 Β
1942 2023 2298 2094 jannensibus
2359 2023 2426 2077 ad
2484 2022 2750 2093 Mugulios
2802 2019 3054 2075 translati
3091 2028 3146 2073 et
3200 2017 3436 2071 redacta:
3464 2015 3518 2068 in

249 2111 725 2181 Constantinopoli
753 2110 917 2166 domo
942 2110 1270 2182 Paimologa,
1333 2112 1434 2169 sub
1485 2111 1676 2181 primis
1723 2111 1841 2180 ejus

249 2204 486 2259 nominis
517 2204 941 2275 imperatoribus
967 2203 1227 2261 Michaele
1247 2214 1301 2260 et
1330 2204 1635 2260 Andronico
1664 2203 1843 2259 senio-

256 2310 331 2361 re,
371 2310 614 2367 quorum
642 2308 762 2353 acta
792 2299 1019 2354 duorum
1048 2296 1487 2369 Pachymerianai
1536 2293 1694 2363 hujus
1750 2294 1841 2349 hi-

257 2390 442 2444 storiae
496 2390 842 2446 voluminum
910 2398 1290 2462 argumentum
1369 2397 1496 2445 sunt
1552 2405 1565 2442 :
1623 2386 1843 2457 scripsit

258 2491 436 2537 autem
504 2491 569 2536 et
609 2482 675 2537 ad
720 2497 902 2538 rerum
955 2483 1102 2537 vere‘
1134 2489 1408 2552 gestarum
1457 2486 1707 2535 exactam
1758 2477 1843 2532 in-

257 2575 594 2633 dicationem
620 2586 673 2632 et
702 2578 767 2633 ad
799 2588 1101 2646 temporum
1130 2574 1549 2639 ordinationem,
1573 2579 1840 2642 quantum

258 2684 323 2727 ex
357 2670 657 2726 collatione
678 2684 799 2723 cum
828 2669 1050 2738 optimis
1077 2668 1383 2737 quibusque
1434 2664 1718 2734 explorare
1743 2677 1842 2734 po-

259 2763 359 2829 tui,
400 2762 744 2817 fidelissime.
783 2761 961 2828 Quare
1018 2758 1367 2815 accuratione
1412 2771 1576 2828 quam
1622 2762 1842 2825 praestat

262 2854 313 2909 in
340 2856 407 2909 iis
433 2871 566 2924 quae
601 2861 825 2923 possunt
860 2851 1041 2907 alieno
1096 2848 1408 2905 testimonio
1466 2846 1706 2917 coargui,
1755 2844 1842 2900 di-

265 2965 400 3017 gnus
428 2950 648 3003 videtur
665 2948 749 3002 cui
773 2944 906 3001 fides
931 2958 1124 3000 secure
1166 2942 1436 3000 habeatur
1474 2941 1529 2996 in
1581 2940 1670 2995 his
1721 2953 1843 3009 qua:

262 3042 494 3096 aﬂirmat
520 3041 696 3096 solus.

330 3132 393 3188 ll.
424 3133 531 3187 llic
557 3133 722 3202 igitur
752 3131 833 3186 sui
855 3128 1110 3186 Cltronici
1140 3128 1192 3183 in
1213 3126 1447 3182 Arabico
1468 3124 1686 3195 quidem
1707 3139 1837 3181 con-

266 3233 410 3281 texm
475 3223 777 3293 p.427,in
836 3222 1029 3278 Latina
1088 3235 1219 3275 vero
1271 3218 1724 3288 interpretatione
1788 3229 1841 3282 ρ.

264 3319 383 3385 280,
415 3319 499 3373 ait
538 3334 680 3371 anno
704 3316 916 3383 Hegirre
945 3313 1245 3384 599,cujus
1296 3311 1511 3365 initium
1569 3309 1671 3364 fuit
1728 3308 1842 3362 dies

264 3410 331 3465 20
365 3408 708 3477 Septembris
732 3409 785 3461 in
816 3423 959 3462 anno
993 3422 1113 3461 atrae
1134 3415 1338 3459 nostra:
1361 3402 1559 3459 Christi
1602 3400 1843 3470 vulgaris

272 3502 423 3565 1202,
455 3502 693 3569 coepisse
725 3500 1016 3567 imperium
1052 3497 1469 3567 Mogulensium,
1493 3493 1725 3549 desiisse
1745 3506 1845 3545 au-

269 3599 373 3644 tem
412 3590 705 3658 imperium
726 3587 1120 3658 Prrestejaunis
1134 3588 1249 3642 sive
1271 3584 1571 3656 presbyteri
1597 3582 1843 3638 Joannis.

267 3678 503 3738 Joannes
533 3692 657 3739 erat
690 3694 980 3736 commune
1015 3694 1214 3735 nomen
1245 3679 1547 3750 principum
1578 3677 1846 3732 latissime

269 3776 535 3844 quondam
551 3773 942 3847 dominantium
961 3770 1124 3842 805
1137 3786 1296 3838 super
1308 3768 1539 3841 Scythas
1551 3768 1845 3832 Asiaticos,

271 3866 335 3920 ad
362 3876 603 3922 montem
638 3864 865 3927 imaum,
896 3864 1031 3918 adeo
1056 3873 1114 3915 ut
1146 3861 1366 3930 quidam
1422 3858 1662 3913 scribant
1708 3859 1847 3912 duos

274 3970 324 4014 et
364 3957 710 4028 septuaginta
744 3971 898 4026 reges
955 3954 1088 4023 ipsis
1122 3951 1409 4023 aliquando
1446 3950 1615 4005 fuisse
1679 3948 1849 4004 vecti-

276 4052 441 4121 gales.
498 4050 860 4106 Christianam
901 4059 1081 4103 autem
1140 4043 1482 4112 religionem,
1535 4043 1631 4097 sed
1690 4039 1847 4109 juxta

274 4142 810 4207 Nestoriihzercsim,
844 4140 1117 4205 colebant,
1173 4151 1505 4205 crucemque
1576 4134 1631 4189 itt
1695 4134 1848 4189 bellis

275 4253 377 4308 pra!
408 4253 469 4292 se
503 4235 769 4304 duplicem
799 4231 1067 4295 ferebant,
1093 4232 1316 4285 alteram
1348 4242 1591 4294 auream,
1621 4225 1846 4281 alteram

276 4342 595 4400 gemmeam.
635 4324 771 4379 Huic
811 4323 1037 4393 imperio
1076 4322 1167 4390 qui
1220 4319 1441 4376 ultimus
1495 4316 1731 4387 praefuit,
1793 4325 1851 4370 ut

278 4420 431 4476 docet
458 4414 921 4484 Abulpharagius.
942 4421 1140 4482 praeter
1178 4425 1466 4466 commune
1489 4408 1716 4464 Joannis
1745 4423 1849 4461 no.

280 4529 397 4570 men
446 4514 667 4583 proprie
722 4508 837 4580 Ung
875 4507 1026 4565 Chan
1077 4515 1320 4570 vocatus,
1372 4519 1494 4560 cum
1560 4502 1849 4572 quemdam

281 4603 624 4659 Tamuiinum
656 4602 895 4667 nomine,
930 4613 1040 4667 quo
1066 4597 1245 4652 fuerat
1272 4610 1405 4652 usus
1438 4594 1551 4655 ditt,
1594 4593 1648 4646 in
1691 4591 1852 4646 bellis

1945 2116 2263 2171 Latinorum
2304 2109 2627 2184 potestdtem
2668 2113 2985 2184 metropolis
3041 2110 3253 2181 imperii
3299 2108 3523 2165 Graeco-

1944 2226 2085 2273 rum,
2145 2210 2198 2264 in
2256 2225 2421 2264 unum
2475 2208 2833 2277 eumdemque
2895 2222 3016 2260 {erae
3065 2203 3521 2269 Arabicae,quam

1945 2303 2161 2376 Hegirrz
2193 2313 2409 2370 vocant,
2463 2319 2665 2357 annum
2726 2302 3331 2357 undesexcentesimum
3393 2311 3526 2351 con-

1944 2395 2211 2451 venerint.
2249 2395 2407 2450 Anno
2447 2395 2572 2450 inde
2620 2394 2725 2449 606
2761 2393 2994 2463 Hegira‘,
3032 2393 3122 2462 qtti
3171 2393 3293 2446 iniit
3332 2389 3366 2443 6
3394 2386 3522 2444 Julii

1944 2487 2070 2543 anni
2106 2487 2239 2543 Chr.
2271 2486 2431 2552 1209,
2460 2485 2861 2554 Gingizchanes
2892 2486 3120 2554 imperio
3164 2498 3265 2538 suo
3292 2481 3523 2550 subjun-

1944 2583 2024 2635 xit
2050 2580 2300 2651 regiones
2318 2578 2711 2643 Caracathaiie,
2741 2594 2862 2649 qua:
2895 2577 3144 2631 videntur
3172 2575 3527 2629 Tartarorunt

1946 2671 2169 2739 Sinensi
2220 2685 2388 2740 regno
2436 2670 2760 2726 confinium.
2812 2671 2970 2725 Anno
3018 2669 3154 2739 Heg.
3208 2669 3334 2732 6l0,
3370 2666 3528 2735 cujus

1944 2769 2030 2816 est
2061 2759 2271 2815 initium
2300 2774 2330 2813 a
2364 2757 2489 2812 Maii
2520 2758 2590 2811 9.5
2624 2758 2749 2812 anni
2779 2756 2979 2811 Christi
3014 2757 3173 2818 1ἳ15.
3200 2755 3529 2821 Gingizcha—

1948 2867 2044 2906 nes
2095 2851 2239 2907 bello
2283 2850 2491 2906 indicto
2545 2851 2747 2906 sultani
2782 2850 3108 2913 Mohamedi,
3165 2848 3216 2903 iu
3268 2848 3527 2901 ultionem

1947 2942 2164 3011 iniusta:
2227 2943 2379 2997 necis
2447 2942 2809 3012 quorumdam
2872 2951 3281 3006 mercatorum,
3339 2938 3527 2993 urbem

1946 3035 2238 3091 maximam
2264 3034 2514 3090 Otraram
2546 3046 2668 3103 post
2688 3035 2930 3103 quinque
2964 3035 3232 3089 mensium
3283 3032 3529 3087 obsidio-

1948 3142 2072 3183 nem
2119 3126 2166 3180 vi
2223 3127 2365 3196 cepit
2406 3141 2527 3179 cum
2584 3127 2790 3181 infinita
2830 3126 3108 3180 hominum
3180 3126 3347 3191 caede,
3382 3133 3440 3177 ut
3473 3130 3531 3178 et

1949 3233 2094 3272 anno
2145 3217 2271 3281 617,
2320 3216 2475 3285 cujus
2528 3215 2786 3284 Kalendae
2838 3219 2891 3272 in
2942 3217 2977 3271 8
3018 3215 3195 3271 Martii
3257 3216 3529 3280 incidunt,

1950 3308 2252 3365 Bocbaram
2308 3320 2363 3364 et
2408 3309 2839 3363 Samarkandam
2895 3310 3058 3363 urbes
3108 3309 3267 3378 longe
3305 3306 3530 3376 amplis-

1951 3402 2138 3465 simas,
2200 3416 2429 3470 quarttm
2483 3402 2607 3457 huic
2670 3401 2925 3471 praesidio
2979 3401 3146 3456 fuisse
3198 3400 3448 3468 imposita
3498 3411 3531 3452 ι

1948 3493 2161 3549 sultane
2214 3492 2530 3547 Mohatuede
2562 3503 2781 3547 centum
2839 3493 3026 3565 viginti
3072 3491 3316 3561 equitum
3360 3490 3529 3544 millia

1949 3584 2113 3639 tradit
2147 3583 2610 3655 Abulpharagius.
2650 3584 2759 3640 Sed
2793 3585 2879 3639 his
2917 3584 3104 3654 prmlio
3146 3581 3532 3638 cruentissimo

1949 3677 2247 3747 proﬂigatis
2277 3678 2455 3734 dedita
2480 3678 2647 3748 806
2679 3688 2733 3732 et
2762 3677 2978 3748 direpta
3021 3675 3395 3732 Samarkanda
3421 3684 3528 3737 est,

1951 3771 2179 3838 triginta
2210 3771 2495 3825 hominum
2530 3771 2768 3825 millibus
2796 3770 3019 3837 occisis,
3068 3769 3292 3825 totidem
3320 3767 3375 3822 in
3406 3781 3526 3822 ser-

1949 3864 2177 3918 vitutem
2205 3864 2474 3920 abductis.

2021 3953 2111 4010 IV.
2148 3955 2301 4010 Anno
2327 3956 2460 4026 Heg.
2490 3956 2623 4019 618.
2656 3957 2877 4012 ineunte
2923 3972 2952 4011 ιι
2998 3954 3276 4013 Februarii
3306 3957 3378 4012 25
3400 3955 3527 4010 anni

1950 4045 2155 4101 Christi
2188 4046 2342 4112 l22l,
2367 4047 2586 4102 Balkam
2616 4047 2950 4104 Talaltanum
3000 4059 3055 4105 et
3087 4049 3540 4120 Albamiyanum,

1952 4139 2193 4208 reliquas
2241 4153 2273 4194 e
2318 4139 2625 4194 Chorazani
2681 4141 2889 4195 ditione
2928 4140 3181 4195 civitates
3227 4140 3531 4210 opulentis-

1952 4229 2121 4284 simas
2168 4240 2226 4286 et
2260 4230 2681 4299 munitissimas,
2737 4234 3068 4303 expugnavit
3110 4231 3528 4301 Gingizcbanes,

1951 4332 2008 4378 et
2042 4323 2108 4377 ad
2136 4324 2390 4379 Sendiam
2426 4339 2642 4379 amnem
2663 4326 2779 4381 acie
2804 4325 3162 4380 Jalalodinum
3188 4325 3339 4391 vicit,
3371 4325 3553 4389 huius.

1955 4424 2136 4471 tamen
2170 4414 2449 4470 admirans
2497 4417 2909 4485 praedicansque
2941 4416 3338 4481 fortitudinem,
3385 4416 3531 4484 quod

1954 4523 2077 4563 cum
2111 4507 2259 4563 illum
2285 4510 2464 4563 vivum
2488 4513 2554 4563 ad
2585 4526 2645 4565 se
2669 4511 2888 4579 perduci
2913 4510 3195 4580 iussisset,
3221 4510 3268 4564 is
3296 4523 3327 4564 e
3349 4519 3549 4577 strage

1953 4604 2100 4658 circa
2133 4616 2195 4656 se
2221 4616 2447 4657 suorum
2484 4602 2798 4674 intelligens
2842 4619 3010 4673 quare
3050 4602 3151 4658 sibi
3194 4602 3378 4658 hostes
3404 4617 3553 4672 par--

283 4696 599 4766 praesertim,
624 4705 846 4750 strenuo
871 4689 1256 4747 etfelicissitno
1274 4687 1543 4749 ministro,
1562 4683 1851 4740 calumniis
1882 4709 1929 4766 υ
1955 4700 2166 4756 εει-ειη,
2219 4706 2389 4764 eques
2449 4691 2670 4746 ﬂuvium
2729 4695 2984 4759 ίι-ωιενίι,
3041 4702 3097 4749 ει
3133 4707 3202 4749 εχ
3250 4707 3316 4749 eo
3351 4695 3562 4749 medio~

282 4788 597 4841 mutulorum
665 4786 897 4839 invisum
972 4781 1077 4836 sibi
1139 4781 1341 4834 factum
1392 4774 1855 4845 comprehendere

284 4880 689 4948 aggrederetur,
712 4874 780 4930 ab
834 4890 899 4931 eo
955 4872 1248 4929 fortissime
1299 4882 1636 4940 repugnante
1678 4883 1852 4927 rictus

282 4971 390 5038 ipse
411 4968 736 5037 occisusque
758 4975 861 5022 est.
893 4967 1009 5032 Quo
1030 4972 1275 5034 tempore
1298 4965 1518 5033 quidam
1573 4965 1713 5020 inter
1744 4963 1857 5019 Mo-

284 5062 535 5130 guienses
561 5075 766 5129 magnae
800 5056 1165 5119 auctoritatis,
1200 5055 1514 5125 apparuisse
1550 5056 1651 5111 sibi
1687 5055 1853 5111 Deum

283 5151 577 5217 allirmans,
603 5159 658 5204 et
695 5150 1001 5204 declarasse
1030 5148 1261 5204 electum
1318 5162 1349 5202 a
1397 5163 1459 5203 se
1509 5147 1854 5203 Tamuiinum

284 5242 337 5296 in
355 5258 517 5313 quem
565 5241 715 5297 orbis
766 5250 1032 5297 terrarum
1084 5240 1381 5309 imperium
1421 5249 1585 5309 atque
1640 5240 1692 5291 iu
1739 5238 1856 5308 ejus

285 5343 527 5404 posteros
557 5333 855 5388 transferre
883 5332 1230 5397 decrevisset,
1266 5332 1580 5387 universam
1617 5329 1690 5384 illi
1721 5344 1855 5383 con-

285 5427 485 5484 ciliavit
518 5425 879 5497 Muguliorum
906 5436 1153 5495 gentem;
1183 5424 1338 5493 cuius
1352 5438 1618 5479 consensu
1643 5431 1857 5477 creatus

286 5521 596 5589 imperator,
627 5534 658 5572 a
695 5518 809 5574 Deo
842 5518 984 5588 ipso,
1017 5524 1077 5577 ut
1108 5517 1196 5571 ille
1231 5531 1391 5586 quem
1427 5516 1539 5570 dixi
1578 5513 1854 5571 fanaticus

286 5614 481 5679 aiebat,
510 5612 821 5681 impositura
850 5610 937 5684 [P.
968 5609 1098 5682 584]
1146 5612 1246 5679 ipsi
1286 5610 1499 5680 accepit
1532 5607 1855 5677 Ciugizclm-

287 5703 362 5757 uit
388 5715 601 5756 nomen.
629 5699 905 5757 Hactenus
932 5700 1386 5770 Abulpharagius,
1425 5698 1515 5755 cui
1549 5700 1683 5754 satis
1719 5715 1854 5755 con-

288 5800 537 5847 scntanee
565 5801 752 5846 noster
772 5783 1134 5859 Pacbymercs
1189 5790 1355 5860 priori
1393 5799 1539 5844 torno
1567 5804 1617 5845 c.
1653 5788 1710 5854 ι,
1740 5787 1775 5842 Ι.
1802 5804 1852 5855 ν,

289 5881 644 5954 legislaturem
674 5883 1072 5949 Tocbarorum.
1101 5884 1195 5955 qui
1226 5899 1286 5941 se
1317 5884 1422 5954 ipsi
1464 5882 1730 5953 Mugulios
1756 5867 1854 5937 ito-

291 5973 512 6043 minant,
531 5990 725 6033 nomen
747 5976 1004 6035 habuisse
1025 5976 1385 6035 Tzimircanis
1407 5975 1629 6043 asserit,
1650 5976 1853 6033 addens

1621 6210 1659 6237 \

1958 4794 2153 4839 natans
2236 4799 2530 4840 conversus
2610 4787 2860 4856 sagittam
2940 4795 3027 4841 est
3093 4786 3396 4858 eiaculatus
3474 4788 3557 4842 in.

1916 4877 2323 4949 .Mogulenses.
2382 4877 2688 4947 Contigisse
2774 4880 2875 4934 hoc
2946 4880 3023 4933 ait
3096 4879 3569 4949 Abulpharagius-

1957 4983 2150 5025 mense
2179 4966 2407 5031 Raiebo,
2442 4969 2533 5037 qui
2587 4968 2640 5023 in
2682 4983 2827 5023 anno
2853 4968 3090 5023 Arabico
3114 4971 3330 5024 mensis
3363 4968 3533 5036 septi-

1963 5076 2085 5114 mus
2114 5070 2218 5124 est,
2251 5074 2317 5114 ex
2369 5059 2472 5114 hoc
2518 5059 2658 5115 miro
2715 5075 2969 5115 successu
3019 5057 3351 5115 fortitudinis
3384 5057 3553 5114 isis--

1957 5150 2127 5205 lodini
2174 5160 2364 5205 natum
2410 5164 2666 5206 asserens
2709 5153 3054 5220 proverbium
3083 5153 3398 5217 Arabicum,
3424 5166 3563 5221 quo»

1958 5241 2062 5303 dici
2111 5240 2249 5297 solet
2306 5241 2417 5296 vius
2465 5246 2535 5295 ad
2569 5238 2847 5306 Raiebum,
2898 5253 2947 5298 et
3001 5244 3197 5299 uidebis
3252 5246 3412 5300 mira.
3454 5244 3533 5298 Ex

1956 5336 2240 5386 occasione
2286 5333 2372 5387 hic
2416 5346 2611 5402 ponam
2664 5336 3100 5403 experimentum
3150 5336 3567 5391 consensionis-

1957 5421 2345 5490 Abulpharagii
2375 5439 2497 5478 cum
2526 5426 2726 5481 nostris
2751 5426 3187 5496 cbronographis
3213 5442 3243 5480 a
3282 5438 3369 5480 me
3403 5440 3531 5480 cum

1960 5512 2235 5581 voluptate
2281 5514 2649 5571 observatum.
2698 5515 2791 5572 Alt
2843 5516 2949 5573 hoc
2994 5517 3183 5572 eodem
3217 5529 3360 5570 anno
3393 5513 3528 5586 Heg.

1958 5602 2062 5661 6i8
2087 5606 2357 5662 sultanem
2397 5606 2623 5681 Egypti
2673 5610 2972 5665 Damiatam
3012 5610 3081 5665 de
3111 5608 3340 5664 Francis
3370 5624 3531 5664 recu-

1958 5709 2182 5764 perasse
2236 5697 2323 5752 die
2369 5697 2651 5764 Mercurii,
2680 5698 2872 5754 Baiebi
2922 5699 3009 5767 19,
3041 5711 3323 5770 postquam
3373 5700 3427 5753 in
3465 5716 3561 5755 eat

1956 5787 2329 5844 substitissent
2372 5788 2568 5846 Franci
2602 5806 2803 5845 annum
2857 5791 3128 5860 integrum
3177 5799 3233 5845 et
3280 5792 3552 5847 undecim-

1958 5894 2196 5937 menses.
2258 5879 2353 5935 Vix
2414 5882 2551 5939 alius
2613 5890 2844 5938 eventus
2922 5893 3007 5938 est
3059 5884 3215 5953 cujus
3261 5886 3446 5957 plures
3475 5894 3551 5938 οι-

1957 5976 2221 6035 certiores
2266 5992 2296 6032 ιι
2340 5975 2544 6033 nostris
2574 5969 2836 6045 spectatae
2871 5975 2995 6033 fidei
3041 5979 3399 6049 scriptoribus
3434 5979 3541 6034 bat
