3880 6596
347 526 456 587 863

1221 536 1286 598 P.
1337 527 2332 595 POSSINIOBSERV’ATIONUM
2368 532 2521 596 LIB.
2560 534 2679 594 III.

3507 532 3619 597 8M

340 654 566 696 beamus
604 655 878 704 auctores.
935 647 1175 705 Joannes
1231 652 1297 706 de
1333 652 1597 710 Vitriaco,
1656 648 1916 708 Sanutns.
1950 653 1995 705 Α
2026 645 2149 699 talis
2170 646 2333 715 Asius,
2359 651 2579 705 nomine
2602 649 2795 705 Chatai
2824 650 3222 718 signiﬁcarent.
3264 649 3443 703 Docet
3477 650 3618 703 enim

339 727 398 784 S.
433 729 763 799 Antoninus,
794 734 1119 803 Nauclerus,
1154 739 1418 803 Blondus,
1450 739 1702 795 Emilius
1735 746 1791 793 et
1824 736 1917 791 alii

342 833 555 874 summa
601 827 892 881 concordia
948 841 1257 886 memorant
1303 846 1449 885 anno
1493 830 1696 885 Christi
1757 827 1918 890 1219,

341 909 509 967 Nonis
534 914 875 984 Novembris,
900 934 1021 993 post
1046 938 1258 979 menses
1282 924 1586 981 octodecim
1618 922 1921 979 obsidionis

308 1015 554 1071 ‘captam
590 1007 758 1066 fuisse
814 1011 1116 1071 Damiatam
1149 1017 1217 1072 ab
1259 1019 1505 1073 exercitu
1543 1032 1704 1072 cruce
1738 1020 1921 1083 signa-

343 1102 564 1159 torum;
624 1101 870 1157 eamdem
939 1114 1119 1162 autem
1193 1108 1394 1163 sultani
1458 1107 1721 1163 redditam
1778 1119 1922 1160 anno

345 1183 508 1249 1221,
541 1188 629 1241 die
670 1194 837 1248 natali
871 1194 933 1249 Β.
960 1195 1202 1269 Virginis
1236 1200 1417 1255 Mariae
1444 1210 1641 1256 octavo
1672 1201 1921 1269 Septem-

342 1274 476 1329 bris.
525 1276 685 1335 Vides
734 1300 893 1354 quam
919 1299 1109 1343 exacte
1140 1300 1351 1359 tempus
1379 1295 1612 1349 detenta;
1653 1310 1681 1349 a
1714 1292 1923 1347 Latinis

345 1363 603 1425 Damiatae
630 1375 855 1430 deﬁrniat
889 1378 1330 1453 Abulpharagius
1357 1401 1499 1440 anno
1529 1402 1636 1441 uno
1663 1398 1714 1442 et
1749 1391 1922 1444 unde-

345 1455 448 1509 cim
479 1464 777 1522 mensibus.
797 1468 948 1525 Nunc
969 1474 1351 1542 inquirendum
1376 1494 1442 1533 an
1463 1481 1580 1550 pari
1602 1482 1703 1536 lide
1729 1482 1761 1536 ft
1783 1484 1921 1537 riam

345 1561 599 1616 quartam
635 1565 689 1609 et
720 1558 787 1613 19
822 1566 1029 1618 mensis
1063 1566 1250 1623 Raiebi
1278 1572 1417 1625 diem
1458 1573 1545 1627 isti
1587 1561 1922 1631 restitutioni

346 1641 609 1711 assignet.
642 1648 743 1703 Hic
790 1650 894 1708 6l8
926 1653 1138 1727 Hegirae
1170 1677 1345 1715 annus
1377 1662 1709 1721 Muharrami
1763 1667 1920 1735 primi

348 1738 433 1794 sui
490 1742 692 1797 mensis
753 1743 1045 1812 Kalendas,
1085 1761 1143 1805 ut
1188 1754 1319 1813 dixi.
1376 1757 1564 1812 habuit
1614 1765 1802 1815 eodem
1839 1763 1927 1817 die

347 1832 714 1925 anni—Juliani
740 1854 863 1895 θεῖαι
891 1842 1094 1900 Christi
1152 1849 1281 1901 1221
1318 1852 1408 1919 qui
1439 1852 1737 1908 vicesimus
1768 1856 1930 1925 quin-

2027 738 2117 793 hic
2182 740 2619 810 Abulpharagius
2689 742 2855 797 A!tun
2933 741 3085 797 Chtm
3149 758 3211 797 ea
3297 750 3621 808 tempestate

2024 828 2267 884 Cathaiae
2309 846 2488 902 regem
2526 832 2581 887 in
2639 834 2774 889 urbe
2820 849 2913 888 sua
2965 835 3221 904 primaria
3276 832 3434 887 Nam
3472 832 3620 899 ϐίης,

2026 925 2141 978 sive
2183 933 2242 979 ut
2278 927 2439 993 vulgo
2488 927 2578 981 alii
2628 928 2895 995 scribunt,
2928 928 3225 994 Namquiu,
3262 937 3620 995 exspectasse

2023 1030 2342 1070 successum
2389 1017 2708 1086 irruptionis
2760 1019 2923 1088 hujus
2974 1021 3303 1081 Tartaricaa,
3355 1021 3531 1073 misso
3558 1020 3618 1072 ad

2024 1108 2287 1163 arcendos
2313 1109 2512 1163 linibus
2538 1110 2882 1179 Mogulenses
2909 1124 3129 1167 centum
3166 1111 3409 1165 millium
3438 1110 3621 1165 fortis-

2025 1202 2292 1257 simorum
2378 1204 2607 1259 militum
2661 1207 2928 1262 exercitn.
2992 1207 3097 1260 Sed
3168 1208 3272 1260 bas
3343 1205 3536 1269 copias
3589 1219 3617 1257 a

2030 1294 2237 1359 Kaane,
2281 1284 2761 1352 n’umerosissimas
2801 1314 2897 1368 per
2942 1314 3001 1352 se
3041 1298 3309 1352 ductante
3345 1296 3620 1365 Mngnieu-

2027 1386 2166 1440 sium
2221 1386 2484 1457 legiones,
2526 1389 2915 1447 cruentissimo
2963 1389 3131 1442 fuisse
3161 1390 3357 1457 prmlio
3396 1390 3615 1450 deletas.

2027 1476 2132 1531 alia
2192 1477 2351 1547 longe
2406 1494 2673 1547 sperans,
2732 1480 3175 1548 iimpinatissime
3234 1480 3409 1533 Altnn
3473 1479 3618 1533 Chan

2028 1571 2258 1634 audivit,
2291 1573 2420 1626 inde
2449 1573 2585 1627 adeo
2613 1582 3003 1627 consternatus
3046 1581 3106 1627 ut
3151 1572 3300 1627 lilios
3328 1582 3389 1624 et
3429 1588 3620 1627 uxores

1988 1683 1995 1689 -
2029 1664 2083 1716 in
2143 1678 2239 1716 suo
2277 1679 2458 1717 secum
2510 1666 2714 1733 palatio
2747 1666 3071 1729 incenJcrit,
3110 1681 3175 1719 ne
3209 1665 3375 1718 vivus
3419 1664 3473 1716 in
3512 1664 3618 1717 Μι-

2031 1753 2333 1825 gulensium
2360 1771 2551 1811 manus
2579 1758 2829 1823 veniret;
2863 1758 2953 1826 qni
2988 1758 3145 1824 paulo
3174 1768 3299 1827 post
3337 1758 3619 1809 venientes

2030 1856 2083 1903 et
2113 1846 2478 1918 Namquinum
2510 1859 2565 1905 et
2595 1861 2823 1904 caeteras
2856 1852 3124 1903 maximas
3170 1849 3427 1904 Cathaiae
3459 1850 3617 1903 urbes

352 1923 739 2040 gistFIebruarii
791 1946 1109 1990 numeratus
1149 1949 1252 1993 est.
1299 1941 1432 1997 Hinc
1482 1954 1628 2010 patet
1657 1923 1926 2002 Kalendas
1962 1984 2003 2040 Β
2033 1944 2136 1998 sibi
2168 1944 2531 2013 subjecerunt.
2586 1946 2938 2002 Notissimum
2993 1962 3156 2015 porro
3209 1955 3297 2002 est
3352 1945 3621 2014 Namqui-

350 2014 564 2086 Raiebi,
623 2025 859 2094 septimi.
925 2037 982 2082 ut
1033 2033 1362 2100 monuimus,
1397 2037 1634 2089 Arabum
1677 2037 1761 2110 [P.
1794 2039 1921 2112 585}

352 2117 579 2179 mensis,
640 2118 691 2171 in
748 2118 891 2174 diem
941 2122 1169 2190 Augusti
1207 2125 1519 2180 vicesimum
1560 2131 1792 2197 primum
1834 2131 1926 2184 illo

350 2222 496 2263 almo
528 2209 804 2265 incidisse.
839 2212 915 2266 Ex
944 2213 1030 2268 die
1059 2216 1201 2286 Aug.
1240 2217 1299 2270 2|
1340 2219 1383 2272 si
1415 2221 1782 2277 uovemdecim
1809 2223 1926 2285 dies

353 2315 627 2365 numeres,
686 2305 971 2372 pervenies
1024 2309 1092 2365 ad
1147 2319 1396 2365 octavum
1460 2313 1817 2380 Septembris.
1852 2320 1928 2376 De

351 2404 459 2459 quo
494 2393 539 2447 si
573 2395 706 2449 velis
743 2396 887 2452 scire
917 2408 1081 2468 quota
1113 2399 1246 2454 feria
1283 2400 1475 2468 fuerit,
1511 2422 1692 2474 quaere
1727 2421 1927 2479 quotus

353 2481 458 2536 isto
484 2499 628 2540 anno
658 2500 977 2543 numeratus
1007 2492 1171 2547 fuerit
1199 2495 1385 2564 cyclns
1416 2500 1569 2552 solis.
1602 2499 1722 2555 Fuit
1750 2520 1927 2559 annus

350 2571 554 2629 Christi
591 2576 722 2632 1221
767 2584 972 2649 periodi
997 2584 1227 2641 Juliana:
1256 2588 1417 2644 5954.
1461 2590 1670 2645 Divisus
1712 2594 1797 2648 hic
1829 2613 1928 2649 nn-

353 2679 534 2757 merus
591 2684 688 2737 per
744 2671 817 2726 28
861 2675 1101 2744 reliquos
1156 2678 1287 2735 facit
1334 2680 1423 2753 26,
1472 2684 1564 2752 qui
1600 2683 1698 2738 fuit
1742 2690 1927 2757 cyclns

351 2755 483 2810 solis
524 2758 686 2825 hujus
733 2764 881 2818 anni.
918 2767 1081 2835 Cyclo
1134 2779 1312 2825 autem
1356 2772 1489 2828 solis
1543 2774 1612 2828 26
1667 2755 1928 2845 competit

352 2846 530 2903 littera
560 2850 918 2915 Dominicalis
953 2859 1017 2925 C,
1055 2877 1175 2931 quae
1224 2878 1345 2917 cum
1396 2866 1448 2919 in
1478 2865 1696 2922 .Inliano
1725 2868 1926 2925 Κιιιειι-

351 2938 507 2996 dario
543 2948 868 3016 respondeat
900 2952 1005 3006 diei
1051 2956 1255 3021 quinm
1302 2958 1660 3028 Septembris,
1692 2964 1931 3017 ostendit

354 3029 499 3086 iilam
545 3049 610 3090 eo
672 3054 816 3096 anno
866 3042 1038 3100 fuisse
1091 3049 1323 3115 primam
1375 3050 1589 3119 feriant,
1626 3068 1690 3108 ac
1723 3072 1930 3111 conse-

355 3138 584 3193 quenter
608 3130 749 3187 diem
790 3146 1037 3193 oetavam
1085 3143 1327 3208 ejusdem
1365 3147 1569 3201 mensis
1613 3148 1755 3204 diem
1786 3150 1929 3206 Mcr-

354 3216 516 3281 curii,
551 3230 608 3272 ut
638 3222 1073 3297 Abulpharagius
1102 3242 1270 3299 notat,
1300 3232 1416 3289 sive
1441 3234 1626 3291 feriam
1656 3252 1929 3308 quartam,

355 3313 669 3367 necessario
699 3329 820 3370 esse
843 3317 1117 3375 debuisse.

429 3400 496 3457 V.
529 3404 684 3461 Anno
722 3404 931 3475 Hegira:
959 3410 1084 3474 624,
1143 3413 1297 3483 cujus
1325 3414 1635 3472 Muharram
1669 3419 1870 3490 incepit
1901 3437 1931 3477 a

358 3496 450 3551 die
476 3496 547 3550 22
581 3498 892 3556 Decembris
929 3505 1054 3556 anni
1106 3506 1308 3561 Christi
1365 3509 1524 3576 1226,
1569 3522 1817 3568 mortuus
1852 3525 1936 3569 est

359 3587 762 3657 Gingizchanes
783 3593 995 3661 primus
1031 3595 1328 3665 imperator
1357 3600 1745 3670 Mogulensium
1782 3606 1870 3661 die
1902 3608 1937 3662 4

365 3680 570 3735 mensis
626 3679 971 3751 Ramadani,
1021 3689 1147 3743 noni
1202 3692 1393 3747 ordine
1471 3694 1524 3747 in
1582 3697 1746 3767 807
1796 3714 1937 3753 anno

366 3773 625 3828 Arabico.
650 3773 849 3831 Incidit
876 3792 936 3831 ea
971 3795 1117 3835 mors
1145 3782 1197 3836 in
1235 3798 1552 3840 autumnum
1585 3793 1709 3842 anui
1734 3790 1936 3847 Christi

367 3864 530 3922 1227.
555 3868 717 3924 Addit
745 3872 1184 3944 Abulpharagius
1216 3878 1514 3946 imperasse
1544 3881 1690 3935 illum
1719 3883 1939 3939 circiter

368 3960 559 4027 viginti
588 3962 826 4033 quinque
881 3968 1078 4034 annis;
1133 3969 1278 4038 quod
1307 3986 1492 4026 verum
1538 3984 1644 4034 est.
1703 3991 1849 4041 cum,
1884 3985 1941 4030 ut

365 4053 642 4121 vidimus,
701 4059 971 4126 imperare
1025 4063 1253 4130 coeperit
1306 4079 1449 4117 anno
1490 4065 1690 4120 Christi
1757 4069 1939 4132 1202,

369 4144 582 4214 llegirm
612 4147 735 4203 599.
760 4149 917 4203 Anno
946 4151 1072 4207 inde
1106 4151 1317 4223 Hegira:
1365 4154 1488 4221 626,
1535 4156 1685 4225 tuijns
1727 4158 1942 4213 Mnhar-

366 4253 483 4293 ram
521 4239 720 4309 incepit
750 4256 781 4294 a
815 4241 904 4295 die
929 4244 997 4298 50
1024 4242 1346 4300 Novembris
1386 4248 1512 4302 anni
1543 4250 1742 4304 Christi
1780 4252 1939 4317 1228,

366 4332 715 4399 congregatis
749 4332 987 4387 comitiis
1031 4337 1298 4390 universa:
1348 4339 1527 4407 gentis
1570 4337 1849 4407 Mugnlicse
1875 4358 1942 4397 ex

369 4429 700 4476 testamento
758 4421 1146 4493 Gingizcbanis
1205 4436 1426 4483 creatus
1506 4439 1587 4484 est
1650 4432 1944 4502 imperator

368 4512 527 4582 Ugtai
564 4513 754 4568 tertius
780 4513 898 4583 ejus
925 4515 1088 4579 filius,
1128 4518 1218 4585 qui
1270 4534 1380 4586 prae
1412 4520 1671 4575 modestia
1706 4537 1801 4591 per
1826 4526 1945 4580 dies

367 4606 720 4674 quadraginta
756 4622 1035 4668 recusans,
1070 4608 1211 4678 quod
1263 4625 1390 4665 suos
1416 4623 1638 4681 patrnos
1678 4626 1771 4671 aut
1830 4617 1946 4673 fra-

2034 2052 2164 2091 num
2198 2053 2393 2092 nomen
2426 2054 2548 2094 esse
2572 2039 2796 2095 alterius
2827 2041 2974 2093 urbis
3001 2040 3161 2111 regi:e
3195 2038 3422 2100 imperii
3458 2037 3622 2091 Sina-

2031 2145 2172 2195 rum,
2205 2144 2364 2198 quam
2416 2140 2529 2185 tum
2568 2132 2738 2189 fuisse
2782 2142 2995 2202 captam
3051 2148 3080 2185 a
3135 2130 3389 2185 'l‘artaris
3448 2130 3616 2184 videri

2029 2222 2354 2277 incredibile
2413 2238 2517 2277 non
2598 2225 2798 2286 debet,
2866 2241 2988 2279 cum
3048 2223 3152 2278 hac
3210 2234 3405 2278 nostra
3468 2230 3619 2275 mtate

2029 2313 2258 2367 similem
2287 2316 2641 2384 irruptionem
2673 2314 3009 2370 Tartaricam
3038 2317 3088 2370 in
3123 2315 3365 2371 Sinense
3399 2330 3614 2384 regnum

2030 2406 2325 2475 contigisse
2377 2408 2698 2461 certissimis
2753 2408 2957 2461 nuntiis
3011 2408 3484 2477 cognoverimus;
3521 2421 3616 2473 qua

2029 2498 2192 2552 etiam
2252 2498 2364 2551 haec
2418 2498 2609 2552 eadem
2686 2498 3114 2569 Namqninensis
3188 2500 3395 2554 civitas
3462 2509 3612 2566 capta

2030 2599 2084 2643 et
2134 2599 2341 2644 vastata
2402 2588 2570 2643 fuisse
2624 2589 3015 2643 dissertissime
3071 2590 3332 2653 traditur,
3386 2590 3618 2657 itemque

2031 2682 2200 2736 altera
2238 2682 2565 2750 Pequinum,
2616 2682 2706 2735 ubi
2758 2683 3132 2750 deprehensus
3164 2681 3487 2736 Sinensium
3523 2694 3610 2734 rex

2032 2786 2137 2824 non
2186 2772 2367 2824 minus
2421 2772 2627 2839 tragico
2661 2787 2821 2840 quam
2873 2783 2999 2825 tunc
3056 2768 3216 2825 Alton
3256 2773 3417 2825 Chan
3470 2770 3612 2823 exitu

2034 2862 2463 2929 desperationem
2501 2864 2759 2917 ostendit.
2791 2861 2924 2915 Nam
2958 2878 3024 2916 ne
3055 2863 3356 2917 victoribus
3390 2860 3612 2916 ludibrio

2030 2966 2199 3017 esset,
2256 2954 2425 3007 nubili
2485 2955 2633 3023 pritts
2670 2955 2778 3009 lilia
2830 2956 3181 3017 obtruncato,
3239 2972 3370 3011 sese
3417 2956 3527 3023 ipse
3554 2968 3614 3007 ex

2032 3044 2232 3099 arbore
2267 3047 2571 3114 suspendit,
2609 3062 2752 3099 anno
2794 3047 2994 3102 Christi
3036 3047 3192 3112 16M,
3236 3058 3299 3100 ut
3340 3047 3529 3115 legitur
3563 3042 3610 3095 in

2035 3136 2264 3190 historia
2289 3134 2504 3190 Martini
2540 3136 2778 3191 Martiuii
2822 3137 2994 3192 nostri
3041 3138 3197 3191 testis
3242 3151 3385 3206 pene
3428 3134 3611 3189 oculati

2035 3228 2139 3282 hac
2166 3229 2232 3281 de
2265 3243 2322 3282 re
2374 3228 2540 3293 edita,
2573 3244 2695 3297 qua:
2764 3238 2813 3282 et
2861 3230 3051 3284 eadem
3085 3246 3147 3282 es
3183 3228 3306 3295 ejus
3336 3244 3431 3282 ore
3475 3237 3528 3281 et
3559 3224 3610 3278 Ρ.

1957 3349 2005 3412 C
2039 3317 2315 3373 Michaelis
2365 3317 2556 3388 Boymi
2591 3319 2721 3372 item
2762 3320 2955 3383 nostri,
3004 3318 3092 3371 hic
3144 3317 3336 3372 ROma:
3368 3318 3490 3371 dum
3513 3315 3614 3367 visa

2042 3409 2311 3464 referrent
2362 3410 2691 3464 audivimus.
2731 3410 2835 3464 Sed
2868 3421 2921 3463 et
2970 3408 3253 3464 Cathaiam
3317 3426 3425 3464 non
3481 3404 3613 3460 aliud

2038 3517 2159 3557 esse
2191 3519 2355 3571 quam
2387 3503 2596 3565 Sinam,
2625 3502 2824 3557 missus
2853 3502 2968 3557 Goa
3003 3518 3093 3556 an.
3125 3502 3334 3557 Christi
3376 3500 3526 3563 1603,
3556 3496 3614 3552 16

2040 3593 2282 3649 Januarii
2343 3594 2669 3649 Benedictus
2722 3593 2867 3648 Goez
2915 3606 3101 3648 noster
3162 3596 3226 3647 ad
3295 3597 3396 3649 hoc
3457 3594 3612 3660 ipsum

2039 3685 2655 3755 explorandum,trienni
2680 3687 3116 3757 peregrinatione
3140 3681 3617 3753 clarissimesos

2042 3779 2423 3845 deprehendit,
2471 3780 2522 3830 iu
2550 3778 2739 3832 urbem
2775 3777 3024 3832 Sinensis
3060 3780 3210 3846 regni
3248 3776 3485 3831 Sucenin
3524 3775 3612 3826 sub

2044 3869 2205 3923 linem
2262 3870 2391 3922 anni
2448 3869 2654 3923 Christi
2700 3870 2841 3923 1605
2893 3871 3241 3939 perveniens.
3300 3870 3538 3935 Denique
3568 3864 3612 3918 id

2043 3958 2222 4027 ipsum
2254 3960 2454 4014 diserte
2500 3960 2941 4029 Abulpharagius
2974 3961 3106 4015 alibi
3156 3970 3415 4024 testatur,
3440 3968 3614 4025 nempe

2044 4067 2099 4119 p.
2128 4051 2226 4106 35l
2298 4053 2459 4122 hujus
2496 4052 2669 4120 ipsius
2703 4053 2786 4106 sui
2816 4053 3096 4110 Chronici.

2115 4143 2206 4197 Vl.
2252 4143 2349 4199 Hic
2397 4151 2595 4198 caetera
2652 4143 2886 4198 breviter
2942 4145 3169 4199 secundi
3231 4140 3611 4215 Mogulensinm

2022 4240 2028 4248 ’
2045 4239 2388 4309 imperatoris
2407 4246 2524 4291 acta
2544 4235 2629 4307 [P.
2650 4235 2779 4308 586]
2802 4237 3105 4302 reddemus,
3121 4253 3185 4291 eo
3204 4237 3464 4292 libentius
3480 4226 3604 4300 quod

2044 4350 2164 4403 qua:
2199 4336 2388 4386 lmrmn
2439 4331 2686 4401 proxime
2728 4339 3060 4395 occurrunt,
3102 4330 3439 4384 illustrandae
3500 4325 3613 4377 huic

2048 4440 2246 4482 nosme
2281 4425 2721 4494 Pachymeriante
2750 4421 3001 4477 Historiae
3050 4437 3157 4475 non
3200 4428 3611 4492 parum-accom-

2048 4526 2263 4574 modata
2312 4516 2810 4583 deprehenduntur.
2857 4513 3160 4569 Reversum
3197 4529 3227 4567 e
3287 4509 3496 4566 Sinensi
3529 4519 3612 4557 ex-

2049 4614 2322 4682 peditione
2371 4609 2608 4664 Kaanem
2677 4608 3113 4677 Abulpbaragius
3162 4613 3423 4659 memorat
3488 4599 3610 4652 Batu

370 4707 480 4752 tres
510 4708 638 4752 natu
675 4699 911 4766 majores
931 4700 1300 4769 praeferendos
1332 4704 1433 4757 sibi
1467 4705 1694 4771 diceret,
1729 4712 1943 4765 tandem
1980 4732 2024 4786 ι)
2056 4707 2169 4759 sive
2222 4705 2413 4764 Batno,
2450 4700 2619 4756 Tushi
2668 4700 2848 4754 fratris
2882 4700 2966 4753 sui
3020 4710 3150 4752 natu
3213 4696 3433 4749 maximi
3465 4700 3620 4771 nuper!

369 4803 637 4844 consensu
668 4791 866 4859 victus,
901 4792 970 4846 ab
1004 4791 1236 4848 Utacino
1266 4804 1458 4864 patruo
1489 4807 1543 4852 et
1575 4800 1744 4866 logtai
1779 4800 1946 4857 fratre

373 4881 578 4951 majore
610 4885 864 4939 collocari
896 4902 955 4940 se
993 4887 1043 4940 in
1079 4888 1274 4941 throno
1306 4904 1503 4957 passus
1533 4906 1832 4959 cognomen
1880 4896 1947 4948 ab

374 4975 563 5030 iisdem
602 4975 910 5043 impositum
938 4976 1097 5031 Kaan
1123 4980 1354 5047 accepit.
1389 4980 1544 5034 Anno
1577 4980 1788 5050 Hegirae
1813 4983 1941 5050 627,

374 5067 528 5136 cujus
570 5067 824 5123 Kalendae
857 5070 1192 5124 Muliarrami
1246 5083 1515 5140 occupant
1554 5075 1696 5129 diem
1757 5077 1948 5132 vicesi-

373 5175 523 5213 mum
567 5159 888 5216 Novembris
937 5160 1137 5216 Juliani
1189 5178 1334 5215 anno
1379 5179 1499 5218 atra:
1547 5164 1748 5221 Christi
1785 5170 1948 5235 1220,

376 5252 781 5321 expeditionem
816 5257 1057 5325 suscepit
1104 5273 1281 5313 novus
1329 5258 1627 5327 imperator
1669 5258 1951 5325 Mognlen-

375 5343 513 5396 sium
544 5340 696 5396 Kaan
730 5342 784 5397 in
821 5358 1003 5414 regem
1038 5343 1309 5399 Cathaize.
1358 5344 1583 5399 Cathaia
1622 5360 1786 5413 porro
1823 5346 1951 5415 quid

377 5435 564 5502 fuerit,
616 5438 707 5506 qui
758 5452 824 5492 ex
877 5438 979 5493 hoc
1025 5437 1240 5493 discere
1289 5448 1515 5492 auctore
1550 5437 1744 5492 idoneo
1790 5440 1953 5493 malet

378 5522 541 5599 quam
573 5543 604 5584 e
651 5530 951 5600 nugacibus
1005 5530 1218 5585 fabellis
1252 5532 1566 5586 institorum
1609 5531 1949 5585 illudentinm

377 5623 686 5678 credulitati
738 5623 904 5693 vulgi,
956 5640 1063 5678 non
1092 5623 1362 5679 dubitabit
1426 5625 1661 5693 amplius
1696 5625 1826 5694 quin
1873 5625 1957 5678 Si-

377 5731 547 5772 nense
583 5731 829 5786 regnum.
865 5717 1024 5771 hodie
1074 5716 1125 5770 in
1173 5716 1384 5786 Europa
1425 5718 1771 5771 notissimum
1801 5716 1956 5770 navi-

377 5804 687 5876 gationibus
719 5804 1129 5871 Lusitanorum,
1191 5807 1244 5860 id
1278 5808 1452 5877 ipsum
1494 5822 1682 5861 revera
1723 5806 1796 5861 sit
1830 5822 1953 5860 cum

378 5913 445 5953 eo
477 5898 622 5969 quod
651 5897 813 5951 Aiton
852 5899 1145 5963 Armenus,
1171 5897 1368 5953 Paulus
1400 5896 1665 5963 Venetus,
1697 5907 1751 5953 et
1781 5899 1823 5952 si
1862 5898 1952 5967 qui

378 5990 470 6045 alii
502 5990 795 6059 scriptorcs
847 6006 1025 6045 rerum
1082 5991 1353 6047 interioris
1395 6001 1448 6046 et
1488 5991 1720 6047 maxime
1748 5990 1941 6044 Orien-

2052 4798 2249 4851 m0rtui
2284 4796 2414 4859 lilio,
2464 4808 2788 4849 numerosas
2833 4803 2886 4847 et
2913 4793 3120 4863 validas
3160 4791 3373 4843 dedisse
3420 4782 3645 4851 copias,"

2052 4906 2174 4946 cum
2210 4891 2467 4943 mandato
2500 4888 2899 4957 expeditionem
2939 4884 3268 4953 suscipiendi
3334 4885 3384 4935 in
3428 4883 3610 4930 tractus

2051 4982 2505 5048 septentrionales
2531 4990 2585 5032 et
2617 4979 2939 5046 subjngnndi
2972 4966 3617 5035 Sclavoniam,‘Alaniam;

2055 5072 2326 5133 liussiam,
2361 5069 2688 5140 Bnlgariam.
2725 5065 2883 5119 Hisce
2932 5067 3320 5133 obtemperans
3373 5049 3610 5113 mandatis

2053 5164 2253 5215 Batnus
2280 5163 2524 5229 ingentes
2554 5160 2859 5213 mortalium
2896 5167 3108 5223 strages
3136 5155 3341 5208 edidit:
3384 5162 3514 5208 nam,
3562 5147 3609 5190 ιιι

2053 5259 2124 5311 ibi
2170 5258 2245 5309 ait
2291 5256 2744 5323 Almlpharagins,
2783 5267 2903 5304 cum
2963 5248 3115 5303 Kaan
3176 5234 3608 5316 proﬁciscentibus

2056 5352 2121 5403 ad
2159 5350 2260 5403 hoc
2295 5348 2491 5403 bellum
2518 5345 2783 5399 militibus
2809 5342 3070 5397 edixisset
3101 5349 3157 5393 ut
3192 5340 3460 5394 hominum
3492 5336 3606 5394 (1⁸⁸0⁸

2054 5442 2283 5511 quisque
2341 5440 2611 5493 occideret
2666 5451 2854 5490 aurem
2907 5436 3207 5499 dexteram,
3270 5431 3335 5485 ad
3383 5420 3605 5513 indiciqu

2060 5533 2294 5596 numeri,
2357 5532 2586 5584 recisam
2626 5543 2657 5581 e
2715 5526 2980 5581 cadavere
3020 5540 3206 5580 secum
3255 5522 3497 5576 auferret,
3528 5518 3602 5572 (1⁸⁸⁸

2059 5627 2214 5679 ferali
2250 5624 2373 5677 huic
2405 5623 2591 5676 censui
2630 5620 2887 5675 habendo
2926 5618 3162 5689 pra-fecti
3202 5624 3375 5676 erant,
3412 5605 3605 5662 ducenta

2059 5716 2399 5785 septuaginta
2461 5713 2737 5767 hominum
2799 5711 2963 5764 millia
3022 5709 3242 5762 totidem
3284 5699 3602 5785 exhibitarutu

2060 5783 2376 5861 deﬁxtrarum
2443 5802 2813 5857 auricularum
2882 5808 3204 5876 argumento
3271 5783 3605 5870 compererintl

2063 5882 2181 5953 neci
2235 5897 2432 5951 tradita
2466 5893 2658 5949 fuisse.
2734 5892 2901 5947 Addit
2950 5891 3124 5945 Arabs
3159 5885 3514 5970 chronologttf.

2071 5994 2209 6046 bene
2234 5988 2290 6044 in
2328 5988 2613 6043 Sclavonia
2644 5993 2817 6053 gesta,
2846 5982 3152 6041 decrevisse
3203 5980 3414 6034 Batuum
3443 5966 3603 6025 adori"
