3880 6526
290 300 397 364 665

1601 290 2265 353 CURONOLOGICUS.

3435 283 3543 347 866

284 412 837 482 Constant’uopolim,
870 419 922 466 et
950 424 1015 467 eo
1036 410 1216 464 animo
1244 411 1295 464 iu
1324 408 1630 478 Bulgariam
1673 408 1873 462 movis-
1901 414 1946 463 A
1978 406 2025 458 vi
2060 415 2336 474 ceperunt.
2362 407 2517 460 Anno
2557 406 2693 476 lleg.
2727 404 2853 471 640,
2882 402 3083 459 Christi
3136 398 3293 463 12η,
3341 415 3371 454 a
3429 401 3548 453 Ka-

287 522 363 559 se.
402 505 513 558 Sed
548 504 657 559 illic
691 504 946 558 habuisse
977 504 1167 558 obvios
1198 501 1537 557 Francorum
1571 516 1744 570 reges,
1768 500 1869 553 hoc

286 610 361 650 est
428 601 603 652 duces
650 596 965 651 Latinorum
1023 597 1114 667 qui
1157 605 1284 649 tunc
1344 592 1869 663 Constantinopolim

285 688 570 752 tenebant,
633 690 724 759 qui
759 672 1131 755 frequentibus
1166 686 1366 757 praeliis
1401 686 1571 740 victos
1591 684 1870 754 Mogulen-

284 796 369 835 ses
410 793 567 851 terga
602 783 733 834 dare
764 789 1043 850 coegerunt
1077 778 1261 848 (verba
1313 788 1438 833 sunt
1462 774 1873 847 Abulpharagii)

284 875 414 927 adeo
472 885 533 926 ut
585 874 651 927 ab
700 875 780 927 his
841 872 1227 926 incursionibus
1299 871 1491 925 reversi
1549 869 1876 939 Megalenses

284 964 426 1017 haud
458 965 660 1016 iterum
700 961 770 1016 ad
812 962 948 1015 hunc
993 977 1155 1029 usque
1189 961 1324 1014 diem
1357 957 1662 1014 Crwcorum
1694 957 1876 1036 Fran-

283 1074 537 1111 cornmve
586 1056 825 1126 regiones
870 1056 1105 1124 aggressi
1147 1054 1366 1124 fuerint.
1403 1051 1520 1106 Tali
1572 1051 1881 1107 narratione

285 1151 596 1204 multorum
657 1163 920 1202 annorum
965 1146 1100 1200 bella
1134 1154 1187 1200 et
1235 1148 1572 1200 incursiones
1607 1145 1661 1199 in
1703 1147 1879 1199 varias

284 1243 499 1312 imperii
548 1241 778 1295 Romani
815 1240 1106 1295 Orientalis
1133 1249 1335 1307 partes,
1376 1240 1588 1293 diverso
1619 1252 1880 1293 successu

283 1347 312 1383 a
364 1331 784 1398 Mogulensihus
816 1337 1078 1393 tentatas,
1122 1328 1268 1382 innui
1306 1330 1441 1383 satis
1473 1337 1715 1398 apparet;
1742 1330 1885 1382 unde

284 1438 389 1475 non
435 1437 580 1475 vana
623 1422 938 1490 conjecmra
971 1422 1041 1474 sit
1071 1425 1216 1475 hunc
1239 1421 1747 1476 circumminantem
1776 1418 1886 1473 Ro-

282 1513 462 1569 manis
503 1514 802 1583 provinciis
857 1513 1218 1567 Tocharicum
1270 1512 1579 1577 tumultum,
1626 1512 1694 1566 ab
1739 1527 1886 1566 anno

282 1607 515 1660 circiter
553 1606 763 1675 Hegirae
791 1606 896 1662 628
927 1608 991 1660 ad
1024 1605 1149 1671 658,
1186 1605 1288 1662 hoc
1319 1617 1402 1660 est
1427 1606 1493 1660 ab
1519 1621 1661 1659 anno
1680 1606 1887 1664 Chrisni

286 1695 426 1750 1250
472 1696 545 1751 ad
586 1695 748 1761 1240,

290 1796 492 1841 nantes
552 1787 759 1842 Graecis
813 1787 1112 1853 Lascarim,
1168 1798 1261 1843 aut
1326 1788 1624 1851 Batatzam,
1681 1791 1876 1860 partim

285 1877 657 1947 imperantem
689 1877 1150 1946 ConstantinOpoli
1199 1880 1519 1934 Baltluinum
1548 1877 1666 1948 ejus
1708 1880 1902 1935 nomi-r

290 1973 376 2023 nis
432 1970 765 2025 secundum.
798 1970 1014 2026 Fortius
1049 1986 1212 2040 porro
1258 1986 1322 2027 ac
1373 1970 1582 2026 felicius
1619 1972 1882 2027 restitisse

288 2059 566 2116 Tocharis
595 2060 818 2115 Latinos
851 2078 1011 2128 quam
1045 2063 1263 2117 Graecos
1298 2078 1364 2117 eo
1400 2063 1562 2126 bello,
1599 2064 1740 2132 quod
1773 2062 1884 2116 for-

293 2163 344 2207 te
369 2167 568 2221 parom
604 2154 831 2208 candide
865 2153 1232 2224 Pachytneres
1261 2154 1647 2221 dissimulavit,
1679 2154 1882 2210 diserte

292 2245 385 2299 hic
436 2246 679 2300 affirmat
730 2245 1182 2317 Abulpharagius.
1236 2245 1313 2301 Ex
1352 2263 1459 2315 quo
1497 2248 1659 2302 etiam
1716 2250 1879 2305 disci-

296 2351 420 2393 mus
451 2338 713 2392 debuisse
755 2337 973 2391 Gra‘cos
1012 2338 1312 2392 fortitudini
1344 2336 1680 2401 Latinorum,
1712 2340 1880 2395 victo-

297 2431 396 2484 riis
452 2430 511 2482 in
552 2430 796 2495 Bulgaria
835 2431 901 2483 tle
957 2430 1361 2499 Mognlensibus
1403 2432 1588 2487 relatis
1623 2434 1883 2501 probatae,

300 2536 582 2575 recessum
620 2519 990 2575 'l‘oeharorum
1043 2522 1110 2573 ab
1143 2523 1379 2587 ipsorum
1418 2521 1652 2588 ﬁnibus;
1684 2539 1711 2577 a
1766 2524 1887 2593 qui-

300 2612 401 2665 bus
438 2613 585 2667 bello
617 2614 891 2667 tentandis
925 2612 1026 2667 nisi
1070 2622 1277 2668 terrore
1314 2613 1629 2669 Latinorum
1662 2617 1886 2671 cohibiti

300 2712 720 2775 temperassent,
756 2714 1015 2773 quantum
1072 2704 1363 2774 profecturi
1393 2707 1589 2771 forent,
1648 2717 1889 2763 conster-

303 2798 455 2850 natio
483 2797 793 2851 Crmcorum
822 2797 887 2849 ad
921 2797 1087 2851 solam
1131 2797 1457 2852 mentionem
1516 2799 1638 2853 belli
1674 2799 1887 2854 Tocha-

310 2890 406 2942 rici
447 2904 593 2957 saepe
633 2903 697 2942 ac
750 2888 869 2941 fuse
927 2902 956 2940 a
1013 2887 1346 2959 Pachymere
1397 2898 1694 2944 memorata
1754 2892 1887 2947 satis

310 2981 682 3050 angurandum
736 2980 957 3050 praebet.
1002 2980 1116 3035 Huc
1171 2982 1311 3035 enim
1361 2982 1477 3055 sine
1510 2983 1674 3036 dubio
1727 2983 1892 3052 perti—

826 1697 1176 1764 inquietasse,
1228 1699 1425 1766 partim
1478 1698 1668 1753 Nicaea:
1707 1698 1919 1753 doini-.

1976 495 2146 551 lendis
2204 496 2352 562 Julii,
2422 497 2762 566 Mognlenses
2816 496 3084 550 sultanem
3173 493 3544 549 Ciattodinum

1976 586 2092 640 acie
2124 588 2388 653 vicerunt,
2426 588 2543 657 ejus
2579 592 2743 642 urbes
2774 586 3022 640 Sivasam
3060 594 3111 636 et
3167 581 3471 637 Caesaream
3495 590 3552 636 et

1974 675 2318 741 Azenganum
2338 686 2615 746 ceperunt,
2640 686 2695 731 et
2714 676 2966 732 hismalis
2987 662 3070 747 [P.
3094 672 3221 744 £387]
3248 672 3419 726 fracto
3438 672 3552 726 sui.

1981 765 2093 818 tani
2150 766 2413 820 tributum
2484 768 2879 835 imposuerunt.
2941 766 3098 819 Anno
3168 764 3380 833 llegirte
3419 762 3547 828 645,

1978 856 2183 911 Christi
2210 857 2370 923 1245,
2396 873 2424 909 a
2464 856 2586 911 Maii
2614 858 2708 921 29,
2746 859 2901 911 Kaau
2944 855 3216 912 secundus
3260 856 3552 923 imperator

1981 948 2375 1018 Moguleusium
2423 951 2604 1005 vivere
2657 951 2840 1013 desiit,
2880 951 3159 1013 designato
3214 948 3365 1015 prius
3431 962 3555 1000 suc-

1981 1055 2199 1095 cessore
2234 1052 2285 1096 et
2337 1043 2604 1097 accersito
2639 1043 2707 1096 ad
2746 1043 2884 1106 hoc,
2918 1042 3044 1094 dum
3077 1042 3254 1094 adhuc
3306 1038 3550 1102 viveret,

1982 1134 2199 1204 Cayuco
2222 1150 2321 1188 suo
2346 1135 2488 1201 lilio;
2523 1136 2613 1203 qui
2643 1137 2695 1189 in
2728 1135 2921 1190 itinere
2949 1134 3198 1187 nuntium
3228 1134 3435 1200 accepit
3486 1132 3553 1185 de

1984 1226 2154 1296 patris
2202 1239 2398 1280 morte.
2434 1226 2605 1281 Mater
2645 1227 2871 1297 Cayuci,
2923 1226 3066 1281 dicta
3095 1224 3383 1289 Turacina,
3434 1238 3556 1293 quas

1986 1318 2213 1380 Chatun,
2247 1318 2350 1373 hoc
2380 1328 2464 1372 est
2489 1320 2705 1372 domina
2725 1320 2839 1372 sive
2867 1333 3000 1371 uxor
3036 1318 3311 1387 primaria,
3349 1317 3556 1371 Kaanis

1987 1410 2186 1477 fuerat,
2219 1412 2502 1480 imperium
2536 1411 2958 1475 administravit,
2985 1413 3157 1464 donec
3182 1410 3399 1465 comitia
3423 1426 3549 1479 gen-

1988 1504 2056 1556 tis
2101 1504 2368 1558 universae
2401 1504 2773 1557 convenirent.
2805 1502 2959 1557 Auno
2989 1501 3125 1569 lleg.
3168 1501 3293 1565 6M,
3352 1502 3554 1556 Christi

1990 1591 2150 1657 1246,
2179 1609 2206 1644 a
2244 1592 2362 1645 Maii
2408 1592 2495 1653 l9.
2529 1591 2836 1646 celebratus
2867 1600 2949 1645 est
2985 1604 3209 1660 magnus
3258 1596 3557 1643 conventus

1992 1684 2295 1753 principum
2322 1692 2374 1737 et
2407 1686 2602 1737 ducum
2663 1682 3058 1754 Mogulensium
3100 1694 3331 1753 tempore
3377 1698 3554 1744 verno,

1990 1778 2067 1830 ait
2091 1775 2669 1845 Abulpharagius,hoc
2689 1784 2794 1839 est,
2826 1784 2882 1829 ut
2909 1777 3124 1845 opinor,
3163 1790 3351 1829 mense
3379 1773 3553 1842 Aprili

1987 1868 2114 1922 anni
2138 1866 2342 1921 Christi
2376 1868 2535 1933 1247,
2562 1868 2738 1921 adhuc
2761 1878 3017 1921 currente
3051 1866 3156 1921 644
3175 1865 3403 1937 Hegiraa.
3460 1864 3558 1918 His

1987 1958 2221 2013 comitiis
2245 1957 2492 2027 Cayucus
2514 1957 2741 2012 ﬁliorum
2774 1957 2976 2014 Kaanis
2994 1967 3124 2011 natu
3140 1958 3430 2020 maximus,
3453 1971 3558 2009 non

1989 2052 2102 2105 sola
2132 2052 2306 2106 aetatis
2336 2052 2692 2120 prterogativa
2726 2059 2818 2104 aut
2864 2050 3034 2120 patris
3089 2050 3318 2120 judicio,
3353 2055 3445 2103 sed
3506 2060 3561 2101 et

1990 2144 2361 2213 praestantium
2389 2143 2647 2197 virtutum
2687 2158 2749 2197 ac
2785 2143 2990 2199 dolium
3056 2142 3252 2196 merito
3301 2139 3558 2209 praelatus

1991 2234 2211 2289 Cubatto
2232 2242 2287 2290 et
2321 2234 2616 2289 Siramuno
2640 2234 2947 2290 minoribus
2983 2233 3264 2301 fratribus,
3326 2234 3563 2303 impera-

1992 2338 2077 2381 tor
2102 2326 2446 2392 declaratur;
2482 2326 2778 2396 titulusqne
2833 2327 2934 2396 ipsi
2967 2326 3182 2381 additus
3226 2336 3309 2380 est
3348 2325 3564 2395 Cayuc-

1991 2419 2214 2474 Chattis.
2253 2420 2352 2473 Hic
2397 2421 2531 2474 duos
2552 2420 2851 2487 praecipuos
2882 2418 3163 2473 ministros
3216 2418 3559 2474 Christianos

1993 2513 2197 2578 habuit,
2226 2527 2453 2581 quorum
2486 2511 2636 2566 alteri
2672 2511 2917 2575 Kadako,
2948 2512 3104 2565 alteri
3135 2509 3328 2566 Ginkai
3360 2526 3557 2566 nomen

1995 2603 2125 2669 fuit;
2162 2618 2391 2672 quorum
2428 2601 2614 2656 favore
2646 2602 2886 2671 episc0pi
2911 2609 2967 2655 et
3004 2602 3253 2655 monachi
3287 2616 3319 2655 a
3347 2601 3561 2672 Cayuc-

1993 2695 2177 2750 Chane
2204 2702 2377 2747 matre
2404 2694 2575 2763 ipsius
2611 2693 2979 2760 universaque
3022 2694 3172 2762 regia
3197 2692 3402 2745 familia
3461 2692 3566 2746 im-

1994 2803 2160 2859 pense
2194 2788 2624 2842 honorabantur.
2656 2784 2812 2842 Unde
2847 2787 3079 2855 contigit
3106 2786 3243 2841 adeo
3298 2784 3412 2841 illic
3446 2800 3568 2841 cre-

1997 2895 2153 2936 scere
2181 2880 2548 2934 Christianam
2585 2879 2931 2950 religionem,
2967 2888 3228 2947 quantum
3254 2879 3338 2932 his
3387 2881 3570 2933 verbis

2000 2972 2434 3038 Abulpbaragius
2464 2973 2723 3036 ostendit,
2777 2971 3110 3041 Factumque
3154 2981 3256 3035 est,
3294 2971 3567 3039 inquiens,

310 3081 442 3123 nent
482 3087 606 3139 qua:
654 3073 742 3124 ille
788 3073 891 3124 vol.
941 3071 993 3135 l,
1026 3087 1078 3138 p.
1118 3074 1253 3136 155,
1326 3084 1511 3127 narrat
1571 3077 1636 3129 de
1687 3084 1893 3129 terrore
1919 3105 1960 3159 ο
1998 3065 2275 3133 imperium
2304 3062 2688 3128 Christianum,
2724 3073 2773 3117 et
2801 3065 2976 3133 magni
3007 3063 3204 3117 habita:
3221 3073 3344 3115 sunt
3394 3073 3570 3133 gentes

312 3159 699 3226 imperatorum
757 3160 1148 3226 Nicaeensium,
1195 3163 1409 3231 quoties
1464 3180 1648 3219 rumor
1682 3165 1892 3221 Tocha-

315 3264 495 3302 rorum
534 3252 911 3318 increltuerat;
946 3264 1053 3306 tum
1089 3270 1204 3321 qua:
1228 3270 1283 3323 p.
1319 3255 1421 3309 “9
1460 3256 1623 3311 refert
1652 3258 1718 3311 de
1760 3274 1893 3312 con-

313 3344 647 3398 sternatione
676 3344 871 3399 Punica
922 3344 1111 3400 Nicaea;
1147 3347 1296 3402 urbis
1341 3347 1406 3400 ad
1459 3360 1632 3402 ortum
1661 3366 1723 3404 ex
1758 3368 1894 3406 vano

317 3446 563 3485 murmur
610 3434 922 3502 irruptionis
954 3436 1120 3506 809
1149 3438 1363 3493 horum.
1410 3436 1668 3493 Videntur
1715 3450 1891 3495 autem

318 3525 519 3592 repulsi
554 3538 697 3580 metu
733 3542 760 3577 a
822 3525 1078 3580 Romanis
1110 3538 1235 3584 tunc
1286 3532 1578 3599 provinciis
1623 3532 1896 3596 Mogulen-

318 3631 406 3670 ses
428 3616 742 3671 incubuisse
776 3619 827 3671 in
881 3617 1177 3687 Persidem;
1213 3623 1301 3675 ubi
1336 3638 1564 3678 navasse
1597 3624 1741 3692 ipsos
1766 3641 1895 3696 ope-

320 3721 456 3770 ram,
494 3707 736 3776 Calypha
791 3709 902 3764 illic
958 3710 1272 3765 dominante
1338 3714 1479 3767 victo
1513 3725 1567 3767 et
1615 3731 1893 3783 oppreSso,

323 3808 503 3852 narrat
534 3800 732 3853 ibidem
777 3801 891 3855 fuse
942 3801 1306 3870 Pachynieres
1353 3819 1407 3874 p.
1447 3805 1567 3865 155.
1600 3806 1899 3874 adjungeus

323 3889 420 3943 bos
452 3889 504 3942 in
537 3889 754 3944 Perside
779 3892 1155 3960 belligerantes
1199 3892 1478 3948 Tocharos
1503 3894 1661 3962 vulgo
1683 3896 1897 3952 Atarios

328 3992 567 4035 vocatos.
607 3982 758 4047 Quod
799 3998 994 4035 nomen
1046 3982 1184 4037 forte
1236 3983 1378 4037 haue
1410 3998 1610 4038 temere
1658 3987 1901 4057 suspice-

328 4081 412 4125 tur
443 4074 711 4143 qnispiam
748 4089 778 4128 e
803 4075 1019 4128 nomine
1047 4076 1197 4128 ducis
1230 4076 1466 4144 ipsorum
1501 4080 1793 4144 detortum,
1842 4090 1903 4132 ut

328 4165 418 4234 qui
451 4180 510 4219 se
537 4166 637 4234 ipsi
677 4165 958 4220 Batuarios
992 4183 1020 4220 a
1057 4167 1229 4222 Batuo
1260 4168 1519 4235 dicerent,
1553 4172 1693 4239 quod
1746 4173 1905 4242 hujus

331 4256 585 4326 auspiciis
629 4256 974 4320 militabant,
1021 4259 1267 4328 populari
1328 4260 1678 4329 corruptibne
1736 4276 1905 4317 vexa-

336 4358 501 4402 larutn
584 4349 652 4404 ab
722 4351 855 4419 ipsis
907 4351 1102 4420 linguae
1151 4352 1375 4408 diversae
1432 4356 1670 4423 gentium
1726 4357 1903 4412 Atarii

336 4441 754 4494 nominarentur.

399 4531 504 4587 Vll.
542 4533 756 4587 Interim
815 4550 935 4604 quae
959 4536 1053 4589 alii
1109 4536 1500 4605 Mogulensium
1552 4539 1716 4594 duces
1773 4540 1900 4595 alibi

338 4633 550 4693 agerent
581 4640 883 4693 exsequens
906 4627 1362 4697 Abulpharagius,
1406 4630 1568 4684 tradit
1602 4646 1745 4686 anno
1797 4633 1905 4687 He-

257 4725 265 4733 ‘
336 4718 460 4782 giras
487 4716 611 4777 653,
646 4717 799 4786 cujus
821 4727 906 4773 est
937 4719 1145 4771 initium
1178 4734 1206 4772 a
1239 4720 1325 4773 die
1354 4720 1420 4772 16
1450 4721 1725 4786 Septemb.
1777 4724 1902 4778 anni

337 4808 534 4863 Christi
571 4809 729 4874 l235,
754 4818 966 4878 captam
998 4811 1164 4865 fuisse
1219 4826 1248 4863 a
1315 4811 1715 4881 Mogulensibus
1769 4816 1904 4870 Car-

340 4901 577 4955 malisam
609 4903 795 4954 urbem
825 4901 1115 4954 maximam
1172 4902 1227 4955 in
1284 4905 1502 4970 regione
1556 4904 1786 4971 Arbelm,
1852 4915 1907 4959 et

343 5004 485 5044 anno
525 4991 772 5057 sequenti
821 4992 991 5060 ipsam
1059 4991 1314 5045 Arbelam
1367 5001 1486 5060 post
1540 4995 1904 5067 quadraginta

340 5086 542 5139 dierum
575 5084 936 5145 obsidionem,
964 5099 1152 5152 magna
1174 5085 1404 5153 pecunia
1454 5096 1713 5140 laxatam.
1750 5091 1905 5145 Anno

342 5174 548 5244 Regina
592 5175 717 5239 655,
748 5173 951 5230 Christi
980 5175 1140 5240 1257,
1188 5175 1257 5230 ab
1295 5176 1526 5246 Augusti
1565 5181 1760 5235 mensis
1817 5182 1906 5237 die

339 5267 428 5333 24,
483 5267 824 5338 Mogulenses
853 5267 906 5321 in
935 5266 1167 5338 Bagdadi
1205 5268 1339 5322 lines
1367 5277 1752 5335 procurrentes
1797 5258 1908 5339 pri-

343 5375 484 5411 manu
518 5359 635 5413 acie
678 5359 803 5412 victi
822 5369 966 5423 sunt,
1000 5359 1093 5412 sed
1123 5367 1307 5427 postea
1362 5374 1483 5412 cum
1543 5361 1698 5416 novis
1732 5360 1908 5429 copiis

342 5451 651 5516 redeuntes,
683 5451 748 5502 ad
782 5450 958 5505 locum
1003 5447 1356 5503 Canekinium
1393 5459 1664 5513 vocatum,
1702 5450 1906 5520 Bagda.

342 5542 584 5597 densinm
643 5544 941 5597 exercitum
1007 5552 1234 5596 cruento
1295 5541 1481 5610 prmlio
1536 5543 1910 5614 profligarunt.

344 5633 494 5686 Auno
523 5634 628 5689 6'59
662 5631 895 5705 Ilegiraa,
926 5633 1132 5688 ChriSIi
1180 5632 1344 5697 1241,
1403 5647 1433 5686 a
1479 5632 1569 5689 die
1630 5634 1698 5688 12
1757 5633 1904 5698 Julii,

346 5725 681 5795 Megalenses
710 5727 845 5781 duce
882 5723 1216 5795 .larmaguno
1240 5726 1427 5780 urbem
1452 5725 1630 5784 Arzcn
1678 5725 1906 5782 Romam

1994 3172 2111 3227 qua:
2137 3156 2258 3210 huic
2296 3156 2539 3223 religioni
2564 3171 2749 3209 nomen
2778 3156 3056 3216 dederunt,
3085 3172 3112 3209 e
3144 3151 3394 3219 Francis,
3436 3155 3572 3210 Rus-

1980 3249 2088 3325 eis,
2119 3245 2270 3314 Syris
2296 3245 2345 3300 ει
2379 3246 2647 3301 Armenis.
2674 3247 2750 3299 Ac
2774 3261 2831 3299 eo
2859 3245 3060 3299 redacti
3086 3256 3208 3298 sunt
3241 3257 3352 3299 tam
3379 3246 3572 3299 melio-

1996 3336 2070 3387 ris
2113 3345 2250 3386 uota:
2285 3350 2446 3403 quam
2476 3351 2503 3386 e
2530 3333 2678 3404 plebe
2709 3333 3039 3403 Mogulenses
3071 3335 3268 3406 aliique
3300 3337 3367 3389 iis
3406 3336 3574 3406 810

1995 3428 2249 3495 permitti.
2287 3436 2344 3480 ut
2379 3426 2518 3481 inter
2548 3427 2896 3481 salutandum
2932 3428 3172 3481 dicerent
3220 3429 3572 3492 Barechutor,

1996 3519 2132 3588 quod
2156 3520 2366 3573 verbum
2386 3527 2463 3572 est
2478 3521 2822 3588 compositum
2855 3519 3160 3589 Syriacum,
3183 3537 3378 3573 sonans
3403 3519 3574 3574 Bene-

1998 3613 2105 3675 dic,
2142 3610 2390 3667 Domine.
2415 3611 2495 3666 Ad
2535 3613 2694 3679 huius
2721 3628 2819 3680 ego
2850 3611 3176 3683 Mogttlensis
3231 3613 3575 3681 imperatoris

1997 3703 2419 3773 Cayuc-Chanis
2440 3713 2683 3772 tempora
2716 3705 3061 3760 referendum
3131 3714 3262 3774 puto
3291 3707 3432 3774 quod
3474 3705 3577 3760 Pa-

1999 3797 2282 3864 chymeres
2306 3806 2510 3859 narrat,
2559 3806 2710 3851 tomo
2738 3797 2921 3865 priore
2982 3813 3030 3852 c.
3064 3798 3098 3851 5
3155 3808 3208 3852 et
3239 3799 3295 3861 4,
3344 3798 3381 3852 Ι.
3414 3812 3463 3862 v,
3506 3797 3577 3853 de

1998 3885 2145 3956 Noga
2189 3902 2298 3941 uno
2337 3902 2368 3941 e
2395 3887 2620 3941 ducibus
2654 3890 2925 3943 exercitus
2960 3904 3119 3957 quem
3174 3904 3202 3942 a
3263 3891 3453 3944 Kaane
3492 3906 3578 3945 se-

2003 3978 2178 4033 cundo
2206 3980 2535 4047 imperatore
2567 3979 2956 4047 Mogulensium
2994 3981 3214 4033 missum
3246 3982 3488 4037 diximus
3521 3984 3576 4038 in

2002 4070 2454 4138 septentrioua‘es
2483 4078 2692 4124 tractus
2731 4071 2797 4124 ad
2824 4086 2917 4125 eos
2947 4071 3336 4141 subjugandos,
3369 4090 3579 4144 praepo-

2003 4162 2108 4216 sito
2152 4163 2365 4216 cunctis
2388 4161 2560 4216 Batuo
2586 4162 2770 4217 fratris
2801 4164 2882 4216 sui
2915 4163 3043 4229 lilio,
3070 4178 3098 4216 a
3134 4164 3329 4232 quibus
3360 4165 3579 4223 Sclavo-

2006 4255 2147 4308 niam
2171 4263 2226 4308 et
2249 4253 2500 4307 Russiam
2535 4252 2700 4309 fuisse
2730 4265 3023 4324 occupatas
3050 4258 3297 4326 superius
3334 4275 3388 4313 n.
3417 4258 3449 4313 6
3480 4260 3582 4314 htt-

2002 4344 2090 4416 jus
2108 4345 2302 4417 capitis
2318 4362 2383 4401 ex
2415 4346 2811 4418 Abulpharagio
2841 4347 3219 4403 indicavimus.
3237 4347 3345 4404 Sed
3383 4351 3585 4419 impro-

1936 4452 1980 4507 D
2009 4451 2165 4506 spere
2204 4453 2233 4491 a
2293 4437 2698 4525 MOgulensibus
2750 4450 2956 4495 tentato
2982 4441 3581 4514 Constantinopolitano

2005 4530 2235 4600 imperio
2274 4540 2497 4599 propter
2528 4546 2681 4585 acres
2713 4530 2765 4584 in
2813 4532 2959 4603 ipsos
3004 4534 3239 4602 impetus
3298 4536 3583 4591 victorias—

2006 4639 2111 4693 que
2139 4623 2457 4678 Latinorum
2486 4624 2731 4695 Byzantii
2761 4626 3180 4688 dominantium.
3220 4627 3424 4685 Batuus
3474 4646 3581 4686 non

2008 4721 2165 4776 abiis
2193 4721 2367 4777 solum
2396 4761 2413 4788 ,
2443 4723 2538 4777 sed
2576 4739 2603 4775 a
2628 4723 2831 4779 Graecis
2885 4724 3219 4779 lacessendis
3277 4728 3581 4793 abstinens,

2006 4827 2128 4866 cum
2157 4814 2427 4884 praecipua
2448 4824 2600 4883 parte
2628 4815 2907 4885 copiarum
2938 4816 3154 4870 videtur
3206 4817 3259 4871 in
3308 4818 3582 4875 Persidem

2006 4903 2265 4970 primum,
2312 4904 2505 4959 deinde
2533 4907 2599 4960 ad
2623 4921 2748 4960 suos
2795 4906 2849 4959 in
2887 4906 3127 4963 Orientis
3177 4908 3435 4964 interiora
3491 4925 3580 4965 re-

2005 4994 2254 5059 cessisse,
2275 4994 2519 5065 proxime
2546 4996 2612 5049 ad
2641 4994 3050 5066 Cayuc—Cbanis
3075 4998 3155 5050 sui
3184 4998 3465 5066 propinqui
3489 5012 3583 5052 ρο·
3616 5058 3621 5067 _

2007 5084 2280 5150 mitatum,
2307 5086 2495 5140 relicto
2524 5086 2574 5139 iu
2606 5084 2888 5141 Sclavouia
2911 5096 2986 5150 et,
3009 5086 3233 5154 Russia,
3284 5091 3373 5158 qui
3428 5098 3601 5167 parta.

2008 5175 2118 5230 illic
2142 5186 2406 5241 tueretur,
2440 5177 2614 5246 NOga.
2652 5177 2752 5232 llic
2776 5188 2978 5244 autem,
3007 5188 3066 5234 ut
3098 5179 3263 5235 refert
3292 5179 3586 5250 Pachyme—
3620 5178 3627 5235 ἓ

2009 5280 2120 5330 res,
2150 5280 2293 5332 cum,
2322 5265 2497 5321 auctis
2527 5282 2592 5320 ex
2619 5266 2999 5337 indigenarum
3021 5267 3301 5336 iuventute
3344 5270 3395 5323 in
3452 5284 3585 5325 suos

2008 5367 2188 5411 mores
2217 5356 2460 5410 traducta
2483 5356 2673 5425 copiis,
2696 5359 2829 5413 satis
2855 5373 2916 5414 se
2944 5360 3264 5413 instructum
3285 5368 3497 5427 putaret
3519 5360 3588 5416 ad

2010 5447 2375 5505 defendendas
2396 5449 2511 5504 suis
2535 5450 2798 5521 auspiciis
2819 5454 3016 5507 uberes
3042 5466 3138 5507 eas
3169 5451 3482 5523 fertilesque
3500 5465 3588 5507 re-

2009 5541 2219 5611 giones,
2249 5556 2315 5596 ex
2347 5542 2601 5611 praefecto
2631 5560 2691 5598 se
2718 5545 3022 5614 principem
3062 5559 3378 5615 supremum
3407 5544 3588 5599 decla-

2010 5634 2170 5700 ravit,
2203 5634 2509 5690 obedientia
2546 5637 2801 5708 deinceps
2834 5638 3239 5708 Mogulensibus
3289 5637 3588 5705 imperato-

2013 5727 2161 5783 ribus
2187 5737 2397 5797 negata.
2433 5729 2604 5797 Quam
2630 5732 3027 5787 contumaciam
3051 5731 3144 5786 diu
3181 5729 3401 5799 impune
3439 5730 3582 5799 tulit,

3620 5162 3627 5207 ἱ

3625 5328 3646 5379 l
