3880 6556
381 262 485 328 867

1342 261 1404 326 Ρ.
1450 262 1746 326 POSSINI
1790 262 2432 325 OBSERVATIONUM
2483 265 2627 327 LIB.
2669 266 2780 327 [ΙΙ.

3548 276 3640 339 8⁴ἱ3

382 387 477 430 aut
504 374 1030 444 negligenttbuseam
1057 358 1171 431 rem
1209 375 1336 441 illis,
1369 387 1465 429 aut
1492 390 1597 429 non
1627 374 1961 432 sufficientes
1987 373 2039 432 Δ
2065 372 2118 425 in
2152 372 2289 427 solio
2339 372 2675 428 solemnibus
2713 373 3054 429 cazremoniis
3102 373 3401 429 collocatus
3430 388 3528 432 est.
3565 381 3643 434 in.

382 466 569 522 rebelli
606 467 872 521 domando
900 469 1088 536 copias
1114 478 1303 522 contra
1341 466 1542 535 Negant
1592 468 1964 534 mittentibus;

358 560 525 612 unde
561 558 706 612 illtnn
742 560 795 612 in
828 559 1133 628 principatu
1165 558 1387 628 perfidia
1418 560 1650 629 quaesito
1705 560 1968 614 corrobo-

383 650 495 705 rari
537 651 821 719 contigerit
849 649 1149 718 floremque
1182 651 1455 720 potentia;
1489 666 1596 721 qua
1641 660 1820 705 motus
1870 649 1965 705 Mi-

382 743 535 798 chael
552 743 898 809 .Palaeologus
922 755 1239 812 recuperata
1263 742 1734 814 Constantinopoli
1795 754 1964 798 totum

381 834 658 891 Orientale
712 835 996 903 imperium
1053 835 1329 896 obtinens.
1389 836 1509 902 ejus
1566 836 1859 890 amicitiam
1913 846 1968 892 et

380 927 693 982 allinitatem
721 928 861 980 ultro
924 929 1198 991 ambierit,
1256 927 1381 982 data
1432 927 1591 992 Nogte
1643 929 1697 983 in
1742 945 1963 985 uxorem

380 1022 596 1093 ιιῐομι·ἱιι
638 1020 744 1074 tilia
782 1021 1155 1091 Enpbrosyne,
1206 1033 1368 1091 prout
1396 1021 1512 1077 fuse
1544 1031 1731 1077 narrat
1783 1032 1966 1078 noster

378 1129 428 1167 c.
468 1114 522 1179 4,
557 1113 591 1167 Ι.
622 1127 651 1162 v
681 1112 851 1180 partis
887 1111 1103 1181 prioris.
1134 1112 1225 1165 ubi
1257 1112 1604 1180 possessione
1631 1111 1881 1167 diuturna
1909 1123 1966 1167 et

376 1209 565 1261 crebra
599 1208 954 1273 prosperitate
979 1220 1353 1269 successuum,
1392 1206 1589 1274 partim
1658 1206 1712 1261 in
1742 1207 1964 1260 eluden-

375 1296 459 1350 dis
494 1306 611 1348 arte
639 1311 701 1348 ac
735 1296 879 1361 dolo,
915 1294 1110 1362 partim
1144 1295 1197 1348 in
1231 1296 1279 1346 vi
1312 1294 1647 1364 repellendis
1675 1296 1963 1353 conatibus

374 1389 717 1441 dominorum
754 1402 995 1441 veterum
1050 1387 1336 1451 fugitivum
1387 1389 1775 1457 repetentium,
1833 1404 1961 1443 scn-

372 1482 474 1536 sitn
514 1482 681 1536 fuisse
708 1479 1087 1535 caulirmatam
1119 1478 1285 1549 Nogae
1318 1480 1620 1550 dynastiam
1655 1479 1961 1552 Pachyme-

372 1588 463 1628 res
494 1575 755 1628 insinuat.
797 1570 952 1626 Unde
977 1589 1082 1626 non
1150 1573 1449 1641 incongrue
1500 1574 1765 1643 suspicari
1812 1574 1957 1637 licet,

372 1665 443 1718 ab
459 1679 599 1717 anno
637 1664 869 1717 maxime
891 1664 1090 1717 Christi
1123 1663 1283 1730 l250,
1312 1679 1420 1733 quo
1454 1664 1682 1728 Batuus,
1717 1674 1775 1718 ut
1834 1681 1957 1720 mox

373 1759 635 1822 dicemus,
670 1759 903 1828 negotiis
945 1757 1241 1828 majoribus
1270 1757 1578 1827 reipublicae
1610 1757 1887 1829 Mogulica:
1920 1774 1951 1813 a

374 1866 504 1906 rura
530 1851 966 1918 septentrionalis
986 1851 1175 1904 litnitis
1211 1862 1471 1905 avocatus
1495 1852 1546 1905 in
1571 1852 1788 1923 longum
1820 1861 1957 1906 tem-

371 1958 472 2012 pus
500 1952 606 2006 est,
645 1944 874 2010 cmpisse
900 1942 1097 2009 Negant
1132 1957 1218 1996 res
1242 1941 1352 1996 illic
1385 1958 1511 1996 suas
1531 1958 1691 2012 agere
1720 1959 1737 2008 ;
1770 1956 1955 2010 perse-

369 2047 699 2101 verasSeqne
733 2034 1031 2087 crescendo
1052 2047 1292 2101 semper,
1329 2048 1612 2102 quousque
1662 2033 1950 2090 duodecim

368 2134 491 2193 post
535 2124 716 2187 annis,
744 2140 888 2177 anno
910 2125 1118 2178 scilicet
1139 2123 1345 2179 Christi
1368 2125 1591 2179 circiter
1620 2125 1778 2191 1262,
1827 2143 1951 2184 eum

368 2216 530 2270 talem
566 2217 859 2284 imperator
889 2216 1121 2270 Michael
1156 2216 1487 2284 judicaverit
1515 2218 1670 2287 cujus
1717 2219 1950 2274 aliinitas

371 2306 583 2367 intima,
615 2306 741 2372 qua
770 2315 896 2359 tunc
936 2320 1058 2358 eum
1092 2306 1191 2357 sibi
1227 2320 1483 2372 generum
1520 2306 1725 2361 faciens
1763 2309 1952 2364 admo-

370 2399 467 2459 vit,
519 2408 574 2452 et
636 2396 831 2452 honori
890 2409 942 2451 ct
970 2395 1222 2465 praesidio
1248 2399 1410 2452 rebus
1463 2398 1575 2454 suis
1598 2399 1776 2456 futura
1800 2402 1951 2456 vide-

367 2501 542 2546 retur.

439 2583 525 2657 [P.
559 2582 687 2655 588]
705 2581 1018 2638 VlllgAnno
1036 2583 1246 2651 Hegirte
1268 2582 1395 2644 6&7,
1420 2583 1576 2649 cujus
1602 2583 1809 2651 primus
1833 2584 1950 2640 dies

370 2676 468 2732 fttit
487 2685 672 2730 sextus
694 2675 941 2730 decimus
958 2676 1159 2743 Aprilis
1178 2674 1378 2730 Juliaui
1404 2690 1550 2729 anno
1564 2674 1769 2730 Christi
1785 2676 1945 2742 ηις).

368 2776 581 2821 mortua
607 2748 842 2837 primum
872 2765 1146 2821 Turacina
1170 2778 1343 2821 matre
1362 2767 1718 2822 dilectissima
1737 2769 1951 2839 Cayuc-

366 2859 590 2922 Chattis,
622 2860 737 2928 ipse
762 2875 871 2927 pra:
904 2858 1095 2913 dolore
1146 2858 1323 2913 locum
1375 2869 1595 2912 mutans
1642 2859 1693 2913 in
1755 2860 1948 2913 itinere

365 2967 560 3007 versus
608 2959 789 3019 partes
817 2950 1130 3005 Orientales
1188 2948 1301 3002 fato
1367 2948 1588 3004 functus
1655 2958 1762 3013 est,
1805 2965 1946 3004 nono

2071 465 2213 529 cepit
2247 465 2292 520 is
2341 480 2515 519 annus
2561 466 2829 521 Arabicus
2883 480 2910 518 a
2952 464 3040 519 die
3066 466 3133 520 ‘26
3165 466 3343 520 Martii
3373 467 3570 523 Juliani
3596 473 3639 526 in

2071 572 2214 610 antto
2269 555 2468 612 Christi
2525 557 2685 613 ηδε.
2717 557 2870 613 Unde
2905 559 3251 627 intelligimus
3279 563 3519 629 auspicia
3552 566 3641 617 int-

2070 651 2203 717 pcrii
2268 650 2551 705 Muttltakai
2583 651 2805 716 Kaanis,
2865 651 2969 706 diei
3011 668 3156 705 nono
3197 653 3385 707 Rabiaa
3429 656 3638 723 prioris,

2071 753 2127 795 ut
2167 744 2364 798 diserte
2387 745 2582 798 asserit
2615 744 3072 814 Abulpharagins,
3108 745 3284 807 allisa.
3319 757 3513 800 exacte
3529 766 3637 816 pro.

2068 831 2262 886 cedere
2308 851 2334 885 a
2384 832 2640 887 Kalendis
2685 833 2831 889 Junii
2864 832 3063 887 Juliani
3101 851 3245 890 anno
3282 835 3488 889 Christi
3536 856 3639 891 Ille-

2070 933 2279 979 morato
2311 923 2468 977 1251.
2500 922 2726 978 Videtur
2753 925 2840 979 hic
2868 923 3201 979 Mttnkakaus
3234 926 3390 981 Kaan
3422 928 3634 998 aliquid,

2067 1015 2210 1085 quod
2243 1016 2537 1070 observare
2581 1027 2766 1069 nostra
2799 1015 3051 1081 interest,
3096 1019 3307 1086 primus
3359 1018 3637 1074 innovasse

2066 1109 2120 1162 in
2164 1108 2427 1177 regimine
2468 1108 2702 1177 imperii.
2748 1109 2955 1163 Ascivit
2981 1110 3126 1164 enim
3158 1110 3261 1164 sibi
3292 1112 3458 1165 veluti
3486 1112 3635 1166 Culic-

2066 1217 2160 1266 gas
2209 1216 2241 1257 e
2276 1203 2388 1256 suis
2426 1200 2686 1255 fratribus
2736 1210 2944 1271 septem
2998 1203 3135 1256 duos
3189 1215 3322 1256 natu
3381 1205 3636 1260 maximos

2067 1289 2236 1345 Kobla
2264 1303 2316 1345 et
2342 1291 2549 1345 Hulacu
2570 1309 2587 1356 ;
2612 1305 2840 1360 quorum
2867 1292 3099 1357 priorem
3126 1293 3176 1345 itt
3202 1294 3424 1347 ultimos
3456 1293 3635 1348 Orien-

2065 1386 2134 1439 tis
2167 1385 2321 1445 fines.
2369 1384 2656 1439 Cathaiam
2708 1385 2961 1439 videlicet
3000 1396 3055 1439 et
3110 1383 3378 1439 Sinenses
3430 1387 3635 1454 provin-

2064 1474 2176 1527 cias
2202 1474 2349 1529 misit
2374 1474 2573 1527 tuendo
2594 1474 2701 1528 illic
2721 1473 3050 1545 Mogulcnsis
3076 1474 3288 1545 imperii
3313 1476 3635 1540 limiti,alte-

2064 1583 2182 1621 rum
2217 1566 2429 1620 Hulacu
2466 1570 2808 1622 moderandis
2841 1568 3095 1624 Occiduis
3128 1571 3399 1623 tractibus
3434 1571 3633 1639 imperii

2061 1660 2325 1728 ejusdem,
2373 1660 2475 1714 hoc
2526 1670 2611 1715 est
2669 1661 2975 1729 regionibus
3028 1659 3290 1727 Persidis,
3339 1660 3634 1732 Babylonia!

2064 1763 2118 1808 et
2148 1753 2268 1807 aliis
2325 1754 2570 1808 Romano
2613 1752 2842 1822 imperio
2897 1753 3223 1815 confinibus.
3285 1754 3527 1823 praefecit
3553 1768 3636 1809 su-

2058 1862 2247 1914 prema
2282 1856 2572 1913 potestate,
2629 1861 2790 1916 quam
2825 1847 3009 1902 multis
3038 1847 3196 1902 annis
3221 1846 3336 1901 illic
3364 1849 3629 1913 exercuit;

2063 1939 2202 1993 unde
2242 1955 2269 1992 a
2302 1940 2638 2010 Pacltymere
2687 1940 2792 1994 vol.
2826 1938 2867 2006 l,
2910 1957 2961 2010 p.
2994 1940 3117 2005 ιτι,
3179 1941 3404 1994 Χαλαοῦ
3437 1941 3631 1995 Chalau

2062 2032 2207 2101 (nam
2228 2033 2296 2085 ita
2326 2030 2537 2086 Hulacu
2572 2032 2892 2086 vocabulum
2924 2032 3216 2105 deformat)
3251 2036 3443 2103 ἅρχων
3473 2032 3633 2103 Texui-

2064 2138 2172 2192 ρων
2203 2123 2445 2200 princeps
2482 2122 2845 2177 Tocharorum
2873 2124 3118 2179 absolute
3143 2114 3347 2178 dicitur
3374 2142 3389 2188 ;
3420 2136 3473 2178 et
3500 2125 3630 2193 apud

2060 2213 2540 2285 Abulpharaginm,
2562 2232 2615 2284 p.
2641 2216 2768 2279 537,
2792 2215 3085 2269 consiliarii
3117 2214 3363 2286 Caliphze
3388 2215 3627 2285 Bagdudi,

2060 2307 2126 2359 de
2161 2307 2320 2359 modo
2343 2308 2632 2362 resistendi
2660 2309 2832 2377 copiis
2885 2308 3195 2377 ingentibus
3242 2324 3383 2376 quas
3436 2308 3627 2361 Uulacu

2058 2390 2313 2445 ductabat
2344 2393 2733 2459 deliberantes,
2771 2411 2892 2446 eum
2935 2411 3104 2464 regem
3134 2407 3512 2466 prazpotvntem
3543 2413 3628 2452 ro-

2056 2492 2203 2539 cant.
2233 2484 2463 2539 Videtur
2496 2487 2564 2541 ad
2594 2487 2643 2539 id
2670 2489 2957 2542 consilium
2990 2491 3256 2558 partiendi
3293 2507 3419 2546 cum
3455 2492 3624 2546 fratri-

2058 2578 2159 2631 bus
2213 2578 2424 2647 imperii
2480 2579 2828 2636 Mnnkakaus
2885 2584 3045 2637 Kaan
3090 2584 3466 2649 descendisse,
3536 2588 3624 2641 do-

2057 2690 2178 2734 ctus
2204 2676 2538 2747 experientia
2567 2690 2733 2745 quam
2761 2684 2909 2729 esset
2935 2674 3144 2730 difficile
3174 2687 3251 2730 tot
3287 2686 3504 2747 tantque
3528 2680 3624 2733 late

2056 2780 2303 2841 patentes
2330 2769 2639 2839 provincias
2680 2784 2850 2822 unum
2890 2783 3096 2836 regere.
3119 2768 3278 2822 Auno
3321 2770 3518 2840 quippe
3547 2786 3623 2824 se-

2053 2866 2233 2919 rundo
2284 2864 2365 2918 sui
2420 2863 2657 2930 imperii,
2708 2862 2919 2931 llegirte
2977 2861 3102 2926 650,
3169 2862 3332 2932 cujus
3384 2863 3617 2918 Kalends

2054 2954 2384 3010 Mttharrami
2427 2963 2814 3023 processerunt
2846 2970 2876 3009 a
2902 2954 2991 3009 die
3025 2955 3088 3009 ll
3117 2954 3298 3010 Martii
3333 2954 3527 3011 Juliani
3567 2957 3614 3010 la

363 3044 452 3099 die
497 3043 678 3097 llabiaz
702 3042 922 3112 prioris,
954 3043 1097 3097 tertii
1135 3042 1341 3097 mensis
1393 3042 1446 3096 in
1496 3056 1641 3096 anno
1685 3043 1944 3105 Arabico,
1973 3073 2020 3136 ο
2054 3063 2199 3102 anno
2220 3046 2423 3100 Christi
2460 3046 2623 3109 1232,
2649 3046 2695 3100 is
2735 3047 2821 3098 vix
2863 3046 3049 3101 salvus
3078 3046 3347 3118 effugerat
3376 3048 3616 3119 conjura-

361 3138 467 3193 hoc
515 3146 599 3192 est
656 3138 742 3192 die
794 3136 1248 3205 quinquagesimo
1322 3136 1552 3203 septimo
1603 3150 1631 3187 a
1687 3133 1949 3190 Kalendis

362 3226 715 3290 Mubarrami,
771 3240 894 3293 qua:
962 3235 1087 3278 nuta
1144 3238 1351 3278 numert
1380 3222 1523 3277 diem
1582 3221 1727 3277 Junii
1780 3221 1950 3276 unde-

358 3322 559 3375 cimum
594 3318 861 3387 designat.
894 3314 1149 3368 Turbatis
1199 3327 1264 3367 eo
1328 3313 1605 3382 inopinato
1655 3328 1781 3368 casu
1831 3313 1947 3369 Mo-

355 3410 662 3478 gttlensinnt
708 3407 870 3476 811
918 3405 1113 3468 rebus,
1157 3412 1266 3457 tota
1318 3418 1453 3476 cura
1486 3402 1696 3471 imperii
1744 3401 1808 3455 all
1841 3401 1946 3456 Ba-

361 3516 510 3557 tttum
543 3518 574 3556 e
598 3502 769 3569 stirpe
821 3497 1216 3563 Gingizchanis
1252 3507 1380 3548 natu
1439 3495 1738 3548 maximum
1775 3496 1943 3549 devo-

356 3592 468 3646 luta
487 3600 593 3645 est.
626 3590 676 3644 Is
704 3604 800 3659 per
822 3588 1196 3654 interregnum
1218 3584 1483 3654 regimine
1512 3585 1563 3636 in
1593 3599 1788 3638 manus
1805 3599 1943 3639 sum~

356 3694 449 3752 pto
472 3683 637 3736 dabat
665 3693 884 3748 operam
902 3674 1301 3745 congregandis
1327 3674 1392 3728 de
1411 3688 1560 3729 more
1581 3674 1760 3745 gentis
1778 3674 1945 3729 comi-

351 3775 484 3840 tiis;
510 3787 629 3842 quae
664 3786 753 3825 res
774 3771 844 3823 oh
871 3769 1187 3823 distantiam
1241 3766 1504 3831 locorum,
1526 3766 1943 3836 principumque

353 3862 741 3930 occupationes
756 3860 808 3913 in
833 3860 1153 3928 provinciis,
1184 3858 1457 3928 longiores
1476 3873 1624 3912 nunc
1641 3858 1803 3913 solito
1823 3873 1941 3913 mo-

355 3974 447 4014 ras
468 3957 675 4013 habuit.
699 3955 753 4009 ltt
774 3955 917 4010 hunc
945 3954 1197 4010 eumdem
1225 3969 1426 4007 annum
1448 3962 1597 4008 recte
1626 3967 1689 4008 ac
1706 3968 1938 4007 censen.

356 4063 517 4106 tanee
537 4049 876 4104 nostratibus
894 4047 1252 4113 cbronologis
1273 4045 1938 4115 confertAbnlpharagius

346 4141 663 4213 prioremin
699 4138 917 4211 Syriam
952 4149 1004 4193 et
1032 4137 1321 4209 [Egyptum
1366 4137 1766 4206 expeditionem
1808 4153 1937 4193 san-

331 4236 426 4290 ~cti
450 4232 735 4297 Ludovici,
766 4247 930 4303 quem
963 4246 1099 4284 sono
1132 4232 1284 4283 vocis
1308 4227 1451 4283 fama
1477 4230 1685 4298 jactata
1736 4231 1789 4284 in
1844 4231 1935 4286 lit-

336 4335 499 4381 .tcras
524 4324 791 4381 Arabicas
813 4323 1068 4393 conjecto
1097 4321 1396 4393 Redefrans
1433 4323 1690 4392 appellat.
1716 4323 1800 4379 Ab
1829 4327 1935 4381 hoc

2057 3141 2256 3195 tionem
2286 3141 2573 3194 adversum
2605 3154 2664 3194 se
2692 3140 2924 3193 validam
2961 3140 3267 3210 principum
3299 3157 3411 3195 suae
3434 3143 3615 3211 gentis.

2052 3242 2351 3304 postquam
2395 3247 2713 3303 oppressam
2755 3233 2940 3288 statim
2987 3234 3151 3287 refert
3191 3235 3615 3304 Abulpbaragius

2050 3323 2351 3378 destinatos
2387 3323 2455 3376 ab
2497 3336 2562 3376 eo
2598 3320 2830 3375 Koblam
2864 3321 3094 3377 fratrum
3132 3323 3301 3392 812
3334 3317 3613 3378 maximum

2052 3414 2107 3468 in
2146 3425 2328 3483 partes
2365 3412 2605 3468 Cathaia:
2638 3422 2692 3467 et
2736 3411 2950 3466 Hularu
2996 3415 3296 3468 secundmn
3328 3415 3396 3470 ab
3424 3416 3538 3479 hoc,
3563 3429 3613 3467 nt

2048 3506 2347 3561 Occiduum
2378 3504 2710 3573 Mogulensis
2739 3505 2954 3574 imperii
2988 3506 3239 3563 limitem.

2035 3581 2041 3587 ’
2121 3598 2210 3652 IX.
2247 3599 2404 3653 Anno
2431 3597 2640 3669 Hegirze
2669 3597 2798 3660 651.
2831 3599 2987 3668 cujus
3014 3599 3222 3668 primus
3251 3599 3369 3656 dies
3397 3600 3451 3654 in
3478 3612 3609 3654 anno

2044 3690 2263 3747 Juliano
2286 3707 2409 3746 tera:
2436 3690 2637 3745 Christi
2669 3690 2811 3745 1255
2838 3700 2920 3745 est
2965 3694 3157 3745 tertius
3185 3693 3390 3748 mensis
3422 3692 3607 3758 Martii,

2042 3785 2337 3856 capessivit
2366 3784 2575 3839 Hulacu
2607 3783 2723 3837 sive
2759 3782 2967 3837 Cltalau
3007 3784 3358 3838 commissam
3391 3784 3490 3839 sibi
3517 3800 3605 3838 att-

2043 3894 2113 3933 no
2138 3878 2418 3948 superiore
2436 3873 2809 3943 pra-fecturam
2835 3875 3234 3944 provinciarum
3258 3876 3604 3931 Occiduaruut

1978 4035 1982 4039 ,
2040 3970 2369 4040 Mogulensis
2396 3968 2631 4038 imperii,
2679 3967 2745 4022 ad
2775 3982 2912 4039 quas
2959 3967 3237 4036 profectus
3290 3980 3375 4025 est
3417 3966 3604 4023 ducens

2038 4061 2337 4118 exercitum
2366 4059 2869 4115 nutnerosissitnum
2899 4069 3064 4130 atque
3088 4059 3468 4117 lectissimum:
3491 4074 3601 4114 nant

2039 4167 2070 4207 e
2098 4150 2329 4221 singulis
2360 4151 2657 4206 decadibus
2689 4150 2925 4204 militum
2955 4154 3090 4206 duos
3137 4151 3320 4222 elegit.
3351 4152 3601 4221 Suppedi-

2041 4244 2173 4298 tavit
2204 4243 2368 4297 etiam
2398 4243 2449 4297 ei
2477 4240 2821 4299 Munkakaus
2847 4241 2999 4297 Kaan
3051 4242 3327 4313 ingentem
3384 4255 3599 4312 appara-

2035 4346 2150 4392 tum
2177 4350 2454 4389 armorum
2486 4343 2541 4388 et
2587 4333 2960 4389 machinarmn
3020 4349 3145 4390 cum
3194 4335 3363 4390 fabris
3400 4349 3594 4391 earum.

346 4419 522 4473 refert
549 4425 758 4485 raptam
785 4415 1125 4479 Damiatam;
1157 4424 1269 4466 ttnu
1300 4425 1495 4468 caetera
1530 4417 1596 4470 de
1629 4415 1927 4473 illoeadem
1959 4422 2008 4480 ο
2034 4428 2197 4484 Duxit,
2250 4443 2466 4498 quoque
2525 4441 2707 4484 secum
2765 4425 2978 4480 Hulacu
3036 4426 3207 4498 ﬁlium
3254 4443 3414 4483 suum
3483 4437 3597 4483 ηιω

341 4511 511 4577 plane
532 4506 970 4576 pariqueordine
1005 4519 1070 4559 ac
1107 4504 1278 4560 nostri
1314 4507 1635 4575 exsequitur
1654 4507 1928 4564 historici.

337 4602 484 4668 Quae
505 4600 706 4662 obiter,
732 4600 798 4651 ad
819 4598 1099 4667 specimen
1130 4598 1449 4653 veracitatis
1469 4597 1629 4664 hujus
1644 4600 1927 4667 Chronici,

342 4692 486 4745 tanti
536 4691 637 4745 fuit
688 4691 987 4761 indicasse1
1036 4689 1197 4744 Anno
1258 4691 1453 4745 dehinc
1533 4689 1740 4762 Uegirze
1788 4692 1922 4758 648,
1970 4744 1975 4750 .

324 4785 507 4853 θυήεις
571 4782 822 4838 Kalenda:
882 4781 1216 4836 Mttltart-ami
1251 4797 1280 4836 a
1336 4783 1423 4837 die
1478 4782 1677 4851 Aprilis
1737 4788 1925 4855 quinta

334 4877 651 4946 procedunt
685 4875 737 4928 itt
778 4889 923 4929 anno
966 4890 1090 4928 rem:
1121 4875 1361 4944 vulgatis
1406 4874 1733 4930 Christianae
1767 4878 1924 4941 19.50,

324 4970 564 5025 {evuluto
580 4969 693 5037 jam
720 4969 940 5022 biennio
973 4984 1000 5021 a
1033 4978 1209 5022 tnortc
1230 4967 1660 5038 Cayuc-Cltanis.
1696 4986 1926 5029 cernens

332 5062 554 5116 Batnas
594 5059 795 5113 frustra
851 5074 910 5114 se
944 5060 1212 5113 hactenus
1240 5059 1518 5116 laborasse
1553 5062 1604 5116 in
1639 5077 1926 5119 accersen-

346 5154 433 5209 dis
459 5169 490 5209 e
541 5155 841 5222 longinquo
878 5153 1248 5222 cogendisque
1280 5156 1333 5207 in
1398 5154 1634 5222 legitima
1700 5157 1921 5212 cernitia

332 5244 736 5314 Mogulensium
770 5246 1130 5315 principibus,
1171 5244 1240 5300 de
1278 5247 1507 5302 consilio
1553 5251 1921 5317 praesentium,

338 5346 398 5392 et
433 5352 655 5392 assensu
684 5337 993 5391 absentium
1028 5353 1123 5408 per
1159 5338 1355 5395 missos
1388 5350 1441 5393 et
1492 5342 1702 5397 litteras
1738 5342 1927 5397 decla~

334 5440 486 5491 rato,
554 5427 914 5484 Munkakaum
983 5445 1013 5486 e
1050 5430 1440 5499 Gingizchauis
1495 5434 1665 5504 stirpe
1712 5435 1925 5504 magnis

326 5523 566 5579 dotibus
637 5524 903 5592 insignem
960 5524 1062 5579 rite
1129 5527 1515 5595 imperatorem
1579 5530 1921 5595 declarat-it,

330 5614 603 5685 adjuncto
656 5616 706 5671 ei
757 5616 961 5672 Kaanis
992 5618 1167 5674 titulo.
1201 5617 1390 5689 Neque
1431 5622 1516 5677 hic
1545 5631 1723 5677 tamen
1770 5623 1921 5691 prius

324 5700 503 5779 3quam
533 5722 703 5768 verno
752 5718 998 5780 tempore
1032 5713 1157 5770 anni
1196 5714 1494 5784 sequentis,
1557 5713 1761 5786 llegirtc
1795 5716 1919 5781 649,

2033 4521 2116 4594 [Ρ.
2148 4520 2274 4592 589]
2295 4522 2586 4574 maximum
2623 4517 2902 4590 (Abaltam,
2934 4519 3109 4589 inquit
3130 4519 3553 4590 Abulpbaragius
3581 4534 3593 4571 :

2030 4624 2112 4670 est
2139 4613 2187 4667 is
2221 4613 2340 4667 sine
2369 4612 2533 4667 dubio
2562 4625 2721 4681 quem
2754 4611 3118 4681 Pachymeres
3162 4613 3400 4682 Apagam
3430 4609 3591 4680 vocat)

2032 4717 2086 4760 et
2107 4706 2422 4777 primariam
2449 4720 2674 4759 uxorem
2694 4704 3060 4760 Christianam
3080 4704 3347 4759 Dukusam
3367 4705 3589 4762 nomine.

2033 4799 2167 4865 Quae
2195 4808 2389 4852 cuncta
2418 4796 2575 4867 juvat
2597 4811 2932 4861 memorare,
2979 4796 3233 4866 quoniam
3285 4798 3351 4853 iis
3382 4814 3495 4866 qua:
3532 4797 3590 4848 de

2030 4878 2645 4959 Chnton-Pachytneres
2701 4888 2864 4945 tradit
2912 4889 3071 4944 fidem
3122 4899 3391 4946 astruunt.
3430 4889 3587 4944 Annis

2030 4984 2166 5055 lleg.
2193 4983 2296 5039 655
2337 4991 2390 5037 et
2438 4981 2546 5037 654
2591 4991 2840 5038 recenset
2877 4982 3317 5053 Abulpbaragius
3359 4984 3586 5048 quaedam

2029 5087 2148 5131 acta
2186 5075 2396 5130 Hulacu
2426 5075 2560 5129 satis
2584 5075 2899 5144 conspicua,
2928 5074 3024 5129 sed
3049 5090 3235 5144 parum
3263 5076 3328 5131 ad
3358 5092 3447 5129 nos
3471 5087 3585 5141 per-

2031 5167 2281 5223 tinentia.
2328 5166 2486 5222 Unde
2533 5166 2599 5221 ad
2651 5181 2852 5221 annum
2896 5167 3026 5236 Heg.
3084 5166 3190 5223 655
3218 5181 3580 5238 promeremus

2022 5254 2255 5327 gradum
2289 5258 2382 5314 :in
2408 5273 2473 5313 eo
2522 5258 2720 5327 quippe
2753 5259 2917 5314 nimis
2960 5260 3122 5313 etiam
3159 5263 3326 5316 multa
3376 5261 3439 5315 ad
3492 5272 3580 5314 nos

2028 5348 2329 5417 spectantia
2362 5348 2802 5417 Abulpbaragius
2853 5363 3138 5408 memorat.
3180 5352 3383 5422 incepit
3416 5353 3456 5407 is
3479 5365 3577 5403 an—

2027 5456 2130 5494 nus
2159 5439 2424 5496 Arabieus
2458 5454 2490 5493 a
2517 5440 2605 5493 die
2636 5441 2704 5496 i9
2752 5440 2997 5496 Januarii
3053 5448 3179 5497 anni
3245 5446 3376 5499 Chr.
3431 5441 3574 5499 {257.

2027 5534 2170 5587 unde
2199 5543 2345 5587 tutus
2369 5531 2485 5588 fere
2516 5548 2637 5588 cum
2667 5536 2767 5588 hoc
2794 5547 3283 5591 conuuensuratur.
3311 5536 3385 5589 Eo
3406 5533 3575 5591 smibit

2026 5626 2484 5697 Abulpharagius,
2514 5641 2567 5695 p.
2600 5627 2704 5681 554
2728 5636 2781 5682 et
2811 5628 3092 5698 deinceps,
3125 5642 3408 5698 πεποίηκε
3428 5626 3575 5681 Theo-

2023 5721 2212 5774 dorum
2244 5721 2614 5789 imperatorem
2654 5718 2959 5777 Crwrorum
2982 5725 3036 5778 in
3089 5726 3212 5779 urbe
3246 5724 3422 5788 Nicia,-
3459 5721 3573 5772 inte-

3624 5138 3643 5177 ἰ
