3880 6548
182 307 281 376 869

1459 278 2129 348 CIIRONOLOGICUS.

3322 254 3432 320 8'70

184 429 610 492 mouentum
640 410 921 481 patricium
982 403 1316 477 qumdame
1366 419 1460 457 suo
1489 400 1747 456 comitatu
1780 404 1825 457 Α
1855 410 2008 450 scere
2070 391 2247 462 inagis
2307 387 2559 458 coeperit,
2598 380 2847 453 superius
2900 388 3083 435 tamen
3137 372 3432 430 inolevisse

2386 484 2396 492 .
2548 480 2598 492 σι
2661 477 2713 492 ι·
2754 486 2793 492 ,ν
2828 475 2902 492 1--
2968 471 3142 492 --_2-..
3202 466 3401 492 ε-.,ιε,...ι

185 510 484 572 Hichadem
513 516 853 577 cognomento
891 500 1275 569 Palwologum,
1317 495 1456 566 quod
1480 511 1509 549 e
1529 492 1747 565 quibus-

185 612 295 664 dam
322 602 594 659 vaticiniis
626 614 746 670 qua:
788 595 1093 666 ferebantur
1131 599 1457 660 suspectam
1497 596 1750 656 regnatu-

186 710 324 759 rum;
366 692 597 764 iusisse
632 688 786 742 illum
839 686 897 739 in
955 681 1210 738 territorii
1265 672 1749 734 Thessalonicensis

184 798 340 843 castro
365 783 597 854 quodam
626 777 1017 847 comprehendi,
1038 775 1258 844 ducique
1308 774 1362 825 in
1397 783 1663 823 carcerem
1715 781 1752 819 α

185 878 401 951 quodam
432 877 668 936 Gadino,
694 873 785 944 qui
807 884 983 924 tamen
1015 870 1063 923 ei
1090 865 1395 938 praedixerit
1449 860 1751 924 imperium,

186 949 502 1042 exsequendo
536 963 878 1020 nihilominus
896 962 1112 1029 jussum
1142 953 1480 1025 imperatoris
1514 949 1756 1005 Theodo-

187 1068 247 1118 ri.
276 1062 430 1116 Hunc
460 1060 614 1113 addit
638 1056 857 1111 adducti
878 1054 948 1108 ad
991 1069 1047 1106 se
1078 1049 1352 1104 Michaelis
1387 1043 1758 1100 misericordia

188 1168 369 1213 motum
409 1171 535 1210 eum
573 1153 846 1211 liberasse,
876 1158 924 1202 et
957 1155 1182 1200 tutorem
1207 1157 1388 1212 parvo,
1417 1155 1567 1207 quem
1591 1138 1758 1191 relin-

195 1255 383 1325 μεῖναι,
415 1251 535 1321 ﬁlio
562 1245 922 1302 Calo—Joanni
952 1252 1133 1297 vocato
1154 1238 1473 1309 pra’fecisse.
1495 1235 1571 1288 Ac
1598 1232 1757 1303 paulo

193 1359 289 1403 rost
320 1357 589 1400 mortuum
621 1343 676 1394 in
710 1337 1030 1394 monasterio
1064 1333 1119 1389 Μ
1127 1334 1355 1404 agnesite
1378 1331 1543 1400 fuisse
1569 1327 1761 1394 sepul—

192 1451 308 1494 tum.
334 1440 503 1493 Addit
537 1434 841 1489 Muzalonis
873 1431 1097 1489 caedem,
1150 1423 1428 1479 Michaelis
1475 1418 1761 1489 Palmologi

191 1532 577 1603 promotionem
649 1524 718 1579 ad
806 1524 1117 1591 imperium,
1201 1494 1763 1583 circumscriptionem

192 1626 329 1695 pueri
352 1619 748 1677 Cale-Joannis
774 1657 790 1682 ,
821 1614 1144 1685 ejectionem
1176 1610 1393 1666 Arsenii
1439 1607 1764 1680 patriarcha

192 1718 240 1773 in
263 1714 515 1769 exsilium
536 1712 692 1780 jussu
718 1708 1019 1767 Michaelis,
1047 1704 1191 1775 quod
1214 1703 1260 1759 is
1287 1703 1465 1771 ipsum
1490 1701 1554 1755 de
1576 1698 1762 1769 pupilli

190 1808 537 1880 oppressione
568 1802 1046 1874 reprehendisset;
1076 1800 1311 1867 denique
1337 1796 1644 1850 accumulat
1682 1809 1773 1847 su-

192 1916 277 1973 per
293 1899 477 1955 omnia
502 1895 973 1965 recuperationem
992 1892 1142 1946 urbis
1158 1888 1777 1955 Constantinopolitante

190 2004 237 2049 et
256 1992 584 2062 ejectionem
609 2003 677 2043 ex
730 2001 795 2041 ea
846 1984 1188 2045 Latinorum,
1220 1983 1439 2035 modum
1492 1979 1573 2033 rei
1610 1987 1778 2048 gesta:

194 2084 449 2146 referens,
482 2082 710 2150 in‘quo,
755 2090 813 2134 ut
843 2088 898 2133 et
927 2076 1182 2144 superius
1229 2073 1573 2138 memoratis,
1621 2086 1774 2136 mtte-

196 2179 307 2233 darn
340 2192 450 2230 non
484 2180 628 2231 adeo
653 2172 832 2241 magni
866 2168 1123 2226 momenti
1182 2168 1563 2236 discrepantia;
1612 2180 1641 2219 a
1669 2164 1775 2219 Pa-

197 2269 545 2340 chymeriaua
565 2265 882 2322 narratione
912 2261 1073 2316 facile
1124 2275 1250 2315 cum
1286 2259 1620 2328 deprehendi
1662 2269 1773 2312 tum

195 2362 380 2431 corrigi
408 2366 672 2430 poterunt
710 2373 774 2412 cx
809 2355 1102 2410 collatione
1156 2369 1276 2407 cum
1314 2352 1350 2406 l.
1385 2367 1401 2405 ι
1430 2336 1602 2420 partis
1634 2351 1780 2417 prio-

197 2454 267 2510 ris
295 2455 457 2519 hujus
518 2462 723 2506 nostrai
773 2448 1032 2503 historiae.
1097 2444 1271 2500 Unum
1331 2443 1643 2497 necessario
1691 2441 1779 2497 hic

200 2546 571 2607 emendamus,
607 2541 750 2612 quod
780 2541 855 2595 ait
878 2539 1112 2609 spatium
1168 2536 1450 2605 temporis,
1501 2550 1612 2604 Quo
1650 2533 1779 2588 urbs

200 2636 698 2704 Constantinopolis
733 2643 863 2688 tunc
901 2630 1108 2686 Graecis
1153 2628 1357 2684 reddita
1388 2632 1691 2696 permansrt
1725 2624 1777 2679 in

204 2740 465 2801 potestate
484 2728 837 2788 Latinorum,
874 2727 1039 2778 fuisse
1065 2737 1323 2776 annorum
1366 2720 1578 2773 circiter
1628 2718 1785 2785 quin-

203 2827 450 2895 quaginta
488 2823 680 2876 trium.
720 2818 916 2872 Verius
942 2817 1147 2886 quippe
1178 2815 1443 2883 Georgius
1488 2809 1784 2879 Acropoli—

208 2925 288 2980 ta,
320 2930 480 2985 quem
521 2913 915 2980 descripsimus
948 2919 999 2963 et
1026 2916 1172 2962 recte
1210 2920 1527 2960 numerasse
1553 2906 1786 2958 demon-

205 3007 491 3061 stravimus
521 3006 763 3074 priorum
795 3000 1251 3056 Observationum
1292 2999 1324 3049 Ι.
1355 3010 1439 3060 ιιι,
1472 3010 1523 3051 c.
1552 2996 1606 3062 4,
1640 3010 1695 3050 n.
1726 2994 1784 3060 5,

206 3100 465 3154 detentum
502 3115 537 3152 a
568 3096 780 3150 Latinis
809 3089 1337 3160 Constantinopolim
1372 3104 1467 3156 per
1492 3101 1661 3142 annos
1691 3100 1787 3142 occ

208 3202 256 3245 to
276 3207 434 3273 supra
468 3187 870 3261 quinquaginta
899 3184 1184 3238 afﬁrmavit
1208 3223 1222 3246 ,
1254 3180 1418 3251 813
1447 3195 1566 3234 cum
1629 3179 1787 3233 abiis

209 3271 508 3353 expugnata
547 3282 715 3336 fuerit
738 3294 885 3333 anno
912 3276 1118 3333 Christi
1156 3273 1319 3338 1205,
1352 3273 1443 3325 die
1469 3272 1537 3324 12
1566 3271 1789 3341 Aprilis,

209 3386 258 3430 et
281 3376 489 3431 Graecis
529 3374 740 3428 reddita
768 3385 910 3425 anno
939 3368 1141 3422 Christi
1177 3365 1337 3430 1261,
1372 3364 1460 3417 die
1487 3364 1554 3419 25
1588 3361 1792 3416 mensis

209 3469 347 3522 Julii.
382 3467 596 3523 Fraudi
621 3464 879 3518 nimirum
913 3460 1319 3529 Ahulpharagio
1353 3456 1475 3521 fuit,
1501 3456 1641 3524 quod
1676 3454 1790 3507 haec

213 3569 419 3621 cuncta,
451 3564 618 3625 prout
651 3551 813 3609 simul
851 3552 1121 3614 audierat,
1154 3564 1264 3602 uno
1300 3547 1446 3601 fasce
1502 3547 1553 3600 in
1588 3556 1792 3598 annum

215 3644 292 3704 sui
322 3646 588 3704 Chronici
613 3646 831 3700 unicum
860 3640 1172 3710 congessit;
1205 3654 1324 3708 qua:
1353 3640 1397 3692 si
1428 3635 1791 3698 distinxisset,

214 3743 573 3811 perducturus
618 3736 796 3792 fuerat
829 3736 894 3789 ad
931 3749 1134 3789 annum
1190 3730 1401 3800 Hegiroe
1458 3727 1585 3794 659,
1637 3726 1794 3796 cujus

216 3832 459 3888 Kalendae
492 3828 829 3886 Muharrami
861 3842 986 3881 cum
1038 3826 1260 3881 inierint
1289 3838 1319 3876 a
1351 3823 1440 3876 die
1472 3828 1627 3876 sexta
1684 3818 1791 3874 lle-

216 3925 441 3980 cembris
465 3922 599 3979 anni
629 3920 833 3976 Christi
869 3918 1030 3981 1260,
1080 3915 1272 3982 majori
1301 3914 1385 3968 sui
1413 3922 1568 3982 parte
1620 3923 1796 3964 annus

218 4016 301 4071 ille
330 4017 600 4072 Arabicus
628 4029 752 4069 cum
808 4010 1023 4066 Juliano
1075 4008 1130 4063 in
1185 4022 1295 4061 aera
1350 4013 1535 4059 nostra
1586 3999 1796 4073 vulgari

221 4109 345 4165 1261
380 4108 683 4163 concurrit.

288 4203 352 4258 Χ.
415 4203 780 4270 Ignoscamus
819 4204 1001 4248 autem
1034 4232 1050 4258 ,
1083 4202 1287 4245 censeo
1314 4226 1331 4253 ,
1387 4181 1797 4253 Abulpharagio

225 4297 423 4365 culpam
458 4295 624 4348 istam
674 4288 1112 4359 qualemcunque
1145 4279 1501 4336 confusorum
1548 4276 1602 4330 in
1630 4288 1797 4329 unum

226 4363 487 4440 annorum
515 4390 770 4452 quatuor,
798 4392 959 4446 quam
995 4382 1219 4428 excusat
1252 4370 1307 4425 in
1359 4367 1579 4423 homine
1620 4363 1802 4420 Arabe

230 4495 444 4550 peregre
506 4478 736 4544 degente
778 4471 869 4523 vix
916 4466 1195 4523 evitabilis
1264 4459 1571 4533 ignorantia
1609 4471 1793 4512 rerum
1828 4456 1875 4511 ι)
1969 4436 2063 4494 XI.
2098 4435 2246 4503 Ergo
2270 4432 2317 4483 is
2350 4435 2406 4481 ut
2440 4441 2490 4480 at

229 4573 537 4627 (iraa-arum
576 4570 718 4622 haud
769 4578 868 4633 per
905 4576 964 4614 se
1019 4569 1351 4628 magnopere
1404 4551 1701 4621 insignium
1744 4557 1799 4603 et

235 4664 359 4719 locis
398 4680 428 4718 a
484 4658 819 4715 commercio
872 4655 1115 4721 abruptis
1179 4655 1577 4702 transactarum
1606 4679 1627 4709 ,
1675 4656 1798 4696 cum

235 4758 534 4828 praesertim
576 4752 764 4807 eodem
801 4757 1047 4816 tempore
1090 4751 1300 4796 mentes
1322 4738 1389 4794 ad
1442 4752 1502 4792 se
1554 4734 1799 4790 omnium

239 4866 326 4919 per
352 4849 674 4905 interiorem
714 4842 903 4896 Asiam
957 4843 1212 4906 raperent
1261 4828 1556 4900 prodigiosi
1614 4825 1803 4893 Mogu-

241 4917 396 4998 leusis
439 4939 659 5011 imperii
704 4936 806 4992 sub
861 4929 1122 5001 auspiciis
1163 4925 1376 4980 Halacu
1425 4922 1543 4976 sive
1590 4917 1799 4974 Chalau

241 5032 598 5108 progressus,
643 5044 749 5085 nec
781 5029 849 5081 iis
908 5025 1143 5094 Spatium
1206 5019 1308 5072 alia
1370 5017 1528 5081 longe
1595 5012 1804 5065 minora

247 5099 551 5183 distinctius
604 5118 933 5179 observandi
985 5114 1379 5181 relinquerent.
1439 5105 1574 5159 Nam
1623 5099 1804 5156 statim

249 5232 361 5291 post
414 5233 623 5275 annum
670 5214 821 5268 illum
878 5208 1088 5279 llegirae
1137 5201 1283 5265 655,
1341 5213 1450 5268 quo
1515 5202 1810 5263 aagrotasse

251 5282 590 5370 ll'heodorum
624 5307 940 5364 Grazcorum
993 5302 1381 5367 imperatorem
1447 5289 1612 5341 tradit
1642 5282 1812 5337 Abul-

255 5404 538 5476 pbaragius
567 5442 583 5468 ,
623 5413 728 5453 non
766 5393 905 5448 male
971 5391 1037 5442 ad
1099 5391 1341 5438 nostram
1402 5370 1813 5437 chronologiam

261 5512 398 5553 torno
425 5494 598 5565 priori
631 5507 682 5547 c.
705 5488 898 5543 ultimo
924 5483 963 5536 1.
1000 5496 1057 5535 ιιι
1102 5470 1559 5532 Observationqu
1609 5475 1816 5529 expau-

264 5607 371 5645 Sam
425 5555 527 5646 etsi
579 5586 722 5639 enim
778 5579 890 5633 illic
925 5589 1025 5628 nos
1079 5582 1219 5624 anno
1257 5560 1460 5619 Christi
1504 5555 1687 5617 1258,
1729 5566 1815 5605 re-

267 5687 553 5751 spondente
574 5691 717 5734 auno
742 5671 954 5742 llegirac
983 5667 1087 5723 656
1110 5706 1124 5729 ,
1158 5662 1388 5731 primam
1426 5650 1598 5707 morbi
1633 5647 1818 5701 Theo-

270 5778 376 5833 dori
415 5775 737 5833 mentionem
768 5764 1135 5838 posuerimus,
1186 5754 1327 5825 quod
1384 5758 1509 5803 tunc
1561 5746 1819 5828 ingrave-

1856 504 1964 543 non
2017 500 2313 555 negamus:
2385 484 2496 537 imo
2547 480 2600 535 id
2661 475 2909 532 historia
2963 471 3144 528 series
3202 466 3428 525 indicat,

1858 580 2065 644 statim,
2101 580 2320 649 inquam
2347 618 2362 643 ,
2413 584 2540 646 post
2573 614 2589 638 ,
2626 584 2822 641 nempe
2873 582 3015 621 anno
3047 562 3256 633 Hegira:
3283 557 3389 613 656
3414 597 3433 622 ,

1859 676 2015 743 cujus
2048 673 2391 729 luitinitimn
2449 670 2561 725 dies
2598 663 2847 723 Januarii
2893 669 3123 716 octavus
3175 660 3231 712 in
3289 668 3437 708 anno

1861 765 2068 821 Christi
2098 765 2260 819 modo
2289 770 2593 817 memorato
2628 756 2768 812 1258
2800 795 2816 819 ,
2848 752 3053 809 Huiacu
3096 763 3286 804 mense
3318 746 3436 812 ipso

1863 859 1992 911 anni
2018 857 2194 924 primo
2228 854 2576 908 Muharramo
2615 845 2955 919 oppugnavit
2996 838 3440 911 expugnavitque

1863 950 1916 1004 vi
1950 962 2165 1004 summa
2235 948 2425 1001 urbem
2486 945 2645 1011 longe
2717 939 3012 995 maximam
3072 930 3387 1000 Bagdadum
3422 964 3441 992 ,

1864 1042 1991 1098 olim
2031 1040 2366 1112 Babylonem
2424 1038 2622 1090 dictam
2656 1073 2670 1097 ,
2704 1029 3044 1098 metropolim
3092 1024 3240 1093 regni
3293 1018 3444 1074 Cali-

1867 1136 2007 1207 phar.
2035 1135 2152 1200 Quo
2182 1134 2235 1187 in
2270 1130 2517 1187 ordinem
2548 1128 2771 1182 redacto
2806 1164 2823 1191 ,
2861 1124 3173 1188 ditioneque
3235 1116 3355 1183 ejus
3385 1112 3442 1166 in

1869 1228 2083 1299 imperii
2163 1225 2415 1295 Mogulici
2501 1220 2837 1293 provinciam
2919 1228 3180 1270 oorwersa
3215 1251 3230 1275 ,
3320 1209 3446 1263 lini-

1874 1322 2065 1376 timnm
2195 1319 2485 1391 dynastam
2514 1357 2530 1383 ,
2607 1312 2860 1367 Mausolea
2929 1308 3022 1381 [P
3049 1347 3063 1362 .
3128 1302 3290 1375 590]
3345 1304 3446 1356 dn-

1871 1416 2113 1480 minum,
2152 1414 2319 1469 minis
2384 1410 2657 1472 territum,
2695 1406 2796 1461 sibi
2849 1401 3196 1456 tributarium
3273 1396 3445 1449 fecit:

1875 1515 1932 1560 et
1955 1503 2288 1572 Astraphum
2316 1502 2629 1572 dynastam,
2668 1496 2812 1550 arcis
2834 1490 3222 1547 munitissimae
3248 1484 3449 1539 ﬁducia

1873 1596 2062 1666 jugum
2091 1595 2280 1648 subire
2309 1592 2706 1648 detrectantem
2736 1629 2752 1653 ,
2781 1589 2834 1640 in
2868 1585 2987 1653 ipsa
3024 1582 3115 1635 illa
3166 1595 3262 1633 sua
3312 1577 3449 1630 urbe

1878 1686 2331 1757 Mihapharekino
2353 1725 2369 1745 ,
2404 1683 2530 1738 licet
2560 1676 2963 1749 inexpugnabili
2999 1712 3015 1736 ,
3046 1676 3191 1727 fame
3220 1671 3451 1723 doman-

1802 1759 2004 1830 Bdum
2026 1773 2266 1828 obsideri
2290 1773 2455 1841 jussit
2510 1785 2540 1824 a
2597 1770 2733 1823 suis.
2781 1766 3010 1819 Duravit
3071 1762 3287 1817 obsidio
3329 1760 3450 1828 plus

1875 1866 2120 1922 biennio.
2154 1864 2397 1919 Tandem
2430 1868 2576 1916 anno
2601 1859 2815 1929 llegirte
2845 1856 2950 1911 658
2986 1855 3289 1922 Astraphus
3332 1853 3449 1921 ple-

1877 1961 2062 2024 risque
2111 1973 2336 2013 suorum
2392 1955 2535 2009 fame
2581 1950 2887 2019 absumptis
2941 1949 3148 2001 dedens
3201 1960 3323 1999 sese
3383 1942 3453 1997 ad

1880 2050 2082 2104 Hulacu
2131 2047 2475 2117 perducitur,
2521 2054 2577 2099 et
2607 2042 2764 2109 jussu
2822 2040 2939 2107 ejus
2972 2037 3322 2093 interﬁcitur.
3348 2035 3455 2090 Eo-

1877 2146 2001 2199 dem
2023 2152 2202 2198 autem
2230 2155 2373 2196 anno
2404 2138 2619 2208 Hegirte
2648 2133 2755 2189 658
2788 2173 2804 2197 ,
2839 2132 2930 2202 qui
2971 2145 3095 2184 cum
3127 2128 3397 2195 inceperit
3421 2143 3450 2180 a

1878 2237 1946 2291 18
1980 2234 2291 2291 Decembris
2350 2233 2475 2285 antri
2519 2228 2722 2284 Christi
2761 2226 2897 2280 1259
2932 2238 3103 2293 usque
3137 2223 3190 2275 in
3228 2222 3456 2275 Decem-

1878 2328 2030 2382 brem
2068 2326 2200 2381 anni
2254 2323 2460 2378 Christi
2514 2318 2652 2374 1260
2701 2315 2997 2378 excurrit,
3038 2312 3245 2367 llulacu
3290 2317 3457 2379 ponte

1881 2418 2143 2489 Euphrati
2195 2418 2452 2484 imposito
2480 2412 2699 2481 trajecit
2749 2410 2801 2464 in
2834 2407 3059 2477 Syriam
3086 2444 3104 2469 ,
3132 2405 3340 2459 ducens
3368 2418 3456 2458 se-

1881 2526 2005 2566 cum
2066 2508 2440 2564 formidabiles
2499 2504 2686 2572 copias
2747 2499 2981 2555 millium
3031 2497 3460 2566 quadringenta.

1880 2618 2025 2666 rum,
2052 2602 2250 2669 quibus
2274 2596 2594 2652 Damascum
2621 2576 2804 2648 oliiter
2830 2590 2996 2658 cepit,
3036 2587 3298 2641 Halebum
3331 2593 3459 2654 post

1884 2695 2095 2751 dierum
2133 2704 2432 2760 paucorum
2480 2682 2936 2756 Oppugnatiouem
2975 2694 3096 2733 cum
3119 2678 3265 2732 caede
3297 2678 3460 2730 innu-

1884 2783 2232 2841 merabilium
2261 2781 2372 2835 illic
2401 2789 2740 2848 repertarum
2779 2771 3135 2842 expugnavit.
3184 2769 3247 2824 ΑΙ
3285 2768 3461 2823 Naser

1887 2876 2080 2932 Halehi
2110 2873 2365 2928 dominus
2394 2886 2518 2925 cum
2554 2866 2821 2922 uxoribus
2876 2875 2932 2917 et
2970 2861 3164 2916 liberis
3196 2861 3308 2925 jam
3335 2868 3464 2913 ante

1887 2965 2170 3038 profugus,
2210 2973 2403 3029 captus
2438 2960 2635 3014 deinde
2661 2966 2716 3012 et
2743 2955 2965 3010 occisus
3005 2964 3113 3009 est.
3149 2952 3262 3005 Sub
3291 2951 3405 3004 haec
3427 2964 3461 3002 a

1894 3063 2184 3115 recedente
2214 3071 2245 3112 e
2273 3054 2429 3125 Syria
2464 3051 2670 3106 Hulacu
2710 3042 2937 3104 relictus
2994 3046 3061 3099 ab
3121 3059 3187 3099 eo
3224 3043 3331 3097 illic
3367 3043 3462 3109 qui

1896 3150 2188 3221 provincia:
2209 3155 2466 3215 praeesset
2497 3143 2742 3211 Cetbuga
2794 3154 2918 3195 cum
2981 3139 3172 3191 decem
3223 3133 3465 3188 millibus

1890 3240 2158 3308 equitum,
2192 3237 2381 3307 prirlio
2407 3234 2586 3289 victus
2614 3240 2669 3285 et
2715 3228 3037 3284 interfectus
3066 3236 3146 3279 est
3196 3240 3222 3275 a
3255 3222 3467 3277 Kutuzo

1890 3331 2060 3405 814
2090 3329 2474 3385 Turcomanno
2506 3323 2760 3394 praefecto
2804 3318 3045 3389 Egypti.
3083 3314 3286 3370 Eodem
3320 3328 3469 3369 anno

1893 3423 2230 3480 Munkakaus
2254 3419 2404 3475 Kaan
2431 3428 2720 3487 supremus
2751 3414 3048 3481 imperator
3074 3402 3466 3474 Mogulensium

1895 3520 2084 3591 praalio
2116 3520 2406 3571 adversum
2451 3524 2634 3578 regem
2658 3505 2913 3559 Sinarum
2944 3499 3292 3554 rebellantem
3319 3510 3472 3548 com-

1898 3587 2072 3667 iuisso
2108 3610 2307 3680 sagitta
2332 3604 2475 3660 ictus
2507 3597 2783 3654 occubuit.
2823 3597 2898 3647 De
2924 3591 3087 3659 hujus
3121 3587 3472 3642 successione

1897 3705 2038 3759 inter
2069 3676 2207 3756 duos
2231 3676 2353 3769 dius
2408 3696 2611 3750 fratres
2640 3705 2737 3761 per
2760 3699 2935 3742 annos
2997 3682 3123 3736 inde
3167 3676 3471 3734 octodecim

1898 3804 2169 3851 certatum
2212 3768 2342 3854 est,
2405 3784 2796 3842 succumbente
2863 3776 3095 3843 denique
3145 3780 3196 3825 et
3280 3768 3475 3821 cedere

1898 3898 2090 3944 coacto
2123 3884 2394 3953 Arighuga
2439 3886 2572 3931 natu
2624 3874 2837 3927 minore
2871 3907 2889 3932 ,
2945 3875 3000 3919 et
3040 3861 3236 3916 Kublai
3276 3867 3474 3927 praeter

1903 3979 2083 4036 aetatis
2132 3971 2547 4044 praerogativam
2608 3959 2994 4032 praestantibus
3049 3966 3269 4022 quoque
3317 3962 3474 4002 com-

1902 4037 2159 4126 mendato
2206 4037 2424 4120 dotibus
2454 4099 2469 4123 ,
2528 4054 2695 4109 armis
2752 4052 2915 4104 etiam
2958 4043 3304 4115 praevalente.
3354 4037 3475 4104 Quo

1901 4162 2046 4222 civili
2081 4171 2190 4214 tam
2215 4155 2363 4224 longi
2422 4146 2681 4217 temporis
2731 4138 2961 4197 dissidio
3017 4142 3168 4187 tanto
3216 4128 3476 4183 videlicet

1901 4255 2108 4310 certius
2154 4222 2511 4305 confirmatus
2559 4246 2643 4294 est
2686 4232 2894 4288 Hulacu
2948 4229 3004 4281 in
3055 4222 3304 4278 absoluto
3361 4228 3474 4272 tra-

1904 4358 2090 4403 ctuum
2119 4338 2512 4398 Occiduorum,
2541 4327 2742 4400 quibus
2771 4328 3021 4393 praeerat,
3048 4312 3299 4383 imperio.

2496 4423 2698 4477 nissam
2748 4416 2904 4468 clade
2945 4409 3207 4475 Cetbugte
3256 4400 3478 4473 Syriam

1908 4490 2288 4596 recuperaiet,
2320 4532 2464 4573 anno
2506 4513 2731 4580 {legirte
2758 4506 2888 4570 659,
2918 4502 3010 4572 qui
3045 4501 3211 4567 cmpit
3240 4511 3270 4548 a
3302 4494 3394 4549 die
3441 4490 3478 4547 6

1909 4593 2225 4678 Decembris
2277 4613 2406 4668 eum
2459 4606 2661 4681 Christi
2715 4600 2854 4656 1260
2894 4635 2912 4665 ,
2977 4602 3031 4649 et
3079 4593 3483 4681 consequenter

1909 4712 2148 4773 excessit
2185 4710 2238 4761 in
2279 4713 2488 4773 partem
2548 4677 2837 4753 maximam
2887 4686 3014 4742 anni
3046 4682 3251 4740 Christi
3296 4677 3429 4733 1261
3463 4713 3483 4737 .

1912 4812 2185 4878 ingentem
2218 4772 2435 4856 suorum
2469 4791 2767 4847 exercitum
2798 4797 2865 4839 eo
2901 4779 3049 4840 misit
3089 4778 3227 4830 duce
3245 4772 3481 4842 quodam

1915 4861 2205 4971 CZgalcio,
2241 4891 2333 4960 qui
2358 4893 2551 4942 cuncta
2582 4883 2756 4951 primo
2785 4875 3025 4953 adventu
3069 4866 3227 4921 facile
3271 4861 3486 4930 subegit

1915 4958 2417 5052 Halebum'usqne,
2453 4971 2702 5047 plurimis
2737 4966 2938 5038 passim
2983 4958 3360 5018 obsistentium
3387 4967 3488 5009 oc-

1920 5086 2073 5142 cisis.
2107 5080 2214 5135 Sed
2264 5047 2385 5130 c'um
2418 5078 2759 5140 praepropere
2815 5058 2883 5113 ad
2938 5069 3070 5110 suos
3125 5047 3486 5109 revertisset,

1919 5138 2372 5248 supervenientes
2408 5138 2788 5232 Egyptiorum
2848 5162 3055 5248 magna:
3093 5144 3260 5213 copia:
3299 5138 3491 5209 Mogu-

1840 5270 1852 5283 κ
1921 5238 2159 5326 lerisibus
2190 5264 2369 5317 denuo
2407 5255 2619 5327 Syriam
2655 5249 2992 5317 eripuerunt.
3026 5239 3253 5293 Interest
3298 5238 3485 5285 nostra

1922 5366 2012 5419 hic
2081 5358 2380 5415 observare
2464 5346 2631 5415 cujus
2697 5336 2959 5408 auspiciis
3018 5334 3132 5387 huic
3193 5338 3301 5381 tam
3359 5320 3557 5376 felix\

1927 5508 2054 5604 ηοῖῗ
2068 5508 2443 5616 perfunctorie
2473 5535 2585 5603 agit
2639 5537 2825 5583 noster
2887 5521 3252 5590 Pachymeres
3279 5550 3295 5575 ,
3331 5508 3367 5562 l.
3388 5523 3447 5562 ιιι
3475 5543 3496 5572 ,

1927 5599 2118 5704 clibi
2136 5643 2191 5689 et
2221 5633 2254 5686 5
2289 5629 2415 5684 tomi
2451 5599 2650 5698 prioris
2680 5661 2694 5684 ,
2729 5633 2815 5674 res
2843 5622 3146 5680 exsequens
3179 5621 3208 5659 a
3240 5599 3500 5704 Miclmeio

1931 5731 2236 5799 Palmulogo
2261 5734 2442 5796 gestas
2466 5720 2645 5777 Statim
2673 5731 2701 5771 a
2730 5708 2957 5770 solemni
2992 5719 3091 5765 sua
3124 5684 3521 5758 coronatioae,’
