3880 6562
380 290 484 359 371

1331 294 1393 352 P.
1432 290 1726 352 POS"INI
1756 288 2412 350 OBSERVATIONUM
2454 286 2600 347 LIB.
2649 283 2772 344 IIl.

3503 285 3609 353 872

382 420 543 474 quam
568 401 780 472 accepit
804 400 1107 456 ministerio
1135 401 1467 469 patriarchae
1489 401 1707 454 Arsenii
1740 439 1755 464 ,
1788 408 1946 469 prout
1975 418 2019 461 Α
2050 413 2240 452 manus
2274 407 2403 451 nato
2430 395 2635 448 factum
2660 390 2976 461 Ethiopnm
3030 387 3297 444 sultanem
3347 393 3611 461 expulisse

387 504 643 549 narratur
673 494 871 547 ibidem
920 508 970 548 c.
1003 493 1072 561 2;
1097 497 1539 549 demonstremus
1572 503 1750 547 autem
1777 531 1791 557 ,
1819 492 1853 544 l.
1887 506 1947 544 ιιι

382 585 843 639 Observationum
871 596 1179 637 nostrarmu
1216 583 1281 637 ad
1329 598 1451 637 eum
1507 592 1707 638 tomum
1743 597 1792 636 c.
1840 580 1950 635 Let

383 680 497 741 10,
548 692 667 731 eam
722 675 1131 730 coronationem
1200 673 1526 729 celebratam
1587 666 1755 728 fuisse
1807 687 1949 726 anno

380 768 584 824 Christi
616 766 776 831 1261,
800 768 901 822 hoc
921 777 1003 821 est
1029 766 1125 820 illo
1158 767 1276 835 ipso
1310 768 1360 820 in
1397 782 1504 834 quo
1535 781 1678 818 nunc
1705 772 1949 818 versatur

380 859 830 928 Abulpharagius,
868 872 989 911 eum
1028 872 1317 911 numerans
1353 857 1563 926 llegira:
1601 856 1725 911 659.
1751 856 1950 909 Scribit

386 952 554 1018 igitur
584 952 703 1003 loco
734 949 896 1003 modo
952 949 1189 1004 indicato
1254 949 1615 1019 Pachymeres
1654 949 1948 1004 sollicitum

382 1040 697 1094 Michaelem
726 1040 793 1093 de
824 1040 926 1093 sibi
958 1040 1289 1093 stabilienda
1321 1055 1510 1094 recens
1530 1039 1945 1109 partoimperio.

382 1149 517 1202 quos
551 1137 787 1187 maxime
813 1142 1057 1201 potentes
1101 1133 1249 1185 circa
1301 1148 1361 1186 se
1392 1134 1667 1200 principes
1690 1134 1946 1196 videbat,

380 1229 482 1282 sibi
517 1228 809 1281 conciliare
845 1227 1135 1280 studuisse.
1186 1226 1264 1279 Ac
1307 1227 1467 1280 facile
1500 1227 1764 1280 videntem
1813 1225 1950 1279 emi-

383 1330 515 1369 nere
548 1328 672 1369 tunc
699 1318 893 1384 opibus
938 1317 1077 1368 inter
1120 1316 1382 1370 tiuitimos
1435 1317 1691 1387 dynastas
1742 1317 1945 1372 Chalau

382 1406 680 1475 principem
707 1405 1081 1458 Tneharorutn
1106 1444 1120 1468 ,
1147 1407 1249 1461 hoc
1277 1418 1361 1462 est
1388 1410 1623 1473 Hulacu,
1650 1408 1804 1479 cujus
1826 1423 1947 1462 cre-

382 1499 482 1552 bro
505 1498 749 1550 meminit
775 1496 1295 1567 Abulpharagius,et
1316 1499 1584 1551 sultanem
1606 1498 1944 1567 xEtbiopum,

382 1587 667 1655 utriusque
720 1590 950 1657 gratiam
987 1589 1197 1642 ambire
1244 1589 1436 1643 oiliciis
1478 1591 1950 1658 legationibusque

384 1678 689 1733 aliaet-asse.
724 1679 799 1731 Ea
821 1681 1110 1733 occasione
1145 1681 1210 1733 de
1235 1682 1447 1735 sultane
1473 1680 1789 1751 Ethiopum
1837 1697 1950 1735 ine-

386 1780 565 1824 tnorat
596 1811 610 1834 ,
654 1770 824 1824 fuisse
859 1772 1004 1824 illum
1036 1788 1243 1840 genere
1289 1773 1608 1836 Cumanum,
1638 1790 1758 1843 quae
1803 1775 1949 1845 regio

389 1870 473 1916 est
512 1877 676 1931 prope
716 1862 948 1915 Pontum
996 1862 1302 1931 Euxinum;
1342 1866 1469 1920 hinc
1515 1867 1644 1921 olim
1675 1868 1948 1922 venditum

385 1954 437 2006 in
468 1954 785 2007 servitutem
817 1953 1080 2023 Egyptio
1110 1956 1331 2013 domino
1352 1998 1368 2024 ,
1400 1974 1497 2012 sua
1529 1959 1639 2013 illic
1685 1959 1950 2015 industria

383 2046 607 2100 serviles
628 2055 849 2100 catenas
902 2047 954 2099 in
1007 2048 1211 2116 regium
1263 2049 1507 2102 diadema
1558 2063 1948 2109 commutasse.

385 2136 646 2189 Eumdem
694 2137 846 2190 addit
872 2138 922 2189 in
966 2138 1153 2206 primis
1204 2140 1521 2209 prudentem
1570 2143 1854 2207 habitum;
1895 2155 1949 2201 et

382 2228 525 2293 quod
549 2227 601 2277 in
632 2224 868 2295 Egypto
892 2239 1050 2283 natos
1102 2244 1291 2298 parum
1327 2232 1535 2287 habiles
1566 2234 1775 2290 bellicis
1802 2237 1951 2292 labo-

382 2322 539 2373 ribus
588 2323 795 2374 videret
830 2323 1073 2385 ,emisse
1128 2339 1327 2392 pueros
1390 2342 1583 2393 magno
1639 2345 1863 2385 numero
1920 2345 1951 2385 e

387 2414 607 2484 Scythia
634 2423 692 2467 et
740 2412 862 2468 aliis
906 2415 1217 2483 regionibus
1249 2425 1398 2471 trans
1451 2417 1682 2473 Pontum
1715 2460 1731 2486 ,
1755 2422 1950 2490 quibus

378 2504 519 2572 apud
567 2519 629 2559 se
684 2505 905 2560 nutritis
963 2504 1195 2561 fortibus
1258 2508 1452 2563 deinde
1509 2511 1772 2567 militibus
1834 2523 1952 2567 ute-

384 2596 582 2658 batur,
643 2596 991 2662 permittente
1049 2597 1101 2650 id
1157 2598 1587 2667 commercium,
1625 2619 1819 2670 magno
1874 2605 1950 2659 rei

382 2689 714 2741 Christiana:
799 2688 1171 2754 detrimento,
1243 2692 1569 2760 imperatore
1638 2694 1947 2752 Michaele:

386 2779 509 2831 hinc
545 2780 690 2831 enim
714 2789 931 2832 auctum
958 2779 1152 2840 opibus
1180 2781 1401 2852 Aigypti
1428 2785 1700 2841 sultanem
1729 2786 1952 2845 Latinos

381 2869 1092 2940 Paliestinamoceupantes
1145 2873 1292 2927 illinc
1330 2876 1621 2942 expulisse.
1673 2876 1799 2933 Haec
1852 2879 1953 2934 Pa-

382 2961 723 3032 t-hytneres;
801 2978 922 3031 qua:
995 2967 1226 3019 multum
1266 2962 1609 3024 illustrantur
1668 2988 1951 3042 compara-

2054 488 2210 559 Syria
2236 487 2459 541 Latinos
2493 484 2835 539 Christianos
2875 480 2993 545 ait,
3051 479 3098 535 is
3124 480 3244 534 sine
3309 484 3473 535 dubio
3516 485 3612 539 fuit

2050 596 2214 651 quem
2242 582 2418 649 patrio
2446 574 2709 631 vocabulo
2755 573 2979 628 Baiban
3019 574 3221 627 dictum
3260 613 3276 636 ,
3308 573 3612 632 dominieui

2052 677 2315 733 servierat
2342 676 2560 728 nomine
2609 671 3022 725 Bundokdarem
3056 680 3423 740 nuncupatum
3453 672 3616 729 Abul-

2053 767 2340 837 pharagins
2370 766 2546 818 docet.

2121 855 2234 911 XII.
2268 854 2595 910 Reieramus
2622 851 2857 920 nosjam
2899 850 2967 905 ad
2997 867 3083 907 res
3111 852 3454 909 intermissas
3505 851 3620 906 Hu-

2052 950 2171 1003 lacu
2205 947 2319 1003 sive
2361 946 2568 1002 Chalau
2611 957 2664 998 et
2699 946 3066 1013 subjectorum
3096 945 3196 1012 ipsi
3227 943 3614 1012 Mngulcnsium

2050 1057 2173 1095 cum
2208 1039 2459 1106 deinceps
2501 1037 2737 1090 narratis
2778 1051 2807 1088 a
2850 1035 3187 1104 Pachymere
3229 1037 3435 1089 utiliter
3468 1050 3618 1090 com-

2052 1133 2346 1205 parandas.
2383 1131 2571 1185 Tradit
2620 1129 3052 1196 Abulpharagius
3086 1130 3278 1182 eodem
3318 1128 3421 1181 hoc
3456 1128 3618 1182 modo

2053 1227 2288 1281 indicato
2332 1241 2473 1278 anno
2521 1223 2731 1293 llegirze
2762 1222 2887 1283 659.
2913 1220 3071 1290 cujus
3111 1220 3216 1274 fuit
3252 1221 3465 1274 initium
3502 1221 3620 1275 dies

2052 1328 2239 1371 Sextus
2305 1314 2618 1371 Decembris
2666 1315 2792 1367 anni
2821 1313 3024 1381 Christi
3072 1311 3232 1377 1260,
3288 1312 3510 1365 missunt
3561 1312 3619 1365 in

2050 1407 2260 1476 Syriam
2314 1408 2381 1461 ab
2434 1406 2639 1459 llulacu
2682 1403 3076 1473 Mogulensium
3122 1401 3453 1466 exercitum,
3482 1403 3624 1455 duce

2054 1501 2329 1568 Samdagu
2383 1497 2708 1553 Christianis
2759 1497 3000 1561 favente,
3053 1493 3334 1548 obsidione
3382 1494 3622 1547 cinxisse

2050 1590 2342 1645 Mauselam
2395 1590 2585 1643 urbem
2640 1587 2851 1643 incluso
2902 1586 2954 1640 in
3005 1600 3067 1639 ea
3112 1586 3176 1639 Al
3221 1584 3420 1639 Saleho
3448 1584 3624 1654 Syriae

2052 1683 2317 1750 principe,
2365 1690 2418 1734 et
2455 1680 2627 1748 copiis
2674 1693 2705 1733 e
2747 1677 2903 1750 Syria
2948 1676 3187 1731 obsessis
3217 1676 3498 1745 suppetias
3531 1689 3629 1728 ve-

2051 1772 2323 1828 nientibus
2368 1786 2462 1841 per
2520 1771 2675 1840 longe
2726 1769 2831 1822 illis
2871 1778 3222 1823 occurrentes
3283 1766 3627 1834 Moguleuses

2054 1864 2442 1919 circumventis
2468 1872 2524 1917 et
2547 1862 2832 1917 occidione
2855 1859 3044 1914 deletis
3068 1858 3357 1913 Mauselam
3385 1860 3625 1927 cepisse,

2052 1956 2300 2025 plurimis
2350 1957 2402 2009 in
2454 1970 2516 2010 ea
2560 1956 2789 2025 repertis
2826 1955 3045 2015 occisis,
3076 1953 3197 2008 aliis
3229 1954 3494 2006 servitum
3526 1952 3628 2005 ab-

2052 2050 2250 2112 ductis,
2315 2049 2432 2117 ipso
2477 2049 2720 2119 principe
2776 2047 2840 2101 Al
2885 2046 3084 2116 Saleho
3134 2049 3199 2101 ad
3255 2046 3465 2101 llulacu
3505 2060 3631 2115 per-

2054 2149 2229 2194 tracto
2279 2140 2547 2210 hujnsque
2584 2140 2738 2209 jussu
2796 2139 3106 2194 interfecto.
3145 2137 3236 2191 lla:
3280 2147 3445 2192 tanta:
3474 2135 3629 2191 Cha-

2053 2231 2143 2285 lau
2180 2229 2422 2284 victoriae
2454 2239 2743 2284 moverunt
2778 2228 3102 2283 Michaelem
3132 2228 3493 2295 Palasnlngum
3518 2228 3632 2281 Au-

2051 2334 2266 2396 gustum
2297 2324 2363 2376 ad
2409 2325 2555 2377 omni
2603 2337 2705 2391 ope
2752 2327 3101 2393 satagendum
3151 2322 3205 2375 in
3247 2322 3487 2390 paranda
3523 2321 3629 2374 sibi

2052 2415 2432 2471 benevolentia
2481 2425 2588 2468 tam
2635 2418 2870 2483 potentis
2922 2424 2975 2468 et
3029 2428 3165 2483 pene
3220 2413 3435 2467 ﬁnitimi
3478 2414 3632 2481 prin-

2053 2508 2215 2577 cipis.
2275 2507 2461 2576 Igitur,
2536 2509 2681 2577 quod
2752 2516 2938 2560 narrat
3006 2506 3373 2576 Pacbymeres
3430 2506 3468 2560 Ι.
3541 2521 3629 2573 ιιι,

2051 2588 2103 2653 c.
2170 2600 2204 2652 5
2236 2598 2408 2668 partis
2462 2600 2679 2667 prioris,
2739 2598 2944 2668 legatos
3015 2598 3081 2652 ad
3130 2615 3251 2653 eum
3307 2599 3481 2663 misit,
3536 2600 3631 2667 qui

2053 2696 2232 2765 ipsum
2259 2711 2288 2748 a
2320 2709 2379 2751 se
2410 2696 2717 2749 salutarent
2742 2704 2796 2749 et
2830 2695 2949 2764 ejus
2983 2695 3278 2748 amicitiam
3312 2703 3629 2764 poscerent,

2050 2786 2229 2840 oblata
2270 2786 2321 2840 iti
2364 2800 2619 2854 sponsam
2672 2787 2890 2856 propria
2924 2787 3033 2840 lilia
3063 2787 3249 2840 Maria.
3284 2786 3501 2841 lndicat
3530 2784 3637 2841 Pa-

2051 2877 2335 2942 chymeres
2382 2877 2596 2930 venisse
2628 2890 2658 2929 a
2687 2875 2893 2931 .Cbalau
2925 2877 2992 2930 ad
3030 2875 3346 2930 Michaelem
3382 2885 3634 2929 mutuam

2051 2965 2395 3034 legationem,
2431 2981 2537 3034 qua
2571 2965 2619 3020 is
2650 2967 2983 3032 signiﬁcaret
3019 2967 3235 3035 placere
3282 2966 3385 3019 sibi
3437 2967 3636 3019 condi—

383 3058 533 3111 tione
568 3072 689 3110 cum
720 3057 789 3111 iis
820 3072 941 3126 quae
970 3060 1400 3130 Abulpharagins
1448 3067 1547 3118 hoc
1597 3066 1716 3120 loco
1737 3068 1948 3123 scribit.
1977 3068 2020 3126 c
2054 3058 2253 3111 tionem
2294 3057 2554 3113 oblatam.
2598 3056 2744 3111 Idem
2786 3073 2913 3114 vero
2947 3059 3259 3113 distinctius
3301 3072 3629 3128 expressum

379 3148 466 3201 Ait
489 3148 657 3212 enim,
698 3157 979 3217 postquam
1010 3151 1249 3207 Kutuzns
1278 3152 1688 3212 Turcomaunus
1726 3157 1948 3230 .Egypti

379 3238 628 3292 dominus
644 3233 808 3308 815
827 3241 1123 3312 Cetbugam
1152 3243 1542 3313 Mogulensium
1563 3251 1614 3301 in
1638 3249 1794 3320 Syria
1813 3266 1950 3319 prte-

380 3330 581 3385 fectum
603 3333 720 3386 acie
766 3335 962 3387 victum
988 3336 1442 3408 occidisset,quod
1466 3345 1541 3395 ait
1560 3346 1845 3415 cmitigisse
1864 3348 1950 3403 die

376 3422 446 3475 ‘27
478 3426 679 3477 mensis
716 3422 1019 3479 Ramadani
1067 3424 1163 3496 [P.
1199 3429 1294 3484 59l
1328 3429 1345 3500 J
1383 3445 1522 3485 anno
1557 3432 1763 3503 llegirae
1794 3437 1897 3493 658
1931 3480 1947 3503 ,

379 3515 484 3567 hoc
505 3524 593 3566 est
620 3515 706 3568 die
729 3515 761 3567 5
787 3514 1125 3584 Septembris
1185 3522 1310 3575 anni
1342 3517 1545 3577 Christi
1576 3525 1715 3579 1260
1748 3567 1762 3592 ,
1815 3531 1949 3585 satis

379 3620 603 3672 gnarum
639 3606 788 3659 illuni
815 3608 955 3660 haud
981 3609 1262 3675 quieturos
1288 3611 1626 3681 Mogulenses
1649 3618 1713 3671 ab
1741 3618 1948 3674 ultione

379 3695 548 3747 cladis
577 3696 732 3748 istius
760 3700 1111 3765 reposcenda,
1144 3716 1465 3770 properasse
1518 3706 1571 3758 in
1602 3706 1893 3777 ngyptutn
1930 3748 1946 3774 ,

381 3797 439 3839 ut
465 3788 648 3854 copias
676 3788 784 3842 illic
812 3802 1051 3857 pararet,
1089 3794 1285 3863 quibus
1333 3795 1463 3862 ipsis
1492 3799 1782 3853 obsisteret
1817 3802 1949 3856 :sed

379 3892 445 3931 eo
498 3879 690 3932 itinere
746 3896 911 3950 prope
961 3884 1160 3937 Gazam
1216 3901 1567 3955 progressum
1634 3906 1661 3944 a
1698 3895 1943 3961 quodam

376 3968 613 4025 Baibars
655 3986 846 4028 voc:itn
905 3974 1077 4029 fuisse
1144 3977 1515 4036 interfectum.
1576 3984 1739 4036 Addit
1801 3987 1945 4040 hunc

375 4061 622 4127 Baibars,
653 4067 956 4120 conciliatis
1009 4077 1065 4121 et
1127 4070 1399 4139 adjunctis
1457 4074 1557 4127 sibi
1603 4078 1777 4143 cepiis
1828 4093 1947 4145 qua}

382 4152 595 4209 Kutuzo
633 4157 1023 4223 militaverant,
1058 4175 1178 4213 cum
1208 4161 1274 4215 iis
1314 4163 1616 4232 ingressum
1653 4165 1944 4238 )Egyptum

372 4261 496 4303 eam
557 4261 878 4316 occupasse.
913 4247 1103 4303 Tradit
1136 4251 1332 4304 ibidem
1361 4251 1523 4306 istum
1570 4254 1795 4311 Baibars
1828 4275 1944 4314 ser-

373 4356 497 4393 vum
524 4347 680 4393 antea
708 4338 878 4393 fuisse
905 4339 1084 4406 magni
1116 4341 1397 4410 cujusdam
1428 4344 1482 4397 in
1510 4344 1746 4415 Aﬁgypto
1769 4349 1939 4413 ducis,

374 4428 461 4482 cui
489 4426 818 4481 Bundokdar
872 4443 1068 4482 nomen
1127 4430 1344 4497 fuerat;
1404 4435 1548 4490 unde
1591 4438 1745 4493 initio
1791 4437 1944 4494 Bun-

373 4503 575 4570 dokdar
604 4519 859 4572 minorem
911 4519 1269 4576 nominatum.
1314 4522 1383 4576 At
1431 4537 1714 4596 postquam
1763 4529 1939 4584 snltan

374 4604 596 4675 IEgypti
633 4604 808 4658 factus
848 4616 935 4659 est
964 4645 980 4669 ,
1022 4609 1464 4675 cognominatum
1523 4629 1552 4666 a
1611 4616 1723 4669 suis
1774 4616 1944 4672 fuisse

376 4696 749 4750 Rucnouinum
786 4697 853 4751 Αι
876 4697 1047 4751 Maleo
1082 4699 1149 4752 Αι
1182 4700 1412 4756 Dltalter.
1448 4704 1581 4758 Eum
1614 4715 1792 4761 tamen
1825 4723 1947 4777 per-

373 4790 454 4859 git
485 4791 536 4841 in
574 4792 927 4858 sequentibus
959 4793 1396 4864 Ahulpharagius
1445 4811 1642 4851 vocare
1691 4798 1945 4854 Bundok-

375 4883 583 4942 darem,
619 4894 906 4933 successus
956 4883 1075 4952 ejus
1131 4886 1398 4940 maximos
1429 4901 1715 4942 recensens
1755 4900 1942 4945 contra

374 4971 723 5025 Christianos
750 4970 972 5026 Latinos
996 4975 1344 5030 Antioebiam
1388 4988 1443 5032 et
1474 4980 1643 5048 Syria:
1669 4983 1946 5038 maritima

374 5061 707 5123 obtinentes,
739 5078 875 5130 quos
910 5064 1059 5118 illinc
1080 5067 1286 5134 expulit
1318 5109 1335 5136 ,
1378 5079 1434 5121 ut
1475 5070 1639 5125 etiam
1700 5072 1945 5140 deplorat

374 5152 738 5219 Pachymeres
770 5164 916 5209 tomo
952 5156 968 5209 I
1000 5196 1016 5221 ,
1056 5157 1093 5209 l.
1119 5173 1177 5210 ιιι
1210 5198 1225 5223 ,
1257 5173 1306 5213 c.
1349 5159 1382 5213 5
1411 5199 1427 5225 ,
1483 5163 1694 5232 culpam
1754 5181 1941 5219 earum

373 5240 609 5294 cladium
659 5257 723 5296 ex
772 5252 925 5312 parte
984 5247 1259 5314 imputans
1315 5253 1645 5319 imprudenti
1700 5256 1944 5312 avaritia:

374 5329 655 5386 Michaelis
676 5332 984 5405 Palamlogi,
1005 5337 1097 5405 qui
1124 5351 1348 5409 propter
1373 5355 1637 5411 questum
1673 5348 1942 5403 modicunt

376 5425 728 5491 permittebat
750 5440 779 5479 e
804 5425 973 5482 Ponto
994 5433 1269 5498 exportari
1301 5432 1353 5486 in
1379 5433 1668 5506 (Egyptum
1691 5438 1941 5510 Scythica

378 5516 645 5586 mancipia
676 5525 881 5574 tenera:
913 5523 1115 5587 aetatis,
1137 5538 1254 5592 quae
1283 5525 1478 5582 deinde
1505 5528 1614 5584 illic
1639 5530 1690 5583 in
1748 5533 1943 5587 robus-

373 5615 459 5662 tos
477 5616 534 5663 et
557 5608 888 5667 Christianis
917 5612 1076 5667 rebus
1122 5616 1372 5675 exitiales
1416 5620 1706 5676 bellatores
1752 5627 1943 5678 adole-

372 5707 606 5756 scerent.
636 5699 805 5768 Quem
832 5703 997 5773 igitur
1026 5706 1391 5779 Pachymeres
1412 5726 1442 5767 e
1461 5728 1624 5769 servo
1650 5717 1788 5784 apud
1824 5716 1938 5772 Co-

2056 3146 2107 3199 in
2143 3147 2527 3216 Abulpharagii
2559 3147 2839 3203 Chronico
2874 3149 3087 3217 legitur,
3123 3165 3175 3217 p.
3211 3147 3340 3212 555,
3375 3149 3469 3202 ubi
3508 3162 3639 3202 nar»

2053 3247 2167 3290 rata
2220 3238 2387 3309 816
2431 3237 2636 3293 llulacu
2681 3248 2874 3303 morte,
2929 3223 3157 3308 deiqua
3216 3256 3340 3294 mox
3393 3240 3636 3311 dici-tur,

2051 3329 2241 3384 scribit
2276 3346 2398 3384 eum
2461 3329 2569 3399 jam
2619 3341 2776 3385 antea
2831 3332 3043 3387 misisse
3096 3332 3301 3402 legatos
3352 3332 3633 3403 Constan-

2053 3420 2356 3490 tinopolim,
2407 3423 2499 3491 qui
2545 3423 2711 3475 ﬁliam
2786 3421 2895 3477 illic
2933 3422 3253 3491 imperantis
3286 3424 3340 3477 in
3395 3440 3628 3478 uxorem

2052 3513 2151 3565 sibi
2222 3525 2532 3582 poscerent.
2572 3512 2682 3568 llas
2721 3524 2938 3568 mutuas
2991 3513 3274 3571 Michaelis
3317 3527 3372 3569 et
3413 3517 3629 3570 Hulacu

2053 3602 2349 3670 legationes
2417 3604 2596 3659 obitas
2670 3615 2895 3674 apparet
2966 3608 3033 3660 ab
3098 3622 3243 3661 anno
3314 3608 3409 3662 661
3484 3610 3627 3681 Heg.

2051 3697 2117 3750 ad
2145 3695 2269 3759 665,
2314 3712 2549 3765 quorum
2598 3712 2864 3751 annorum
2912 3698 3058 3765 prior
3102 3698 3293 3768 incipit
3345 3715 3374 3752 a
3420 3700 3514 3755 die
3564 3704 3631 3758 15

2013 3791 2025 3865 ἠ
2051 3789 2375 3842 Novembris
2422 3789 2548 3841 anni
2596 3788 2802 3843 Christi
2823 3788 3014 3851 ΛΞΜ,
3072 3791 3341 3857 posterior
3371 3807 3399 3845 a
3430 3794 3503 3847 Ἃ
3534 3807 3630 3851 aut

2048 3880 2119 3934 25
2151 3878 2405 3935 Octobris
2460 3880 2585 3933 anni
2640 3880 2845 3935 Christi
2907 3881 3064 3935 1Ξϐ4.
3116 3880 3401 3951 Perspecta
3458 3900 3629 3953 porro

2051 3972 2279 4026 Michael
2336 3971 2543 4026 Hulacu
2599 3972 2900 4037 voluntate,
2960 3973 3125 4026 tiliam
3181 3990 3334 4029 suam
3383 3978 3627 4032 Mariam

2048 4077 2310 4135 apparatu
2366 4064 2652 4133 magniﬁco
2696 4064 3071 4119 deducendam
3122 4069 3189 4121 ad
3228 4083 3352 4121 eum
3395 4079 3630 4126 strenue

2048 4156 2263 4215 cura'vit
2311 4173 2408 4227 per
2439 4159 2924 4213 archimandritam
2973 4160 3290 4215 monasterii
3318 4160 3629 4218 Pantocra~

2048 4250 2183 4304 toris
2214 4249 2432 4303 nomine
2474 4248 2805 4316 Principetn,
2860 4263 2923 4303 ex
2965 4248 3162 4303 illustri
3210 4251 3413 4305 familia
3444 4244 3651 4307 Pelo;

2051 4339 2493 4406 ponnesiensium
2541 4338 2920 4409 dynastarum,
2960 4354 3122 4407 quem
3168 4342 3243 4395 ait
3281 4341 3401 4396 loco
3434 4346 3627 4412 proxi-

2046 4444 2135 4485 me
2191 4428 2411 4483 laudato
2462 4428 2826 4498 Pachymeres
2886 4431 2940 4484 in
2999 4446 3064 4485 eo
3120 4433 3316 4489 itinere
3365 4439 3623 4492 nuntium

2047 4522 2326 4592 accepisse
2356 4522 2547 4575 mortis
2578 4522 2806 4586 Chalau,
2843 4537 2945 4577 nec
2985 4533 3166 4577 tamen
3203 4540 3260 4579 re
3291 4525 3489 4599 infecta
3523 4543 3625 4584 re-

2046 4616 2233 4677 diisse,
2280 4614 2374 4668 sed
2406 4606 2741 4684 perduxisse
2780 4631 3031 4683 sponsam
3076 4617 3155 4671 illi
3191 4619 3516 4672 destinatam
3553 4622 3623 4676 ad

2049 4707 2220 4759 tilium
2257 4707 2375 4777 ejus
2405 4716 2460 4760 et
2495 4720 2872 4761 successorem
2905 4707 3174 4778 Apagam,
3226 4711 3316 4777 qui
3358 4726 3479 4764 eam
3512 4714 3623 4767 sibi

2044 4795 2289 4866 iunxerit
2343 4813 2590 4854 uxorem.
2647 4798 2774 4855 Haec
2829 4801 3017 4852 eadem
3079 4801 3398 4859 distinctius
3449 4806 3620 4859 etiam

2047 4891 2304 4959 exprimit
2337 4891 2800 4960 Abulpharagius,
2841 4906 3148 4947 memorans
3181 4893 3393 4964 legatos
3431 4898 3624 4965 impeﬁ

2048 4982 2248 5035 ratoris
2292 4982 2904 5053 Cmistantinnpnlilani,
2950 4986 3043 5054 qui
3087 4985 3244 5053 hujus
3294 4987 3462 5042 ﬁliam
3510 4988 3622 5044 Hu-

2048 5073 2168 5128 lacu
2198 5076 2525 5145 desponsam
2570 5078 2987 5144 comitarentur,
3019 5080 3109 5132 ubi
3144 5078 3449 5135 Caesaream
3491 5096 3620 5151 pcr-

2046 5165 2344 5229 venissent,
2393 5168 2673 5236 accepiSse
2706 5173 2932 5224 nuntios
2972 5173 3039 5224 de
3071 5170 3277 5226 Hulacn
3312 5174 3487 5239 obitu,
3519 5190 3617 5229 nec

2051 5263 2226 5309 tamen
2280 5257 2404 5310 ideo
2446 5260 2825 5327 retrucedendi
2880 5263 3166 5317 consilium
3218 5264 3469 5328 inixisse,
3522 5266 3616 5318 sed

2048 5347 2278 5416 puellam
2332 5349 2651 5417 perduxisse
2708 5352 2773 5406 ad
2827 5354 3059 5406 Abakam
3101 5357 3153 5408 in
3184 5356 3365 5424 patris
3406 5355 3615 5410 Ilttlactt

2043 5436 2155 5504 jam
2187 5437 2326 5490 solio
2361 5439 2509 5507 regio
2552 5439 2812 5508 locatum,
2855 5443 2948 5511 qui
2984 5458 3102 5497 eam
3141 5443 3245 5497 sibi
3289 5445 3395 5500 rite
3426 5446 3613 5516 conju-

2048 5545 2167 5598 gem
2202 5532 2451 5585 sociavit.
2501 5532 2615 5587 lloc
2659 5535 2780 5589 sine
2823 5535 2989 5589 dubio
3028 5538 3264 5604 pertinet
3311 5537 3381 5590 ad
3415 5552 3611 5591 annum

2050 5621 2265 5691 Hegirae
2297 5625 2423 5689 664,
2471 5627 2626 5695 cujus
2670 5626 2925 5681 Kalendae
2968 5628 3299 5681 Multarratni
3354 5627 3445 5700 [P.
3492 5624 3612 5699 591]

2047 5717 2188 5773 diem
2228 5717 2544 5775 insederunt
2599 5722 2823 5776 tertium
2871 5721 3144 5778 decimum
3192 5720 3450 5778 Octobris
3484 5719 3607 5776 anni
