3880 6546
194 351 292 411 8ῗ3

1474 344 1930 406 CHRONOLOG
1941 347 2134 408 ICUS.

3320 356 3426 420 8⁸71.

192 465 369 518 libris-ti
411 460 564 526 i265,
601 469 650 513 et
678 459 802 528 quia
843 475 965 528 qum
1007 459 1172 513 multa
1220 469 1274 512 et
1329 461 1484 513 molis
1532 478 1738 533 magna:
1771 472 1812 525 Α
1844 467 2027 520 bendo
2049 469 2428 540 Abulpharagii
2456 469 2726 539 rationcs;
2753 474 2894 541 quod
2918 474 3429 544 equidem,proptvr

193 563 248 610 ab
300 555 696 623 Abulpharagio
759 553 811 606 itt
871 553 1014 606 hunc
1067 566 1268 603 annum
1333 564 1740 618 congeruntur,

193 663 362 716 nempe
410 662 556 701 mors
613 645 824 699 Halacu
881 654 935 699 et
985 644 1170 712 aliquo
1215 643 1503 697 iuterwlio
1555 652 1740 698 secuta

192 756 318 793 tnal's
363 739 523 792 etiam
581 737 812 792 Dukuste
859 736 1188 790 Christiana:
1236 735 1486 804 conjugis
1539 734 1744 804 ipsius,

193 845 288 884 tum
348 841 463 896 post
519 831 662 884 hanc
693 829 911 884 comitia
955 827 1354 897 Moguleasium
1411 828 1745 896 principum,

188 927 262 994 qui
290 922 515 976 Abakam
551 925 620 976 ob
652 931 992 991 perapectam
1022 922 1176 988 ipsis,
1211 928 1268 974 ut
1293 922 1368 974 ait
1408 921 1748 990 Abulphara-

188 1019 311 1086 gius,
343 1017 454 1082 ejus
509 1018 848 1085 prudentiam
875 1054 891 1078 ,
925 1015 1308 1083 inﬁtiantium,
1372 1012 1745 1076 eruditionem,

186 1123 297 1174 εις..
326 1112 509 1165 liberis
544 1109 825 1178 suffragiis
857 1110 911 1162 in
969 1123 1281 1176 supremum
1306 1121 1414 1159 suae
1441 1106 1618 1176 gentis
1649 1106 1749 1158 ἰιιι-

187 1216 465 1276 pemtoretn
488 1195 781 1271 elegerunt
800 1213 852 1254 et
871 1201 1102 1255 subinde
1122 1201 1224 1253 ritu
1249 1200 1486 1268 ipsorum
1513 1213 1711 1252 corona
1730 1227 1740 1236 ο

188 1310 428 1359 runt,nou
454 1297 706 1348 videntur
732 1310 894 1362 posse
918 1294 969 1346 in
996 1294 1228 1363 primunt
1249 1292 1374 1345 anni
1403 1291 1621 1344 Arabici
1656 1291 1751 1342 tri-

187 1398 360 1441 mestre
395 1388 554 1441 facile
580 1385 877 1454 compingi,
935 1383 1279 1438 verisimilius
1331 1381 1633 1436 dilferimus
1659 1396 1752 1434 au-

185 1482 328 1552 spicii
355 1481 565 1548 imperii
590 1480 789 1534 Abaka:
813 1479 1079 1548 hujusun
1095 1492 1218 1531 cum
1245 1475 1412 1529 Maria
1445 1475 1661 1544 nuptias
1697 1477 1750 1530 in

184 1590 362 1627 artuum
394 1575 598 1627 Christi
642 1572 798 1626 l266.
834 1570 1246 1626 Observandum
1277 1569 1365 1622 hic
1395 1567 1748 1632 estAbriknm,

184 1667 284 1720 sive
307 1677 361 1718 ut
392 1664 763 1736 Pachymeres
785 1675 939 1718 vocat
971 1667 1231 1731 Apagam,
1264 1659 1477 1714 titulmn
1508 1657 1753 1728 supremi

187 1758 567 1828 tingulensinnt
620 1739 792 1811 lienis
845 1757 949 1811 rite
991 1755 1235 1808 delatum
1291 1752 1594 1822 accepisse,
1622 1764 1744 1806 cum

185 1853 290 1922 ejus
325 1862 478 1919 pater
505 1850 616 1904 tale
648 1849 932 1919 imperium
964 1861 1217 1902 exercere
1250 1846 1384 1900 satis
1411 1845 1617 1901 habens
1646 1859 1733 1898 vo-

180 1945 352 1997 cabulo
383 1943 502 2010 ejus
535 1941 883 1996 abstinuerit.
915 1940 1029 1993 Hoc
1065 1953 1132 1994 eo
1165 1937 1334 1992 videri
1371 1945 1546 2007 potest
1573 1935 1740 1989 mira-

183 2030 350 2093 bilius,
389 2028 544 2097 quod
595 2031 730 2083 satis
771 2030 1056 2083 wnstabat
1107 2027 1288 2083 vivere
1319 2028 1496 2082 adhuc
1524 2025 1738 2088 Kublai,

179 2122 256 2188 qui
309 2121 616 2176 Munkakao
671 2121 840 2175 Kaaui
894 2120 1242 2175 occumbenti
1295 2126 1638 2174 successerat
1687 2116 1740 2170 iu

181 2217 406 2282 imperio,
438 2231 586 2270 anno
621 2215 690 2270 ab
723 2215 849 2268 hinc
886 2227 1035 2268 retro
1063 2212 1255 2283 quinto
1286 2223 1379 2265 aut
1418 2221 1595 2274 sexto,
1633 2209 1738 2263 Ile-

176 2308 294 2377 girte
321 2307 444 2372 659,
482 2319 546 2363 ut
596 2307 758 2377 paulo
794 2305 1046 2376 superius
1087 2324 1142 2361 ιι.
1189 2305 1256 2358 10
1297 2304 1600 2358 retulimus.
1630 2301 1737 2356 Ve-

178 2413 282 2450 rum
337 2399 486 2468 quia,
540 2411 597 2452 ιιι
648 2398 849 2453 ibidem
908 2397 1112 2453 dictum
1165 2406 1270 2459 est,
1323 2395 1596 2466 Arigbuga
1622 2395 1739 2449 fra-

106 2501 112 2508 '
179 2500 251 2545 tre
271 2492 476 2544 minore
508 2490 703 2544 Knblai
738 2491 1144 2545 successionem
1180 2489 1282 2544 sibi
1318 2489 1531 2558 irruperit
1562 2489 1737 2544 vindio

178 2585 568 2648 cante,bellum
605 2585 748 2638 inter
791 2598 884 2636 eos
932 2583 1092 2637 civile
1123 2582 1417 2636 conﬂatum
1459 2591 1563 2648 est,
1596 2584 1737 2652 quod

182 2690 333 2729 annos
356 2675 516 2743 ipsos
557 2675 855 2730 octodecim
891 2676 1064 2728 tenuit
1115 2689 1176 2728 ac
1227 2683 1632 2743 consequenter
1671 2675 1738 2728 ad

180 2768 444 2822 duodecim
478 2779 574 2823 aut
620 2770 874 2822 tredecim
918 2768 986 2824 ab
1013 2768 1136 2821 hinc
1167 2783 1336 2821 annos
1385 2774 1735 2837 propagatum

179 2869 272 2922 est,
304 2869 469 2913 totttut
532 2862 704 2915 inStar
739 2860 948 2928 imper-ii
995 2859 1238 2928 Mogulici
1279 2874 1343 2914 ex
1371 2857 1740 2916 Orientalibus

181 2953 400 3008 fraterna
433 2952 782 3006 dissensione
816 2953 1050 3007 turbatis
1100 2953 1364 3007 tractibus
1397 2953 1452 3006 in
1480 2951 1737 3009 Occiduis

174 3056 224 3098 et
247 3045 463 3098 fundata
497 3044 702 3098 dudum
735 3045 846 3099 iHic
887 3042 1094 3100 i-iulacu
1122 3045 1244 3116 :(qui
1279 3056 1332 3101 et
1363 3047 1475 3115 ipse
1503 3046 1734 3103 Munitu-

1850 561 1902 613 iu
1929 561 2049 615 aliis
2083 563 2363 631 probatam
2397 565 2554 634 hujus
2586 566 2743 618 iidem
2775 566 3212 637 acdiligentiam,
3246 573 3422 621 erroi-i

1849 650 2197 707 librariorum
2231 655 2282 708 in
2317 670 2671 710 numerorum
2698 669 2860 711 notas
2881 659 3139 727 irrepeuti
3169 659 3427 714 libentius

1853 745 2255 813 imputaverim.
2318 748 2594 818 Scriptum
2657 749 2905 805 videlicet
2953 751 3153 821 legitur
3215 770 3268 821 p.
3319 754 3425 807 560

1851 836 2014 907 hujus
2043 837 2302 894 Chronici
2331 855 2473 894 anno
2503 840 2714 911 llegirae
2737 841 2842 896 679
2874 843 3097 897 missum
3132 847 3184 897 iu
3211 844 3423 915 Syriam

1852 927 2174 998 Kungortai.
2211 931 2472 987 Kalendae
2509 932 2836 989 Mubarrami
2863 936 2988 988 anni
3021 936 3238 991 Arabici
3271 937 3426 994 istius

1854 1021 2054 1075 cadunt
2085 1022 2136 1074 in
2172 1022 2313 1076 diem
2341 1025 2556 1078 tertiam
2583 1024 2705 1078 Maii
2733 1024 2930 1080 Juliani
2957 1025 3012 1079 in
3042 1043 3189 1082 anno
3219 1027 3427 1088 Christi

1856 1111 2014 1166 1280.
2065 1113 2260 1168 Statim
2308 1125 2429 1184 post
2483 1116 2700 1171 additur
2741 1119 2881 1173 hunc
2931 1121 3229 1174 exercitum
3288 1119 3429 1177 duco

1854 1201 2148 1273 Kungortai
2173 1220 2283 1259 rem
2311 1205 2364 1259 in
2398 1206 2552 1278 Syria
2579 1209 2813 1277 gessisse
2849 1210 3024 1266 hieme
3056 1213 3183 1266 anni
3216 1213 3426 1280 liegirze

1854 1297 1981 1362 680,
2011 1312 2170 1368 quem
2205 1298 2492 1354 inchoasse
2514 1309 2721 1356 certum
2755 1312 2836 1355 est
2867 1319 2924 1362 ea
2961 1304 3046 1355 die
3072 1302 3191 1372 qua:
3228 1307 3428 1376 Aprilis

1856 1388 2112 1444 vicesima
2147 1392 2386 1444 secunda
2437 1391 2492 1445 in
2547 1406 2692 1446 anno
2724 1391 2932 1447 Christi
2973 1393 3095 1448 1281
3143 1409 3423 1452 numerata

1853 1489 1959 1536 est.
2011 1479 2108 1535 llic
2163 1481 2292 1537 illud
2329 1483 2560 1551 primum
2613 1483 3114 1553 iuopinatissimum
3154 1490 3423 1552 occurrit,

1857 1571 1998 1656 quod
2031 1587 2182 1626 mora
2212 1573 2367 1628 solidi
2397 1572 2513 1629 fere
2543 1573 2748 1629 biennii
2782 1575 3110 1643 interficitur
3138 1579 3279 1632 inter
3315 1581 3421 1632 ini-

1856 1664 1990 1718 tium
2024 1663 2383 1732 expeditionis
2410 1679 2442 1718 e
2469 1665 2770 1734 propinquo
2805 1679 3073 1734 susceptae
3099 1678 3151 1720 et
3179 1684 3237 1722 re
3262 1689 3291 1720 ιι
3331 1687 3424 1738 per

1857 1771 1975 1810 eam
2000 1765 2230 1826 gestam.
2258 1755 2421 1811 Addit
2441 1755 2876 1826 Abulpharagius
2899 1754 3195 1826 Kungortai
3224 1771 3424 1814 cuncta

1857 1857 2142 1918 peragrata
2169 1847 2324 1919 Syria
2357 1857 2412 1901 et
2438 1862 2610 1918 usque
2638 1848 2703 1900 ad
2731 1846 2995 1900 Halebum
3027 1848 3184 1903 facile
3201 1850 3423 1904 subacta

1850 1939 2144 1996 recessisse
2193 1957 2208 1992 :
2265 1953 2448 1993 verum
2502 1937 2899 1992 rebellantibus
2932 1938 3113 1993 denuo
3166 1940 3423 1995 videlicet

1849 2032 1960 2086 illic
1989 2030 2239 2101 gentibus
2267 2030 2490 2084 missum
2523 2031 2714 2085 eodem
2746 2031 2812 2084 ab
2843 2029 3024 2086 Abaka
3059 2032 3220 2084 alium
3259 2047 3420 2086 exer-

1842 2126 2012 2180 citum
2041 2123 2434 2193 quinquaginta
2467 2123 2694 2177 miltiam
2725 2139 2868 2177 anno
2891 2120 3105 2190 Hegira:
3128 2123 3255 2188 68l,
3286 2137 3423 2194 prae.

1846 2215 2028 2284 posito
2064 2212 2140 2266 illi
2177 2213 2402 2268 ductore
2451 2211 2643 2284 Munga
2681 2210 2910 2267 Timuro
2947 2213 3117 2267 fratre
3153 2229 3250 2268 suo
3292 2225 3420 2270 natu

1847 2303 2109 2368 minimo;
2167 2305 2256 2358 cui
2308 2304 2562 2358 comitem
2623 2319 2683 2360 se
2729 2305 2979 2373 adjunxit
3009 2321 3103 2359 rex
3151 2307 3423 2360 Armeniae

1846 2397 1912 2472 [Ρ
1942 2396 2073 2470 595}
2106 2413 2227 2452 cum
2281 2398 2518 2468 propriis
2564 2397 2758 2468 copiis.
2795 2396 2861 2452 lli
2897 2401 3002 2452 duo
3049 2399 3214 2452 sintut
3244 2397 3421 2464 juncti

1846 2490 2121 2546 exercitus
2155 2489 2343 2543 obvios
2372 2489 2518 2544 inter
2545 2487 2774 2542 llamam
2805 2501 2859 2542 et
2889 2486 3175 2542 Hemesam
3208 2489 3422 2541 imbue.

1846 2593 1973 2636 runt
2037 2581 2208 2652 Syros
2258 2581 2416 2634 simul
2456 2592 2510 2635 et
2550 2580 2838 2651 Egypt-ins
2886 2579 3194 2650 praevalidis
3249 2580 3424 2649 copiis

1841 2671 2167 2734 instructos,
2198 2687 2318 2726 cum
2344 2673 2544 2742 quibus
2566 2674 2745 2726 statim
2770 2674 2881 2726 acri
2909 2682 2962 2724 et
2988 2682 3212 2728 cruento
3235 2674 3424 2742 praelia

1837 2779 1958 2818 com
1969 2766 2152 2830 misso,
2177 2779 2274 2818 nec
2287 2764 2446 2833 plane
2459 2764 2689 2818 victores
2706 2763 3051 2832 Kogulenses
3066 2773 3123 2819 et
3157 2763 3424 2832 Armenii,

1842 2868 1945 2908 nec
1969 2861 2152 2907 tamen
2183 2868 2405 2921 prorsus
2431 2852 2559 2906 victi
2588 2850 2825 2905 fuerunt.
2855 2852 2988 2910 Post
3021 2850 3168 2904 illum
3195 2852 3421 2906 dubium

1842 2955 2098 3000 eventum
2130 2944 2326 3014 Hunga
2345 2944 2590 2999 exercitu
2624 2944 2676 2996 in
2703 2943 3150 3014 Mesopotamiam
3175 2943 3422 3008 reducto,

1840 3035 1898 3089 in
1932 3036 2130 3090 itinere
2153 3050 2342 3090 versus
2372 3033 2581 3088 Nisibin
2614 3048 2819 3088 veneno
2844 3033 3151 3088 exstinctus
3179 3042 3286 3089 est.
3325 3033 3422 3093 ltus

177 3141 254 3193 Lai
282 3138 483 3194 Kaanis
516 3141 685 3194 frater
715 3138 906 3208 fuerat)
937 3142 1097 3194 domo
1147 3149 1200 3192 et
1254 3141 1491 3208 potentia
1533 3143 1737 3196 consti-

1847 3130 2105 3182 c-onlinue
2129 3126 2567 3196 Abulpbaragius
2591 3129 2789 3179 attexit
2813 3127 3004 3182 eodem
3027 3141 3189 3191 anno,
3224 3139 3424 3192 nempe

179 3229 255 3296 tit;
277 3231 661 3299 successioque
685 3227 1067 3297 Ilogulcnsium
1087 3229 1250 3300 817
1271 3229 1578 3301 principum
1609 3231 1736 3289 hinc

181 3323 416 3390 deinceps
440 3338 470 3374 a
496 3321 841 3392 cbronologis
861 3322 1132 3377 Arabibus
1158 3332 1242 3377 est
1260 3326 1513 3388 deducta,
1546 3325 1740 3394 negle-

176 3423 257 3466 cto
285 3412 525 3477 Kublai,
580 3429 742 3482 quem
798 3414 1011 3469 tandem
1044 3415 1400 3484 pnetraluisse
1453 3416 1740 3487 Arigbuga‘.

179 3503 403 3573 Abulpba
417 3506 601 3573 ragius
625 3504 810 3568 tradit,
844 3513 899 3560 et
945 3503 999 3558 in
1029 3504 1261 3573 quadam
1293 3504 1476 3574 specie
1511 3505 1741 3562 absoluti

176 3596 373 3666 imperii
408 3598 726 3668 aliquandiu
762 3597 987 3668 paciﬁce
1012 3598 1462 3662 indicatvixisse;
1491 3607 1544 3651 et
1573 3597 1616 3651 si
1646 3600 1740 3667 qui

180 3701 286 3755 post
319 3691 368 3741 in
401 3701 650 3743 exrremo
693 3687 783 3742 illo
821 3687 993 3741 limite
1043 3687 1434 3756 Nogulensium
1481 3687 1724 3743 Kaanum

177 3779 378 3832 titulum
431 3789 802 3848 smnpsernut.
853 3777 1000 3846 Quos
1059 3794 1126 3833 ne
1185 3782 1463 3834 mentione
1514 3780 1733 3848 quidem

183 3873 466 3940 dignandos
520 3881 848 3940 putaverunt
904 3882 998 3924 aut
1057 3883 1241 3924 noster
1276 3871 1366 3924 hic
1397 3870 1740 3938 Abulphara-

181 3967 307 4034 gius,
343 3977 434 4020 aut
460 3980 497 4020 re
530 3966 725 4034 quibus
759 3966 1194 4035 supplementum
1227 3964 1594 4018 concinnatur
1637 3963 1738 4016 bu-

177 4061 253 4128 ᾔεις
279 4061 551 4123 Cbronici,
585 4062 649 4112 Ai
670 4058 990 4123 Januabius,
1021 4055 1282 4111 Abulleda
1335 4063 1390 4109 et
1417 4055 1532 4108 Elin
1569 4052 1738 4108 Yusc-

182 4154 320 4220 ptius,
357 4155 562 4207 Arabes
591 4161 648 4206 et
678 4151 776 4222 ipsi
836 4147 1182 4220 chronologi.
1221 4145 1373 4202 Unde
1425 4145 1734 4201 Mutikakao

181 4243 336 4299 iiaani
377 4245 599 4315 ἀμέσως
651 4243 970 4299 continuare
1018 4255 1308 4312 possumus
1343 4237 1607 4304 Abakam,
1637 4254 1736 4293 nu-

183 4339 418 4392 merando
445 4352 571 4391 eum
598 4346 848 4406 quartum
880 4350 910 4389 a
948 4333 1316 4402 Gingizchane
1369 4342 1424 4388 et
1479 4331 1732 4387 absolute

178 4428 406 4495 quintum
443 4428 822 4494 imperatorem
860 4424 1272 4496 Mogulensium.

245 4603 374 4660 Xlll.
399 4603 796 4658 Abakas-Chau
825 4603 926 4673 (sic
955 4605 1098 4659 cnim
1131 4605 1277 4658 illum
1308 4609 1544 4660 nominat
1563 4606 1730 4660 Abul-

181 4697 456 4768 pharagius
522 4712 591 4751 ex
659 4711 768 4765 quo
827 4708 918 4750 est
989 4696 1346 4767 inauguratus
1414 4699 1728 4768 imperator)

185 4792 310 4844 misit
335 4791 398 4844 ad
441 4789 868 4857 recuperandam
901 4789 1116 4860 Syriam
1156 4790 1478 4856 exercitum,
1514 4793 1598 4845 cui
1637 4794 1730 4846 du-

183 4894 283 4932 cem
311 4881 536 4950 praaiecit
561 4882 786 4934 tratrem
819 4895 976 4935 suum
1008 4890 1138 4935 natu
1159 4880 1448 4945 minorem,
1479 4892 1726 4936 vocatum

85 4997 94 5009 -
189 4971 483 5041 iiungortai,
523 4971 880 5027 Bundokdaro
932 4972 1150 5044 Egypti
1198 4983 1254 5028 et
1309 4972 1478 5045 Syria:
1519 4976 1731 5030 sultaue

191 5067 328 5129 paulo
366 5079 490 5120 ante
529 5069 672 5118 victo
714 5076 768 5118 et
809 5074 1046 5120 mortuo.
1099 5065 1440 5135 Mogulenses
1505 5070 1730 5125 ductore

190 5155 460 5224 liungortai
496 5169 689 5211 cuncta
745 5157 928 5210 statim
995 5157 1104 5213 illic
1161 5159 1508 5229 subegerunt,
1571 5162 1729 5216 facile

190 5251 434 5318 progressi
469 5247 736 5304 ualebqu
767 5264 959 5319 usque,
997 5261 1050 5304 et
1089 5251 1176 5304 illa
1214 5252 1326 5321 ipsa
1367 5253 1506 5306 urbe
1537 5254 1724 5320 subju-

188 5350 292 5404 gata
327 5360 338 5394 :
377 5357 584 5401 verum,
619 5350 678 5394 ut
710 5342 846 5396 alias
896 5342 1158 5405 fecerant,
1197 5346 1363 5398 nimis
1405 5347 1515 5400 cito
1557 5362 1730 5401 reces-

188 5441 374 5492 seruut,
439 5432 560 5485 ideo
611 5446 733 5486 mox
792 5435 965 5488 coacti
1018 5451 1083 5488 eo
1135 5436 1310 5490 redire
1351 5438 1486 5492 duce
1533 5437 1727 5507 Munga

189 5519 404 5586 'liumro.
457 5524 810 5598 corroborata
855 5527 1197 5597 copiisregis
1235 5529 1530 5595 Armeniae,
1568 5544 1731 5602 prout

189 5624 554 5684 consequenter
590 5616 701 5671 illic
749 5619 1039 5687 exponitur
1089 5622 1420 5676 distinctius.
1474 5623 1579 5678 Sed
1621 5639 1724 5690 ego

192 5698 357 5758 harum
385 5721 583 5770 rerum,
608 5718 766 5774 prout
795 5711 844 5763 in
872 5711 1142 5765 Chronico
1166 5713 1508 5784 digeruntur,
1531 5720 1728 5771 seriem

193 5795 419 5854 attentius
450 5798 754 5866 explorans,
810 5803 1164 5858 conturbatus
1220 5807 1493 5873 paululum
1541 5808 1724 5877 deprc-

482 5910 750 5972 Ptrnoc.
792 5919 904 5975 Ue.
926 5977 928 5979 ,
954 5918 1204 5987 CXLW.

1850 3217 2064 3286 tlegirae
2100 3218 2229 3284 681,
2266 3215 2534 3283 Abakam,
2583 3229 2872 3288 postquam
2917 3216 3188 3271 Maioriani
3221 3215 3419 3272 festum

1847 3313 2068 3366 Paschae
2090 3326 2212 3366 cum
2236 3308 2562 3366 Christianis
2587 3301 2934 3373 celebrasset,
2953 3307 3124 3380 818
3137 3308 3422 3377 postridie.

1845 3405 1936 3459 die
1953 3404 2115 3468 lunae,
2133 3403 2394 3458 convivio
2408 3411 2696 3471 exceptum
2719 3414 2746 3452 a
2761 3398 2994 3468 quodam
3019 3398 3182 3454 Persa
3204 3399 3422 3453 nomine

1847 3490 2110 3552 Baultam,
2151 3487 2374 3540 mistum
2421 3486 2487 3540 ab
2519 3487 2623 3540 hoc
2655 3484 2792 3538 cibis
2820 3495 3094 3537 venenum
3147 3481 3424 3556 hausisse,

1841 3595 1908 3635 ex
1940 3593 2049 3650 quo
2085 3578 2174 3632 die
2204 3577 2392 3631 Martis
2419 3577 2610 3632 statim
2648 3583 2914 3645 sequente
2957 3572 3208 3644 graviter
3241 3586 3421 3647 aegro-

1844 3682 1962 3725 tare
2007 3671 2254 3740 coeperit,
2295 3668 2382 3723 die
2419 3666 2674 3722 Mercurii
2730 3667 2987 3736 contigue
3041 3673 3285 3720 mortuus
3321 3667 3422 3722 sit.

1844 3760 1998 3815 ilunc
2051 3774 2213 3832 porro
2262 3759 2404 3814 diem
2463 3757 2726 3813 Mercurii
2769 3757 2847 3812 ait
2900 3756 3070 3811 fuisse
3103 3756 3422 3814 vicesimum

1844 3853 2044 3905 mensis
2085 3848 2426 3912 Dhul—llaiae,
2459 3849 2549 3902 hic
2585 3856 2674 3902 est
2704 3847 2906 3902 mensis
2934 3845 3158 3905 ultimus
3186 3846 3238 3900 in
3275 3863 3422 3898 anno

1842 3943 2102 3998 Arabum.
2142 3941 2420 3996 lia-bemus
2444 3941 2496 3994 in
2524 3939 2614 3996 his
2637 3936 3167 4003 cbaracteresduos.
3187 3937 3420 3993 PaSchae

1840 4035 2270 4090 Christianorum
2297 4040 2353 4086 et
2375 4030 2530 4086 feriat
2551 4036 2762 4099 quarta:
2783 4030 3166 4084 concurrentis
3197 4027 3248 4083 in
3273 4030 3416 4082 diem

1838 4126 1910 4182 20
1947 4123 2284 4190 Dbulaiiaiaa,
2333 4137 2570 4192 quorum
2621 4130 2816 4177 neuter
2851 4135 2994 4175 anno
3049 4118 3262 4189 Hegira:
3305 4119 3413 4173 681

1835 4219 2118 4292 competit,
2162 4225 2340 4289 prout
2360 4216 2666 4274 clarissime
2702 4216 3037 4270 demoustro.
3073 4213 3266 4268 Annus
3291 4228 3420 4266 terre

1833 4313 2162 4367 Christianae
2193 4312 2432 4382 vulgaris
2463 4311 2624 4377 1285,
2651 4311 2704 4366 iu
2740 4308 2898 4376 cujus
2937 4321 3178 4364 mensem
3223 4306 3415 4358 saltem

1837 4405 1977 4460 ultra
2003 4405 2228 4460 tertium
2252 4403 2569 4460 necessario
2595 4401 2837 4456 excurrit
2869 4413 3052 4453 annus
3075 4395 3286 4466 Hegira:
3312 4396 3410 4449 63t

1763 4479 1812 4534 θ
1839 4498 2042 4568 Aprilis
2068 4497 2354 4552 undecimo
2375 4495 2613 4551 dicanni
2643 4492 3004 4564 praecedentis
3029 4490 3168 4546 1282
3186 4490 3418 4542 inchou.

1828 4603 1940 4655 tus,
1961 4607 2091 4645 cum
2113 4590 2280 4645 fuerit
2304 4590 2514 4658 periodi
2542 4590 2772 4644 Juliaute
2798 4586 2961 4654 5996,
2984 4585 3193 4656 cycluin
3221 4598 3416 4637 nume-

1833 4685 1978 4738 ravit
2021 4682 2155 4736 solis
2177 4683 2210 4736 ι
2241 4697 2364 4736 cum
2397 4684 2574 4735 littera
2601 4681 2915 4736 dominicali
2961 4679 3022 4744 C,
3045 4677 3254 4748 cyclum
3285 4691 3414 4730 vero

1828 4775 1972 4831 hunc
2018 4774 2102 4828 11.
2155 4773 2280 4827 Haec
2310 4772 2464 4845 signa
2500 4773 2711 4827 Pascha
2739 4771 3176 4826 Christianorum
3215 4767 3412 4836 indigi~

1841 4879 1958 4924 taut
2006 4867 2061 4922 in
2093 4867 2180 4922 die
2216 4865 2278 4921 18
2313 4865 2514 4920 tuensis
2549 4863 2769 4930 Aprilis,
2796 4863 2894 4933 qui
2927 4863 3045 4916 dies
3092 4864 3415 4920 necessario

1832 4970 1983 5016 extra
2020 4958 2231 5029 tlegirat
2260 4958 2386 5012 anni
2417 4956 2516 5011 681
2564 4957 2698 5012 lines
2730 4957 2986 5010 excessit.
3026 4952 3142 5010 iloc
3174 4952 3411 5008 inlicmi

1827 5067 1937 5108 non
1973 5051 2278 5122 poteritqu-i
2311 5052 2466 5112 sciet,
2501 5048 2644 5118 quod
2672 5058 2885 5102 certum
2915 5057 3020 5112 est,
3041 5063 3245 5102 annum
3273 5049 3414 5100 Λικι-

1833 5145 1958 5200 bum
1995 5143 2220 5198 Juliano
2254 5154 2378 5197 esse
2412 5142 2677 5195 minorem
2721 5139 2912 5202 diebus
2963 5140 3156 5196 saltem
3198 5139 3409 5194 decem.

1830 5236 1986 5292 Unde
2015 5236 2360 5290 manifestum
2385 5243 2494 5298 est,
2535 5234 2579 5288 si
2609 5248 2784 5290 annus
2809 5232 3075 5288 Arabicus
3093 5232 3188 5287 68l
3222 5233 3310 5287 die
3340 5231 3414 5284 9.2

1832 5329 2036 5399 Aprilis
2065 5331 2192 5384 anni
2219 5327 2351 5382 Chr.
2378 5326 2516 5382 1282
2534 5327 2676 5391 iuiit.
2703 5326 2959 5384 desinere
2977 5327 3131 5384 illum
3155 5325 3411 5380 dchiSsi:

1831 5434 1958 5476 ante
1993 5422 2058 5476 18
2121 5423 2322 5489 Aprilis
2349 5423 2479 5480 anni
2515 5420 2720 5476 Christi
2772 5418 2944 5489 1285,
2977 5419 3235 5490 quoniam
3266 5432 3298 5471 a
3347 5419 3411 5469 18

1829 5515 2034 5585 Aprilis
2060 5515 2146 5569 die
2175 5515 2242 5569 ad
2269 5514 2412 5569 diem
2439 5513 2678 5582 ejusdem
2703 5515 2913 5570 mensis
2945 5512 3018 5570 22
3047 5526 3152 5567 non
3182 5511 3415 5564 interro,

1833 5609 1968 5662 dunt
2015 5609 2133 5664 dies
2163 5609 2370 5667 decem.
2421 5607 2503 5664 En
2558 5616 2838 5664 ostensum
2884 5606 3162 5662 evidenter
3197 5601 3408 5661 Pascha

1827 5698 2266 5754 Christianorum
2313 5702 2435 5754 anni
2476 5701 2690 5769 Uegirae
2725 5700 2825 5756 681
2868 5700 2921 5753 in
2967 5711 3209 5752 mensum
3244 5696 3409 5751 Dhulv

1841 5789 2029 5844 llaiam
2051 5792 2302 5846 ultimum
2321 5795 2442 5846 anui
2467 5794 2681 5850 Arabici
2705 5807 2814 5847 non
2830 5791 3074 5860 potuisse
3092 5792 3408 5849 convenire,

2917 5921 2995 5988 28
