  <div class='ocr_page' id='page_1' title='image "/cluster/home/n/w/nwhite01/storage/ocr_20150623/144/hvd.32044019208339/445.png"; bbox 0 0 3880 6538; ppageno 0'>
   <div class='ocr_carea' id='block_1_1' title="bbox 527 306 2083 381">
    <p class='ocr_par' dir='ltr' id='par_1_1' title="bbox 527 308 2083 381">
     <span class='ocr_line' id='line_1_1' title="bbox 527 308 2083 381; baseline -0.009 0"><span class='ocrx_word' id='word_1_1' title='bbox 527 321 599 381; x_wconf 70' lang='lat'><strong>75</strong></span> <span class='ocrx_word' id='word_1_2' title='bbox 1409 312 1476 373; x_wconf 79' lang='grc' dir='ltr'><strong>Ρ.</strong></span> <span class='ocrx_word' id='word_1_3' title='bbox 1514 308 2083 373; x_wconf 62' lang='lat' dir='ltr'><strong>POSSINi-OBSER</strong></span> 
     </span>
    </p>
   </div>
   <div class='ocr_carea' id='block_1_2' title="bbox 2187 306 3714 381">
    <p class='ocr_par' dir='ltr' id='par_1_2' title="bbox 2190 306 3714 381">
     <span class='ocr_line' id='line_1_2' title="bbox 2190 306 3714 381; baseline 0.003 -15"><span class='ocrx_word' id='word_1_4' title='bbox 2190 306 2492 368; x_wconf 79' lang='lat' dir='ltr'><strong>TIONUM</strong></span> <span class='ocrx_word' id='word_1_5' title='bbox 2529 306 2674 368; x_wconf 85' lang='lat' dir='ltr'><strong>LIB.</strong></span> <span class='ocrx_word' id='word_1_6' title='bbox 2714 306 2829 368; x_wconf 87' lang='grc' dir='ltr'><strong>Ιῐῐ.</strong></span> <span class='ocrx_word' id='word_1_7' title='bbox 3630 314 3714 381; x_wconf 72' lang='lat'><strong>875</strong></span> 
     </span>
    </p>
   </div>
   <div class='ocr_carea' id='block_1_3' title="bbox 500 419 3718 507">
    <p class='ocr_par' dir='ltr' id='par_1_3' title="bbox 500 419 3718 507">
     <span class='ocr_line' id='line_1_3' title="bbox 500 419 3718 507; baseline -0.004 -15"><span class='ocrx_word' id='word_1_8' title='bbox 500 438 766 507; x_wconf 76' lang='lat' dir='ltr'><strong>Deinceps</strong></span> <span class='ocrx_word' id='word_1_9' title='bbox 793 433 909 505; x_wconf 85' lang='lat' dir='ltr'><strong>pari</strong></span> <span class='ocrx_word' id='word_1_10' title='bbox 934 430 1207 488; x_wconf 86' lang='lat' dir='ltr'><strong>evidentia</strong></span> <span class='ocrx_word' id='word_1_11' title='bbox 1232 429 1552 484; x_wconf 88' lang='lat' dir='ltr'><strong>demonstro</strong></span> <span class='ocrx_word' id='word_1_12' title='bbox 1574 429 1897 483; x_wconf 81' lang='lat' dir='ltr'><strong>vicesimam</strong></span> <span class='ocrx_word' id='word_1_13' title='bbox 1929 424 2098 481; x_wconf 83' lang='lat' dir='ltr'><strong>Dlml-</strong></span> <span class='ocrx_word' id='word_1_14' title='bbox 2126 430 2174 485; x_wconf 76' lang='grc' dir='ltr'><strong>Α</strong></span> <span class='ocrx_word' id='word_1_15' title='bbox 2202 423 2283 477; x_wconf 83' lang='lat' dir='ltr'><strong>sic</strong></span> <span class='ocrx_word' id='word_1_16' title='bbox 2338 421 2715 477; x_wconf 84' lang='lat' dir='ltr'><strong>verisimiliter</strong></span> <span class='ocrx_word' id='word_1_17' title='bbox 2770 419 3087 477; x_wconf 72' lang='lat' dir='ltr'><strong>ordinanda:</strong></span> <span class='ocrx_word' id='word_1_18' title='bbox 3136 432 3284 489; x_wconf 87' lang='lat' dir='ltr'><strong>sunt,</strong></span> <span class='ocrx_word' id='word_1_19' title='bbox 3339 434 3396 481; x_wconf 87' lang='lat' dir='ltr'><strong>ut</strong></span> <span class='ocrx_word' id='word_1_20' title='bbox 3438 427 3572 497; x_wconf 88' lang='lat' dir='ltr'><strong>prior</strong></span> <span class='ocrx_word' id='word_1_21' title='bbox 3610 434 3718 488; x_wconf 71' lang='lat' dir='ltr'><strong>duce</strong></span> 
     </span>
    </p>
   </div>
   <div class='ocr_carea' id='block_1_4' title="bbox 501 514 3717 594">
    <p class='ocr_par' dir='ltr' id='par_1_4' title="bbox 501 514 3717 594">
     <span class='ocr_line' id='line_1_4' title="bbox 501 514 3717 594; baseline -0.005 -10"><span class='ocrx_word' id='word_1_22' title='bbox 501 530 648 587; x_wconf 70' lang='lat' dir='ltr'><strong>Ilaize</strong></span> <span class='ocrx_word' id='word_1_23' title='bbox 701 529 842 583; x_wconf 87' lang='lat' dir='ltr'><strong>diem</strong></span> <span class='ocrx_word' id='word_1_24' title='bbox 901 526 1090 581; x_wconf 86' lang='lat' dir='ltr'><strong>eodem</strong></span> <span class='ocrx_word' id='word_1_25' title='bbox 1141 524 1233 578; x_wconf 89' lang='lat' dir='ltr'><strong>illo</strong></span> <span class='ocrx_word' id='word_1_26' title='bbox 1290 539 1433 578; x_wconf 88' lang='lat' dir='ltr'><strong>anno</strong></span> <span class='ocrx_word' id='word_1_27' title='bbox 1491 520 1702 594; x_wconf 73' lang='lat' dir='ltr'><strong>liegira:</strong></span> <span class='ocrx_word' id='word_1_28' title='bbox 1750 520 1846 577; x_wconf 80' lang='grc'>681</span> <span class='ocrx_word' id='word_1_29' title='bbox 1890 520 2077 573; x_wconf 84' lang='lat' dir='ltr'><strong>feriam</strong></span> <span class='ocrx_word' id='word_1_30' title='bbox 2184 514 2490 585; x_wconf 78' lang='lat' dir='ltr'><strong>Kuugortai</strong></span> <span class='ocrx_word' id='word_1_31' title='bbox 2528 524 2705 583; x_wconf 66' lang='lat' dir='ltr'><strong>coepta</strong></span> <span class='ocrx_word' id='word_1_32' title='bbox 2741 530 2909 570; x_wconf 89' lang='lat' dir='ltr'><strong>verno</strong></span> <span class='ocrx_word' id='word_1_33' title='bbox 2969 525 3210 584; x_wconf 88' lang='lat' dir='ltr'><strong>tempore</strong></span> <span class='ocrx_word' id='word_1_34' title='bbox 3253 517 3379 572; x_wconf 86' lang='lat' dir='ltr'><strong>anni</strong></span> <span class='ocrx_word' id='word_1_35' title='bbox 3429 519 3617 590; x_wconf 69' lang='lat' dir='ltr'><strong>llegim</strong></span> <span class='ocrx_word' id='word_1_36' title='bbox 3639 523 3717 580; x_wconf 77' lang='lat'><strong>679</strong></span> 
     </span>
    </p>
   </div>
   <div class='ocr_carea' id='block_1_5' title="bbox 499 611 2081 689">
    <p class='ocr_par' dir='ltr' id='par_1_5' title="bbox 499 611 2081 689">
     <span class='ocr_line' id='line_1_5' title="bbox 499 611 2081 689; baseline -0.004 -17"><span class='ocrx_word' id='word_1_37' title='bbox 499 629 746 689; x_wconf 85' lang='lat' dir='ltr'><strong>quartam</strong></span> <span class='ocrx_word' id='word_1_38' title='bbox 784 634 889 673; x_wconf 93' lang='lat' dir='ltr'><strong>non</strong></span> <span class='ocrx_word' id='word_1_39' title='bbox 939 616 1128 671; x_wconf 87' lang='lat' dir='ltr'><strong>fuisse.</strong></span> <span class='ocrx_word' id='word_1_40' title='bbox 1164 614 1287 669; x_wconf 84' lang='lat' dir='ltr'><strong>Fuit</strong></span> <span class='ocrx_word' id='word_1_41' title='bbox 1320 614 1410 670; x_wconf 91' lang='lat' dir='ltr'><strong>ille</strong></span> <span class='ocrx_word' id='word_1_42' title='bbox 1452 629 1626 670; x_wconf 89' lang='lat' dir='ltr'><strong>annus</strong></span> <span class='ocrx_word' id='word_1_43' title='bbox 1665 611 1932 667; x_wconf 89' lang='lat' dir='ltr'><strong>Arabicus</strong></span> <span class='ocrx_word' id='word_1_44' title='bbox 1966 625 2081 665; x_wconf 85' lang='lat' dir='ltr'><strong>em-</strong></span> 
     </span>
    </p>
   </div>
   <div class='ocr_carea' id='block_1_6' title="bbox 502 703 2080 787">
    <p class='ocr_par' dir='ltr' id='par_1_6' title="bbox 502 703 2080 787">
     <span class='ocr_line' id='line_1_6' title="bbox 502 703 2080 787; baseline -0.006 -21"><span class='ocrx_word' id='word_1_45' title='bbox 502 713 781 787; x_wconf 76' lang='lat' dir='ltr'><strong>bolimaeus</strong></span> <span class='ocrx_word' id='word_1_46' title='bbox 805 727 865 766; x_wconf 83' lang='lat' dir='ltr'><strong>ac</strong></span> <span class='ocrx_word' id='word_1_47' title='bbox 890 720 1289 781; x_wconf 56' lang='lat' dir='ltr'><strong>consequenter</strong></span> <span class='ocrx_word' id='word_1_48' title='bbox 1313 709 1419 765; x_wconf 70' lang='grc' dir='ltr'><strong>εδδ</strong></span> <span class='ocrx_word' id='word_1_49' title='bbox 1440 709 1675 774; x_wconf 84' lang='lat' dir='ltr'><strong>dierum,</strong></span> <span class='ocrx_word' id='word_1_50' title='bbox 1704 703 2080 761; x_wconf 87' lang='lat' dir='ltr'><strong>echul—llaia</strong></span> 
     </span>
    </p>
   </div>
   <div class='ocr_carea' id='block_1_7' title="bbox 502 797 2081 868">
    <p class='ocr_par' dir='ltr' id='par_1_7' title="bbox 502 797 2081 868">
     <span class='ocr_line' id='line_1_7' title="bbox 502 797 2081 868; baseline -0.006 -9"><span class='ocrx_word' id='word_1_51' title='bbox 502 804 708 865; x_wconf 79' lang='lat' dir='ltr'><strong>mensis</strong></span> <span class='ocrx_word' id='word_1_52' title='bbox 740 804 853 868; x_wconf 76' lang='lat' dir='ltr'><strong>eius</strong></span> <span class='ocrx_word' id='word_1_53' title='bbox 873 803 1095 859; x_wconf 89' lang='lat' dir='ltr'><strong>ultimus</strong></span> <span class='ocrx_word' id='word_1_54' title='bbox 1121 803 1174 858; x_wconf 91' lang='lat' dir='ltr'><strong>in</strong></span> <span class='ocrx_word' id='word_1_55' title='bbox 1207 801 1368 858; x_wconf 86' lang='lat' dir='ltr'><strong>annis</strong></span> <span class='ocrx_word' id='word_1_56' title='bbox 1394 799 1689 857; x_wconf 87' lang='lat' dir='ltr'><strong>ordinariis</strong></span> <span class='ocrx_word' id='word_1_57' title='bbox 1714 812 1904 863; x_wconf 88' lang='lat' dir='ltr'><strong>cavus,</strong></span> <span class='ocrx_word' id='word_1_58' title='bbox 1933 797 1986 851; x_wconf 94' lang='lat' dir='ltr'><strong>in</strong></span> <span class='ocrx_word' id='word_1_59' title='bbox 2018 810 2081 849; x_wconf 88' lang='lat' dir='ltr'><strong>eo</strong></span> 
     </span>
    </p>
   </div>
   <div class='ocr_carea' id='block_1_8' title="bbox 501 888 2078 969">
    <p class='ocr_par' dir='ltr' id='par_1_8' title="bbox 501 888 2078 969">
     <span class='ocr_line' id='line_1_8' title="bbox 501 888 2078 969; baseline -0.005 -17"><span class='ocrx_word' id='word_1_60' title='bbox 501 898 696 969; x_wconf 87' lang='lat' dir='ltr'><strong>plenus</strong></span> <span class='ocrx_word' id='word_1_61' title='bbox 723 897 843 961; x_wconf 84' lang='lat' dir='ltr'><strong>fuit,</strong></span> <span class='ocrx_word' id='word_1_62' title='bbox 876 896 993 951; x_wconf 90' lang='lat' dir='ltr'><strong>dies</strong></span> <span class='ocrx_word' id='word_1_63' title='bbox 1028 910 1327 951; x_wconf 86' lang='lat' dir='ltr'><strong>numerans</strong></span> <span class='ocrx_word' id='word_1_64' title='bbox 1356 894 1602 966; x_wconf 72' lang='lat' dir='ltr'><strong>triginta,</strong></span> <span class='ocrx_word' id='word_1_65' title='bbox 1640 890 1927 946; x_wconf 79' lang='lat' dir='ltr'><strong>Tollantur</strong></span> <span class='ocrx_word' id='word_1_66' title='bbox 1951 888 2078 953; x_wconf 73' lang='grc'><strong>555.</strong></span> 
     </span>
    </p>
   </div>
   <div class='ocr_carea' id='block_1_9' title="bbox 501 983 2082 1062">
    <p class='ocr_par' dir='ltr' id='par_1_9' title="bbox 501 983 2082 1062">
     <span class='ocr_line' id='line_1_9' title="bbox 501 983 2082 1062; baseline -0.003 -19"><span class='ocrx_word' id='word_1_67' title='bbox 501 991 593 1062; x_wconf 89' lang='lat' dir='ltr'><strong>qui</strong></span> <span class='ocrx_word' id='word_1_68' title='bbox 631 1000 716 1045; x_wconf 89' lang='lat' dir='ltr'><strong>est</strong></span> <span class='ocrx_word' id='word_1_69' title='bbox 757 1004 1019 1045; x_wconf 87' lang='lat' dir='ltr'><strong>numerus</strong></span> <span class='ocrx_word' id='word_1_70' title='bbox 1057 989 1271 1044; x_wconf 89' lang='lat' dir='ltr'><strong>dierum</strong></span> <span class='ocrx_word' id='word_1_71' title='bbox 1298 988 1435 1058; x_wconf 5' lang='lat' dir='ltr'><strong>panni</strong></span> <span class='ocrx_word' id='word_1_72' title='bbox 1478 986 1611 1058; x_wconf 76' lang='lat' dir='ltr'><strong>lleg.</strong></span> <span class='ocrx_word' id='word_1_73' title='bbox 1648 984 1775 1051; x_wconf 84' lang='grc'>681,</span> <span class='ocrx_word' id='word_1_74' title='bbox 1812 985 1877 1039; x_wconf 91' lang='lat' dir='ltr'><strong>de</strong></span> <span class='ocrx_word' id='word_1_75' title='bbox 1914 983 2020 1038; x_wconf 77' lang='grc'><strong>565</strong></span> <span class='ocrx_word' id='word_1_76' title='bbox 2051 998 2082 1038; x_wconf 86' lang='lat' dir='ltr'><strong>a</strong></span> 
     </span>
    </p>
   </div>
   <div class='ocr_carea' id='block_1_10' title="bbox 500 1077 2080 1153">
    <p class='ocr_par' dir='ltr' id='par_1_10' title="bbox 500 1077 2080 1153">
     <span class='ocr_line' id='line_1_10' title="bbox 500 1077 2080 1153; baseline -0.006 -15"><span class='ocrx_word' id='word_1_77' title='bbox 500 1084 589 1139; x_wconf 85' lang='lat' dir='ltr'><strong>die</strong></span> <span class='ocrx_word' id='word_1_78' title='bbox 638 1083 709 1136; x_wconf 76' lang='grc'><strong>22</strong></span> <span class='ocrx_word' id='word_1_79' title='bbox 758 1083 961 1153; x_wconf 82' lang='lat' dir='ltr'><strong>Aprilis</strong></span> <span class='ocrx_word' id='word_1_80' title='bbox 1016 1081 1146 1136; x_wconf 89' lang='lat' dir='ltr'><strong>anni</strong></span> <span class='ocrx_word' id='word_1_81' title='bbox 1196 1080 1404 1136; x_wconf 84' lang='lat' dir='ltr'><strong>Christi</strong></span> <span class='ocrx_word' id='word_1_82' title='bbox 1441 1079 1580 1134; x_wconf 78' lang='grc'>1282</span> <span class='ocrx_word' id='word_1_83' title='bbox 1631 1077 2018 1147; x_wconf 76' lang='lat' dir='ltr'><strong>incipientibus</strong></span> <span class='ocrx_word' id='word_1_84' title='bbox 2065 1090 2080 1128; x_wconf 90' lang='lat'><strong>:</strong></span> 
     </span>
    </p>
   </div>
   <div class='ocr_carea' id='block_1_11' title="bbox 502 1170 2083 1237">
    <p class='ocr_par' dir='ltr' id='par_1_11' title="bbox 502 1170 2083 1237">
     <span class='ocr_line' id='line_1_11' title="bbox 502 1170 2083 1237; baseline -0.004 -7"><span class='ocrx_word' id='word_1_85' title='bbox 502 1178 728 1231; x_wconf 87' lang='lat' dir='ltr'><strong>ultimus</strong></span> <span class='ocrx_word' id='word_1_86' title='bbox 766 1176 1108 1231; x_wconf 73' lang='lat' dir='ltr'><strong>residuorum</strong></span> <span class='ocrx_word' id='word_1_87' title='bbox 1162 1174 1322 1229; x_wconf 87' lang='lat' dir='ltr'><strong>cadet</strong></span> <span class='ocrx_word' id='word_1_88' title='bbox 1376 1175 1430 1228; x_wconf 91' lang='lat' dir='ltr'><strong>in</strong></span> <span class='ocrx_word' id='word_1_89' title='bbox 1482 1170 1827 1227; x_wconf 87' lang='lat' dir='ltr'><strong>undecimum</strong></span> <span class='ocrx_word' id='word_1_90' title='bbox 1882 1170 2083 1237; x_wconf 75' lang='lat' dir='ltr'><strong>Aprilis</strong></span> 
     </span>
    </p>
   </div>
   <div class='ocr_carea' id='block_1_12' title="bbox 502 1259 2080 1327">
    <p class='ocr_par' dir='ltr' id='par_1_12' title="bbox 502 1259 2080 1327">
     <span class='ocr_line' id='line_1_12' title="bbox 502 1259 2080 1327; baseline -0.004 -5"><span class='ocrx_word' id='word_1_91' title='bbox 502 1268 629 1323; x_wconf 89' lang='lat' dir='ltr'><strong>anni</strong></span> <span class='ocrx_word' id='word_1_92' title='bbox 665 1266 869 1324; x_wconf 84' lang='lat' dir='ltr'><strong>Christi</strong></span> <span class='ocrx_word' id='word_1_93' title='bbox 908 1265 1061 1320; x_wconf 73' lang='grc'>1283.</span> <span class='ocrx_word' id='word_1_94' title='bbox 1115 1264 1215 1322; x_wconf 88' lang='lat' dir='ltr'><strong>llic</strong></span> <span class='ocrx_word' id='word_1_95' title='bbox 1251 1275 1336 1320; x_wconf 88' lang='lat' dir='ltr'><strong>est</strong></span> <span class='ocrx_word' id='word_1_96' title='bbox 1375 1263 1688 1321; x_wconf 80' lang='lat' dir='ltr'><strong>tricesimus</strong></span> <span class='ocrx_word' id='word_1_97' title='bbox 1726 1259 2080 1327; x_wconf 73' lang='lat' dir='ltr'><strong>Dhul-llaiat;</strong></span> 
     </span>
    </p>
   </div>
   <div class='ocr_carea' id='block_1_13' title="bbox 501 1354 2086 1431">
    <p class='ocr_par' dir='ltr' id='par_1_13' title="bbox 501 1354 2086 1431">
     <span class='ocr_line' id='line_1_13' title="bbox 501 1354 2086 1431; baseline -0.005 -14"><span class='ocrx_word' id='word_1_98' title='bbox 501 1377 531 1417; x_wconf 86' lang='lat' dir='ltr'><strong>a</strong></span> <span class='ocrx_word' id='word_1_99' title='bbox 572 1376 679 1431; x_wconf 88' lang='lat' dir='ltr'><strong>quo</strong></span> <span class='ocrx_word' id='word_1_100' title='bbox 709 1360 756 1416; x_wconf 86' lang='lat' dir='ltr'><strong>si</strong></span> <span class='ocrx_word' id='word_1_101' title='bbox 796 1371 942 1415; x_wconf 90' lang='lat' dir='ltr'><strong>retro</strong></span> <span class='ocrx_word' id='word_1_102' title='bbox 981 1361 1169 1415; x_wconf 84' lang='lat' dir='ltr'><strong>decem</strong></span> <span class='ocrx_word' id='word_1_103' title='bbox 1205 1359 1397 1425; x_wconf 86' lang='lat' dir='ltr'><strong>diebus</strong></span> <span class='ocrx_word' id='word_1_104' title='bbox 1442 1371 1793 1427; x_wconf 88' lang='lat' dir='ltr'><strong>promoveas,</strong></span> <span class='ocrx_word' id='word_1_105' title='bbox 1840 1354 2086 1409; x_wconf 82' lang='lat' dir='ltr'><strong>invenies</strong></span> 
     </span>
    </p>
   </div>
   <div class='ocr_carea' id='block_1_14' title="bbox 501 1446 2085 1523">
    <p class='ocr_par' dir='ltr' id='par_1_14' title="bbox 501 1446 2085 1523">
     <span class='ocr_line' id='line_1_14' title="bbox 501 1446 2085 1523; baseline -0.004 -16"><span class='ocrx_word' id='word_1_106' title='bbox 501 1456 823 1513; x_wconf 78' lang='lat' dir='ltr'><strong>vicesimum</strong></span> <span class='ocrx_word' id='word_1_107' title='bbox 844 1452 1100 1523; x_wconf 82' lang='lat' dir='ltr'><strong>ejusdem</strong></span> <span class='ocrx_word' id='word_1_108' title='bbox 1136 1449 1462 1505; x_wconf 78' lang='lat' dir='ltr'><strong>Dhquaize</strong></span> <span class='ocrx_word' id='word_1_109' title='bbox 1488 1450 1720 1520; x_wconf 89' lang='lat' dir='ltr'><strong>primum</strong></span> <span class='ocrx_word' id='word_1_110' title='bbox 1756 1447 1956 1511; x_wconf 84' lang='lat' dir='ltr'><strong>Martii,</strong></span> <span class='ocrx_word' id='word_1_111' title='bbox 1991 1446 2085 1517; x_wconf 91' lang='lat' dir='ltr'><strong>qui</strong></span> 
     </span>
    </p>
   </div>
   <div class='ocr_carea' id='block_1_15' title="bbox 502 1533 2085 1612">
    <p class='ocr_par' dir='ltr' id='par_1_15' title="bbox 502 1533 2085 1612">
     <span class='ocr_line' id='line_1_15' title="bbox 502 1533 2085 1612; baseline -0.011 -10"><span class='ocrx_word' id='word_1_112' title='bbox 502 1546 623 1602; x_wconf 89' lang='lat' dir='ltr'><strong>dies</strong></span> <span class='ocrx_word' id='word_1_113' title='bbox 662 1543 817 1600; x_wconf 75' lang='lat' dir='ltr'><strong>lovis</strong></span> <span class='ocrx_word' id='word_1_114' title='bbox 849 1554 902 1598; x_wconf 91' lang='lat' dir='ltr'><strong>et</strong></span> <span class='ocrx_word' id='word_1_115' title='bbox 933 1544 1121 1612; x_wconf 88' lang='lat' dir='ltr'><strong>quinta</strong></span> <span class='ocrx_word' id='word_1_116' title='bbox 1161 1538 1318 1604; x_wconf 90' lang='lat' dir='ltr'><strong>feria,</strong></span> <span class='ocrx_word' id='word_1_117' title='bbox 1349 1554 1413 1593; x_wconf 90' lang='lat' dir='ltr'><strong>eo</strong></span> <span class='ocrx_word' id='word_1_118' title='bbox 1444 1553 1588 1592; x_wconf 89' lang='lat' dir='ltr'><strong>anno</strong></span> <span class='ocrx_word' id='word_1_119' title='bbox 1636 1537 1875 1591; x_wconf 83' lang='lat' dir='ltr'><strong>litteram</strong></span> <span class='ocrx_word' id='word_1_120' title='bbox 1908 1533 2085 1589; x_wconf 88' lang='lat' dir='ltr'><strong>domi-</strong></span> 
     </span>
    </p>
   </div>
   <div class='ocr_carea' id='block_1_16' title="bbox 504 1626 2089 1696">
    <p class='ocr_par' dir='ltr' id='par_1_16' title="bbox 504 1626 2089 1696">
     <span class='ocr_line' id='line_1_16' title="bbox 504 1626 2089 1696; baseline -0.008 -4"><span class='ocrx_word' id='word_1_121' title='bbox 504 1636 734 1692; x_wconf 86' lang='lat' dir='ltr'><strong>nicalem</strong></span> <span class='ocrx_word' id='word_1_122' title='bbox 764 1634 805 1691; x_wconf 93' lang='lat' dir='ltr'><strong>C</strong></span> <span class='ocrx_word' id='word_1_123' title='bbox 855 1635 1109 1696; x_wconf 80' lang='lat' dir='ltr'><strong>habente,</strong></span> <span class='ocrx_word' id='word_1_124' title='bbox 1143 1632 1266 1694; x_wconf 84' lang='lat' dir='ltr'><strong>fuit,</strong></span> <span class='ocrx_word' id='word_1_125' title='bbox 1310 1645 1419 1684; x_wconf 87' lang='lat' dir='ltr'><strong>non</strong></span> <span class='ocrx_word' id='word_1_126' title='bbox 1459 1640 1668 1694; x_wconf 90' lang='lat' dir='ltr'><strong>autem,</strong></span> <span class='ocrx_word' id='word_1_127' title='bbox 1703 1637 1763 1682; x_wconf 91' lang='lat' dir='ltr'><strong>ut</strong></span> <span class='ocrx_word' id='word_1_128' title='bbox 1794 1628 1873 1682; x_wconf 88' lang='lat' dir='ltr'><strong>ait</strong></span> <span class='ocrx_word' id='word_1_129' title='bbox 1922 1626 2089 1681; x_wconf 77' lang='lat' dir='ltr'><strong>Ahul—</strong></span> 
     </span>
    </p>
   </div>
   <div class='ocr_carea' id='block_1_17' title="bbox 505 1720 1800 1800">
    <p class='ocr_par' dir='ltr' id='par_1_17' title="bbox 505 1720 1800 1800">
     <span class='ocr_line' id='line_1_17' title="bbox 505 1720 1800 1800; baseline -0.005 -17"><span class='ocrx_word' id='word_1_130' title='bbox 505 1730 825 1800; x_wconf 78' lang='lat' dir='ltr'><strong>pharagius,</strong></span> <span class='ocrx_word' id='word_1_131' title='bbox 853 1728 971 1784; x_wconf 76' lang='lat' dir='ltr'><strong>dies</strong></span> <span class='ocrx_word' id='word_1_132' title='bbox 998 1725 1252 1781; x_wconf 75' lang='lat' dir='ltr'><strong>Mercurii</strong></span> <span class='ocrx_word' id='word_1_133' title='bbox 1281 1723 1397 1780; x_wconf 89' lang='lat' dir='ltr'><strong>sive</strong></span> <span class='ocrx_word' id='word_1_134' title='bbox 1420 1733 1616 1793; x_wconf 85' lang='lat' dir='ltr'><strong>quarta</strong></span> <span class='ocrx_word' id='word_1_135' title='bbox 1647 1720 1800 1776; x_wconf 83' lang='lat' dir='ltr'><strong>feria.</strong></span> 
     </span>
    </p>
   </div>
   <div class='ocr_carea' id='block_1_18' title="bbox 577 1902 2082 1965">
    <p class='ocr_par' dir='ltr' id='par_1_18' title="bbox 577 1902 2082 1965">
     <span class='ocr_line' id='line_1_18' title="bbox 577 1902 2082 1965; baseline -0.005 -2"><span class='ocrx_word' id='word_1_136' title='bbox 577 1908 717 1965; x_wconf 81' lang='lat' dir='ltr'><strong>XIV.</strong></span> <span class='ocrx_word' id='word_1_137' title='bbox 756 1907 849 1962; x_wconf 85' lang='lat' dir='ltr'><strong>llis</strong></span> <span class='ocrx_word' id='word_1_138' title='bbox 876 1906 1045 1963; x_wconf 88' lang='lat' dir='ltr'><strong>lector</strong></span> <span class='ocrx_word' id='word_1_139' title='bbox 1064 1906 1288 1961; x_wconf 82' lang='lat' dir='ltr'><strong>adactus</strong></span> <span class='ocrx_word' id='word_1_140' title='bbox 1319 1905 1386 1959; x_wconf 88' lang='lat' dir='ltr'><strong>ad</strong></span> <span class='ocrx_word' id='word_1_141' title='bbox 1420 1904 1702 1959; x_wconf 84' lang='lat' dir='ltr'><strong>fatendum</strong></span> <span class='ocrx_word' id='word_1_142' title='bbox 1729 1902 2082 1956; x_wconf 79' lang='lat' dir='ltr'><strong>characteres</strong></span> 
     </span>
    </p>
   </div>
   <div class='ocr_carea' id='block_1_19' title="bbox 504 1992 2080 2068">
    <p class='ocr_par' dir='ltr' id='par_1_19' title="bbox 504 1992 2080 2068">
     <span class='ocr_line' id='line_1_19' title="bbox 504 1992 2080 2068; baseline -0.007 -10"><span class='ocrx_word' id='word_1_143' title='bbox 504 2001 637 2058; x_wconf 83' lang='lat' dir='ltr'><strong>istos</strong></span> <span class='ocrx_word' id='word_1_144' title='bbox 701 2000 839 2057; x_wconf 87' lang='lat' dir='ltr'><strong>duos</strong></span> <span class='ocrx_word' id='word_1_145' title='bbox 901 1998 1340 2068; x_wconf 76' lang='lat' dir='ltr'><strong>chronologicos,</strong></span> <span class='ocrx_word' id='word_1_146' title='bbox 1404 1996 1630 2052; x_wconf 73' lang='lat' dir='ltr'><strong>Pascha:</strong></span> <span class='ocrx_word' id='word_1_147' title='bbox 1676 1992 1965 2049; x_wconf 89' lang='lat' dir='ltr'><strong>incidentis</strong></span> <span class='ocrx_word' id='word_1_148' title='bbox 2027 1992 2080 2047; x_wconf 94' lang='lat' dir='ltr'><strong>in</strong></span> 
     </span>
    </p>
   </div>
   <div class='ocr_carea' id='block_1_20' title="bbox 503 2085 2084 2159">
    <p class='ocr_par' dir='ltr' id='par_1_20' title="bbox 503 2085 2084 2159">
     <span class='ocr_line' id='line_1_20' title="bbox 503 2085 2084 2159; baseline -0.008 -8"><span class='ocrx_word' id='word_1_149' title='bbox 503 2109 747 2151; x_wconf 67' lang='lat' dir='ltr'><strong>mensem</strong></span> <span class='ocrx_word' id='word_1_150' title='bbox 788 2089 1146 2147; x_wconf 86' lang='lat' dir='ltr'><strong>Dhul-llaiam</strong></span> <span class='ocrx_word' id='word_1_151' title='bbox 1201 2100 1254 2146; x_wconf 91' lang='lat' dir='ltr'><strong>et</strong></span> <span class='ocrx_word' id='word_1_152' title='bbox 1290 2090 1437 2146; x_wconf 72' lang='lat' dir='ltr'><strong>feria:</strong></span> <span class='ocrx_word' id='word_1_153' title='bbox 1486 2095 1698 2159; x_wconf 76' lang='lat' dir='ltr'><strong>quartae</strong></span> <span class='ocrx_word' id='word_1_154' title='bbox 1738 2085 2084 2156; x_wconf 78' lang='lat' dir='ltr'><strong>insignientis</strong></span> 
     </span>
    </p>
   </div>
   <div class='ocr_carea' id='block_1_21' title="bbox 482 2179 2079 2251">
    <p class='ocr_par' dir='ltr' id='par_1_21' title="bbox 482 2179 2079 2251">
     <span class='ocr_line' id='line_1_21' title="bbox 482 2179 2079 2251; baseline -0.006 -9"><span class='ocrx_word' id='word_1_155' title='bbox 482 2190 823 2251; x_wconf 61' lang='lat' dir='ltr'><strong>,vicesintum</strong></span> <span class='ocrx_word' id='word_1_156' title='bbox 868 2183 1195 2241; x_wconf 76' lang='lat' dir='ltr'><strong>Dlntl-llaia:</strong></span> <span class='ocrx_word' id='word_1_157' title='bbox 1231 2183 1394 2248; x_wconf 87' lang='lat' dir='ltr'><strong>diem,</strong></span> <span class='ocrx_word' id='word_1_158' title='bbox 1432 2181 1660 2236; x_wconf 90' lang='lat' dir='ltr'><strong>minime</strong></span> <span class='ocrx_word' id='word_1_159' title='bbox 1695 2179 1992 2236; x_wconf 83' lang='lat' dir='ltr'><strong>convenire</strong></span> <span class='ocrx_word' id='word_1_160' title='bbox 2028 2180 2079 2234; x_wconf 91' lang='lat' dir='ltr'><strong>in</strong></span> 
     </span>
    </p>
   </div>
   <div class='ocr_carea' id='block_1_22' title="bbox 500 2272 2080 2348">
    <p class='ocr_par' dir='ltr' id='par_1_22' title="bbox 500 2272 2080 2348">
     <span class='ocr_line' id='line_1_22' title="bbox 500 2272 2080 2348; baseline -0.006 -14"><span class='ocrx_word' id='word_1_161' title='bbox 500 2296 704 2334; x_wconf 85' lang='lat' dir='ltr'><strong>annum</strong></span> <span class='ocrx_word' id='word_1_162' title='bbox 766 2277 978 2348; x_wconf 73' lang='lat' dir='ltr'><strong>ilegira:</strong></span> <span class='ocrx_word' id='word_1_163' title='bbox 1032 2276 1159 2341; x_wconf 87' lang='grc'>681,</span> <span class='ocrx_word' id='word_1_164' title='bbox 1218 2284 1426 2345; x_wconf 79' lang='lat' dir='ltr'><strong>quaeret</strong></span> <span class='ocrx_word' id='word_1_165' title='bbox 1459 2273 1599 2328; x_wconf 88' lang='lat' dir='ltr'><strong>forte</strong></span> <span class='ocrx_word' id='word_1_166' title='bbox 1632 2287 1760 2328; x_wconf 91' lang='lat' dir='ltr'><strong>num</strong></span> <span class='ocrx_word' id='word_1_167' title='bbox 1807 2273 1862 2325; x_wconf 94' lang='lat' dir='ltr'><strong>in</strong></span> <span class='ocrx_word' id='word_1_168' title='bbox 1909 2272 2080 2327; x_wconf 91' lang='lat' dir='ltr'><strong>alium</strong></span> 
     </span>
    </p>
   </div>
   <div class='ocr_carea' id='block_1_23' title="bbox 502 2364 2083 2438">
    <p class='ocr_par' dir='ltr' id='par_1_23' title="bbox 502 2364 2083 2438">
     <span class='ocr_line' id='line_1_23' title="bbox 502 2364 2083 2438; baseline -0.006 -10"><span class='ocrx_word' id='word_1_169' title='bbox 502 2371 851 2428; x_wconf 86' lang='lat' dir='ltr'><strong>conveniant.</strong></span> <span class='ocrx_word' id='word_1_170' title='bbox 915 2368 1035 2424; x_wconf 81' lang='lat' dir='ltr'><strong>Non</strong></span> <span class='ocrx_word' id='word_1_171' title='bbox 1088 2369 1251 2438; x_wconf 73' lang='lat' dir='ltr'><strong>longe</strong></span> <span class='ocrx_word' id='word_1_172' title='bbox 1307 2367 1544 2423; x_wconf 89' lang='lat' dir='ltr'><strong>abibitur</strong></span> <span class='ocrx_word' id='word_1_173' title='bbox 1588 2382 1606 2420; x_wconf 87' lang='lat'><strong>:</strong></span> <span class='ocrx_word' id='word_1_174' title='bbox 1662 2365 1751 2420; x_wconf 90' lang='lat' dir='ltr'><strong>aio</strong></span> <span class='ocrx_word' id='word_1_175' title='bbox 1803 2364 2083 2434; x_wconf 85' lang='lat' dir='ltr'><strong>aptissime</strong></span> 
     </span>
    </p>
   </div>
   <div class='ocr_carea' id='block_1_24' title="bbox 503 2458 2078 2531">
    <p class='ocr_par' dir='ltr' id='par_1_24' title="bbox 503 2458 2078 2531">
     <span class='ocr_line' id='line_1_24' title="bbox 503 2458 2078 2531; baseline -0.004 -13"><span class='ocrx_word' id='word_1_176' title='bbox 503 2463 695 2518; x_wconf 87' lang='lat' dir='ltr'><strong>ambos</strong></span> <span class='ocrx_word' id='word_1_177' title='bbox 726 2461 1004 2531; x_wconf 87' lang='lat' dir='ltr'><strong>quadrare</strong></span> <span class='ocrx_word' id='word_1_178' title='bbox 1039 2461 1091 2516; x_wconf 92' lang='lat' dir='ltr'><strong>in</strong></span> <span class='ocrx_word' id='word_1_179' title='bbox 1148 2475 1352 2515; x_wconf 85' lang='lat' dir='ltr'><strong>annum</strong></span> <span class='ocrx_word' id='word_1_180' title='bbox 1382 2458 1607 2528; x_wconf 80' lang='grc' dir='ltr'><strong>ἁμέσως</strong></span> <span class='ocrx_word' id='word_1_181' title='bbox 1656 2458 2078 2527; x_wconf 67' lang='lat' dir='ltr'><strong>prxccdenlem,</strong></span> 
     </span>
    </p>
   </div>
   <div class='ocr_carea' id='block_1_25' title="bbox 504 2548 2082 2621">
    <p class='ocr_par' dir='ltr' id='par_1_25' title="bbox 504 2548 2082 2621">
     <span class='ocr_line' id='line_1_25' title="bbox 504 2548 2082 2621; baseline -0.003 -14"><span class='ocrx_word' id='word_1_182' title='bbox 504 2554 756 2609; x_wconf 88' lang='lat' dir='ltr'><strong>videlicet</strong></span> <span class='ocrx_word' id='word_1_183' title='bbox 781 2552 994 2621; x_wconf 73' lang='lat' dir='ltr'><strong>llegirse</strong></span> <span class='ocrx_word' id='word_1_184' title='bbox 1025 2551 1149 2607; x_wconf 87' lang='lat'><strong>680.</strong></span> <span class='ocrx_word' id='word_1_185' title='bbox 1177 2551 1277 2606; x_wconf 84' lang='lat' dir='ltr'><strong>llic</strong></span> <span class='ocrx_word' id='word_1_186' title='bbox 1299 2566 1479 2607; x_wconf 85' lang='lat' dir='ltr'><strong>annus</strong></span> <span class='ocrx_word' id='word_1_187' title='bbox 1508 2549 1722 2605; x_wconf 91' lang='lat' dir='ltr'><strong>initium</strong></span> <span class='ocrx_word' id='word_1_188' title='bbox 1754 2549 1909 2604; x_wconf 80' lang='lat' dir='ltr'><strong>duxit</strong></span> <span class='ocrx_word' id='word_1_189' title='bbox 1932 2563 1965 2602; x_wconf 88' lang='lat' dir='ltr'><strong>a</strong></span> <span class='ocrx_word' id='word_1_190' title='bbox 1995 2548 2082 2603; x_wconf 88' lang='lat' dir='ltr'><strong>die</strong></span> 
     </span>
    </p>
   </div>
   <div class='ocr_carea' id='block_1_26' title="bbox 500 2640 2079 2715">
    <p class='ocr_par' dir='ltr' id='par_1_26' title="bbox 500 2640 2079 2715">
     <span class='ocr_line' id='line_1_26' title="bbox 500 2640 2079 2715; baseline -0.004 -14"><span class='ocrx_word' id='word_1_191' title='bbox 500 2646 573 2701; x_wconf 75' lang='grc'><strong>22</strong></span> <span class='ocrx_word' id='word_1_192' title='bbox 603 2646 804 2715; x_wconf 80' lang='lat' dir='ltr'><strong>Aprilis</strong></span> <span class='ocrx_word' id='word_1_193' title='bbox 836 2644 1041 2700; x_wconf 81' lang='lat' dir='ltr'><strong>Juliani</strong></span> <span class='ocrx_word' id='word_1_194' title='bbox 1073 2659 1221 2701; x_wconf 90' lang='lat' dir='ltr'><strong>anno</strong></span> <span class='ocrx_word' id='word_1_195' title='bbox 1250 2642 1457 2700; x_wconf 84' lang='lat' dir='ltr'><strong>Christi</strong></span> <span class='ocrx_word' id='word_1_196' title='bbox 1492 2640 1654 2707; x_wconf 81' lang='grc'>1281,</span> <span class='ocrx_word' id='word_1_197' title='bbox 1695 2642 1860 2696; x_wconf 89' lang='lat' dir='ltr'><strong>desiit</strong></span> <span class='ocrx_word' id='word_1_198' title='bbox 1897 2649 2079 2697; x_wconf 87' lang='lat' dir='ltr'><strong>autem</strong></span> 
     </span>
    </p>
   </div>
   <div class='ocr_carea' id='block_1_27' title="bbox 502 2731 2081 2805">
    <p class='ocr_par' dir='ltr' id='par_1_27' title="bbox 502 2731 2081 2805">
     <span class='ocr_line' id='line_1_27' title="bbox 502 2731 2081 2805; baseline -0.005 -12"><span class='ocrx_word' id='word_1_199' title='bbox 502 2738 590 2794; x_wconf 81' lang='lat' dir='ltr'><strong>die</strong></span> <span class='ocrx_word' id='word_1_200' title='bbox 618 2739 829 2795; x_wconf 85' lang='lat' dir='ltr'><strong>decima</strong></span> <span class='ocrx_word' id='word_1_201' title='bbox 874 2736 1116 2805; x_wconf 79' lang='lat' dir='ltr'><strong>ejusdem</strong></span> <span class='ocrx_word' id='word_1_202' title='bbox 1148 2734 1354 2803; x_wconf 76' lang='lat' dir='ltr'><strong>Aprilis</strong></span> <span class='ocrx_word' id='word_1_203' title='bbox 1403 2747 1547 2791; x_wconf 85' lang='lat' dir='ltr'><strong>anno</strong></span> <span class='ocrx_word' id='word_1_204' title='bbox 1588 2732 1789 2789; x_wconf 87' lang='lat' dir='ltr'><strong>Christi</strong></span> <span class='ocrx_word' id='word_1_205' title='bbox 1830 2731 2081 2801; x_wconf 86' lang='lat' dir='ltr'><strong>sequenti</strong></span> 
     </span>
    </p>
   </div>
   <div class='ocr_carea' id='block_1_28' title="bbox 502 2822 2077 2897">
    <p class='ocr_par' dir='ltr' id='par_1_28' title="bbox 502 2822 2077 2897">
     <span class='ocr_line' id='line_1_28' title="bbox 502 2822 2077 2897; baseline -0.006 -10"><span class='ocrx_word' id='word_1_206' title='bbox 502 2832 670 2887; x_wconf 78' lang='grc'>1282.</span> <span class='ocrx_word' id='word_1_207' title='bbox 698 2830 822 2885; x_wconf 75' lang='lat' dir='ltr'><strong>Fuit</strong></span> <span class='ocrx_word' id='word_1_208' title='bbox 842 2844 1021 2884; x_wconf 84' lang='lat' dir='ltr'><strong>annus</strong></span> <span class='ocrx_word' id='word_1_209' title='bbox 1038 2828 1243 2884; x_wconf 87' lang='lat' dir='ltr'><strong>Christi</strong></span> <span class='ocrx_word' id='word_1_210' title='bbox 1272 2826 1411 2882; x_wconf 85' lang='grc'>1282</span> <span class='ocrx_word' id='word_1_211' title='bbox 1435 2824 1640 2897; x_wconf 81' lang='lat' dir='ltr'><strong>periodi</strong></span> <span class='ocrx_word' id='word_1_212' title='bbox 1663 2822 1893 2878; x_wconf 77' lang='lat' dir='ltr'><strong>Julianae</strong></span> <span class='ocrx_word' id='word_1_213' title='bbox 1915 2822 2077 2879; x_wconf 75' lang='lat'><strong>5995.</strong></span> 
     </span>
    </p>
   </div>
   <div class='ocr_carea' id='block_1_29' title="bbox 498 2916 2081 2995">
    <p class='ocr_par' dir='ltr' id='par_1_29' title="bbox 498 2916 2081 2995">
     <span class='ocr_line' id='line_1_29' title="bbox 498 2916 2081 2995; baseline -0.008 -15"><span class='ocrx_word' id='word_1_214' title='bbox 498 2926 725 2995; x_wconf 72' lang='lat' dir='ltr'><strong>(lycium</strong></span> <span class='ocrx_word' id='word_1_215' title='bbox 750 2923 886 2979; x_wconf 87' lang='lat' dir='ltr'><strong>solis</strong></span> <span class='ocrx_word' id='word_1_216' title='bbox 914 2921 1104 2977; x_wconf 86' lang='lat' dir='ltr'><strong>habuit</strong></span> <span class='ocrx_word' id='word_1_217' title='bbox 1129 2921 1302 2975; x_wconf 84' lang='lat' dir='ltr'><strong>5cum</strong></span> <span class='ocrx_word' id='word_1_218' title='bbox 1331 2919 1513 2974; x_wconf 84' lang='lat' dir='ltr'><strong>littera</strong></span> <span class='ocrx_word' id='word_1_219' title='bbox 1545 2917 1863 2972; x_wconf 79' lang='lat' dir='ltr'><strong>Dominicali</strong></span> <span class='ocrx_word' id='word_1_220' title='bbox 1898 2916 1961 2981; x_wconf 90' lang='lat' dir='ltr'><strong>D,</strong></span> <span class='ocrx_word' id='word_1_221' title='bbox 1989 2930 2081 2987; x_wconf 76' lang='lat' dir='ltr'><strong>cy-</strong></span> 
     </span>
    </p>
   </div>
   <div class='ocr_carea' id='block_1_30' title="bbox 500 3006 2081 3080">
    <p class='ocr_par' dir='ltr' id='par_1_30' title="bbox 500 3006 2081 3080">
     <span class='ocr_line' id='line_1_30' title="bbox 500 3006 2081 3080; baseline -0.004 -13"><span class='ocrx_word' id='word_1_222' title='bbox 500 3014 645 3071; x_wconf 80' lang='lat' dir='ltr'><strong>clum</strong></span> <span class='ocrx_word' id='word_1_223' title='bbox 678 3027 806 3067; x_wconf 79' lang='lat' dir='ltr'><strong>vero</strong></span> <span class='ocrx_word' id='word_1_224' title='bbox 836 3012 978 3067; x_wconf 80' lang='lat' dir='ltr'><strong>luna:</strong></span> <span class='ocrx_word' id='word_1_225' title='bbox 1010 3009 1093 3063; x_wconf 90' lang='grc'><strong>10.</strong></span> <span class='ocrx_word' id='word_1_226' title='bbox 1138 3009 1216 3065; x_wconf 79' lang='lat' dir='ltr'><strong>Ex</strong></span> <span class='ocrx_word' id='word_1_227' title='bbox 1262 3010 1349 3065; x_wconf 89' lang='lat' dir='ltr'><strong>his</strong></span> <span class='ocrx_word' id='word_1_228' title='bbox 1383 3017 1532 3080; x_wconf 85' lang='lat' dir='ltr'><strong>patet</strong></span> <span class='ocrx_word' id='word_1_229' title='bbox 1565 3008 1774 3064; x_wconf 83' lang='lat' dir='ltr'><strong>Pascha</strong></span> <span class='ocrx_word' id='word_1_230' title='bbox 1804 3006 1923 3075; x_wconf 89' lang='lat' dir='ltr'><strong>ejus</strong></span> <span class='ocrx_word' id='word_1_231' title='bbox 1950 3006 2081 3061; x_wconf 85' lang='lat' dir='ltr'><strong>anni</strong></span> 
     </span>
    </p>
   </div>
   <div class='ocr_carea' id='block_1_31' title="bbox 498 3100 2085 3178">
    <p class='ocr_par' dir='ltr' id='par_1_31' title="bbox 498 3100 2085 3178">
     <span class='ocr_line' id='line_1_31' title="bbox 498 3100 2085 3178; baseline -0.006 -16"><span class='ocrx_word' id='word_1_232' title='bbox 498 3121 802 3178; x_wconf 87' lang='lat' dir='ltr'><strong>occupasse</strong></span> <span class='ocrx_word' id='word_1_233' title='bbox 824 3106 969 3161; x_wconf 88' lang='lat' dir='ltr'><strong>diem</strong></span> <span class='ocrx_word' id='word_1_234' title='bbox 999 3104 1071 3160; x_wconf 83' lang='grc'><strong>29</strong></span> <span class='ocrx_word' id='word_1_235' title='bbox 1097 3103 1302 3161; x_wconf 86' lang='lat' dir='ltr'><strong>mensis</strong></span> <span class='ocrx_word' id='word_1_236' title='bbox 1332 3101 1536 3157; x_wconf 78' lang='lat' dir='ltr'><strong>Juliani</strong></span> <span class='ocrx_word' id='word_1_237' title='bbox 1570 3101 1770 3157; x_wconf 80' lang='lat' dir='ltr'><strong>Martii.</strong></span> <span class='ocrx_word' id='word_1_238' title='bbox 1809 3102 1937 3156; x_wconf 81' lang='lat' dir='ltr'><strong>Haec</strong></span> <span class='ocrx_word' id='word_1_239' title='bbox 1966 3100 2085 3154; x_wconf 87' lang='lat' dir='ltr'><strong>dies</strong></span> 
     </span>
    </p>
   </div>
   <div class='ocr_carea' id='block_1_32' title="bbox 498 3172 2153 3267">
    <p class='ocr_par' dir='ltr' id='par_1_32' title="bbox 498 3172 2153 3267">
     <span class='ocr_line' id='line_1_32' title="bbox 498 3172 2153 3267; baseline -0.005 -13"><span class='ocrx_word' id='word_1_240' title='bbox 498 3172 691 3255; x_wconf 66' lang='lat' dir='ltr'><strong>deesse</strong></span> <span class='ocrx_word' id='word_1_241' title='bbox 712 3213 824 3253; x_wconf 83' lang='lat' dir='ltr'><strong>non</strong></span> <span class='ocrx_word' id='word_1_242' title='bbox 850 3197 1027 3267; x_wconf 88' lang='lat' dir='ltr'><strong>potuit</strong></span> <span class='ocrx_word' id='word_1_243' title='bbox 1044 3196 1175 3265; x_wconf 87' lang='lat' dir='ltr'><strong>quin</strong></span> <span class='ocrx_word' id='word_1_244' title='bbox 1206 3195 1415 3250; x_wconf 85' lang='lat' dir='ltr'><strong>ambitu</strong></span> <span class='ocrx_word' id='word_1_245' title='bbox 1441 3194 1643 3251; x_wconf 82' lang='lat' dir='ltr'><strong>mensis</strong></span> <span class='ocrx_word' id='word_1_246' title='bbox 1665 3193 1884 3249; x_wconf 83' lang='lat' dir='ltr'><strong>Arabici</strong></span> <span class='ocrx_word' id='word_1_247' title='bbox 1914 3192 2082 3247; x_wconf 84' lang='lat' dir='ltr'><strong>Dhul-</strong></span> <span class='ocrx_word' id='word_1_248' title='bbox 2111 3172 2153 3230; x_wconf 67' lang='grc' dir='ltr'><strong>(ἶ</strong></span> 
     </span>
    </p>
   </div>
   <div class='ocr_carea' id='block_1_33' title="bbox 503 3286 2081 3363">
    <p class='ocr_par' dir='ltr' id='par_1_33' title="bbox 503 3286 2081 3363">
     <span class='ocr_line' id='line_1_33' title="bbox 503 3286 2081 3363; baseline -0.003 -14"><span class='ocrx_word' id='word_1_249' title='bbox 503 3294 655 3349; x_wconf 69' lang='lat' dir='ltr'><strong>Haiaa</strong></span> <span class='ocrx_word' id='word_1_250' title='bbox 678 3291 850 3363; x_wconf 70' lang='lat'><strong>819</strong></span> <span class='ocrx_word' id='word_1_251' title='bbox 887 3293 941 3347; x_wconf 92' lang='lat' dir='ltr'><strong>in</strong></span> <span class='ocrx_word' id='word_1_252' title='bbox 969 3305 1113 3346; x_wconf 86' lang='lat' dir='ltr'><strong>anno</strong></span> <span class='ocrx_word' id='word_1_253' title='bbox 1139 3289 1350 3360; x_wconf 72' lang='lat' dir='ltr'><strong>[legirze</strong></span> <span class='ocrx_word' id='word_1_254' title='bbox 1380 3286 1486 3344; x_wconf 83' lang='lat'><strong>680</strong></span> <span class='ocrx_word' id='word_1_255' title='bbox 1528 3287 1905 3352; x_wconf 67' lang='lat' dir='ltr'><strong>clauderetur,</strong></span> <span class='ocrx_word' id='word_1_256' title='bbox 1944 3301 2081 3356; x_wconf 80' lang='lat' dir='ltr'><strong>quo-</strong></span> 
     </span>
    </p>
   </div>
   <div class='ocr_carea' id='block_1_34' title="bbox 505 3380 2086 3451">
    <p class='ocr_par' dir='ltr' id='par_1_34' title="bbox 505 3380 2086 3451">
     <span class='ocr_line' id='line_1_34' title="bbox 505 3380 2086 3451; baseline -0.006 -9"><span class='ocrx_word' id='word_1_257' title='bbox 505 3387 654 3443; x_wconf 89' lang='lat' dir='ltr'><strong>niam</strong></span> <span class='ocrx_word' id='word_1_258' title='bbox 698 3387 748 3442; x_wconf 85' lang='lat' dir='ltr'><strong>is</strong></span> <span class='ocrx_word' id='word_1_259' title='bbox 790 3399 967 3439; x_wconf 88' lang='lat' dir='ltr'><strong>annus</strong></span> <span class='ocrx_word' id='word_1_260' title='bbox 1014 3398 1044 3436; x_wconf 90' lang='lat' dir='ltr'><strong>a</strong></span> <span class='ocrx_word' id='word_1_261' title='bbox 1099 3381 1173 3437; x_wconf 83' lang='grc'><strong>22</strong></span> <span class='ocrx_word' id='word_1_262' title='bbox 1226 3381 1433 3451; x_wconf 80' lang='lat' dir='ltr'><strong>Aprilis</strong></span> <span class='ocrx_word' id='word_1_263' title='bbox 1476 3382 1608 3436; x_wconf 87' lang='lat' dir='ltr'><strong>anni</strong></span> <span class='ocrx_word' id='word_1_264' title='bbox 1657 3380 1791 3438; x_wconf 90' lang='lat' dir='ltr'><strong>Chr.</strong></span> <span class='ocrx_word' id='word_1_265' title='bbox 1823 3380 1954 3435; x_wconf 82' lang='grc'>1281</span> <span class='ocrx_word' id='word_1_266' title='bbox 2000 3380 2086 3433; x_wconf 83' lang='lat' dir='ltr'><strong>ia-</strong></span> 
     </span>
    </p>
   </div>
   <div class='ocr_carea' id='block_1_35' title="bbox 498 3470 2087 3544">
    <p class='ocr_par' dir='ltr' id='par_1_35' title="bbox 498 3470 2087 3544">
     <span class='ocr_line' id='line_1_35' title="bbox 498 3470 2087 3544; baseline -0.005 -11"><span class='ocrx_word' id='word_1_267' title='bbox 498 3479 737 3533; x_wconf 86' lang='lat' dir='ltr'><strong>choatns</strong></span> <span class='ocrx_word' id='word_1_268' title='bbox 764 3488 939 3544; x_wconf 82' lang='lat' dir='ltr'><strong>usque</strong></span> <span class='ocrx_word' id='word_1_269' title='bbox 982 3474 1050 3528; x_wconf 86' lang='lat' dir='ltr'><strong>ad</strong></span> <span class='ocrx_word' id='word_1_270' title='bbox 1108 3472 1179 3526; x_wconf 88' lang='grc'>10</span> <span class='ocrx_word' id='word_1_271' title='bbox 1227 3471 1433 3541; x_wconf 77' lang='lat' dir='ltr'><strong>Aprilis</strong></span> <span class='ocrx_word' id='word_1_272' title='bbox 1476 3485 1569 3525; x_wconf 88' lang='lat' dir='ltr'><strong>an.</strong></span> <span class='ocrx_word' id='word_1_273' title='bbox 1599 3471 1732 3526; x_wconf 87' lang='lat' dir='ltr'><strong>Chr.</strong></span> <span class='ocrx_word' id='word_1_274' title='bbox 1785 3470 1923 3526; x_wconf 73' lang='grc'>1282</span> <span class='ocrx_word' id='word_1_275' title='bbox 1962 3484 2087 3540; x_wconf 86' lang='lat' dir='ltr'><strong>pro-</strong></span> 
     </span>
    </p>
   </div>
   <div class='ocr_carea' id='block_1_36' title="bbox 499 3562 2087 3624">
    <p class='ocr_par' dir='ltr' id='par_1_36' title="bbox 499 3562 2087 3624">
     <span class='ocr_line' id='line_1_36' title="bbox 499 3562 2087 3624; baseline -0.004 -1"><span class='ocrx_word' id='word_1_276' title='bbox 499 3569 747 3624; x_wconf 81' lang='lat' dir='ltr'><strong>tenditur</strong></span> <span class='ocrx_word' id='word_1_277' title='bbox 801 3584 815 3621; x_wconf 91' lang='lat'><strong>:</strong></span> <span class='ocrx_word' id='word_1_278' title='bbox 864 3563 1174 3623; x_wconf 79' lang='lat' dir='ltr'><strong>Dhul-Haia</strong></span> <span class='ocrx_word' id='word_1_279' title='bbox 1220 3577 1353 3618; x_wconf 77' lang='lat' dir='ltr'><strong>vero</strong></span> <span class='ocrx_word' id='word_1_280' title='bbox 1406 3563 1633 3617; x_wconf 84' lang='lat' dir='ltr'><strong>ultimus</strong></span> <span class='ocrx_word' id='word_1_281' title='bbox 1700 3562 1904 3617; x_wconf 87' lang='lat' dir='ltr'><strong>mensis</strong></span> <span class='ocrx_word' id='word_1_282' title='bbox 1948 3563 2087 3617; x_wconf 66' lang='lat' dir='ltr'><strong>anili</strong></span> 
     </span>
    </p>
   </div>
   <div class='ocr_carea' id='block_1_37' title="bbox 505 3654 2086 3732">
    <p class='ocr_par' dir='ltr' id='par_1_37' title="bbox 505 3654 2086 3732">
     <span class='ocr_line' id='line_1_37' title="bbox 505 3654 2086 3732; baseline -0.006 -13"><span class='ocrx_word' id='word_1_283' title='bbox 505 3663 723 3719; x_wconf 81' lang='lat' dir='ltr'><strong>Arabici</strong></span> <span class='ocrx_word' id='word_1_284' title='bbox 781 3660 974 3732; x_wconf 77' lang='lat' dir='ltr'><strong>viginti</strong></span> <span class='ocrx_word' id='word_1_285' title='bbox 1034 3672 1227 3714; x_wconf 80' lang='lat' dir='ltr'><strong>novem</strong></span> <span class='ocrx_word' id='word_1_286' title='bbox 1283 3665 1595 3727; x_wconf 85' lang='lat' dir='ltr'><strong>postremos</strong></span> <span class='ocrx_word' id='word_1_287' title='bbox 1646 3654 1764 3725; x_wconf 85' lang='lat' dir='ltr'><strong>ejus</strong></span> <span class='ocrx_word' id='word_1_288' title='bbox 1808 3656 1934 3708; x_wconf 85' lang='lat' dir='ltr'><strong>anni</strong></span> <span class='ocrx_word' id='word_1_289' title='bbox 1968 3656 2086 3709; x_wconf 87' lang='lat' dir='ltr'><strong>dies</strong></span> 
     </span>
    </p>
   </div>
   <div class='ocr_carea' id='block_1_38' title="bbox 500 3750 2082 3823">
    <p class='ocr_par' dir='ltr' id='par_1_38' title="bbox 500 3750 2082 3823">
     <span class='ocr_line' id='line_1_38' title="bbox 500 3750 2082 3823; baseline -0.003 -13"><span class='ocrx_word' id='word_1_290' title='bbox 500 3755 772 3820; x_wconf 81' lang='lat' dir='ltr'><strong>continet,</strong></span> <span class='ocrx_word' id='word_1_291' title='bbox 803 3754 892 3823; x_wconf 90' lang='lat' dir='ltr'><strong>qui</strong></span> <span class='ocrx_word' id='word_1_292' title='bbox 929 3766 1055 3809; x_wconf 92' lang='lat' dir='ltr'><strong>cum</strong></span> <span class='ocrx_word' id='word_1_293' title='bbox 1104 3760 1255 3808; x_wconf 85' lang='lat' dir='ltr'><strong>retro</strong></span> <span class='ocrx_word' id='word_1_294' title='bbox 1293 3751 1564 3806; x_wconf 85' lang='lat' dir='ltr'><strong>numerati</strong></span> <span class='ocrx_word' id='word_1_295' title='bbox 1597 3764 1626 3804; x_wconf 87' lang='lat' dir='ltr'><strong>a</strong></span> <span class='ocrx_word' id='word_1_296' title='bbox 1683 3750 1751 3804; x_wconf 91' lang='grc'>10</span> <span class='ocrx_word' id='word_1_297' title='bbox 1778 3750 1985 3820; x_wconf 83' lang='lat' dir='ltr'><strong>Aprils</strong></span> <span class='ocrx_word' id='word_1_298' title='bbox 2013 3750 2082 3805; x_wconf 90' lang='lat' dir='ltr'><strong>ad</strong></span> 
     </span>
    </p>
   </div>
   <div class='ocr_carea' id='block_1_39' title="bbox 508 3844 2084 3916">
    <p class='ocr_par' dir='ltr' id='par_1_39' title="bbox 508 3844 2084 3916">
     <span class='ocr_line' id='line_1_39' title="bbox 508 3844 2084 3916; baseline -0.004 -13"><span class='ocrx_word' id='word_1_299' title='bbox 508 3849 582 3904; x_wconf 70' lang='grc'><strong>15</strong></span> <span class='ocrx_word' id='word_1_300' title='bbox 633 3844 813 3902; x_wconf 82' lang='lat' dir='ltr'><strong>Martii</strong></span> <span class='ocrx_word' id='word_1_301' title='bbox 874 3846 1235 3916; x_wconf 82' lang='lat' dir='ltr'><strong>perveniant,</strong></span> <span class='ocrx_word' id='word_1_302' title='bbox 1292 3844 1367 3900; x_wconf 87' lang='lat' dir='ltr'><strong>ibi</strong></span> <span class='ocrx_word' id='word_1_303' title='bbox 1444 3844 1686 3913; x_wconf 71' lang='lat' dir='ltr'><strong>defigunt</strong></span> <span class='ocrx_word' id='word_1_304' title='bbox 1744 3844 2084 3898; x_wconf 86' lang='lat' dir='ltr'><strong>neomeniam</strong></span> 
     </span>
    </p>
   </div>
   <div class='ocr_carea' id='block_1_40' title="bbox 498 3936 2087 4010">
    <p class='ocr_par' dir='ltr' id='par_1_40' title="bbox 498 3936 2087 4010">
     <span class='ocr_line' id='line_1_40' title="bbox 498 3936 2087 4010; baseline -0.005 -12"><span class='ocrx_word' id='word_1_305' title='bbox 498 3940 853 3998; x_wconf 70' lang='lat' dir='ltr'><strong>&#39;Dhul-Haim.</strong></span> <span class='ocrx_word' id='word_1_306' title='bbox 891 3939 1049 3995; x_wconf 84' lang='lat' dir='ltr'><strong>Prior</strong></span> <span class='ocrx_word' id='word_1_307' title='bbox 1074 3938 1239 4010; x_wconf 77' lang='lat' dir='ltr'><strong>igitur</strong></span> <span class='ocrx_word' id='word_1_308' title='bbox 1281 3938 1567 3994; x_wconf 89' lang='lat' dir='ltr'><strong>character</strong></span> <span class='ocrx_word' id='word_1_309' title='bbox 1607 3936 1894 3992; x_wconf 77' lang='lat' dir='ltr'><strong>manifeste</strong></span> <span class='ocrx_word' id='word_1_310' title='bbox 1931 3950 2087 3992; x_wconf 88' lang='lat' dir='ltr'><strong>com-</strong></span> 
     </span>
    </p>
   </div>
   <div class='ocr_carea' id='block_1_41' title="bbox 502 4033 2085 4107">
    <p class='ocr_par' dir='ltr' id='par_1_41' title="bbox 502 4033 2085 4107">
     <span class='ocr_line' id='line_1_41' title="bbox 502 4033 2085 4107; baseline -0.003 -17"><span class='ocrx_word' id='word_1_311' title='bbox 502 4036 637 4107; x_wconf 85' lang='lat' dir='ltr'><strong>petit</strong></span> <span class='ocrx_word' id='word_1_312' title='bbox 667 4051 809 4091; x_wconf 89' lang='lat' dir='ltr'><strong>anno</strong></span> <span class='ocrx_word' id='word_1_313' title='bbox 834 4033 1046 4104; x_wconf 72' lang='lat' dir='ltr'><strong>llegirm</strong></span> <span class='ocrx_word' id='word_1_314' title='bbox 1073 4034 1198 4090; x_wconf 80' lang='grc' dir='ltr'>68οζ</span> <span class='ocrx_word' id='word_1_315' title='bbox 1241 4033 1353 4089; x_wconf 84' lang='lat' dir='ltr'><strong>Nec</strong></span> <span class='ocrx_word' id='word_1_316' title='bbox 1376 4033 1553 4089; x_wconf 87' lang='lat' dir='ltr'><strong>minus</strong></span> <span class='ocrx_word' id='word_1_317' title='bbox 1587 4033 1870 4089; x_wconf 84' lang='lat' dir='ltr'><strong>evidenter</strong></span> <span class='ocrx_word' id='word_1_318' title='bbox 1900 4043 2085 4103; x_wconf 87' lang='lat' dir='ltr'><strong>poste-</strong></span> 
     </span>
    </p>
   </div>
   <div class='ocr_carea' id='block_1_42' title="bbox 505 4114 2086 4192">
    <p class='ocr_par' dir='ltr' id='par_1_42' title="bbox 505 4114 2086 4192">
     <span class='ocr_line' id='line_1_42' title="bbox 505 4114 2086 4192; baseline -0.003 -11"><span class='ocrx_word' id='word_1_319' title='bbox 505 4129 617 4181; x_wconf 84' lang='lat' dir='ltr'><strong>rior</strong></span> <span class='ocrx_word' id='word_1_320' title='bbox 653 4124 831 4180; x_wconf 85' lang='lat' dir='ltr'><strong>eidem</strong></span> <span class='ocrx_word' id='word_1_321' title='bbox 863 4124 1177 4192; x_wconf 83' lang='lat' dir='ltr'><strong>adaptatur.</strong></span> <span class='ocrx_word' id='word_1_322' title='bbox 1222 4114 1705 4178; x_wconf 38' lang='lat' dir='ltr'><strong>Nam‘vicesimus</strong></span> <span class='ocrx_word' id='word_1_323' title='bbox 1762 4137 1935 4177; x_wconf 90' lang='lat' dir='ltr'><strong>nouus</strong></span> <span class='ocrx_word' id='word_1_324' title='bbox 1968 4121 2086 4177; x_wconf 90' lang='lat' dir='ltr'><strong>dies</strong></span> 
     </span>
    </p>
   </div>
   <div class='ocr_carea' id='block_1_43' title="bbox 503 4213 2084 4285">
    <p class='ocr_par' dir='ltr' id='par_1_43' title="bbox 503 4213 2084 4285">
     <span class='ocr_line' id='line_1_43' title="bbox 503 4213 2084 4285; baseline -0.003 -13"><span class='ocrx_word' id='word_1_325' title='bbox 503 4217 708 4282; x_wconf 78' lang='lat' dir='ltr'><strong>Martii,</strong></span> <span class='ocrx_word' id='word_1_326' title='bbox 741 4230 903 4285; x_wconf 82' lang='lat' dir='ltr'><strong>quem</strong></span> <span class='ocrx_word' id='word_1_327' title='bbox 942 4214 1121 4271; x_wconf 84' lang='lat' dir='ltr'><strong>fuisse</strong></span> <span class='ocrx_word' id='word_1_328' title='bbox 1179 4217 1323 4271; x_wconf 86' lang='lat' dir='ltr'><strong>diem</strong></span> <span class='ocrx_word' id='word_1_329' title='bbox 1358 4213 1584 4270; x_wconf 77' lang='lat' dir='ltr'><strong>Pascha:</strong></span> <span class='ocrx_word' id='word_1_330' title='bbox 1629 4215 1971 4269; x_wconf 80' lang='lat' dir='ltr'><strong>ostendimus</strong></span> <span class='ocrx_word' id='word_1_331' title='bbox 2030 4215 2084 4267; x_wconf 86' lang='lat' dir='ltr'><strong>in</strong></span> 
     </span>
    </p>
   </div>
   <div class='ocr_carea' id='block_1_44' title="bbox 502 4305 2087 4376">
    <p class='ocr_par' dir='ltr' id='par_1_44' title="bbox 502 4305 2087 4376">
     <span class='ocr_line' id='line_1_44' title="bbox 502 4305 2087 4376; baseline -0.004 -10"><span class='ocrx_word' id='word_1_332' title='bbox 502 4326 649 4366; x_wconf 85' lang='lat' dir='ltr'><strong>anno</strong></span> <span class='ocrx_word' id='word_1_333' title='bbox 679 4309 878 4365; x_wconf 86' lang='lat' dir='ltr'><strong>Christi</strong></span> <span class='ocrx_word' id='word_1_334' title='bbox 922 4307 1086 4373; x_wconf 88' lang='grc'>1282,</span> <span class='ocrx_word' id='word_1_335' title='bbox 1136 4306 1240 4363; x_wconf 83' lang='lat' dir='ltr'><strong>fuit</strong></span> <span class='ocrx_word' id='word_1_336' title='bbox 1289 4308 1606 4362; x_wconf 86' lang='lat' dir='ltr'><strong>necessario</strong></span> <span class='ocrx_word' id='word_1_337' title='bbox 1639 4306 1890 4361; x_wconf 84' lang='lat' dir='ltr'><strong>decimus</strong></span> <span class='ocrx_word' id='word_1_338' title='bbox 1920 4305 2087 4376; x_wconf 87' lang='lat' dir='ltr'><strong>septi-</strong></span> 
     </span>
    </p>
   </div>
   <div class='ocr_carea' id='block_1_45' title="bbox 505 4398 2086 4467">
    <p class='ocr_par' dir='ltr' id='par_1_45' title="bbox 505 4398 2086 4467">
     <span class='ocr_line' id='line_1_45' title="bbox 505 4398 2086 4467; baseline -0.004 -9"><span class='ocrx_word' id='word_1_339' title='bbox 505 4418 629 4460; x_wconf 90' lang='lat' dir='ltr'><strong>mus</strong></span> <span class='ocrx_word' id='word_1_340' title='bbox 662 4401 979 4457; x_wconf 78' lang='lat' dir='ltr'><strong>Dhul-Haia:</strong></span> <span class='ocrx_word' id='word_1_341' title='bbox 1014 4400 1223 4455; x_wconf 84' lang='lat' dir='ltr'><strong>mensis</strong></span> <span class='ocrx_word' id='word_1_342' title='bbox 1268 4398 1487 4454; x_wconf 84' lang='lat' dir='ltr'><strong>Arabici</strong></span> <span class='ocrx_word' id='word_1_343' title='bbox 1515 4435 1529 4465; x_wconf 97' lang='lat'><strong>,</strong></span> <span class='ocrx_word' id='word_1_344' title='bbox 1558 4399 1831 4467; x_wconf 88' lang='lat' dir='ltr'><strong>siquidem</strong></span> <span class='ocrx_word' id='word_1_345' title='bbox 1864 4398 1909 4452; x_wconf 89' lang='lat' dir='ltr'><strong>is</strong></span> <span class='ocrx_word' id='word_1_346' title='bbox 1938 4398 2086 4452; x_wconf 88' lang='lat' dir='ltr'><strong>ince-</strong></span> 
     </span>
    </p>
   </div>
   <div class='ocr_carea' id='block_1_46' title="bbox 2188 607 3717 675">
    <p class='ocr_par' dir='ltr' id='par_1_46' title="bbox 2188 607 3717 675">
     <span class='ocr_line' id='line_1_46' title="bbox 2188 607 3717 675; baseline 0.005 -12"><span class='ocrx_word' id='word_1_347' title='bbox 2188 609 2364 663; x_wconf 88' lang='lat' dir='ltr'><strong>hieme</strong></span> <span class='ocrx_word' id='word_1_348' title='bbox 2411 609 2541 662; x_wconf 91' lang='lat' dir='ltr'><strong>anni</strong></span> <span class='ocrx_word' id='word_1_349' title='bbox 2575 607 2818 675; x_wconf 79' lang='lat' dir='ltr'><strong>ejusdem</strong></span> <span class='ocrx_word' id='word_1_350' title='bbox 2863 612 3212 666; x_wconf 75' lang='lat' dir='ltr'><strong>terminatur.</strong></span> <span class='ocrx_word' id='word_1_351' title='bbox 3248 609 3437 667; x_wconf 83' lang='lat' dir='ltr'><strong>Postea</strong></span> <span class='ocrx_word' id='word_1_352' title='bbox 3483 629 3594 669; x_wconf 87' lang='lat' dir='ltr'><strong>vere</strong></span> <span class='ocrx_word' id='word_1_353' title='bbox 3621 620 3717 671; x_wconf 87' lang='lat' dir='ltr'><strong>anni</strong></span> 
     </span>
    </p>
   </div>
   <div class='ocr_carea' id='block_1_47' title="bbox 2187 700 3721 776">
    <p class='ocr_par' dir='ltr' id='par_1_47' title="bbox 2187 700 3721 776">
     <span class='ocr_line' id='line_1_47' title="bbox 2187 700 3721 776; baseline 0.005 -21"><span class='ocrx_word' id='word_1_354' title='bbox 2187 700 2468 771; x_wconf 77' lang='lat' dir='ltr'><strong>sequentis</strong></span> <span class='ocrx_word' id='word_1_355' title='bbox 2513 700 2724 771; x_wconf 77' lang='lat' dir='ltr'><strong>llegirae</strong></span> <span class='ocrx_word' id='word_1_356' title='bbox 2758 701 2886 765; x_wconf 84' lang='lat'><strong>680,</strong></span> <span class='ocrx_word' id='word_1_357' title='bbox 2928 701 3178 758; x_wconf 81' lang='lat' dir='ltr'><strong>nuntiata</strong></span> <span class='ocrx_word' id='word_1_358' title='bbox 3208 720 3342 759; x_wconf 77' lang='lat' dir='ltr'><strong>nova</strong></span> <span class='ocrx_word' id='word_1_359' title='bbox 3388 704 3625 776; x_wconf 80' lang='lat' dir='ltr'><strong>Syrorum</strong></span> <span class='ocrx_word' id='word_1_360' title='bbox 3650 709 3721 763; x_wconf 86' lang='lat' dir='ltr'><strong>de-</strong></span> 
     </span>
    </p>
   </div>
   <div class='ocr_carea' id='block_1_48' title="bbox 2188 794 3720 865">
    <p class='ocr_par' dir='ltr' id='par_1_48' title="bbox 2188 794 3720 865">
     <span class='ocr_line' id='line_1_48' title="bbox 2188 794 3720 865; baseline 0.005 -17"><span class='ocrx_word' id='word_1_361' title='bbox 2188 794 2466 859; x_wconf 75' lang='lat' dir='ltr'><strong>fectione,</strong></span> <span class='ocrx_word' id='word_1_362' title='bbox 2517 810 2582 850; x_wconf 87' lang='lat' dir='ltr'><strong>eo</strong></span> <span class='ocrx_word' id='word_1_363' title='bbox 2660 794 2857 865; x_wconf 76' lang='lat' dir='ltr'><strong>Mnnga</strong></span> <span class='ocrx_word' id='word_1_364' title='bbox 2928 795 3213 860; x_wconf 87' lang='lat' dir='ltr'><strong>Timurus,</strong></span> <span class='ocrx_word' id='word_1_365' title='bbox 3259 797 3516 854; x_wconf 84' lang='lat' dir='ltr'><strong>minimus</strong></span> <span class='ocrx_word' id='word_1_366' title='bbox 3563 799 3720 856; x_wconf 77' lang='lat' dir='ltr'><strong>Abakte</strong></span> 
     </span>
    </p>
   </div>
   <div class='ocr_carea' id='block_1_49' title="bbox 2186 883 3721 960">
    <p class='ocr_par' dir='ltr' id='par_1_49' title="bbox 2186 883 3721 960">
     <span class='ocr_line' id='line_1_49' title="bbox 2186 883 3721 960; baseline 0.005 -22"><span class='ocrx_word' id='word_1_367' title='bbox 2186 883 2547 951; x_wconf 82' lang='lat' dir='ltr'><strong>fratcr,cum</strong></span> <span class='ocrx_word' id='word_1_368' title='bbox 2622 887 2867 941; x_wconf 79' lang='lat' dir='ltr'><strong>exercitu</strong></span> <span class='ocrx_word' id='word_1_369' title='bbox 2940 884 3334 956; x_wconf 79' lang='lat' dir='ltr'><strong>Mnguleusium</strong></span> <span class='ocrx_word' id='word_1_370' title='bbox 3388 890 3721 960; x_wconf 72' lang='lat' dir='ltr'><strong>quinquaginta</strong></span> 
     </span>
    </p>
   </div>
   <div class='ocr_carea' id='block_1_50' title="bbox 2188 976 3722 1049">
    <p class='ocr_par' dir='ltr' id='par_1_50' title="bbox 2188 976 3722 1049">
     <span class='ocr_line' id='line_1_50' title="bbox 2188 976 3722 1049; baseline 0.004 -17"><span class='ocrx_word' id='word_1_371' title='bbox 2188 976 2419 1032; x_wconf 74' lang='lat' dir='ltr'><strong>millium</strong></span> <span class='ocrx_word' id='word_1_372' title='bbox 2474 978 2739 1044; x_wconf 86' lang='lat' dir='ltr'><strong>moverit,</strong></span> <span class='ocrx_word' id='word_1_373' title='bbox 2787 978 2995 1033; x_wconf 81' lang='lat' dir='ltr'><strong>habens</strong></span> <span class='ocrx_word' id='word_1_374' title='bbox 3045 989 3307 1049; x_wconf 69' lang='lat' dir='ltr'><strong>praeterea</strong></span> <span class='ocrx_word' id='word_1_375' title='bbox 3341 983 3722 1047; x_wconf 76' lang='lat' dir='ltr'><strong>secumsociales</strong></span> 
     </span>
    </p>
   </div>
   <div class='ocr_carea' id='block_1_51' title="bbox 2188 1070 3719 1141">
    <p class='ocr_par' dir='ltr' id='par_1_51' title="bbox 2188 1070 3719 1141">
     <span class='ocr_line' id='line_1_51' title="bbox 2188 1070 3719 1141; baseline 0.003 -17"><span class='ocrx_word' id='word_1_376' title='bbox 2188 1071 2550 1124; x_wconf 80' lang='lat' dir='ltr'><strong>Armenorum</strong></span> <span class='ocrx_word' id='word_1_377' title='bbox 2614 1070 2826 1139; x_wconf 87' lang='lat' dir='ltr'><strong>copias,</strong></span> <span class='ocrx_word' id='word_1_378' title='bbox 2872 1086 2997 1140; x_wconf 80' lang='lat' dir='ltr'><strong>rege</strong></span> <span class='ocrx_word' id='word_1_379' title='bbox 3037 1071 3157 1141; x_wconf 89' lang='lat' dir='ltr'><strong>ipso</strong></span> <span class='ocrx_word' id='word_1_380' title='bbox 3191 1073 3459 1126; x_wconf 66' lang='lat' dir='ltr'><strong>Armenia:</strong></span> <span class='ocrx_word' id='word_1_381' title='bbox 3493 1073 3719 1129; x_wconf 81' lang='lat' dir='ltr'><strong>ductante.</strong></span> 
     </span>
    </p>
   </div>
   <div class='ocr_carea' id='block_1_52' title="bbox 2188 1160 3723 1238">
    <p class='ocr_par' dir='ltr' id='par_1_52' title="bbox 2188 1160 3723 1238">
     <span class='ocr_line' id='line_1_52' title="bbox 2188 1160 3723 1238; baseline 0.005 -23"><span class='ocrx_word' id='word_1_382' title='bbox 2188 1160 2252 1215; x_wconf 88' lang='lat' dir='ltr'><strong>lli</strong></span> <span class='ocrx_word' id='word_1_383' title='bbox 2325 1163 2488 1217; x_wconf 80' lang='lat' dir='ltr'><strong>simul</strong></span> <span class='ocrx_word' id='word_1_384' title='bbox 2537 1179 2730 1220; x_wconf 90' lang='lat' dir='ltr'><strong>omnes</strong></span> <span class='ocrx_word' id='word_1_385' title='bbox 2792 1178 2912 1219; x_wconf 90' lang='lat' dir='ltr'><strong>cum</strong></span> <span class='ocrx_word' id='word_1_386' title='bbox 2965 1163 3120 1236; x_wconf 82' lang='lat' dir='ltr'><strong>Syris</strong></span> <span class='ocrx_word' id='word_1_387' title='bbox 3176 1175 3232 1219; x_wconf 92' lang='lat' dir='ltr'><strong>et</strong></span> <span class='ocrx_word' id='word_1_388' title='bbox 3288 1165 3553 1238; x_wconf 45' lang='lat' dir='ltr'><strong>(Egyptiis</strong></span> <span class='ocrx_word' id='word_1_389' title='bbox 3597 1169 3723 1223; x_wconf 78' lang='lat' dir='ltr'><strong>dubio</strong></span> 
     </span>
    </p>
   </div>
   <div class='ocr_carea' id='block_1_53' title="bbox 2189 1254 3724 1317">
    <p class='ocr_par' dir='ltr' id='par_1_53' title="bbox 2189 1254 3724 1317">
     <span class='ocr_line' id='line_1_53' title="bbox 2189 1254 3724 1317; baseline 0.005 -8"><span class='ocrx_word' id='word_1_390' title='bbox 2189 1254 2359 1311; x_wconf 78' lang='lat' dir='ltr'><strong>Marte</strong></span> <span class='ocrx_word' id='word_1_391' title='bbox 2388 1255 2528 1310; x_wconf 90' lang='lat' dir='ltr'><strong>inter</strong></span> <span class='ocrx_word' id='word_1_392' title='bbox 2576 1256 2801 1312; x_wconf 84' lang='lat' dir='ltr'><strong>Hamam</strong></span> <span class='ocrx_word' id='word_1_393' title='bbox 2835 1267 2889 1313; x_wconf 90' lang='lat' dir='ltr'><strong>et</strong></span> <span class='ocrx_word' id='word_1_394' title='bbox 2914 1256 3203 1314; x_wconf 81' lang='lat' dir='ltr'><strong>liemesam</strong></span> <span class='ocrx_word' id='word_1_395' title='bbox 3229 1258 3601 1316; x_wconf 75' lang='lat' dir='ltr'><strong>conﬂixerunt.</strong></span> <span class='ocrx_word' id='word_1_396' title='bbox 3625 1261 3724 1317; x_wconf 84' lang='lat' dir='ltr'><strong>Inde</strong></span> 
     </span>
    </p>
   </div>
   <div class='ocr_carea' id='block_1_54' title="bbox 2187 1347 3721 1418">
    <p class='ocr_par' dir='ltr' id='par_1_54' title="bbox 2187 1347 3721 1418">
     <span class='ocr_line' id='line_1_54' title="bbox 2187 1347 3721 1418; baseline 0.002 -16"><span class='ocrx_word' id='word_1_397' title='bbox 2187 1347 2383 1417; x_wconf 74' lang='lat' dir='ltr'><strong>Munga</strong></span> <span class='ocrx_word' id='word_1_398' title='bbox 2436 1347 2693 1404; x_wconf 90' lang='lat' dir='ltr'><strong>Timurus</strong></span> <span class='ocrx_word' id='word_1_399' title='bbox 2744 1364 2805 1404; x_wconf 88' lang='lat' dir='ltr'><strong>se</strong></span> <span class='ocrx_word' id='word_1_400' title='bbox 2853 1349 2923 1404; x_wconf 84' lang='lat' dir='ltr'><strong>ad</strong></span> <span class='ocrx_word' id='word_1_401' title='bbox 2975 1348 3221 1404; x_wconf 83' lang='lat' dir='ltr'><strong>Abakam</strong></span> <span class='ocrx_word' id='word_1_402' title='bbox 3265 1350 3528 1418; x_wconf 88' lang='lat' dir='ltr'><strong>recipiens</strong></span> <span class='ocrx_word' id='word_1_403' title='bbox 3554 1366 3655 1405; x_wconf 84' lang='lat' dir='ltr'><strong>cum</strong></span> <span class='ocrx_word' id='word_1_404' title='bbox 3681 1354 3721 1405; x_wconf 90' lang='lat' dir='ltr'><strong>in</strong></span> 
     </span>
    </p>
   </div>
   <div class='ocr_carea' id='block_1_55' title="bbox 2190 1438 3723 1513">
    <p class='ocr_par' dir='ltr' id='par_1_55' title="bbox 2190 1438 3723 1513">
     <span class='ocr_line' id='line_1_55' title="bbox 2190 1438 3723 1513; baseline 0.003 -21"><span class='ocrx_word' id='word_1_405' title='bbox 2190 1438 2633 1508; x_wconf 56' lang='lat' dir='ltr'><strong>Mesopotamiam</strong></span> <span class='ocrx_word' id='word_1_406' title='bbox 2665 1441 3027 1510; x_wconf 86' lang='lat' dir='ltr'><strong>pervenisset,</strong></span> <span class='ocrx_word' id='word_1_407' title='bbox 3056 1442 3129 1497; x_wconf 89' lang='lat' dir='ltr'><strong>ibi</strong></span> <span class='ocrx_word' id='word_1_408' title='bbox 3158 1458 3223 1497; x_wconf 76' lang='lat' dir='ltr'><strong>ex</strong></span> <span class='ocrx_word' id='word_1_409' title='bbox 3258 1458 3469 1498; x_wconf 84' lang='lat' dir='ltr'><strong>veneno</strong></span> <span class='ocrx_word' id='word_1_410' title='bbox 3499 1459 3586 1513; x_wconf 91' lang='lat' dir='ltr'><strong>per</strong></span> <span class='ocrx_word' id='word_1_411' title='bbox 3608 1442 3723 1497; x_wconf 59' lang='lat' dir='ltr'><strong>fratr.</strong></span> 
     </span>
    </p>
   </div>
   <div class='ocr_carea' id='block_1_56' title="bbox 2189 1531 3722 1603">
    <p class='ocr_par' dir='ltr' id='par_1_56' title="bbox 2189 1531 3722 1603">
     <span class='ocr_line' id='line_1_56' title="bbox 2189 1531 3722 1603; baseline 0.003 -17"><span class='ocrx_word' id='word_1_412' title='bbox 2189 1531 2316 1586; x_wconf 85' lang='lat' dir='ltr'><strong>dent</strong></span> <span class='ocrx_word' id='word_1_413' title='bbox 2344 1532 2641 1603; x_wconf 77' lang='lat' dir='ltr'><strong>propitiato</strong></span> <span class='ocrx_word' id='word_1_414' title='bbox 2694 1533 2747 1586; x_wconf 92' lang='lat' dir='ltr'><strong>in</strong></span> <span class='ocrx_word' id='word_1_415' title='bbox 2777 1533 2974 1590; x_wconf 88' lang='lat' dir='ltr'><strong>itinere</strong></span> <span class='ocrx_word' id='word_1_416' title='bbox 3008 1550 3207 1591; x_wconf 83' lang='lat' dir='ltr'><strong>versus</strong></span> <span class='ocrx_word' id='word_1_417' title='bbox 3238 1534 3449 1590; x_wconf 86' lang='lat' dir='ltr'><strong>Nisibin</strong></span> <span class='ocrx_word' id='word_1_418' title='bbox 3475 1536 3722 1591; x_wconf 72' lang='lat' dir='ltr'><strong>esstinctus</strong></span> 
     </span>
    </p>
   </div>
   <div class='ocr_carea' id='block_1_57' title="bbox 2186 1625 3724 1698">
    <p class='ocr_par' dir='ltr' id='par_1_57' title="bbox 2186 1625 3724 1698">
     <span class='ocr_line' id='line_1_57' title="bbox 2186 1625 3724 1698; baseline 0.003 -18"><span class='ocrx_word' id='word_1_419' title='bbox 2186 1636 2297 1688; x_wconf 85' lang='lat' dir='ltr'><strong>est,</strong></span> <span class='ocrx_word' id='word_1_420' title='bbox 2351 1625 2667 1681; x_wconf 87' lang='lat' dir='ltr'><strong>eorumdem</strong></span> <span class='ocrx_word' id='word_1_421' title='bbox 2726 1626 2986 1682; x_wconf 84' lang='lat' dir='ltr'><strong>videlicet</strong></span> <span class='ocrx_word' id='word_1_422' title='bbox 3028 1629 3245 1684; x_wconf 90' lang='lat' dir='ltr'><strong>insidiis</strong></span> <span class='ocrx_word' id='word_1_423' title='bbox 3293 1630 3385 1698; x_wconf 90' lang='lat' dir='ltr'><strong>qui</strong></span> <span class='ocrx_word' id='word_1_424' title='bbox 3447 1646 3544 1684; x_wconf 89' lang='lat' dir='ltr'><strong>non</strong></span> <span class='ocrx_word' id='word_1_425' title='bbox 3594 1631 3724 1685; x_wconf 88' lang='lat' dir='ltr'><strong>multo</strong></span> 
     </span>
    </p>
   </div>
   <div class='ocr_carea' id='block_1_58' title="bbox 2186 1719 3725 1795">
    <p class='ocr_par' dir='ltr' id='par_1_58' title="bbox 2186 1719 3725 1795">
     <span class='ocr_line' id='line_1_58' title="bbox 2186 1719 3725 1795; baseline 0.005 -22"><span class='ocrx_word' id='word_1_426' title='bbox 2186 1728 2314 1788; x_wconf 89' lang='lat' dir='ltr'><strong>post</strong></span> <span class='ocrx_word' id='word_1_427' title='bbox 2339 1719 2584 1775; x_wconf 78' lang='lat' dir='ltr'><strong>Abakam</strong></span> <span class='ocrx_word' id='word_1_428' title='bbox 2616 1721 2795 1788; x_wconf 88' lang='lat' dir='ltr'><strong>ipsum</strong></span> <span class='ocrx_word' id='word_1_429' title='bbox 2838 1722 2958 1792; x_wconf 73' lang='lat' dir='ltr'><strong>pari</strong></span> <span class='ocrx_word' id='word_1_430' title='bbox 3010 1724 3217 1780; x_wconf 83' lang='lat' dir='ltr'><strong>scelere</strong></span> <span class='ocrx_word' id='word_1_431' title='bbox 3278 1739 3344 1780; x_wconf 89' lang='lat' dir='ltr'><strong>ac</strong></span> <span class='ocrx_word' id='word_1_432' title='bbox 3376 1725 3495 1781; x_wconf 82' lang='lat' dir='ltr'><strong>dolo</strong></span> <span class='ocrx_word' id='word_1_433' title='bbox 3522 1740 3725 1795; x_wconf 81' lang='lat' dir='ltr'><strong>pereme-</strong></span> 
     </span>
    </p>
   </div>
   <div class='ocr_carea' id='block_1_59' title="bbox 2122 1810 3724 1887">
    <p class='ocr_par' dir='ltr' id='par_1_59' title="bbox 2122 1810 3724 1887">
     <span class='ocr_line' id='line_1_59' title="bbox 2122 1810 3724 1887; baseline 0.004 -22"><span class='ocrx_word' id='word_1_434' title='bbox 2122 1810 2167 1865; x_wconf 87' lang='lat' dir='ltr'><strong>B</strong></span> <span class='ocrx_word' id='word_1_435' title='bbox 2200 1823 2323 1867; x_wconf 89' lang='lat' dir='ltr'><strong>runt</strong></span> <span class='ocrx_word' id='word_1_436' title='bbox 2357 1831 2371 1867; x_wconf 91' lang='lat'><strong>:</strong></span> <span class='ocrx_word' id='word_1_437' title='bbox 2413 1828 2537 1869; x_wconf 87' lang='lat' dir='ltr'><strong>nam</strong></span> <span class='ocrx_word' id='word_1_438' title='bbox 2570 1814 2797 1879; x_wconf 78' lang='lat' dir='ltr'><strong>elfectus</strong></span> <span class='ocrx_word' id='word_1_439' title='bbox 2827 1824 2936 1870; x_wconf 90' lang='lat' dir='ltr'><strong>tam</strong></span> <span class='ocrx_word' id='word_1_440' title='bbox 2964 1816 3166 1887; x_wconf 69' lang='lat' dir='ltr'><strong>gemini</strong></span> <span class='ocrx_word' id='word_1_441' title='bbox 3209 1825 3360 1874; x_wconf 86' lang='lat' dir='ltr'><strong>recte</strong></span> <span class='ocrx_word' id='word_1_442' title='bbox 3396 1818 3483 1871; x_wconf 83' lang='lat' dir='ltr'><strong>uni</strong></span> <span class='ocrx_word' id='word_1_443' title='bbox 3510 1828 3560 1873; x_wconf 90' lang='lat' dir='ltr'><strong>et</strong></span> <span class='ocrx_word' id='word_1_444' title='bbox 3587 1818 3724 1873; x_wconf 85' lang='lat' dir='ltr'><strong>eidem</strong></span> 
     </span>
    </p>
   </div>
   <div class='ocr_carea' id='block_1_60' title="bbox 2188 1906 3723 1981">
    <p class='ocr_par' dir='ltr' id='par_1_60' title="bbox 2188 1906 3723 1981">
     <span class='ocr_line' id='line_1_60' title="bbox 2188 1906 3723 1981; baseline 0.002 -19"><span class='ocrx_word' id='word_1_445' title='bbox 2188 1906 2533 1975; x_wconf 86' lang='lat' dir='ltr'><strong>imputentur</strong></span> <span class='ocrx_word' id='word_1_446' title='bbox 2564 1922 2768 1972; x_wconf 67' lang='lat' dir='ltr'><strong>causae,</strong></span> <span class='ocrx_word' id='word_1_447' title='bbox 2800 1908 2926 1964; x_wconf 91' lang='lat' dir='ltr'><strong>odio</strong></span> <span class='ocrx_word' id='word_1_448' title='bbox 2964 1911 3330 1978; x_wconf 87' lang='lat' dir='ltr'><strong>quorumdam</strong></span> <span class='ocrx_word' id='word_1_449' title='bbox 3366 1910 3723 1981; x_wconf 87' lang='lat' dir='ltr'><strong>conjuratorum</strong></span> 
     </span>
    </p>
   </div>
   <div class='ocr_carea' id='block_1_61' title="bbox 2190 1996 3725 2075">
    <p class='ocr_par' dir='ltr' id='par_1_61' title="bbox 2190 1996 3725 2075">
     <span class='ocr_line' id='line_1_61' title="bbox 2190 1996 3725 2075; baseline 0.005 -24"><span class='ocrx_word' id='word_1_450' title='bbox 2190 1996 2245 2051; x_wconf 89' lang='lat' dir='ltr'><strong>iu</strong></span> <span class='ocrx_word' id='word_1_451' title='bbox 2304 1998 2504 2053; x_wconf 67' lang='lat' dir='ltr'><strong>Ahalae</strong></span> <span class='ocrx_word' id='word_1_452' title='bbox 2547 2000 2791 2061; x_wconf 79' lang='lat' dir='ltr'><strong>domum.</strong></span> <span class='ocrx_word' id='word_1_453' title='bbox 2840 2000 2913 2056; x_wconf 87' lang='lat' dir='ltr'><strong>At</strong></span> <span class='ocrx_word' id='word_1_454' title='bbox 2959 2002 3026 2058; x_wconf 89' lang='lat' dir='ltr'><strong>de</strong></span> <span class='ocrx_word' id='word_1_455' title='bbox 3077 2003 3164 2058; x_wconf 76' lang='lat' dir='ltr'><strong>his</strong></span> <span class='ocrx_word' id='word_1_456' title='bbox 3230 2019 3335 2074; x_wconf 81' lang='lat' dir='ltr'><strong>pro</strong></span> <span class='ocrx_word' id='word_1_457' title='bbox 3378 2004 3606 2062; x_wconf 84' lang='lat' dir='ltr'><strong>instituto</strong></span> <span class='ocrx_word' id='word_1_458' title='bbox 3632 2004 3725 2075; x_wconf 85' lang='lat' dir='ltr'><strong>plus</strong></span> 
     </span>
    </p>
   </div>
   <div class='ocr_carea' id='block_1_62' title="bbox 2190 2091 2351 2148">
    <p class='ocr_par' dir='ltr' id='par_1_62' title="bbox 2190 2091 2351 2148">
     <span class='ocr_line' id='line_1_62' title="bbox 2190 2091 2351 2148; baseline 0.006 -1"><span class='ocrx_word' id='word_1_459' title='bbox 2190 2091 2351 2148; x_wconf 80' lang='lat' dir='ltr'><strong>Satis.</strong></span> 
     </span>
    </p>
   </div>
   <div class='ocr_carea' id='block_1_63' title="bbox 2284 2272 3725 2353">
    <p class='ocr_par' dir='ltr' id='par_1_63' title="bbox 2284 2272 3725 2353">
     <span class='ocr_line' id='line_1_63' title="bbox 2284 2272 3725 2353; baseline 0.008 -26"><span class='ocrx_word' id='word_1_460' title='bbox 2284 2272 2403 2329; x_wconf 74' lang='lat' dir='ltr'><strong>XV.</strong></span> <span class='ocrx_word' id='word_1_461' title='bbox 2462 2275 2663 2331; x_wconf 69' lang='lat' dir='ltr'><strong>Abakre</strong></span> <span class='ocrx_word' id='word_1_462' title='bbox 2730 2286 2950 2333; x_wconf 87' lang='lat' dir='ltr'><strong>mortuo</strong></span> <span class='ocrx_word' id='word_1_463' title='bbox 3004 2282 3275 2337; x_wconf 84' lang='lat' dir='ltr'><strong>successit</strong></span> <span class='ocrx_word' id='word_1_464' title='bbox 3330 2281 3447 2353; x_wconf 83' lang='lat' dir='ltr'><strong>ejus</strong></span> <span class='ocrx_word' id='word_1_465' title='bbox 3490 2283 3725 2340; x_wconf 79' lang='lat' dir='ltr'><strong>insidiator</strong></span> 
     </span>
    </p>
   </div>
   <div class='ocr_carea' id='block_1_64' title="bbox 2189 2366 3724 2440">
    <p class='ocr_par' dir='ltr' id='par_1_64' title="bbox 2189 2366 3724 2440">
     <span class='ocr_line' id='line_1_64' title="bbox 2189 2366 3724 2440; baseline 0.005 -20"><span class='ocrx_word' id='word_1_466' title='bbox 2189 2366 2465 2422; x_wconf 87' lang='lat' dir='ltr'><strong>Ahmedes</strong></span> <span class='ocrx_word' id='word_1_467' title='bbox 2496 2378 2552 2423; x_wconf 90' lang='lat' dir='ltr'><strong>et</strong></span> <span class='ocrx_word' id='word_1_468' title='bbox 2597 2368 2715 2438; x_wconf 88' lang='lat' dir='ltr'><strong>ipse</strong></span> <span class='ocrx_word' id='word_1_469' title='bbox 2754 2370 2896 2426; x_wconf 88' lang='lat' dir='ltr'><strong>filius</strong></span> <span class='ocrx_word' id='word_1_470' title='bbox 2927 2370 3157 2440; x_wconf 85' lang='lat' dir='ltr'><strong>llulacu,</strong></span> <span class='ocrx_word' id='word_1_471' title='bbox 3202 2374 3300 2428; x_wconf 86' lang='lat' dir='ltr'><strong>sed</strong></span> <span class='ocrx_word' id='word_1_472' title='bbox 3331 2374 3437 2428; x_wconf 82' lang='lat' dir='ltr'><strong>alia</strong></span> <span class='ocrx_word' id='word_1_473' title='bbox 3468 2384 3624 2430; x_wconf 84' lang='lat' dir='ltr'><strong>matre</strong></span> <span class='ocrx_word' id='word_1_474' title='bbox 3646 2392 3724 2429; x_wconf 82' lang='lat' dir='ltr'><strong>na-</strong></span> 
     </span>
    </p>
   </div>
   <div class='ocr_carea' id='block_1_65' title="bbox 2192 2464 3723 2532">
    <p class='ocr_par' dir='ltr' id='par_1_65' title="bbox 2192 2464 3723 2532">
     <span class='ocr_line' id='line_1_65' title="bbox 2192 2464 3723 2532; baseline 0.004 -18"><span class='ocrx_word' id='word_1_475' title='bbox 2192 2469 2297 2525; x_wconf 86' lang='lat' dir='ltr'><strong>tus,</strong></span> <span class='ocrx_word' id='word_1_476' title='bbox 2346 2475 2410 2514; x_wconf 74' lang='lat' dir='ltr'><strong>ex</strong></span> <span class='ocrx_word' id='word_1_477' title='bbox 2449 2476 2556 2531; x_wconf 89' lang='lat' dir='ltr'><strong>qua</strong></span> <span class='ocrx_word' id='word_1_478' title='bbox 2615 2471 2981 2532; x_wconf 66' lang='lat' dir='ltr'><strong>praeterquam</strong></span> <span class='ocrx_word' id='word_1_479' title='bbox 3032 2466 3377 2521; x_wconf 81' lang='lat' dir='ltr'><strong>novercalem</strong></span> <span class='ocrx_word' id='word_1_480' title='bbox 3436 2466 3490 2520; x_wconf 86' lang='lat' dir='ltr'><strong>in</strong></span> <span class='ocrx_word' id='word_1_481' title='bbox 3529 2464 3723 2520; x_wconf 76' lang='lat' dir='ltr'><strong>Abakam</strong></span> 
     </span>
    </p>
   </div>
   <div class='ocr_carea' id='block_1_66' title="bbox 2189 2554 3724 2623">
    <p class='ocr_par' dir='ltr' id='par_1_66' title="bbox 2189 2554 3724 2623">
     <span class='ocr_line' id='line_1_66' title="bbox 2189 2554 3724 2623; baseline 0.003 -15"><span class='ocrx_word' id='word_1_482' title='bbox 2189 2554 2429 2608; x_wconf 90' lang='lat' dir='ltr'><strong>animum</strong></span> <span class='ocrx_word' id='word_1_483' title='bbox 2463 2555 2681 2609; x_wconf 86' lang='lat' dir='ltr'><strong>trahere</strong></span> <span class='ocrx_word' id='word_1_484' title='bbox 2705 2554 2905 2623; x_wconf 87' lang='lat' dir='ltr'><strong>potuit,</strong></span> <span class='ocrx_word' id='word_1_485' title='bbox 2938 2557 3102 2612; x_wconf 85' lang='lat' dir='ltr'><strong>etiam</strong></span> <span class='ocrx_word' id='word_1_486' title='bbox 3136 2557 3433 2614; x_wconf 88' lang='lat' dir='ltr'><strong>instinctus</strong></span> <span class='ocrx_word' id='word_1_487' title='bbox 3459 2559 3649 2614; x_wconf 84' lang='lat' dir='ltr'><strong>videtur</strong></span> <span class='ocrx_word' id='word_1_488' title='bbox 3673 2560 3724 2613; x_wconf 78' lang='lat' dir='ltr'><strong>ad</strong></span> 
     </span>
    </p>
   </div>
   <div class='ocr_carea' id='block_1_67' title="bbox 2188 2643 3725 2717">
    <p class='ocr_par' dir='ltr' id='par_1_67' title="bbox 2188 2643 3725 2717">
     <span class='ocr_line' id='line_1_67' title="bbox 2188 2643 3725 2717; baseline 0.004 -16"><span class='ocrx_word' id='word_1_489' title='bbox 2188 2646 2438 2701; x_wconf 83' lang='lat' dir='ltr'><strong>eumdem</strong></span> <span class='ocrx_word' id='word_1_490' title='bbox 2478 2643 2721 2700; x_wconf 80' lang='lat' dir='ltr'><strong>Abakam</strong></span> <span class='ocrx_word' id='word_1_491' title='bbox 2759 2648 3094 2717; x_wconf 83' lang='lat' dir='ltr'><strong>perdendum</strong></span> <span class='ocrx_word' id='word_1_492' title='bbox 3151 2650 3284 2705; x_wconf 78' lang='lat' dir='ltr'><strong>odid</strong></span> <span class='ocrx_word' id='word_1_493' title='bbox 3336 2650 3725 2707; x_wconf 69' lang='lat' dir='ltr'><strong>Chrisuancre-</strong></span> 
     </span>
    </p>
   </div>
   <div class='ocr_carea' id='block_1_68' title="bbox 2189 2736 3722 2805">
    <p class='ocr_par' dir='ltr' id='par_1_68' title="bbox 2189 2736 3722 2805">
     <span class='ocr_line' id='line_1_68' title="bbox 2189 2736 3722 2805; baseline 0.005 -16"><span class='ocrx_word' id='word_1_494' title='bbox 2189 2736 2428 2805; x_wconf 80' lang='lat' dir='ltr'><strong>iigionis,</strong></span> <span class='ocrx_word' id='word_1_495' title='bbox 2459 2736 2616 2805; x_wconf 89' lang='lat' dir='ltr'><strong>cujus</strong></span> <span class='ocrx_word' id='word_1_496' title='bbox 2647 2737 2915 2793; x_wconf 86' lang='lat' dir='ltr'><strong>cultorem</strong></span> <span class='ocrx_word' id='word_1_497' title='bbox 2955 2737 3124 2795; x_wconf 88' lang='lat' dir='ltr'><strong>fuisse</strong></span> <span class='ocrx_word' id='word_1_498' title='bbox 3169 2739 3419 2796; x_wconf 85' lang='lat' dir='ltr'><strong>Abakam</strong></span> <span class='ocrx_word' id='word_1_499' title='bbox 3449 2741 3585 2796; x_wconf 87' lang='lat' dir='ltr'><strong>clare</strong></span> <span class='ocrx_word' id='word_1_500' title='bbox 3610 2742 3722 2796; x_wconf 80' lang='lat' dir='ltr'><strong>aiiir-</strong></span> 
     </span>
    </p>
   </div>
   <div class='ocr_carea' id='block_1_69' title="bbox 2192 2828 3723 2898">
    <p class='ocr_par' dir='ltr' id='par_1_69' title="bbox 2192 2828 3723 2898">
     <span class='ocr_line' id='line_1_69' title="bbox 2192 2828 3723 2898; baseline 0.003 -17"><span class='ocrx_word' id='word_1_501' title='bbox 2192 2836 2304 2881; x_wconf 81' lang='lat' dir='ltr'><strong>ntat</strong></span> <span class='ocrx_word' id='word_1_502' title='bbox 2358 2828 2821 2898; x_wconf 75' lang='lat' dir='ltr'><strong>Ahulpharagius,</strong></span> <span class='ocrx_word' id='word_1_503' title='bbox 2856 2832 2982 2882; x_wconf 91' lang='lat' dir='ltr'><strong>dum</strong></span> <span class='ocrx_word' id='word_1_504' title='bbox 3032 2845 3158 2884; x_wconf 87' lang='lat' dir='ltr'><strong>eum</strong></span> <span class='ocrx_word' id='word_1_505' title='bbox 3211 2830 3522 2888; x_wconf 85' lang='lat' dir='ltr'><strong>celebrasse</strong></span> <span class='ocrx_word' id='word_1_506' title='bbox 3564 2834 3723 2887; x_wconf 76' lang='lat' dir='ltr'><strong>festam</strong></span> 
     </span>
    </p>
   </div>
   <div class='ocr_carea' id='block_1_70' title="bbox 2192 2921 3723 2997">
    <p class='ocr_par' dir='ltr' id='par_1_70' title="bbox 2192 2921 3723 2997">
     <span class='ocr_line' id='line_1_70' title="bbox 2192 2921 3723 2997; baseline 0.004 -21"><span class='ocrx_word' id='word_1_507' title='bbox 2192 2921 2410 2976; x_wconf 63' lang='lat' dir='ltr'><strong>Pascha:</strong></span> <span class='ocrx_word' id='word_1_508' title='bbox 2448 2939 2552 2976; x_wconf 85' lang='lat' dir='ltr'><strong>una</strong></span> <span class='ocrx_word' id='word_1_509' title='bbox 2587 2940 2713 2979; x_wconf 82' lang='lat' dir='ltr'><strong>cum</strong></span> <span class='ocrx_word' id='word_1_510' title='bbox 2746 2923 3078 2981; x_wconf 85' lang='lat' dir='ltr'><strong>Christianis</strong></span> <span class='ocrx_word' id='word_1_511' title='bbox 3111 2925 3335 2982; x_wconf 75' lang='lat' dir='ltr'><strong>scribit.</strong></span> <span class='ocrx_word' id='word_1_512' title='bbox 3380 2926 3543 2997; x_wconf 89' lang='lat' dir='ltr'><strong>llujus</strong></span> <span class='ocrx_word' id='word_1_513' title='bbox 3563 2927 3723 2982; x_wconf 71' lang='lat' dir='ltr'><strong>Alnus-</strong></span> 
     </span>
    </p>
   </div>
   <div class='ocr_carea' id='block_1_71' title="bbox 2193 3015 3723 3090">
    <p class='ocr_par' dir='ltr' id='par_1_71' title="bbox 2193 3015 3723 3090">
     <span class='ocr_line' id='line_1_71' title="bbox 2193 3015 3723 3090; baseline 0.001 -20"><span class='ocrx_word' id='word_1_514' title='bbox 2193 3015 2274 3070; x_wconf 91' lang='lat' dir='ltr'><strong>dis</strong></span> <span class='ocrx_word' id='word_1_515' title='bbox 2329 3023 2450 3069; x_wconf 88' lang='lat' dir='ltr'><strong>acta</strong></span> <span class='ocrx_word' id='word_1_516' title='bbox 2503 3015 2846 3085; x_wconf 86' lang='lat' dir='ltr'><strong>principatus</strong></span> <span class='ocrx_word' id='word_1_517' title='bbox 2903 3018 3086 3072; x_wconf 87' lang='lat' dir='ltr'><strong>omnia</strong></span> <span class='ocrx_word' id='word_1_518' title='bbox 3134 3020 3456 3090; x_wconf 78' lang='lat' dir='ltr'><strong>rediguntur</strong></span> <span class='ocrx_word' id='word_1_519' title='bbox 3503 3021 3552 3074; x_wconf 90' lang='lat' dir='ltr'><strong>in</strong></span> <span class='ocrx_word' id='word_1_520' title='bbox 3596 3033 3723 3073; x_wconf 82' lang='lat' dir='ltr'><strong>unam</strong></span> 
     </span>
    </p>
   </div>
   <div class='ocr_carea' id='block_1_72' title="bbox 2188 3106 3724 3178">
    <p class='ocr_par' dir='ltr' id='par_1_72' title="bbox 2188 3106 3724 3178">
     <span class='ocr_line' id='line_1_72' title="bbox 2188 3106 3724 3178; baseline 0.003 -18"><span class='ocrx_word' id='word_1_521' title='bbox 2188 3106 2461 3178; x_wconf 81' lang='lat' dir='ltr'><strong>prolixam</strong></span> <span class='ocrx_word' id='word_1_522' title='bbox 2491 3107 2777 3175; x_wconf 85' lang='lat' dir='ltr'><strong>epistolam</strong></span> <span class='ocrx_word' id='word_1_523' title='bbox 2826 3108 2882 3162; x_wconf 92' lang='lat' dir='ltr'><strong>in</strong></span> <span class='ocrx_word' id='word_1_524' title='bbox 2924 3112 3457 3169; x_wconf 85' lang='lat' dir='ltr'><strong>commendationem</strong></span> <span class='ocrx_word' id='word_1_525' title='bbox 3511 3112 3724 3170; x_wconf 86' lang='lat' dir='ltr'><strong>Alcoraai</strong></span> 
     </span>
    </p>
   </div>
   <div class='ocr_carea' id='block_1_73' title="bbox 2190 3198 3722 3276">
    <p class='ocr_par' dir='ltr' id='par_1_73' title="bbox 2190 3198 3722 3276">
     <span class='ocr_line' id='line_1_73' title="bbox 2190 3198 3722 3276; baseline 0.007 -23"><span class='ocrx_word' id='word_1_526' title='bbox 2190 3208 2244 3254; x_wconf 86' lang='lat' dir='ltr'><strong>ct</strong></span> <span class='ocrx_word' id='word_1_527' title='bbox 2289 3199 2697 3267; x_wconf 83' lang='lat' dir='ltr'><strong>superstitionis</strong></span> <span class='ocrx_word' id='word_1_528' title='bbox 2739 3198 3113 3257; x_wconf 72' lang='lat' dir='ltr'><strong>Mabometiea:</strong></span> <span class='ocrx_word' id='word_1_529' title='bbox 3146 3204 3211 3258; x_wconf 91' lang='lat' dir='ltr'><strong>ad</strong></span> <span class='ocrx_word' id='word_1_530' title='bbox 3243 3206 3515 3263; x_wconf 81' lang='lat' dir='ltr'><strong>sultanem</strong></span> <span class='ocrx_word' id='word_1_531' title='bbox 3544 3203 3722 3276; x_wconf 66' lang='lat' dir='ltr'><strong>Egypli</strong></span> 
     </span>
    </p>
   </div>
   <div class='ocr_carea' id='block_1_74' title="bbox 2190 3290 3724 3365">
    <p class='ocr_par' dir='ltr' id='par_1_74' title="bbox 2190 3290 3724 3365">
     <span class='ocr_line' id='line_1_74' title="bbox 2190 3290 3724 3365; baseline 0.003 -19"><span class='ocrx_word' id='word_1_532' title='bbox 2190 3290 2449 3359; x_wconf 84' lang='lat' dir='ltr'><strong>scriptam</strong></span> <span class='ocrx_word' id='word_1_533' title='bbox 2475 3330 2489 3355; x_wconf 95' lang='lat'><strong>,</strong></span> <span class='ocrx_word' id='word_1_534' title='bbox 2552 3306 2718 3360; x_wconf 89' lang='lat' dir='ltr'><strong>quam</strong></span> <span class='ocrx_word' id='word_1_535' title='bbox 2760 3292 3199 3365; x_wconf 77' lang='lat' dir='ltr'><strong>Abuipbaragius</strong></span> <span class='ocrx_word' id='word_1_536' title='bbox 3248 3298 3469 3363; x_wconf 84' lang='lat' dir='ltr'><strong>recitat,</strong></span> <span class='ocrx_word' id='word_1_537' title='bbox 3511 3297 3724 3354; x_wconf 80' lang='lat' dir='ltr'><strong>continuo</strong></span> 
     </span>
    </p>
   </div>
   <div class='ocr_carea' id='block_1_75' title="bbox 2192 3380 3724 3458">
    <p class='ocr_par' dir='ltr' id='par_1_75' title="bbox 2192 3380 3724 3458">
     <span class='ocr_line' id='line_1_75' title="bbox 2192 3380 3724 3458; baseline 0.007 -25"><span class='ocrx_word' id='word_1_538' title='bbox 2192 3380 2443 3436; x_wconf 77' lang='lat' dir='ltr'><strong>referens</strong></span> <span class='ocrx_word' id='word_1_539' title='bbox 2480 3381 2851 3450; x_wconf 80' lang='lat' dir='ltr'><strong>indulgentem</strong></span> <span class='ocrx_word' id='word_1_540' title='bbox 2883 3383 3181 3441; x_wconf 82' lang='lat' dir='ltr'><strong>Ahmedem</strong></span> <span class='ocrx_word' id='word_1_541' title='bbox 3207 3387 3414 3444; x_wconf 88' lang='lat' dir='ltr'><strong>dudum</strong></span> <span class='ocrx_word' id='word_1_542' title='bbox 3447 3388 3598 3458; x_wconf 68' lang='lat'><strong>820</strong></span> <span class='ocrx_word' id='word_1_543' title='bbox 3621 3401 3724 3443; x_wconf 80' lang='lat' dir='ltr'><strong>eos-</strong></span> 
     </span>
    </p>
   </div>
   <div class='ocr_carea' id='block_1_76' title="bbox 2190 3474 3723 3551">
    <p class='ocr_par' dir='ltr' id='par_1_76' title="bbox 2190 3474 3723 3551">
     <span class='ocr_line' id='line_1_76' title="bbox 2190 3474 3723 3551; baseline 0.004 -22"><span class='ocrx_word' id='word_1_544' title='bbox 2190 3484 2348 3543; x_wconf 90' lang='lat' dir='ltr'><strong>cepto</strong></span> <span class='ocrx_word' id='word_1_545' title='bbox 2397 3475 2449 3529; x_wconf 87' lang='lat' dir='ltr'><strong>in</strong></span> <span class='ocrx_word' id='word_1_546' title='bbox 2488 3474 2689 3530; x_wconf 78' lang='lat' dir='ltr'><strong>Abakae</strong></span> <span class='ocrx_word' id='word_1_547' title='bbox 2747 3475 3011 3533; x_wconf 79' lang='lat' dir='ltr'><strong>familiam</strong></span> <span class='ocrx_word' id='word_1_548' title='bbox 3069 3478 3269 3544; x_wconf 76' lang='lat' dir='ltr'><strong>furori,</strong></span> <span class='ocrx_word' id='word_1_549' title='bbox 3330 3484 3454 3537; x_wconf 88' lang='lat' dir='ltr'><strong>dum</strong></span> <span class='ocrx_word' id='word_1_550' title='bbox 3496 3481 3723 3551; x_wconf 78' lang='lat' dir='ltr'><strong>Argunem</strong></span> 
     </span>
    </p>
   </div>
   <div class='ocr_carea' id='block_1_77' title="bbox 2191 3565 3725 3639">
    <p class='ocr_par' dir='ltr' id='par_1_77' title="bbox 2191 3565 3725 3639">
     <span class='ocr_line' id='line_1_77' title="bbox 2191 3565 3725 3639; baseline 0.005 -19"><span class='ocrx_word' id='word_1_551' title='bbox 2191 3565 2395 3622; x_wconf 62' lang='lat' dir='ltr'><strong>Ahala:</strong></span> <span class='ocrx_word' id='word_1_552' title='bbox 2445 3567 2612 3621; x_wconf 85' lang='lat' dir='ltr'><strong>filium</strong></span> <span class='ocrx_word' id='word_1_553' title='bbox 2649 3568 2837 3624; x_wconf 81' lang='lat' dir='ltr'><strong>studet</strong></span> <span class='ocrx_word' id='word_1_554' title='bbox 2875 3571 3208 3639; x_wconf 76' lang='lat' dir='ltr'><strong>Opprimere,</strong></span> <span class='ocrx_word' id='word_1_555' title='bbox 3264 3576 3336 3628; x_wconf 89' lang='lat' dir='ltr'><strong>ah</strong></span> <span class='ocrx_word' id='word_1_556' title='bbox 3369 3589 3435 3630; x_wconf 90' lang='lat' dir='ltr'><strong>eo</strong></span> <span class='ocrx_word' id='word_1_557' title='bbox 3484 3584 3537 3630; x_wconf 91' lang='lat' dir='ltr'><strong>et</strong></span> <span class='ocrx_word' id='word_1_558' title='bbox 3568 3575 3613 3628; x_wconf 89' lang='lat' dir='ltr'><strong>ei</strong></span> <span class='ocrx_word' id='word_1_559' title='bbox 3638 3580 3725 3628; x_wconf 81' lang='lat' dir='ltr'><strong>stl-</strong></span> 
     </span>
    </p>
   </div>
   <div class='ocr_carea' id='block_1_78' title="bbox 2192 3660 3725 3726">
    <p class='ocr_par' dir='ltr' id='par_1_78' title="bbox 2192 3660 3725 3726">
     <span class='ocr_line' id='line_1_78' title="bbox 2192 3660 3725 3726; baseline 0.001 -13"><span class='ocrx_word' id='word_1_560' title='bbox 2192 3662 2444 3716; x_wconf 83' lang='lat' dir='ltr'><strong>dentibus</strong></span> <span class='ocrx_word' id='word_1_561' title='bbox 2496 3660 2670 3717; x_wconf 88' lang='lat' dir='ltr'><strong>fuisse</strong></span> <span class='ocrx_word' id='word_1_562' title='bbox 2706 3663 3165 3726; x_wconf 86' lang='lat' dir='ltr'><strong>comprehensum</strong></span> <span class='ocrx_word' id='word_1_563' title='bbox 3194 3676 3245 3718; x_wconf 89' lang='lat' dir='ltr'><strong>et</strong></span> <span class='ocrx_word' id='word_1_564' title='bbox 3278 3667 3537 3723; x_wconf 67' lang='lat' dir='ltr'><strong>custodiae</strong></span> <span class='ocrx_word' id='word_1_565' title='bbox 3562 3664 3725 3719; x_wconf 79' lang='lat' dir='ltr'><strong>mnci-</strong></span> 
     </span>
    </p>
   </div>
   <div class='ocr_carea' id='block_1_79' title="bbox 2192 3753 3723 3825">
    <p class='ocr_par' dir='ltr' id='par_1_79' title="bbox 2192 3753 3723 3825">
     <span class='ocr_line' id='line_1_79' title="bbox 2192 3753 3723 3825; baseline -0.001 -16"><span class='ocrx_word' id='word_1_566' title='bbox 2192 3764 2375 3821; x_wconf 85' lang='lat' dir='ltr'><strong>patum</strong></span> <span class='ocrx_word' id='word_1_567' title='bbox 2405 3753 2494 3808; x_wconf 85' lang='lat' dir='ltr'><strong>die</strong></span> <span class='ocrx_word' id='word_1_568' title='bbox 2537 3753 2794 3809; x_wconf 82' lang='lat' dir='ltr'><strong>Mercurii</strong></span> <span class='ocrx_word' id='word_1_569' title='bbox 2821 3753 3036 3811; x_wconf 78' lang='lat' dir='ltr'><strong>Jomadi</strong></span> <span class='ocrx_word' id='word_1_570' title='bbox 3067 3757 3269 3825; x_wconf 88' lang='lat' dir='ltr'><strong>prioris</strong></span> <span class='ocrx_word' id='word_1_571' title='bbox 3302 3760 3600 3823; x_wconf 83' lang='lat' dir='ltr'><strong>undecimo,</strong></span> <span class='ocrx_word' id='word_1_572' title='bbox 3621 3753 3723 3811; x_wconf 80' lang='lat' dir='ltr'><strong>anni</strong></span> 
     </span>
    </p>
   </div>
   <div class='ocr_carea' id='block_1_80' title="bbox 2193 3845 3724 3917">
    <p class='ocr_par' dir='ltr' id='par_1_80' title="bbox 2193 3845 3724 3917">
     <span class='ocr_line' id='line_1_80' title="bbox 2193 3845 3724 3917; baseline 0 -16"><span class='ocrx_word' id='word_1_573' title='bbox 2193 3845 2409 3915; x_wconf 72' lang='lat' dir='ltr'><strong>llegirze</strong></span> <span class='ocrx_word' id='word_1_574' title='bbox 2462 3846 2593 3912; x_wconf 77' lang='lat'><strong>683,</strong></span> <span class='ocrx_word' id='word_1_575' title='bbox 2650 3849 2744 3917; x_wconf 91' lang='lat' dir='ltr'><strong>qui</strong></span> <span class='ocrx_word' id='word_1_576' title='bbox 2800 3848 3008 3917; x_wconf 87' lang='lat' dir='ltr'><strong>incepit</strong></span> <span class='ocrx_word' id='word_1_577' title='bbox 3062 3863 3097 3904; x_wconf 87' lang='lat' dir='ltr'><strong>a</strong></span> <span class='ocrx_word' id='word_1_578' title='bbox 3154 3850 3241 3906; x_wconf 86' lang='lat' dir='ltr'><strong>die</strong></span> <span class='ocrx_word' id='word_1_579' title='bbox 3285 3849 3360 3906; x_wconf 89' lang='grc'><strong>20</strong></span> <span class='ocrx_word' id='word_1_580' title='bbox 3413 3850 3580 3907; x_wconf 69' lang='lat' dir='ltr'><strong>Martii</strong></span> <span class='ocrx_word' id='word_1_581' title='bbox 3612 3861 3724 3903; x_wconf 87' lang='lat' dir='ltr'><strong>anno</strong></span> 
     </span>
    </p>
   </div>
   <div class='ocr_carea' id='block_1_81' title="bbox 2190 3937 3725 4015">
    <p class='ocr_par' dir='ltr' id='par_1_81' title="bbox 2190 3937 3725 4015">
     <span class='ocr_line' id='line_1_81' title="bbox 2190 3937 3725 4015; baseline -0.001 -21"><span class='ocrx_word' id='word_1_582' title='bbox 2190 3938 2398 3994; x_wconf 81' lang='lat' dir='ltr'><strong>Christi</strong></span> <span class='ocrx_word' id='word_1_583' title='bbox 2451 3937 2611 3994; x_wconf 73' lang='grc'><strong>1281.</strong></span> <span class='ocrx_word' id='word_1_584' title='bbox 2662 3939 2759 3995; x_wconf 80' lang='lat' dir='ltr'><strong>Est</strong></span> <span class='ocrx_word' id='word_1_585' title='bbox 2833 3939 3045 3998; x_wconf 72' lang='lat' dir='ltr'><strong>Jomadi</strong></span> <span class='ocrx_word' id='word_1_586' title='bbox 3102 3944 3253 4013; x_wconf 89' lang='lat' dir='ltr'><strong>prior</strong></span> <span class='ocrx_word' id='word_1_587' title='bbox 3307 3944 3527 4015; x_wconf 81' lang='lat' dir='ltr'><strong>quintus</strong></span> <span class='ocrx_word' id='word_1_588' title='bbox 3570 3939 3725 3996; x_wconf 77' lang='lat' dir='ltr'><strong>ordine</strong></span> 
     </span>
    </p>
   </div>
   <div class='ocr_carea' id='block_1_82' title="bbox 2193 4030 3723 4103">
    <p class='ocr_par' dir='ltr' id='par_1_82' title="bbox 2193 4030 3723 4103">
     <span class='ocr_line' id='line_1_82' title="bbox 2193 4030 3723 4103; baseline -0.001 -19"><span class='ocrx_word' id='word_1_589' title='bbox 2193 4030 2394 4086; x_wconf 85' lang='lat' dir='ltr'><strong>mensis</strong></span> <span class='ocrx_word' id='word_1_590' title='bbox 2428 4030 2481 4085; x_wconf 90' lang='lat' dir='ltr'><strong>in</strong></span> <span class='ocrx_word' id='word_1_591' title='bbox 2509 4046 2651 4085; x_wconf 89' lang='lat' dir='ltr'><strong>anno</strong></span> <span class='ocrx_word' id='word_1_592' title='bbox 2675 4032 2946 4100; x_wconf 78' lang='lat' dir='ltr'><strong>Arabico;</strong></span> <span class='ocrx_word' id='word_1_593' title='bbox 2978 4035 3135 4103; x_wconf 84' lang='lat' dir='ltr'><strong>cujus</strong></span> <span class='ocrx_word' id='word_1_594' title='bbox 3166 4035 3432 4090; x_wconf 68' lang='lat' dir='ltr'><strong>Kalends:</strong></span> <span class='ocrx_word' id='word_1_595' title='bbox 3456 4050 3486 4089; x_wconf 85' lang='lat' dir='ltr'><strong>a</strong></span> <span class='ocrx_word' id='word_1_596' title='bbox 3522 4033 3585 4088; x_wconf 78' lang='lat'><strong>9.0</strong></span> <span class='ocrx_word' id='word_1_597' title='bbox 3610 4031 3723 4086; x_wconf 73' lang='lat' dir='ltr'><strong>Har-</strong></span> 
     </span>
    </p>
   </div>
   <div class='ocr_carea' id='block_1_83' title="bbox 2190 4124 3723 4201">
    <p class='ocr_par' dir='ltr' id='par_1_83' title="bbox 2190 4124 3723 4201">
     <span class='ocr_line' id='line_1_83' title="bbox 2190 4124 3723 4201; baseline 0 -23"><span class='ocrx_word' id='word_1_598' title='bbox 2190 4125 2246 4178; x_wconf 90' lang='lat' dir='ltr'><strong>tii</strong></span> <span class='ocrx_word' id='word_1_599' title='bbox 2285 4132 2583 4179; x_wconf 65' lang='lat' dir='ltr'><strong>numerata</strong></span> <span class='ocrx_word' id='word_1_600' title='bbox 2638 4124 2886 4182; x_wconf 89' lang='lat' dir='ltr'><strong>incidunt</strong></span> <span class='ocrx_word' id='word_1_601' title='bbox 2953 4127 3006 4182; x_wconf 94' lang='lat' dir='ltr'><strong>in</strong></span> <span class='ocrx_word' id='word_1_602' title='bbox 3068 4126 3341 4201; x_wconf 81' lang='lat' dir='ltr'><strong>decimum</strong></span> <span class='ocrx_word' id='word_1_603' title='bbox 3383 4144 3583 4185; x_wconf 62' lang='lat' dir='ltr'><strong>sextum</strong></span> <span class='ocrx_word' id='word_1_604' title='bbox 3622 4124 3723 4181; x_wconf 77' lang='lat' dir='ltr'><strong>Julii</strong></span> 
     </span>
    </p>
   </div>
   <div class='ocr_carea' id='block_1_84' title="bbox 2189 4214 3725 4290">
    <p class='ocr_par' dir='ltr' id='par_1_84' title="bbox 2189 4214 3725 4290">
     <span class='ocr_line' id='line_1_84' title="bbox 2189 4214 3725 4290; baseline -0.001 -18"><span class='ocrx_word' id='word_1_605' title='bbox 2189 4217 2311 4285; x_wconf 86' lang='lat' dir='ltr'><strong>ejus</strong></span> <span class='ocrx_word' id='word_1_606' title='bbox 2369 4214 2571 4271; x_wconf 86' lang='lat' dir='ltr'><strong>Christi</strong></span> <span class='ocrx_word' id='word_1_607' title='bbox 2626 4217 2756 4270; x_wconf 86' lang='lat' dir='ltr'><strong>anni</strong></span> <span class='ocrx_word' id='word_1_608' title='bbox 2797 4216 2939 4271; x_wconf 73' lang='grc'>1284</span> <span class='ocrx_word' id='word_1_609' title='bbox 2990 4218 3335 4288; x_wconf 73' lang='lat' dir='ltr'><strong>bissextilis,</strong></span> <span class='ocrx_word' id='word_1_610' title='bbox 3374 4220 3523 4289; x_wconf 85' lang='lat' dir='ltr'><strong>cujus</strong></span> <span class='ocrx_word' id='word_1_611' title='bbox 3571 4218 3725 4290; x_wconf 81' lang='lat' dir='ltr'><strong>cyclus</strong></span> 
     </span>
    </p>
   </div>
   <div class='ocr_carea' id='block_1_85' title="bbox 2189 4306 3725 4383">
    <p class='ocr_par' dir='ltr' id='par_1_85' title="bbox 2189 4306 3725 4383">
     <span class='ocr_line' id='line_1_85' title="bbox 2189 4306 3725 4383; baseline 0 -18"><span class='ocrx_word' id='word_1_612' title='bbox 2189 4309 2324 4365; x_wconf 85' lang='lat' dir='ltr'><strong>solis</strong></span> <span class='ocrx_word' id='word_1_613' title='bbox 2351 4306 2452 4362; x_wconf 85' lang='lat' dir='ltr'><strong>fuit</strong></span> <span class='ocrx_word' id='word_1_614' title='bbox 2480 4307 2515 4362; x_wconf 83' lang='lat'><strong>5</strong></span> <span class='ocrx_word' id='word_1_615' title='bbox 2540 4317 2594 4361; x_wconf 91' lang='lat' dir='ltr'><strong>et</strong></span> <span class='ocrx_word' id='word_1_616' title='bbox 2625 4307 2806 4364; x_wconf 73' lang='lat' dir='ltr'><strong>littera</strong></span> <span class='ocrx_word' id='word_1_617' title='bbox 2863 4309 3222 4369; x_wconf 83' lang='lat' dir='ltr'><strong>Dominicalis</strong></span> <span class='ocrx_word' id='word_1_618' title='bbox 3259 4311 3303 4366; x_wconf 83' lang='grc' dir='ltr'>Β</span> <span class='ocrx_word' id='word_1_619' title='bbox 3338 4316 3408 4380; x_wconf 85' lang='lat' dir='ltr'><strong>A,</strong></span> <span class='ocrx_word' id='word_1_620' title='bbox 3441 4314 3575 4371; x_wconf 84' lang='lat' dir='ltr'><strong>unde</strong></span> <span class='ocrx_word' id='word_1_621' title='bbox 3608 4318 3725 4383; x_wconf 78' lang='lat' dir='ltr'><strong>patet</strong></span> 
     </span>
    </p>
   </div>
   <div class='ocr_carea' id='block_1_86' title="bbox 2193 4398 3725 4471">
    <p class='ocr_par' dir='ltr' id='par_1_86' title="bbox 2193 4398 3725 4471">
     <span class='ocr_line' id='line_1_86' title="bbox 2193 4398 3725 4471; baseline 0.002 -17"><span class='ocrx_word' id='word_1_622' title='bbox 2193 4401 2536 4456; x_wconf 89' lang='lat' dir='ltr'><strong>undecimum</strong></span> <span class='ocrx_word' id='word_1_623' title='bbox 2567 4398 2781 4457; x_wconf 82' lang='lat' dir='ltr'><strong>Jomadi</strong></span> <span class='ocrx_word' id='word_1_624' title='bbox 2816 4401 3011 4471; x_wconf 80' lang='lat' dir='ltr'><strong>prioris</strong></span> <span class='ocrx_word' id='word_1_625' title='bbox 3038 4418 3227 4459; x_wconf 85' lang='lat' dir='ltr'><strong>revera</strong></span> <span class='ocrx_word' id='word_1_626' title='bbox 3258 4405 3429 4462; x_wconf 89' lang='lat' dir='ltr'><strong>fuisse</strong></span> <span class='ocrx_word' id='word_1_627' title='bbox 3458 4408 3585 4460; x_wconf 84' lang='lat' dir='ltr'><strong>diem</strong></span> <span class='ocrx_word' id='word_1_628' title='bbox 3612 4404 3725 4457; x_wconf 74' lang='lat' dir='ltr'><strong>Iler-</strong></span> 
     </span>
    </p>
   </div>
   <div class='ocr_carea' id='block_1_87' title="bbox 504 4488 3726 4589">
    <p class='ocr_par' dir='ltr' id='par_1_87' title="bbox 504 4488 3726 4589">
     <span class='ocr_line' id='line_1_87' title="bbox 504 4488 3726 4589; baseline -0.001 -38"><span class='ocrx_word' id='word_1_629' title='bbox 504 4494 608 4567; x_wconf 88' lang='lat' dir='ltr'><strong>pit,</strong></span> <span class='ocrx_word' id='word_1_630' title='bbox 644 4493 730 4569; x_wconf 87' lang='lat' dir='ltr'><strong>[P.</strong></span> <span class='ocrx_word' id='word_1_631' title='bbox 764 4493 890 4567; x_wconf 70' lang='grc'><strong>594]</strong></span> <span class='ocrx_word' id='word_1_632' title='bbox 926 4501 987 4548; x_wconf 88' lang='lat' dir='ltr'><strong>ut</strong></span> <span class='ocrx_word' id='word_1_633' title='bbox 1017 4501 1100 4550; x_wconf 87' lang='lat' dir='ltr'><strong>est</strong></span> <span class='ocrx_word' id='word_1_634' title='bbox 1142 4493 1365 4589; x_wconf 64' lang='lat' dir='ltr'><strong>dictum,</strong></span> <span class='ocrx_word' id='word_1_635' title='bbox 1411 4508 1442 4546; x_wconf 90' lang='lat' dir='ltr'><strong>a</strong></span> <span class='ocrx_word' id='word_1_636' title='bbox 1469 4491 1557 4547; x_wconf 88' lang='lat' dir='ltr'><strong>die</strong></span> <span class='ocrx_word' id='word_1_637' title='bbox 1586 4492 1655 4547; x_wconf 78' lang='lat' dir='ltr'><strong>t3</strong></span> <span class='ocrx_word' id='word_1_638' title='bbox 1686 4488 1885 4545; x_wconf 75' lang='lat' dir='ltr'><strong>Martii.</strong></span> <span class='ocrx_word' id='word_1_639' title='bbox 1918 4490 2086 4545; x_wconf 84' lang='lat' dir='ltr'><strong>Porro</strong></span> <span class='ocrx_word' id='word_1_640' title='bbox 2115 4528 2166 4589; x_wconf 67' lang='grc' dir='ltr'><strong>Β</strong></span> <span class='ocrx_word' id='word_1_641' title='bbox 2192 4494 2328 4546; x_wconf 91' lang='lat' dir='ltr'><strong>curii</strong></span> <span class='ocrx_word' id='word_1_642' title='bbox 2362 4508 2377 4547; x_wconf 91' lang='lat'><strong>:</strong></span> <span class='ocrx_word' id='word_1_643' title='bbox 2413 4494 2534 4548; x_wconf 89' lang='lat' dir='ltr'><strong>talis</strong></span> <span class='ocrx_word' id='word_1_644' title='bbox 2568 4492 2713 4548; x_wconf 86' lang='lat' dir='ltr'><strong>enim</strong></span> <span class='ocrx_word' id='word_1_645' title='bbox 2761 4492 2865 4547; x_wconf 83' lang='lat' dir='ltr'><strong>fuit</strong></span> <span class='ocrx_word' id='word_1_646' title='bbox 2895 4493 3032 4548; x_wconf 88' lang='lat' dir='ltr'><strong>feria</strong></span> <span class='ocrx_word' id='word_1_647' title='bbox 3064 4495 3135 4550; x_wconf 89' lang='grc'><strong>26</strong></span> <span class='ocrx_word' id='word_1_648' title='bbox 3167 4498 3284 4552; x_wconf 82' lang='lat' dir='ltr'><strong>dies</strong></span> <span class='ocrx_word' id='word_1_649' title='bbox 3326 4496 3475 4563; x_wconf 82' lang='lat' dir='ltr'><strong>Julii,</strong></span> <span class='ocrx_word' id='word_1_650' title='bbox 3509 4511 3617 4551; x_wconf 90' lang='lat' dir='ltr'><strong>cunt</strong></span> <span class='ocrx_word' id='word_1_651' title='bbox 3647 4509 3726 4547; x_wconf 89' lang='lat' dir='ltr'><strong>un-</strong></span> 
     </span>
    </p>
   </div>
   <div class='ocr_carea' id='block_1_88' title="bbox 505 4582 2085 4657">
    <p class='ocr_par' dir='ltr' id='par_1_88' title="bbox 505 4582 2085 4657">
     <span class='ocr_line' id='line_1_88' title="bbox 505 4582 2085 4657; baseline -0.004 -12"><span class='ocrx_word' id='word_1_652' title='bbox 505 4590 572 4645; x_wconf 85' lang='lat' dir='ltr'><strong>ad</strong></span> <span class='ocrx_word' id='word_1_653' title='bbox 606 4590 746 4643; x_wconf 88' lang='lat' dir='ltr'><strong>diem</strong></span> <span class='ocrx_word' id='word_1_654' title='bbox 781 4588 853 4643; x_wconf 85' lang='grc'>29</span> <span class='ocrx_word' id='word_1_655' title='bbox 885 4587 1097 4654; x_wconf 79' lang='lat' dir='ltr'><strong>Martii,</strong></span> <span class='ocrx_word' id='word_1_656' title='bbox 1144 4600 1272 4657; x_wconf 62' lang='lat' dir='ltr'><strong>quae</strong></span> <span class='ocrx_word' id='word_1_657' title='bbox 1320 4582 1544 4642; x_wconf 69' lang='lat' dir='ltr'><strong>Pasebre</strong></span> <span class='ocrx_word' id='word_1_658' title='bbox 1574 4586 1854 4641; x_wconf 85' lang='lat' dir='ltr'><strong>Dominica</strong></span> <span class='ocrx_word' id='word_1_659' title='bbox 1887 4583 2010 4648; x_wconf 86' lang='lat' dir='ltr'><strong>fuit,</strong></span> <span class='ocrx_word' id='word_1_660' title='bbox 2040 4584 2085 4639; x_wconf 88' lang='lat' dir='ltr'><strong>si</strong></span> 
     </span>
    </p>
   </div>
   <div class='ocr_carea' id='block_1_89' title="bbox 505 4679 2087 4753">
    <p class='ocr_par' dir='ltr' id='par_1_89' title="bbox 505 4679 2087 4753">
     <span class='ocr_line' id='line_1_89' title="bbox 505 4679 2087 4753; baseline -0.004 -16"><span class='ocrx_word' id='word_1_661' title='bbox 505 4693 619 4738; x_wconf 83' lang='lat' dir='ltr'><strong>tres</strong></span> <span class='ocrx_word' id='word_1_662' title='bbox 638 4681 805 4737; x_wconf 78' lang='lat' dir='ltr'><strong>ferias</strong></span> <span class='ocrx_word' id='word_1_663' title='bbox 831 4680 1453 4753; x_wconf 77' lang='lat' dir='ltr'><strong>adjungas,secundam,</strong></span> <span class='ocrx_word' id='word_1_664' title='bbox 1485 4679 1700 4734; x_wconf 89' lang='lat' dir='ltr'><strong>tertiam</strong></span> <span class='ocrx_word' id='word_1_665' title='bbox 1732 4686 1785 4733; x_wconf 90' lang='lat' dir='ltr'><strong>et</strong></span> <span class='ocrx_word' id='word_1_666' title='bbox 1813 4686 2087 4747; x_wconf 85' lang='lat' dir='ltr'><strong>quartam,</strong></span> 
     </span>
    </p>
   </div>
   <div class='ocr_carea' id='block_1_90' title="bbox 507 4769 2085 4843">
    <p class='ocr_par' dir='ltr' id='par_1_90' title="bbox 507 4769 2085 4843">
     <span class='ocr_line' id='line_1_90' title="bbox 507 4769 2085 4843; baseline -0.004 -15"><span class='ocrx_word' id='word_1_667' title='bbox 507 4774 944 4843; x_wconf 77' lang='lat' dir='ltr'><strong>hancprofecto</strong></span> <span class='ocrx_word' id='word_1_668' title='bbox 996 4773 1243 4828; x_wconf 85' lang='lat' dir='ltr'><strong>ultimam</strong></span> <span class='ocrx_word' id='word_1_669' title='bbox 1299 4773 1544 4827; x_wconf 86' lang='lat' dir='ltr'><strong>residere</strong></span> <span class='ocrx_word' id='word_1_670' title='bbox 1594 4770 1973 4840; x_wconf 82' lang='lat' dir='ltr'><strong>deprehendes</strong></span> <span class='ocrx_word' id='word_1_671' title='bbox 2029 4769 2085 4823; x_wconf 89' lang='lat' dir='ltr'><strong>in</strong></span> 
     </span>
    </p>
   </div>
   <div class='ocr_carea' id='block_1_91' title="bbox 503 4863 2085 4938">
    <p class='ocr_par' dir='ltr' id='par_1_91' title="bbox 503 4863 2085 4938">
     <span class='ocr_line' id='line_1_91' title="bbox 503 4863 2085 4938; baseline -0.003 -15"><span class='ocrx_word' id='word_1_672' title='bbox 503 4867 761 4923; x_wconf 78' lang='lat' dir='ltr'><strong>Kalendis</strong></span> <span class='ocrx_word' id='word_1_673' title='bbox 798 4865 1000 4938; x_wconf 84' lang='lat' dir='ltr'><strong>Aprilis</strong></span> <span class='ocrx_word' id='word_1_674' title='bbox 1032 4864 1255 4930; x_wconf 62' lang='lat' dir='ltr'><strong>Iuliani,</strong></span> <span class='ocrx_word' id='word_1_675' title='bbox 1288 4866 1343 4920; x_wconf 86' lang='lat' dir='ltr'><strong>in</strong></span> <span class='ocrx_word' id='word_1_676' title='bbox 1395 4878 1532 4933; x_wconf 79' lang='lat' dir='ltr'><strong>quas</strong></span> <span class='ocrx_word' id='word_1_677' title='bbox 1568 4863 1758 4919; x_wconf 87' lang='lat' dir='ltr'><strong>incidit</strong></span> <span class='ocrx_word' id='word_1_678' title='bbox 1791 4863 2085 4918; x_wconf 86' lang='lat' dir='ltr'><strong>vicesimus</strong></span> 
     </span>
    </p>
   </div>
   <div class='ocr_carea' id='block_1_92' title="bbox 504 4954 2086 5028">
    <p class='ocr_par' dir='ltr' id='par_1_92' title="bbox 504 4954 2086 5028">
     <span class='ocr_line' id='line_1_92' title="bbox 504 4954 2086 5028; baseline -0.005 -13"><span class='ocrx_word' id='word_1_679' title='bbox 504 4961 624 5015; x_wconf 86' lang='lat' dir='ltr'><strong>dies</strong></span> <span class='ocrx_word' id='word_1_680' title='bbox 674 4958 893 5014; x_wconf 86' lang='lat' dir='ltr'><strong>Arabici</strong></span> <span class='ocrx_word' id='word_1_681' title='bbox 955 4956 1291 5013; x_wconf 79' lang='lat' dir='ltr'><strong>Dhul-ilaitc.</strong></span> <span class='ocrx_word' id='word_1_682' title='bbox 1350 4957 1492 5028; x_wconf 73' lang='lat' dir='ltr'><strong>Ergo</strong></span> <span class='ocrx_word' id='word_1_683' title='bbox 1556 4957 1853 5011; x_wconf 84' lang='lat' dir='ltr'><strong>vicesimus</strong></span> <span class='ocrx_word' id='word_1_684' title='bbox 1918 4954 2086 5009; x_wconf 63' lang='grc' dir='ltr'><strong>οδω-</strong></span> 
     </span>
    </p>
   </div>
   <div class='ocr_carea' id='block_1_93' title="bbox 509 5049 2087 5121">
    <p class='ocr_par' dir='ltr' id='par_1_93' title="bbox 509 5049 2087 5121">
     <span class='ocr_line' id='line_1_93' title="bbox 509 5049 2087 5121; baseline -0.004 -12"><span class='ocrx_word' id='word_1_685' title='bbox 509 5050 658 5109; x_wconf 75' lang='lat' dir='ltr'><strong>llaize</strong></span> <span class='ocrx_word' id='word_1_686' title='bbox 707 5066 853 5108; x_wconf 90' lang='lat' dir='ltr'><strong>anno</strong></span> <span class='ocrx_word' id='word_1_687' title='bbox 905 5050 1120 5121; x_wconf 64' lang='lat' dir='ltr'><strong>Hegira:</strong></span> <span class='ocrx_word' id='word_1_688' title='bbox 1168 5049 1280 5108; x_wconf 82' lang='grc'><strong>680</strong></span> <span class='ocrx_word' id='word_1_689' title='bbox 1339 5050 1440 5106; x_wconf 87' lang='lat' dir='ltr'><strong>fuit</strong></span> <span class='ocrx_word' id='word_1_690' title='bbox 1491 5050 1607 5106; x_wconf 89' lang='lat' dir='ltr'><strong>dies</strong></span> <span class='ocrx_word' id='word_1_691' title='bbox 1663 5049 1916 5104; x_wconf 77' lang='lat' dir='ltr'><strong>Mercurii</strong></span> <span class='ocrx_word' id='word_1_692' title='bbox 1973 5049 2087 5103; x_wconf 88' lang='lat' dir='ltr'><strong>sive</strong></span> 
     </span>
    </p>
   </div>
   <div class='ocr_carea' id='block_1_94' title="bbox 506 5140 2087 5218">
    <p class='ocr_par' dir='ltr' id='par_1_94' title="bbox 506 5140 2087 5218">
     <span class='ocr_line' id='line_1_94' title="bbox 506 5140 2087 5218; baseline -0.003 -19"><span class='ocrx_word' id='word_1_693' title='bbox 506 5155 698 5218; x_wconf 87' lang='lat' dir='ltr'><strong>quarta</strong></span> <span class='ocrx_word' id='word_1_694' title='bbox 753 5145 918 5212; x_wconf 87' lang='lat' dir='ltr'><strong>feria;</strong></span> <span class='ocrx_word' id='word_1_695' title='bbox 972 5144 1066 5215; x_wconf 86' lang='lat' dir='ltr'><strong>qui</strong></span> <span class='ocrx_word' id='word_1_696' title='bbox 1142 5155 1263 5199; x_wconf 87' lang='lat' dir='ltr'><strong>erat</strong></span> <span class='ocrx_word' id='word_1_697' title='bbox 1336 5144 1613 5203; x_wconf 83' lang='lat' dir='ltr'><strong>secundus</strong></span> <span class='ocrx_word' id='word_1_698' title='bbox 1662 5140 2087 5211; x_wconf 75' lang='lat' dir='ltr'><strong>cbronologicus</strong></span> 
     </span>
    </p>
   </div>
   <div class='ocr_carea' id='block_1_95' title="bbox 500 5232 2087 5307">
    <p class='ocr_par' dir='ltr' id='par_1_95' title="bbox 500 5232 2087 5307">
     <span class='ocr_line' id='line_1_95' title="bbox 500 5232 2087 5307; baseline -0.006 -11"><span class='ocrx_word' id='word_1_699' title='bbox 500 5243 795 5296; x_wconf 82' lang='lat' dir='ltr'><strong>character</strong></span> <span class='ocrx_word' id='word_1_700' title='bbox 840 5250 1040 5291; x_wconf 84' lang='lat' dir='ltr'><strong>annum</strong></span> <span class='ocrx_word' id='word_1_701' title='bbox 1064 5276 1078 5304; x_wconf 94' lang='lat'><strong>,</strong></span> <span class='ocrx_word' id='word_1_702' title='bbox 1115 5250 1224 5307; x_wconf 88' lang='lat' dir='ltr'><strong>quo</strong></span> <span class='ocrx_word' id='word_1_703' title='bbox 1261 5244 1351 5289; x_wconf 79' lang='lat' dir='ltr'><strong>est</strong></span> <span class='ocrx_word' id='word_1_704' title='bbox 1402 5234 1585 5289; x_wconf 80' lang='lat' dir='ltr'><strong>Abaka</strong></span> <span class='ocrx_word' id='word_1_705' title='bbox 1632 5244 1916 5300; x_wconf 85' lang='lat' dir='ltr'><strong>mortuus,</strong></span> <span class='ocrx_word' id='word_1_706' title='bbox 1948 5232 2087 5287; x_wconf 81' lang='lat' dir='ltr'><strong>insi-</strong></span> 
     </span>
    </p>
   </div>
   <div class='ocr_carea' id='block_1_96' title="bbox 505 5325 2086 5405">
    <p class='ocr_par' dir='ltr' id='par_1_96' title="bbox 505 5325 2086 5405">
     <span class='ocr_line' id='line_1_96' title="bbox 505 5325 2086 5405; baseline -0.006 -18"><span class='ocrx_word' id='word_1_707' title='bbox 505 5334 723 5405; x_wconf 74' lang='lat' dir='ltr'><strong>gnicns.</strong></span> <span class='ocrx_word' id='word_1_708' title='bbox 754 5329 936 5397; x_wconf 81' lang='lat' dir='ltr'><strong>Quare</strong></span> <span class='ocrx_word' id='word_1_709' title='bbox 967 5331 1112 5385; x_wconf 85' lang='lat' dir='ltr'><strong>hunc</strong></span> <span class='ocrx_word' id='word_1_710' title='bbox 1132 5329 1516 5398; x_wconf 82' lang='lat' dir='ltr'><strong>imperatorem</strong></span> <span class='ocrx_word' id='word_1_711' title='bbox 1550 5325 1944 5395; x_wconf 69' lang='lat' dir='ltr'><strong>Moguiensium</strong></span> <span class='ocrx_word' id='word_1_712' title='bbox 1978 5340 2086 5380; x_wconf 90' lang='lat' dir='ltr'><strong>non</strong></span> 
     </span>
    </p>
   </div>
   <div class='ocr_carea' id='block_1_97' title="bbox 505 5418 2085 5496">
    <p class='ocr_par' dir='ltr' id='par_1_97' title="bbox 505 5418 2085 5496">
     <span class='ocr_line' id='line_1_97' title="bbox 505 5418 2085 5496; baseline -0.007 -15"><span class='ocrx_word' id='word_1_713' title='bbox 505 5441 651 5481; x_wconf 88' lang='lat' dir='ltr'><strong>anno</strong></span> <span class='ocrx_word' id='word_1_714' title='bbox 684 5425 895 5496; x_wconf 68' lang='lat' dir='ltr'><strong>llegirm</strong></span> <span class='ocrx_word' id='word_1_715' title='bbox 928 5423 1091 5489; x_wconf 84' lang='grc'>681,</span> <span class='ocrx_word' id='word_1_716' title='bbox 1159 5430 1218 5476; x_wconf 89' lang='lat' dir='ltr'><strong>ut</strong></span> <span class='ocrx_word' id='word_1_717' title='bbox 1263 5432 1547 5491; x_wconf 76' lang='lat' dir='ltr'><strong>perperam</strong></span> <span class='ocrx_word' id='word_1_718' title='bbox 1592 5420 1646 5475; x_wconf 80' lang='lat' dir='ltr'><strong>in</strong></span> <span class='ocrx_word' id='word_1_719' title='bbox 1695 5418 2085 5487; x_wconf 67' lang='lat' dir='ltr'><strong>Abulpharapii</strong></span> 
     </span>
    </p>
   </div>
   <div class='ocr_carea' id='block_1_98' title="bbox 506 5507 2089 5583">
    <p class='ocr_par' dir='ltr' id='par_1_98' title="bbox 506 5507 2089 5583">
     <span class='ocr_line' id='line_1_98' title="bbox 506 5507 2089 5583; baseline -0.008 -9"><span class='ocrx_word' id='word_1_720' title='bbox 506 5518 782 5574; x_wconf 89' lang='lat' dir='ltr'><strong>Chronico</strong></span> <span class='ocrx_word' id='word_1_721' title='bbox 834 5515 1135 5581; x_wconf 84' lang='lat' dir='ltr'><strong>scribitur,</strong></span> <span class='ocrx_word' id='word_1_722' title='bbox 1180 5516 1279 5568; x_wconf 88' lang='lat' dir='ltr'><strong>sed</strong></span> <span class='ocrx_word' id='word_1_723' title='bbox 1327 5511 1656 5583; x_wconf 71' lang='lat' dir='ltr'><strong>pmcedenti</strong></span> <span class='ocrx_word' id='word_1_724' title='bbox 1710 5509 1928 5580; x_wconf 67' lang='lat' dir='ltr'><strong>llegirae</strong></span> <span class='ocrx_word' id='word_1_725' title='bbox 1982 5507 2089 5564; x_wconf 87' lang='grc'>680</span> 
     </span>
    </p>
   </div>
   <div class='ocr_carea' id='block_1_99' title="bbox 502 5608 2084 5682">
    <p class='ocr_par' dir='ltr' id='par_1_99' title="bbox 502 5608 2084 5682">
     <span class='ocr_line' id='line_1_99' title="bbox 502 5608 2084 5682; baseline -0.008 -15"><span class='ocrx_word' id='word_1_726' title='bbox 502 5615 692 5667; x_wconf 80' lang='lat' dir='ltr'><strong>vivere</strong></span> <span class='ocrx_word' id='word_1_727' title='bbox 721 5626 784 5666; x_wconf 87' lang='lat' dir='ltr'><strong>ac</strong></span> <span class='ocrx_word' id='word_1_728' title='bbox 815 5623 1045 5682; x_wconf 77' lang='lat' dir='ltr'><strong>regnare</strong></span> <span class='ocrx_word' id='word_1_729' title='bbox 1073 5608 1301 5664; x_wconf 87' lang='lat' dir='ltr'><strong>desiisse</strong></span> <span class='ocrx_word' id='word_1_730' title='bbox 1328 5608 1623 5663; x_wconf 89' lang='lat' dir='ltr'><strong>tenendum</strong></span> <span class='ocrx_word' id='word_1_731' title='bbox 1664 5620 1765 5675; x_wconf 90' lang='lat' dir='ltr'><strong>pro</strong></span> <span class='ocrx_word' id='word_1_732' title='bbox 1784 5614 1946 5658; x_wconf 86' lang='lat' dir='ltr'><strong>ce-rto</strong></span> <span class='ocrx_word' id='word_1_733' title='bbox 1978 5611 2084 5656; x_wconf 86' lang='lat' dir='ltr'><strong>est.</strong></span> 
     </span>
    </p>
   </div>
   <div class='ocr_carea' id='block_1_100' title="bbox 503 5695 2087 5775">
    <p class='ocr_par' dir='ltr' id='par_1_100' title="bbox 503 5695 2087 5775">
     <span class='ocr_line' id='line_1_100' title="bbox 503 5695 2087 5775; baseline -0.009 -13"><span class='ocrx_word' id='word_1_734' title='bbox 503 5708 661 5762; x_wconf 76' lang='lat' dir='ltr'><strong>vade</strong></span> <span class='ocrx_word' id='word_1_735' title='bbox 694 5720 813 5775; x_wconf 71' lang='lat' dir='ltr'><strong>qum</strong></span> <span class='ocrx_word' id='word_1_736' title='bbox 846 5702 1091 5774; x_wconf 69' lang='lat' dir='ltr'><strong>proxime</strong></span> <span class='ocrx_word' id='word_1_737' title='bbox 1121 5703 1482 5757; x_wconf 83' lang='lat' dir='ltr'><strong>antecessisse</strong></span> <span class='ocrx_word' id='word_1_738' title='bbox 1530 5700 1639 5755; x_wconf 82' lang='lat' dir='ltr'><strong>illic</strong></span> <span class='ocrx_word' id='word_1_739' title='bbox 1686 5700 1942 5752; x_wconf 83' lang='lat' dir='ltr'><strong>dicuntur</strong></span> <span class='ocrx_word' id='word_1_740' title='bbox 1969 5695 2087 5764; x_wconf 85' lang='lat' dir='ltr'><strong>ejus</strong></span> 
     </span>
    </p>
   </div>
   <div class='ocr_carea' id='block_1_101' title="bbox 499 5788 2087 5869">
    <p class='ocr_par' dir='ltr' id='par_1_101' title="bbox 499 5788 2087 5869">
     <span class='ocr_line' id='line_1_101' title="bbox 499 5788 2087 5869; baseline -0.009 -14"><span class='ocrx_word' id='word_1_741' title='bbox 499 5801 714 5855; x_wconf 84' lang='lat' dir='ltr'><strong>obitum</strong></span> <span class='ocrx_word' id='word_1_742' title='bbox 747 5797 1119 5869; x_wconf 69' lang='lat' dir='ltr'><strong>expeditiones</strong></span> <span class='ocrx_word' id='word_1_743' title='bbox 1171 5794 1569 5869; x_wconf 69' lang='lat' dir='ltr'><strong>Mogulensium</strong></span> <span class='ocrx_word' id='word_1_744' title='bbox 1602 5794 1654 5849; x_wconf 92' lang='lat' dir='ltr'><strong>in</strong></span> <span class='ocrx_word' id='word_1_745' title='bbox 1690 5789 1905 5860; x_wconf 85' lang='lat' dir='ltr'><strong>Syriam</strong></span> <span class='ocrx_word' id='word_1_746' title='bbox 1940 5788 2087 5856; x_wconf 65' lang='lat' dir='ltr'><strong>illuc,</strong></span> 
     </span>
    </p>
   </div>
   <div class='ocr_carea' id='block_1_102' title="bbox 2191 4583 3723 4656">
    <p class='ocr_par' dir='ltr' id='par_1_102' title="bbox 2191 4583 3723 4656">
     <span class='ocr_line' id='line_1_102' title="bbox 2191 4583 3723 4656; baseline 0.001 -19"><span class='ocrx_word' id='word_1_747' title='bbox 2191 4586 2404 4641; x_wconf 72' lang='lat' dir='ltr'><strong>decimo</strong></span> <span class='ocrx_word' id='word_1_748' title='bbox 2443 4585 2530 4641; x_wconf 90' lang='lat' dir='ltr'><strong>die</strong></span> <span class='ocrx_word' id='word_1_749' title='bbox 2559 4583 2774 4640; x_wconf 75' lang='lat' dir='ltr'><strong>Jomadi</strong></span> <span class='ocrx_word' id='word_1_750' title='bbox 2812 4587 3013 4656; x_wconf 84' lang='lat' dir='ltr'><strong>prioris</strong></span> <span class='ocrx_word' id='word_1_751' title='bbox 3057 4589 3395 4646; x_wconf 81' lang='lat' dir='ltr'><strong>coincitlens.</strong></span> <span class='ocrx_word' id='word_1_752' title='bbox 3424 4587 3539 4645; x_wconf 81' lang='lat' dir='ltr'><strong>Jam</strong></span> <span class='ocrx_word' id='word_1_753' title='bbox 3583 4596 3723 4642; x_wconf 78' lang='lat' dir='ltr'><strong>tum:</strong></span> 
     </span>
    </p>
   </div>
   <div class='ocr_carea' id='block_1_103' title="bbox 2190 4676 3724 4750">
    <p class='ocr_par' dir='ltr' id='par_1_103' title="bbox 2190 4676 3724 4750">
     <span class='ocr_line' id='line_1_103' title="bbox 2190 4676 3724 4750; baseline -0.001 -19"><span class='ocrx_word' id='word_1_754' title='bbox 2190 4676 2377 4732; x_wconf 85' lang='lat' dir='ltr'><strong>clauso</strong></span> <span class='ocrx_word' id='word_1_755' title='bbox 2404 4679 2461 4731; x_wconf 84' lang='lat' dir='ltr'><strong>in</strong></span> <span class='ocrx_word' id='word_1_756' title='bbox 2488 4692 2713 4732; x_wconf 88' lang='lat' dir='ltr'><strong>carcere</strong></span> <span class='ocrx_word' id='word_1_757' title='bbox 2747 4676 2991 4732; x_wconf 83' lang='lat' dir='ltr'><strong>Ahmede</strong></span> <span class='ocrx_word' id='word_1_758' title='bbox 3016 4681 3189 4749; x_wconf 75' lang='lat' dir='ltr'><strong>C(Bpit.</strong></span> <span class='ocrx_word' id='word_1_759' title='bbox 3208 4680 3592 4750; x_wconf 69' lang='lat' dir='ltr'><strong>Mogulensium</strong></span> <span class='ocrx_word' id='word_1_760' title='bbox 3617 4691 3724 4731; x_wconf 82' lang='lat' dir='ltr'><strong>coa-</strong></span> 
     </span>
    </p>
   </div>
   <div class='ocr_carea' id='block_1_104' title="bbox 2160 4764 3721 4840">
    <p class='ocr_par' dir='ltr' id='par_1_104' title="bbox 2160 4764 3721 4840">
     <span class='ocr_line' id='line_1_104' title="bbox 2160 4764 3721 4840; baseline -0.001 -15"><span class='ocrx_word' id='word_1_761' title='bbox 2160 4783 2354 4825; x_wconf 31' lang='lat' dir='ltr'><strong>‘sensu</strong></span> <span class='ocrx_word' id='word_1_762' title='bbox 2426 4770 2700 4839; x_wconf 84' lang='lat' dir='ltr'><strong>imperare</strong></span> <span class='ocrx_word' id='word_1_763' title='bbox 2751 4773 2933 4840; x_wconf 79' lang='lat' dir='ltr'><strong>Argun</strong></span> <span class='ocrx_word' id='word_1_764' title='bbox 2976 4771 3135 4827; x_wconf 90' lang='lat' dir='ltr'><strong>titulo</strong></span> <span class='ocrx_word' id='word_1_765' title='bbox 3184 4772 3390 4828; x_wconf 88' lang='lat' dir='ltr'><strong>Chanis</strong></span> <span class='ocrx_word' id='word_1_766' title='bbox 3444 4764 3721 4840; x_wconf 77' lang='lat' dir='ltr'><strong>assumpto;</strong></span> 
     </span>
    </p>
   </div>
   <div class='ocr_carea' id='block_1_105' title="bbox 2190 4860 3725 4932">
    <p class='ocr_par' dir='ltr' id='par_1_105' title="bbox 2190 4860 3725 4932">
     <span class='ocr_line' id='line_1_105' title="bbox 2190 4860 3725 4932; baseline -0.004 -16"><span class='ocrx_word' id='word_1_767' title='bbox 2190 4878 2316 4916; x_wconf 88' lang='lat' dir='ltr'><strong>nam</strong></span> <span class='ocrx_word' id='word_1_768' title='bbox 2377 4861 2640 4932; x_wconf 83' lang='lat' dir='ltr'><strong>deinceps</strong></span> <span class='ocrx_word' id='word_1_769' title='bbox 2695 4861 3063 4932; x_wconf 71' lang='lat' dir='ltr'><strong>Argue-Clum</strong></span> <span class='ocrx_word' id='word_1_770' title='bbox 3125 4873 3213 4919; x_wconf 87' lang='lat' dir='ltr'><strong>est</strong></span> <span class='ocrx_word' id='word_1_771' title='bbox 3260 4864 3458 4920; x_wconf 88' lang='lat' dir='ltr'><strong>dictus.</strong></span> <span class='ocrx_word' id='word_1_772' title='bbox 3517 4860 3725 4918; x_wconf 75' lang='lat' dir='ltr'><strong>Meminit</strong></span> 
     </span>
    </p>
   </div>
   <div class='ocr_carea' id='block_1_106' title="bbox 2192 4951 3722 5026">
    <p class='ocr_par' dir='ltr' id='par_1_106' title="bbox 2192 4951 3722 5026">
     <span class='ocr_line' id='line_1_106' title="bbox 2192 4951 3722 5026; baseline -0.003 -18"><span class='ocrx_word' id='word_1_773' title='bbox 2192 4953 2353 5021; x_wconf 85' lang='lat' dir='ltr'><strong>hujus</strong></span> <span class='ocrx_word' id='word_1_774' title='bbox 2388 4951 2761 5023; x_wconf 80' lang='lat' dir='ltr'><strong>Pachymeres</strong></span> <span class='ocrx_word' id='word_1_775' title='bbox 2796 4969 2849 5023; x_wconf 89' lang='lat' dir='ltr'><strong>p.</strong></span> <span class='ocrx_word' id='word_1_776' title='bbox 2897 4955 3003 5009; x_wconf 73' lang='lat'><strong>39.7</strong></span> <span class='ocrx_word' id='word_1_777' title='bbox 3046 4958 3300 5026; x_wconf 74' lang='lat' dir='ltr'><strong>Argauen</strong></span> <span class='ocrx_word' id='word_1_778' title='bbox 3336 4956 3509 5011; x_wconf 77' lang='lat' dir='ltr'><strong>Kaniu</strong></span> <span class='ocrx_word' id='word_1_779' title='bbox 3541 4967 3722 5010; x_wconf 78' lang='lat' dir='ltr'><strong>vocans.</strong></span> 
     </span>
    </p>
   </div>
   <div class='ocr_carea' id='block_1_107' title="bbox 2190 5045 3724 5116">
    <p class='ocr_par' dir='ltr' id='par_1_107' title="bbox 2190 5045 3724 5116">
     <span class='ocr_line' id='line_1_107' title="bbox 2190 5045 3724 5116; baseline -0.002 -17"><span class='ocrx_word' id='word_1_780' title='bbox 2190 5046 2537 5099; x_wconf 77' lang='lat' dir='ltr'><strong>Censuerunt</strong></span> <span class='ocrx_word' id='word_1_781' title='bbox 2594 5058 2777 5100; x_wconf 84' lang='lat' dir='ltr'><strong>autem</strong></span> <span class='ocrx_word' id='word_1_782' title='bbox 2820 5048 3097 5116; x_wconf 86' lang='lat' dir='ltr'><strong>principes</strong></span> <span class='ocrx_word' id='word_1_783' title='bbox 3136 5050 3458 5114; x_wconf 85' lang='lat' dir='ltr'><strong>Abmedem,</strong></span> <span class='ocrx_word' id='word_1_784' title='bbox 3508 5055 3562 5100; x_wconf 87' lang='lat' dir='ltr'><strong>ut</strong></span> <span class='ocrx_word' id='word_1_785' title='bbox 3593 5045 3724 5099; x_wconf 69' lang='lat' dir='ltr'><strong>cadis</strong></span> 
     </span>
    </p>
   </div>
   <div class='ocr_carea' id='block_1_108' title="bbox 2188 5137 3724 5209">
    <p class='ocr_par' dir='ltr' id='par_1_108' title="bbox 2188 5137 3724 5209">
     <span class='ocr_line' id='line_1_108' title="bbox 2188 5137 3724 5209; baseline 0 -18"><span class='ocrx_word' id='word_1_786' title='bbox 2188 5137 2662 5193; x_wconf 60' lang='lat' dir='ltr'><strong>Abachaa-Chanis</strong></span> <span class='ocrx_word' id='word_1_787' title='bbox 2698 5154 2874 5204; x_wconf 84' lang='lat' dir='ltr'><strong>reum,</strong></span> <span class='ocrx_word' id='word_1_788' title='bbox 2922 5140 3046 5207; x_wconf 82' lang='lat' dir='ltr'><strong>jure</strong></span> <span class='ocrx_word' id='word_1_789' title='bbox 3095 5154 3259 5209; x_wconf 85' lang='lat' dir='ltr'><strong>posse</strong></span> <span class='ocrx_word' id='word_1_790' title='bbox 3306 5141 3560 5207; x_wconf 81' lang='lat' dir='ltr'><strong>interﬁci;</strong></span> <span class='ocrx_word' id='word_1_791' title='bbox 3596 5138 3724 5207; x_wconf 70' lang='lat' dir='ltr'><strong>idque</strong></span> 
     </span>
    </p>
   </div>
   <div class='ocr_carea' id='block_1_109' title="bbox 2188 5232 3722 5306">
    <p class='ocr_par' dir='ltr' id='par_1_109' title="bbox 2188 5232 3722 5306">
     <span class='ocr_line' id='line_1_109' title="bbox 2188 5232 3722 5306; baseline 0.003 -18"><span class='ocrx_word' id='word_1_792' title='bbox 2188 5242 2443 5289; x_wconf 84' lang='lat' dir='ltr'><strong>auctores</strong></span> <span class='ocrx_word' id='word_1_793' title='bbox 2476 5232 2580 5306; x_wconf 84' lang='lat' dir='ltr'><strong>ipsi</strong></span> <span class='ocrx_word' id='word_1_794' title='bbox 2627 5233 2855 5300; x_wconf 84' lang='lat' dir='ltr'><strong>juheudi</strong></span> <span class='ocrx_word' id='word_1_795' title='bbox 2888 5246 3072 5292; x_wconf 88' lang='lat' dir='ltr'><strong>erant.</strong></span> <span class='ocrx_word' id='word_1_796' title='bbox 3115 5237 3312 5293; x_wconf 81' lang='lat' dir='ltr'><strong>Verum</strong></span> <span class='ocrx_word' id='word_1_797' title='bbox 3362 5236 3447 5294; x_wconf 65' lang='lat' dir='ltr'><strong>ille</strong></span> <span class='ocrx_word' id='word_1_798' title='bbox 3477 5232 3722 5293; x_wconf 72' lang='lat' dir='ltr'><strong>recusavit.</strong></span> 
     </span>
    </p>
   </div>
   <div class='ocr_carea' id='block_1_110' title="bbox 2190 5324 3724 5399">
    <p class='ocr_par' dir='ltr' id='par_1_110' title="bbox 2190 5324 3724 5399">
     <span class='ocr_line' id='line_1_110' title="bbox 2190 5324 3724 5399; baseline -0.001 -20"><span class='ocrx_word' id='word_1_799' title='bbox 2190 5324 2322 5379; x_wconf 87' lang='lat' dir='ltr'><strong>satis</strong></span> <span class='ocrx_word' id='word_1_800' title='bbox 2362 5325 2568 5380; x_wconf 86' lang='lat' dir='ltr'><strong>habens</strong></span> <span class='ocrx_word' id='word_1_801' title='bbox 2616 5324 2919 5381; x_wconf 81' lang='lat' dir='ltr'><strong>Alimedem</strong></span> <span class='ocrx_word' id='word_1_802' title='bbox 2952 5326 3141 5396; x_wconf 66' lang='lat' dir='ltr'><strong>gmatri</strong></span> <span class='ocrx_word' id='word_1_803' title='bbox 3187 5328 3484 5399; x_wconf 63' lang='grc' dir='ltr'><strong>Καυκωιεί</strong></span> <span class='ocrx_word' id='word_1_804' title='bbox 3515 5337 3565 5382; x_wconf 91' lang='lat' dir='ltr'><strong>et</strong></span> <span class='ocrx_word' id='word_1_805' title='bbox 3593 5324 3724 5391; x_wconf 72' lang='lat' dir='ltr'><strong>hujus</strong></span> 
     </span>
    </p>
   </div>
   <div class='ocr_carea' id='block_1_111' title="bbox 2191 5415 3724 5488">
    <p class='ocr_par' dir='ltr' id='par_1_111' title="bbox 2191 5415 3724 5488">
     <span class='ocr_line' id='line_1_111' title="bbox 2191 5415 3724 5488; baseline 0 -17"><span class='ocrx_word' id='word_1_806' title='bbox 2191 5416 2321 5471; x_wconf 82' lang='lat' dir='ltr'><strong>filiis</strong></span> <span class='ocrx_word' id='word_1_807' title='bbox 2350 5415 2573 5483; x_wconf 81' lang='lat' dir='ltr'><strong>dedere,</strong></span> <span class='ocrx_word' id='word_1_808' title='bbox 2625 5418 2716 5488; x_wconf 91' lang='lat' dir='ltr'><strong>qui</strong></span> <span class='ocrx_word' id='word_1_809' title='bbox 2752 5433 2877 5472; x_wconf 88' lang='lat' dir='ltr'><strong>eum</strong></span> <span class='ocrx_word' id='word_1_810' title='bbox 2914 5420 3237 5476; x_wconf 84' lang='lat' dir='ltr'><strong>occiderunt</strong></span> <span class='ocrx_word' id='word_1_811' title='bbox 3282 5422 3335 5475; x_wconf 89' lang='lat' dir='ltr'><strong>in</strong></span> <span class='ocrx_word' id='word_1_812' title='bbox 3370 5420 3616 5475; x_wconf 86' lang='lat' dir='ltr'><strong>ultionem</strong></span> <span class='ocrx_word' id='word_1_813' title='bbox 3644 5428 3724 5485; x_wconf 80' lang='lat' dir='ltr'><strong>pl-</strong></span> 
     </span>
    </p>
   </div>
   <div class='ocr_carea' id='block_1_112' title="bbox 2193 5507 3720 5588">
    <p class='ocr_par' dir='ltr' id='par_1_112' title="bbox 2193 5507 3720 5588">
     <span class='ocr_line' id='line_1_112' title="bbox 2193 5507 3720 5588; baseline -0.003 -23"><span class='ocrx_word' id='word_1_814' title='bbox 2193 5521 2361 5565; x_wconf 76' lang='lat' dir='ltr'><strong>tertne</strong></span> <span class='ocrx_word' id='word_1_815' title='bbox 2390 5511 2558 5566; x_wconf 61' lang='lat' dir='ltr'><strong>caedis</strong></span> <span class='ocrx_word' id='word_1_816' title='bbox 2585 5510 2673 5565; x_wconf 90' lang='lat' dir='ltr'><strong>die</strong></span> <span class='ocrx_word' id='word_1_817' title='bbox 2698 5510 2734 5564; x_wconf 89' lang='grc'><strong>2</strong></span> <span class='ocrx_word' id='word_1_818' title='bbox 2772 5509 2988 5567; x_wconf 78' lang='lat' dir='ltr'><strong>Joutadi</strong></span> <span class='ocrx_word' id='word_1_819' title='bbox 3030 5514 3516 5588; x_wconf 51' lang='lat' dir='ltr'><strong>posterioriquuae</strong></span> <span class='ocrx_word' id='word_1_820' title='bbox 3543 5512 3644 5564; x_wconf 87' lang='lat' dir='ltr'><strong>dies</strong></span> <span class='ocrx_word' id='word_1_821' title='bbox 3676 5507 3720 5561; x_wconf 86' lang='lat' dir='ltr'><strong>in</strong></span> 
     </span>
    </p>
   </div>
   <div class='ocr_carea' id='block_1_113' title="bbox 2189 5600 3723 5674">
    <p class='ocr_par' dir='ltr' id='par_1_113' title="bbox 2189 5600 3723 5674">
     <span class='ocr_line' id='line_1_113' title="bbox 2189 5600 3723 5674; baseline -0.003 -17"><span class='ocrx_word' id='word_1_822' title='bbox 2189 5602 2380 5658; x_wconf 12' lang='lat' dir='ltr'><strong>fit-riam</strong></span> <span class='ocrx_word' id='word_1_823' title='bbox 2410 5602 2543 5657; x_wconf 90' lang='lat' dir='ltr'><strong>item</strong></span> <span class='ocrx_word' id='word_1_824' title='bbox 2575 5612 2826 5672; x_wconf 87' lang='lat' dir='ltr'><strong>quartam</strong></span> <span class='ocrx_word' id='word_1_825' title='bbox 2860 5605 3075 5670; x_wconf 76' lang='lat' dir='ltr'><strong>incidit,</strong></span> <span class='ocrx_word' id='word_1_826' title='bbox 3114 5614 3169 5659; x_wconf 91' lang='lat' dir='ltr'><strong>ut</strong></span> <span class='ocrx_word' id='word_1_827' title='bbox 3204 5606 3281 5660; x_wconf 79' lang='lat' dir='ltr'><strong>ait</strong></span> <span class='ocrx_word' id='word_1_828' title='bbox 3329 5600 3723 5674; x_wconf 73' lang='lat' dir='ltr'><strong>Abalpharagins</strong></span> 
     </span>
    </p>
   </div>
   <div class='ocr_carea' id='block_1_114' title="bbox 2189 5692 3718 5771">
    <p class='ocr_par' dir='ltr' id='par_1_114' title="bbox 2189 5692 3718 5771">
     <span class='ocr_line' id='line_1_114' title="bbox 2189 5692 3718 5771; baseline 0 -21"><span class='ocrx_word' id='word_1_829' title='bbox 2189 5704 2243 5750; x_wconf 82' lang='lat' dir='ltr'><strong>et</strong></span> <span class='ocrx_word' id='word_1_830' title='bbox 2274 5710 2461 5751; x_wconf 85' lang='lat' dir='ltr'><strong>verum</strong></span> <span class='ocrx_word' id='word_1_831' title='bbox 2516 5697 2795 5764; x_wconf 85' lang='lat' dir='ltr'><strong>cernitur,</strong></span> <span class='ocrx_word' id='word_1_832' title='bbox 2831 5696 3101 5766; x_wconf 87' lang='lat' dir='ltr'><strong>siquidem</strong></span> <span class='ocrx_word' id='word_1_833' title='bbox 3157 5698 3369 5755; x_wconf 73' lang='lat' dir='ltr'><strong>domadi</strong></span> <span class='ocrx_word' id='word_1_834' title='bbox 3422 5692 3718 5771; x_wconf 79' lang='lat' dir='ltr'><strong>posterioris.</strong></span> 
     </span>
    </p>
   </div>
   <div class='ocr_carea' id='block_1_115' title="bbox 2189 5789 3722 5859">
    <p class='ocr_par' dir='ltr' id='par_1_115' title="bbox 2189 5789 3722 5859">
     <span class='ocr_line' id='line_1_115' title="bbox 2189 5789 3722 5859; baseline -0.003 -11"><span class='ocrx_word' id='word_1_835' title='bbox 2189 5792 2328 5848; x_wconf 68' lang='lat' dir='ltr'><strong>sexti</strong></span> <span class='ocrx_word' id='word_1_836' title='bbox 2361 5791 2563 5849; x_wconf 84' lang='lat' dir='ltr'><strong>mensis</strong></span> <span class='ocrx_word' id='word_1_837' title='bbox 2605 5790 2869 5859; x_wconf 81' lang='lat' dir='ltr'><strong>Arabum.</strong></span> <span class='ocrx_word' id='word_1_838' title='bbox 2922 5794 3042 5852; x_wconf 83' lang='lat' dir='ltr'><strong>dies</strong></span> <span class='ocrx_word' id='word_1_839' title='bbox 3078 5794 3358 5851; x_wconf 81' lang='lat' dir='ltr'><strong>secundus</strong></span> <span class='ocrx_word' id='word_1_840' title='bbox 3391 5792 3443 5848; x_wconf 88' lang='lat' dir='ltr'><strong>in</strong></span> <span class='ocrx_word' id='word_1_841' title='bbox 3492 5789 3621 5847; x_wconf 86' lang='lat' dir='ltr'><strong>diem</strong></span> <span class='ocrx_word' id='word_1_842' title='bbox 3668 5799 3722 5839; x_wconf 73' lang='lat' dir='ltr'><strong>eo</strong></span> 
     </span>
    </p>
   </div>
  </div>
