3880 6566
215 346 271 368 -ις

186 371 266 407 "tl

1445 320 1899 389 CHRONOLOG
1915 322 2083 382 [CUS

3291 309 3395 372 878

186 469 303 508 anno
341 450 532 507 (ἶὶιι-ἱειί
583 447 713 503 1Ξ84
746 446 886 500 cedit
934 451 1146 500 sextum
1203 441 1471 496 decimum
1519 438 1718 492 n'tensis
1748 439 1791 494 Α
1822 435 2071 503 primum,
2113 431 2302 485 deinde
2340 429 2522 483 fratris
2567 428 2802 485 Cazauis
2840 426 3164 480 auctoritate
3201 439 3394 494 regen—

185 546 402 613 Augusti,
427 542 515 596 cui
549 541 650 596 diei
690 540 755 593 ad
807 538 1101 604 marginem
1133 536 1342 603 adjacct
1385 535 1437 587 in
1477 534 1718 586 Romano

185 636 474 691 linit-odario
515 634 697 686 littera
746 631 808 694 Ι),
841 639 963 684 nota
1003 640 1210 698 quarta!
1265 627 1448 692 feriae,
1480 626 1717 693 quando,

185 740 228 781 ut
263 739 402 789 tunc,
430 729 612 779 littera
652 725 800 778 feriae
841 723 1031 792 prima:
1081 725 1194 776 sive
1227 718 1526 774 Dominicte
1559 717 1724 770 iudex

181 833 244 874 est
279 823 334 872 Δ.
388 818 482 872 Hic
527 819 722 871 desiuit
780 816 1088 870 Chronicon
1150 806 1580 880 Ahulpltaragii‘;
1631 808 1719 862 cui

180 915 379 966 Latinus
433 913 703 979 interpres
752 910 1058 978 perutiliter
1116 907 1554 974 supplementum
1594 911 1724 954 atte-

182 1007 280 1058 xuit
309 1021 365 1056 rx
405 1001 788 1067 Al-Jannabio,
837 1000 1140 1061 Abulfeda,
1204 999 1315 1051 Ebn
1370 996 1626 1064 Yuscpho
1671 999 1723 1044 ct

183 1098 284 1148 aliis
316 1094 656 1159 chronologis
705 1091 975 1144 Arabibus
1031 1103 1384 1157 expressum,
1451 1083 1590 1137 unde
1640 1083 1725 1136 hic

183 1188 474 1257 Megalensis
511 1186 723 1251 imperii
790 1195 1030 1237 extrema
1076 1193 1337 1249 tempora,
1371 1187 1628 1248 quantum
1659 1177 1724 1229 ad

185 1297 282 1334 rem
303 1289 530 1332 nostram
574 1278 839 1342 conferet,
888 1277 1192 1329 reddemus.

262 1456 314 1509 P.
346 1455 472 1526 595]
523 1453 666 1508 XVI.
719 1452 1088 1521 Argun-Clran
1142 1466 1282 1504 anno
1314 1449 1444 1518 llcg.
1483 1447 1607 1510 690,
1639 1446 1726 1512 qui

179 1567 204 1605 a
235 1553 307 1604 die
338 1550 368 1602 4
403 1549 645 1602 Januarii
698 1549 822 1601 anni
878 1547 1078 1600 Christi
1135 1544 1260 1598 l29l
1300 1544 1455 1596 duxit
1492 1541 1728 1600 initium,

177 1647 316 1698 finem
355 1642 653 1710 imperandi
719 1651 773 1694 et
826 1640 1039 1692 vivendi
1099 1639 1252 1699 fecit,
1290 1650 1515 1693 veneno,
1560 1645 1615 1684 ut
1648 1641 1731 1686 est

179 1737 440 1800 creditum,
481 1735 733 1789 sublatus
774 1748 802 1786 a
835 1733 1057 1795 Iudaeis,
1095 1743 1281 1784 mense
1309 1729 1479 1781 Rabia
1512 1728 1726 1803 priori:

181 1832 254 1882 hic
283 1829 466 1882 tertius
515 1836 599 1880 est
651 1827 702 1879 in
746 1841 890 1878 anno
925 1823 1180 1885 Arabico,
1207 1831 1260 1874 et
1283 1830 1409 1873 tunc
1443 1819 1636 1885 majori
1668 1833 1728 1871 ex

180 1931 312 1989 parte
365 1919 565 1973 Martio
642 1916 860 1971 .luliano
917 1915 1218 1982 respondit.
1275 1912 1412 1965 Huic
1472 1911 1738 1973 successit

179 2013 374 2066 Caicth
401 2011 511 2076 vel,
544 2018 603 2063 ut
652 2009 744 2062 alii
779 2007 1051 2071 scribunt,
1079 2002 1339 2066 Ganiatu,
1367 2003 1453 2056 cui
1482 2000 1737 2055 ‘commu-

177 2110 250 2160 nis
285 2122 396 2159 cum
425 2103 834 2174 Argun-Chane
866 2111 1024 2170 pater
1060 2099 1161 2153 fuit
1201 2089 1407 2150 Abaka'.
1446 2095 1598 2149 llnuc
1626 2109 1741 2148 mo-

180 2215 278 2250 rum
317 2193 822 2265 improhitate‘suis
847 2205 1072 2244 exosum
1105 2189 1308 2243 factum
1347 2185 1735 2254 Mogulensium

177 2291 395 2360 plerique
441 2291 586 2342 facta
629 2285 1027 2354 coniuratione,
1079 2282 1233 2350 cuius
1275 2280 1381 2332 dux
1435 2279 1534 2331 fuit
1565 2277 1738 2331 Baidu

179 2385 307 2437 titius
366 2381 588 2451 Targihi
645 2379 830 2432 fratris
880 2375 1102 2439 Ahakm,
1150 2373 1448 2443 fugientem
1504 2370 1738 2425 assecuti

179 2475 521 2535 trucidarunt,
556 2483 700 2524 anno
731 2468 944 2537 Hegira:
975 2465 1099 2530 694,
1149 2465 1302 2530 cujus
1331 2465 1590 2517 Kalendae
1624 2461 1738 2514 .‘llu-

180 2563 400 2619 ltarrami
437 2563 586 2615 diem
627 2565 971 2628 occuparunt
1025 2557 1088 2610 21
1143 2555 1466 2610 Novembris
1509 2555 1563 2606 in
1599 2565 1740 2605 anno

177 2657 353 2709 Christi
410 2654 593 2719 [294;
650 2652 793 2705 unde
839 2650 1040 2704 mensis
1097 2649 1268 2702 Italiia
1301 2649 1590 2716 posterior,
1631 2661 1738 2713 quo

179 2749 373 2801 (Taichtu
404 2747 616 2799 dicitur
644 2744 889 2807 occisus,
923 2751 1225 2797 extremam
1263 2739 1464 2794 Juliani
1491 2738 1736 2793 Fcbrua-
1779 2755 1786 2808 ρ

1822 527 1905 579 dis
1936 532 2255 594 praisentcm
2297 523 2614 592 impendens
2659 535 2905 590 operam.
2937 517 3108 587 Cujus
3155 525 3264 570 tam
3299 532 3426 583 po-v

1820 618 1986 671 tentis
2015 617 2179 671 vicini
2213 616 2553 671 Andronicus
2592 615 2905 684 imperator,
2942 613 3115 680 patris
3156 609 3397 662 Michae-

1821 712 1890 765 lis
1921 712 2245 774 imitatione,
2281 711 2511 778 gratiam
2545 709 2647 763 sibi
2701 708 2919 761 firmare
2965 706 3228 759 affinitate
3289 715 3402 756 stn-

1822 805 1959 867 duit,
1999 803 2161 857 liliam
2205 805 2252 856 ci
2287 802 2512 855 Mariam
2559 801 2759 854 volenti
2793 798 3205 868 tbspondendo,
3255 796 3400 865 quod

1827 905 2009 948 narrat
2042 904 2228 948 noster
2273 909 2322 947 c.
2379 894 2469 958 27,
2525 894 2562 948 Ι.
2628 909 2710 948 ιιι.
2753 891 2876 944 Hzrc
2921 891 3074 960 longa
3113 889 3401 942 Tuctainis

1826 988 1961 1041 bella
1999 988 2257 1041 videntur
2289 989 2530 1041 tenuisse
2566 986 2632 1040 ab
2665 1001 2807 1039 anno
2840 986 3058 1039 circiter
3084 982 3216 1037 Chr.
3262 979 3401 1035 1290

1825 1083 1889 1135 ad
1935 1081 2090 1138 1296.
3161 1076 3176 1092 ⁸

1897 1263 2060 1317 Χιίι.
2111 1264 2338 1318 Sublato
2372 1281 2400 1318 e
2435 1265 2611 1318 medio
2658 1264 2911 1328 Caichtu,
2947 1277 3267 1318 successore
3297 1264 3399 1317 Ar-

1823 1357 2194 1424 gon-Chattis,
2251 1357 2438 1419 Baidn,
2476 1357 2564 1425 qui
2613 1371 2732 1408 eum
2782 1365 3154 1425 oppresserat,
3194 1356 3245 1409 in
3282 1356 3402 1422 cius

1826 1460 1888 1498 se
1932 1448 2123 1500 solium
2163 1447 2402 1500 intrusit.
2446 1449 2548 1501 Sed
2572 1449 2620 1501 ei
2653 1448 2860 1501 obstitit
2892 1449 3156 1513 CazaneC,
3188 1449 3405 1515 Argon-

1828 1539 2030 1591 Chanis
2067 1539 2322 1604 filiorum,
2355 1551 2412 1592 ut
2443 1542 2674 1606 videtur,
2711 1550 2836 1593 natu
2873 1541 3163 1603 maximus,
3204 1541 3404 1592 avitum

1833 1639 2225 1699 paternumque
2255 1631 2541 1699 imperium
2579 1632 2681 1685 sibi
2709 1633 2876 1685 armis
2911 1631 3212 1684 vindicans.
3248 1629 3408 1683 Com-

1840 1721 2005 1774 misso
2039 1723 2218 1788 itaque
2265 1721 2408 1786 inter
2444 1725 2591 1790 regni
2638 1723 2957 1776 candidatos
3003 1723 3208 1791 prtt‘liu,
3241 1722 3408 1776 Baidu

1838 1812 2144 1882 proditione
2173 1827 2391 1866 suorum
2427 1815 2601 1868 victus
2632 1824 2684 1867 et
2718 1815 2928 1867 occisus
2958 1814 3184 1868 liberum
3214 1814 3410 1867 :rtunlo

1839 1906 2039 1960 Cazani
2082 1908 2299 1976 reliquit
2332 1909 2643 1977 imperium,
2672 1921 2957 1979 postquam
2995 1911 3120 1963 illud
3156 1924 3256 1978 per
3287 1918 3412 1963 octo

1841 2000 2062 2053 circiter
2105 2015 2318 2054 menses
2385 2004 2691 2070 occupavit.
2757 2003 2997 2070 Contigit
3047 2018 3192 2056 mors
3242 2002 3410 2055 Βιίειιι

1837 2105 2028 2144 mense
2065 2091 2365 2144 Dhul-llaia
2405 2093 2645 2161 ejusdem
2679 2093 2804 2146 anni
2841 2094 2974 2162 Heg.
3011 2094 3148 2162 5694,
3190 2094 3296 2148 hoc
3331 2103 3416 2146 est

1842 2179 1987 2231 circa
2039 2180 2200 2232 ﬁnem
2235 2181 2487 2237 Octobris
2535 2191 2624 2236 aut
2656 2183 2866 2237 initium
2921 2185 3240 2238 Novembris
3288 2185 3414 2236 anni

1842 2270 1972 2326 Chr.
2009 2271 2166 2326 19.96.
2202 2272 2336 2326 llinc
2366 2277 2613 2343 procedit
2646 2276 2934 2346 imperium
2968 2277 3220 2338 Cazanis,
3259 2276 3418 2345 cujus

1843 2362 1996 2416 dotes
2046 2363 2356 2430 praeclaras,
2392 2367 2634 2421 instituta
2663 2368 2977 2431 laudabilia,
3011 2379 3130 2423 acta
3184 2369 3416 2423 illustria

1843 2457 2011 2512 cﬂ'use
2062 2460 2286 2515 laudans
2334 2472 2598 2516 memorat
2650 2462 3032 2534 Paehytneres,
3069 2481 3116 2518 c.
3161 2465 3212 2526 l,
3267 2465 3298 2520 Ι.
3344 2481 3416 2520 vt.

1844 2550 1951 2604 lies
1981 2562 2141 2618 gestae
2167 2557 2247 2608 sic
2273 2560 2582 2611 summatim
2624 2561 3066 2628 perstringuntur
3098 2559 3148 2612 in
3189 2558 3418 2628 Supple-

1807 2650 2026 2696 omento
2055 2643 2313 2700 Chronici
2347 2647 2760 2717 Abulpharagii.
2797 2651 2953 2703 Anno
2989 2648 3122 2718 lleg.
3159 2650 3286 2713 697,
3325 2650 3418 2718 qui

1840 2737 2010 2804 coepit
2054 2752 2082 2790 a
2123 2739 2211 2791 die
2264 2740 2328 2794 l9
2381 2738 2636 2794 Octobris
2673 2741 2798 2794 anni
2849 2743 2982 2796 Chr.
3010 2742 3177 2804 T297,
3233 2740 3420 2794 occiso

181 2839 307 2893 riiet
337 2839 578 2906 priorem
619 2835 796 2889 Martii
830 2845 1043 2902 partem
1078 2834 1282 2886 insedit
1323 2833 1376 2886 in
1404 2847 1548 2886 anno
1579 2832 1737 2884 Chri-
1843 2826 2071 2891 Ntruzo,
2119 2829 2278 2898 cuius
2326 2831 2632 2900 proditione
2672 2833 2837 2886 Baidu
2882 2833 3057 2887 fuerat
3096 2848 3418 2902 oppressus,

177 2933 235 2984 sti
266 2930 424 2986 1Ξ95.
483 2930 619 2983 Puto
676 2936 919 2980 extremo
953 2925 1379 2992 iArgun-Chanis
1429 2925 1732 2992 principatu
1842 2919 2062 2988 Atabegt‘
2099 2922 2412 2990 dignitatem
2447 2925 2604 2995 (erat
2642 2925 2692 2978 id
2733 2941 2928 2980 nomen
2970 2925 3196 2980 illustris
3227 2927 3279 2978 in
3315 2927 3422 2978 im-

180 3024 455 3090 cogitatum
495 3023 563 3074 ab
597 3035 664 3074 eo
695 3020 762 3071 de
795 3018 1181 3087 recuperandis
1213 3017 1731 3086 septentrionalibus
1843 3012 1995 3078 perio
2029 3011 2322 3080 Mogulcusi
2364 3017 2753 3087 magistratus)
2789 3034 2890 3087 qua
2940 3016 3168 3073 Niruzus
3201 3017 3421 3072 functus

181 3115 381 3184 Europa:
429 3114 728 3184 provinciis
758 3113 896 3166 ultra
935 3110 1275 3180 Bulgariam;
1329 3124 1484 3178 quas,
1549 3119 1606 3162 ut
1656 3110 1808 3173 estC
1839 3103 2036 3169 fuerat,
2075 3107 2350 3160 transtulit
2378 3108 2432 3162 in
2487 3108 2650 3163 Kotlu
2685 3109 2926 3174 Salium;
2957 3127 3113 3180 quem
3165 3113 3419 3167 eumdem

179 3209 408 3276 superius
479 3207 681 3261 dictum
745 3224 796 3259 ιι.
835 3205 908 3270 6,
957 3203 1218 3268 auspiciis
1254 3201 1462 3255 Kaanis
1510 3198 1733 3254 secundi

183 3300 552 3370 Mogulensium
578 3297 930 3366 imperatoris
965 3310 993 3347 a
1024 3294 1194 3348 Batuo
1225 3292 1539 3362 subjugatas
1567 3289 1735 3359 Nega,

179 3395 249 3447 eis
296 3392 512 3446 tuendis
563 3405 590 3442 a
639 3391 807 3442 Batuo
864 3386 1140 3442 Persidem
1191 3401 1388 3440 versus
1451 3384 1738 3439 recedente

182 3485 472 3552 praefectus,
527 3496 813 3552 progressu
887 3479 1149 3548 temporis
1210 3493 1340 3532 suas
1374 3477 1601 3539 fecerat,
1641 3477 1736 3529 ob-

182 3576 406 3643 sequium
445 3575 605 3644 821
642 3572 956 3639 imperatori
1006 3569 1242 3640 Mogulio
1277 3583 1584 3634 recusans;
1618 3568 1738 3621 diu-

180 3683 288 3738 que,
315 3677 475 3736 prout
505 3667 688 3719 multis
722 3666 856 3720 locis
882 3663 1242 3734 Pachymeres
1261 3663 1552 3731 significat,
1575 3661 1735 3715 istam

184 3759 511 3812 rebellionem
564 3757 786 3824 impune
827 3756 972 3824 ιιιΙὶι,
1031 3755 1084 3806 in
1137 3770 1198 3806 ea
1241 3754 1404 3806 etiam
1458 3751 1738 3806 Michaelis

184 3852 322 3918 primi
355 3850 643 3916 Palasologi
687 3848 910 3915 Augusti
957 3846 1222 3899 afﬁnitate
1277 3848 1544 3904 firmatus,
1577 3845 1735 3898 ducta

186 3943 338 4010 ipsius
395 3943 498 3995 lilia
559 3941 933 4007 Eupltrosyn-e.
997 3938 1142 3991 Talis
1211 3937 1276 3990 ab
1342 3937 1740 4004 At'guu—Cbane

185 4037 403 4104 suscepti
456 4033 668 4089 consilii
704 4032 992 4099 vestigium
1050 4033 1102 4084 in
1139 4030 1246 4083 ﬁne
1278 4028 1736 4098 Abulpharagiani

186 4126 422 4179 Chronici
471 4127 718 4193 reperio,
777 4122 869 4176 ubi
928 4121 1192 4190 scriptum
1236 4121 1434 4188 legitur
1478 4132 1493 4170 :
1531 4121 1741 4187 Arguit-

189 4219 400 4273 Chanem
460 4219 686 4284 imperio
734 4216 839 4268 sibi
885 4215 1122 4268 stabilito
1185 4213 1468 4280 unicuique
1504 4212 1737 4278 filiorum

187 4315 536 4381 prwferturam
567 4309 798 4378 alicujus
853 4309 1001 4377 regni
1049 4311 1136 4360 sui
1161 4307 1491 4359 exercituum
1522 4305 1740 4356 commi-

190 4405 325 4458 sisse.
357 4404 473 4458 Filii
527 4401 950 4472 Argun-(I-Itanis
986 4400 1206 4453 fuerunt
1257 4400 1518 4459 Cazanes,
1551 4397 1738 4450 Carm-

193 4509 382 4564 pautas,
418 4497 660 4552 Tuctais.
698 4497 773 4550 Ex
821 4497 903 4550 his
931 4496 1175 4549 Cazancs
1209 4495 1424 4548 videtur
1471 4493 1737 4548 exercitui

193 4599 237 4641 et
265 4591 546 4656 provinciae
587 4589 707 4643 loco
733 4589 821 4640 ubi
857 4589 1081 4654 degebat
1103 4589 1402 4656 imperator
1431 4589 1744 4656 propinqu

194 4685 518 4750 praepositus.
571 4681 704 4734 Nam
761 4691 1028 4748 occupato
1086 4681 1469 4748 postmodum,
1521 4689 1578 4731 ut
1621 4694 1746 4732 mox

194 4774 422 4840 dicetur,
475 4791 504 4828 a
547 4774 714 4826 Baidu
755 4774 999 4841 imperio,
1038 4773 1246 4840 primus
1298 4772 1387 4839 qui
1424 4771 1746 4834 obsisteret,

194 4869 410 4928 viciniae,
440 4877 869 4936 proutapparet,
915 4866 1198 4926 beneficio,
1231 4865 1463 4917 exstitit.
1501 4864 1606 4917 Alii
1643 4866 1748 4917 duo

196 4958 402 5014 Cazanis
439 4961 637 5014 fratres
668 4961 880 5027 longius
909 4976 937 5010 a
973 4967 1123 5025 patre
1161 4959 1414 5026 leguntur
1447 4957 1746 5022 amandati,

199 5051 438 5113 siquidem
463 5050 918 5116 Carmpantanem
953 5051 1337 5118 Pachymeres,
1366 5063 1416 5115 p.
1447 5046 1552 5099 459
1579 5047 1750 5115 partis

202 5145 516 5208 posterioris,
555 5143 632 5195 ait
667 5143 964 5195 exercitum
1021 5141 1072 5192 in
1125 5140 1276 5193 ludia
1309 5143 1562 5193 ductasse
1596 5156 1610 5193 :
1646 5138 1753 5192 Tu-

203 5235 412 5288 ctainem
443 5241 586 5290 idem
621 5234 809 5296 refcrt,
833 5235 1004 5302 partis
1037 5234 1281 5300 ejusdem
1321 5233 1358 5285 Ι.
1392 5249 1477 5294 ιιι,
1514 5248 1562 5283 e.
1599 5231 1669 5286 26
1698 5241 1750 5286 ct

203 5323 280 5387 27,
309 5327 535 5397 longum,
599 5327 817 5380 difﬁcile
850 5336 1014 5395 atque
1062 5340 1262 5393 anceps
1289 5339 1408 5376 cum
1452 5323 1596 5394 Noga
1630 5341 1750 5394 ges-

205 5419 322 5471 sisse
353 5421 566 5483 bellum,
597 5419 775 5488 quoad
805 5433 927 5471 eum
958 5418 1069 5486 jam
1099 5431 1280 5469 senem
1314 5417 1429 5469 acie
1475 5427 1747 5484 postrema

206 5511 376 5565 victum
431 5514 633 5568 occidit
695 5513 1046 5579 funditusque
1095 5509 1403 5579 profligavit
1460 5510 1746 5563 factionem

208 5603 321 5668 eius,
349 5608 613 5660 restitutis
644 5605 874 5673 imperio
907 5604 1302 5673 Mogulensium
1335 5603 1610 5672 prmteutis
1645 5603 1748 5656 Eu-

208 5696 312 5752 xino
348 5717 406 5752 cx
457 5714 611 5768 parte
644 5699 870 5764 Europae
906 5698 1239 5768 regionibus,
1267 5711 1403 5765 quas
1429 5698 1550 5749 inde
1585 5693 1744 5765 Nugas

210 5789 402 5845 rc'ucilio
426 5791 780 5854 alienaverat,
810 5800 863 5844 et
889 5790 956 5845 iis
987 5791 1099 5858 ipse
1126 5789 1294 5857 patris
1319 5787 1616 5857 Argun-Ch
1637 5788 1743 5842 tuis

1767 4463 1820 4521 D

1843 3211 1964 3250 esse
1991 3199 2238 3268 suspicor
2261 3215 2382 3255 cum
2411 3203 2813 3257 Chutluclmimo
2845 3206 3124 3260 nominato
3156 3221 3185 3258 a
3210 3203 3423 3269 Pachy-

1843 3304 1989 3342 mere
2022 3292 2120 3344 sub
2154 3291 2313 3347 finem
2350 3295 2509 3350 modo
2561 3296 2762 3350 laudati
2810 3314 2859 3353 c.
2918 3298 2970 3362 f,
3023 3299 3055 3349 Ι.
3093 3314 3169 3364 v1,
3221 3298 3309 3350 ubi
3364 3314 3419 3368 ι).

1839 3384 1966 3450 459,
2022 3398 2181 3442 vocat
2235 3390 2622 3462 Χουτλουχάϊμ
2680 3393 2823 3446 κατὰ
2871 3393 2964 3445 τὸν
3009 3392 3266 3457 Εὔξεινον
3317 3394 3420 3464 ἄρ·

1839 3495 2004 3547 χον-τα
2033 3492 2315 3550 prmtorem
2363 3487 2762 3554 provinciarum
2801 3487 3010 3556 imperii
3057 3486 3306 3557 Mogulici
3353 3488 3421 3542 ad

1842 3572 2111 3629 Euxinum
2161 3577 2414 3631 sitarum.
2442 3578 2639 3632 Fuerat
2674 3579 2838 3648 822
2877 3580 3000 3645 ista,
3041 3578 3126 3651 [P.
3169 3580 3296 3654 596]
3344 3582 3420 3637 ιιιί

1842 3667 2097 3731 diximus,
2126 3669 2451 3738 praefectura
2483 3670 2783 3724 Tuctainis.
2819 3672 2999 3738 Quare
3034 3676 3159 3729 hinc
3188 3658 3318 3730 licet'
3342 3677 3423 3729 in-

1842 3760 2108 3829 telligere,
2160 3762 2303 3816 circa
2353 3774 2604 3830 quartum
2647 3771 2740 3818 aut
2770 3767 3019 3833 quintum
3074 3766 3421 3836 principatus

1839 3850 2072 3906 Cazanis
2103 3869 2302 3906 annum
2333 3853 2650 3908 Tuctainem
2679 3859 2742 3907 ad
2766 3856 2954 3911 fratris
2988 3859 3307 3926 imperantis
3333 3874 3423 3915 co-

1843 3945 2090 3996 mitatum
2143 3958 2201 3995 se
2259 3944 2626 4011 transtulisse,
2680 3947 2906 4000 forsitan
2961 3962 3024 4001 eo
3063 3956 3309 4014 'vocante,
3362 3957 3423 4004 ut

1840 4048 2018 4086 mores
2053 4032 2167 4101 ejus
2200 4033 2540 4100 observaret,
2579 4044 2949 4106 Statueretque
3012 4052 3077 4090 an
3126 4020 3322 4106 dignus
3373 4025 3421 4094 is

1841 4123 1978 4177 foret
2027 4140 2187 4192 quem
2244 4125 2456 4195 imperii
2506 4141 2878 4181 successorem
2920 4129 3254 4197 designaret.
3291 4131 3422 4197 Quae

1840 4218 2090 4285 probatio
2143 4233 2332 4287 parum
2370 4235 2398 4273 e
2433 4218 2717 4274 Tuctainis
2753 4227 2878 4274 voto
2920 4225 3217 4277 succedens
3279 4225 3421 4279 hunc

1838 4312 2070 4365 exclusit
2107 4312 2354 4382 imperio.
2389 4312 2591 4367 Scribit
2636 4315 2781 4368 enim
2831 4314 3213 4385 Pachymercs,
3278 4333 3423 4386 saepe

1841 4401 2083 4456 indicato
2116 4417 2166 4456 c.
2202 4403 2250 4466 f,
2279 4402 2314 4457 l.
2346 4419 2419 4467 vt,
2442 4404 2711 4459 Cazanetu
2760 4407 2808 4459 in
2851 4405 3011 4460 dubia
3046 4422 3138 4460 sua
3163 4408 3425 4464 valetudi-

1851 4512 1917 4550 ne
1945 4498 2274 4550 successioui
2313 4498 2463 4565 regni
2498 4501 2898 4564 consulentem,
2942 4515 3062 4553 cum
3097 4517 3277 4556 mores
3312 4503 3424 4558 Tu-

1849 4588 2066 4652 ctainis,
2093 4603 2250 4655 quem
2279 4588 2329 4640 in
2357 4590 2658 4658 propinquo
2685 4591 2928 4657 haberet,
2966 4591 3150 4645 fratris
3202 4595 3282 4648 sui
3317 4595 3426 4650 dis-

1849 4680 2053 4734 similes
2084 4690 2349 4744 notasset,
2387 4682 2838 4751 Carmpantauem
2883 4685 3046 4738 alium
3086 4685 3306 4742 fratrem
3357 4706 3422 4744 ex

1849 4767 2020 4830 ludia,
2057 4768 2147 4822 ubi
2177 4769 2441 4824 exercitui
2495 4783 2746 4838 prmerat,
2774 4789 3058 4841 evocasse,
3093 4792 3322 4846 eumque
3355 4782 3420 4834 ad

1851 4860 1902 4914 id
1939 4871 2196 4944 accurata
2226 4862 2570 4918 institutione
2595 4874 2957 4934 prmparatum
3005 4869 3215 4940 imperii
3253 4873 3422 4928 haere-
3474 4895 3481 4901 ·

1852 4956 1973 5007 dem
2010 4956 2343 5022 designasse.
2375 4955 2546 5026 Igitur
2579 4959 2858 5011 decedenti
2891 4974 2952 5013 ex
2981 4961 3225 5029 partibus
3259 4953 3420 5018 Euin-

1853 5065 1921 5103 no
1945 5050 2138 5104 vicinis
2169 5051 2416 5105 Tuctaiui
2451 5052 2736 5106 suffectum
2773 5054 2822 5108 in
2857 5054 3081 5108 istarum
3117 5059 3423 5124 provincia-

1853 5158 1969 5194 rum
2012 5142 2274 5210 regimine
2307 5143 2784 5197 Chutlucltaintuu‘t
2819 5146 3076 5210 arbitror,
3107 5162 3266 5215 quem
3299 5149 3426 5216 gillic

1853 5233 1944 5287 tali
1971 5235 2148 5313 ollieio
2181 5236 2346 5289 fuisse
2383 5235 2622 5289 functum
2661 5238 2880 5306 quando
2921 5251 3003 5294 cst
3035 5252 3282 5298 mortuus
3315 5242 3422 5298 Ca-

1852 5341 2039 5389 zanes,
2070 5326 2299 5380 aﬂirnzat
2319 5327 2694 5399 Pachymeres.

1925 5507 2111 5563 XVlll.
2155 5511 2334 5578 Pergit
2366 5513 2715 5567 continuatur
2756 5515 3213 5583 Abulpharagiani
3253 5516 3426 5572 Chro-

1851 5601 1958 5655 nici
1995 5611 2111 5656 acta
2153 5601 2383 5657 Cazauis
2415 5607 2662 5674 exsequi,
2710 5609 2953 5661 scribens
2983 5625 3122 5660 anim
3161 5609 3262 5662 699
3307 5626 3425 5661 ntu-

1853 5705 2064 5747 venteut
2127 5710 2246 5746 cum
2309 5696 2548 5747 exercitu
2605 5698 2655 5750 in
2711 5698 2918 5768 Syriam
2969 5700 3232 5782 Cn‘zaneut
3296 5717 3421 5754 cunt

1854 5799 2174 5839 occurrente
2229 5787 2332 5839 sibi
2380 5791 2592 5843 nullane
2626 5790 2858 5863 .‘Iipypti,
2894 5793 2980 5860 qui
3022 5793 3313 5847 ι·ο.ίιὶ).ιιιιι“
3359 5796 3430 5856 Al
