3880 6548
509 378 575 440 87
588 379 613 437 .l

1378 377 1440 436 Ρ.
1482 375 1770 438 POSSINI
1817 373 2460 436 OBSEltVATlt).\'U.\l
2500 376 2645 437 LIB.
2687 376 2802 438 Ili.
3631 381 3717 445 890

511 489 677 542 Malec
722 487 785 541 At
826 486 1008 555 ,Naser
1059 487 1478 553 illohammedes,
1524 485 1832 541 conﬂixisse
1871 485 2078 555 ιιι-ωηο,
2111 489 2152 544 Δ
2183 485 2372 540 scribit
2399 485 2756 556 Pachymeres
2787 487 2906 541 loco
2939 502 3078 556 smpe
3108 497 3408 542 memorato
3447 487 3511 540 de
3536 487 3720 547 Cazane

510 593 742 647 «tutique
791 578 970 632 fusum
1017 579 1070 632 in
1111 580 1290 648 fugam
1335 577 1590 643 vertisse,
1648 577 1774 631 dein
1818 576 2079 631 Damasco

513 669 779 734 potitum;
814 669 1008 738 quibus
1062 669 1251 734 gestis,
1295 667 1482 723 relicto
1517 668 1571 723 in
1621 665 1777 739 Syria
1823 668 2081 736 praefecto

514 761 721 829 Kapiak
745 772 959 826 vocato,
1000 763 1056 818 in
1084 763 1328 833 regiones
1360 761 1666 818 Orientales
1699 762 1944 817 rediisse.
1969 762 2080 817 lla-

516 851 629 904 huit
657 867 830 906 annus
861 851 1070 919 llegirae
1094 853 1195 906 699
1225 851 1436 904 initium
1477 867 1504 904 a
1539 849 1622 904 die
1650 849 1720 902 28
1745 847 2079 918 Septembris

511 945 638 997 anni
673 944 873 998 Christi
909 944 1066 999 1299.
1102 945 1234 1010 Quia
1275 960 1400 997 vero
1431 945 1566 1008 dies,
1600 957 1708 1012 quo
1741 943 1867 1014 acie
1904 943 2080 994 victus

511 1047 594 1091 est
647 1039 827 1092 sultan
881 1036 1098 1106 Egypti
1161 1038 1358 1092 dicitur
1405 1036 1512 1091 illic
1571 1035 1733 1090 fuisse
1788 1036 2079 1091 vicesimus

511 1134 776 1202 septimus
807 1131 993 1186 Rabite
1030 1132 1246 1198 prioris,
1271 1131 1470 1184 indicat
1496 1138 1617 1183 nota
1639 1129 1729 1183 illa
1765 1131 1902 1183 diem
1936 1130 2082 1183 vice-

511 1229 708 1281 simum
742 1227 1038 1281 secundum
1074 1224 1276 1279 mensis
1307 1223 1615 1278 Decembris
1645 1223 1887 1292 ejusdem
1919 1221 2077 1276 Citri-

511 1322 579 1375 sti
612 1320 740 1375 anni
781 1319 935 1374 1‘299.
963 1317 1115 1384 Quod
1150 1327 1327 1371 autem
1358 1317 1501 1370 addit
1539 1316 1882 1370 continuator
1913 1315 2079 1368 Abul-

513 1413 755 1482 pharagii
784 1413 922 1466 diem
950 1411 1096 1466 illum
1128 1410 1291 1464 fuisse
1314 1409 1590 1475 Mercurii,
1617 1408 1752 1463 haud
1774 1423 2081 1478 usquequa-

511 1523 617 1576 que
641 1507 888 1574 quadrat,
921 1504 1185 1574 siquidem
1213 1503 1304 1558 illo
1331 1504 1527 1558 Christi
1560 1517 1704 1556 anno
1735 1501 1917 1572 cyclus
1947 1502 2078 1557 solis

493 1602 582 1655 19.0
606 1601 838 1654 litteram
873 1596 1052 1652 attulit
1088 1597 1232 1651 feriae
1272 1597 1461 1665 primae
1493 1595 1722 1650 indicem
1767 1594 1831 1661 Ι),
1863 1611 1982 1664 qua:
2009 1594 2078 1647 22

493 1692 827 1749 "Decembris
859 1689 1002 1745 diem
1041 1687 1230 1744 feriam
1267 1687 1430 1742 fuisse
1463 1689 1672 1743 tertiam
1719 1687 2074 1742 demonstrat.

512 1785 844 1838 Crediderim
898 1779 1153 1836 mendum
1188 1778 1472 1849 irrepsisse
1515 1780 1566 1832 iu
1598 1794 1872 1842 numeros,
1898 1787 1951 1833 et
1982 1793 2076 1846 pro

485 1875 577 1929 :27
613 1875 794 1929 Rabia:
817 1873 1016 1943 prioris
1042 1872 1204 1926 scribi
1229 1880 1479 1941 Oportere
1502 1869 1594 1936 28,
1621 1871 1712 1940 qui
1735 1873 1850 1925 dies
1879 1869 1979 1924 fuit
2003 1871 2074 1924 25

493 1967 822 2023 .llecembris
847 1966 978 2020 feria
1003 1965 1056 2018 4.
1083 1963 1516 2017 Fundamentum
1560 1963 1688 2016 mihi
1713 1962 1793 2016 sic
1816 1962 2071 2031 opinandi

487 2070 592 2118 ἐει
626 2060 994 2115 testimonium
1043 2059 1316 2113 oculatum
1356 2058 1639 2124 scriptoris
1683 2056 1896 2109 illorum
1935 2065 2073 2109 tem-

511 2169 699 2223 porum
747 2152 1008 2224 Aythoni.
1041 2151 1233 2206 Exstat
1274 2148 1438 2216 hujus
1464 2164 1600 2217 opus
1629 2147 1789 2202 titulo
1823 2147 2075 2202 Historiae

510 2245 830 2312 Orientalis,
861 2244 1016 2314 cujus
1065 2259 1115 2300 c.
1150 2243 1213 2297 41
1255 2241 1485 2296 atlirmat
1524 2256 1584 2296 se
1629 2239 1794 2294 fuisse
1823 2240 2072 2294 comitem

509 2337 875 2406 expeditionis
922 2351 1079 2404 quam
1124 2334 1394 2390 Cassanus
1435 2331 1538 2404 (sie
1586 2333 1732 2386 enim
1769 2331 1945 2396 vocat)
1986 2345 2077 2384 rea:

515 2427 866 2483 Tartarorum
890 2425 1252 2488 Christianus,
1276 2440 1380 2478 una
1415 2439 1538 2478 cum
1565 2423 1783 2491 regibus
1808 2421 2077 2474 Armenia:

511 2529 567 2574 et
593 2519 846 2586 Georgia:
873 2517 1081 2586 pariter
1113 2515 1460 2576 Christianis,
1494 2514 1736 2582 suscepit
1769 2513 1820 2565 in
1861 2510 2075 2582 Syriam

512 2623 700 2666 centra
729 2610 1191 2665 Melechnaserum
1233 2609 1498 2661 sultanem
1523 2606 1740 2676 Egypti
1774 2605 1942 2678 Syria:
1978 2605 2077 2658 do-

512 2703 832 2766 minantem,
865 2717 1024 2772 quem
1070 2713 1122 2756 et
1153 2700 1340 2756 habuit
1373 2700 1588 2754 obvium
1629 2713 1796 2768 prope
1827 2696 2074 2764 l-lamam,

513 2795 754 2865 antiquis
801 2793 1046 2848 Emesam
1101 2793 1322 2846 dictant.
1367 2791 1606 2844 Ducebat
1651 2790 1829 2844 suitan
1891 2804 2076 2844 secum

511 2887 751 2956 equitum
776 2895 992 2939 centum
1023 2883 1193 2937 millia
1217 2897 1341 2938 cum
1380 2881 1589 2935 infinita
1620 2881 1868 2950 peditum
1899 2879 2077 2932 multi-

493 2975 720 3044 Itudiue.
784 2973 1059 3029 Cassanus
1113 2983 1292 3026 autem
1345 2971 1648 3026 exercitum
1719 2971 2075 3025 ducentorum

516 3067 766 3130 millium,
799 3079 1048 3134 magnam
1088 3073 1294 3130 partem
1341 3064 1582 3131 equitum
1629 3061 1882 3116 habebat.
1921 3060 2080 3116 Com-

2184 577 2267 631 his
2297 580 2473 632 verbis
2506 597 2519 633 :
2548 578 2768 633 Vastatis
2793 581 2917 648 quin
2963 581 3121 634 etiam
3152 579 3438 649 :Egyptum
3476 581 3720 650 cladesque

2182 668 2294 722 illic
2321 671 2584 724 Arabibus
2634 688 2737 725 non
2791 673 2922 726 leves
2957 672 3212 742 inferens,
3249 675 3407 742 longe
3437 672 3658 740 pluribus
3681 685 3718 727 et

2181 758 2506 826 gravioribus
2541 761 2652 814 sine
2696 760 2852 812 dubio
2886 764 3097 816 damnis
3138 762 3258 815 illos
3298 763 3601 831 aﬂecturus.
3637 766 3719 816 nisi

2181 850 2252 914 ei,
2283 866 2346 903 ne
2383 861 2677 916 penetraret
2735 853 2979 915 interius,
3012 852 3247 907 locorum
3295 855 3475 908 arenis
3515 857 3651 908 initiis
3680 867 3720 908 et

2181 955 2333 1008 aquae
2389 939 2632 1008 inopibus
2673 941 2781 994 late
2810 939 3184 1008 squalentium
3244 941 3605 1007 insuperabilis
3632 944 3720 1012 dif-

2179 1029 2392 1097 ﬁcultas
2443 1031 2752 1085 obstitisset.
2817 1031 3089 1086 Hactenus
3149 1032 3545 1102 Pachymeres;
3608 1033 3723 1086 unde

2181 1123 2308 1177 licet
2340 1123 2603 1193 suspicari
2646 1125 2729 1177 vel
2770 1125 2940 1193 ipsum
2977 1124 3243 1178 Cazanem
3278 1125 3363 1178 vel
3397 1135 3593 1193 partem
3627 1124 3722 1193 ejus

2181 1217 2494 1282 exercitus,
2558 1217 2675 1285 ipso
2711 1217 2849 1284 apud
2905 1216 3167 1271 llalcbum
3221 1217 3440 1270 interim
3495 1225 3719 1280 morante,

2182 1305 2475 1378 Egyptqu
2525 1316 2778 1371 tentasse,
2812 1318 2867 1360 at
2903 1310 2970 1360 ob
3003 1309 3451 1376 iinpetlitttentunt
3489 1322 3720 1359 tttemora-

2183 1410 2292 1453 tum
2324 1409 2500 1470 erepto
2531 1399 2830 1454 abstitisse.
2865 1397 3064 1454 Refero
3097 1400 3260 1454 etiam
3293 1399 3362 1452 ad
3398 1399 3532 1451 hanc
3561 1412 3720 1450 secun-

2180 1491 2302 1545 dam
2354 1493 2749 1560 expeditionem
2790 1491 2878 1545 illa
2917 1506 3036 1561 quae
3093 1491 3252 1560 paulo
3319 1490 3563 1558 superius
3606 1492 3718 1543 idern

2179 1581 2542 1653 Pachyrneres
2568 1583 2800 1647 dixerat,
2838 1598 3030 1652 nempe
3059 1582 3328 1636 Cazanem
3373 1581 3718 1649 Hierosolymis

2173 1674 2442 1728 hostiliter
2477 1677 2750 1729 admotum
2807 1691 2998 1742 parum
3059 1675 3316 1744 abfuisse
3357 1675 3422 1726 ab
3475 1675 3591 1728 urbe
3642 1673 3717 1726 illa

2181 1776 2354 1832 tanta,
2405 1769 2494 1822 cui
2522 1770 2701 1822 sultan
2737 1769 3058 1826 Christianis
3113 1779 3304 1837 erepta:
3357 1767 3718 1830 dominabatur,

2175 1862 2546 1928 expugnanda.
2571 1860 2648 1914 lta
2675 1861 2764 1914 ille
2782 1862 2938 1931 longe
2971 1860 3322 1916 verisimilius
3355 1873 3512 1928 quam
3534 1856 3716 1926 quidam

2171 1950 2350 2005 Latini
2391 1954 2661 2022 st-r'tpores
2695 1955 2841 2008 citati
2874 1955 2944 2009 ab
2970 1953 3199 2009 Henrico
3217 1951 3512 2020 Spondano
3537 1952 3582 2002 in
3613 1963 3720 2003 con-

2178 2043 2477 2100 tinuatione
2493 2046 2784 2101 Annalium
2805 2045 3020 2103 Baronii
3041 2062 3183 2100 anno
3212 2046 3419 2100 Christi
3448 2043 3593 2106 1300,
3615 2058 3660 2098 ιι.
3677 2043 3718 2105 t,

2175 2136 2268 2205 qui
2300 2137 2452 2191 aiunt
2486 2149 2614 2193 tunc
2646 2152 2676 2193 a
2703 2139 2948 2196 Cassano
3002 2140 3430 2209 Hierosolymam
3459 2138 3610 2207 fuisse
3644 2152 3720 2188 ca-

2175 2240 2342 2297 ptant,
2368 2239 2417 2284 et
2443 2231 2610 2284 sacris
2641 2231 2768 2284 locis
2804 2248 2993 2300 magna
3034 2233 3372 2286 ueneratione
3393 2231 3628 2292 risimus,
3658 2242 3721 2279 rt“-

2178 2332 2430 2376 stauratts
2465 2333 2512 2376 et
2547 2324 2764 2380 dotatis.
2797 2322 3143 2377 habitandam
3175 2337 3477 2376 concessam
3503 2320 3722 2374 Christia-

2179 2415 2258 2468 nis
2299 2414 2560 2480 Armenis,
2589 2413 2898 2484 Georgianis
2935 2417 3237 2485 cwterisque
3260 2431 3332 2468 ea:
3356 2412 3526 2482 Cypro
3553 2423 3596 2466 et
3619 2414 3722 2466 late-

2178 2507 2286 2561 bris
2341 2509 2759 2563 convolantibus.
2819 2508 2956 2562 Nam
3019 2509 3091 2570 id,
3132 2510 3179 2564 si
3235 2524 3366 2562 vere
3424 2506 3718 2575 contigisset,

2181 2615 2286 2655 nou
2314 2599 2524 2654 videtur
2561 2612 2652 2654 aut
2679 2601 2927 2668 ignorare
2954 2604 3196 2669 potuisse
3214 2602 3498 2669 Aythonus
3527 2611 3637 2651 tunc
3657 2597 3720 2648 vi-

2180 2709 2332 2759 vens,
2351 2704 2442 2747 aut
2495 2694 2548 2748 in
2578 2695 2801 2749 historia
2824 2695 2889 2749 de
2924 2696 3008 2750 his
3046 2693 3244 2763 scripta
3286 2693 3450 2748 silere
3487 2691 3718 2753 voluisse;

2181 2788 2234 2842 in
2275 2803 2382 2857 qua
2419 2797 2598 2842 tamen
2663 2789 2797 2841 nihil
2859 2788 2967 2843 tale
3022 2789 3314 2856 reperitur.
3354 2792 3505 2840 Anno
3560 2783 3720 2838 dehinc

2178 2875 2391 2946 .Hegira:
2445 2877 2548 2931 702
2585 2878 2781 2948 (pergit
2841 2879 3272 2948 supplementum
3340 2874 3718 2942 Ahulpharagii)

2181 2971 2422 3026 Catanes
2456 2971 2640 3040 copias
2695 2973 2746 3024 in
2785 2971 2999 3042 Syriam
3038 2971 3184 3026 misit
3216 2971 3358 3024 duce
3393 2969 3548 3024 Kotin
3583 2967 3716 3025 Satio,

2181 3061 2296 3114 sive
2334 3070 2389 3112 ut
2423 3059 2783 3131 Pachymeres
2817 3073 2992 3123 vocat,
3031 3060 3493 3122 Chutlueltaimo;
3546 3056 3620 3125 pri
3641 3068 3718 3107 una

492 3158 738 3227 missum
771 3158 938 3213 fuisse
973 3157 1217 3226 praelium
1262 3155 1401 3210 inter
1433 3155 1534 3209 hos
1554 3155 1841 3208 “exercitus
1872 3152 2077 3223 Aytho-
2104 3165 2149 3228 ρ
2182 3152 2297 3207 dies
2336 3153 2494 3207 istius
2530 3151 2656 3205 anni
2697 3151 2906 3223 Hegirm
2954 3153 3057 3207 702
3094 3155 3192 3208 fuit
3227 3155 3517 3208 vicesimus
3567 3159 3719 3203 erttti

512 3264 633 3314 nus,
661 3250 748 3318 qui
778 3262 1014 3317 praesens
1039 3245 1302 3312 interfuit,
1337 3247 1528 3300 asserit
1550 3245 1637 3299 die
1671 3244 1921 3299 Mercurii
1950 3254 2071 3299 ante

513 3346 702 3409 festum
737 3338 1068 3394 Nativitatis.
1094 3337 1250 3393 Cadit
1275 3337 1549 3407 aptissime
1568 3346 1693 3392 nota
1717 3337 1832 3391 haec
1854 3338 1906 3392 in
1930 3339 2070 3392 diem

511 3433 580 3488 25
615 3433 940 3493 Decembris,
976 3446 1094 3498 qua:
1142 3430 1230 3484 illo
1265 3445 1427 3493 anno,
1460 3436 1516 3484 ut
1547 3437 1631 3484 est
1665 3430 1889 3493 dictum,
1937 3429 2072 3483 feria

512 3535 705 3597 quarta
733 3523 852 3579 fuit.
881 3522 1037 3577 Addit
1063 3521 1345 3593 Aytlionus
1371 3521 1554 3592 praelio
1584 3522 1781 3575 victum
1802 3528 1860 3574 et
1893 3518 2074 3590 lugere

511 3616 848 3685 compulsum
906 3612 1073 3669 fuisse
1125 3611 1418 3678 sultanem,
1467 3621 1579 3665 tum
1624 3611 1712 3664 die
1751 3610 1914 3680 823
1954 3620 2074 3679 post

513 3708 794 3764 victotiam
828 3707 898 3760 45
918 3706 1148 3760 deditam
1180 3704 1420 3760 Cassano
1457 3703 1620 3758 fuisse
1652 3703 1839 3756 urbem
1882 3705 2072 3755 Dama~

514 3818 686 3862 scum,
721 3801 774 3853 in
827 3815 931 3867 qua
969 3797 1242 3853 Cassanus
1286 3794 1597 3866 praifectum
1655 3809 1749 3864 pro
1798 3811 1854 3848 se
1905 3793 2075 3867 Syriae

512 3911 633 3948 cum
671 3903 820 3962 parte
849 3892 1120 3947 exercitus
1152 3890 1375 3958 reliquit
1421 3888 1708 3959 quemdam
1743 3889 1933 3944 ducent
1969 3889 2072 3944 Sa-

512 4000 766 4039 racenum
793 3983 860 4038 ad
888 3998 947 4039 se
970 3998 1000 4038 a
1027 3983 1241 4038 sultane
1266 3981 1618 4052 transfugam,
1639 3981 1855 4035 nomine
1877 3979 2078 4047 Capra-

505 4061 674 4143 tum;
713 4079 798 4132 cui
830 4077 979 4130 dedit
1006 4076 1059 4129 in
1095 4075 1362 4129 mandatis
1397 4085 1454 4130 ut
1481 4075 1526 4130 si
1554 4072 1844 4129 Christiani
1876 4074 1942 4125 ab
1971 4069 2076 4127 Oc-

509 4170 720 4224 cidente
770 4167 1037 4231 venirent,
1089 4168 1169 4221 eis
1222 4165 1435 4237 Syriam
1496 4164 1754 4219 traderet.
1805 4163 1910 4217 Sed
1952 4177 2073 4217 cuni

512 4263 741 4330 Europis
766 4261 1039 4331 principes
1064 4260 1144 4315 ire
1172 4258 1298 4313 illuc
1330 4266 1422 4312 aut
1446 4257 1724 4312 exercitus
1749 4257 1961 4309 mittere
1985 4269 2078 4309 no-

509 4355 823 4424 gtcxissent,
859 4351 1139 4421 Capcalius
1194 4351 1356 4405 rebus
1396 4349 1510 4403 suis
1559 4347 1873 4411 consulens,
1905 4345 2068 4412 impe-

509 4455 648 4499 trata
694 4459 722 4496 a
757 4443 966 4497 suitane
997 4439 1284 4511 transfugii
1326 4439 1504 4503 venia,
1535 4437 1747 4509 Syriam
1777 4435 1852 4490 illi
1890 4450 2077 4490 rursus

2179 3247 2381 3300 mensis
2425 3245 2645 3314 Augusti
2699 3246 2750 3298 itt
2789 3261 2932 3300 anno
2961 3261 3083 3300 ωτω
3103 3257 3305 3300 nostra:
3341 3243 3564 3313 Vulgari:
3590 3241 3716 3297 1502.

2179 3335 2256 3391 Ex
2279 3339 2360 3392 his
2382 3354 2500 3407 qua:
2527 3337 2694 3391 refert
2712 3338 2778 3390 de
2803 3338 2991 3392 morbo
3012 3336 3242 3396 Cazanis
3278 3339 3529 3392 diuturno
3552 3335 3718 3403 Pachy-

2179 3443 2374 3493 meres,
2405 3444 2627 3486 necesse
2646 3441 2729 3484 est
2754 3431 2932 3485 dicere
2961 3429 3072 3498 jam
3108 3440 3219 3485 tum
3259 3431 3410 3484 illum
3445 3439 3715 3498 aegrotasse,

2179 3521 2345 3594 824
2361 3534 2523 3592 atque
2547 3524 2680 3577 adeo
2699 3524 2887 3578 morbo
2921 3523 3234 3592 ini-peditum
3265 3540 3297 3578 a
3326 3539 3420 3595 per
3441 3540 3494 3578 se
3510 3522 3715 3576 obeunda

2176 3615 2519 3680 expeditione
2567 3617 2870 3670 necessaria
2902 3615 3173 3670 hominem
3225 3618 3313 3670 cui
3367 3617 3586 3671 maxime
3614 3613 3715 3666 ﬁde.

2179 3715 2264 3760 ret
2315 3708 2432 3761 vice
2461 3723 2557 3761 sua
2621 3708 2832 3763 misisse
2890 3707 3392 3775 Chutluchaimum,
3431 3709 3537 3763 sive
3593 3705 3713 3761 illuni

2179 3799 2475 3850 evocavitc
2525 3799 2773 3868 partibus
2823 3791 3341 3870 septentrionalibus
3395 3802 3530 3858 circa
3581 3799 3714 3855 Euxi-

2180 3903 2349 3949 nunt,
2389 3889 2584 3958 quibus
2618 3906 2763 3956 eum,
2816 3892 2869 3946 in
2904 3891 3083 3946 locum
3139 3891 3364 3948 Tuctais
3397 3895 3507 3947 sive
3538 3889 3714 3944 Tacui-

2184 3981 2287 4046 nis,
2311 3980 2474 4036 fuisse
2497 3982 2605 4050 jam
2636 3993 2792 4038 antea
2822 3986 3134 4054 pra-fectum
3166 3988 3331 4056 paulo
3363 3988 3602 4057 superius
3641 3997 3712 4036 su-

2181 4073 2541 4140 spicabamur,
2565 4075 2678 4131 sive
2699 4077 2846 4131 illum
2881 4077 3059 4134 adhuc
3091 4079 3146 4132 itt
3176 4080 3353 4134 oﬂicio
3389 4077 3599 4146 Διδυμεῖ
3623 4079 3712 4129 cir-

2181 4179 2244 4218 ca
2280 4179 2339 4219 se
2365 4167 2566 4232 habuit,
2599 4177 2658 4222 et
2691 4176 2896 4222 tantum
2931 4181 3054 4239 post
3085 4171 3253 4241 ipsius
3281 4171 3507 4226 reditum
3535 4187 3562 4223 e
3585 4168 3712 4235 Syria

2184 4259 2252 4311 ad
2309 4258 2476 4311 istunt
2511 4261 2990 4328 septentrionalem
3050 4262 3272 4316 limitem
3341 4260 3628 4323 destinavit,
3659 4270 3713 4308 ne

2182 4352 2471 4404 occasione
2497 4360 2763 4405 secutura
2799 4351 2948 4405 brevi
2983 4354 3146 4421 (quod
3183 4350 3570 4423 praisctitiebat)
3599 4362 3712 4401 mor-

2188 4439 2254 4492 tis
2292 4451 2402 4493 sua:
2453 4437 2692 4504 Tuctais,
2749 4455 2909 4510 quem
2943 4443 3224 4497 exclusum
3251 4445 3479 4513 imperio
3511 4440 3710 4500 volebat,

510 4536 752 4608 expulsis
797 4533 1046 4588 Tartaris
1089 4531 1339 4601 subjecit.
1372 4528 1497 4586 llaec
1546 4529 1828 4600 Aythonus
1877 4529 1945 4582 de
1977 4526 2079 4582 hac
2106 4519 2158 4578 Β
2186 4548 2249 4587 ex
2285 4533 2406 4588 istis
2439 4535 2542 4589 sibi
2568 4535 2772 4590 dudntn
2808 4539 3062 4594 obnoxiis
3091 4543 3382 4610 provinciis
3410 4554 3534 4610 opus
3554 4538 3713 4591 docete

508 4625 888 4697 expeditione;
922 4617 1040 4691 quae
1068 4635 1230 4692 quam
1265 4620 1375 4675 sint
1405 4626 1775 4673 consentanea
1813 4617 2028 4672 traditis
2053 4632 2080 4670 a

508 4718 888 4774 toritinuatore
925 4712 1313 4782 Abulpharagii
1344 4724 1409 4764 ex
1455 4708 1746 4764 collatione
1785 4717 1950 4776 patet.
1988 4707 2080 4762 Et-

506 4809 650 4862 enim
696 4807 833 4876 apud
876 4805 1022 4858 hunc
1057 4802 1260 4868 legitur
1304 4799 1588 4870 Egyptios
1633 4798 1814 4852 audito
1851 4798 2081 4853 Cazanis

509 4896 656 4952 abitu
692 4909 942 4950 reversos
969 4891 1022 4947 in
1051 4891 1261 4963 Syriam
1291 4889 1474 4955 fuisse,
1507 4897 1562 4944 et
1589 4878 1841 4958 Capcako
1876 4887 1929 4941 in
1957 4902 2082 4957 par-

509 4999 590 5043 tes
623 5002 807 5042 corum
839 4995 1177 5050 transeunte,
1209 4983 1470 5038 Tartaros
1514 4982 1604 5051 qui
1636 4990 1793 5036 erant
1830 4981 1883 5034 in
1918 4979 2076 5051 Syria

505 5093 568 5131 ea
621 5077 806 5131 relicta
856 5077 909 5130 in
942 5075 1218 5130 Orientem
1253 5073 1622 5137 contendisse,
1667 5080 1723 5126 et
1759 5069 2075 5125 Damascum

503 5171 556 5223 in
593 5167 971 5239 Egyptiorum
998 5174 1321 5236 potestatem
1352 5163 1600 5219 rediisse.

567 5258 710 5313 XIX.
744 5262 901 5313 Anno
939 5257 1153 5326 llegirte
1203 5256 1305 5312 700
1363 5257 1517 5328 cujus
1571 5255 1783 5310 initium
1831 5251 1932 5307 fuit
1965 5253 2077 5306 dies

501 5360 688 5406 sextus
745 5350 986 5405 decimus
1046 5347 1380 5417 Septembris
1417 5347 1472 5400 in
1505 5361 1646 5401 anno
1702 5359 1823 5399 aera:
1871 5341 2078 5398 Christi

501 5441 742 5511 vulgaris
800 5441 966 5508 1500,
1025 5440 1265 5494 Cazanes
1323 5438 1614 5495 secundam
1676 5435 2072 5506 expeditionem

503 5535 652 5588 duxit
689 5535 740 5590 in
777 5534 1010 5606 Syriam,
1045 5534 1120 5588 ait
1152 5533 1496 5589 continuator
1515 5529 1897 5600 Ahnlpharagii
1937 5545 1950 5583 :
1979 5527 2072 5582 sed

504 5628 520 5679 ι’
541 5643 625 5679 unt
656 5627 828 5683 tritius
857 5627 1073 5683 circiter
1093 5625 1462 5698 uicusibus[P.
1485 5624 1612 5695 597]
1636 5621 1890 5676 inllalebi
1910 5622 2059 5674 ditio-

503 5722 661 5773 nihus
726 5720 1076 5790 substitisset,
1136 5737 1196 5777 re
1233 5723 1431 5777 infecta
1464 5722 1658 5775 iterum
1697 5737 1753 5777 se
1791 5723 2068 5778 subduxit.

498 5813 574 5867 ha
611 5814 724 5869 ille.
767 5815 842 5867 Ad
889 5817 986 5870 hoc
1038 5826 1247 5886 tempus
1310 5816 1560 5885 equidem
1598 5819 1874 5870 retulerim
1926 5817 2068 5886 quod

2185 4637 2371 4695 posset
2415 4628 2484 4681 ad
2550 4630 2822 4700 negotium
2863 4630 3276 4703 Carmpantaui,
3332 4632 3430 4687 sibi
3455 4633 3507 4684 in
3535 4643 3712 4685 succes-

2184 4717 2338 4774 sione
2363 4719 2606 4786 pt'wlato,
2664 4720 3062 4778 lacessendum.
3119 4725 3399 4796 Utcunque
3428 4723 3515 4790 sit,
3535 4733 3712 4778 utrum-

2181 4825 2288 4880 que
2312 4812 2518 4867 idoneis
2544 4816 2864 4870 auctoribus
2895 4816 3177 4884 discimus,
3201 4829 3253 4873 et
3287 4816 3552 4874 bellumin
3583 4813 3709 4882 Syria

2179 4915 2280 4973 pro
2331 4903 2546 4960 Cazane
2609 4909 2840 4973 gessisse
2879 4908 2968 4962 illo
3014 4907 3126 4976 jam
3184 4919 3479 4980 aegrotante
3527 4906 3710 4962 Citutlu-

2182 4992 2476 5058 chaimum,
2514 5004 2568 5050 et
2602 4995 2818 5051 Cazane
2855 5014 2956 5051 non
2994 4998 3162 5053 multo
3201 5011 3322 5069 post
3357 5011 3556 5055 mortuo
3585 5009 3706 5051 eum-

2180 5086 2301 5139 dem
2332 5087 2644 5154 regionibus
2674 5089 2815 5145 circa
2871 5091 3141 5147 Euxinum
3176 5094 3325 5164 prius
3353 5108 3381 5146 a
3409 5092 3580 5147 Turtai
3608 5099 3708 5157 pos-

2180 5177 2346 5230 sessis
2383 5177 2685 5244 praefuisse.

2252 5265 2366 5321 XX.
2408 5269 2485 5323 De
2519 5284 2772 5326 successu
2811 5288 2972 5342 porro
3009 5273 3246 5346 Syriaca:
3272 5275 3426 5344 hujus
3454 5266 3707 5340 expeditio-

2178 5357 2262 5413 nis
2287 5358 2690 5418 Chuttuehaimi
2724 5365 2804 5421 sic
2841 5364 3080 5423 breviter
3109 5369 3364 5424 collector
3395 5358 3704 5436 supplementi

2177 5451 2559 5523 Abnlgharagii
2606 5459 2788 5513 tradit.
2832 5459 3073 5514 Primum
3128 5461 3336 5531 equites
3387 5459 3552 5514 decies
3586 5452 3705 5507 mille

2175 5544 2448 5599 exercitus
2470 5544 2721 5615 Mognlici
2739 5566 2768 5603 a
2793 5553 3023 5608 ducibus
3051 5555 3327 5623 cupiarum
3358 5549 3701 5621 Epyptiarttmi

2177 5634 2320 5688 inter
2359 5652 2495 5704 quos
2545 5640 2644 5694 luit
2671 5641 2956 5713 Abnll'eda,
3001 5658 3154 5713 prout
3181 5647 3297 5716 ipse
3328 5655 3537 5701 testatur
3564 5641 3605 5690 in
3638 5635 3702 5687 lii-

2173 5729 2342 5782 storia
2373 5729 2438 5782 de
2473 5731 2555 5784 his
2593 5733 2819 5802 scripta,
2855 5735 3021 5792 fuisse
3041 5739 3173 5806 proli
3199 5750 3371 5807 gaios,
3404 5733 3579 5790 deinde
3601 5725 3701 5780 uni-

2177 5834 2389 5877 versum
2409 5825 2695 5882 exercitum
2714 5825 2965 5898 ffZIL'llllll,
2994 5830 3233 5902 fugatum
3257 5841 3306 5888 et
3323 5824 3701 5903 pessumdatum.
