3880 6542
145 485 230 550 831
1413 473 2066 535 CIIRONOLOG'ICUS.

3257 467 3365 527 8:42

143 597 271 651 Unde
322 589 581 646 credibile
627 587 1214 644 cstChutluchaimutn
1270 601 1392 641 cum
1447 585 1765 655 reliquiisA
1797 585 1865 638 rit
1919 587 1968 639 in
2025 599 2168 638 anno
2217 582 2430 640 Juliauo
2483 582 2547 639 31
2601 581 2748 645 Maii,
2803 581 3039 650 oportuit
3107 581 3244 632 diem
3298 580 3368 633 25

140 687 386 753 copiarum
423 681 710 736 revertisse
742 681 1138 751 quamprimum
1172 679 1238 733 ad
1286 677 1553 734 Cazauem
1583 721 1598 743 ,
1655 693 1682 731 a

139 796 228 847 quo
257 777 626 844 ingravescere
649 773 961 843 languorem
987 788 1142 827 suum
1168 772 1433 826 sentiente
1468 780 1688 840 propter

140 883 332 922 causam
377 881 541 934 supra
598 865 890 925 indicatam
934 863 1126 918 missus
1152 865 1216 918 ad
1256 862 1512 916 Arctoum
1540 861 1686 914 limi-

143 972 230 1013 tem
260 956 645 1011 fuerit.Eodetu
682 971 847 1016 anno.
875 956 1080 1025 Hegira:
1110 955 1237 1021 702,
1273 955 1361 1010 die
1390 955 1453 1009 13
1487 957 1688 1009 mensis

142 1049 386 1109 Shavahs.
432 1058 492 1102 ut
530 1050 606 1103 ait
638 1047 956 1111 Jannahius,
1013 1049 1255 1103 Cazanes
1281 1057 1364 1105 est
1412 1057 1686 1102 mortuus.

142 1146 222 1199 Est
265 1143 459 1197 Shaval
518 1144 760 1198 decimus
808 1144 1044 1198 Arabum
1081 1146 1304 1210 mensis,
1362 1144 1516 1214 cujus
1548 1144 1689 1198 diem

139 1240 332 1293 tertium
390 1237 662 1291 decimum
705 1237 1000 1292 incurrisse
1030 1236 1275 1306 oportuit
1325 1237 1377 1290 in
1427 1237 1566 1290 diem
1621 1235 1686 1290 51

140 1329 318 1383 mensis
351 1327 477 1382 Maii
517 1345 660 1383 anno
692 1328 821 1383 Chr.
856 1331 1011 1390 1303.
1050 1329 1337 1398 siquidem,
1371 1337 1432 1383 ut
1487 1337 1573 1384 est
1606 1328 1693 1383 di-

138 1430 286 1481 ctum,
322 1421 581 1475 Kalendae
621 1419 946 1476 Muharrami
997 1431 1210 1477 sextum
1245 1422 1558 1476 vicesimum
1588 1425 1698 1478 Au-

137 1513 258 1583 gusti
327 1515 536 1567 mensis
595 1517 722 1568 anni
791 1514 1087 1583 superioris
1151 1515 1492 1570 insederant.
1557 1515 1696 1571 Hinc

139 1605 340 1660 deﬁnire
388 1616 548 1661 certo
598 1621 884 1674 possumus
917 1593 1367 1672 controversiam,
1403 1621 1523 1677 qua:
1558 1607 1699 1662 inter

139 1695 376 1764 quosdam
417 1713 547 1752 mox
581 1696 890 1752 referendos
951 1707 1202 1753 auctores
1237 1699 1306 1754 de
1339 1713 1564 1753 numero
1602 1715 1700 1755 au-

136 1803 304 1841 norum
323 1789 540 1857 imperii
563 1788 792 1843 Cazanis
820 1789 1075 1860 agitatur.
1109 1790 1175 1844 Si
1193 1790 1361 1855 enim,
1383 1792 1525 1861 quod
1541 1807 1700 1861 supe-

136 1873 252 1940 rius.
309 1893 364 1932 ιι.
407 1879 497 1942 17,
558 1879 870 1943 statuimus,
911 1879 1077 1949 coepit
1125 1881 1368 1936 Cazanes
1429 1882 1699 1951 imperare

134 1969 255 2023 circa
309 1971 529 2026 initium
583 1971 906 2027 Novembris
951 1988 1092 2029 anno
1126 1972 1328 2028 Christi
1367 1974 1527 2038 1296.
1583 1991 1700 2031 mo-

133 2059 258 2113 riens
289 2059 339 2113 in
376 2061 492 2117 ﬁne
524 2060 650 2116 Maii
709 2063 842 2116 anni.
872 2063 1076 2118 Christi
1107 2063 1246 2119 1303
1278 2065 1466 2134 utique
1495 2082 1588 2121 sex
1643 2069 1698 2122 in

134 2152 337 2218 imperio
366 2169 547 2208 annos
585 2153 842 2221 esplevit,
874 2163 927 2210 et
963 2171 1175 2211 menses
1210 2157 1430 2226 insuper
1469 2169 1697 2226 septem.

134 2239 240 2295 Plus
289 2259 422 2312 ergo
450 2245 602 2313 justo
638 2247 796 2314 spatii
850 2247 1082 2304 Cazanis
1141 2250 1466 2319 principatui
1514 2252 1702 2306 tribuit

137 2336 288 2390 Arabs
320 2336 690 2408 chronologus
747 2338 1070 2408 Jaunahius,
1104 2340 1231 2396 dum
1275 2356 1400 2397 eum
1450 2356 1704 2412 regnasse

135 2424 246 2480 dicit
301 2444 475 2482 annos
505 2439 618 2485 octo
641 2441 688 2484 et
749 2448 950 2488 menses
992 2434 1206 2488 circiter
1237 2435 1432 2489 decem.
1460 2433 1700 2490 Joannes

137 2513 652 2588 [P.5981Villauius,
675 2524 859 2584 vm,'c.
890 2523 1256 2587 15°,Sauutus.
1283 2525 1319 2578 l.
1354 2539 1510 2594 Imp.
1541 2526 1700 2589 13,0.

137 2605 181 2671 8,
210 2617 259 2660 et
283 2609 568 2676 Aythouus
614 2610 753 2665 Hist.
796 2609 1109 2673 Orientalis.
1143 2630 1190 2669 c.
1226 2614 1318 2676 45.
1355 2615 1457 2670 etsi
1507 2616 1704 2670 diserte

137 2699 342 2766 spatium
378 2705 532 2769 regni
569 2701 802 2759 ananis
832 2720 937 2768 non
974 2708 1306 2776 exprimunt,
1339 2709 1583 2779 quaedam
1617 2719 1700 2763 ta-

141 2804 246 2844 men
294 2791 573 2848 aﬂirutaot
647 2797 788 2851 unde
849 2797 986 2851 ultra
1048 2801 1393 2870 prtescriptos
1449 2815 1477 2854 a
1549 2801 1704 2857 nobis

141 2882 319 2939 limites
342 2885 480 2940 illud
511 2887 653 2941 haud
681 2890 896 2955 paulum
920 2890 1221 2946 excessisse
1243 2891 1315 2946 sit
1337 2907 1699 2964 consequens.

143 2975 323 3046 Nempe
361 2979 473 3033 duo
520 2981 727 3047 priores
756 2983 911 3035 aiunt
955 2983 1188 3052 coepisse
1249 2984 1398 3037 illum
1436 2986 1702 3055 imperare

142 3079 267 3120 anno
286 3066 490 3122 Christi
517 3068 674 3134 1294,
703 3077 757 3124 et
779 3071 1065 3141 Aythnnus
1085 3073 1290 3126 obitum
1312 3072 1550 3140 ejusdem
1573 3089 1705 3128 con-

143 3156 229 3213 fert
271 3159 321 3214 in
372 3176 574 3214 annum
603 3162 802 3218 Christi
851 3163 1007 3228 1504,
1046 3180 1108 3219 ex
1141 3165 1337 3233 quibus
1369 3165 1719 3222 inferendum-

142 3261 268 3306 esset
294 3266 420 3306 eum
452 3252 591 3306 ultra
619 3268 809 3308 novem
836 3253 1021 3322 plenos
1043 3270 1214 3310 annos
1246 3255 1556 3326 Moguleuse
1591 3258 1696 3311 iut-
1723 3283 1769 3346 ρ

143 3344 328 3410 perium
375 3345 608 3401 rexisse.
645 3343 750 3400 Sed
771 3345 840 3400 de
892 3361 1019 3400 vera
1055 3347 1181 3401 sede
1207 3347 1534 3417 epocharum
1579 3349 1694 3404 initi

143 3433 391 3490 aGazane
413 3439 750 3506 principatus
779 3448 834 3492 et
861 3439 1052 3494 mortis
1077 3440 1236 3493 obita;
1263 3441 1453 3503 tutius,
1477 3441 1700 3510 opinor,

143 3529 363 3583 creditur
403 3530 668 3584 Arabibus
707 3531 871 3601 825
919 3533 1346 3602 chronograpbis
1395 3549 1554 3603 quam
1606 3541 1699 3587 aut

143 3618 370 3691 Aythono
409 3622 644 3679 Aruleno
677 3635 769 3678 aut
800 3625 1032 3680 Villanio
1082 3635 1136 3679 et
1177 3625 1382 3681 Sanuto
1422 3627 1702 3697 Europaeis

144 3713 502 3782 scriptoribus,
518 3715 811 3780 praesertim
824 3730 946 3769 cum
963 3716 1273 3771 adArabum
1291 3718 1355 3771 ch
1365 3720 1696 3790 ronulogiam

144 3817 193 3856 se
215 3809 578 3860 accommodet
601 3808 770 3860 nostri
801 3805 1149 3876 Pachymeris
1170 3810 1402 3864 assertio
1425 3821 1695 3866 mortuum

148 3895 389 3952 Caunem
423 3898 742 3952 aﬂitmautis
769 3915 888 3952 cum
914 3901 982 3952 ad
1023 3916 1116 3954 sea:
1143 3917 1309 3953 annos
1351 3902 1698 3969 imperasset;

147 3991 293 4054 quod,
325 3991 366 4043 si
401 3992 466 4043 de
505 3991 662 4046 annis
694 3990 922 4058 expletis
953 3993 1153 4060 agitur,
1185 3992 1530 4047 exactissime
1550 3994 1694 4048 scri-

148 4088 278 4142 ptum
307 4090 409 4134 est.
461 4079 587 4149 Ejus
630 4083 719 4149 qui
746 4081 939 4135 Cazaui
969 4083 1231 4136 successit
1262 4096 1457 4136 nomen
1507 4085 1584 4138 sic
1617 4086 1698 4139 ef-

149 4167 546 4225 l’ertlannahius
584 4188 597 4224 :
632 4169 992 4240 Ciyatltoddiu
1019 4172 1418 4227 Chodabandalt
1455 4174 1700 4230 Multam-

147 4259 266 4320 med,
295 4259 436 4324 [ilius
469 4260 700 4328 Argunis
727 4261 828 4330 [itii
857 4260 1072 4328 Abagaz.
1110 4262 1371 4318 Abull'eda
1403 4273 1459 4319 et
1483 4264 1694 4323 Ahmed

151 4345 246 4402 Ehu
275 4347 514 4418 Yuseph,
558 4353 775 4419 propius
817 4355 880 4405 ad
916 4351 1266 4424 Pachyuieris
1305 4352 1694 4423 Carmpautan,

149 4436 500 4494 Chorbamtam
556 4442 698 4496 hunc
763 4443 1060 4512 principem
1125 4445 1418 4513 appellant.
1474 4447 1525 4500 Is
1578 4455 1698 4516 post

151 4530 317 4584 fratris
335 4534 633 4589 decessoris
667 4532 826 4587 [unus
855 4536 939 4588 die
967 4535 1038 4588 23
1096 4534 1408 4590 Dhul—tlaiae
1443 4538 1698 4594 solemni-

151 4618 237 4674 bus
273 4623 607 4676 caarenmniis
633 4623 1005 4692 inauguratus,
1036 4641 1132 4692 pro
1161 4624 1360 4680 Chattis
1400 4629 1554 4683 titulo
1586 4645 1702 4682 ma-
1740 4646 1782 4702 ε)

147 4709 335 4779 jorihus
359 4715 560 4767 usitato
589 4714 794 4767 Aliaitu
827 4730 886 4770 se
916 4717 1020 4770 dici
1054 4719 1240 4782 voluit,
1276 4735 1396 4784 quae
1426 4735 1525 4774 vox
1563 4730 1700 4775 teste

150 4801 392 4861 Jannabio
429 4822 678 4876 magnum
741 4808 1110 4876 imperatorem
1167 4810 1458 4880 signiﬁcat.
1497 4813 1702 4867 Vereor

154 4913 211 4950 ne
239 4901 482 4954 mendum
515 4901 588 4954 sit
614 4902 753 4968 apud
785 4899 1133 4970 Jannabiu‘m,
1163 4905 1253 4958 ubi
1288 4905 1695 4959 coronationent

152 4988 550 5060 Caruipantanis
602 4994 690 5049 die
722 4995 792 5048 25
837 4994 1163 5050 Dhul-ilaiat
1215 4996 1540 5052 celebratam
1569 5013 1700 5054 con-

156 5080 242 5133 iert
272 5084 319 5136 iu
364 5099 564 5138 annum
598 5083 804 5154 llegirae
828 5085 951 5148 703,
987 5087 1088 5142 hoc
1112 5096 1197 5142 est
1242 5087 1294 5141 in
1327 5103 1562 5142 mensem
1590 5087 1705 5142 fere

158 5175 379 5242 quintum
401 5176 668 5230 decimum
700 5192 727 5229 a
761 5178 1064 5231 decessoris
1092 5177 1266 5240 obitu,
1311 5178 1455 5245 quod
1505 5194 1697 5247 parum

158 5274 226 5318 est
248 5267 554 5332 verisimile,
595 5269 895 5336 praesertim
926 5283 1072 5331 cum,
1115 5279 1170 5321 ut
1201 5268 1574 5336 Pachymeres
1616 5272 1698 5324 vi-

160 5359 292 5412 detur
321 5358 647 5426 signiﬁcare.
683 5373 790 5412 non
840 5358 1013 5414 solum
1068 5357 1382 5429 designatus
1417 5376 1444 5412 a
1487 5360 1706 5416 Cuzzine

161 5451 312 5504 adhuc
360 5452 574 5506 vivente
603 5452 763 5505 fuerit
790 5451 978 5504 unicus
1029 5450 1202 5504 haeres
1259 5451 1492 5518 imperii.
1524 5455 1615 5506 sed
1649 5463 1705 5504 et

159 5539 248 5608 jam
281 5556 388 5597 tum
430 5544 484 5597 in
512 5542 911 5610 possessionem
944 5541 1094 5610 regni
1129 5541 1353 5608 missus.
1391 5540 1452 5596 ld
1483 5558 1572 5596 me
1617 5545 1700 5596 in-

162 5633 277 5688 ritat
307 5635 368 5690 ad
400 5635 726 5689 credendum
767 5639 954 5688 eodem
1013 5648 1121 5701 quo
1166 5643 1248 5686 est
1283 5632 1527 5690 Cazanes
1555 5650 1706 5689 mor-

164 5731 265 5778 tuus
294 5741 453 5788 anno,
485 5726 578 5780 sed
611 5725 782 5778 altero
807 5724 918 5780 fere
948 5732 1070 5794 post
1120 5739 1327 5789 mense,
1383 5741 1577 5794 nempe
1620 5727 1706 5780 die

163 5815 219 5871 9.3
262 5818 595 5882 lihul-llaize,
654 5829 972 5890 coronatum
1043 5819 1515 5886 Carmpantanetu.
1568 5819 1703 5870 Cum

166 5920 323 5964 autem
357 5913 469 5967 dics
507 5912 566 5966 15
598 5913 867 5976 Shatztli“,
902 5912 1119 5965 ultimus
1156 5913 1274 5966 vita:
1308 5912 1561 5975 (Induis,
1592 5910 1705 5965 fuc-

803 6011 846 6022 ‘-
919 6004 957 6012 σ-

1801 677 1935 733 Dhul
1976 677 2121 731 llaia:
2149 678 2276 730 anui
2340 675 2583 745 ejusdem
2610 689 2940 730 concurrere
2973 689 3093 727 cum
3142 675 3210 727 29
3242 671 3367 727 Julii

1801 771 1929 826 anni
1958 770 2156 826 Christi
2191 771 2354 826 1303.
2407 768 2584 823 Vitam
2618 778 2671 823 et
2721 767 3082 836 principatum
3114 767 3369 835 produxit

1798 862 2163 932 Cartnpantan
2197 877 2366 932 usque
2401 862 2465 914 ad
2492 876 2687 914 annum
2733 857 2942 930 llegira:
2979 856 3104 917 7l6.
3137 871 3243 925 quo
3282 857 3369 908 vi-

1798 966 1927 1008 vere
1984 950 2145 1005 simul
2199 962 2254 1006 et
2290 953 2560 1022 imperare
2595 947 2754 1003 desiit
2782 947 2982 1002 mensis
3038 945 3370 1000 Ramadanis

1796 1043 1885 1098 die
1914 1042 2005 1096 27.
2056 1041 2232 1112 Coepit
2279 1057 2452 1096 annus
2497 1039 2702 1110 Hegirae
2741 1038 2841 1093 716
2901 1054 2930 1092 a
2960 1037 3047 1092 die
3093 1039 3164 1093 26
3192 1033 3370 1092 Martii

1800 1138 1926 1192 anni
1977 1135 2178 1192 Christi
2217 1134 2373 1189 1216.
2415 1131 2563 1188 Unde
2618 1129 2946 1185 Ramadanis
2981 1131 3183 1184 mensis
3232 1129 3372 1183 Ara-

1799 1227 1927 1283 bum
1985 1227 2112 1280 noni
2142 1226 2253 1280 dies
2281 1226 2349 1280 27
2380 1222 2633 1278 coincidit
2675 1235 2794 1273 cum
2843 1221 2929 1274 die
2957 1220 3020 1274 15
3063 1219 3375 1273 Decembris

1801 1318 2038 1388 ejusdem
2101 1316 2225 1370 anni
2279 1313 2478 1370 Christi
2542 1311 2698 1367 1316.
2758 1308 3144 1371 Carmpantnni
3210 1305 3372 1362 suﬁc-

1803 1418 1920 1464 ctus
1967 1418 2049 1462 est
2097 1403 2535 1467 BaltadurCan,
2596 1419 2730 1474 puer
2783 1403 3031 1456 undecun
3085 1415 3374 1464 annorum,

1804 1513 1911 1568 quo
1966 1499 2263 1569 imperante
2320 1496 2552 1566 quisque
2627 1494 3004 1564 prmfectorunt
3080 1494 3375 1563 provinciis

1803 1605 1896 1646 eas
1917 1589 2017 1645 sibi
2040 1589 2162 1658 jure
2184 1604 2438 1658 supremo
2468 1597 2746 1657 cmperuut
2775 1600 3055 1655 usurpare.
3093 1584 3246 1640 Unde
3275 1587 3378 1639 hoc

1805 1682 2070 1738 moriente
2105 1681 2267 1755 (quod
2294 1681 2517 1750 contigit
2561 1694 2704 1734 anno
2731 1677 2938 1749 Hegira:
2977 1676 3101 1742 736,
3129 1678 3219 1746 qui
3264 1691 3378 1731 cte-

1805 1776 1887 1848 pit
1911 1777 1978 1831 ab
1998 1776 2220 1846 Augusti
2249 1777 2312 1830 21
2337 1776 2460 1830 anni
2489 1774 2691 1831 Christi
2711 1774 2870 1844 1335)
2894 1768 3377 1834 Bahadur—Chane,

1811 1872 2050 1941 inquam,
2079 1872 2372 1928 decedente
2401 1871 2578 1926 nullus
2611 1871 2865 1940 deinceps
2905 1880 2991 1924 est
3036 1878 3252 1924 creatus
3273 1866 3379 1920 im-

1725 1940 1773 2000 Β
1799 1975 2020 2036 perator
2049 1964 2441 2034 Mogulensium
2468 2003 2482 2025 .
2519 1971 2664 2018 tanta
2699 1963 2787 2017 illa
2818 1964 3067 2032 dynastia
3109 1961 3163 2015 in
3193 1970 3374 2029 partes

1800 2059 2038 2114 minutas
2070 2056 2240 2111 fracta
2279 2068 2332 2111 et
2356 2057 2568 2125 penitus
2587 2054 2872 2126 dissipata.

1872 2171 2147 2226 Hactenus
2206 2172 2422 2225 brevem
2479 2169 2762 2238 synopsim
2841 2166 3092 2242 dedimus
3165 2165 3380 2235 imperii

1799 2265 2074 2338 Mogulici;
2123 2267 2265 2335 quod
2295 2267 2361 2319 ab
2414 2280 2557 2319 anno
2586 2263 2792 2320 Christi
2853 2262 2992 2319 1202
3042 2263 3108 2317 ad
3172 2278 3374 2316 annum

1801 2358 2004 2414 Christi
2062 2359 2218 2422 1335,
2254 2374 2349 2427 per
2397 2373 2568 2412 annos
2624 2358 2747 2418 133.
2801 2359 2902 2412 sub
2953 2357 3379 2425 imperatoribus

1803 2447 2092 2512 undecim,
2175 2446 2566 2516 Gingiz—chane,
2649 2447 2862 2511 Kaaue,
2951 2445 3378 2516 Cayuc-Chanc,

1802 2538 2122 2602 Muukakno,
2155 2538 2360 2604 Abdita,
2383 2533 2646 2600 Ahmed‘e,
2678 2538 3101 2609 Arguu-Cbaue,
3124 2537 3379 2601 Caichtu,

1801 2629 2038 2692 Cazane,
2064 2627 2484 2698 Carmpautane,
2520 2628 3006 2694 Bahadur-Chane,
3039 2628 3252 2697 magnis
3281 2642 3376 2696 per

1803 2725 1986 2780 Asiam
2011 2725 2174 2780 rebus
2197 2725 2376 2795 gestis.
2403 2724 2684 2780 inclaruit.
2737 2761 2742 2764 -

2260 2885 2432 2972 326
2486 2884 2716 2944 CAPUT
2775 2882 2912 2940 vnt.
2965 2959 2970 2963 _

1806 3021 2048 3093 Origines
2086 3022 2295 3092 imperii
2327 3020 2653 3077 Ortomam’ci
2694 3038 2725 3093 ᾳ
2754 3021 3078 3090 Fac/tymere
3122 3023 3379 3078 iudicium

2225 3093 2525 3145 distinctius
2572 3091 2978 3159 .cxplt'caatar-

1874 3230 1915 3285 l.
1961 3231 2030 3288 Ut
2065 3245 2248 3298 regunt
2295 3228 2492 3299 quibus
2523 3227 2598 3282 inl-
2631 3227 2891 3281 interiore
2918 3226 3044 3281 Asia
3085 3243 3374 3282 commune

1801 3339 1993 3379 nomen
2020 3320 2319 3394 presbyteri
2349 3318 2574 3376 Joannis
2619 3319 2740 3385 fuit,
2788 3329 2999 3374 vastum
3053 3329 3107 3374 et
3157 3321 3242 3373 diu
3278 3319 3388 3374 Su-

1799 3430 1924 3470 rens
1953 3413 2237 3481 imperium
2296 3401 2544 3479 Moguliri
2582 3420 2772 3491 exortu
2824 3409 3057 3465 deletum
3123 3418 3248 3475 est,
3306 3411 3378 3462 ita

1799 3505 1976 3575 ipsum
2011 3502 2330 3574 Mogulicum
2379 3517 2572 3571 magna
2603 3516 2667 3556 ex
2698 3510 2851 3570 parte
2885 3502 2942 3556 in
2966 3501 3372 3557 Ottomanicum

1798 3598 2016 3661 deiecit.
2048 3596 2340 3652 rebellione
2365 3595 2522 3665 primi
2558 3594 2718 3663 hujus
2743 3592 3047 3650 fnutlatoris
3066 3593 3372 3656 Ottomani.

1797 3705 1955 3764 quem
1992 3687 2077 3760 [Ρ.
2105 3687 2232 3760 599]
2271 3696 2454 3743 noster
2482 3686 2842 3759 Pachymeres
2877 3689 3162 3741 Atmauem
3195 3681 3383 3741 nurui...

1800 3791 1910 3847 nat,
1968 3791 2156 3835 contra
2206 3780 2476 3834 Cazanem
2533 3787 2586 3833 et
2633 3777 3086 3845 Carmpantauem
3140 3778 3379 3847 primum

1801 3870 2062 3940 impunita
2123 3884 2459 3932 remanente,
2495 3869 2619 3923 inde
2653 3869 2855 3924 sensim
2907 3869 3276 3923 inratesceute
3320 3870 3391 3922 iu.-

1793 3963 1998 4033 justum
2025 3963 2195 4016 instar
2228 3962 2382 4031 regni
2414 3959 2639 4030 proprii,
2667 3960 2918 4014 auctibus
2947 3969 3127 4028 postea
3154 3969 3380 4026 stupen-

1800 4053 1886 4106 dis
1926 4068 2098 4123 usque
2125 4052 2194 4106 ad
2226 4051 2645 4106 exstinctionetn
2677 4051 2886 4120 imperii
2921 4051 3147 4105 Romani
3177 4052 3377 4106 Orien-

1802 4145 1923 4199 talis
1962 4153 2016 4199 ct
2060 4145 2208 4214 regni
2235 4143 2652 4198 Mamalucorum
2701 4143 2754 4196 in
2793 4141 3026 4214 Egypto
3079 4143 3386 4211 profecturi

1802 4235 1864 4290 in
1913 4245 2173 4289 terrorem
2214 4236 2461 4306 Europze,
2512 4236 2595 4290 cui
2650 4236 2905 4299 minatur,
2957 4236 3223 4305 hodieque
3257 4238 3382 4288 uni—-

1801 4340 1990 4380 versas.
2016 4324 2186 4394 Hujus
2213 4342 2363 4381 novae
2396 4327 2658 4397 dynastizn
2689 4327 2847 4397 quasi
2879 4327 3166 4388 cunabula,
3203 4328 3381 4381 obiter
3411 4391 3418 4396 η

1803 4433 1831 4470 a
1866 4419 2196 4489 Pachymere
2235 4420 2542 4486 perstricta,
2577 4421 2856 4477 nesciente
2879 4421 3091 4474 scilicet
3124 4421 3175 4472 in
3210 4435 3381 4486 quan-

1805 4519 1913 4562 tam
1960 4523 2025 4562 ex
2061 4508 2147 4562 his
2186 4508 2272 4562 illa
2309 4508 2504 4563 molem
2551 4507 2694 4564 foret
2727 4509 3034 4563 immaniter
3082 4510 3378 4563 crescendo

1805 4609 2138 4661 surrectura,
2206 4613 2386 4668 opera:
2444 4599 2674 4668 pretium
2703 4598 2832 4652 duxi
2873 4599 3222 4652 considerare
3291 4599 3381 4654 hie
3468 4621 3474 4628 ι

1810 4691 1968 4760 paulo
2019 4691 2301 4756 attentius,
2333 4701 2387 4745 et
2429 4692 2665 4759 epochas
2720 4691 2995 4760 originum
3064 4692 3288 4744 istarum
3323 4692 3375 4746 in

1807 4783 2088 4852 principiis
2149 4799 2340 4851 parum
2398 4783 2689 4846 notabiles,
2741 4798 2805 4837 ex
2852 4783 3129 4852 inopinato
3180 4783 3378 4838 deinde

1808 4889 2063 4928 successu
2115 4882 2445 4927 momentum
2473 4880 2531 4927 et
2572 4871 2955 4926 aestimationis
3001 4870 3252 4925 meritum
3285 4886 3383 4926 na-

1807 4977 1944 5027 ctas.
1986 4966 2099 5020 suis
2127 4975 2312 5020 exacte
2344 4966 2476 5020 locis
2507 4965 2692 5032 ﬁgere.

1875 5078 1937 5132 ll.
1971 5077 2254 5132 Otlunanis
2289 5077 2402 5132 sive
2431 5074 2704 5130 Ottomani
2755 5092 2925 5145 genus
2970 5077 3217 5133 historici
3244 5078 3379 5132 Ara-

1807 5170 1902 5225 bes
1929 5169 2202 5223 deducunt
2224 5184 2253 5222 e
2278 5170 2508 5242 quodam
2534 5165 2781 5222 Soliman
2812 5167 3015 5235 Sltaho,
3039 5184 3198 5238 quem
3225 5170 3376 5222 aiunt

1807 5263 1948 5315 circa
1997 5275 2201 5313 annum
2256 5258 2619 5328 llegirceﬁll.
2667 5257 2822 5327 cujus
2856 5259 2956 5314 fuit
3003 5260 3218 5313 initium
3250 5259 3375 5312 Maii

1807 5351 1922 5404 dies
1954 5351 2018 5403 15
2053 5353 2105 5402 in
2135 5349 2333 5402 Christi
2368 5363 2514 5401 anno
2560 5348 2717 5414 1214,
2752 5349 3030 5418 praefuisse
3082 5351 3376 5416 provincia:

1809 5440 1988 5494 Persis
2018 5439 2298 5507 subjectae,
2353 5454 2470 5506 qua:
2503 5441 2804 5492 vocabatur
2834 5437 3058 5496 Maban.
3117 5439 3215 5493 llic
3254 5455 3375 5492 cum

1809 5551 1836 5588 a
1895 5531 2281 5601 Mognlensium
2333 5532 2593 5600 potentia,
2630 5541 2756 5586 tunc
2804 5533 2902 5587 sub
2953 5534 3126 5602 primo
3158 5531 3375 5585 illorum

1809 5629 2134 5694 imperatore
2183 5623 2554 5693 Gingizchane
2610 5623 3001 5694 irruptiouibus
3049 5624 3103 5678 in
3156 5637 3374 5677 omnem

1808 5728 2014 5788 partem
2075 5713 2481 5769 vehementibus
2507 5715 2640 5770 ﬁnes
2687 5715 2964 5780 ditataute,
3029 5715 3168 5769 tueri
3219 5729 3374 5769 suam

1810 5825 1906 5877 pra
1923 5811 2181 5862 tecturam
2215 5808 2526 5876 desperaret
2553 5822 2728 5877 posse,
2779 5808 3088 5862 convasatis
3126 5823 3245 5876 qua:
3277 5822 3380 5877 po-

1811 5906 1913 5958 tuit
1941 5902 2174 5968 auit-i'rc,
2196 5905 2594 5973 assumptisque
2619 5915 2821 5965 secum,
2848 5915 2951 5971 qua
2981 5917 3010 5958 e
3040 5901 3375 5978 principibus
