3880 6580
495 520 603 590 883

497 653 603 709 qua
649 653 681 693 e
708 636 925 710 populo,
960 636 1051 710 qui
1088 647 1255 691 novas
1291 630 1417 685 alibi
1452 642 1694 702 quaerere
1744 629 1897 684 sedes
1935 629 2069 683 mal-
2097 635 2148 689 Α

497 731 615 786 lent
665 747 825 799 quam
878 732 931 785 in
985 730 1156 801 patria
1208 723 1438 787 servire,
1493 724 1545 777 in
1576 722 1758 776 Asiam
1803 721 2065 775 minorem

504 821 609 876 iter
657 821 914 877 intendit.
943 820 1050 876 Sed
1082 821 1208 875 dum
1275 817 1485 870 incerto
1541 814 1682 868 vado
1735 811 2068 881 Euphratem

502 913 722 982 trajicit,
750 916 906 985 aquis
937 914 1131 969 hausto
1159 911 1402 966 Solimon
1436 908 1640 973 Shaho,
1688 921 1717 960 e
1764 905 1937 960 tribus
1978 902 2070 972 qui

501 1006 619 1077 ejus
647 1006 826 1076 fugam
858 1007 1254 1061 comitabantur
1282 1003 1407 1057 ﬁliis
1437 1003 1541 1055 dno
1574 1002 1802 1070 priores,
1860 993 2073 1051 Sanknr

503 1095 668 1169 Zengi
698 1106 750 1150 et
777 1097 892 1150 Cun
924 1095 1115 1164 'l'ugdi,
1149 1086 1428 1149 redierunt
1460 1093 1512 1145 in
1544 1089 1844 1150 Persidem,
1877 1087 2071 1139 tertius

501 1187 819 1259 Ortogrnles
862 1187 1057 1241 ibidem
1113 1185 1178 1241 ad
1208 1186 1348 1254 ripas
1405 1182 1692 1252 Euphratis
1740 1178 2070 1232 domicilium

502 1280 645 1345 ﬁxit,
675 1281 893 1349 illicque
925 1280 1016 1335 diu
1051 1287 1287 1333 moratus
1318 1287 1430 1331 tres
1459 1274 1709 1330 educavit
1743 1271 1900 1335 lilios,
1930 1271 2073 1325 Con-

502 1374 720 1439 dozum,
749 1372 1090 1427 Sarubanum
1129 1381 1182 1425 et
1207 1358 1556 1423 Othmanem.
1582 1365 1786 1421 Verum
1822 1379 1940 1416 cum
1978 1377 2073 1415 an-

501 1474 658 1532 guste
690 1464 1137 1529 incommodeqne
1165 1461 1502 1521 habitarent,
1551 1456 1834 1532 Sarubano
1867 1453 1976 1507 lilio
2005 1444 2073 1506 ad

501 1554 795 1608 Aladinum
825 1553 991 1609 lconii
1017 1563 1289 1621 satrapam
1310 1552 1488 1621 legato
1527 1551 1690 1603 misso
1725 1528 1947 1617 supplex
1982 1560 2075 1614 pe—

503 1645 591 1700 tiit
629 1645 696 1699 ab
724 1660 788 1699 eo
818 1645 1085 1715 assignari
1119 1644 1219 1699 sibi
1246 1644 1428 1697 locum
1478 1641 1564 1695 ubi
1612 1656 1731 1695 cum
1766 1638 1947 1692 liberis
1976 1638 2071 1691 dc-

500 1745 649 1806 geret
702 1736 756 1790 in
786 1738 944 1792 terris
993 1736 1164 1805 ipsius
1210 1735 1452 1790 ditionis.
1488 1733 1691 1786 Annuit
1732 1741 1970 1800 satrapa,
2020 1737 2074 1785 ct

502 1825 777 1898 Ortogruli
822 1827 1072 1897 permisit
1120 1836 1177 1880 ut
1210 1841 1332 1882 cum
1376 1826 1491 1881 suis
1524 1825 1777 1893 migraret
1808 1825 1863 1876 in
1900 1822 2075 1891 regio-

498 1933 624 1977 nem
657 1919 817 1973 sitam
868 1919 1006 1973 inter
1050 1926 1259 1972 montes
1307 1913 1635 1984 -Tnmalagii
1692 1923 1745 1968 et
1779 1913 2065 1968 Armenim.

502 2010 828 2081 Karaiaptag
862 2011 909 2066 ei
963 2010 1080 2065 loco
1122 2024 1319 2064 nomen
1349 2006 1473 2073 fuit,
1532 2022 1694 2075 quem
1740 2003 1935 2059 insedit
1971 2003 2072 2058 0r-

501 2103 740 2172 togrules
795 2111 946 2156 tanto
989 2116 1217 2155 numero
1286 2114 1508 2154 suorum
1556 2106 1612 2152 ut
1680 2094 2071 2165 quadringenta

502 2194 736 2248 tentoria
769 2193 882 2249 il'lic
912 2192 1015 2247 lixa
1048 2192 1354 2263 explerent.
1417 2190 1549 2245 Rem
1579 2188 1651 2244 ibi
1680 2200 1902 2242 strenue
1935 2186 2073 2241 mul-

502 2289 574 2342 tis
623 2288 804 2352 annis,
843 2287 1070 2342 limitem
1105 2294 1289 2339 tutans
1327 2293 1383 2339 et
1405 2283 1663 2352 auspiciis
1692 2281 1904 2338 Aladini
1928 2280 2077 2349 prin-

499 2381 638 2450 cipis
679 2380 978 2435 lconieusis
1008 2377 1237 2433 feliciter
1281 2376 1541 2439 militans,
1599 2373 1919 2445 Ortugrules
1952 2387 2077 2443 ges-

499 2470 593 2535 sit,
639 2470 817 2541 magni
864 2470 933 2523 ob
974 2469 1077 2524 hoc
1130 2469 1199 2523 ab
1242 2468 1332 2522 illo
1376 2467 1594 2522 habitus
1648 2473 1702 2519 et
1738 2465 2076 2519 desideratus

497 2563 667 2633 827
726 2578 848 2618 cum
905 2561 1013 2615 fato
1067 2560 1283 2615 functus
1324 2567 1430 2626 est,
1469 2557 1608 2626 quod
1669 2557 1898 2627 contigit
1929 2570 2076 2611 anno

498 2653 708 2725 llegirae
764 2654 894 2720 687,
943 2654 1031 2725 qni
1088 2654 1309 2722 conpita
1376 2652 1462 2705 die
1512 2651 1546 2705 6
1593 2649 1870 2705 Februarii
1925 2661 2076 2703 anno

499 2747 701 2802 Christi
732 2747 888 2802 19.88.
933 2746 1116 2801 Haeres
1144 2742 1446 2814 Ortogrulis
1510 2742 1747 2799 Othman
1816 2741 1937 2806 fuit,
1985 2738 2073 2793 cui

500 2849 561 2896 ut
589 2841 643 2896 in
674 2839 1351 2910 Karaiaptagiprincipatu
1390 2836 1525 2906 patri
1555 2836 1870 2891 succederet
1904 2846 2073 2901 prono

497 2934 686 2989 favore
715 2932 980 2987 Aladinus
1019 2931 1267 2996 indulsit,
1304 2939 1357 2983 et
1391 2945 1534 2994 enin,
1570 2928 1745 2997 quoad
1794 2925 1911 2995 ipse
1946 2940 2069 2993 per-

498 3026 638 3080 stitit
678 3028 731 3080 in
778 3025 1037 3095 potentia,
1081 3022 1360 3077 beneficiis
1410 3020 1569 3076 fovit.
1606 3020 1811 3074 Verum
1840 3017 2072 3071 Aladino

497 3127 554 3174 et
583 3118 741 3195 annis
792 3117 903 3188 jam
964 3116 1137 3170 fracto
1163 3124 1218 3170 et
1253 3114 1447 3183 opibus
1507 3112 1797 3176 diminuto,
1859 3119 1918 3164 ut
1957 3109 2069 3180 jam

499 3210 734 3280 amplius
779 3210 945 3264 armis
977 3208 1365 3280 Mogulensinm
1412 3204 1514 3262 sub
1573 3203 1776 3259 Chalau
1811 3213 1863 3257 et
1888 3203 2068 3274 Apaga

496 3304 555 3359 in
587 3303 978 3370 istis’partibus
1005 3301 1413 3370 praevalentium
1461 3312 1523 3353 ac
1561 3307 1751 3352 cuncta
1782 3294 2073 3365 subjugati-

497 3393 632 3451 tium
704 3411 803 3463 par
870 3393 1198 3449 sustinendis
1236 3391 1377 3445 haud
1441 3388 1598 3452 foret,
1652 3402 1736 3444 res
1785 3388 1887 3442 sibi
1941 3364 2138 3442 suasa

497 3499 659 3555 agere
684 3483 981 3538 0thmanes
1009 3479 1194 3548 erepit,
1236 3485 1289 3533 et
1323 3478 1554 3549 propriis
1584 3477 1845 3545 auspiciis
1881 3476 1934 3529 in
1962 3474 2071 3530 llo-

498 3577 646 3631 mani
679 3574 892 3644 imperii
924 3572 1227 3642 provincias
1258 3570 1577 3638 irrumpere,
1607 3583 1709 3621 non
1744 3568 1939 3635 prtedis
1971 3581 2065 3620 so-

493 3669 613 3725 lum
643 3668 766 3723 inde
817 3665 1095 3734 abigendis
1127 3664 1394 3728 intentus,
1435 3662 1528 3717 sed
1566 3671 1622 3716 et
1655 3660 1875 3715 arcibus
1904 3671 2066 3731 atque

497 3756 942 3815 arbibusibidem
981 3755 1331 3826 occupandis.
1361 3754 1512 3820 Quod
1555 3760 1788 3820 emptum
1843 3767 1965 3805 eum
2016 3752 2066 3806 ei

495 3866 563 3906 ex
592 3859 719 3905 voto
739 3849 1114 3911 successisset,
1147 3847 1467 3916 clpugnatis
1494 3853 1546 3898 et
1574 3844 1824 3913 praesidio
1846 3859 2066 3898 suorum

495 3942 723 3999 insessis
755 3942 946 3997 validis
978 3940 1299 4010 quibusdam
1335 3937 1744 3999 munitionibus,
1800 3937 1938 3989 unde
1986 3951 2071 3989 re-

493 4035 712 4107 gionum
782 4032 888 4089 illis
953 4031 1313 4101 adjacentium
1398 4027 1557 4082 facile
1611 4027 1904 4081 dominium
1965 4025 2067 4079 sibi

495 4138 817 4199 perpetuum
851 4133 1140 4187 assereret,
1172 4120 1396 4175 sultanis
1432 4130 1541 4173 tum
1575 4116 2067 4185 demanthman,

494 4223 599 4277 hoc
631 4230 710 4274 est
751 4216 989 4286 supremi
1018 4213 1277 4281 principis
1299 4251 1315 4277 ,
1350 4210 1561 4264 titulum
1620 4209 1793 4278 palam
1833 4224 2069 4277 usurpa-

490 4318 594 4379 vit,
625 4329 770 4369 anno
816 4312 1027 4382 llegirze
1082 4307 1206 4367 699.
1241 4305 1398 4375 cujus
1429 4304 1686 4358 Kalendre
1737 4302 2068 4358 Mnbarrami

494 4411 805 4466 inciderunt
862 4407 915 4461 in
966 4406 1108 4460 diem
1159 4399 1230 4456 28
1289 4398 1625 4470 Septembris
1686 4397 1814 4453 anni
1864 4397 2067 4452 Christi

495 4505 519 4558 1
530 4503 659 4559 299.

568 4597 659 4652 Ill.
703 4595 980 4652 Hactenus
1010 4593 1176 4649 relata
1207 4592 1276 4649 de
1305 4590 1591 4648 Otlimanis
1622 4585 1933 4660 primordiis
1962 4591 2071 4639 tra-

490 4690 634 4745 dunt
677 4688 888 4743 Arabes
934 4687 1274 4755 scriptorcs;
1327 4700 1448 4738 cum
1502 4682 1701 4752 quibus
1750 4690 2068 4747 comparare
2100 4708 2144 4761 ι)

492 4781 726 4852 sparsim
754 4781 824 4835 de
855 4779 941 4834 bis
970 4787 1177 4833 asserta
1213 4793 1243 4830 a
1278 4777 1634 4846 Pachymere.
1670 4789 1731 4826 ac
1762 4786 1922 4840 qitam
1956 4770 2070 4823 [ιεεο

491 4873 564 4928 iis
596 4881 720 4942 apte
752 4879 1059 4942 congruant
1087 4868 1413 4934 ostendere,
1444 4867 1587 4922 labet
1624 4864 1883 4931 deinceps
1917 4875 2072 4915 meus

494 4966 587 5021 sit.
623 4962 897 5032 Principio
928 4968 1117 5028 repeto
1150 4972 1274 5027 quae
1307 4957 1362 5009 in
1398 4955 1515 5025 ipso
1547 4954 1629 5009 sui
1666 4952 1850 5022 operis
1881 4951 2071 5005 limine

496 5066 686 5112 noster
715 5051 1009 5108 historicus
1040 5048 1208 5119 partis
1236 5063 1275 5107 ι,
1308 5045 1349 5099 1.
1383 5060 1418 5110 ι,
1450 5060 1477 5097 a
1506 5059 1556 5097 c.
1589 5044 1622 5097 5
1650 5043 1715 5097 ad
1746 5042 1777 5097 6
1808 5041 1927 5096 fuse
1957 5041 2071 5095 dis.

498 5147 635 5203 serit
665 5145 733 5199 de
764 5143 985 5198 arcibus
1015 5139 1204 5194 limitis
1237 5135 1528 5191 Orientalis
1565 5134 1817 5188 Romana:
1850 5132 2070 5188 ditionis

496 5246 690 5293 contra
727 5236 1001 5291 Persidem
1039 5233 1214 5300 deque
1251 5229 1465 5283 illarum
1507 5236 1787 5282 momento
1827 5227 1890 5282 ad
1930 5236 2068 5281 tute-

495 5331 604 5385 lam
637 5327 891 5397 imperii;
925 5336 1036 5381 tum
1068 5324 1135 5378 de
1165 5337 1293 5378 cura
1317 5335 1471 5399 aqua
1503 5335 1594 5373 eas
1627 5318 1857 5387 amplexi
1891 5318 2067 5371 domi—

495 5427 698 5473 nantes
728 5416 922 5471 Nicaeat
954 5423 1076 5484 post
1111 5413 1359 5466 amissam
1397 5409 1930 5478 Constantinopolim
1968 5409 2069 5462 itu-

494 5518 778 5580 peratores
833 5506 1001 5563 Ctatci
1061 5504 1265 5575 optime
1322 5501 1700 5557 consuluerint
1758 5502 2068 5572 reipublicae

492 5601 807 5659 numerosis
844 5600 1082 5654 virorum
1127 5597 1344 5653 fortium
1390 5595 1656 5664 praesidiis
1697 5594 1748 5648 in
1793 5609 1859 5649 co
1898 5596 2069 5648 limite

490 5692 874 5755 auetorandis,
905 5706 1028 5745 cum
1060 5689 1329 5758 largorum
1361 5688 1755 5757 stipendiorum
1792 5687 1892 5741 tida
1925 5687 2070 5739 solu-

491 5787 643 5841 tione
672 5785 740 5836 ad
771 5784 913 5839 diem
946 5782 1041 5854 [Ρ.
1074 5779 1249 5853 600],
1280 5789 1392 5833 tum
1422 5778 1788 5847 assignatione
1817 5794 2068 5847 agrorum

479 5873 551 5948 .in
580 5874 670 5929 illa
696 5872 892 5929 vicinia
919 5882 973 5925 et
1001 5871 1353 5927 concessione
1382 5869 1575 5937 predze
1607 5869 1784 5922 omnis
1813 5885 1973 5937 quam
2005 5886 2066 5923 ex

494 5963 680 6022 hostili
712 5980 850 6036 agro
898 5965 1112 6022 infestis
1159 5961 1565 6021 incursionibus
1612 5970 1833 6032 possent
1883 5978 2066 6017 corra-

2102 1975 2150 2036 B

1344 518 1410 581 P.
1444 515 1749 579 POSSINI
1789 513 2443 577 OBSERVATlON'UH
2490 512 2639 572 LIB.
2674 509 2792 570 Ill.

3622 514 3707 580 885

2175 633 2324 685 dere.
2358 628 2647 697 timuitque
2680 625 2744 681 ad
2778 624 2829 682 id
2859 624 3130 684 adhibitos
3160 642 3188 682 a
3224 627 3536 700 Byzantinis
3565 631 3718 702 Augu-

2177 723 2273 778 stis
2300 733 2519 778 exteros
2550 722 2787 789 probatae
2816 722 3032 776 virtutis
3060 731 3114 775 et
3143 722 3498 791 experientiae
3524 723 3715 777 bellica,

2175 834 2294 872 rum
2341 832 2562 884 rerum;
2606 830 2838 887 quorum
2884 815 3086 869 multos
3127 813 3257 878 illic,
3306 829 3415 884 qua
3460 816 3634 884 spoliis
3665 833 3717 872 et

2175 911 2332 966 hoste
2363 909 2568 979 raptis,
2604 922 2707 978 qua
2741 906 3093 978 pensionibus
3123 920 3247 960 cum
3281 904 3387 960 (ide
3418 909 3717 967 numeratis.

2173 1019 2279 1073 qua
2311 1003 2578 1057 fructibus
2606 1000 2858 1056 datorum
2893 1002 3029 1071 ipsis
3061 1015 3340 1070 agrorum,
3374 1014 3589 1069 magnas
3613 1001 3717 1052 ade-

2173 1106 2296 1167 ptos
2336 1094 2554 1149 divitias
2592 1095 2699 1157 ait,
2738 1092 2884 1148 unde
2920 1086 3075 1146 tanto
3108 1091 3467 1145 terribiliores
3508 1092 3717 1144 hostibus

2173 1188 2400 1253 ﬁerent,
2439 1201 2503 1242 ac
2541 1187 2741 1241 fortius
2776 1193 3188 1255 propugnarent
3222 1184 3496 1237 Romanas
3530 1184 3716 1251 provin-

2174 1277 2305 1340 cias,
2341 1276 2591 1331 barbaris
2636 1271 2832 1344 procul
2863 1277 3002 1328 intra
3042 1276 3283 1345 ipsorum
3320 1282 3495 1329 terras
3523 1275 3601 1329 vel
3630 1283 3718 1327 ter-

2176 1385 2297 1424 rore
2329 1370 2699 1433 continendis,
2735 1369 2818 1423 vel
2844 1368 2898 1422 vi
2934 1370 3233 1435 armisque,
3266 1368 3309 1420 si
3341 1382 3620 1435 erumpere
3642 1382 3716 1420 eo-

2174 1467 2462 1525 narentur,
2512 1460 2877 1514 retrndendis.
2925 1460 3046 1513 Non
3092 1461 3304 1513 videtur
3354 1459 3573 1513 dubium
3618 1459 3718 1528 quin

2176 1566 2273 1621 par
2308 1552 2363 1604 in
2402 1552 2738 1606 contrarium
2777 1567 2905 1606 cura
2948 1552 3111 1606 fuerit
3149 1538 3478 1607 infestorum
3516 1550 3721 1603 Romano

2177 1645 2384 1699 nomini
2420 1654 2474 1699 et
2507 1645 2830 1699 Christianae
2868 1646 3121 1716 religioni
3165 1645 3563 1700 Saracenorum
3598 1645 3722 1709 prin-

2176 1737 2357 1806 cipum
2384 1778 2396 1799 ,
2434 1746 2525 1789 aut
2558 1734 2843 1791 Persidem
2879 1744 2976 1790 aut
3009 1736 3219 1790 vicinas
3255 1738 3303 1790 ei
3344 1736 3497 1789 limiti
3532 1735 3717 1804 provin-

2175 1830 2289 1884 cias
2324 1828 2425 1883 sub
2461 1843 2558 1882 sua
2587 1829 2797 1882 ditione
2833 1828 3182 1895 habentium;
3224 1827 3369 1881 inter
3402 1841 3537 1896 quos
3568 1826 3722 1880 Aladi-

2177 1937 2279 1975 nus
2311 1920 2409 1974 fuit
2442 1920 2664 1991 dynasta
2698 1920 2885 1975 sedem
2919 1919 3132 1988 imperii
3169 1918 3379 1972 habens
3406 1918 3567 1974 lconii
3589 1959 3603 1980 ,
3629 1933 3723 1987 qua

2178 2022 2262 2067 est
2290 2012 2422 2066 urbs
2455 2011 2739 2083 Lycaonia:
2767 2010 3048 2082 primaria.
3082 2009 3265 2076 Quare
3295 2024 3418 2062 cum
3450 2008 3587 2078 apud
3617 2011 3724 2062 An-
3768 2072 3773 2079 .

2175 2104 2273 2158 bas
2311 2095 2600 2158 historicus
2620 2104 2854 2174 legimus
2890 2112 3177 2157 evocatum
3212 2100 3280 2156 ab
3317 2102 3425 2154 hoc
3456 2115 3521 2153 ex
3553 2099 3594 2152 Τ
3599 2112 3723 2151 rans.

2175 2192 2524 2262 euphratensi
2574 2194 2799 2264 regione
2872 2191 3219 2259 Ortogrulem
3283 2207 3409 2246 cum
3460 2190 3647 2245 familia
3683 2200 3727 2240 et

2176 2283 2323 2339 inter
2357 2295 2571 2340 montes
2601 2284 2907 2355 Tumnlagii
2938 2292 2996 2338 et
3025 2283 3321 2347 Armeniae,
3356 2283 3563 2346 indoco
3592 2281 3723 2349 cujus

2177 2377 2275 2448 ipsi
2311 2377 2646 2448 toparchiam
2678 2377 3040 2441 concesserit,
3072 2377 3423 2439 collocatum,
3455 2375 3724 2444 intelligere

2177 2471 2441 2525 debemus
2471 2468 2612 2522 illam
2647 2468 3094 2539 Karaiaptagam,
3121 2468 3401 2539 regionem
3433 2448 3719 2521 attributam

2174 2565 2342 2636 828
2370 2564 2642 2635 Ortogrnli
2674 2565 2743 2620 ab
2772 2565 3021 2629 Aladino,
3054 2564 3224 2619 fuisse
3253 2565 3525 2619 conilnem
3558 2562 3723 2616 Roma-

2174 2661 2263 2714 nis
2303 2660 2407 2713 illis
2447 2659 2609 2713 modo
2649 2657 2964 2713 memoratis
3005 2657 3262 2723 arcibus;
3302 2667 3359 2711 et
3398 2657 3596 2712 militia!
3631 2656 3723 2708 illic

2175 2752 2379 2808 dudum
2407 2756 2717 2808 constitutae
2742 2752 2959 2820 lateque
2984 2751 3347 2806 formidandae
3373 2750 3721 2819 stipendiario-

2174 2862 2294 2902 rum
2328 2857 2635 2901 cxterorum
2669 2843 2928 2898 Romanis
2959 2844 3218 2914 Augustis
3252 2844 3610 2907 militantium,
3638 2858 3719 2911 op-

2174 2941 2404 3012 positam
2441 2955 2469 2993 a
2502 2938 2715 2993 sultane
2744 2937 2971 2991 Aladino
3007 2937 3167 2991 istam
3202 2936 3484 2990 cohortem
3518 2951 3720 3003 sequer-

2176 3035 2310 3091 tium
2332 3033 2607 3088 fortunam
2626 3031 2933 3102 Ortogrulis
2953 3045 3179 3101 peregre
3197 3030 3407 3100 appulsi
3429 3029 3716 3083 Turcorum.

2174 3128 2263 3197 qui
2279 3126 2671 3195 quadringenta
2687 3124 2794 3177 illic
2811 3124 3159 3177 tabernacula
3175 3120 3668 3193 complerent.Quod
3680 3121 3714 3171 si

2174 3229 2389 3291 tempus
2434 3220 2751 3288 indagemus
2798 3230 2906 3285 quo
2952 3214 3217 3285 migrasse
3262 3213 3651 3283 Karaiaptaga'n
3689 3224 3715 3263 e

2175 3311 2291 3379 ripa
2324 3308 2613 3380 Euphratis
2642 3306 2900 3361 ulteriore
2928 3304 3235 3376 Ortogrulis
3261 3304 3517 3359 familiam
3543 3300 3715 3355 Arabes

2169 3399 2429 3461 indicant.
2461 3398 2793 3468 reperiemus
2830 3397 2943 3451 fere
2973 3396 3269 3451 convenire
3298 3396 3354 3448 iu
3386 3393 3711 3464 prircipatum

2170 3488 2395 3546 Joannis
2437 3491 2708 3552 Batatzze,
2752 3490 2841 3558 qui
2882 3488 3076 3542 Nicaea:
3116 3486 3322 3542 Graecis
3364 3486 3626 3552 imperavit
3654 3484 3713 3535 ab

2171 3599 2314 3637 anno
2352 3580 2486 3637 1228
2523 3583 2588 3635 ad
2630 3580 2787 3641 19.55.
2823 3595 2931 3649 quo
2967 3580 3204 3634 moriens
3238 3592 3601 3633 successorem
3627 3575 3711 3627 ba-

2170 3672 2289 3728 buit
2318 3673 2668 3728 Theodorum
2697 3672 2889 3725 lilium.
2919 3670 3022 3724 Per
3049 3671 3137 3725 illa
3170 3679 3413 3740 tempora
3443 3679 3495 3723 et
3521 3668 3633 3721 inde
3656 3667 3708 3719 ari

2172 3775 2444 3835 receptam
2480 3778 2509 3819 e
2543 3764 2750 3818 Latinis
2785 3760 3322 3831 Constantinopolim
3354 3761 3644 3831 vigentibus
3669 3767 3711 3809 et

2171 3872 2403 3912 numero
2432 3866 2594 3927 atque
2624 3856 2910 3911 alacritate
2941 3855 3366 3923 praevalentibus
3397 3852 3709 3923 prtesidiariis

2170 3948 2577 4003 limitanearum
2606 3949 2815 4001 arcium
2846 3946 3065 4015 imperii
3090 3946 3320 3999 Romani
3351 3956 3535 3999 contra
3561 3943 3706 3997 Persi-

2172 4037 2293 4093 dem
2316 4079 2332 4103 ,
2368 4038 2526 4092 facile
2561 4039 2629 4093 ab
2664 4036 2769 4092 illis
2813 4037 3191 4092 sustinebatur
3224 4038 3459 4107 impetus
3492 4035 3708 4090 barbaro-

2171 4147 2290 4187 rum
2332 4132 2385 4186 in
2428 4131 2761 4202 quotidianis
2798 4129 3205 4183 velitationibus
3242 4129 3555 4198 plerumque
3588 4125 3702 4179 infe-

2171 4224 2373 4279 riorum
2394 4240 2407 4289 ;
2431 4223 2608 4293 quoad
2636 4221 2875 4291 pessimo
2897 4220 3124 4274 consilio
3146 4229 3399 4289 suggesto
3416 4235 3444 4272 a
3463 4216 3705 4275 Cbadeuo,

2171 4317 2400 4372 Michael
2432 4316 2765 4384 Palmologns
2798 4323 3088 4383 postquam
3125 4313 3180 4367 in
3219 4312 3507 4381 imperium
3540 4308 3707 4363 invasit

2172 4407 2586 4477 circumscripto
2617 4407 2824 4477 pupillo
2850 4404 3063 4459 Joanne
3094 4403 3367 4458 Theodori
3398 4404 3626 4457 Lascaris
3653 4402 3704 4449 li-

2170 4494 2264 4559 lio,
2301 4496 2391 4550 ubi
2434 4510 2493 4549 se
2531 4496 2759 4564 potitum
2800 4494 3274 4563 Constantinopoli
3315 4493 3516 4547 Latinis
3552 4500 3701 4556 erepta

2169 4587 2343 4652 vidit,
2376 4586 2465 4641 isti
2501 4586 2817 4656 praesidiarii
2852 4585 3082 4640 Romani
3112 4585 3301 4639 limitis
3328 4586 3507 4639 vexari
3538 4581 3701 4636 fiscali—

2170 4679 2275 4735 bus
2304 4678 2589 4734 calumniis
2619 4687 2675 4732 et
2705 4679 2773 4733 ad
2807 4678 3041 4747 inopiam
3075 4676 3277 4748 redigi,
3307 4676 3575 4747 minuique
3602 4675 3702 4727 inde

2175 4788 2297 4827 cum
2337 4772 2537 4827 animis
2580 4781 2694 4825 tum
2733 4771 2941 4825 viribus
2978 4779 3035 4825 et
3077 4785 3306 4825 numero
3342 4778 3625 4840 ctepcrunt,
3656 4776 3703 4816 ul

2156 4858 2423 4920 ~observat
2461 4863 2826 4934 Pachymeres
2868 4861 3091 4916 ibidem.
3131 4862 3361 4928 Quando
3398 4862 3699 4932 potissimum

2173 4957 2466 5028 contigisse
2500 4956 2763 5011 credibile
2794 4963 2908 5020 est,
2943 4954 3085 5023 quod
3123 4954 3331 5009 Arabes
3368 4955 3626 5013 indicant.
3653 4957 3701 5001 ut

2171 5045 2488 5117 Ortogrules
2508 5061 2632 5102 cum
2659 5045 2772 5100 suis
2794 5059 3052 5114 prospere
3073 5044 3126 5097 in
3151 5044 3425 5099 Romanos
3449 5040 3700 5113 pugnando

2170 5141 2385 5196 laudem
2418 5141 2486 5195 ab
2515 5140 2778 5205 Aladino,
2811 5138 2967 5208 cujus
3000 5138 3259 5208 auspiciis
3293 5138 3581 5200 militabat,
3608 5147 3701 5187 me-

2173 5244 2401 5287 rcretur.

2244 5324 2331 5378 IV.
2372 5324 2483 5379 Nec
2526 5340 2652 5377 vero
2696 5322 2853 5377 istam
2900 5321 3202 5394 Ortogrulis
3246 5333 3301 5378 et
3347 5323 3565 5377 filiorum
3605 5318 3702 5387 ejus

2172 5415 2432 5469 adversus
2467 5416 2834 5484 praesidiarios
2871 5409 3235 5469 Romanarum
3273 5417 3475 5470 arcium
3509 5426 3701 5478 compa-

2172 5517 2341 5562 ratam
2377 5522 2617 5577 operam,
2648 5521 2702 5561 et
2734 5508 3012 5577 q-nesitam
3049 5504 3101 5561 in
3135 5508 3330 5562 vicinia
3362 5523 3425 5562 ex
3456 5514 3592 5575 parte
3616 5502 3700 5555 ad-

2171 5594 2340 5654 versa:
2371 5600 2606 5655 Persidis
2633 5601 2918 5656 stationem
2949 5599 3308 5669 Paehymeres
3340 5602 3447 5668 ipse
3476 5597 3703 5651 dissimu-

2171 5691 2264 5746 lat.
2306 5692 2382 5745 En
2430 5694 2548 5761 ejus
2588 5693 2750 5746 verba
2795 5692 2899 5744 vol.
2945 5690 2993 5750 Ι,
3041 5706 3091 5758 p.
3138 5689 3203 5743 18
3243 5708 3257 5742 :
3308 5690 3427 5743 Post
3466 5692 3565 5743 hrrc
3598 5686 3706 5739 viris

2173 5783 2395 5852 funibus
2436 5786 2575 5837 inter
2611 5783 2802 5837 Persas
2828 5822 2841 5845 ,
2880 5784 3063 5851 quibus
3101 5783 3268 5836 cumis
3305 5783 3498 5837 vivendi
3529 5795 3631 5848 spes
3664 5784 3705 5829 et

2172 5874 2398 5926 conditio
2434 5875 2487 5951 in
2525 5874 2689 5926 armis
2721 5882 2833 5926 erat
2859 5912 2872 5934 ,
2906 5873 3105 5925 caeteris
3138 5872 3406 5929 inclinatis
3438 5873 3500 5927 ad
3534 5869 3707 5926 Tacitus

2172 5983 2289 6033 ros,
2321 5969 2409 6036 qui
2444 5983 2606 6037 nuper
2638 5966 2909 6038 imperium
2948 5964 3235 6021 Persarum
3271 5977 3608 6039 occuparant,
3638 5976 3705 6014 re-
