3880 6552
187 463 276 524 ἓ85
1470 467 2140 531 CllllONDLOGICUS.

3296 472 3415 534 85-6

181 573 467 630 bellantibus
504 575 669 629 visum
703 584 1050 645 opportunum
1088 587 1163 635 est
1203 582 1436 651 refugere
1471 585 1541 637 ad
1576 585 1725 638 clau-
1756 604 1798 658 Α
1829 586 1969 655 quod
2003 588 2251 655 superius
2286 587 2694 656 exscriisimus.
2745 588 3083 657 Ortogrnl‘em
3114 586 3411 642 Othmanis

177 684 272 722 ma
298 668 615 736 castellaque
644 672 900 724 montium
920 712 936 736 ,
969 680 1019 725 et
1051 672 1172 726 inde
1202 675 1375 728 uicina
1405 676 1724 731 incursando

177 767 310 826 rapto
337 775 398 811 ae
425 760 619 825 praedis
647 761 843 814 victum
869 778 1121 833 quwrere.
1156 763 1277 819 llaec
1304 766 1417 827 ille,
1446 783 1566 835 quae
1594 766 1725 838 quin

175 849 451 920 Ortogrulis
498 851 715 907 familias
756 856 1088 915 conveniant
1134 856 1507 928 Karaiaptagse
1554 875 1725 930 prope

174 957 311 996 arces
334 941 539 996 Roman
554 960 605 997 1s
631 945 685 997 in
713 945 912 1001 ﬁnibus
934 949 1174 1004 Persidis
1199 951 1500 1016 collocatae,
1525 968 1727 1023 negare

173 1050 315 1089 nemo
338 1035 568 1103 poterit.
595 1037 685 1105 qui
717 1040 1018 1105 praesertim
1049 1043 1347 1097 attenderit
1375 1045 1440 1098 ad
1470 1046 1558 1099 hic
1586 1046 1728 1099 iudi-

172 1136 324 1183 catam
351 1128 468 1193 eius
496 1130 841 1185 aversionem
874 1147 904 1186 a
931 1133 1194 1190 Tocharis
1223 1139 1565 1193 invasoribus
1594 1139 1728 1192 Pcr-

170 1219 318 1280 sidis,
349 1219 548 1287 quibus
581 1237 650 1275 ne
682 1238 875 1291 parere
908 1237 1194 1294 cogeretur
1224 1229 1727 1283 Sollman-Shahus

170 1309 450 1383 Ortogrulis
503 1323 681 1383 pater,
735 1316 864 1372 inde
919 1319 1103 1375 relicta
1162 1322 1439 1389 provincia
1494 1322 1724 1392 fugerat.

169 1404 309 1458 Addit
341 1406 521 1458 statim
553 1404 918 1478 Pacbymeres
954 1412 1324 1480 praesidiarios
1357 1413 1726 1471 Romanarum

169 1497 377 1562 arcium,
400 1509 685 1568 utcunque
729 1503 876 1571 agris
922 1504 1180 1557 multatos
1228 1514 1283 1559 et
1332 1506 1526 1574 praedae
1572 1516 1728 1577 parte

169 1589 404 1658 spoliatos
434 1590 772 1659 imprudenti
804 1596 1030 1648 avaritia
1061 1593 1342 1650 Michaelis
1374 1598 1534 1664 primi
1567 1613 1596 1650 e
1630 1598 1729 1651 Pa-

170 1680 379 1752 laeologis
411 1682 762 1752 imperatoris
785 1726 800 1750 ,
832 1686 1162 1741 abstinuisse
1191 1687 1412 1756 quidem
1444 1690 1511 1743 ah
1545 1689 1731 1745 incur-

168 1775 316 1829 sando
341 1774 474 1829 fines
502 1776 765 1843 hostium,
788 1778 931 1847 quod
958 1788 1118 1833 antea
1144 1779 1437 1834 utilissime
1462 1780 1724 1849 fecerant,

170 1878 325 1920 tamen
349 1882 504 1921 arces
530 1867 668 1936 ipsis
690 1869 1009 1924 commissas
1032 1868 1139 1924 ﬁde
1160 1872 1431 1926 constanti
1461 1875 1722 1939 tenuisse,

1830 685 2035 746 patrem
2070 678 2273 733 obiisse
2311 692 2454 731 anno
2485 678 2693 750 llcgirae
2719 679 2941 750 687,qni
2967 694 3031 733 ex
3067 690 3216 747 parte
3248 679 3397 732 eoin.

1828 763 1958 818 cidit
1986 780 2107 818 cum
2132 780 2276 818 anno
2323 764 2486 820 Chris
2515 768 2526 819 i
2560 766 2981 838 1288,lnclytum
3007 764 3216 822 bellicis
3268 782 3392 821 suc-

1829 855 2097 920 cessibus,
2132 854 2200 911 de
2236 856 2481 911 Romana
2512 857 2768 914 videlicet
2798 844 3003 915 Pet‘sici
3033 858 3224 912 limitis
3253 859 3395 913 milio

1832 949 1902 1002 lia
1934 951 2139 1014 relatis,
2168 950 2369 1021 quippe
2397 966 2516 1020 qua:
2540 954 2652 1020 jam
2696 959 2810 1006 tum
2843 966 2872 1006 a
2908 959 3123 1021 recepta
3145 950 3214 1005 de
3247 950 3397 1005 Lati-

1827 1040 1912 1094 nis
1926 1039 2532 1113 Constantinopoli,hoc
2555 1051 2637 1096 est
2658 1041 2726 1097 ab
2752 1041 2907 1096 annis
2936 1050 3084 1095 retro
3098 1040 3398 1104 sexdecim,

1826 1131 2095 1186 debilitari
2122 1133 2277 1187 valde
2319 1143 2579 1202 coeperat.
2602 1135 2782 1200 Quare
2804 1131 3104 1187 succedens
3138 1130 3400 1200 Ortogruli

1827 1222 2063 1277 Othman
2084 1224 2227 1278 lilius
2250 1225 2455 1294 aliquot
2474 1227 2582 1295 jam
2615 1234 2725 1281 tum
2746 1227 2933 1280 habuit
2958 1224 3073 1279 loca
3105 1226 3171 1279 de
3200 1224 3401 1279 Roma-

1827 1314 1916 1369 nis
1946 1330 2109 1370 manu
2142 1319 2519 1388 parta,quihus
2545 1320 2697 1389 plura
2752 1320 3062 1389 majoraque
3112 1328 3400 1388 postquam

1827 1422 2090 1460 annorum
2143 1408 2375 1477 plurium
2401 1406 2656 1464 continua
2716 1410 2971 1465 felicitate
2998 1408 3066 1463 ad
3114 1421 3398 1479 paleruam

1826 1497 2200 1569 Karaiaptagae
2248 1499 2538 1570 adjecisset
2580 1503 2868 1567 ditionem,
2895 1501 3117 1556 sultanis
3148 1501 3402 1573 denique,

1829 1591 1930 1644 hoc
1961 1602 2042 1646 est
2070 1594 2309 1662 supremi
2340 1595 2623 1665 principis,
2679 1612 2877 1651 nomen
2930 1592 3073 1649 haud
3132 1600 3403 1654 dubitavit

1827 1697 2114 1752 usurpare,
2148 1685 2284 1737 tueri
2317 1698 2375 1739 se
2408 1685 2539 1739 illud
2573 1703 2732 1759 posse
2761 1693 3195 1764 sperans.llujus
3218 1693 3403 1766 primae

1829 1785 1893 1826 ac
1919 1772 2072 1840 quasi
2101 1771 2514 1829 fundamentalis
2540 1778 2764 1846 epochze
2818 1779 3145 1839 Ottomanici
3192 1783 3404 1855 imperii

1829 1862 2013 1916 sedem
2082 1878 2148 1917 ex
2210 1878 2339 1918 vero
2395 1864 2450 1918 in
2516 1866 2707 1941 ordine
2783 1856 3086 1941 temporum
3168 1858 3449 1928 statuere‘

169 1958 381 2024 quandiu
433 1974 636 2013 annuas
686 1961 983 2030 pensiones
1032 1963 1098 2017 ad
1146 1962 1350 2018 victum
1403 1967 1728 2022 necessariae
1762 1964 1800 2019 Β
1830 1963 2074 2010 "031mm
2125 1958 2396 2025 οεῐνίιιιοιι
2445 1936 2655 2015 emes”
2707 1962 3027 2017 conabimur
3080 1979 3236 2035 comp
3271 1965 3405 2019 “"3

169 2051 380 2119 praebita:
411 2051 547 2121 ipsis
577 2067 611 2106 e
641 2053 773 2108 fisco
803 2064 931 2109 sunt
960 2073 974 2109 :
1009 2057 1107 2111 has
1134 2071 1266 2111 vero
1297 2055 1429 2127 ipsis
1462 2059 1722 2130 suppedi-

172 2142 256 2196 tari
286 2143 510 2198 desiisse
548 2153 676 2212 post
709 2156 942 2201 mortem
978 2147 1293 2212 Michaelis,
1326 2149 1445 2204 solo
1471 2149 1582 2219 jam
1614 2150 1726 2206 An-

170 2234 368 2289 dronico
402 2237 736 2305 imperante,
776 2238 860 2311 [P.
896 2240 1024 2311 60l|
1066 2240 1272 2297 diserte
1304 2250 1496 2296 noster
1526 2244 1727 2298 asserit

171 2327 258 2381 vol.
286 2326 351 2391 ll,
378 2343 432 2396 p.
460 2327 595 2391 268,
627 2329 717 2384 ubi
749 2331 978 2386 alterunt
1006 2332 1175 2403 829
1203 2334 1400 2402 fontem
1430 2334 1727 2389 euervatio-

170 2418 235 2469 nis
265 2416 464 2485 imperii
496 2416 672 2474 luisse
705 2421 900 2477 scribit
927 2424 1313 2491 parcimoniam
1345 2423 1494 2492 plene
1524 2424 1731 2479 solven-

170 2508 332 2560 darum
360 2522 425 2563 ea:
456 2509 567 2578 ﬁde
603 2511 933 2578 pensionnm,
972 2529 1090 2582 quia
1124 2514 1481 2582 praesidiariis
1520 2517 1727 2570 arcium

171 2600 214 2651 in
241 2600 398 2655 limite
427 2602 662 2657 sitarum
700 2603 825 2657 olim
862 2613 1077 2660 statuta:
1110 2608 1316 2674 fuerant
1353 2608 1405 2660 in
1441 2610 1726 2662 mercedem

172 2706 314 2757 opera:
352 2692 642 2757 militaris,
685 2694 817 2748 adeo
859 2696 972 2749 illic
1017 2686 1086 2751 ad
1131 2714 1463 2752 communem
1507 2700 1730 2755 tutelam

172 2787 469 2838 necessariis.
511 2784 615 2841 Ila?
647 2788 878 2856 maligne
909 2806 1047 2844 nunc
1076 2792 1572 2865 suppeditabantur,
1608 2812 1734 2848 ava-

172 2877 277 2931 ritia
307 2880 677 2947 praefectorum
710 2884 1008 2951 erogationi
1041 2888 1276 2951 pecuniw
1311 2887 1572 2955 publicae,
1604 2905 1734 2958 quo.

172 2982 269 3019 rum
298 2971 665 3039 opponebatur
698 2971 855 3026 lucris
889 2975 1025 3039 quod
1061 2992 1153 3047 per
1185 2987 1392 3032 astulas
1427 2978 1732 3047 frustratio-

173 3073 276 3112 nttm
313 3070 448 3115 artes
487 3062 829 3131 diﬂ'nndenda
874 3068 1210 3133 prwtextibus
1249 3070 1413 3135 vafris
1455 3072 1732 3126 solutionis

172 3149 240 3203 die
269 3152 463 3206 miseris
501 3154 763 3209 militibus
825 3157 1232 3212 subtraltebatur
1268 3163 1487 3227 irctium
1523 3164 1731 3218 sudoris

173 3251 210 3293 et
234 3245 514 3313 sanguinis.
547 3246 626 3299 Ita
660 3246 747 3300 ille
779 3247 882 3314 ibi;
914 3250 1002 3318 qui
1036 3259 1092 3303 et
1121 3252 1305 3306 multis
1339 3252 1570 3309 inferius
1596 3256 1730 3310 locis

174 3331 415 3399 significat
442 3352 557 3391 non
589 3339 702 3406 jam
734 3339 909 3394 solum
944 3358 1039 3412 per
1071 3344 1332 3399 fiscalium
1365 3347 1734 3405 calumniosas

175 3422 395 3492 fraudes,
425 3431 522 3485 sed
556 3431 742 3485 edicto
770 3432 888 3503 ipso
917 3449 982 3489 ac
1011 3435 1169 3503 jussu
1202 3439 1407 3494 diserto
1437 3441 1733 3497 Andronici

175 3515 372 3587 Augusti
398 3521 698 3589 pensiones
719 3531 774 3577 et
796 3533 1209 3584 auctoramenta
1234 3530 1542 3585 istiusmodi
1566 3531 1588 3586 l
1591 3532 1735 3587 uisse

175 3607 470 3666 interversa.
510 3612 670 3668 Unde
703 3619 1015 3673 necessario
1045 3621 1273 3689 contigit
1305 3623 1511 3677 arcium
1545 3635 1734 3680 custo-

175 3699 297 3756 diam
337 3705 559 3775 negligi,
601 3720 665 3760 ac
706 3709 965 3776 quasdam
1010 3711 1251 3781 ipsarum
1295 3715 1350 3768 in
1394 3715 1626 3769 militum
1669 3733 1734 3772 cx

176 3803 305 3862 parte
343 3794 585 3851 Persidis
628 3803 931 3857 contrarias
975 3803 1224 3861 Romano
1265 3807 1423 3863 limiti
1471 3808 1736 3864 stationes

175 3884 509 3943 obtinentium
558 3891 748 3946 venire
791 3905 1143 3961 potestatem.
1189 3897 1461 3954 Sustinuit
1499 3900 1735 3968 quodam

178 3986 397 4050 tempore
425 3984 606 4039 labent
639 3986 781 4041 illam
813 4003 876 4042 ac
908 3990 1120 4043 ruinam
1152 3989 1277 4043 felix
1311 3990 1484 4044 Alexii
1514 3990 1735 4044 Philan-

179 4069 405 4142 ηκτοι)εηὶ
452 4094 555 4147 per
600 4079 717 4134 illos
766 4090 971 4135 tractus
1017 4082 1227 4146 militia,
1270 4082 1487 4138 circiter
1529 4099 1732 4137 annum

177 4162 349 4220 Christi
397 4168 557 4229 1295,
603 4171 897 4227 Andronici
945 4174 1031 4238 l5,
1080 4189 1145 4228 eo
1193 4175 1340 4229 missi
1388 4192 1510 4230 cum
1556 4176 1734 4230 valido

178 4256 412 4320 exercitu,
446 4272 613 4332 prout
643 4262 767 4317 fuse
800 4276 985 4320 narrat
1020 4266 1404 4338 Pachymeres,
1436 4270 1473 4324 Ι.
1506 4286 1589 4334 tu,
1621 4271 1729 4325 vol.

179 4341 248 4407 ll,
272 4362 319 4400 c.
347 4350 410 4416 9,
442 4353 544 4407 sed
581 4363 866 4423 postquam
900 4357 944 4412 is
978 4359 1246 4415 rebellans
1275 4377 1304 4418 a
1334 4362 1621 4418 Libadario
1651 4374 1733 4420 est

179 4449 466 4511 oppressus,
493 4454 552 4499 et
581 4443 778 4510 Persae,
808 4448 899 4517 qui
931 4449 1033 4503 sub
1063 4466 1128 4505 eo
1159 4453 1558 4519 militaverant,
1592 4457 1731 4511 male

180 4528 368 4585 multati
403 4535 606 4588 reversi
642 4536 895 4602 domum,
928 4547 981 4592 et
1010 4555 1171 4595 causa
1205 4543 1374 4598 cladis
1406 4546 1730 4603 ulciscendae

1825 2045 2062 2101 Arabum
2088 2048 2541 2119 chronologorum
2569 2060 2625 2106 et
2650 2054 2818 2106 nostri
2851 2053 3201 2128 Pachymeris
3251 2058 3406 2110 testi-

1825 2138 2041 2192 moniis.
2065 2138 2253 2195 Refert
2284 2141 2663 2213 Pachymercs,
2702 2159 2757 2213 p.
2781 2143 2906 2209 327,
2944 2149 3226 2202 Atmanem
3254 2147 3410 2202 iuva-

1825 2226 1989 2281 luisse
2006 2227 2199 2297 opibus
2215 2228 2466 2299 adjuncta
2484 2231 2585 2285 sibi
2598 2247 2759 2287 manu
2779 2233 3073 2290 fortissima
3088 2238 3100 2289 l
3121 2238 3404 2292 ellatorum

1827 2320 2214 2373 acerrimorum
2242 2320 2408 2390 830
2444 2336 2475 2376 e
2510 2320 2897 2395 Paphlagonia,
2923 2334 2980 2382 et
3009 2327 3273 2384 ObSlSlt‘l'C
3302 2328 3404 2383 sibi

1828 2421 2078 2463 conatum
2127 2408 2461 2465 Muzalonem
2487 2410 3006 2471 Romanumducem
3048 2419 3163 2474 acie
3209 2419 3407 2474 vicisse

1829 2515 1997 2570 prope
2038 2499 2411 2557 Nicomediam
2432 2505 3248 2581 Bithyniaa'metropolim,qnam
3271 2512 3399 2566 inde

1831 2593 2017 2647 urbem
2040 2593 2187 2649 velut
2212 2593 2488 2650 obsessam
2516 2600 2689 2670 campi
2719 2600 2972 2658 dominus
3001 2605 3407 2660 tenuerit.‘ll:cc

1833 2686 2275 2754 cont‘gissecirca
2290 2687 2567 2758 Bapheum
2592 2706 2760 2761 prope
2772 2691 3138 2749 Nicomediam
3154 2694 3241 2749 die
3260 2697 3406 2751 vice-

1832 2774 1969 2829 sima
1990 2777 2217 2845 septima
2239 2778 2441 2833 mensis
2457 2776 2586 2833 Jhlii
2614 2781 3192 2855 diserte'Pachymeres
3215 2786 3374 2842 tradit
3390 2805 3413 2844 ε.

1836 2878 2039 2919 annum
2068 2882 2133 2920 ex
2191 2869 2333 2923 serie
2372 2884 2551 2924 rerum
2582 2870 2844 2927 verisimil
2871 2882 2953 2928 ter
2979 2873 3311 2930 allirmamus
3344 2878 3397 2929 in

1835 2955 2063 3026 Synopsi
2100 2959 2435 3014 hunci’u'sse
2485 2960 2687 3016 Christi
2739 2961 2904 3030 1999;
2965 2966 3210 3035 sequenti
3271 2966 3409 3022 1500

1834 3051 2064 3117 putarim
2081 3054 2325 3106 evenisse
2343 3053 2482 3120 quod
2503 3062 2690 3108 noster
2714 3066 2917 3121 narrat,
2937 3073 2990 3127 p.
3015 3057 3141 3122 415,
3160 3057 3301 3114 videl
3325 3070 3409 3114 cet

1834 3142 2091 3211 quasdam
2122 3144 2392 3199 [hmanas
2419 3147 2602 3216 copias
2641 3149 2776 3202 duce
2808 3149 3041 3218 quodim
3097 3150 3282 3215 Szuro.
3338 3155 3417 3206 ab

1838 3234 2163 3302 imperatore
2190 3236 2255 3290 ad
2281 3251 2398 3292 eam
2431 3238 2684 3292 tuendam
2718 3241 3047 3309 provinciam
3078 3243 3263 3309 misso,
3300 3246 3415 3298 col-

1759 3307 1801 3363 C
1839 3325 2005 3382 lectas
2057 3328 2125 3382 ab
2183 3332 2412 3383 Attnane
2461 3307 2745 3387 occidione
2781 3333 2949 3388 fuisse
2997 3333 3221 3390 deletas:
3250 3307 3415 3390 Unde

1838 3421 2004 3473 victor
2051 3420 2248 3475 Atman
2302 3423 2641 3493 progrediens
2688 3423 3025 3479 Belocomam
3066 3427 3246 3497 (verba
3282 3438 3413 3483 sunt

1838 3510 2215 3581 I’achymeris)
2252 3512 2491 3567 insiliens
2530 3516 2584 3568 vi
2609 3516 2774 3583 capit,
2809 3527 2855 3569 et
2890 3514 2961 3569 ibi
2985 3525 3217 3582 repertos
3246 3518 3412 3572 intcr~

1838 3603 1980 3671 fecit.
2014 3602 2132 3671 Ipse
2159 3614 2334 3658 autem
2370 3606 2639 3660 immensis
2681 3607 2867 3674 opibus
2908 3624 2969 3662 ea
2994 3609 3193 3664 clausis
3231 3612 3413 3663 muni-

1841 3697 1978 3750 tione
2059 3698 2258 3765 potitus
2317 3700 2575 3775 prrgdives
2640 3701 2762 3755 inde
2821 3709 2898 3755 est
2974 3698 3205 3757 habitus.
3262 3704 3416 3758 Areis

1838 3790 2025 3857 quippe
2077 3788 2223 3842 illius
2274 3792 2611 3845 munimentis
2675 3793 2778 3845 situ
2814 3802 2864 3846 et
2921 3801 3037 3847 arte
3087 3793 3277 3848 validis
3345 3795 3415 3848 ad

1838 3884 2070 3950 quesita:
2115 3886 2347 3954 pecunia:
2380 3886 2673 3939 custodiant
2705 3902 2852 3952 usus,
2901 3904 3117 3958 magnos
3153 3889 3257 3942 sibi
3299 3889 3415 3943 [ἡε-

1839 3988 2049 4039 sauros,
2095 3974 2233 4028 unde
2258 3974 2380 4029 belli
2411 3994 2474 4030 ac
2503 3977 2833 4046 principatus
2865 3977 3127 4042 expediret
3152 3991 3409 4048 sumptus,

1839 4081 2019 4119 secure
2054 4066 2294 4120 conditos
2326 4068 2395 4120 ad
2434 4084 2651 4120 manum
2700 4068 2905 4124 habuit.
2964 4068 3171 4123 Harum
3221 4087 3417 4141 magna

1837 4173 1964 4227 pars
1986 4156 2359 4212 calamitatum
2383 4159 2436 4211 in
2460 4158 2689 4213 Prusam
2707 4156 3042 4226 redundavit,
3063 4163 3140 4214 sic
3159 4162 3415 4216 nudatam

1835 4249 2157 4317 possessione
2187 4253 2307 4318 agri
2330 4249 2415 4302 sui
2445 4260 2493 4303 et
2507 4228 2649 4303 intra
2668 4266 2938 4305 murorum
2961 4252 3217 4306 ambitum
3255 4253 3420 4307 reda-

1835 4348 1997 4402 ctam,
2016 4348 2121 4393 etc.
2149 4336 2236 4411 [P.
2262 4338 2394 4411 602]
2414 4337 2537 4395 Haec
2556 4339 2915 4412 Pachymcres
2937 4357 3088 4411 ;qu2e
3116 4342 3248 4397 satis
3269 4345 3416 4398 clare

1834 4432 1943 4485 indi
1981 4439 2072 4485 ant
2094 4433 2445 4486 mutationem
2476 4433 2580 4487 hoc
2595 4444 2837 4503 tempore
2863 4433 2918 4487 in
2938 4434 3169 4488 Atmane
3194 4434 3412 4498 factam,

1833 4525 1984 4593 quasi
2036 4540 2067 4578 e
2104 4524 2312 4594 privato
2361 4524 2413 4577 in
2444 4526 2801 4594 principalem
2833 4535 3055 4581 statum.
3119 4526 3418 4582 Audiamus

179 4624 227 4670 et
258 4620 442 4679 ﬁducia
483 4626 686 4680 nullius
725 4628 860 4681 satis
894 4630 1084 4685 validae
1122 4648 1429 4690 occursurae
1470 4636 1728 4691 Romana:

1834 4613 1940 4683 jam
1966 4614 2194 4668 Arabas.
2215 4614 2281 4667 Hi
2306 4629 2502 4683 magno
2526 4629 2791 4670 consensu
2811 4620 3075 4671 allirmant
3091 4618 3413 4671 0.hmanem

180 4715 448 4779 potentiae,
496 4716 968 4786 Pltilanthropeno
1012 4736 1171 4788 quem
1220 4740 1387 4777 unum
1436 4726 1731 4780 timuerant

182 4810 363 4865 amoto,
401 4806 624 4861 arcibus
665 4807 776 4878 jam
818 4810 1033 4864 cunctis
1077 4811 1231 4880 potiti
1275 4812 1631 4869 licentissime
1676 4814 1733 4870 in

182 4892 431 4963 Subiectas
461 4897 690 4967 imperio
718 4899 968 4969 regiones
1001 4904 1197 4970 passim
1231 4903 1585 4958 inundarunt.
1621 4905 1733 4961 lloc

185 4997 421 5043 metnorat
449 4987 814 5061 Pachymeres
835 5030 850 5054 ,
883 4991 929 5045 l.
954 5008 1013 5047 nt
1036 5035 1048 5056 ,
1080 4993 1186 5048 vol.
1218 4995 1263 5049 ll
1287 5036 1302 5059 ,
1331 5011 1381 5052 c.
1414 4995 1480 5049 14
1501 5038 1514 5059 ,
1544 5005 1597 5050 ct
1625 5012 1734 5051 co:-

185 5071 310 5139 pissc
335 5079 549 5133 videtur
573 5082 641 5134 ah
672 5096 817 5134 anno
845 5081 976 5136 Chr.
1011 5083 1166 5149 1297,
1195 5085 1407 5155 imperii
1434 5087 1732 5142 Andronici

189 5163 270 5228 l5;
297 5168 512 5225 durasse
539 5189 671 5225 vero
699 5172 815 5227 sine
847 5174 1272 5239 intermissione,
1303 5176 1411 5231 imo
1440 5195 1561 5232 cum
1592 5187 1736 5232 atro-

188 5255 400 5315 cioribus
430 5263 663 5317 subinde
698 5267 965 5320 malorum
997 5270 1307 5337 augtnentis
1331 5309 1344 5333 ,
1377 5286 1549 5340 usque
1580 5271 1648 5327 ad
1681 5271 1739 5324 li-

189 5361 292 5401 nem
323 5351 478 5422 hujus
512 5355 794 5421 Historias,
829 5357 1147 5429 intelligitur
1179 5376 1245 5414 ex
1278 5360 1738 5430 frequentissimis

192 5453 243 5491 ea
266 5441 326 5495 de
349 5456 402 5497 re
428 5447 600 5500 nostri
634 5448 876 5502 historici
903 5450 1143 5518 querelis
1168 5467 1230 5504 ac
1257 5451 1737 5506 latnentationihus

192 5544 273 5597 per
301 5550 522 5593 cunctos
559 5538 674 5594 fere
708 5551 1107 5613 consequentes
1146 5542 1309 5613 hujus
1349 5544 1530 5614 operis
1572 5544 1739 5599 libros

194 5622 392 5687 sparsis.

289 5788 346 5847 ν.
416 5799 492 5853 Ex
521 5798 605 5855 his
652 5811 801 5872 patet
828 5800 988 5874 quam
1033 5820 1397 5862 consentanee
1426 5808 1492 5862 ad
1540 5816 1741 5863 nostra:

202 5876 341 5951 huius
364 5886 595 5947 historiae
620 5898 938 5950 tnetnoriam
977 5896 1213 5954 Arabum
1246 5899 1468 5981 annales
1499 5899 1740 5957 referant

1833 4707 2148 4776 etaparcha
2175 4706 2541 4777 Karaiaptagre
2562 4715 2617 4761 et
2674 4708 2901 4778 simplici
2926 4720 3138 4780 satrapa
3187 4709 3417 4765 sultanis

1834 4818 1930 4858 seu
1958 4801 2193 4870 supremi
2223 4801 2423 4855 domini
2459 4814 2656 4855 nomen
2707 4801 2852 4855 asciv
2878 4815 2967 4856 sse
3021 4816 3166 4858 anno
3205 4800 3418 4871 Hegirzn

1836 4892 1959 4947 699.
1982 4889 2150 4961 Hujus
2174 4892 2299 4944 anni
2326 4905 2446 4944 cum
2476 4888 2729 4944 Kalendae
2758 4889 3085 4945 lluharrami
3115 4892 3419 4947 insederint

1836 4984 1978 5039 diem
2003 4983 2073 5037 28
2112 4982 2660 5053 Septembrisluliani
2709 4984 2761 5034 in
2809 4997 2952 5038 anno
3006 4984 3205 5039 Christi
3254 4985 3417 5042 1299;

1837 5088 1890 5131 et
1910 5090 2069 5146 quam
2095 5089 2514 5129 memoravzmus
2542 5091 2572 5129 e
2593 5074 2843 5148 Pachym'
2865 5092 2921 5130 re
2964 5075 3268 5130 Belocoma:
3324 5091 3418 5130 ex-

1837 5167 2094 5237 pugnatio
2127 5167 2194 5221 ad
2237 5180 2453 5222 menzes
2492 5165 2712 5220 aestivos
2765 5166 3090 5236 pertinuisse
3145 5166 3414 5230 deeatur,

1839 5258 2250 5330 intelligendum
2293 5256 2616 5326 relinquitur
2648 5272 2879 5326 regnare
2933 5260 3247 5322 Attna'ncm,
3302 5258 3420 5312 sine

1843 5352 1950 5407 ulla
1974 5350 2082 5420 jam
2152 5349 2588 5404 dissimulatione
2614 5350 2936 5404 vocabulum
2989 5350 3200 5420 imperii
3243 5350 3418 5419 palam

1842 5440 2439 5511 usurpaudo,cazpisse
2467 5454 2612 5494 anno
2634 5441 2837 5495 Christi
2870 5438 3028 5499 1500.
3061 5441 3219 5509 idque
3252 5440 3303 5493 in
3335 5437 3423 5492 Bi—

1843 5533 2023 5603 thynia
2055 5533 2121 5586 ad
2156 5531 2344 5585 urbem
2377 5529 2625 5597 Prusam,
2656 5546 2815 5602 quam
2845 5532 3008 5600 paulo
3034 5538 3153 5602 post
3174 5530 3423 5585 ciftrisse

1842 5622 2139 5692 subiectam
2192 5620 2490 5674 tributariae
2535 5621 2684 5690 pacis
2732 5622 2974 5686 nomine,
3016 5634 3203 5674 revera
3265 5620 3419 5674 dedi-

1845 5715 1989 5768 tione
2013 5727 2074 5766 ac
2101 5712 2441 5779 subiectione
2468 5713 2648 5781 plena,
2673 5714 2850 5767 innuit
2880 5712 3261 5782 Pachymeres,
3291 5712 3421 5767 dum

1844 5807 1923 5863 sic
1944 5807 2089 5861 scrib
2115 5814 2154 5872 t,
2179 5823 2231 5876 p.
2253 5805 2352 5859 597
2381 5826 2395 5861 :
2431 5804 2606 5860 Prusa
2636 5808 2749 5875 ipsa
2782 5803 3179 5858 calamitatibus
3202 5803 3422 5858 subacta

1848 5898 2143 5970 ingentibus
2183 5914 2352 5953 emere
2383 5915 2413 5950 α
2440 5897 2612 5952 Persis
2667 5906 2941 5950 numerato
2977 5896 3200 5950 immani
3252 5896 3419 5968 pretio
