3880 6534
461 399 566 467 837

1344 409 1410 472 Ρ.
1454 410 1754 471 POSSINI
1795 412 2445 483 OBSERVATIONUM
2485 424 2630 486 LIB.
2680 422 2795 487 lIl.

3597 432 3686 498 888

466 520 707 572 "mbram
729 516 904 589 ραεῖεν
935 534 1030 587 Pro
1067 535 1211 583 rem.
1245 536 1402 591 quam
1435 522 1768 577 mendacibus
1809 526 2037 591 pramis-
2063 532 2109 589 Α
2140 531 2401 589 lectorem
2430 536 2707 593 mantissa:
2729 539 2854 595 loco
2904 555 3179 611 apponere
3211 541 3684 604 considerationem

467 613 542 666 sis
584 622 939 679 ostentarent,
986 628 1134 682 pace.
1170 612 1245 668 lta
1279 613 1390 669 ille.

512 772 517 777 ,
566 701 652 757 Vl.
709 702 833 758 thec
864 713 1171 759 tamennon
1200 720 1265 760 eo
1294 704 1451 760 traho
1477 715 1536 761 ut
1560 706 1866 763 existimem
1906 706 2043 763 Pru-

465 803 578 848 tmn
605 795 817 849 Atmani
854 794 964 865 jam
1011 804 1124 849 tum
1157 797 1303 866 regni
1337 796 1602 869 principio
1640 799 1799 869 plene
1826 813 2042 870 pOSsRS-

464 900 603 962 sum.
632 904 754 940 cum
779 903 896 945 eam
927 887 1149 959 quidam
1180 890 1413 944 Arabum
1443 889 1547 945 sub
1604 888 1768 944 tinem
1831 898 2042 945 tantum

462 987 589 1032 vita-
615 977 881 1043 Atntan‘s,
911 977 1127 1050 quidam
1172 980 1392 1036 nonnisi
1428 988 1552 1051 post
1602 981 1720 1051 ejus
1773 981 1980 1037 obitum
2012 996 2042 1036 a

466 1074 499 1125 ti
528 1073 578 1126 io
607 1071 728 1140 ejus
757 1080 811 1125 et
834 1086 1152 1128 successore
1172 1072 1424 1129 Urchanc
1455 1074 1674 1144 penitus
1700 1075 2042 1146 subjugatam

466 1164 703 1220 tradant.
740 1163 941 1219 Verum
969 1180 1090 1220 cum
1126 1180 1244 1219 eam
1275 1166 1461 1222 urbem
1490 1168 1708 1221 arcibus
1757 1167 2046 1221 undecun-

464 1271 569 1325 que
604 1273 633 1309 a
662 1272 722 1312 se
757 1258 1023 1327 possessis
1042 1258 1274 1312 cinctam
1305 1265 1360 1313 ct
1392 1259 1713 1329 vectigalem
1730 1259 1795 1312 ad
1832 1257 2044 1312 libitum

467 1348 712 1413 haberet,
747 1362 902 1416 ωτιυο
933 1349 1149 1403 interim
1177 1349 1363 1417 animo
1390 1348 1734 1419 ferebatejus
1762 1364 1821 1404 se
1838 1342 2065 1419 ingreso’

464 1457 528 1494 su
557 1442 865 1505 exclusum,
894 1456 1053 1510 quem
1096 1441 1204 1495 sibi
1235 1455 1300 1496 ac
1342 1441 1457 1495 suis
1510 1441 1827 1512 aliquando,
1859 1449 1917 1494 ut
1958 1455 2047 1495 res

465 1544 582 1586 tum
609 1548 668 1586 se
700 1517 1009 1594 'babebant,
1039 1531 1209 1587 libere
1235 1531 1582 1601 pendendum
1646 1541 1793 1588 certa
1845 1547 2050 1602 praesu-

468 1624 650 1679 mebat
700 1638 820 1692 spe.
858 1621 915 1676 In
948 1624 1050 1678 hoc
1094 1624 1257 1691 igitur
1285 1624 1658 1689 incumbebat,
1698 1635 1757 1679 ut
1809 1624 1921 1695 agri
1986 1640 2049 1682 ac

465 1715 762 1785 provinciae
790 1712 956 1781 illius,
983 1729 1179 1784 nempe
1201 1713 1466 1786 Bithyniae
1494 1717 1784 1778 universe,
1815 1715 1916 1770 sibi
1947 1716 2047 1771 do-

464 1806 697 1861 minium
719 1812 1010 1866 assereret,
1042 1805 1187 1875 quod
1218 1805 1657 1877 consequebatur
1701 1806 1919 1861 arcibus
1942 1804 2051 1875 pri-

468 1900 678 1967 mariis,
703 1905 760 1954 et
789 1897 932 1954 unde
956 1898 1172 1953 urbium
1199 1909 1513 1968 magnarum
1542 1898 1688 1952 salus
1710 1907 1765 1953 et
1788 1898 2050 1953 securitas
2083 1905 2124 1961 Β

466 1991 633 2063 83],
672 1987 958 2061 penderet,
989 1990 1324 2061 occupandis
1351 1998 1405 2043 et
1428 1989 1768 2044 validissimo
1797 1987 2050 2058 praesidio

470 2083 740 2159 tenendis,
770 2082 911 2138 sicut
951 2081 1116 2137 modo
1139 2097 1263 2137 eum
1318 2082 1555 2138 vidimus
1585 2082 1638 2135 in
1663 2080 1948 2137 Belocoma
1972 2079 2050 2134 t'e-

467 2180 628 2244 cisse,
661 2175 719 2230 in
755 2190 858 2246 qua
886 2175 1071 2230 claves
1102 2171 1288 2231 Prusae
1318 2175 1543 2245 reperit;
1578 2175 1654 2229 nti
1711 2183 1768 2230 et
1813 2173 2047 2229 Nicaeam

465 2269 567 2325 sibi
596 2268 919 2338 subiugasse
983 2267 1134 2322 visus
1162 2273 1248 2322 est
1292 2276 1450 2337 capta
1477 2275 1534 2323 et
1585 2266 1701 2322 suis
1731 2265 2052 2323 ﬁrmissimis

465 2360 637 2430 c0piis
664 2361 871 2416 insessa
902 2358 1203 2415 Tricoccia.
1235 2358 1350 2425 Qua
1373 2358 1443 2413 de
1494 2374 1555 2414 re
1596 2359 1751 2430 juvat
1801 2368 2048 2413 nostrum

468 2451 560 2505 hic
585 2448 971 2522 Pachymerem
998 2450 1211 2515 audire,
1241 2465 1297 2520 p.
1329 2449 1457 2516 657,
1476 2450 1805 2505 scribentem
1830 2449 1884 2504 in
1905 2449 2053 2506 hunc

467 2542 692 2598 modum
728 2562 741 2599 :
776 2541 937 2597 Circa
964 2541 1209 2596 Nicream
1251 2543 1393 2595 malo
1427 2553 1557 2595 sane
1606 2541 1720 2596 loco
1763 2558 1844 2597 res
1874 2552 2049 2610 erant,

465 2638 692 2690 Atmaue
732 2643 925 2688 cuncta
970 2633 1082 2687 illic
1144 2641 1330 2704 agente
1394 2633 1712 2702 ferenteque.
1776 2635 1856 2688 Ac
1889 2634 2053 2704 paulo

462 2736 586 2798 post
628 2745 640 2783 :
677 2727 869 2795 Itaque
927 2724 1181 2793 infestum
1227 2727 1520 2778 exercitum
1582 2752 1652 2766 -
1709 2726 2052 2792 reuientibus,

464 2814 661 2873 Atmau
723 2817 970 2873 credidit.
1015 2815 1293 2871 Hactenus
1349 2812 1736 2887 Pachymeres,
1784 2832 1851 2872 ex
1897 2817 2055 2887 cujus

467 2909 671 2981 triplici
702 2909 866 2964 modo
887 2919 1191 2963 memorata
1223 2907 1540 2962 narratione
1564 2922 1748 2963 rerum
1778 2909 1847 2963 ab
1872 2908 2056 2963 Alma-

468 3016 560 3069 ue,
588 3002 654 3057 ad
673 3000 1046 3057 Nicomediam
1074 3001 1218 3056 victo
1242 2998 1545 3067 Muzalonc,
1572 3001 1638 3056 ad
1693 3000 1917 3058 Prusam
1960 3016 2056 3059 ca-

468 3107 560 3167 pta
595 3092 907 3158 Befocoma,
940 3094 1006 3149 ad
1028 3093 1257 3148 Nicaeam
1285 3103 1590 3164 expugnata
1611 3093 1889 3150 Trieoccia
1958 3111 2055 3167 ge-

470 3199 703 3256 starum,
729 3185 1080 3242 manifestum
1119 3196 1204 3242 est
1226 3187 1483 3242 habuisse
1511 3187 1662 3241 illum
1699 3189 1752 3242 in
1787 3198 2056 3257 potestate

468 3281 779 3337 universam
804 3277 1131 3350 Bithyniam,
1154 3278 1331 3332 tribus
1352 3277 1460 3332 illis
1482 3278 1758 3348 primariis
1781 3280 1901 3350 ejus
1930 3294 2056 3349 pro-

466 3374 664 3430 vinciae
694 3372 945 3439 urbibus,
974 3371 1077 3426 etsi
1122 3384 1229 3425 non
1279 3370 1440 3440 plene
1495 3371 1783 3440 possessis,
1843 3372 2040 3427 saltem

362 3478 371 3481 ‘
467 3465 709 3536 undique
734 3479 767 3519 e
792 3463 1111 3527 rcumdatis,
1146 3472 1203 3519 et
1230 3464 1372 3518 lenta
1397 3465 1476 3518 sic
1498 3463 1787 3519 obsidione
1810 3479 1933 3518 cum
1968 3465 2057 3516 iu-

467 3557 626 3613 terim
657 3571 754 3627 pro
799 3555 950 3610 libita
996 3556 1289 3610 macerand
1314 3571 1341 3610 s
1367 3562 1423 3610 et
1448 3558 1678 3624 pccun'a
1730 3555 2051 3621 multandis,

469 3660 583 3706 tum
614 3647 849 3717 denique
893 3647 1201 3704 certiss'me
1261 3646 1545 3703 trahendis
1604 3646 1709 3701 sub
1749 3646 2052 3701 absolutum

469 3744 852 3814 integrumque
898 3738 1220 3795 dominium.
1268 3740 1481 3809 ldquod
1543 3755 1652 3792 non
1682 3737 1782 3808 ipsi
1838 3737 2052 3807 quideu

370 3858 373 3859 ν
467 3836 664 3905 obtigit
705 3832 943 3887 Atmani.
980 3831 1178 3887 Verum
1205 3831 1348 3886 illius
1374 3830 1549 3886 haeres
1570 3840 1627 3885 et
1666 3829 1813 3884 titius
1839 3829 2055 3885 Ureba-

466 3940 588 3996 ncs,
617 3941 778 3998 quem
808 3924 1244 3989 Cantacuzenus,
1276 3924 1319 3979 l.
1340 3937 1490 3987 tu,c.
1524 3924 1804 3986 9,.statum
1866 3921 1920 3976 in
1948 3935 2058 3991 quo

468 4035 593 4076 eum
629 4027 781 4089 pater
807 4016 1046 4072 moriens
1074 4015 1397 4085 reliquerat,
1425 4014 1739 4086 exprimens
1780 4023 2056 4082 satrapam

469 4110 768 4169 Orientalis
789 4106 847 4167 lli
883 4108 1058 4179 hyniae
1072 4105 1329 4177 appellat,
1355 4105 1508 4160 brevi
1526 4119 1584 4160 se
1606 4104 1876 4176 Bithyniae
1894 4105 2060 4160 totius

470 4204 768 4276 principi-tn
792 4202 1047 4263 ostendit.
1075 4198 1269 4264 Prusa,
1289 4196 1600 4252 Nicomedia
1623 4207 1678 4251 et
1701 4196 1878 4250 Niczea
1897 4196 2059 4267 plane

471 4297 719 4361 domitis,
746 4306 1033 4366 postquam
1104 4292 1232 4347 huic
1283 4292 1487 4345 ultimae
1547 4287 1880 4357 periclitanti
1929 4303 2060 4358 sup-

473 4388 648 4459 petias
676 4383 1022 4443 Andronicus
1075 4384 1261 4454 junior
1322 4395 1621 4438 accurrens
1685 4381 1936 4451 repulsus
2002 4389 2059 4435 et

475 4480 793 4535 vulneratus
825 4480 879 4534 in
914 4478 1120 4534 temore
1161 4475 1408 4532 recessit.
1430 4475 1600 4544 Cujus
1628 4490 1824 4546 pugnae
1855 4490 1921 4529 ac
1941 4474 2060 4527 vul-

2141 626 2377 682 duornm
2423 640 2671 686 veterum
2724 633 3217 703 oraculorum.quat
3242 650 3343 705 per
3380 636 3495 689 haec
3532 635 3686 694 tuisse

2143 730 2351 789 patrata
2378 724 2590 779 eventis
2619 740 2727 779 non
2765 726 3043 781 immerito
3062 726 3206 782 credi
3240 735 3446 797 potest;
3473 726 3526 781 id
3563 730 3688 796 quod

2142 827 2211 868 eo
2240 814 2424 869 minus
2449 816 2690 872 alienum
2718 818 2787 873 ab
2824 818 2929 874 hoc
2988 822 3105 875 loco
3136 818 3278 876 forte
3345 821 3528 882 tuerit.
3568 822 3691 893 quod

2143 922 2331 962 eorum
2358 908 2587 964 alterum
2601 920 2689 966 est
2713 911 3049 981 implicatum
3073 928 3195 969 cum
3222 914 3529 971 rationibus
3549 917 3691 971 thro-

2143 1000 2410 1072 nologicis
2436 1003 2785 1074 quibusdam,
2819 1020 3082 1062 numeros
3112 1022 3144 1060 a
3172 1006 3334 1061 nobis
3367 1007 3454 1062 hic
3474 1009 3691 1063 subduc-

2147 1101 2230 1149 tos
2290 1104 2441 1150 recto
2498 1095 2711 1167 positos
2764 1098 2975 1155 calculo
3004 1100 3443 1156 sdstruentibus.
3506 1100 3694 1156 Becth

2146 1186 2402 1256 antiquus
2435 1190 2669 1258 scriptor
2710 1192 3357 1253 Zosimus.historiarnm
3413 1192 3453 1246 l.
3483 1209 3540 1249 ιι.
3583 1192 3689 1263 Ery-

2147 1280 2332 1337 thram
2373 1282 2458 1337 vel
2502 1283 2792 1354 Epirotica:
2827 1285 3045 1356 Sibyllae
3075 1286 3181 1341 hoc
3210 1286 3530 1343 vaticinium
3559 1305 3573 1344 :

2218 1396 2295 1470 Al)
2321 1399 2443 1452 τότε
2480 1398 2724 1470 Βιθυνῶν
2753 1405 2916 1468 γαῖαν
2948 1402 3104 1454 λύκοι
3134 1402 3428 1470 οἰκήσουσι

2221 1467 2848 1547 βᾼηνλὸςιὲπιφρρσέηςισι
2882 1488 2896 1502 ·
2929 1473 3068 1547 valli)
3090 1473 3138 1526 δ’
3173 1467 3504 1547 tamquam
3534 1476 3661 1547 ἁρχὴ

2220 1536 2541 1609 Ἀνδράσινζ
2574 1539 2627 1597 οἳ
2662 1538 2935 1607 Βύζαντος
2975 1536 3093 1606 ἕδος
3122 1536 3584 1599 κατανάιστάωσιξ

2323 1629 2374 1699 2
2407 1628 2548 1685 Tunc
2603 1632 2948 1702 Bithynorum
2998 1644 3193 1690 terram
3253 1637 3369 1703 lupi
3418 1636 3700 1692 habitabant

2276 1703 2414 1755 ιύἱιιο
2442 1703 2664 1757 consilia
2686 1721 2706 1769 ;
2725 1706 2963 1759 celeriter
2987 1716 3163 1760 autem
3194 1708 3516 1773 superreniet
3536 1707 3699 1761 horum

3229 1775 3580 1849 [principatus

2232 1836 2374 1896 Viris
2396 1841 2486 1911 qui
2519 1840 2777 1914 Byzantia
2804 1845 2977 1900 solum
3017 1836 3278 1902 incolunt}

2157 1956 2329 2027 llujus
2359 1966 2617 2015 eventum
2638 1960 2938 2029 prophetiae
2956 1970 3189 2018 conatur
3203 1963 3460 2018 Zosimns
3478 1963 3703 2034 adaptare

2149 2054 2291 2108 atati
2323 2054 2665 2109 Constantini
2697 2063 2753 2110 et
2788 2056 3177 2112 restaurationi
3209 2066 3379 2129 atque
3431 2058 3703 2127 ampliﬁca-

2153 2143 2286 2199 tioni
2316 2158 2412 2213 per
2446 2160 2573 2200 eum
2608 2146 2768 2202 facta:
2788 2146 3243 2219 Byzantii.Quam
3261 2152 3558 2219 recte,ipse
3580 2151 3703 2204 iide-

2153 2236 2260 2303 rit;
2295 2252 2401 2291 non
2447 2238 2592 2293 enim
2621 2239 2751 2294 satis
2780 2247 3003 2310 apparet
3027 2241 3156 2310 quid
3188 2240 3294 2296 ista
3330 2242 3534 2295 mentio
3572 2237 3704 2306 lapa-

2153 2342 2269 2385 rum
2293 2329 2596 2401 Bithyniam
2619 2333 2969 2386 habitantium
2997 2348 3119 2388 cum
3149 2332 3504 2388 exornatione
3530 2330 3706 2402 Byzan-

2154 2424 2282 2479 time
2320 2425 2469 2479 urbis
2511 2438 2803 2479 commune
2846 2424 3062 2480 habeat.
3086 2423 3343 2478 Dicamus
3382 2438 3480 2477 nos
3496 2421 3613 2476 licet
3634 2436 3707 2474 ac-

2155 2516 2556 2573 comnmdatius
2593 2517 2658 2571 ad
2685 2516 2927 2587 speciem
2960 2517 3110 2581 veri,
3132 2530 3230 2587 per
3271 2514 3526 2587 Sibyllam
3549 2513 3707 2567 divino

2154 2610 2384 2664 atllatam
2415 2611 2631 2680 spiritu,
2663 2619 2814 2664 tanto
2851 2619 2977 2665 ante
3004 2610 3090 2665 his
3118 2608 3290 2664 fuisse
3319 2607 3704 2680 pra-nuntiatum

2153 2701 2339 2756 verbis
2379 2710 2630 2756 exortum
2664 2698 2999 2757 Ottomsnici
3032 2700 3247 2771 imperii
3305 2715 3336 2753 a
3396 2698 3707 2769 praedon'bus

2155 2798 2327 2852 avidis
2348 2806 2404 2850 et
2428 2797 2619 2868 lupina
2644 2798 2946 2854 voracitate
2966 2813 3030 2853 ac
3072 2797 3405 2853 crudelitate
3430 2795 3702 2866 praeditis-in

2156 2888 2406 2962 Bithynia
2440 2890 2670 2955 fundati,
2716 2891 2802 2946 cui
2832 2906 2939 2945 non
2963 2891 3136 2945 multo
3163 2899 3288 2959 post
3320 2899 3556 2958 tempore
3604 2902 3706 2941 suc-

2155 2982 2412 3039 cumbere
2435 2981 2659 3037 deberet
2696 2981 3005 3053 Byzantina:
3040 2979 3190 3035 urbis
3214 2980 3707 3050 imperantis‘poten-

2158 3077 2231 3130 tia
2252 3086 2303 3131 et
2323 3076 2602 3146 splendor.
2631 3075 2928 3132 barbarica
2958 3076 3216 3146 deinceps
3244 3075 3521 3130 servitutis
3547 3074 3702 3143 iugum

2158 3168 2540 3237 gravissimum
2560 3176 2611 3221 et
2631 3168 3105 3238 prolirosissimum
3122 3162 3509 3220 laturanGneci
3530 3160 3703 3231 Byzan-

2078 3240 2125 3305 ο
2160 3259 2257 3313 tini
2288 3260 2341 3312 in
2380 3275 2595 3329 prunam
2632 3260 2782 3328 impii
2812 3267 2867 3313 et
2911 3258 3208 3328 pertinacis
3238 3257 3310 3311 ab
3344 3256 3570 3310 Ecclesia
3615 3251 3703 3306 Ilo-

2158 3364 2317 3404 mana
2347 3353 2590 3404 omnium
2622 3360 2795 3404 matre
2856 3350 2984 3405 inde
3012 3363 3185 3417 usque
3215 3363 3243 3400 a
3268 3346 3449 3402 Photii
3477 3345 3704 3414 tempori-

2157 3443 2259 3499 bus
2281 3445 2588 3499 continuati
2616 3445 2947 3507 schismatis,
2975 3444 3166 3496 duram
3197 3439 3704 3511 ayLatinisConstan-

2160 3538 2445 3607 tin0polint
2481 3553 2578 3607 per
2603 3552 2781 3592 annos
2803 3545 2926 3591 orto
2956 3551 3119 3605 supra
3156 3535 3551 3605 quinquaginta
3578 3528 3701 3584 obti-

2160 3630 2419 3685 nen‘ihns
2447 3630 2769 3684 servitutem
2796 3631 2940 3698 passi
2974 3627 3215 3691 fuerant;
3239 3643 3306 3682 ex
3348 3644 3451 3698 qua
3480 3624 3703 3696 protecis-

2158 3736 2218 3779 se
2261 3722 2361 3777 visi
2383 3731 2530 3786 sunt,
2550 3721 2678 3775 dum
2701 3737 2764 3776 ea
2788 3720 3001 3775 liberati
3027 3719 3255 3773 Romani
3276 3735 3426 3789 papa:
3452 3716 3701 3787 primatum

2159 3824 2513 3885 agnoverunt.
2550 3816 2619 3869 At
2648 3813 2738 3868 ubi
2771 3811 3030 3868 M'cltaele
3060 3811 3218 3866 istius
3260 3808 3559 3866 concordia:
3600 3819 3703 3859 auc—

2163 3919 2279 3964 tore
2298 3918 2536 3968 mortuo,
2559 3906 2703 3962 titius
2719 3906 2836 3976 ejus
2858 3905 3204 3960 Andronicus
3221 3905 3464 3974 pessimo
3480 3898 3701 3959 cons'lio,

2159 4018 2278 4072 quae
2305 4011 2455 4070 pater
2481 3999 2838 4056 saluberrime
2856 4007 3121 4054 statuerat
3137 3997 3477 4056 rescindens.
3499 4007 3554 4048 se
3577 4006 3704 4045 suos-

2160 4109 2265 4162 que
2292 4092 2488 4147 lterum
2519 4107 2549 4146 a
2583 4093 2714 4146 sede
2742 4089 2887 4145 Petri
2934 4091 3339 4145 contumaciter
3368 4087 3590 4155 abrupit,
3612 4093 3703 4137 δεξι-

2162 4185 2256 4239 tim
2314 4184 2406 4240 Dei
2465 4185 2657 4239 ultoris
2708 4182 3050 4253 providentia
3107 4181 3413 4251 praeparari
3464 4188 3615 4247 cwpt
3660 4182 3703 4227 et

2160 4278 2360 4332 sensim
2397 4278 2448 4331 in
2480 4275 2727 4347 Bithynia
2754 4285 3115 4330 concrescere
3167 4270 3510 4328 Ottomanica
3546 4278 3701 4340 tyran-

2162 4368 2269 4431 nis,
2298 4383 2327 4423 a
2349 4383 2455 4438 qua
2507 4368 2641 4424 diris
2661 4368 3010 4422 continenter
3037 4365 3283 4420 cladibus
3334 4361 3574 4436 ﬂag-nati
3620 4359 3702 4429 ΒΓ

2163 4459 2386 4520 zantini,
2410 4476 2532 4514 cum
2561 4459 2782 4513 minime
2801 4455 3203 4527 resipiscerent.
3234 4457 3329 4512 sed
3351 4456 3513 4524 magis
3535 4463 3701 4520 mags.

472 4574 618 4628 ueris
644 4572 890 4629 meminit
907 4571 1319 4627 Cantacusenus
1344 4566 1428 4641 [Ρ.
1460 4542 1609 4641 665.]
1631 4542 1667 4623 l.
1704 4542 1764 4632 tt,
1786 4583 1837 4623 c.
1860 4567 1913 4634 7,
1936 4568 2051 4624 inde

2165 4568 2270 4623 que
2310 4555 2359 4605 in
2412 4551 2603 4607 haeresi
2627 4567 2691 4605 ac
2717 4551 3012 4606 schismate
3041 4549 3484 4607 obfirmareulur,
3527 4542 3571 4596 vi
3602 4550 3700 4593 tan-

470 4674 714 4722 sccutam
754 4675 935 4721 tamen
966 4664 1162 4719 Nicaea
1191 4662 1523 4718 deditionem
1575 4677 1766 4733 parum
1823 4661 2056 4716 candide

467 4758 847 4824 dissimulans,
875 4774 1038 4829 quam
1063 4755 1301 4828 ingenue
1334 4754 1575 4810 fatentur
1598 4754 1889 4824 G-regoras,
1913 4755 1950 4810 l.
1978 4773 2052 4817 ιχ.

467 4863 524 4907 ιιι
548 4852 851 4907 Phrantzes
870 4867 923 4907 c.
945 4849 1003 4914 2,
1025 4849 1060 4903 Ι.
1089 4864 1130 4915 ι,
1161 4856 1223 4904 ιιι
1237 4848 1487 4903 omittam
1510 4845 1655 4902 idem
1680 4846 1887 4901 diserte
1912 4847 2057 4901 atiir-

467 4951 685 5002 tnantes
716 4941 923 4997 Arabas
954 4939 1425 5010 scriptores,inter
1451 4952 1592 5005 quos
1619 4951 1814 4992 onmes
1852 4951 2053 4992 conve-

466 5039 553 5093 nit
603 5033 865 5089 Ianicmid
896 5044 951 5088 et
980 5026 1135 5087 lsuik
1164 5030 1268 5102 (sic
1297 5029 1372 5085 illi
1424 5028 1798 5084 Nicomediam
1854 5038 1912 5083 et
1956 5026 2053 5083 Ni-

468 5142 636 5184 caeam
650 5125 961 5182 nominant)
981 5122 1051 5176 ab
1076 5119 1337 5177 Urchane
1354 5116 1647 5172 Otbmanis
1668 5116 1778 5171 tilio
1799 5124 1922 5185 post
1941 5131 2053 5186 pa—

469 5220 573 5278 tris
590 5232 820 5274 mortem
844 5226 1036 5286 captas
1060 5214 1247 5271 fuisse.
1271 5212 1519 5267 Brusiam
1548 5225 1678 5265 vero
1702 5210 1797 5278 (ita
1822 5208 2050 5265 Prusam

467 5310 769 5383 appellant)
811 5308 1032 5378 quidam
1063 5306 1276 5361 illorum
1322 5303 1577 5359 0thmani
1612 5303 1790 5357 adhuc
1825 5302 2049 5365 viventi,

464 5404 556 5459 alii
587 5420 657 5460 eo
685 5412 901 5458 mortuo
935 5396 1169 5456 Urchani
1228 5397 1466 5453 deditam
1521 5396 1696 5451 aiunt.
1756 5393 1888 5450 Fato
1922 5412 2050 5450 vero

468 5497 720 5553 inuictum
753 5493 1085 5551 0thmanem
1109 5506 1302 5546 omnes
1334 5490 1371 5545 ii
1417 5505 1612 5560 magno
1638 5504 1910 5551 consensu
1941 5500 2051 5545 tra-

458 5589 606 5643 vlnut
649 5600 797 5641 anno
854 5580 1067 5655 [legirte
1126 5581 1251 5647 726,
1311 5580 1468 5651 cujus
1496 5579 1599 5634 fuit
1628 5579 1846 5633 initium
1876 5580 1994 5635 dies
2016 5580 2049 5634 8

468 5678 785 5735 Decembris
826 5676 955 5735 anni
976 5673 1191 5730 Christi
1235 5673 1395 5737 1525,
1422 5672 1560 5728 adeo
1590 5681 1650 5727 ut
1699 5688 1846 5726 mors
1907 5670 2047 5725 Oth-

465 5772 645 5830 tttanis
673 5772 728 5827 in
756 5786 960 5826 annum
1006 5767 1209 5825 Christi
1243 5766 1380 5824 1526
1415 5766 1669 5821 videatur
1718 5765 2046 5821 differenda.

448 5844 453 5849 δ
578 5861 691 5918 \‘ll.
751 5863 1026 5921 llactentts
1056 5861 1214 5920 dictis
1239 5858 1401 5917 liceat
1435 5857 1569 5914 mihi
1600 5873 1695 5928 per
1742 5857 2039 5930 benignum

2163 4647 2287 4701 deut
2321 4662 2462 4701 sa‘va
2490 4645 2696 4701 subacti
2724 4643 2794 4700 ab
2826 4659 2933 4697 uno
2954 4657 3020 4698 ex
3055 4643 3304 4696 Atmanis
3332 4637 3700 4697 successoribus

2156 4737 2461 4791 Alabotnetc
2501 4736 2765 4801 secundo,
2809 4751 2952 4790 anno
2989 4734 3122 4789 Chr.
3164 4733 3329 4796 H53,
3370 4729 3698 4801 captivitatem

2156 4830 2479 4901 Babylonica
2537 4830 2942 4885 Judaaorumeo
2988 4827 3309 4887 tristiorem.
3359 4826 3497 4897 quod
3532 4822 3697 4891 Cyrum

2156 4925 2361 4980 nullum
2388 4924 2479 4996 qui
2504 4939 2623 4979 eam
2664 4923 2842 4978 solvat
2885 4928 3228 4991 exspectant,
3263 4917 3529 4997 ducentis
3536 4915 3632 4984 jam
3655 4917 3697 4964 et

2153 5016 2296 5089 quod
2350 5017 2592 5071 exi'nrrit
2652 5012 3197 5068 annisintelicissimt
3255 5010 3521 5070 tolerant,
3564 5003 3695 5056 tidem

2156 5110 2362 5180 ingenti
2409 5123 2511 5163 suo
2547 5108 2693 5161 luctu
2742 5104 3053 5162 sanCientcs
3086 5101 3360 5175 Sibyllini,
3404 5097 3537 5171 quod
3577 5102 3696 5147 tetu-

2154 5202 2338 5261 limus.
2372 5198 2605 5255 oraculi.

2224 5295 2337 5350 Vll.
2390 5293 2545 5349 Aliud
2596 5294 2664 5347 de
2711 5291 2796 5346 his
2838 5291 3106 5346 habemus
3156 5286 3452 5357 suspicioni
3498 5278 3694 5337 ﬁctionis

2152 5392 2376 5447 minimc
2402 5390 2699 5444 obnoxium
2725 5385 3069 5446 vaticinium.
3096 5385 3298 5455 quippe
3320 5380 3456 5453 quod
3481 5378 3529 5432 in
3564 5383 3692 5428 sacro

2152 5498 2205 5542 ct
2243 5485 2511 5540 cattouico
2572 5483 2709 5537 libro
2769 5480 3072 5535 clarissime
3118 5479 3357 5548 legatur,
3409 5463 3690 5543 Apocalypsi

2142 5580 2209 5633 ὃ.
2241 5576 2485 5633 Joannis.
2509 5573 2566 5629 lu
2590 5592 2650 5630 ea
2679 5572 2807 5627 Novi
2843 5569 3175 5627 Testatnenti
3204 5567 3498 5639 prophetia,
3531 5567 3691 5615 eventa

2151 5669 2555 5738 complectentc
2592 5669 2862 5736 pracipua
2897 5680 3076 5719 rerum
3104 5678 3225 5734 quae
3257 5678 3286 5716 a
3326 5656 3513 5715 Christi
3539 5662 3690 5707 resur-

2150 5763 2398 5819 rectione
2449 5770 2503 5814 et
2550 5762 2728 5828 prima
2788 5754 3109 5812 t‘uudatione
3165 5750 3415 5806 Ecclesia:
3461 5745 3520 5801 al
3574 5741 3690 5793 hanc

2152 5871 2320 5926 usque
2378 5855 2521 5911 diem
2588 5853 2680 5909 Dei
2742 5866 2964 5924 regnum
3016 5849 3313 5903 attinentrs
3366 5839 3685 5908 contigetunl.
