3880 6548
190 463 279 525 88‘
1471 464 2121 535 CHRONOLOGICUS

2348 381 2382 415 ν
2610 397 2848 481 ὥκνἪ

190 579 294 639 post
313 583 445 633 ‘uam
470 574 884 639 persecutiones
903 577 1292 648 imperatorum
1315 580 1396 653 [P.
1417 581 1548 653 θοι]
1565 581 1758 635 adum-
1784 581 1830 639 Α
1858 577 2127 631 vocabulo
2152 574 2491 646 designatam
2515 573 2773 647 Cybelen,
2794 588 2917 647 qua
2945 570 3135 629 eadem
3178 571 3349 626 Tellus
3379 583 3436 631 et

191 662 336 713 bruta
368 672 489 714 sunt
519 679 548 717 a
584 680 632 719 c.
669 668 731 720 l2
753 670 819 722 ad
842 670 931 733 Ξο,
967 672 1020 725 in
1047 673 1151 727 hoc
1180 673 1289 743 jam
1324 691 1418 742 per
1445 675 1746 744 symbolum

188 752 491 823 slligationis
549 757 767 815 Satana
825 770 1042 835 tempus
1096 766 1227 821 illud
1274 767 1603 821 describitur
1641 771 1767 836 quo'

187 845 559 904 Constantinus
598 892 613 917 ,
685 854 832 909 victo
898 866 953 912 et
1021 860 1203 913 orciso
1268 860 1498 925 Licinio,
1537 857 1746 930 imperii

188 933 397 992 Romani
470 940 633 1007 plene
702 956 937 1013 potens.
1023 950 1422 1008 liberalissimis
1483 962 1536 1008 et.
1596 954 1746 1024 quasi

190 1029 602 1117 triuu'pbalibus
689 1036 884 1092 edictis
974 1043 1294 1114 religionem
1381 1046 1745 1103 Christianam

185 1116 371 1170 studuit
406 1116 629 1176 ornare.
689 1124 798 1182 l~ta
848 1128 1025 1185 edicta
1075 1134 1377 1190 recitantur
1437 1136 1507 1191 ab
1572 1135 1747 1192 Euse-

186 1206 281 1269 bio,
327 1209 419 1264 lib.
472 1227 513 1266 tr
568 1214 645 1269 De
681 1220 786 1271 vita
850 1218 1205 1290 Constantini,
1274 1242 1307 1281 a
1351 1243 1473 1298 cap.
1539 1228 1611 1284 25
1676 1229 1745 1285 ad

184 1298 263 1353 60.
320 1301 373 1355 In
436 1303 636 1361 horum
698 1327 806 1367 uno
877 1314 1019 1383 (tria
1078 1318 1223 1373 enim
1279 1322 1488 1392 sunt),
1546 1338 1744 1395 nempe

182 1392 326 1463 833
357 1396 407 1448 in
434 1394 726 1469 Rescripto
771 1405 840 1460 ad
893 1407 1215 1479 Eusebium,
1249 1428 1299 1468 c.
1334 1414 1407 1470 45
1442 1392 1743 1485 descripto.

183 1500 277 1552 quo
324 1486 629 1556 imperatur
657 1507 718 1549 ιιι
751 1499 1000 1555 ecclesia
1042 1501 1483 1561 Christianorum
1540 1509 1745 1579 ubique

187 1588 385 1647 sumptu
435 1582 659 1651 publico
708 1589 1069 1657 aediﬁcentur,
1119 1594 1179 1650 lit
1235 1597 1491 1655 distincta
1539 1602 1746 1658 mentio

185 1666 430 1735 draconis,
455 1688 622 1741 quem
668 1676 759 1733 hic
780 1677 1022 1740 Joannes
1068 1684 1291 1756 ligatum
1334 1699 1621 1745 memorat.
1654 1691 1744 1749 Sic

182 1759 308 1853 enim
338 1762 445 1817 illic
475 1765 880 1828 Constantinus
907 1774 1192 1844 loquitur:
1221 1781 1357 1835 Νυνὶ
1390 1782 1445 1836 δὲ
1476 1783 1575 1853 τῆς
1598 1785 1745 1840 ἐλευ-

183 1852 350 1921 θερίας
383 1858 775 1933 ἀποδοθείσης,
809 1866 903 1919 καὶ
926 1868 1037 1933 ,τοῦ
1064 1870 1358 1941 δράκοντος
1390 1852 1605 1931 ὲκείύου
1632 1879 1739 1932 ἀπὸ

1853 679 2027 723 tnater
2067 685 2281 740 magna,
2317 668 2461 738 apud
2515 677 2730 725 veteres
2767 667 3040 725 videmus.
3069 665 3228 721 Unde
3253 667 3434 732 inopes

1851 762 2141 818 defunctos
2169 763 2490 833 insepultos,
2520 763 2613 833 qui
2639 772 2787 819 terra
2836 769 3050 827 carent,
3085 758 3347 833 Virgilius
3377 760 3432 814 in

1850 872 1903 909 vr
1934 855 2062 909 .En.
2096 863 2258 911 vocat
2291 856 2381 911 illo
2412 871 2574 911 versu
2610 870 2626 911 :

1854 972 1983 1043 llam
2025 991 2194 1043 omnis
2229 1006 2390 1060 quam
2434 990 2604 1044 cernis
2649 989 2800 1057 inops
2842 983 3431 1130 inhumataqueltttrba

3261 1071 3357 1121 es;

3261 1071 3357 1121 est;

1847 1203 1901 1251 et
1930 1195 2202 1251 Ausonius
2228 1197 2282 1250 in
2336 1195 2563 1250 Mosella
2587 1196 2656 1252 de
2682 1195 2904 1251 ossibus
2944 1192 3341 1262 insepultorum
3373 1195 3429 1247 in

1845 1288 2020 1357 campi
2059 1288 2350 1358 superﬁcie
2368 1290 2674 1358 iacentium
2705 1307 2722 1345 :
3039 1272 3049 1288 κ

1843 1380 2011 1453 834
2042 1380 2349 1451 lnﬂetaeque
2372 1383 2556 1452 jaceat
2611 1384 2792 1452 inopes
2835 1400 2993 1454 super
3019 1400 3146 1438 area
3183 1391 3428 1437 caterva.

1846 1471 2016 1545 Igitur
2062 1474 2327 1529 transitus
2384 1473 2862 1529 Ottomanidarum
2920 1475 2976 1529 in
3029 1475 3300 1549 Europam
3342 1473 3430 1527 bis

1845 1565 2025 1620 verbis
2060 1563 2330 1618 innititur.
2363 1563 2415 1617 ls
2439 1563 2676 1634 primum
2714 1563 3012 1634 contigisse
3043 1565 3113 1618 ab
3156 1563 3431 1617 Arabibus

1845 1657 2079 1714 traditur
2101 1671 2248 1709 anno
2278 1654 2489 1724 Hegira
2522 1655 2647 1721 758,
2691 1656 2786 1725 qui
2815 1671 2959 1726 pene
2990 1665 3145 1711 totus
3171 1654 3431 1712 coincidit

1845 1764 1970 1805 cum
2011 1763 2158 1801 anno
2196 1747 2400 1801 Christi
2434 1748 2598 1808 £357,
2629 1748 2834 1818 quippe
2867 1763 2993 1802 cum
3024 1747 3255 1816 cooperit
3285 1763 3314 1801 a
3339 1747 3429 1802 die

1844 1841 1916 1895 25
1948 1839 2265 1894 Decembris
2296 1840 2428 1911 anni
2461 1841 2665 1894 Christi
2698 1841 2859 1896 1556.
2892 1841 3047 1896 Tunc
3078 1841 3225 1895 enim
3270 1841 3427 1910 jussu

181 1944 263 2013 τῆς
300 1945 404 1999 τῶν
437 1952 643 2005 κοινῶν
675 1954 1003 2027 διοικήσεως
1027 1961 1122 2015 τοῦ
1164 1964 1301 2017 Θεοῦ
1329 1966 1424 2021 tot?
1478 1971 1734 2037 μεγιστου

1843 1931 2113 1989 Urchanis
2160 1934 2304 1988 illius
2333 1933 2500 2003 hujus
2540 1933 2847 1989 Solimanes
2895 1935 3141 1988 connexis
3192 1934 3429 1988 trabibus

182 2038 415 2107 προνοίᾳ,
453 2041 711 2116 ἡμετέρᾳ
743 2046 790 2098 δ’
821 2049 1099 2125 ὑπηρεσίᾳ
1129 2055 1556 2126 ὲκδιωχθέντος·
1580 2061 1740 2117 Nunc

181 2137 339 2221 autem
395 2128 647 2211 libertate
701 2142 933 2211 reddita,
977 2154 1027 2198 et
1055 2152 1283 2204 dracone
1311 2150 1404 2205 illo
1442 2151 1736 2221 (Licinium

182 2216 342 2272 innuit
373 2221 699 2283 idololatria
732 2238 1129 2305 promotorem)
1180 2239 1245 2293 ab
1281 2216 1741 2301 administratione

181 2327 335 2366 rerum
382 2313 479 2370 Dei
518 2322 743 2376 ικααὶΜὶ
769 2329 1101 2395 providentia
1137 2341 1188 2385 et
1219 2343 1399 2390 nostra
1447 2340 1739 2395 ministerio

179 2408 377 2477 deiecto.
408 2411 779 2486 Contigerant
810 2420 912 2477 ista
952 2423 1096 2481 circa
1123 2425 1327 2484 Christi
1371 2446 1574 2489 annum
1608 2433 1737 2491 520.

1843 2026 2020 2092 copias
2075 2026 2129 2079 in
2178 2025 2440 2082 Gra'ciam
2474 2025 2710 2095 trajecit,
2742 2038 2790 2080 et
2845 2044 2985 2080 anno
3023 2028 3258 2097 sequenti
3290 2027 3427 2098 cepit

1841 2117 2022 2170 urbem
2049 2116 2379 2184 Callipolim.
2421 2118 2595 2173 Verba
2633 2128 2763 2174 sunt
2796 2119 3204 2175 continuatoris
3254 2121 3427 2174 Abul-

1842 2209 2157 2278 pharagiani
2189 2209 2472 2264 Chrouiei.
2505 2210 2659 2276 Quod
2688 2222 2867 2265 autem
2903 2225 2969 2265 ex
3006 2211 3131 2265 Asia
3164 2211 3217 2266 in
3253 2211 3427 2267 Euro-

1841 2318 1988 2372 pam,
2025 2318 2219 2372 nempe
2244 2303 2765 2371 septentrionalem,
2796 2304 2860 2356 ad
2883 2303 3188 2374 Callipolim
3215 2305 3430 2358 escendi

1840 2393 2057 2459 dicitur,
2110 2403 2257 2451 recte
2296 2395 2531 2465 quadrat
2580 2395 2648 2451 ad
2701 2395 3006 2450 naturalem
3051 2396 3216 2451 situm
3250 2416 3263 2452 :
3297 2414 3424 2453 nam

1838 2503 1968 2545 vere
1998 2488 2149 2544 Maro
2182 2488 2405 2560 scripsit
2442 2506 2458 2545 :
3075 2504 3081 2511 ‘

178 2498 304 2599 inde
318 2519 412 2572 per
434 2506 590 2599 mille
616 2524 793 2568 annos
818 2512 871 2568 in
890 2516 1046 2585 plena
1070 2522 1416 2589 possessione
1437 2525 1623 2582 libera!
1640 2542 1738 2599 pa-

179 2592 246 2647 cis
292 2595 433 2696 intra
471 2597 772 2670 imperium
826 2588 1135 2664 Romanum
1193 2611 1503 2671 Christiana
1546 2588 1737 2691 religio
1910 2618 2138 2696 {fundus
2158 2619 2305 2696 atad
2331 2618 2600 2691 Scythiam
2640 2619 2951 2692 Ripmasque
2975 2623 3175 2677 arduus
3206 2636 3351 2677 arces

179 2689 481 2757 permansit,
538 2708 736 2766 nempe
768 2712 941 2770 usque
983 2702 1049 2757 ad
1078 2718 1283 2760 annum
1321 2707 1523 2765 Christi
1575 2689 1734 2779 lbéo,

1911 2689 2216 2761 Consurgit,
2245 2700 2351 2745 etc.

178 2792 270 2846 quo
293 2789 565 2852 tempore,
593 2795 653 2841 ut
677 2788 933 2859 vidimus,
961 2794 1256 2853 Otbmanes
1280 2801 1503 2859 exitiale
1529 2803 1734 2862 Christi

180 2869 400 2941 religioni
436 2874 696 2932 fundavit
719 2880 1033 2950 imperium,
1071 2887 1423 2946 fadissimam
1456 2895 1739 2952 Mahume-

179 2961 236 3015 tis
274 2967 726 3033 superstitionem
762 2973 896 3028 orbe
928 2974 1100 3031 ferme
1136 2987 1248 3034 toto
1289 2996 1732 3057 propagaturum,

179 3069 233 3109 cx
280 3072 379 3127 qua
430 3077 547 3115 non
597 3064 780 3120 minus
841 3067 957 3123 fere
1011 3070 1106 3126 Dei
1149 3089 1316 3144 regno
1346 3077 1733 3137 detrimentum

177 3165 318 3242 quam
346 3167 408 3205 ex
444 3153 821 3213 invalescente
848 3175 913 3216 ac
961 3163 1190 3219 subnixa
1224 3167 1351 3221 olim
1396 3185 1583 3242 regum
1613 3174 1736 3241 opi-

179 3237 265 3293 bus
310 3241 622 3298 idololatria
678 3244 885 3302 illatum
952 3258 1056 3305 est.
1103 3253 1344 3310 Accessit
1391 3237 1533 3312 circa

179 3340 371 3401 tempus
422 3351 718 3408 emergens
755 3338 986 3396 Wieletii
1042 3343 1301 3413 haeresis,
1359 3348 1412 3402 in
1466 3350 1735 3407 Joannem

178 3422 353 3480 deinde
392 3426 533 3494 llus,
561 3429 888 3496 Lutherum.
948 3434 1232 3493 Calvinum
1271 3439 1513 3511 aliosque
1541 3459 1738 3514 propa-

178 3531 299 3590 gata.
326 3525 579 3596 Denique
600 3528 745 3583 circa
768 3530 911 3585 idem
948 3540 1164 3604 tempus
1194 3538 1402 3591 semina
1435 3549 1564 3596 sunt
1589 3541 1736 3609 jacta

180 3616 302 3689 longi
328 3619 644 3676 schismatis
676 3631 800 3691 post
829 3623 1035 3678 obitum
1065 3625 1312 3699 Gregorii
1345 3629 1415 3685 Xl
1439 3648 1532 3701 per
1561 3648 1737 3711 annos

179 3724 323 3775 supra
359 3713 646 3783 seraginta
700 3714 959 3771 Romana
990 3718 1137 3772 sedis
1183 3723 1587 3789 auctoritatem,
1629 3741 1734 3795 qua

178 3807 381 3855 eatenus
435 3802 827 3859 ecclesiastica
890 3808 1218 3864 tnonarcbia
1273 3813 1420 3866 salus
1474 3823 1732 3882 steterat,

180 3892 624 3959 perniciosissimo
654 3896 1054 3952 tabelactaturi.
1095 3898 1217 3965 llac
1259 3902 1418 3957 simul
1469 3906 1569 3959 tria
1596 3909 1734 3962 mala

177 3983 445 4042 millesimo
494 3997 745 4051 vertente
796 3998 920 4060 post
957 4006 1143 4059 pacem
1178 4008 1207 4046 a
1256 3994 1619 4053 Constantino
1639 4000 1735 4053 da-

178 4082 269 4129 tam
297 4091 441 4134 anno
470 4081 800 4145 exorientia,
832 4083 1104 4139 solutione
1139 4086 1292 4154 prius
1323 4085 1469 4159 ligati
1520 4088 1734 4145 Satana-

174 4179 200 4217 ε
225 4179 402 4225 sancto
425 4184 552 4227 vate
573 4173 953 4245 designantur.
979 4176 1031 4232 ld
1062 4194 1211 4243 vero,
1235 4181 1376 4250 quod
1398 4183 1463 4234 ad
1492 4194 1731 4239 nostram

177 4262 374 4329 preprie
432 4279 549 4318 rem
607 4265 826 4329 attinet,
861 4270 1125 4323 astruitur
1159 4286 1222 4324 ex
1280 4290 1347 4327 eo
1386 4277 1527 4343 quod
1570 4276 1732 4332 Turci

176 4350 482 4412 Ottomanici
505 4357 573 4411 ab
604 4358 862 4415 omnibus
890 4361 1160 4417 habentur
1186 4364 1415 4436 originis
1439 4366 1730 4439 Scythica.

176 4444 365 4516 Scytha
388 4458 574 4504 autem
619 4466 684 4504 ex
710 4451 900 4524 Magog
932 4458 1173 4512 secundo
1218 4457 1328 4514 lilio
1353 4457 1571 4530 Japheti
1612 4478 1732 4517 me-

174 4549 361 4596 morato
384 4542 524 4597 Gen.
556 4558 609 4604 ι.
645 4543 700 4608 ι.
734 4546 1015 4618 propagati
1043 4548 1187 4603 haud
1213 4550 1379 4606 dubie
1407 4553 1728 4611 creduntur.

176 4629 300 4686 Idem
349 4649 516 4705 porro
563 4633 752 4707 Magog
786 4636 900 4709 Gog
922 4654 1139 4710 quoque
1172 4641 1353 4696 dictus
1395 4648 1726 4715 per’apoco-

176 4738 285 4789 pen,
333 4735 599 4798 occupata
660 4727 892 4788 coloniis
933 4731 1131 4805 Lydia,
1185 4734 1360 4807 Gyges
1413 4736 1726 4794 Gracorum

174 4815 347 4876 litteris
385 4820 698 4890 appellatus
742 4821 931 4878 fuerit.
967 4826 1107 4883 Hinc
1136 4825 1368 4894 Plinius,
1400 4830 1437 4884 l.
1477 4849 1531 4897 v,
1560 4848 1610 4887 c.
1636 4832 1726 4898 ‘25,

176 4908 482 4982 Hierapolim
520 4914 692 4985 Syria
741 4914 941 4971 dictam
992 4933 1021 4971 a
1080 4916 1228 4989 Syris
1256 4919 1444 4992 Magog
1476 4931 1725 4987 testatur,

174 5000 406 5060 nimirum
442 5007 702 5076 quoniam
730 5023 795 5064 ea
824 5010 1040 5074 civitas.
1088 5020 1147 5067 ut
1167 5013 1329 5070 docet
1367 5013 1641 5072 Luclauus
1672 5016 1731 5070 li-

176 5092 258 5149 bro
291 5097 361 5153 De
407 5102 507 5153 dea
553 5099 736 5171 Syria,
794 5117 829 5165 a
882 5102 1212 5160 Deucalione
1272 5104 1583 5163 Promethei
1612 5108 1728 5162 sire

177 5185 353 5262 Magogi
385 5204 481 5248 aut
510 5192 644 5265 Gogi
680 5194 812 5260 lilio,
859 5194 1184 5268 Scytharum
1218 5210 1464 5267 auctore,
1493 5204 1559 5259 sit
1596 5222 1728 5259 con-

177 5276 287 5333 dita.
319 5282 448 5348 Qua
479 5284 565 5339 his
590 5286 840 5358 adiungit
868 5286 1111 5345 Joannes
1139 5292 1207 5346 de
1234 5295 1370 5348 actis
1396 5294 1508 5363 Gog
1537 5307 1588 5349 rt
1624 5299 1727 5353 Ma-

177 5385 261 5443 gog
285 5391 525 5447 magnam
560 5380 760 5435 habent
783 5396 907 5435 cum
936 5387 1173 5439 narratis
1199 5384 1267 5440 de
1294 5388 1461 5456 gestis
1484 5390 1726 5445 Ottoma-

176 5462 397 5541 nicorum
455 5470 762 5541 principum
829 5474 1263 5531 similitudinem.
1335 5479 1579 5535 Primum
1647 5488 1724 5539 ait

179 5564 533 5631 Cosyregaudos
582 5567 636 5619 iu
695 5570 935 5636 pra’lium
966 5608 981 5630 .
1034 5588 1256 5641 quorum
1296 5588 1546 5629 nutrieras
1589 5578 1720 5631 sicut

175 5662 327 5706 arente
348 5655 530 5715 maris.
559 5674 773 5713 morum
802 5660 1032 5717 istorum
1063 5664 1301 5720 inuuens
1331 5669 1721 5724 numerosissi-

177 5752 275 5830 tuos
308 5748 550 5802 armandi
575 5753 872 5809 exercitus.
918 5756 1082 5812 Addit
1119 5769 1167 5811 et
1201 5761 1545 5814 ascenderunt
1565 5778 1721 5830 super

175 5828 476 5893 latitudinem
521 5854 694 5899 terrae.
755 5847 963 5916 Europa
1016 5850 1245 5921 originis
1271 5852 1470 5907 Gracm
1517 5870 1716 5907 nomen

176 5933 242 5977 (εἰ
270 5942 326 5983 ex
360 5930 515 6003 εὖρος
571 5936 793 5993 latitudo
827 5950 881 5996 ct
937 5940 1024 6009 et,
1063 5944 1191 6009 ὀπός
1225 5954 1366 6001 terra
1400 5964 1416 6001 :
1448 5961 1574 6002 nam
1615 5947 1717 6004 hoc

1840 2824 2024 2896 Pergit
2055 2822 2142 2896 [Ρ.
2177 2822 2309 2895 605]
2368 2839 2526 2879 sacer
2565 2833 2717 2880 vates
2768 2826 3076 2898 adiungens
3127 2827 3194 2883 de
3220 2827 3335 2899 60g
3369 2838 3426 2886 et

1839 2915 2049 2986 Magog,
2083 2916 2189 2970 hoc
2211 2925 2296 2970 est
2326 2913 2522 2971 Turcis
2553 2915 2916 2973 Ottonianicis
2954 2937 2967 2972 :
3006 2918 3074 2973 Et
3105 2920 3421 2975 circuieram

1840 3018 2024 3061 castra
2049 3017 2373 3060 sanctorum.
2402 3007 2534 3062 Voei
2563 3021 2742 3062 castra
2775 3009 2829 3063 in
2881 3010 3184 3079 originibus
3220 3010 3424 3066 Graecis

1839 3098 2137 3163 respondet
2172 3098 2496 3169 παρεμϐολή
2535 3099 2713 3154 locum
2734 3100 3071 3179 singularem
3102 3104 3418 3175 designans.

1838 3190 1951 3261 Ego
1984 3206 2079 3260 per
2107 3200 2282 3243 castra
2324 3200 2627 3244 sanctorum
2665 3200 2868 3247 terram
2920 3203 3164 3249 sanetam
3203 3205 3258 3249 et
3295 3192 3422 3249 llic-

1591 3259 1736 3314 idem
1766 3268 1807 3327 ε
1844 3259 2166 3351 rosolymam
2201 3281 2468 3351 intelligo.
2505 3292 2582 3336 tot
2625 3280 3066 3338 Christianorum
3114 3285 3284 3341 sacris
3329 3302 3424 3342 ex-

1837 3373 2211 3444 peditionibus
2237 3382 2293 3427 et
2320 3374 2533 3429 bellicis
2569 3374 2908 3431 facinoribus
2931 3376 3210 3446 quasitam
3243 3387 3299 3432 et
3329 3378 3423 3432 ditt

1838 3481 2172 3537 possessam.
2199 3463 2350 3521 Hanc
2371 3465 2717 3521 Ottomanica
2740 3467 2985 3536 potentia
3008 3467 3287 3523 circumiit
3303 3470 3426 3522 ἐκύ-

1838 3556 2066 3622 κλωσεν,
2102 3556 2251 3610 illinc
2279 3555 2537 3626 Egypto,
2568 3556 2696 3610 hinc
2714 3557 2842 3610 Asia
2870 3557 3084 3626 majori,
3106 3558 3229 3613 inde
3263 3558 3427 3613 wac

1837 3647 1960 3702 nice
1990 3647 2278 3718 Cyproque
2308 3648 2613 3717 occupatis,
2648 3659 2704 3702 ut
2731 3649 2841 3718 jam
2869 3664 2935 3704 ne
2974 3650 3115 3705 adiri
3143 3652 3360 3721 quidem
3391 3669 3422 3707 a

1837 3737 2063 3807 privatis
2097 3752 2259 3793 caus)
2301 3740 2596 3810 religionis,
2619 3741 2723 3795 nisi
2755 3751 2939 3811 empto
2970 3742 3040 3798 ab
3069 3744 3204 3813 ip~is
3237 3755 3421 3799 trans-

1837 3827 1955 3889 itu.
2003 3828 2193 3898 possit.
2237 3829 2496 3883 Ultimum
2560 3829 3041 3885 Ottomanidarum
3094 3837 3307 3888 facinus
3363 3834 3421 3889 S.

1835 3918 2072 3973 Joannes
2104 3920 2189 3973 his
2212 3920 2395 3974 verbis
2433 3919 2687 3989 exprimit
2718 3939 2733 3974 :
2769 3920 2836 3974 Et
2896 3924 3105 3991 capient
3156 3928 3418 3980 civitatem

1835 4010 2107 4065 dilectam.
2147 4011 2407 4076 Quanam
2448 4014 2562 4066 hac
2607 4012 2836 4083 intelligi
2891 4016 3063 4085 possit
3115 4018 3218 4070 alia
3260 4034 3421 4087 quam

1834 4104 2364 4174 Constantinopolis,
2426 4124 2456 4162 a
2490 4107 2802 4163 Mubamete
2847 4112 3090 4165 secundo
3140 4128 3231 4166 an.
3286 4114 3418 4168 Cir.

1836 4200 1973 4253 MSS
2004 4209 2330 4269 expugnata,
2359 4210 2415 4256 et
2450 4201 2520 4255 ab
2545 4202 2661 4272 ejus
2701 4204 3117 4259 successoribus
3156 4205 3420 4260 hactenus

1834 4308 1935 4364 pro
1961 4292 2177 4363 imperii
2206 4296 2538 4349 Ottuntanici
2570 4297 2828 4365 primaria
2852 4298 2982 4352 sede
3019 4298 3240 4352 hab'ta?
3280 4298 3422 4353 Dile-

1832 4394 1971 4439 ctam
2007 4394 2188 4450 vocat,
2211 4387 2340 4455 quia
2368 4403 2485 4442 eam
2511 4387 2769 4442 fundator
2800 4388 3193 4443 Constantinus
3219 4406 3327 4443 non
3363 4399 3421 4444 ttt

1832 4479 2064 4552 patriam
2120 4480 2174 4534 in
2205 4496 2313 4550 qua
2344 4489 2491 4536 esset
2521 4491 2682 4536 natus
2734 4482 3018 4544 amaverit,
3053 4483 3149 4538 sed
3183 4484 3416 4539 naturali

1760 4606 1808 4665 η
1834 4573 1943 4627 situ
1975 4582 2030 4628 et
2078 4572 2468 4642 prastantibus
2497 4574 2618 4640 ejus
2649 4574 2773 4629 coeli
2809 4591 2876 4629 ac
2923 4575 3024 4628 soli
3060 4576 3283 4630 dntibus
3311 4593 3420 4646 pra

1833 4662 2048 4719 cunctis
2072 4661 2337 4730 delegerit
2380 4673 2435 4716 et
2464 4662 2740 4724 dilexerit,
2779 4663 2964 4716 sedem
3000 4663 3052 4715 in
3086 4677 3148 4716 ea
3191 4661 3417 4718 Romani

1830 4752 2106 4807 oolloeans
2133 4749 2346 4820 imperii
2367 4758 2423 4805 et
2455 4752 2656 4805 veteris
2694 4751 2880 4806 Roma
2906 4753 3255 4821 splendorem
3291 4769 3416 4808 cum

1829 4862 1984 4901 nova
2017 4844 2205 4900 Roma
2236 4845 2461 4900 nomine
2485 4844 2537 4898 in
2561 4861 2678 4899 eam
2712 4845 3065 4902 transferens.
3092 4847 3169 4900 Ita
3191 4856 3417 4917 utraque

1831 4948 1938 4993 tam
1985 4936 2203 5010 Sibylla
2233 4953 2395 5006 quatn
2431 4937 2487 4992 S.
2539 4937 2768 4992 Joannis
2817 4938 3107 5007 prophetia
3145 4940 3416 4995 excidium

1828 5030 1949 5085 urbi
2028 5030 2507 5100 Constantinopoli
2570 5047 2597 5084 a
2667 5032 2830 5086 domo
2892 5031 3239 5089 Ottomanica
3319 5033 3416 5089 des

1827 5119 2091 5175 nuntiat:
2125 5120 2241 5175 hac
2295 5136 2424 5175 vero
2472 5120 2524 5174 id
2568 5120 2657 5174 illa
2701 5121 2820 5190 plus
2881 5122 3032 5180 facit.
3094 5132 3152 5176 ut
3202 5133 3416 5194 temprs

1791 5206 2214 5267 'iuvalescentis
2278 5213 2757 5267 Ottomanidarum
2840 5215 3102 5284 polentia
3160 5217 3414 5272 distincte

1825 5309 2037 5376 prodat.
2073 5308 2423 5363 millesimum
2446 5308 2656 5362 scilicet
2686 5324 2890 5364 annum
2924 5325 2952 5364 a
2988 5327 3121 5381 pace
3145 5327 3244 5381 per
3267 5310 3412 5365 Con-

1825 5401 2125 5455 stantinum
2150 5401 2411 5456 Ecclesiis
2446 5401 2591 5454 data.

1897 5491 2162 5560 Deinceps
2188 5491 2346 5553 nihil,
2378 5492 2597 5561 opinor,
2632 5495 3038 5567 cbrouologiea
3065 5510 3246 5565 opera
3268 5496 3411 5550 circa

1823 5579 2173 5652 l’acbymeris
2236 5581 2533 5637 Historiam
2581 5595 2836 5653 superest
2877 5587 3049 5647 aliud,
3084 5585 3191 5639 nisi
3228 5596 3288 5640 ut
3328 5602 3412 5643 res

1822 5671 1926 5726 bac
1967 5673 2208 5726 secunda
2243 5681 2396 5743 parte
2427 5674 2478 5728 in
2508 5691 2571 5730 ea
2604 5687 2954 5740 memoratas,
2995 5676 3141 5731 sicut
3165 5676 3221 5731 in
3242 5677 3411 5747 priori

1824 5764 2075 5827 fecimus,
2119 5765 2237 5819 suis
2289 5767 2448 5820 annis
2485 5767 2794 5838 assignatas
2822 5778 2877 5824 et
2912 5783 3186 5838 expansos
3240 5769 3292 5824 in
3336 5779 3404 5823 ta-

1821 5856 2004 5911 bulam
2039 5858 2228 5911 lectori
2274 5874 2685 5928 proponamus;
2740 5859 2826 5914 ctti
2857 5861 2930 5914 rei
2986 5869 3149 5931 (Ἧι-ιιι
3177 5877 3409 5931 sequens

1823 5948 2006 6013 operis
2036 5949 2287 6005 ultimum
2331 5947 2719 6017 impendimus.
