3880 6600
412 432 517 495 919

1609 444 1930 506 GEORGII
1975 448 2381 508 PACHYMER
2394 450 2455 508 ΛΞ

3560 455 3654 519 ξιιο

405 546 611 602 lumnae
648 561 679 601 ι
722 556 868 604 terra
908 551 1180 623 exsurgit,
1226 562 1439 623 septem
1457 569 1525 609 ex
1556 557 1988 611 marmore‘albo

2098 561 2359 634 ύπανέχιι
2391 565 2484 617 τὸν
2526 563 2701 618 κίονα.
2739 564 2813 618 Τὸ
2838 564 2896 618 δὲ
2937 565 3161 636 βάθρον,
3213 567 3477 637 κλίμακες
3505 573 3653 643 μέχρι

410 639 673 708 gradibus
704 640 977 699 instructa
1006 660 1020 700 :
1054 645 1286 715 (verum
1322 656 1435 702 trcs
1467 647 1758 703 inferiores
1787 648 1991 720 gradus

411 732 615 801 injuria
649 743 960 803 temporum
1000 737 1058 792 in
1104 743 1310 794 terram
1338 739 1588 810 depressi
1622 743 1815 809 sunt;)
1866 758 1991 811 gra-

408 823 514 877 dus
541 840 725 880 autem
758 826 991 884 inferius
1018 828 1266 896 latiores,
1296 833 1647 902 angustiores
1688 834 1986 904 superius:

405 933 589 986 neque
627 919 696 973 ab
727 935 838 973 uno
868 920 1070 985 solum,
1108 921 1205 977 sed
1240 938 1270 977 a
1305 934 1546 993 quatuor
1575 924 1867 990 lateribus,
1903 941 1990 981 se-

405 1010 651 1065 cundum
712 1013 1080 1084 quadranguli
1134 1015 1364 1086 ﬁguram
1422 1017 1625 1088 gradus
1688 1017 1985 1082 habentur,

404 1104 610 1170 quibus
641 1104 905 1161 adscendi
957 1116 1160 1176 potest,
1209 1108 1390 1164 donec
1424 1110 1489 1163 ad
1524 1111 1744 1180 planum
1787 1126 1987 1180 perve-

404 1194 645 1251 niatur:
698 1208 755 1253 et
806 1198 1076 1255 hactenus
1128 1201 1353 1271 quidem
1398 1202 1623 1272 planum
1678 1214 1846 1269 esset,
1876 1203 1987 1258 nisi

406 1288 708 1358 quodpiam
770 1292 894 1346 istic
943 1293 1244 1351 azdilicium
1297 1310 1365 1349 ex
1418 1297 1689 1352 lateribus
1740 1306 1797 1351 et
1834 1298 1986 1352 calce

406 1393 789 1439 constructum
829 1385 1046 1450 fuisset,
1075 1400 1316 1458 quatuor
1346 1390 1729 1445 columnarum
1757 1390 1812 1444 in
1856 1391 1988 1446 toti-

404 1474 529 1527 item
579 1477 795 1545 angulis
841 1489 1197 1547 conspectum
1232 1482 1553 1550 praeferens,
1589 1483 1693 1537 etsi
1729 1497 1858 1537 vere
1892 1498 1988 1538 co-

408 1567 609 1622 lumna:
646 1586 753 1623 non
802 1570 933 1635 sint,
979 1572 1075 1626 sed
1109 1573 1495 1629 columnarum
1530 1576 1769 1644 speciem
1807 1577 1988 1631 solum

402 1671 810 1725 repraesentem
840 1678 854 1714 :
885 1678 1012 1717 nam
1066 1664 1121 1719 in
1171 1664 1466 1733 superﬁcie
1513 1681 1853 1721 marmorum
1905 1677 1989 1723 ta-

2093 656 2190 709 καὶ
2238 657 2294 719 ἐς
2322 657 2462 711 ἑπτὰ
2512 656 2783 728 βαθμίδας
2833 658 3033 728 λευκῆς
3066 659 3362 731 μαρμάρου
3406 662 3657 726 ἀνῳκοδό-

2096 767 2297 819 μηνται
2331 751 2422 818 (τά
2452 751 2509 805 δὲ
2532 753 2681 806 κάτω
2703 751 2814 803 τῶν
2841 751 3142 820 βαθμίδων,
3175 754 3341 824 μέχρι
3369 755 3465 808 καὶ
3490 757 3544 817 ἐς
3568 758 3654 821 τὰς

2091 846 2261 912 τρεῖς,
2312 842 2455 898 οὕτω
2484 842 2578 896 τοῦ
2609 844 2806 916 χρόνου
2856 844 3335 915 καινοτομοῦντος,
3381 850 3530 901 κάτω
3564 849 3656 916 γῆς

2092 932 2500 1003 κατωρύχαται)
2527 936 2639 987 ἀπὸ
2682 935 2913 999 πλατέος
2947 935 3043 989 τοῦ
3070 936 3222 989 κάτω
3253 936 3338 999 ιίς
3366 936 3551 989 στενὸν
3577 936 3656 1008 λή-

2091 1042 2285 1093 γουσαι
2312 1042 2326 1058 ο
2355 1025 2494 1095 πλὴν
2535 1028 2633 1080 οὐκ
2664 1027 2757 1095 ἀφ’
2797 1026 2916 1083 ἐνὸς
2960 1027 3185 1100 μέρους,
3220 1027 3359 1081 ἀλλὰ
3404 1032 3657 1099 πανταχό-

2092 1118 2184 1172 θεν
2234 1118 2380 1172 κατὰ
2422 1122 2607 1193 σχῆμα
2661 1122 3042 1190 τετράγωνον·
3073 1122 3149 1185 ὡς
3194 1120 3513 1176 ἀναϐαίνειν
3567 1124 3655 1193 μὲν

2092 1210 2359 1276 κάτωθεν,
2388 1212 2587 1266 ὁπόθεν
2611 1231 2696 1277 τις
2722 1213 3000 1284 βούλοιτοθ
3035 1210 3156 1268 εἶτα
3188 1215 3249 1269 δὲ
3292 1216 3563 1285 καταντᾷν
3586 1216 3656 1277 είς

2090 1302 2454 1373 ἀγχώμαλον·
2503 1303 2607 1356 κᾶν
2644 1300 2712 1373 ἦν
2755 1304 2849 1357 καὶ
2913 1304 3043 1357 ίδεῖν
3096 1302 3354 1356 ἐπίπεδον
3400 1302 3553 1355 τοῦτο
3598 1302 3655 1354 δι’

2088 1398 2233 1460 ὅλου,
2269 1398 2318 1450 εί
2361 1399 2435 1467 μή
2472 1415 2525 1450 τι
2575 1397 2660 1450 ἐπ’
2696 1397 2863 1451 αὐτοῦ
2909 1396 2968 1462 ἐξ
2994 1396 3171 1466 ὀπτῆς
3208 1396 3436 1449 πλίνθου
3482 1413 3538 1448 τε
3575 1398 3657 1450 καὶ

2090 1488 2309 1543 τιτάνου
2348 1488 2694 1559 οἰκοδόμημα
2738 1488 3170 1551 κατεσκεύαστο,
3209 1487 3436 1557 τετράσι
3471 1488 3566 1554 μὲν
3591 1486 3656 1549 ὼς

2095 1583 2225 1636 ἰδεῖν
2265 1581 2408 1636 κατὰ
2441 1584 2645 1651 γωνίας
2703 1581 2801 1645 τὰς
2845 1582 2967 1644 ίσας
3012 1582 3159 1634 κίοσι
3207 1580 3651 1649 συνεχόμενον.οὗ

2095 1674 2203 1745 μὴν
2230 1673 2285 1727 δὲ
2318 1673 2413 1727 καὶ
2464 1672 2645 1726 κίοσιν
2682 1670 2967 1741 ἄντικρυς,
2997 1669 3142 1737 πλὴν
3175 1669 3299 1723 ὅσον
3352 1667 3515 1720 ἰδεῖν·
3546 1667 3652 1718 tm.

404 1751 549 1807 bula:
600 1755 952 1824 adaptantur,
993 1774 1118 1828 quae
1175 1760 1327 1816 intus
1376 1760 1739 1831 pyromachas
1777 1761 1986 1832 lapides

2095 1767 2262 1837 πολῆς
2318 1765 2429 1837 γὰρ
2486 1764 2696 1828 πλάκες
2749 1766 3059 1835 μαρμάρων
3111 1759 3508 1830 ἐξυφασμέναι,
3541 1758 3653 1819 τοῦς

408 1857 747 1918 contegant;
782 1859 843 1904 ut
891 1865 956 1905 ex
997 1867 1128 1916 uno,
1178 1853 1272 1922 qui
1324 1869 1423 1923 per
1477 1864 1695 1924 tempus
1744 1854 1985 1909 tabulam

2095 1861 2241 1923 ἐντὸς
2266 1859 2595 1929 πυρομάχας
2624 1858 2805 1920 λίθους
2828 1854 3293 1926 συγκρύπτουσιν,
3317 1852 3396 1914 ὡς
3424 1850 3541 1903 ἐστι
3564 1867 3655 1920 μαο

406 1937 612 2002 amisit,
664 1940 915 1996 ediscere
967 1943 1120 1997 licet.
1155 1943 1393 2006 {Ediﬁcii
1450 1945 1624 2001 forma
1679 1946 1734 2000 in
1780 1948 1984 2001 cubum

2095 1952 2205 2005 θεῖν
2248 1952 2313 2005 ἐκ
2360 1952 2513 2020 μιᾶς,
2567 1947 2950 2017 άποδαλούσης
2989 1946 3069 2016 τῷ
3105 1946 3283 2017 χρόνῳ
3312 1944 3417 2011 τὴν
3454 1942 3650 1996 πλάκα·

404 2033 739 2088 concinnata
771 2044 855 2089 est
880 2054 894 2101 ;
927 2036 1000 2093 ita
1028 2044 1109 2102 ut,
1133 2052 1200 2092 ex
1224 2039 1372 2093 senis
1402 2038 1530 2093 cubi
1557 2038 1983 2110 superﬁciehus,

404 2136 644 2197 quatuor
687 2143 719 2182 e
765 2128 1034 2183 lateribus
1100 2131 1312 2199 positas,
1376 2132 1604 2188 totidem
1674 2133 1986 2201 porticibus

403 2227 695 2276 ornentur.
753 2221 894 2276 lluic
944 2221 1177 2277 aedilicio
1219 2224 1365 2279 basis
1418 2226 1530 2280 alia
1583 2241 1653 2280 ex
1705 2242 1987 2282 marmore

407 2313 536 2369 albo
564 2313 888 2384 imponitur,
923 2314 1013 2369 isti
1047 2315 1245 2379 altera,
1303 2316 1434 2372 huic
1484 2318 1645 2372 tertia
1682 2334 1697 2370 :
1735 2318 1821 2373 his
1866 2334 1990 2371 om-

407 2408 579 2464 nibus
605 2418 803 2478 quarta
849 2408 1159 2474 circularis,
1190 2425 1257 2465 ex
1282 2411 1650 2470 marmoribus
1695 2411 1986 2475 confecta;

386 2504 483 2567 sita
521 2513 581 2557 ιιι
626 2511 742 2557 tres
778 2504 1002 2573 quidem
1048 2504 1346 2559 latitudine
1394 2505 1516 2560 aliae
1564 2506 1687 2560 aliis
1740 2505 1989 2560 minores

407 2609 465 2652 et
504 2597 855 2667 angustiores
904 2598 1035 2662 sint,
1090 2607 1289 2668 quarta
1342 2613 1474 2653 vero
1514 2598 1568 2652 in
1608 2598 1879 2653 circulum
1914 2599 1988 2652 sit

405 2689 733 2756 composita,
781 2698 948 2759 atque
995 2690 1149 2744 basin
1191 2688 1398 2744 tribuat
1446 2690 1718 2745 columna:
1747 2705 1986 2744 consen-

406 2788 644 2835 taneam.
679 2781 803 2837 Istic
837 2784 1099 2836 fundatur
1126 2782 1409 2847 columna,
1438 2784 1571 2837 olim
1621 2783 1871 2853 quidem,
1927 2791 1988 2837 ut

404 2882 659 2937 narrant,
709 2873 865 2928 vario
904 2884 961 2929 et
1000 2874 1255 2930 Temesio
1304 2890 1414 2929 are
1449 2876 1647 2930 vestita
1686 2892 1700 2938 ;
1733 2876 1901 2945 quod,
1938 2874 1984 2930 si

403 2965 544 3020 ﬁdes
574 2968 823 3020 narranti
857 2967 1153 3031 habeatur,
1183 2978 1412 3039 argento
1444 2983 1551 3022 non
1586 2967 1821 3022 multum
1853 2983 1987 3023 con-

404 3056 651 3111 cederet.
682 3056 842 3111 Nunc
877 3064 1062 3110 autem
1098 3057 1242 3111 nuda
1267 3058 1497 3112 omnino
1525 3067 1732 3119 manet.
1760 3068 1818 3113 ut
1848 3074 1975 3128 pos-

407 3148 480 3203 sit
512 3148 752 3218 quisque
796 3148 1009 3218 lapides
1049 3148 1170 3219 ejus
1227 3165 1547 3215 numerare,
1580 3166 1645 3206 ac
1675 3151 1989 3222 deprehen-

2091 2048 2185 2098 καὶ
2218 2044 2279 2099 τὸ
2311 2043 2408 2098 τοῦ
2461 2042 2901 2112 οἰκοδομήματος
2927 2040 3114 2111 σχῆμα
3157 2038 3236 2098 είς
3265 2034 3438 2090 κύϐον
3476 2036 3657 2089 ἀποτει-

2088 2140 2399 2208 τόρνευται,
2430 2137 2538 2191 τῶν
2561 2135 2623 2200 ἒξ
2648 2133 2928 2188 ἐπιπέδων
2949 2132 3019 2184 τά
3045 2132 3188 2185 κατὰ
3208 2128 3270 2182 τδ
3295 2128 3527 2195 πλάγιον
3552 2126 3656 2179 τέτ-

2088 2248 2231 2298 ταρα
2272 2231 2455 2292 στοαῖς
2487 2221 2996 2296 καλλυνομένωνϐ)
3028 2222 3313 2290 τέσσαρσι.
3346 2217 3585 2272 Ἀνωθεν
3605 2216 3654 2269 δι

2088 2326 2307 2387 τούτου,
2342 2323 2503 2377 πάλιν
2540 2321 2695 2392 βάσις
2746 2319 2908 2390 ἑτέρα
2956 2315 3254 2386 μαρμάρου
3301 2312 3534 2378 λευκῆς·
3571 2309 3653 2359 καὶ

2090 2417 2246 2480 αὖθις
2278 2417 2365 2468 ἐπ’
2393 2415 2562 2482 αὐτῆς
2595 2412 2731 2480 άλλη
2759 2429 2773 2442 ⁸
2823 2409 2912 2479 ἐφ’
2944 2403 3012 2481 ἧς
3042 2408 3135 2463 καὶ
3166 2406 3325 2475 τρίτη
3348 2421 3362 2435 ο
3403 2404 3501 2456 καὶ
3525 2399 3650 2469 ζώνη

2090 2527 2173 2574 τις
2203 2509 2299 2560 ἐπὶ
2343 2505 2571 2568 ταύταις
2623 2504 2736 2557 άπὸ
2790 2500 3100 2573 μαρμάρων
3145 2499 3380 2567 τετάρτη
3411 2511 3430 2525 ο
3460 2493 3533 2555 ὡς
3570 2490 3653 2554 τὰς

2089 2605 2239 2671 τρεῖς
2270 2601 2367 2670 μέν
2399 2598 2506 2652 άπδ
2541 2597 2773 2660 πλατέος
2802 2598 2896 2649 καὶ
2926 2594 3129 2653 ταύτας
3159 2592 3237 2653 είς
3265 2587 3454 2642 στενὸν
3478 2601 3655 2640 καταν-

2090 2696 2210 2764 τᾷν,
2235 2693 2333 2758 τὴν
2364 2693 2409 2744 δ’
2436 2689 2525 2743 ἐπ’
2574 2689 2765 2751 αὑταῖς
2806 2687 2984 2757 ζώνην
3017 2682 3373 2744 κυκλοῦσθαι,
3397 2680 3496 2733 καὶ
3530 2676 3650 2730 διδό⁸

2092 2804 2181 2840 ναι
2211 2784 2288 2856 τῷ
2341 2783 2520 2851 στύλῳ
2567 2780 2665 2851 τὴν
2716 2780 2875 2850 βάσιν
2917 2777 3288 2847 ἁρμόζουσαν.
3332 2768 3650 2826 Ἔντεῦθενδ

2093 2878 2282 2938 στύλος
2313 2874 2734 2945 ἐπῳκοδόμηται
2760 2890 2774 2904 σ
2806 2873 2975 2923 πάλαι
3004 2870 3122 2937 μὲν,
3154 2867 3232 2930 ὡς
3265 2864 3551 2933 ἀκούομεν,
3576 2878 3651 2913 κερ

2093 2969 2443 3038 καλυμμένος
2475 2965 2706 3035 ποικίλῳ
2740 2964 2987 3033 τεμεσίῳ
3015 2959 3201 3031 χαλκῷ
3229 2975 3241 2987 ⁵
3277 2960 3328 3010 εί
3360 2958 3418 3011 δὲ
3454 2972 3652 3010 πιστευ-

2090 3065 2213 3118 τέον
2236 3064 2314 3132 τῷ
2345 3063 2579 3129 λέγοντι,
2608 3061 2668 3114 ού
2706 3058 2885 3131 πολλῷ
2930 3059 3024 3109 καὶ
3060 3055 3306 3126 ἀργύρου
3335 3054 3532 3106 δέοντι·
3566 3048 3647 3101 νῦν

2092 3158 2147 3210 δὲ
2172 3156 2380 3226 γυμνὸς
2412 3155 2471 3207 τὸ
2500 3154 2759 3224 παράπαν
2803 3151 3160 3220 φαινόμενοςο
3194 3148 3270 3210 ὡς
3318 3142 3647 3216 ἀριθμεῖσθαι

406 3244 543 3298 dere
600 3244 977 3313 Pyromachas
1027 3258 1170 3305 esse.
1220 3245 1727 3315 commissurasque
1786 3261 1988 3315 cogno—

2095 3253 2186 3305 καὶ
2217 3247 2341 3312 τοὺς
2369 3247 2547 3310 λίθους
2575 3243 2739 3300 αὐτοῦ
2770 3246 2844 3315 (ὅ)
2874 3243 3083 3303 ὀπόσοι,
3118 3243 3214 3293 καὶ
3234 3240 3317 3292 ὄτι
3350 3236 3646 3307 πυρομάχαι

407 3350 586 3390 scere.
620 3333 908 3404 liabetque
943 3335 1247 3396 circulares
1272 3336 1499 3391 ordines
1527 3351 1593 3391 ex
1626 3336 1805 3406 lapide
1831 3337 1981 3399 albo.

405 3429 462 3484 in
505 3426 850 3492 longitudine
874 3426 1143 3481 columna
1168 3427 1282 3497 pari
1316 3428 1617 3483 interstitio
1648 3428 1981 3499 disiunctus.

407 3518 507 3588 qui
534 3518 601 3572 ad
636 3517 827 3573 decem
870 3533 1104 3573 numero
1135 3527 1265 3572 sunt
1303 3538 1315 3572 :
1356 3519 1483 3573 hinc
1516 3519 1655 3573 alios
1683 3520 1986 3574 circularcs

404 3610 633 3666 ordines
661 3627 728 3666 ex
755 3627 1030 3666 marmore
1068 3613 1216 3675 albo,
1248 3611 1343 3667 seti
1374 3613 1410 3666 ii
1438 3613 1689 3683 contigui
1717 3622 1881 3679 sunt;
1910 3614 1984 3668 ita

408 3715 472 3762 ut
498 3705 773 3761 secundus
806 3707 1006 3776 primo,
1039 3707 1237 3761 tertius
1263 3707 1509 3765 secundo
1537 3708 1832 3778 impositus
1866 3708 1940 3762 sit
1967 3749 1981 3769 ,

412 3809 471 3856 et
508 3801 588 3856 sic
620 3801 882 3871 deinceps
932 3817 1106 3870 usque
1139 3804 1206 3857 ad
1256 3818 1490 3859 nonum.
1534 3800 1733 3857 Verum
1792 3804 1826 3859 ii
1879 3818 1986 3857 non

411 3894 696 3963 aequaliter
759 3893 813 3947 in
872 3900 1152 3950 structura
1208 3911 1267 3950 se
1320 3896 1547 3961 habent,
1598 3897 1694 3952 sed
1752 3897 1983 3952 latiores

411 3986 681 4056 gradatim
713 3996 862 4053 sunt,
893 3996 953 4044 ut
995 3985 1148 4042 basin
1205 3988 1458 4043 latiorem
1501 3988 1760 4058 imposito
1806 3989 1986 4044 ordini

410 4086 689 4148 prastent,
733 4079 825 4147 qui
854 4078 1103 4133 decimus
1150 4094 1349 4133 novem
1394 4078 1519 4143 aliis
1555 4080 1858 4145 incumbit;
1909 4079 1983 4133 ita

410 4177 474 4225 ut
519 4185 622 4226 nec
650 4171 753 4225 ista
808 4186 934 4241 pars
968 4171 1216 4241 perfecto
1266 4187 1500 4226 numero
1546 4183 1748 4227 careat.
1810 4171 1990 4242 Hujus

410 4276 545 4318 vero
578 4262 781 4333 lapidis
826 4264 1003 4317 forma
1040 4262 1254 4339 quadra
1284 4272 1403 4329 est;
1458 4281 1651 4320 verum
1684 4266 1737 4319 in
1792 4266 1992 4323 mediis

409 4355 676 4411 lateribus
694 4354 1114 4410 commissuram
1144 4355 1389 4418 exhibet,
1420 4356 1493 4408 ita
1528 4366 1586 4409 nt
1614 4356 1773 4411 linea:
1810 4357 1993 4428 frangi

410 4447 808 4510 videantur,ct
850 4449 1105 4503 fracturae
1151 4447 1433 4516 lapidibus
1479 4449 1876 4519 obsignentnr;
1925 4467 1993 4505 ac

412 4555 611 4615 praeter
642 4544 768 4599 illos
815 4549 1056 4602 tantum,
1090 4549 1237 4595 totus
1288 4541 1431 4610 lapis
1478 4542 1535 4596 in
1586 4543 1827 4597 circuitu
1877 4559 1991 4598 mre

414 4636 686 4708 operitur.
715 4635 807 4693 Ab.
839 4636 971 4690 hinc
1001 4642 1185 4693 autem
1217 4634 1415 4688 artifex
1442 4634 1733 4703 aedilicium
1768 4646 1990 4691 contra-
2020 4616 2070 4676 Ῑ)

414 4730 554 4787 heus
600 4729 832 4785 densum
881 4726 1120 4797 lapidem
1148 4726 1435 4796 imposuit,
1485 4727 1615 4782 huic
1658 4744 1791 4783 vero
1822 4729 1992 4784 alium

413 4822 649 4879 minoris
690 4822 1121 4893 circumquaque
1175 4819 1506 4885 latitudinis,
1539 4820 1632 4889 qui
1681 4836 1994 4890 congruen-

416 4926 529 4972 tem
558 4929 703 4985 equo
728 4914 903 4973 basim
931 4912 1193 4984 praebeat:
1227 4927 1335 4966 non
1365 4910 1528 4965 modo
1555 4911 1703 4965 enim
1735 4910 1994 4977 columna

415 4988 769 5065 latitudinem
809 5006 1121 5077 expetebat.
1153 5015 1212 5060 ut
1274 5020 1397 5075 quae
1446 5004 1703 5074 imposita
1734 5013 1865 5059 sunt
1895 5004 1992 5058 (ir-

416 5099 563 5155 mius
610 5096 1140 5161 consisterent,sed
1186 5097 1353 5151 etiam
1389 5096 1678 5165 angustius
1729 5110 1994 5151 cacumen

416 5191 795 5257 desiderabat,
846 5199 909 5245 ut
938 5189 1222 5260 opiﬁcium
1255 5189 1576 5258 impositum
1607 5189 1786 5243 oculis
1815 5188 1995 5243 unde-

414 5299 637 5353 quaque
686 5290 923 5353 pateret.
978 5283 1166 5351 Equus
1220 5292 1404 5335 autem
1458 5296 1645 5335 aeneus
1705 5290 1811 5346 est,
1854 5282 1994 5335 miro

415 5375 651 5429 artilicio
697 5372 1035 5437 elaboratus,
1074 5386 1177 5428 nec
1228 5372 1428 5443 dignus
1473 5373 1625 5437 quia
1655 5383 1992 5442 praetereun-

414 5469 569 5522 tibus
617 5466 955 5538 negligatur.
991 5463 1212 5520 etiamsi
1239 5465 1364 5533 quis
1396 5463 1607 5534 pluries
1652 5464 1707 5519 in
1734 5463 1825 5520 die
1857 5464 1997 5518 istac

414 5570 683 5617 transeat.
715 5560 890 5626 Quem
908 5559 954 5614 si
993 5558 1335 5630 spectaveris
1365 5559 1517 5613 dicas
1548 5573 1682 5614 sane
1716 5559 1769 5613 in
1805 5574 1991 5613 aerem

414 5665 470 5711 ct
522 5664 746 5709 ventum
798 5669 1023 5709 cursum
1072 5652 1331 5724 dirigere,
1379 5663 1544 5724 atque
1593 5653 1658 5708 ad
1708 5652 1999 5715 Orientem.

493 5857 570 5917 (2)
614 5858 1110 5927 Καλλυνομένων.
1150 5858 1287 5913 Edit.
1323 5858 1481 5918 male.
1509 5858 1935 5924 καλλυνόμενον.

2096 3343 2315 3408 εἰδέναι,
2347 3343 2441 3396 καὶ⁸
2467 3342 2615 3401 ὅπως
2644 3337 2979 3411 ἁρμόζονται
3006 3351 3020 3365 ”
3059 3334 3198 3405 ἔχων
3245 3334 3342 3386 καὶ
3374 3331 3542 3396 ζώνας
3564 3328 3646 3395 τῆς

2095 3435 2266 3500 αὐτῆς
2298 3434 2499 3501 λευκῆς
2529 3431 2703 3494 λίθου,
2747 3430 2891 3482 κατὰ
2919 3427 3013 3481 τὸν
3063 3427 3348 3496 κάλαμονο
3384 3422 3517 3492 πλὴν
3542 3422 3646 3474 ὅσον

2094 3532 2154 3582 τὸ
2187 3529 2297 3580 ἴσον
2333 3527 2465 3596 πρὸς
2494 3525 2728 3592 ἀλλήλας
2762 3522 2855 3575 τοῦ
2887 3522 3249 3591 διαστήματος
3290 3519 3528 3589 ἔχουσαι,
3561 3514 3645 3586 μέ-

2097 3640 2189 3692 χρι
2237 3620 2329 3673 καὶ
2376 3617 2599 3679 δεκάδος
2650 3617 2926 3685 προΐασιν.
2966 3610 3250 3666 Ἐντεῦθεν
3302 3610 3458 3664 mm
3503 3607 3645 3672 ζῶναι

2100 3714 2394 3785 μαρμάρου
2425 3710 2649 3780 λευκῆς,
2703 3709 2841 3762 ἀλλὰ
2902 3708 3146 3776 συνεχεῖς
3211 3698 3392 3772 αὗται,
3446 3702 3647 3767 δευτέρα

2100 3809 2190 3862 ἐπὶ
2215 3804 2426 3878 πρώτῃ,
2450 3804 2544 3857 καὶ
2573 3803 2728 3874 τρίτη
2758 3801 2848 3854 ἐπὶ
2871 3800 3121 3871 δευτέρᾳ,
3146 3798 3242 3851 καὶ
3271 3796 3486 3866 ἐφεξῆς,
3511 3793 3647 3861 ἄχρις

2100 3900 2257 3954 ἐννέα
2282 3899 2593 3967 διήκουσαν
2626 3894 2767 3966 πλὴν
2802 3895 2900 3950 οὐκ
2934 3891 2995 3956 ἐξ
3035 3893 3153 3946 ῐσου
3183 3890 3281 3962 τὴν
3316 3883 3646 3953 ἐποικοδομὴν

2094 3993 2319 4064 ἔχουσαι.
2349 3990 2546 4052 πᾶσαι,
2576 3987 2691 4041 ἀλλ’
2721 3988 2815 4041 ἐπὶ
2839 3986 2901 4039 τὸ
2933 3984 3271 4054 πλατύτερον
3300 3980 3640 4049 ἀνοιγόμεναι,

2099 4086 2262 4156 βάσιν
2296 4078 2409 4137 οἷον
2454 4074 2681 4151 εὐρεῖαν
2726 4080 2804 4149 τῷ
2838 4079 3173 4148 ἐπικειμένῳ
3207 4075 3559 4146 παρέχουσαν
3594 4068 3644 4119 τδ

2099 4176 2144 4230 δ’
2179 4177 2329 4228 ἐστὶν
2384 4175 2475 4226 ἐπὶ
2509 4174 2626 4230 ταίς
2677 4172 2832 4224 ἐννέα
2866 4169 3067 4233 ζώναις
3102 4169 3162 4221 τὸ
3208 4167 3452 4230 δέκατον,
3498 4162 3567 4224 ὡς
3590 4159 3646 4212 ἂν

2100 4272 2195 4327 καὶ
2220 4265 2379 4318 τοῦτο
2410 4264 2575 4334 μέρος
2603 4263 2678 4332 μὴ
2707 4264 2950 4330 στεροίτο
2976 4260 3075 4328 τῆς
3099 4258 3194 4312 τοῦ
3221 4254 3452 4329 ἀριθμοῦ
3473 4250 3647 4306 τελειό-

2098 4377 2281 4431 τητος.
2328 4357 2401 4411 Τὸ
2445 4357 2504 4421 δὲ
2551 4354 2737 4425 σχῆμα
2782 4352 2874 4406 τοῦ
2924 4352 3071 4404 λίθου
3122 4350 3481 4419 τετράγωνον,
3530 4340 3645 4395 ἀλλὰ

2102 4454 2243 4507 κατὰ
2268 4452 2338 4505 τὰ
2365 4451 2507 4521 μέσα
2539 4446 2842 4512 συνιζάνον,
2863 4446 2938 4508 ὡς
2974 4440 3086 4498 οἷον
3116 4444 3214 4505 τὰς
3257 4439 3510 4513 γραμμὰς
3536 4435 3645 4488 κλᾶ-

2105 4546 2251 4608 σθαι,
2285 4546 2380 4598 καὶ
2408 4543 2573 4607 λίθοις
2609 4539 2970 4611 σημειοῦσθαι
3002 4544 3101 4602 τὰς
3134 4537 3379 4600 κλάσεις.
3404 4534 3492 4588 καὶ
3518 4525 3644 4592 παρὰ

2098 4639 2324 4701 τούτους
2362 4639 2457 4691 καὶ
2511 4634 2729 4705 μόνους,
2771 4632 2960 4704 χαλκῷ
2993 4632 3054 4684 τὸ
3100 4632 3209 4684 πᾶν
3259 4628 3353 4683 τοῦ
3396 4628 3533 4680 λίθου
3560 4637 3643 4673 κα-

2100 4732 2401 4789 λύπτεσθαι
2440 4730 2714 4802 γύρωθεν.
2775 4727 3059 4782 Ἐντεῦθεν
3106 4725 3265 4792 αὖθις
3314 4720 3644 4781 συστέλλωνΰ

2098 4827 2350 4895 τεχνίτης
2383 4823 2444 4877 τὸ
2491 4823 2856 4894 οἰκοδόμημα.
2914 4821 3100 4890 τίθησι
3151 4820 3296 4874 λίθον
3342 4820 3529 4891 παχὺν,
3566 4816 3643 4866 καὶ

2100 4919 2189 4971 ἐπ’
2235 4918 2385 4988 αύτῷ
2436 4915 2661 4987 ἕτερον,
2704 4915 2840 4986 πρὸς
2889 4916 3053 4975 aiath
3101 4915 3205 4985 μὲν
3260 4910 3639 4979 ἐλαττούμενον.

2103 5012 2295 5080 ἱκανὴν
2324 5010 2379 5063 δὲ
2412 5009 2582 5080 βάσιν
2601 5008 2680 5076 τῷ
2710 5010 2864 5078 ἵππῳ
2886 5009 3117 5061 διδόντα.
3152 5008 3228 5061 Οὐ
3256 5008 3414 5077 μόνον
3434 5004 3530 5072 γάρ
3553 4998 3641 5051 ἔδει

2102 5103 2337 5164 πλάτους
2372 5104 2449 5170 τῷ
2482 5100 2680 5170 στύλῳ,
2732 5099 3029 5167 ἀσφαλείας
3064 5097 3228 5167 χάριν
3262 5098 3370 5149 τῶν
3399 5086 3643 5155 ἐπικειμέ-

2100 5212 2226 5255 νων,
2263 5194 2397 5247 ἀλλά
2445 5192 2717 5263 ἑτέρωθεν
2761 5194 2854 5245 καὶ
2902 5190 3243 5259 στενότητος,
3277 5187 3353 5251 ὡς
3380 5187 3440 5241 ἂν
3470 5194 3641 5234 πανταυ

2100 5288 2254 5358 χόθεν
2299 5288 2551 5356 ἀρίδηλον
2659 5287 2718 5337 τὸ
2754 5284 3111 5353 ἐπικείμενον
3158 5283 3452 5353 τέχνασμα.
3485 5274 3549 5329 Τὸ
3572 5271 3638 5327 δὲ.

2101 5378 2265 5438 ἵππος
2302 5377 2421 5431 ἐστὶ
2455 5375 2711 5445 χαλκοῦς.
2731 5374 3064 5444 θαυμαστῶς
3085 5370 3181 5428 τοῦ
3211 5374 3484 5442 σχήματος
3500 5366 3636 5433 ἔχων,

2107 5472 2202 5523 καὶ
2227 5468 2430 5538 ἥκιστα
2461 5468 2808 5539 παρορᾶσθαι
2839 5468 2953 5527 τοῖς
2978 5465 3272 5537 παριοῦσιν
3311 5464 3469 5529 ἄξιος,
3494 5457 3535 5508 εί
3560 5450 3633 5505 καὶ

2104 5559 2367 5625 πολλάκις
2402 5577 2488 5621 τις
2538 5559 2635 5629 τῆς
2667 5558 2885 5628 ἡμέρας
2932 5559 3112 5610 ἐκεῖσε
3163 5557 3459 5626 διέρχοιτο·
3491 5545 3635 5599 εἴποις

2100 5654 2166 5708 ἂν
2194 5654 2371 5715 αὐτὸν.
2387 5652 2621 5723 βλέπων,
2648 5651 2785 5721 πρὸς
2815 5650 3018 5721 ᾇνεμον
3035 5650 3254 5720 τρέχειν
3280 5645 3532 5718 ὁρμῶντα,
3554 5633 3631 5687 καὶ

492 5930 568 5999 (ὅ)
600 5928 704 5983 Ital
749 5923 908 5997 τοὺς
928 5931 1138 5998 λίθους
1172 5930 1379 5984 αὑτοῦ.
1421 5929 1707 5999 Pcrperaut
1745 5923 1796 5982 in
1825 5929 1988 5995 Ειιίι.,

2095 5928 2115 5978 ‘t
2147 5927 2269 5987 τοὺς
2304 5923 2484 5988 λίθους
2511 5923 2679 5994 αύτῷ.
