3880 6558
240 484 330 553 921

1304 488 1761 559 DESCRIPTIO
1800 491 2361 552 AUGUSTEONIS.

3350 475 3454 540 922
3478 426 3486 440 ’

231 604 318 673 τῆς
346 599 472 672 πρὸς
504 600 771 673 ἀνατολὴν
801 601 1093 658 ἅπτεσθαι.
1124 602 1316 667 Οὕτως
1345 604 1453 673 ἄρα
1487 602 1549 657 τὸ
1576 604 1673 672 τῆς
1696 622 1784 658 κε-

1890 607 2047 662 ferri.
2101 609 2275 674 Caput
2310 608 2383 659 ita
2438 604 2830 659 concinnatum
2879 580 2970 655 est
3016 609 3076 655 ut
3110 596 3454 653 ferocitatem

234 693 389 764 φαλῆς
410 694 826 762 δσχημάτισται,
858 694 935 758 ὼς
969 695 1454 765 ἀνασεσοὸημένην
1488 691 1650 759 εἶναι,
1686 701 1780 753 καὶ

235 786 349 856 πρὸς
382 786 580 858 βορρᾶν
610 788 808 857 μικρὸν
839 788 1333 856 παρεγκλίνουσαν.
1356 788 1541 852 Οὕτως
1569 790 1625 842 at
1657 792 1776 859 χαῖ-

231 896 309 933 ται
335 882 423 933 καὶ.
461 880 581 932 ὅσαι
614 878 800 949 τρίχες
825 883 889 948 τῇ
918 879 1132 951 κεφαλῇ
1165 880 1537 951 ἐμπεφύκασι,
1577 880 1779 950 φυγοῦ-

239 989 315 1024 σαι
340 970 397 1023 τὸ
422 969 661 1031 εὔθετον,
695 970 1081 1040 διεγείρονται,
1111 972 1208 1026 καὶ
1254 972 1391 1043 πρὸς
1421 973 1622 1041 ἄνεμον
1651 973 1779 1025 παί-

236 1063 420 1125 ζουσιν.
454 1061 514 1112 Et
542 1060 601 1113 δέ
627 1078 729 1114 που
761 1063 857 1114 σὺν
886 1061 1056 1134 ταύτῃ
1105 1063 1202 1117 καὶ
1229 1063 1321 1116 τὸν
1350 1064 1639 1133 ἀριστερὸν
1671 1064 1776 1116 τῶν

232 1149 551 1221 ὲμπροσθίων
585 1151 717 1214 ἴδοις
747 1152 942 1213 ποδῶν,
973 1153 1089 1215 πῶς
1122 1155 1262 1206 κατὰ
1303 1153 1430 1219 γόνυ
1459 1152 1776 1223 κυρτοῦται,

235 1242 317 1296 καὶ
361 1240 463 1295 τῶν
504 1243 683 1297 ἄλλων
715 1244 1124 1315 ὲρηρεισμένων
1152 1247 1233 1309 είς
1273 1246 1378 1313 γῆν
1419 1245 1584 1309 αὐτὸς
1618 1247 1778 1314 μόνος

233 1334 473 1404 ᾐώρηται,
525 1335 702 1398 εῐποις
728 1335 795 1387 ἂν
827 1335 1094 1390 κινεῖσθαι
1130 1336 1194 1406 δὴ
1233 1337 1327 1390 κα)⁸
1359 1335 1428 1390 τὰ
1475 1335 1679 1407 ἄψυχα.
1713 1336 1777 1390 Εἰ

236 1426 283 1479 δέ
306 1427 391 1480 καὶ
417 1426 632 1498 χαλινὸν
670 1428 863 1497 ἔφερεν
901 1430 991 1481 ἐπὶ
1027 1429 1313 1498 στόματος,
1343 1429 1420 1492 ὡς
1454 1428 1599 1499 ἔχειν
1629 1430 1780 1484 είκά-

237 1516 334 1579 ζειν
358 1517 416 1569 τὸ
444 1517 614 1571 πάλαι
639 1519 730 1572 τὸν
761 1518 939 1588 ὀρθῶς
968 1520 1359 1589 σκοπούμενον,
1389 1521 1614 1591 θάτερον
1643 1521 1780 1574 ὑπο-

237 1611 387 1662 νοοίτο
413 1610 577 1675 δυοῖν,
617 1609 650 1681 ἢ
684 1610 761 1682 τῷ
796 1612 992 1683 ῥυτῆρι
1038 1612 1363 1682 ἀγχόμενον,
1413 1612 1686 1682 κροαίνειν
1716 1615 1781 1665 ἐκ

238 1700 341 1770 βίας
371 1700 445 1769 τῷ
469 1701 808 1773 έμπροσθίῳ,
838 1703 869 1772 ἢ
900 1702 1005 1774 μὴν
1031 1704 1334 1774 ἀνιέμενον,
1375 1702 1545 1767 οὕτως
1586 1704 1779 1757 truta-

234 1794 394 1863 χύνειν
430 1794 498 1848 τά
540 1795 640 1865 τῆς
675 1795 921 1865 πορείας,
962 1797 1036 1859 ὼς
1085 1798 1159 1867 μὴ
1203 1796 1427 1865 φθάνειν
1454 1796 1645 1850 τοῦτον
1682 1798 1780 1867 τῆς

232 1883 321 1952 γῆς
362 1885 647 1950 ἅπτεσθαι,
678 1888 773 1940 καὶ
814 1887 1148 1957 προφθάνειν
1176 1889 1265 1941 τὸν
1307 1887 1552 1941 ὄπισθεν.
1592 1886 1779 1950 Οὕτως

233 1977 325 2047 ἀρα
361 1979 422 2030 ἐκ
461 1979 771 2048 πνεύματός
815 1996 961 2043 τινος
1003 1980 1293 2051 ὲγκαρδὶου
1346 1981 1590 2052 ἐμφύτου
1642 1981 1779 2053 πρὸς

229 2066 312 2136 τὴν
356 2066 530 2136 ὁρμὴν
592 2068 689 2121 καὶ
741 2068 812 2123 τὰ
864 2068 1062 2139 στέρνα
1123 2070 1204 2139 τῷ
1256 2070 1381 2142 ζώῳ
1438 2071 1777 2141 εὐρύνονται,

230 2158 295 2221 ὡς
342 2160 723 2229 ὲπισημαίνειν
774 2163 870 2214 καὶ
918 2162 986 2215 τὰ
1035 2163 1328 2234 οἰδήματα.
1361 2164 1546 2228 Οὕτως
1596 2164 1780 2234 ἀκμά-

232 2248 380 2312 ζουσα
425 2251 456 2320 ἡ
506 2251 644 2320 ούρὲι
687 2252 932 2321 ὄπισθεν,
968 2254 1028 2308 οὐ
1087 2255 1229 2307 κατὰ
1277 2256 1476 2326 τρόπον
1527 2260 1778 2326 κειμένη,

231 2341 330 2394 ἀλλ’
354 2336 460 2394 οἷον
487 2343 904 2415 ἀνεγηγερμένη
941 2345 1004 2398 τό
1051 2347 1288 2417 πρῶτον,
1329 2344 1447 2401 εἶτα
1480 2347 1779 2420 καθιεμένη

230 2435 365 2504 παρά
383 2435 551 2498 πόδας
574 2438 631 2497 ἐς
654 2438 779 2506 γῆν.
809 2436 951 2507 Ὅρα
972 2439 1027 2492 δὲ
1052 2440 1149 2493 καὶ
1176 2442 1270 2493 τὸν
1301 2441 1565 2510 ἐπιϐάτην
1595 2439 1780 2505 εὐθὺς,

230 2526 441 2578 ἱππότου
471 2526 716 2596 δρομέως
767 2529 957 2600 ἔχοντα
996 2530 1277 2599 σχήματα,
1308 2531 1401 2583 καὶ
1445 2532 1573 2592 τοὺς
1612 2530 1782 2593 πόδας

229 2618 366 2686 παρά
398 2618 638 2689 πλευράν
673 2621 943 2691 ἑκατέραν
976 2620 1242 2689 διέχοντα.
1275 2624 1337 2677 Εἰ
1365 2623 1420 2675 δέ
1460 2639 1524 2690 γε
1552 2628 1643 2676 καὶ
1678 2624 1778 2692 ὲμ-

229 2708 381 2766 ϐάδας
413 2710 627 2782 φοροίη,
662 2709 776 2762 ἀλλ’
806 2711 1058 2773 εἰκάσαις
1084 2711 1149 2764 ἂν
1176 2713 1338 2764 αὑτὸν
1365 2712 1783 2782 ὲπιγαννυμένῳ

227 2801 296 2870 τῷ
322 2801 466 2869 ἵππῳ
502 2805 594 2853 καὶ
629 2801 1002 2872 κυδρουμένῳ,
1028 2802 1110 2855 ὃτι
1142 2804 1234 2855 καὶ
1275 2803 1398 2871 δίχα
1428 2803 1656 2872 κέντρου
1689 2804 1782 2856 καὶ

231 2893 437 2961 μύωπος
491 2894 690 2954 ἱκανῶς
743 2895 947 2946 ἀνυστά
975 2895 1022 2947 οἱ
1072 2896 1140 2946 τά
1185 2894 1277 2947 τοῦ
1312 2893 1513 2964 δρόμου
1563 2894 1782 2963 καὶτῆς

228 2984 559 3052 προθέσεως·
605 2986 696 3039 καὶ
750 2985 922 3046 οὕτως
953 2984 1316 3055 ἀτημελήτως
1350 2986 1409 3051 ξοὶ
1448 2984 1604 3046 πόδες
1630 2983 1783 3054 ἔχου-

228 3092 322 3142 σιν,
353 3075 491 3130 ὥστε
521 3078 701 3129 δοκεῖν
744 3077 937 3137 αὐτοὺς
969 3076 1057 3143 ὑφ’
1089 3077 1269 3129 αὐτῶν
1307 3077 1649 3145 κρατεῖσθαι,
1690 3075 1782 3129 τοῦ

226 3167 509 3239 καρδιακοῦ
542 3167 888 3236 ὲξημμένους
929 3170 1250 3237 κινήματος,
1287 3168 1454 3238 μηδὲν
1485 3168 1782 3236 συνεχομέ-

1882 699 2164 762 exhibeat,
2224 708 2282 753 at
2329 697 2395 751 ad
2451 696 2780 765 Aquilonem
2838 707 3139 762 parumper
3191 689 3453 744 declinet.

1882 788 2040 843 Jubte
2083 797 2138 842 et
2176 788 2357 843 crines
2407 788 2576 858 capiti
2628 789 2904 843 haerentes
2956 782 3333 852 incompositi,
3386 783 3453 835 ad

1882 887 2105 932 ventum
2153 877 2344 932 ludere
2392 877 2669 932 videntur.
2725 876 2880 943 Quod
2924 875 2967 929 si
3002 875 3068 928 ad
3107 874 3225 927 haec
3257 874 3455 927 laevum

1879 972 2217 1027 anteriorem
2262 971 2460 1039 pedem
2492 969 2870 1039 conspexeris,
2915 981 2944 1020 a
2986 981 3128 1036 genu
3161 979 3455 1019 recurvum

1880 1080 1945 1121 ac
1983 1066 2182 1119 ﬂexum
2227 1063 2504 1124 advertas,
2543 1062 2618 1116 ita
2647 1071 2708 1116 ut
2739 1061 2866 1115 aliis
2910 1068 3116 1115 terram
3149 1058 3454 1129 prementi-

1882 1157 1988 1212 bus
2018 1157 2134 1226 ipse
2161 1156 2315 1210 solus
2349 1169 2651 1224 suspensus
2679 1153 2751 1208 sit
2787 1170 2801 1206 :
2843 1167 2906 1206 ac
2937 1159 3099 1221 putes
3131 1150 3296 1204 etiam
3333 1148 3455 1201 ina-

1880 1250 2088 1304 nimata
2140 1248 2369 1302 moveri.
2408 1248 2563 1314 Quod
2596 1246 2642 1300 si
2698 1261 2939 1315 unquam
2995 1244 3206 1299 frenum
3258 1242 3314 1296 in
3360 1254 3455 1294 ore

1881 1340 2140 1396 habuerit
2187 1339 2378 1410 (quod
2413 1353 2547 1394 sane
2592 1338 2720 1393 olim
2746 1337 3006 1391 habuisse
3041 1335 3257 1406 putabit
3301 1335 3453 1402 quis.

1881 1434 2007 1504 quis
2049 1440 2199 1488 recte
2231 1431 2685 1500 coniectaverit),
2725 1430 3053 1484 alterutrum
3094 1441 3224 1481 sane
3272 1425 3456 1492 suspi-

1881 1522 2023 1577 ceris
2046 1563 2061 1587 ,
2093 1530 2189 1576 aut
2217 1519 2471 1575 faucibus
2518 1518 2858 1573 habenarum
2892 1517 2944 1570 vi
2979 1514 3297 1573 constrictis
3331 1531 3453 1569 sese.

1881 1625 2086 1682 equum
2117 1611 2357 1685 arrigere
2378 1654 2392 1677 ,
2427 1620 2523 1665 aut
2550 1610 2744 1665 laxatis
2785 1609 3016 1664 habenis
3044 1617 3153 1662 tam
3183 1608 3456 1662 concitato

1882 1720 2048 1760 cursu
2088 1703 2244 1768 ferri,
2276 1716 2333 1759 ut
2364 1720 2463 1774 pes
2502 1704 2747 1758 anterior
2781 1713 2986 1758 terram
3018 1718 3126 1755 non
3156 1703 3456 1772 contingat,
3510 1758 3523 1766 ρ

1884 1799 2268 1866 posteriorque
2303 1796 2624 1865 praeveniat.
2674 1796 2753 1850 Ita
2807 1811 2940 1850 vero
2967 1810 3035 1849 ex
3079 1794 3275 1863 spiritu
3321 1808 3460 1863 quo-

1883 1889 2005 1943 dam
2053 1888 2274 1942 interno
2315 1899 2371 1941 et
2406 1887 2645 1941 naturali
2688 1886 2816 1954 equi
2866 1895 3092 1956 pectora
3133 1884 3455 1942 dilatantur,

1883 1989 1943 2034 ut
1992 1979 2160 2035 etiam
2215 1982 2496 2033 musculos
2545 1978 2808 2033 observes
2851 1993 2867 2041 ;
2914 1977 2994 2032 sic
3046 1976 3221 2032 cauda
3269 1975 3459 2044 vigore

1883 2074 2042 2142 plena
2095 2073 2377 2137 cernitur,
2437 2081 2498 2126 ut
2548 2086 2661 2125 non
2716 2070 2955 2126 demissa
3010 2068 3310 2135 concidat;
3361 2067 3457 2122 sed

1880 2164 2035 2233 quasi
2067 2174 2251 2219 erecta
2285 2163 2549 2232 primum,
2601 2162 2803 2217 deinde
2835 2162 3069 2217 remissa
3100 2160 3168 2215 ad
3203 2159 3375 2229 pedes
3404 2169 3459 2212 et

1882 2257 1951 2313 ad
2011 2267 2214 2311 terram
2272 2256 2479 2311 etlluat.
2539 2256 2598 2310 In
2648 2270 2919 2310 sessorem
2976 2268 3107 2308 vero
3165 2251 3460 2306 confestim

1882 2347 2076 2401 oculos
2090 2345 2336 2414 adjicias,
2355 2345 2601 2400 cursoris
2622 2346 2828 2415 equitis
2851 2345 3085 2401 fortnam
3107 2343 3460 2405 referentem,

1883 2454 1946 2493 ac
1974 2437 2145 2507 pedes
2173 2437 2238 2492 ad
2277 2445 2570 2507 utrumque
2601 2439 2745 2492 latus
2774 2439 3203 2493 distendentem.
3232 2430 3462 2491 Etiamsi

1884 2547 2016 2586 vero
2055 2530 2364 2586 calcaribus
2402 2533 2707 2586 instructus
2735 2536 2843 2598 sit;
2878 2542 2935 2586 at
2963 2532 3149 2585 statim
3197 2529 3462 2601 conjicias

1883 2640 1951 2679 ex
1988 2624 2115 2693 equi
2165 2623 2450 2678 alacritate
2479 2632 2536 2677 et
2586 2624 2814 2687 ferocia,
2870 2624 3047 2693 ipsum
3078 2622 3197 2677 sine
3238 2619 3462 2674 stimulo

1884 2732 2045 2786 posse
2094 2716 2441 2786 propositum
2487 2730 2712 2769 cursum
2756 2716 3046 2786 perticere.
3080 2714 3253 2783 Bedes
3278 2721 3462 2766 autem

1885 2808 1960 2863 ita
2011 2808 2353 2878 negligenter
2399 2807 2688 2876 compositi
2738 2806 3018 2871 videntur,
3074 2814 3135 2860 ut
3183 2813 3368 2858 tamen
3401 2818 3461 2857 se

1886 2898 1990 2965 ipsi
2043 2898 2387 2960 contineant,
2420 2905 2475 2950 et
2524 2913 2593 2951 ex
2626 2898 2743 2965 ipso
2777 2897 2961 2951 cordis
3014 2902 3164 2948 motu
3212 2893 3326 2962 regi
3362 2908 3467 2960 pu-

1889 3000 2098 3058 tentur,
2155 2992 2304 3046 nulla
2360 2991 2628 3046 scandula
2680 3005 2779 3059 pro
2831 3004 2983 3043 more
3033 2987 3266 3042 suil'ulti.
3328 2986 3462 3040 Nam

1886 3098 2030 3150 equo
2070 3082 2272 3137 insidet
2309 3088 2484 3136 audax
2515 3081 2754 3151 juvenis,
2789 3089 2936 3134 totus
2963 3078 3217 3134 sublimis
3249 3092 3313 3131 ac
3339 3092 3467 3145 pro-

1887 3174 1979 3227 cul
2034 3173 2366 3242 inspectanti
2407 3173 2610 3226 similis
2650 3190 2662 3224 :
2700 3172 2785 3224 vir
2830 3186 2984 3232 sane,
3029 3169 3123 3223 sed
3166 3167 3457 3229 imberbis,

224 3279 336 3324 νους
376 3261 434 3326 ἐξ
462 3261 774 3329 ὲφεστρίδος
823 3262 965 3312 κατὰ
1016 3261 1075 3313 τὸ
1124 3262 1377 3330 σύνηθες.
1424 3261 1784 3328 Ἐπικάθηται

1891 3266 2050 3334 cujus
2083 3279 2241 3319 coma
2293 3279 2323 3319 a
2370 3263 2554 3317 fronte
2604 3262 2863 3325 detonsa,
2910 3277 3051 3330 pone
3087 3274 3222 3314 vero
3255 3274 3358 3312 nec
3395 3256 3462 3311 ad

224 3355 322 3424 γὰρ
344 3353 419 3423 τῷ
444 3354 597 3424 ἵππῳ
620 3352 859 3423 θαρρῶν,
886 3352 1118 3420 ἱππότης
1142 3352 1410 3415 νεανικὸς,
1437 3352 1556 3415 ὅλος
1583 3353 1787 3421 μετάρ-

226 3464 347 3510 σιος,
383 3448 477 3499 καὶ⁵
511 3445 705 3507 ἐοικὼς
743 3444 965 3513 μακράν
1000 3444 1253 3514 βλέποντι
1278 3461 1290 3475 ’
1328 3445 1464 3515 ἀνὴρ
1493 3446 1555 3497 οὐ
1588 3444 1788 3515 τριχώ-

226 3554 301 3591 σει
331 3537 481 3607 φίλος
509 3537 579 3589 τὰ
612 3536 749 3609 πρὸς
775 3536 988 3604 ὑπήνην
1009 3551 1022 3564 ·
1057 3535 1157 3595 τὰς
1184 3535 1230 3611 δέ
1257 3536 1364 3588 ἀπὸ
1394 3536 1639 3604 κεφαλῆς
1670 3535 1789 3604 τρί-

223 3648 313 3700 χας
331 3634 348 3651 ⁶
370 3628 737 3699 ἀπεθριμένος
773 3627 872 3696 μὲν
892 3628 959 3679 τὰ
987 3628 1042 3689 ἐς
1076 3616 1329 3696 μέτωπον
1348 3644 1362 3658 ·
1384 3627 1450 3678 τὰ
1474 3627 1518 3680 δ’
1540 3627 1786 3695 ὄπισθεν,

223 3721 333 3774 οὐδὲ
380 3721 538 3791 μέχρι
571 3720 822 3797 αὐχένος,
871 3719 996 3771 ὅσον
1035 3722 1128 3773 καὶ
1164 3720 1326 3773 αὐτὸν
1354 3720 1585 3788 ὁρᾶσθαι
1617 3721 1791 3790 κουρᾷ

224 3812 490 3882 χαίροντα,
525 3806 650 3865 Οἷον
694 3811 751 3863 δὲ
793 3813 886 3864 καὶ¹
925 3811 987 3863 τὸ
1034 3811 1129 3863 ἐπὶ
1180 3812 1421 3881 κεφαλῆς
1454 3813 1672 3881 κράνος,
1713 3811 1788 3874 ὡς

226 3906 381 3974 μηδὲν
431 3903 851 3968 ἐπικαλύπτων,
903 3904 999 3957 xui.
1051 3902 1149 3973 τὴν
1201 3903 1475 3974 φοροῦντα
1541 3907 1786 3973 κοσμεῖν.

224 3996 351 4051 Οὐδὲ
379 3998 486 4066 γὰρ
546 3995 691 4049 κατά
745 3997 951 4059 πλάτος
990 3995 1304 4048 ἐπίκειταιο
1341 3995 1464 4048 οὐδέ
1524 4011 1588 4062 γε
1644 3995 1792 4048 κατὰ

224 4088 409 4143 κύκλον
462 4088 963 4158 ἀποτετόρνευται·
996 4088 1111 4141 ἀλλ’
1165 4088 1290 4141 ὅσον
1326 4088 1425 4157 μὲν
1458 4085 1688 4156 ζὲγγίξει
1719 4091 1786 4158 τῇ

224 4178 446 4248 κεφαλῇ,
482 4178 748 4247 στέφανος
778 4172 922 4232 εἶναι
960 4178 1127 4246 δοκεῖ,
1164 4179 1471 4250 κροτάφους
1514 4181 1789 4251 περιγρά-

225 4287 334 4340 φων
364 4271 418 4336 ἐξ
455 4271 571 4324 ἴσου
607 4272 703 4324 καὶ
748 4272 1019 4341 μέτωπον.
1060 4273 1135 4325 Τὸ
1164 4272 1210 4325 δ’
1242 4272 1494 4327 ἐντεῦθεν
1532 4273 1627 4327 καὶ
1652 4274 1787 4340 ἀνω,

225 4361 397 4431 ἡρέμα
437 4363 581 4415 κατὰ
613 4362 790 4433 μῆκος
835 4364 1142 4428 ἐκτέταται,
1166 4366 1263 4419 καὶ
1304 4367 1362 4430 ἐς
1397 4367 1532 4421 πολὺ
1564 4367 1786 4436 φθάνον,

225 4455 388 4523 πτερά
412 4457 476 4525 τῇ
514 4456 724 4524 κεφαλῇ
758 4456 1049 4526 χρυσαυγῆ
1087 4458 1298 4525 γίνεται
1321 4475 1334 4490 ·
1368 4459 1462 4514 καὶ
1508 4459 1571 4512 τὸ
1599 4461 1789 4531 χρῆμα

226 4553 312 4603 καὶ
341 4552 395 4614 ἐς
419 4551 520 4620 ἐμὲ
545 4547 614 4621 ἦν
638 4550 898 4620 ἀκέραιον
920 4564 936 4578 ·
966 4550 1170 4619 ἀνέμου
1200 4551 1256 4603 δέ
1283 4568 1412 4604 ποτε
1458 4553 1788 4616 πνεύσαντος

1892 3358 2093 3414 collum
2157 3372 2332 3426 usque
2382 3356 2732 3420 demittitur;
2780 3364 2840 3408 ut
2869 3354 3112 3409 aestimes
3155 3353 3308 3405 illum
3339 3362 3464 3405 ton-

1890 3465 2022 3506 sura
2065 3449 2349 3505 delectari.
2381 3449 2705 3518 Cuiusmodi
2750 3456 2935 3502 autem
2967 3448 3146 3517 galea,
3175 3460 3297 3515 qua:
3326 3443 3463 3496 nihil

1889 3541 2110 3610 obtegat
2144 3547 2200 3594 et
2234 3538 2479 3610 equitem
2509 3536 2782 3593 exornet?
2829 3552 3008 3606 neque
3034 3537 3182 3591 enim
3213 3535 3300 3588 vel
3325 3534 3467 3605 lati-

1893 3632 2137 3687 tudinem
2168 3631 2407 3695 obtinet,
2446 3631 2532 3685 vel
2576 3639 2741 3699 caput
2771 3627 3183 3691 circumcludit,
3216 3626 3313 3681 sed
3359 3641 3467 3695 qua

1891 3724 2057 3794 capiti
2083 3723 2414 3778 admovetur
2448 3738 2667 3778 coronae
2706 3722 2907 3777 similis
2948 3732 3059 3787 est,
3109 3728 3359 3789 tempora
3410 3727 3467 3773 et

1890 3816 2125 3870 frontem
2174 3814 2521 3883 aequabiliter
2568 3810 3035 3868 circumscrihéns
3082 3830 3096 3865 :
3143 3812 3274 3865 hinc
3332 3825 3465 3863 vero

1890 3922 2127 3976 superne
2150 3905 2356 3961 sensim
2389 3904 2734 3975 longitudine
2763 3905 3102 3965 extenditur,
3148 3912 3204 3957 et
3231 3903 3464 3956 multutn

1890 4013 2184 4069 assurgens
2224 3997 2278 4051 in
2315 4012 2522 4067 pennas
2556 3996 2850 4051 deauratas
2877 4012 2907 4049 a
2940 3996 3182 4050 culmine
3220 3997 3463 4051 desiuit:

1891 4106 2015 4162 quae
2038 4089 2104 4144 ad
2136 4105 2319 4146 meum
2347 4103 2523 4158 usque
2553 4098 2768 4157 tempus
2797 4097 3027 4143 servata:
3051 4098 3179 4141 sunt
3226 4106 3240 4141 ε
3270 4104 3462 4142 verum

1890 4182 2120 4238 reﬂante
2166 4180 2656 4236 vehementissimo
2701 4189 2867 4234 vento
2896 4180 3020 4234 diue
3066 4194 3263 4249 pennae
3293 4178 3466 4233 colla-

1890 4290 2002 4345 psaa
2050 4283 2230 4328 sunt:
2273 4289 2395 4343 quae
2456 4281 2588 4327 tunc
2641 4273 2802 4342 longe
2842 4272 3080 4342 majores
3129 4270 3259 4325 visae
3315 4279 3464 4333 sunt,

1891 4382 2054 4436 quam
2087 4382 2210 4420 cum
2248 4377 2416 4435 caput
2459 4375 2797 4420 exornarent
2836 4374 2934 4420 :et
2966 4366 3231 4418 hactenus
3257 4363 3311 4416 in
3345 4364 3466 4416 the-

1892 4476 2059 4516 sauro
2085 4460 2340 4513 Ecclesia-
2373 4460 2673 4513 reconditae
2719 4458 3000 4512 videntur.
3032 4456 3249 4525 Corpus
3283 4465 3465 4509 autem

1895 4550 2174 4604 strictiore
2209 4563 2314 4603 nec
2339 4548 2621 4618 superﬂue
2648 4549 2950 4609 exundanti
2986 4551 3170 4601 tunica
3200 4546 3468 4600 interiore

228 4641 479 4707 ἐξαισίου,
518 4644 842 4716 ῥιπτοῦνται
881 4642 976 4697 δύο
1010 4645 1188 4715 πτερά
1214 4660 1227 4675 ⁸
1258 4645 1349 4698 καὶ
1400 4645 1525 4697 τότε
1559 4646 1784 4715 μέγιστα

1901 4642 2156 4705 vestitur,
2201 4641 2420 4709 qualem
2477 4650 2694 4710 gestant
2743 4639 2959 4709 equites
3005 4639 3314 4692 cultiores:
3346 4651 3469 4707 qua:

230 4734 392 4804 πολλῷ
430 4739 543 4798 τοῖς
595 4736 798 4808 ὁρῶσιν
856 4737 1130 4806 ἐφαίνετο,
1172 4739 1204 4807 ἢ
1266 4738 1498 4792 καθόσον
1551 4741 1786 4808 ὁρῶνται

227 4827 520 4896 κοσμοῦντα
544 4828 645 4897 τὴν
682 4827 926 4897 κεφαλήν
950 4843 963 4858 ·
990 4827 1026 4882 ἃ
1054 4829 1118 4896 δὴ
1142 4829 1234 4881 καὶ
1266 4831 1322 4891 ὲς
1343 4827 1504 4899 δεῦρο
1533 4832 1687 4893 παρὰ
1713 4830 1789 4900 τῷ

226 4914 312 4983 τῆς
341 4918 643 4986 ἐκκλησίας
690 4918 926 4989 ταμιείῳ
957 4919 1519 4991 ἀποτεθησαύρισται.
1558 4920 1789 4976 Ἐσταλ-

231 5024 309 5061 ται
346 5012 401 5065 δὲ
430 5014 524 5065 καὶ
572 5013 634 5065 τὸ
668 5012 850 5084 σῶμα,
885 5012 1038 5076 ἐντὸς
1075 5013 1176 5083 μὲν
1215 5014 1276 5066 οὐ
1309 5017 1537 5083 περιττῇ
1566 5017 1792 5069 τινικαὶ

234 5104 652 5175 περισσευομένῃ
691 5105 876 5175 στολῇ,
910 5106 1027 5157 ἀλλ’
1055 5106 1174 5159 οἵαν
1223 5107 1490 5178 εὐσταλὴς
1528 5107 1595 5162 ἂν
1629 5108 1792 5162 ἱππό-

232 5208 316 5260 της
338 5196 689 5266 ἀμπίηοιτο,
724 5197 934 5250 ἀνωθεν
963 5197 1083 5266 μὲν,
1129 5198 1288 5267 μόλις
1324 5200 1419 5250 καὶ
1451 5200 1509 5261 ἐς
1544 5198 1789 5266 ἀγκῶνα,

234 5284 457 5342 κάτωθεν
504 5289 582 5353 δὲ,
626 5290 756 5360 περὶ
789 5290 995 5355 γόνατα
1045 5292 1377 5359 φθάνουσαν.
1429 5291 1696 5360 Ἀνῆπται
1734 5293 1791 5345 δὲ

235 5374 315 5426 καὶ
340 5378 578 5445 μανδύαν
627 5380 804 5442 ἐκτὸς,
844 5380 1061 5450 στολὴν,
1098 5379 1173 5443 ὦς
1217 5398 1405 5450 φησιν,
1449 5382 1746 5453 Ἀχίλλειον
1774 5400 1788 5413 ·

233 5458 263 5529 ἢ
287 5466 368 5517 καί
393 5484 517 5520 τινα
544 5467 900 5525 καλύπτουσα
929 5471 1038 5524 τῶν
1062 5471 1270 5542 μερῶν,
1297 5472 1554 5527 κάκεῖθεν
1585 5472 1677 5527 ἐπὶ
1700 5473 1791 5525 τὸν

232 5548 498 5627 ἀριστερὸν
530 5552 683 5627 ὦμον
730 5559 1082 5633 ἐπικειμένη,
1114 5564 1312 5630 φθάνει
1365 5565 1456 5616 καὶ
1495 5566 1661 5634 μέχρι
1692 5565 1791 5632 τῆς

233 5642 314 5695 τοῦ
357 5648 522 5704 ἵππου
563 5649 735 5717 ίξύος,
778 5652 911 5705 πολύ
943 5670 1001 5705 τε
1050 5654 1217 5723 μέρος
1247 5653 1649 5723 περιλαμϐάνει
1682 5654 1790 5706 τῶν

234 5732 459 5804 θπισθεν,
491 5741 586 5795 καὶ
609 5742 841 5813 περιττὴ
874 5743 1254 5812 περικέχυται.
1297 5744 1360 5797 At
1395 5743 1577 5811 μέντοι
1607 5747 1791 5815 χεῖρες

237 5829 304 5900 τῷ
327 5832 594 5906 ἀνδριάντι
633 5835 734 5889 οὐκ
779 5835 1136 5906 ἀσχολοῦνται
1170 5838 1299 5906 περὶ
1340 5838 1428 5888 τὸν
1462 5836 1648 5900 ἵππον,
1683 5838 1792 5891 οὐδ’

238 5919 342 5974 ὅσον
371 5929 459 5980 καὶ
490 5928 686 5982 ἰθύνειν
717 5929 1024 6000 ίππηλάτου
1058 5931 1256 6000 τρόπον
1283 5929 1457 5983 δοκεῖν
1480 5945 1493 5960 θ
1530 5931 1661 5985 ἀλλὰ
1693 5934 1789 6004 τὴν

1896 4748 2136 4803 superne
2164 4732 2253 4786 vix
2279 4734 2525 4787 cubitum
2564 4732 2805 4801 attingit,
2845 4732 2983 4785 infra
3024 4745 3153 4785 vero
3181 4731 3248 4784 ad
3289 4746 3465 4800 genua

1893 4824 2236 4880 extenditur.
2292 4824 2549 4879 Exterius
2606 4831 2788 4877 autem
2844 4822 3075 4892 pallium
3124 4822 3467 4891 adiungitur,

1895 4918 2041 4988 quod
2091 4917 2395 4974 Achilleam
2446 4917 2641 4972 stolam
2697 4924 3039 4985 nuncupant.
3075 4914 3151 4969 Ea
3199 4930 3329 4969 vero
3364 4915 3469 4967 ali-

1897 5027 2034 5081 quas
2070 5012 2321 5080 corporis
2353 5020 2535 5082 partes
2583 5008 2873 5078 obtegens,
2923 5016 3088 5078 atque
3131 5007 3261 5062 hinc
3294 5007 3347 5062 in
3378 5007 3471 5061 lae-

1896 5120 2028 5157 vum
2078 5103 2369 5158 humerum
2421 5103 2673 5166 collecta,
2726 5117 2901 5171 usque
2950 5101 3017 5155 ad
3068 5101 3285 5156 lumbos
3335 5103 3465 5168 equi

1896 5196 2179 5265 pertingit,
2222 5203 2277 5249 et
2324 5210 2574 5264 magnam
2628 5194 2996 5263 posteriorum
3045 5203 3253 5263 partem
3302 5210 3469 5249 occu-

1897 5302 2033 5357 pans
2065 5288 2212 5355 large
2247 5285 2464 5340 diilluit.
2520 5284 2715 5339 Manus
2767 5301 2900 5340 vero
2948 5296 3146 5340 statua:
3201 5302 3309 5339 non
3357 5295 3468 5339 tra-

1896 5378 2098 5432 ctando
2146 5393 2210 5432 ac
2256 5377 2564 5446 dirigenda,
2601 5391 2880 5430 sessorum
2917 5392 3088 5439 more,
3123 5392 3268 5446 equo
3297 5392 3469 5429 occu-

1895 5480 2095 5541 pantur
2115 5487 2130 5537 ;
2150 5470 2244 5524 sed
2268 5469 2514 5523 dextram
2563 5468 2788 5538 quidem
2814 5468 3003 5539 erigit,
3025 5470 3183 5537 quasi
3212 5466 3464 5520 martiali

1893 5564 2129 5634 quodam
2190 5577 2569 5632 generosoque
2629 5577 2794 5615 sensu
2856 5570 2913 5615 et
2968 5562 3153 5614 animo
3212 5559 3468 5613 hostibus

1895 5656 2128 5727 grasizer
2180 5655 2595 5710 interminetur.
2631 5654 2837 5709 Verum
2886 5668 2995 5707 non
3023 5667 3089 5706 ex
3122 5652 3363 5705 amentia
3408 5659 3467 5705 ct

1896 5749 2087 5803 insana
2137 5747 2367 5800 audacia
2410 5745 2671 5815 qundam,
2711 5753 2770 5797 ut
2812 5743 3086 5813 quispiam
3140 5742 3462 5796 arbitretur.

1896 5841 2029 5895 Nam
2071 5842 2203 5895 laeva
2251 5853 2447 5893 manus
2476 5837 2606 5892 huic
2651 5837 2897 5892 occurrit
2926 5836 3258 5905 suspicioni,
3301 5852 3466 5906 atque

1898 5933 2074 5988 virum
2121 5933 2189 5990 ab
2233 5947 2294 5988 ea
2339 5931 2498 6000 plane
2541 5927 2790 5987 defendit
2823 5935 2877 5985 et
2917 5938 3124 5985 tuetur.
3177 5928 3465 6000 Siquidem
