3880 6552
188 470 280 533 925

1021 477 1118 537 DE
1164 479 1684 540 PROCESSIONE
1765 486 2128 547 SI'lRlTUS
2171 489 2466 553 SANCTI.

3321 496 3428 557 926

179 595 227 647 δὲ
268 589 456 660 ἔθεμεν
495 589 785 658 πρότερον.
829 589 888 641 El
930 587 1021 644 οὖν
1074 607 1158 657 τις
1218 593 1352 664 φαίη
1387 595 1472 648 διὰ
1508 598 1562 650 τί
1596 616 1727 652 καυ.

1854 601 1986 652 irius
2044 605 2418 670 supponimus.
2493 603 2549 657 Si
2611 603 2737 673 quis
2829 604 3012 675 itaque
3079 607 3423 676 interrOget.

185 683 350 737 στικόν
378 683 494 735 ἐστι
524 683 584 734 τὸ
615 681 726 751 πῦρ
759 685 1107 750 καυστικῶς;
1143 687 1205 739 οὐ
1253 687 1416 741 καλὸν
1441 691 1742 757 ἀπολογεϊο

183 779 318 842 σθαι,
355 775 489 828 διότι
537 774 684 826 καίει
724 775 783 827 τὸ
823 776 1002 842 ξύλον.
1057 779 1361 849 Ἐνδέχεται
1393 783 1502 853 γὰρ
1537 784 1631 836 καὶ
1665 784 1740 855 μὴ

180 868 336 919 καίειν
379 867 439 919 τὸ
471 866 624 932 ξύλον
655 868 716 920 τὸ
758 869 890 937 πῦρ,
929 870 1054 938 μηδ’
1089 872 1335 942 ἐνεργεῖν
1359 873 1481 944 ἔχον
1509 875 1608 947 τὴν
1641 893 1742 945 φυ-

182 959 320 1025 σικὴν
348 959 596 1028 δύναμιν.
631 961 834 1025 Διττῶς
871 962 1002 1029 γοῦν
1037 964 1349 1034 ἁμαρτάνει
1398 969 1426 1020 ὁ
1477 969 1739 1039 τοιαύτην

182 1054 343 1105 αἰτίαν
376 1051 567 1114 τιθεὶς,
597 1051 675 1121 τῷ
708 1071 767 1106 τε
810 1053 920 1125 γὰρ
956 1055 1182 1126 ὕστερον
1218 1059 1403 1127 λέγειν
1436 1061 1607 1113 αἴτιον
1643 1061 1738 1114 τοῦ

184 1144 455 1213 προτέρου,
489 1145 584 1197 καὶ
624 1145 703 1215 τῷ
731 1146 790 1199 τὸ
817 1148 1170 1218 ἐνδεχόμενον
1204 1150 1278 1218 μὴ
1322 1146 1484 1214 εἶναι,
1515 1150 1607 1204 τοῦ
1638 1169 1742 1220 φυ-

183 1233 334 1295 σικῶς
364 1235 458 1288 καὶ
493 1235 552 1301 ἐξ
608 1236 859 1308 ἀνάγκης
895 1237 1072 1298 ὄντος.
1133 1239 1195 1292 El
1229 1239 1284 1292 δέ
1313 1257 1395 1304 τις
1443 1242 1742 1311 ἐρωτήσειε

180 1329 254 1381 διὰ
275 1324 325 1380 τί
349 1327 492 1380 καίει
525 1329 588 1384 τὸ
617 1329 730 1398 πῦρ
760 1329 827 1383 τὰ
862 1330 1028 1397 ξύλα;
1061 1331 1281 1400 εὔλογον
1306 1334 1614 1389 ἀποδιδόναι
1645 1336 1743 1405 τὴν

180 1417 360 1479 αἰτίαν,
392 1418 475 1470 ὅτι
510 1421 807 1473 καυστικὸν
837 1421 952 1474 ἐστι
985 1423 1148 1489 φύσει
1188 1423 1248 1476 τὸ
1277 1424 1412 1494 πῦρ.
1459 1426 1662 1479 Τούτου
1687 1427 1744 1480 δὲ

178 1510 219 1561 εί
244 1509 426 1578 ζητοὶη
463 1511 629 1564 πάλιν
651 1511 710 1564 τὸ
740 1512 934 1577 αἴτιον,
958 1513 1041 1565 ὅτι
1068 1515 1186 1578 πῶς
1216 1517 1512 1570 καυστικὺν
1541 1517 1601 1569 τὸ
1630 1517 1742 1590 πῦρ

180 1603 352 1669 φύσει;
390 1602 521 1658 ἄλλο
554 1621 638 1668 τις
672 1607 937 1676 πρότερον
966 1609 1263 1674 ὲννοήσειε,
1297 1611 1390 1662 καὶ
1433 1610 1496 1663 οὐ
1531 1611 1612 1675 τὸ,
1663 1613 1744 1665 ὅτι

180 1694 310 1748 καίει
342 1695 412 1750 τὰ
450 1696 608 1762 ξύλα.
653 1696 824 1752 Τοῦτο
868 1700 978 1770 γὰρ
1008 1700 1218 1772 ἐδείχθη
1251 1703 1346 1755 καὶ
1375 1702 1618 1774 ὕστερον,
1651 1707 1746 1758 καὶ

182 1787 518 1859 ἐνδεχόμενον
552 1792 628 1860 μὴ
660 1792 929 1859 γίνεσθαι.
979 1794 1105 1858 Πῶς
1134 1791 1227 1848 οῦν
1281 1796 1342 1848 τὸ
1377 1797 1452 1868 μὴ
1498 1799 1746 1866 γίνεσθαι

177 1881 548 1950 ἐνδεχόμενον,
587 1885 678 1936 καὶ
715 1885 775 1937 τὸ
813 1884 1037 1956 ὕστερον
1078 1887 1174 1940 τοῦ
1211 1888 1391 1957 φύσει,
1426 1892 1519 1944 καὶ
1557 1893 1748 1962 προτέ-

179 1990 262 2042 ρου
292 1973 469 2029 αἴτιον
500 1975 568 2029 ἂν
620 1977 730 2046 εἴης
781 1977 944 2031 Ἀλλά
982 1980 1146 2049 τυχὸν
1196 1983 1488 2036 αἰτιάσαιτ’
1539 1983 1629 2048 ἂν,
1663 1986 1744 2039 ὅτι

176 2066 496 2140 λεπτομερὲς
529 2069 590 2122 τὸ
623 2074 888 2140 στοιχεῖον
927 2077 1023 2126 καὶ
1070 2073 1354 2143 εὐκίνητον
1405 2078 1586 2146 φύσει.
1638 2080 1746 2132 Καὶ

176 2162 246 2213 ὅτι
289 2162 628 2232 διεγερτικὸν
675 2163 890 2220 ἔνδοθεν
938 2167 1077 2236 πρὸς
1128 2167 1318 2234 ἔξαψιν
1363 2172 1608 2236 φυσικῶς
1648 2175 1744 2240 τῆς

178 2253 354 2325 ῥώμης
386 2255 654 2326 ὠκύτητι,
699 2258 796 2310 καὶ
825 2257 903 2326 τῷ
952 2259 1300 2330 λεπτομερεῖ,
1343 2262 1435 2314 καὶ
1467 2263 1745 2334 δραστικῷ

175 2345 264 2412 τῆς
291 2345 538 2412 φύσεως,
591 2348 686 2400 καὶ
722 2347 930 2402 τοιαῦθ’
958 2349 1146 2420 ἔτερα.
1187 2351 1344 2404 Οὕτω
1380 2353 1473 2407 καὶ
1520 2355 1614 2407 ὲπὶ
1652 2354 1744 2408 τοῦ

176 2437 526 2505 προκειμένου
584 2438 902 2510 ζητήματος
973 2443 1248 2511 ἐννοήσειὲ
1312 2462 1398 2509 τις
1464 2448 1744 2516 τολμήσας

177 2529 346 2599 μικρῷ
375 2531 521 2599 λόγῳ
551 2531 620 2585 τὰ
664 2533 878 2600 μεγάλα
913 2536 1284 2604 σταθμᾶσθαι.
1321 2539 1385 2592 Et
1429 2541 1536 2608 γὰρ
1571 2541 1742 2611 ὑπερ-

174 2623 370 2691 χρόνως
407 2624 506 2694 μὲν
535 2625 761 2692 Πνεῦμα
791 2627 922 2679 Υίοῦ
969 2627 1028 2680 τὸ
1079 2629 1306 2696 Πνεῦμα
1337 2632 1396 2682 τὸ
1443 2631 1622 2699 ἅγιον,
1652 2635 1746 2685 καὶ

173 2715 274 2768 ἔστι
295 2733 378 2778 τε,
417 2718 513 2770 καὶ
537 2717 793 2784 λέγεται,
821 2717 1024 2771 δίδοται
1050 2719 1106 2773 δὲ
1130 2721 1406 2790 ἐγχρόνως
1429 2725 1544 2787 τοῖς
1573 2723 1746 2789 ἀξίοις

174 2807 312 2876 ποιρά
333 2807 433 2859 τοῦ
462 2807 594 2861 Υίοῦ
627 2809 719 2861 καὶ
748 2813 1070 2879 χορηγεῐται
1093 2813 1156 2865 τὸ
1185 2814 1432 2883 Πνεῦμα,
1461 2819 1748 2886 ὁμολογού-

177 2916 326 2966 μενον
361 2900 753 2969 ἀναμφιϐόλως
810 2901 997 2968 παντὶ,
1049 2904 1125 2966 ὡς
1171 2904 1231 2959 τὸ
1267 2906 1606 2978 ὑπέρχρονον
1650 2911 1746 2964 τοῦ

174 2993 424 3064 ἑγχρόνου
458 2994 750 3063 πρότερον,
793 2996 886 3048 καὶ
918 2997 977 3048 τὸ
1018 2997 1182 3066 φύσει
1213 2999 1314 3067 τῆς
1347 3003 1648 3070 ἐνεργείας.
1683 3006 1746 3060 Ei

173 3087 292 3152 γοῦν
341 3103 428 3149 τις
477 3087 689 3156 ζητοίη,
735 3087 822 3141 διὰ
876 3089 929 3142 τί
962 3093 1281 3160 χορηγεῖται
1317 3097 1430 3158 τοῖς
1467 3095 1638 3162 ἀξίοις
1686 3100 1748 3152 τὸ

177 3181 392 3248 Πνεῦμα
426 3183 584 3254 παρὰ
603 3182 700 3234 τοῦ
732 3182 896 3248 Υίοῦ;
928 3183 1150 3253 εὔλογος
1178 3188 1209 3257 ἡ
1239 3189 1567 3258 ἀπάντησις,
1599 3192 1745 3244 Διότι

1844 706 2012 762 quare
2048 692 2186 761 ignis
2226 696 2479 750 facultate
2514 697 2612 750 sibi
2649 697 2830 751 innata
2872 699 3101 752 adurat?
3145 714 3251 754 non
3285 716 3432 756 recte

1846 785 1966 852 quis
2018 787 2394 852 responderet,
2440 789 2585 856 quod
2639 789 2836 859 lignum
2885 788 3102 844 adurit:
3138 791 3251 846 fieri
3286 794 3430 847 enim

1849 885 2048 944 potest,
2086 886 2144 929 ut
2180 877 2322 945 ignis
2360 877 2563 945 lignum
2599 896 2702 933 non
2737 883 2948 946 adurat,
2989 898 3088 937 nec
3117 894 3264 954 agat,
3306 887 3429 938 licet

1848 967 2157 1021 facultatem
2195 970 2490 1024 naturalem
2524 971 2576 1024 id
2608 971 2806 1026 habeat
2837 975 3052 1043 agendi.
3109 974 3176 1030 Et
3204 976 3432 1044 duplici-

1849 1072 1930 1116 ter
1958 1073 2167 1128 peccat,
2193 1063 2282 1132 qui
2312 1064 2621 1133 praedictam
2647 1079 2868 1118 causam
2898 1067 3144 1134 assignat
3174 1084 3188 1121 :
3217 1077 3272 1121 et
3291 1068 3432 1137 quod

1846 1155 2116 1222 posterius
2143 1169 2364 1208 causam
2388 1155 2596 1210 diceret
2618 1157 2936 1222 anterioris,
2961 1169 3036 1222 et,
3065 1159 3206 1228 quod
3234 1175 3339 1213 non
3365 1161 3433 1212 sit

1847 1245 1899 1300 id
1945 1247 2091 1315 quod
2127 1245 2245 1300 ﬁeri
2295 1255 2499 1316 potest,
2533 1248 2678 1304 illius
2713 1251 2857 1318 quod
2896 1252 3215 1304 naturaliter
3243 1260 3296 1304 et
3330 1266 3430 1305 ne-

1847 1338 2086 1393 cessario
2119 1349 2222 1392 est.
2259 1338 2464 1407 Siquis
2519 1352 2648 1394 vero
2688 1340 3014 1410 postularit,
3068 1357 3237 1410 quare
3295 1343 3436 1411 ignis

1848 1430 2046 1485 adurat
2079 1430 2268 1502 ligna?
2316 1433 2598 1500 responsio
2644 1449 2742 1488 nec
2796 1434 2999 1488 absona
3053 1433 3255 1503 fuerit,
3289 1436 3436 1505 quod

1849 1538 2042 1579 natura
2074 1541 2170 1578 sua
2202 1525 2343 1596 ignis
2373 1526 2571 1579 adurit.
2604 1525 2836 1594 Hujusce
2863 1535 3069 1590 autem,
3098 1526 3143 1580 si
3171 1527 3294 1596 quis
3322 1541 3438 1580 rur-

1849 1634 1968 1672 sum
1999 1634 2218 1673 causam
2253 1619 2560 1674 sciscitatus
2589 1619 2775 1683 fuerit,
2807 1620 3082 1686 quomodo
3110 1620 3248 1689 ignis
3281 1630 3439 1673 natu-

1851 1726 1908 1764 ra
1943 1727 2037 1764 sua
2072 1711 2310 1764 adurat?
2337 1711 2479 1764 aliud
2509 1711 2785 1779 quidpiam
2813 1711 2992 1780 potius
3019 1712 3139 1780 quis
3163 1713 3439 1780 excogita-

1849 1803 2013 1868 verit,
2041 1812 2095 1856 et
2122 1818 2227 1858 non
2261 1803 2388 1865 hoc,
2417 1807 2557 1871 quod
2595 1803 2736 1870 ligna
2769 1806 2981 1857 adurat.
3017 1803 3133 1858 Hoc
3169 1803 3340 1867 enim,
3379 1815 3440 1858 nt

1850 1893 2208 1956 ostendimus,
2236 1894 2506 1962 posterius
2527 1904 2607 1946 est
2631 1903 2683 1947 et
2706 1903 2883 1960 potest
2915 1894 3053 1958 ﬁeri,
3073 1905 3131 1946 ut
3159 1910 3265 1948 non
3290 1902 3434 1964 agat.

1852 1985 2102 2052 Quanam
2157 1987 2359 2059 itaque.
2390 1987 2622 2049 ratione,
2657 1987 2798 2054 quod
2838 1985 2950 2040 ﬁeri
2987 1996 3188 2060 potest,
3238 1995 3296 2040 ut
3329 2002 3436 2042 non

1853 2078 1969 2138 ﬁat,
2012 2085 2065 2131 et
2089 2076 2229 2144 quod
2259 2075 2530 2146 posterius
2551 2085 2636 2131 est
2661 2076 2826 2142 illius,
2852 2080 2996 2146 quod
3023 2088 3213 2132 natura
3237 2094 3332 2132 sua
3355 2089 3440 2134 est

1851 2179 1905 2223 et
1937 2171 2084 2238 prius
2115 2185 2278 2224 causa
2304 2169 2508 2225 fuerit?
2558 2168 2620 2221 Et
2649 2167 2788 2222 forte
2820 2170 2983 2222 etiam
3017 2169 3140 2223 illud
3177 2170 3437 2238 adducet,

1852 2265 1994 2332 quod
2026 2262 2357 2316 elementum
2387 2263 2618 2330 partium
2653 2261 2920 2316 tenuitate
2950 2261 3168 2330 polleat,
3203 2273 3257 2316 et
3288 2263 3438 2319 facili

1851 2363 1997 2410 motu
2023 2365 2213 2409 natura
2240 2371 2336 2410 sua
2365 2354 2602 2418 cieatur;
2633 2364 2686 2408 et
2713 2355 2860 2422 quod
2884 2355 3099 2409 interne
3120 2356 3440 2410 naturaliter

1850 2449 2061 2502 roboris
2090 2448 2395 2512 velocitate,
2429 2456 2483 2500 et
2509 2446 2897 2515 particularum
2937 2449 3222 2510 tenuitate,
3258 2457 3314 2502 et
3344 2463 3442 2501 na-

1851 2546 1988 2592 tura:
2015 2535 2356 2600 ellicacitate,
2375 2537 2440 2589 ad
2464 2535 2861 2590 incendendum
2896 2551 2984 2590 res
3014 2535 3271 2602 concitet,
3289 2545 3342 2591 et
3360 2537 3438 2590 si-

1850 2627 2020 2683 milia.
2056 2627 2179 2682 Pari
2213 2629 2421 2680 ratione
2449 2639 2504 2680 et
2533 2627 2586 2681 in
2623 2629 2899 2696 proposita
2931 2629 3235 2697 quastione
3277 2643 3442 2698 argu-

1849 2722 2184 2776 mentabitur
2206 2721 2498 2788 quispiam,
2522 2720 2728 2774 audens
2753 2720 2952 2788 pusillo
2977 2720 3223 2774 discursu
3255 2719 3441 2788 ingen-

1842 2814 1926 2866 tia
1967 2812 2170 2868 metiri.
2208 2809 2478 2880 Namque,
2512 2811 2556 2865 si
2592 2819 2720 2866 ante
2763 2822 3005 2878 tempora
3043 2811 3282 2878 Spiritus
3319 2809 3437 2864 Filii

1852 2905 2084 2975 Spiritus
2107 2913 2330 2960 sanctus
2357 2913 2410 2957 et
2435 2911 2518 2957 est
2539 2914 2594 2958 et
2618 2903 2841 2966 dicitur,
2863 2904 3026 2957 datur
3056 2917 3188 2957 vero
3216 2903 3270 2958 in
3303 2912 3442 2957 tem-

1848 3016 1980 3070 pore
2015 2999 2192 3070 dignis
2215 3016 2245 3053 a
2270 2997 2427 3063 Filio,
2459 3009 2516 3051 et
2539 2997 2921 3066 suppeditatur
2940 2995 3198 3064 Spiritus.
3223 2997 3275 3050 in
3304 3010 3438 3051 con-

1856 3097 2002 3151 fesso
2053 3109 2174 3149 esse
2207 3093 2390 3155 debet,
2434 3091 2552 3145 sine
2588 3089 2696 3144 ullo
2735 3089 2902 3144 dubio
2933 3092 3074 3160 apud
3110 3106 3324 3154 omnes,
3364 3091 3440 3154 id,

1851 3187 1990 3257 quod
2021 3197 2150 3240 ante
2178 3194 2425 3253 tempora
2455 3192 2557 3248 est,
2587 3198 2673 3247 eo,
2710 3183 2855 3250 quod
2889 3182 2941 3236 in
2972 3191 3214 3250 tempore
3244 3191 3350 3245 est,
3381 3189 3441 3235 et

176 3275 278 3329 ἔστι
308 3292 389 3340 τε,
425 3277 523 3328 καὶ
577 3276 798 3341 λέγεται
848 3279 1073 3348 Πνεῦμα
1108 3280 1258 3334 Υίοῦ.
1309 3281 1515 3336 Ἐκεῖνο
1555 3287 1662 3353 γὰρ
1691 3286 1748 3338 τὸ

1854 3279 1994 3348 quod
2020 3287 2215 3332 natura
2245 3286 2348 3339 est,
2379 3275 2530 3342 prius
2553 3289 2674 3328 esse
2706 3273 2822 3342 ipsa
2846 3273 3081 3327 actione.
3111 3273 3168 3326 Si
3196 3272 3318 3341 quis
3337 3271 3442 3325 ita-

176 3368 354 3436 αίτιον,
379 3369 540 3422 τοῦτο
572 3369 630 3422 δὲ
673 3371 732 3422 τὸ
758 3372 1023 3427 αἰτιατόν.
1054 3373 1114 3425 Εί
1141 3373 1198 3425 δὲ
1232 3373 1396 3428 πάλιν
1419 3376 1626 3447 ζητοίη,
1659 3378 1748 3430 διὰ

177 3462 224 3516 τί
245 3465 356 3516 ἐστι
383 3462 478 3514 καὶ
508 3462 731 3529 λέγεται
764 3463 989 3534 Πνεῦμα
1020 3463 1154 3516 Υίοῦ
1187 3466 1216 3518 ὁ
1245 3467 1625 3538 Παράκλητος,
1649 3470 1748 3524 οὐκ

178 3552 283 3606 ἐστι
304 3552 491 3621 λέγειν
521 3553 652 3617 τινὶ,
679 3556 760 3607 ὅτι
789 3553 924 3607 διότι
961 3558 1073 3618 τοῖς
1100 3555 1273 3620 ἀξίοις
1308 3562 1461 3630 παρά
1493 3563 1586 3615 τοῦ
1616 3563 1748 3617 Υίοῦ

179 3646 232 3698 τὸ
257 3647 478 3714 Πνεῦμα
513 3649 856 3717 χορηγεῑται.
889 3646 1062 3700 Τοῦτο
1092 3648 1200 3720 γὰρ
1237 3649 1482 3718 ὕστερον,
1519 3657 1614 3708 καὶ
1659 3656 1749 3724 ἔγ-

177 3755 377 3808 χρονον,
415 3741 511 3792 καὶ
558 3739 647 3792 διὰ
685 3739 846 3792 τοῦτο
887 3741 1152 3795 αἰτιατόν.
1209 3743 1452 3814 Ἀμαθὴς
1494 3747 1676 3799 τοίνυν
1713 3749 1747 3818 ὴ

179 3832 480 3900 ἀπόκρισις,
504 3830 567 3883 τὸ
592 3831 638 3882 δ’
663 3833 926 3901 ἐρώτημα
964 3831 1212 3897 εὔλογον.
1242 3835 1354 3888 Καὶ
1381 3837 1442 3887 οὑ
1487 3839 1617 3908 περὶ
1650 3839 1747 3892 τοῦ

182 3923 256 3974 ὅτι
286 3923 348 3974 τὸ
379 3921 605 3992 Πνεῦμα
637 3923 740 3991 μέν
766 3923 885 3975 ἐστι
924 3922 1019 3975 τοῦ
1077 3923 1212 3976 Υίοῦ
1257 3925 1633 3995 ὑπερχρόνως,
1666 3929 1749 3980 δί-

179 4010 317 4062 δοται
345 4011 398 4062 δὲ
431 4011 732 4079 ὲγχρόνως,
765 4011 1286 4082 ἀμφισϐητήσομεν,
1324 4015 1462 4067 ἀλλὰ
1493 4018 1625 4086 περὶ
1654 4017 1749 4070 τοῦ

179 4101 255 4154 ὅτι
284 4103 339 4155 τδ
369 4101 596 4173 ὕστερον
637 4102 732 4154 τοῦ
768 4103 1058 4174 προτέρου,
1105 4104 1202 4157 καὶ
1248 4105 1308 4158 τὸ
1357 4106 1615 4176 ἕγχρονον
1656 4108 1749 4171 τοῦ

181 4195 505 4265 ὐπερχρόνου
556 4195 886 4265 αἰτιώμεθα.
935 4198 1113 4268 Ὅπερ
1168 4197 1453 4254 ἀδύνατον.
1483 4201 1648 4254 Ὥστε
1702 4206 1751 4257 εί

185 4289 252 4354 μή
284 4289 425 4341 ἐστιν
450 4289 628 4342 αίτιον
656 4289 716 4340 τὸ
742 4291 1099 4360 χορηγεῖσθαι
1123 4293 1186 4343 τὸ
1216 4293 1440 4362 Πνεῦμα
1471 4296 1622 4366 παρὰ
1651 4296 1748 4349 τοῦ

182 4380 306 4432 Υίοῦ
353 4385 463 4443 τοῖς
515 4382 709 4445 ἀξίοις.
755 4383 861 4435 Τοῦ
897 4378 1038 4437 εἶναι
1075 4387 1171 4440 καὶ
1217 4385 1474 4454 λέγεσθαι
1523 4389 1751 4458 Πνεῦμα

184 4471 324 4532 Υἱοῦ,
355 4474 601 4543 καθάπερ
635 4474 826 4541 ἀμέλει
858 4476 952 4525 καὶ
994 4475 1088 4528 τοῦ
1123 4477 1352 4547 πατρὸς.
1385 4479 1514 4532 ἄλλο
1555 4498 1607 4533 τι
1655 4482 1753 4551 ζη-

185 4565 365 4632 τητέον
398 4566 589 4618 τούτου
619 4567 678 4618 τὸ
705 4568 878 4618 αἴτιον
907 4569 1020 4630 τοῖς
1065 4569 1257 4636 ἀξίοις,
1297 4571 1465 4636 ὅντως
1507 4575 1605 4641 τῆς
1635 4591 1748 4626 τοι-

1851 3389 1956 3442 que
1990 3370 2368 3438 interrogabit,
2402 3377 2630 3437 propter
2662 3368 2790 3436 quid
2823 3365 3002 3437 dignis
3040 3364 3277 3434 Spiritus
3310 3379 3446 3432 sup-

1853 3465 2122 3534 peditetur
2156 3478 2185 3516 a
2218 3461 2396 3516 Filio?
2432 3477 2535 3515 non
2572 3461 2690 3514 sine
2727 3460 2938 3514 ratione
2971 3458 3393 3527 respondebitur
3426 3473 3441 3509 :

1855 3555 1997 3622 Quia
2025 3562 2129 3618 est,
2160 3562 2215 3607 et
2245 3552 2444 3608 dicitur
2477 3551 2712 3619 Spiritus
2742 3549 2902 3614 Filii;
2934 3548 3067 3602 illud
3104 3547 3249 3600 enim
3281 3561 3444 3600 causa

1853 3658 1957 3714 est,
1988 3648 2092 3702 hoc
2122 3645 2372 3702 eﬂ‘ectus.
2403 3645 2560 3713 Quod
2585 3646 2628 3698 si
2651 3647 2848 3699 iterum
2872 3651 3082 3712 quaeret
3105 3660 3120 3696 :
3143 3643 3322 3707 Quare
3341 3640 3445 3696 Pa—

1855 3741 2093 3794 racletus
2121 3739 2322 3792 dicitur
2344 3748 2398 3790 et
2422 3749 2505 3790 est
2539 3736 2774 3803 Spiritus
2800 3735 2958 3789 Filii?
2986 3737 3193 3789 absone
3218 3749 3443 3801 respon-

1854 3831 2024 3895 debit,
2059 3829 2102 3881 si
2127 3829 2251 3897 quis
2273 3827 2510 3882 dixerit:
2547 3827 2699 3892 Quod
2772 3825 2949 3892 dignis
2983 3839 3010 3876 a
3041 3824 3180 3878 Filio
3209 3824 3446 3893 Spiritus

1853 3920 2235 3990 suppeditatur
2265 3935 2280 3972 :
2317 3919 2423 3971 hoc
2447 3920 2594 3971 enim
2629 3917 2898 3984 posterius
2929 3925 3034 3976 est,
3059 3916 3288 3983 tempori
3316 3915 3446 3970 sub.-

1852 4011 2059 4078 jaceus,
2089 4010 2321 4076 ideoque
2347 4004 2594 4060 effectus.
2639 4006 2848 4059 lnsulsa
2878 4006 3063 4072 itaque
3083 4005 3188 4058 erit
3214 4020 3446 4071 respon-

1854 4103 1957 4169 sio,
1995 4104 2124 4156 licet
2153 4100 2510 4168 interrogatio
2537 4114 2659 4152 cum
2691 4099 2902 4150 ratione
2934 4097 3076 4150 facta
3119 4097 3212 4151 sit.
3251 4096 3316 4150 Et
3345 4112 3443 4152 nos

1857 4210 1963 4250 non
2001 4191 2390 4257 dubitabimus,
2425 4189 2690 4261 Spiritum
2723 4204 2846 4243 esse
2874 4187 2994 4242 Filii
3017 4198 3144 4243 ante
3173 4197 3438 4257 tempora,

1855 4284 2306 4356 suppeditarique
2335 4285 2403 4337 ab
2436 4283 2627 4337 eodem
2662 4282 2713 4336 in
2748 4291 3013 4349 tempore,
3047 4280 3139 4334 sed
3172 4280 3314 4348 quod
3346 4295 3442 4332 an-

1856 4381 2072 4436 terioris
2123 4378 2419 4448 posterius,
2473 4385 2528 4430 et
2580 4374 2721 4443 quod
2753 4374 2805 4426 in
2832 4385 3096 4440 tempore,
3128 4372 3270 4425 illitis
3296 4372 3440 4438 quod

1856 4482 1984 4526 ante
2012 4483 2257 4540 tempora
2287 4477 2393 4531 est,
2450 4482 2674 4521 causam
2712 4466 3012 4524 faciamus;
3047 4466 3188 4532 quod
3220 4465 3442 4520 omnino

1861 4565 1980 4618 ﬁeri
2027 4563 2240 4632 nequit.
2283 4560 2464 4627 Quare
2493 4560 2538 4613 si
2573 4559 2951 4627 suppeditandi
2987 4555 3227 4624 Spiritus
3249 4571 3279 4607 a
3306 4553 3444 4609 Filio

186 4657 342 4727 αῦτης
396 4657 699 4728 ζητήσεως.
725 4659 787 4713 El
816 4659 874 4712 δὲ
916 4659 997 4712 δεῖ
1045 4679 1097 4713 τι
1138 4661 1367 4732 τολμᾷν,
1405 4664 1486 4716 ὅτι
1517 4638 1605 4717 δίά
1651 4666 1744 4719 τοῦ

1854 4656 2052 4724 dignis,
2092 4670 2198 4708 non
2238 4664 2540 4718 estcausa,
2564 4651 2705 4721 quod
2737 4638 2831 4708 sit.
2857 4659 2910 4702 et
2945 4649 3162 4704 dicatur
3208 4645 3446 4716 Spiritus

189 4746 308 4801 Υῐοῦ
331 4751 390 4802 ὲκ
421 4752 512 4802 τοῦ
543 4749 758 4818 Πατρδς
786 4752 1089 4821 προοδικῶς
1120 4755 1238 4805 ἐστι
1271 4753 1330 4805 τὸ
1363 4755 1589 4822 Πνεῦμα
1618 4796 1631 4819 ,
1662 4759 1756 4810 καὶ

189 4839 268 4892 διὰ
314 4841 409 4911 τὴν
457 4843 698 4912 φυσικὴν
745 4844 1026 4910 μεσιτείαν
1057 4843 1150 4897 τοῦ
1197 4845 1348 4908 Υξοῦ,
1391 4847 1457 4899 δι’
1488 4842 1556 4917 ἧς
1595 4848 1657 4899 τό
1698 4867 1758 4900 τε

195 4934 458 4999 μονογενὲς
492 4932 826 5001 φυλάττεταί
867 4934 916 4985 οί
941 4975 956 4999 ,
984 4936 1074 4986 καὶ
1106 4935 1166 4986 τὸ
1199 4935 1427 5004 Πνεῦμα
1455 4937 1550 4989 τοῦ
1593 4937 1651 5000 ἐξ
1678 4939 1758 4988 αξη

192 5023 294 5075 τίον
320 5026 408 5078 τοῦ
442 5027 658 5092 Πατρδς
682 5022 824 5080 εἶναι
853 5028 952 5078 οὐκ
976 5028 1323 5096 ἀπείργεται.
1361 5030 1425 5082 'H
1454 5030 1562 5100 γὰρ
1589 5031 1676 5083 διὰ
1699 5032 1758 5082 τὸ

195 5112 246 5178 ἐξ
272 5111 327 5168 οὗ
358 5119 531 5170 αἰτίου
563 5119 680 5170 ἐστὶ
703 5158 718 5182 ,
745 5120 842 5172 καὶ
873 5120 934 5172 οὐ
962 5121 1087 5173 καθ’
1129 5123 1298 5188 αὐτὴν
1331 5124 1568 5175 ἵσταται.
1611 5122 1675 5175 Ἢ
1703 5124 1758 5176 δὲ

197 5207 255 5272 ἐξ
277 5212 427 5280 ἱκανή
464 5213 579 5264 ἐστι
618 5213 753 5281 πρὸς
784 5213 844 5264 τὸ
875 5212 998 5265 ὅθεν
1030 5215 1125 5266 καὶ
1173 5214 1332 5282 μόνον
1375 5215 1594 5286 δηλοῦν,
1624 5219 1758 5286 πρὸς

194 5299 241 5352 δὲ
265 5303 353 5372 τὴν
383 5304 642 5374 δευτέραν
665 5308 994 5375 ἀπάντησιν,
1022 5307 1142 5375 τὴν,
1181 5309 1262 5359 ὅτι
1287 5307 1361 5370 ὡς
1383 5308 1673 5376 ὁμοούσιον
1697 5309 1757 5361 τὸ

197 5392 401 5464 Πνεῦμα
446 5395 521 5465 τῷ
565 5397 674 5463 Tir?)
709 5396 929 5464 λέγεται
977 5398 1199 5466 Πνεῦμα
1243 5397 1337 5450 τοῦ
1383 5400 1535 5453 Υίοῦ.
1575 5399 1760 5462 Οὕτως

196 5482 312 5552 ἡμῖν
336 5487 554 5556 ῥητέον.
586 5486 648 5539 ΕΞ
679 5486 967 5556 ὁμοούσιον
1001 5488 1062 5540 τὸ
1099 5487 1212 5554 φῶς
1234 5491 1300 5557 τῇ
1327 5490 1525 5543 ἀκτῖνι.
1562 5492 1760 5560 ’Ἄμφω

198 5576 291 5646 γὰρ
319 5578 432 5647 ἅμα
465 5582 529 5632 ὲκ
557 5579 654 5631 τοῦ
701 5580 879 5649 ἡλίου,
930 5581 1020 5633 καὶ
1060 5581 1176 5649 φῶς
1213 5581 1314 5647 μὲν
1360 5583 1575 5645 ἀκτῖνος
1611 5584 1762 5650 λέγε-

199 5681 296 5733 ται,
318 5671 568 5742 καθάπερ
600 5673 795 5741 ἀμέλει
831 5673 924 5725 καὶ
968 5672 1139 5742 ἡλίου.
1202 5673 1376 5734 Ἆκτὶς
1406 5673 1463 5725 δὲ
1496 5673 1672 5740 φωτὸς
1701 5675 1759 5725 οὐ

199 5754 415 5826 λέγεται,
482 5765 531 5816 εί
599 5763 675 5833 μὴ
728 5764 1164 5832 διεσταλμένως,
1204 5764 1381 5832 φωτὸς
1429 5765 1757 5832 παρεκτική.

204 5851 450 5925 Ζητητέον
495 5859 595 5928 τὴν
647 5857 832 5910 αἰτίαν
877 5856 972 5909 τοῦ
1027 5856 1202 5918 οὕτως
1247 5858 1392 5927 ἔχειν
1439 5857 1636 5924 ταῦτα,
1666 5858 1763 5910 καὶ

206 5941 455 6013 λέγεσθαι.
490 5949 764 6021 Ζητητέον
793 5949 970 6004 τοίνυν
1015 5949 1107 6002 ἐπὶ
1139 5950 1247 6004 τῶν
1274 5951 1530 6004 τοιούτων
1559 5949 1616 6003 τὸ
1645 5951 1761 6004 ἐπι-

1861 4752 2005 4814 Filii,
2046 4750 2496 4818 quemadmodum
2527 4749 2794 4801 duntaxat
2813 4756 2866 4799 et
2889 4744 3098 4809 Patris,
3133 4745 3232 4799 alia
3264 4742 3448 4810 hujus-

1863 4857 1923 4894 ce
1953 4856 2118 4894 causa
2150 4839 2237 4904 iis,
2267 4841 2361 4908 qui
2390 4853 2516 4893 vere
2547 4838 2694 4907 digni
2725 4846 2850 4890 sunt
2878 4837 2980 4890 hac
3007 4836 3330 4902 quaestione,
3364 4835 3445 4888 in-

1861 4934 2125 5001 quirenda
2158 4944 2262 4986 est.
2293 4931 2361 4984 Et
2384 4931 2432 4986 si
2464 4931 2670 4998 aliquid
2705 4930 3010 4982 audendum
3045 4939 3149 4990 est,
3173 4928 3319 4996 quod
3353 4941 3447 4995 per

1865 5024 2058 5078 Filium
2098 5039 2162 5077 ex
2203 5023 2366 5076 Patre
2423 5020 2806 5090 progrediatur
2855 5018 3112 5086 Spiritus,
3147 5029 3201 5072 et
3231 5026 3446 5087 propter

1863 5116 2163 5170 naturalem
2199 5114 2322 5169 Filii
2355 5115 2743 5176 interventum,
2773 5127 2866 5180 per
2897 5128 3060 5181 quem
3088 5112 3164 5166 illi
3194 5110 3446 5178 unigeni-

1861 5217 1973 5260 tnm
2000 5216 2372 5270 conservatur,
2439 5205 2677 5273 Spiritus
2711 5203 2875 5258 Patre
2909 5219 3051 5270 esse,
3124 5213 3380 5269 tanquam
3413 5217 3443 5253 a

1863 5316 2024 5353 causa
2048 5317 2154 5353 non
2186 5298 2500 5367 impeditur.
2531 5298 2656 5361 Per,
2685 5297 2829 5350 enim
2853 5312 2913 5351 ex
2943 5296 3124 5366 aliqua
3147 5309 3310 5349 causa
3340 5301 3444 5356 est,

1865 5407 1964 5446 nec
1999 5407 2096 5460 per
2126 5407 2184 5446 se
2217 5391 2489 5445 subsistit.
2528 5389 3042 5456 Verumtamen,ex,
3075 5389 3206 5444 satis
3239 5403 3298 5441 se
3333 5390 3445 5456 ipsa

1864 5486 2152 5554 solumque
2186 5484 2549 5548 demonstrat,
2597 5485 2744 5538 unde
2776 5483 2980 5552 aliquid
3011 5484 3100 5538 sit.
3141 5485 3218 5534 Ad
3254 5496 3448 5535 secun-

1867 5577 1990 5631 dam
2024 5585 2205 5630 autem
2237 5576 2668 5644 responsionem,
2698 5591 2816 5645 quae
2845 5585 2982 5641 erat,
3014 5574 3295 5644 Spiritum,
3331 5584 3450 5629 tan-

1868 5685 2028 5737 quatit
2065 5668 2309 5737 ejusdem
2347 5679 2556 5722 naturae
2603 5684 2723 5723 cum
2755 5668 2915 5732 Filio,
2950 5668 3055 5720 dici
3102 5665 3225 5720 Filii
3276 5664 3450 5733 8μὶνί-

1867 5772 2001 5824 tum,
2031 5763 2102 5813 ita
2154 5766 2554 5818 occurrendum
2609 5773 2713 5820 est.
2751 5763 2807 5816 Si
2835 5762 3076 5830 ejusdem
3112 5771 3319 5813 natum
3363 5769 3450 5812 est

1864 5859 2048 5912 lumen
2077 5872 2198 5911 cum
2229 5859 2402 5925 radio,
2425 5872 2724 5929 utrumque
2746 5857 2889 5912 enim
2924 5855 3085 5913 simul
3112 5871 3178 5910 ex
3200 5854 3316 5908 sole
3334 5854 3444 5917 est,

1866 5963 1919 6006 et
1948 5951 2132 6007 lumen
2167 5953 2384 6022 quidem
2415 5952 2555 6009 radii
2585 5951 2801 6017 dicitur,
2845 5947 3306 6021 quemadmodum
3337 5944 3450 6001 scl-
