3880 6530
459 472 564 537 927

1205 471 1527 532 GEORGII
1568 471 2046 531 PACllYMElHi
2086 473 2183 531 DE
2211 471 2524 533 SPlIliTU
2570 474 2887 534 SANCTO.

3585 485 3688 547 938

460 592 589 647 licet
617 597 671 647 et
702 590 864 657 solis,
896 588 1082 646 radius
1109 604 1242 646 vero
1291 590 1511 646 luminis
1539 606 1643 644 non
1674 590 1879 645 dicitur
1927 591 2029 643 nisi

2137 590 2295 648 πλέον
2334 590 2428 643 καὶ
2453 590 2769 645 ὲπέλαττον.
2803 590 3043 662 Πότερον
3074 590 3331 645 ὲπιπλέον
3372 591 3434 645 τὸ
3465 595 3572 647 τόδε
3598 598 3687 649 τοῦ

459 698 583 738 cum
632 683 1000 748 distinctione,
1051 681 1271 737 luminis
1324 680 2031 751 suppeditanszquzerenda

464 789 628 828 causa
659 782 764 836 est.
792 784 1009 844 propter
1035 789 1197 843 quam
1230 775 1303 828 ita
1335 789 1393 828 se
1424 775 1658 827 habeant
1684 783 1738 827 et
1764 775 2032 827 dicantur.

464 866 644 932 Quare
671 866 723 919 in
754 866 838 920 his
868 880 1176 935 quaeramus
1207 865 1377 935 magis
1400 875 1452 919 et
1478 865 1683 930 minus;
1712 874 1887 917 utrum
1921 880 2032 917 ma-

464 957 543 1025 gis
567 968 746 1027 pateat
773 958 899 1022 hoc,
922 956 1145 1027 hujusce
1170 956 1630 1013 consubstantiale
1653 971 1794 1019 esse.
1820 972 1883 1009 an
1905 972 2035 1009 con-

463 1047 851 1111 substantiale,
886 1046 1113 1115 hujusce
1142 1061 1264 1100 esse
1290 1045 1537 1114 alicujus.
1575 1044 1811 1112 Quilibet
1842 1045 2034 1101 fatebi-

466 1148 574 1202 tur,
599 1153 687 1204 eo,
716 1139 859 1207 quod
896 1137 1121 1206 hujusce
1143 1149 1227 1193 est
1249 1139 1607 1194 universalius
1636 1140 1913 1207 praedicari
1947 1155 2033 1203 eo,

463 1232 604 1295 quod
629 1240 735 1295 est,
771 1230 1233 1287 consubstantiale
1271 1246 1417 1286 esse.
1455 1230 1655 1287 Domus
1687 1232 1884 1285 etenim
1921 1232 2035 1286 ha-c

467 1321 709 1378 Socratis
734 1332 784 1376 et
811 1324 970 1378 sedes
994 1323 1267 1391 Platonis;
1295 1325 1388 1379 sed
1419 1340 1523 1379 non
1554 1325 2034 1380 consubstantialis

463 1426 567 1480 est,
591 1431 764 1485 neque
784 1416 995 1480 domus,
1016 1431 1189 1485 neque
1201 1416 1355 1470 sedes
1371 1416 1711 1486 philosophis
1734 1416 1857 1470 illis.
1880 1415 2030 1482 Quod

464 1508 507 1561 si
546 1512 597 1560 in
625 1508 1181 1563 consubstantialibus
1212 1509 1373 1561 etiam
1407 1507 1538 1562 solis
1570 1523 1897 1576 quaeramus.
1929 1510 2031 1562 mi-

465 1599 608 1654 nime
632 1602 987 1665 inveniemus,
1018 1600 1071 1654 in
1095 1598 1653 1654 consubstantialibus
1674 1601 1926 1655 omnibus
1947 1616 2035 1655 se-

464 1692 582 1760 qui,
615 1691 718 1744 hoc
747 1691 972 1758 hujusce
1002 1706 1145 1745 esse.
1184 1690 1288 1745 Sed
1313 1702 1366 1745 et
1395 1691 1451 1744 in
1486 1690 1572 1747 his
1596 1693 1756 1745 etiam
1789 1690 2034 1761 plurimis

466 1781 644 1835 modis
676 1782 907 1836 deiicere
942 1783 1289 1851 comperitur.
1324 1781 1812 1839 Consulistautialis
1836 1787 2033 1853 quippe

467 1872 659 1926 l'etrus
685 1881 770 1925 est
798 1871 982 1934 Paulo,
1015 1881 1070 1926 et
1101 1871 1297 1926 Paulus
1328 1872 1527 1928 Petro:
1557 1874 1651 1928 sed
1689 1889 1863 1943 neque
1888 1876 2030 1930 Pau-

464 1963 549 2017 lus
574 1963 716 2016 Petri
745 1978 919 2031 neque
949 1961 1142 2017 Petrus
1166 1963 1338 2017 Pauli.
1369 1965 1490 2017 Ideo
1526 1964 1693 2018 multo
1728 1967 1906 2018 minus
1933 1979 2029 2032 pa-

467 2056 595 2107 tebit
633 2055 708 2121 id,
739 2058 880 2126 quod
913 2066 995 2112 est
1030 2058 1494 2113 eonsubstantiale
1528 2072 1670 2123 esse,
1707 2073 1869 2127 quam
1907 2058 2029 2120 hoc,

465 2147 695 2213 alicujus
723 2163 844 2201 esse
872 2158 926 2201 et
956 2148 1085 2204 dici.
1118 2149 1270 2202 Tunc
1290 2149 1437 2202 ettim
1461 2149 1688 2202 omnino
1719 2151 1897 2202 minus
1925 2149 2027 2202 (lif-

463 2237 781 2293 l'underetur
812 2239 1291 2302 cousuhstantiale,
1326 2254 1485 2307 quam
1509 2240 1633 2303 hoc,
1666 2238 1894 2308 alicujus
1912 2253 2032 2293 esse

464 2339 517 2382 et
555 2329 684 2393 dici,
722 2329 768 2383 si
803 2329 902 2382 hoc
931 2330 1145 2399 quidem
1186 2328 1262 2382 illl
1291 2344 1358 2383 ex
1391 2328 1557 2383 altera
1594 2338 1744 2398 parte
1778 2345 1882 2383 non
1940 2345 2029 2384 re-

462 2418 772 2485 sp0ndcret,
796 2428 850 2472 et
865 2419 1324 2474 eousuhstantiale
1343 2421 1710 2487 responderet.
1736 2420 1869 2475 Cum
1902 2437 2031 2475 vero

465 2510 645 2563 minus
673 2510 764 2577 sit,
789 2520 841 2563 et
872 2525 976 2563 non
998 2526 1176 2575 omne,
1204 2513 1343 2580 quod
1370 2524 1455 2566 est
1483 2512 1642 2567 alicui
1671 2513 2030 2567 consubstan-

465 2595 615 2658 tiale,
672 2596 902 2665 hujusce
952 2600 1168 2663 dicitur,
1220 2602 1467 2670 ampliori
1505 2618 1754 2657 mensura
1790 2602 2029 2656 eousuh-

462 2688 702 2742 stantiali
733 2690 894 2743 inerit
932 2690 1109 2745 minus
1138 2707 1260 2745 esse
1303 2708 1463 2761 quam
1498 2693 1594 2756 illi,
1627 2694 1768 2762 quod
1805 2695 2030 2765 hujusce

461 2789 568 2834 est.
612 2780 725 2836 Hoc
752 2796 1033 2846 concesso,
1072 2784 1452 2853 inquirendum
1492 2796 1596 2850 est,
1628 2796 1806 2841 utrum
1858 2789 2031 2857 magis

462 2886 522 2925 se
552 2873 833 2936 extendat;
866 2889 1026 2929 causa
1056 2890 1124 2929 au
1153 2876 1418 2931 ellectus?
1442 2877 1510 2931 Et
1532 2877 1775 2942 omnino,
1816 2880 2030 2932 nemine

461 2968 891 3025 contradicente.
924 2970 1247 3024 extendetur
1268 2985 1451 3023 causa.
1488 2971 1688 3037 Quare,
1719 2972 1763 3025 si
1786 2973 1906 3041 quis
1933 2987 2029 3039 po-

461 3056 681 3109 stularit
711 3072 877 3124 quare
906 3057 1083 3111 lumen
1120 3060 1257 3112 radii
1289 3059 1524 3112 dicitur?
1549 3060 1710 3114 stulte
1744 3063 2033 3129 responde-

460 3156 546 3201 ret
571 3148 617 3201 si
653 3144 878 3212 dice’ret,
902 3147 1041 3214 Quia
1077 3149 1538 3205 cousubstantiale
1568 3163 1671 3206 est.
1707 3152 1813 3207 Sed
1838 3154 1881 3205 si
1905 3155 2028 3221 quis

460 3237 767 3306 postularit:
802 3236 1084 3303 Quomodo
1111 3240 1226 3295 haec
1252 3240 1731 3296 consubstantialia
1754 3242 1907 3297 sunt?
1936 3260 2031 3314 po-
2054 3278 2097 3340 Ο

461 3333 587 3387 terit
616 3334 967 3402 respondere,
993 3338 1133 3405 quod
1163 3336 1263 3390 hoc
1294 3337 1517 3404 hujusce
1545 3337 1778 3404 dicitur;
1816 3341 1941 3393 licet
1969 3340 2022 3393 in

458 3423 728 3494 plerisque
763 3426 1313 3482 consubsmntialihus
1346 3444 1508 3482 causa
1547 3428 1639 3482 illa
1674 3444 1779 3483 non
1813 3430 1903 3482 sit.
1934 3428 2024 3485 Sic

458 3526 514 3569 et
540 3517 593 3569 iu
630 3518 901 3586 praposita
927 3520 1224 3587 quaestione
1254 3520 1520 3589 quispiam
1556 3520 1774 3574 audebit
1803 3520 2022 3579 ell‘erre.

461 3607 519 3658 Si
548 3606 718 3675 magis
740 3607 847 3660 late
870 3617 1035 3674 patet,
1064 3622 1188 3662 esse
1208 3618 1261 3662 et
1286 3609 1391 3661 diei
1416 3607 1678 3676 Spiritum
1706 3605 1847 3663 Filii.
1876 3618 1931 3662 ut
1960 3623 2025 3661 ex

454 3700 565 3766 jam
591 3699 750 3753 dictis
776 3702 844 3753 de
880 3700 1327 3755 cousubstautiali
1363 3700 1517 3753 lateri
1536 3701 1799 3770 cogimur.
1821 3700 1874 3753 Si
1904 3702 2028 3770 quis

461 3792 773 3859 postularit,
801 3790 979 3858 Quare
1002 3792 1481 3847 consubstantialis
1504 3791 1736 3859 Spiritus
1760 3790 1896 3846 Filio
1912 3793 2029 3846 Cal?

459 3884 743 3939 commode
773 3887 1207 3954 respondebitur,
1241 3887 1384 3956 quod
1416 3886 1650 3955 Spiritus
1676 3885 1873 3940 dicitur
1905 3884 2029 3942 Filii

459 3977 699 4048 Spiritus
731 3987 971 4033 sanctus.
1005 3977 1188 4048 Neque
1227 3980 1369 4032 enim
1415 3978 1679 4032 aseititius
1711 3988 1797 4034 est
1826 3978 1922 4042 illi,
1972 3990 2031 4035 ut

460 4072 617 4126 nobis
649 4082 774 4127 sunt
803 4087 889 4135 ea,
917 4088 1035 4140 quae
1060 4073 1418 4140 possidemus,
1439 4072 1532 4126 sed
1560 4080 1759 4125 mterue
1784 4086 1848 4125 ac
1876 4080 2031 4125 natu-

459 4165 649 4221 raliter
668 4179 1010 4235 promanans.
1037 4165 1526 4230 Quemadmodum,
1547 4166 1588 4219 si
1607 4165 1728 4233 quis
1743 4175 2028 4234 qttaereret,

456 4256 638 4324 Quare
675 4257 1156 4311 t-ousubstantialis
1205 4267 1289 4310 est
1327 4255 1494 4309 Filius
1550 4256 1730 4310 Patri?
1774 4257 2027 4324 dicimus,

457 4350 601 4418 quod
636 4349 811 4405 Patris
858 4348 1027 4404 Filius
1058 4350 1128 4404 sit
1150 4346 1397 4414 Filius,et
1422 4357 1506 4402 est
1536 4358 1793 4415 prmterea
1837 4363 2031 4403 secun-

454 4444 583 4498 dum
611 4443 968 4497 substantiam
987 4441 1214 4502 aPalre.
1242 4442 1336 4494 sed
1363 4455 1469 4494 non
1497 4442 1574 4494 uti
1605 4440 1722 4495 alia:
1738 4450 2027 4496 creature.

453 4536 524 4590 At
556 4550 683 4589 vero
731 4533 1081 4603 respondere,
1129 4534 1254 4586 dum
1296 4534 1587 4599 quaeritur,
1619 4531 1798 4599 Quare
1829 4531 2029 4587 dicitur

2134 682 2190 734 δέ
2219 698 2365 744 τινος
2392 677 2531 735 εῖναι
2555 682 2647 735 τοῦ
2674 685 2808 749 ὁμοο
2820 683 2983 746 δσίου,
3017 684 3046 753 ἢ
3078 683 3139 735 τὸ
3160 685 3444 753 ὀμοούσιον
3464 687 3551 740 τοῦ
3573 688 3689 742 τόδε

2134 774 2226 827 τοῦ
2252 775 2308 827 δέ
2331 754 2474 836 τινος
2502 770 2663 828 εἶναι.
2693 776 2798 826 Καὶ
2824 776 2932 836 πᾶς
2956 793 3037 837 τις
3064 775 3447 846 ὁμολογήσειεν
3477 779 3539 833 ἂν
3570 781 3687 835 τόδε

2134 862 2231 914 τοῦ
2272 862 2325 914 δέ
2369 880 2513 926 τινος
2563 858 2724 925 εἶναι,
2772 860 3030 916 ὲπιπλὲον
3066 863 3159 915 τοῦ
3205 863 3490 931 ὀμοούσιον
3536 862 3689 920 εἶναι.

2136 949 2295 1015 Οἶκος
2325 952 2433 1023 γὰρ
2466 948 2619 1013 οὗτος
2655 954 2998 1023 Σωκράτους.
3036 959 3130 1006 καὶ
3179 955 3366 1023 Θρόνος
3398 957 3692 1022 Πλάτωνος,

2137 1044 2252 1097 ἀλλ’
2284 1048 2382 1114 οὐχ
2410 1045 2697 1115 ὁμοοίοσιος
2733 1048 2761 1099 ὁ
2805 1041 2974 1109 οἶκος,
3027 1046 3058 1115 ἢ
3119 1045 3307 1114 Θρόνος
3354 1050 3464 1111 τοῖς
3498 1049 3696 1115 φιλοσό-

2136 1152 2257 1204 φοις
2286 1139 2539 1201 ἐκείνοις.
2578 1138 2638 1189 ΕΞ
2668 1137 2724 1189 δὲ
2762 1138 2852 1189 ἐπὶ
2905 1137 3205 1205 ὁμοουσίων
3257 1137 3353 1190 καὶ
3399 1140 3567 1205 μόνων
3601 1140 3691 1209 ζηο

2136 1229 2379 1292 τοῦντες,
2415 1230 2512 1299 οὐχ
2566 1231 2893 1297 εὑρίσκομεν
2950 1232 3040 1283 ἐπὶ
3076 1232 3209 1283 πᾶσι
3248 1234 3360 1290 τοῖς
3404 1232 3695 1298 ὁμοουσῖοις

2136 1322 2407 1389 ἑπόμενον
2441 1321 2502 1373 τὸ
2535 1323 2652 1375 τάδε
2714 1322 2870 1375 τοῦδέ
2905 1339 3042 1381 τινος
3088 1320 3249 1376 εἶναι.
3290 1323 3432 1375 Ἀλλ’
3473 1324 3693 1376 ἐλλείπει

2136 1415 2229 1470 καὶ
2254 1414 2350 1468 ἐπὶ
2372 1414 2583 1477 τούτοις
2613 1416 2682 1466 τὰ
2715 1414 2966 1468 πλεῖστα.
3012 1414 3331 1483 Ὀμοοΰσιος
3362 1415 3468 1481 γὰρ
3505 1416 3694 1481 Πέτρος

2135 1508 2355 1578 Παύλῳ.
2406 1507 2499 1560 καὶ
2551 1508 2761 1571 Παῦλος
2796 1506 3011 1576 Πέτρῳ.
3080 1505 3370 1559 Ἀλλόὕτε
3422 1508 3450 1558 ὀ
3500 1505 3694 1563 Παῦλος

2138 1602 2365 1671 Πέτρου,
2402 1599 2514 1653 οὔτ’
2559 1601 2588 1652 ὁ
2636 1601 2846 1669 Πέτρος
2890 1599 2984 1652 τοῦ
3028 1599 3272 1653 Παύλου.
3321 1598 3509 1667 Πολλῷ
3544 1599 3696 1650 πλέον

2134 1692 2222 1743 ἐπ’
2251 1693 2473 1745 ἔλαττον
2506 1693 2573 1745 ἂν
2606 1693 2689 1761 είη
2712 1692 2773 1745 τὸ
2802 1692 3093 1762 ὁμοούσιον
3126 1694 3264 1762 πρὸς
3295 1693 3357 1746 τὸ
3386 1694 3505 1746 τόδε
3553 1692 3696 1745 τοῦδὲ

2132 1801 2277 1845 τινος
2303 1785 2396 1835 καὶ
2431 1779 2570 1837 εῖναι
2607 1785 2699 1837 καὶ
2725 1784 3007 1851 λέγεσθαι.
3049 1785 3183 1837 Τότε
3216 1785 3327 1854 γὰρ
3366 1785 3453 1837 ἐπ’
3488 1785 3697 1836 ἔλαττον

2133 1875 2323 1939 ἁπλῶς
2348 1876 2409 1928 τὸ
2432 1876 2714 1945 ὀμοούσιον
2743 1876 2838 1929 τοῦ
2870 1876 2988 1929 τάδε
3019 1877 3112 1929 τοῦ
3144 1876 3202 1929 δέ
3248 1895 3413 1939 τινος,
3446 1876 3538 1928 τοῦ
3568 1872 3696 1927 sim

2136 1969 2229 2021 καὶ
2262 1967 2553 2035 λέγεσθαι.
2612 1968 2770 2038 εῐπερ
2825 1968 2981 2020 τοῦτο
3038 1968 3135 2036 μὲν
3182 1969 3378 2038 ἐκείνῳ
3409 1967 3508 2020 οὐκ
3558 1969 3700 2020 ἀντέ-

2137 2076 2361 2128 στρεφε,
2387 2060 2449 2112 τὸ
2480 2059 2535 2112 δὲ
2565 2058 2854 2128 ὁμοούσιον
2878 2062 3053 2131 τούτῳ
3072 2059 3458 2129 ἀντέστρεφεν.
3475 2060 3622 2113 Ἐπεὶ
3647 2060 3695 2111 δὲ

2133 2152 2392 2217 ἐλλείπει,
2421 2153 2513 2205 καὶ
2541 2152 2600 2204 οὗ
2633 2153 2742 2205 πᾶν
2782 2153 2841 2205 τὸ
2872 2153 3167 2221 ὀμοούσιονι
3212 2155 3342 2213 τινὶ,
3392 2152 3509 2205 τόδε
3556 2153 3693 2205 τοῦδε

2132 2244 2371 2311 λέγεται,
2427 2244 2608 2311 πολλῷ
2655 2261 2763 2296 τινι
2797 2243 2858 2296 τὸ
2907 2245 2996 2296 ἐπ’
3047 2243 3272 2298 ἔλαττον
3305 2244 3384 2313 τῷ
3434 2244 3699 2313 ὀμοουσίῳ

2134 2337 2271 2406 πρὸς
2302 2337 2362 2389 τὸ
2391 2335 2510 2389 τόδε
2540 2336 2694 2389 τοῦδε
2727 2331 2868 2389 εἶναι
2899 2338 3183 2405 πρόσεστι.
3210 2335 3417 2389 Τούτου
3438 2335 3496 2388 δὲ
3518 2336 3699 2405 ὁμολο-

2133 2426 2397 2494 γηθέντος
2434 2426 2701 2496 ζητητέον
2737 2427 3024 2498 πρότερον,
3058 2426 3318 2479 ἐπιπλέον
3357 2427 3420 2479 τὸ
3452 2425 3640 2488 αἴτιον,
3668 2427 3697 2496 ἥ

2129 2520 2190 2573 τὺ
2226 2520 2491 2583 αίτιατδν,
2538 2520 2633 2572 καὶ
2666 2520 2885 2581 πάντως
2915 2518 3305 2588 ἀναμφιλόγως
3331 2518 3392 2571 τὸ
3421 2519 3611 2571 αἴτιον.
3642 2517 3698 2571 Et

2130 2611 2261 2681 γοῦν
2288 2611 2481 2681 ζητοίη
2506 2628 2611 2675 τις,
2639 2612 2725 2663 διὰ
2765 2610 2819 2663 τί
2873 2611 2987 2678 φῶς
3028 2611 3247 2674 ἀκτῖνος
3295 2610 3532 2676 λέγεται,
3565 2612 3697 2679 ἅμα·

2133 2704 2224 2766 θὲς
2254 2704 2314 2757 τὸ
2356 2704 2684 2765 ἀποδιδόναι,
2719 2705 2803 2756 ὅτι
2832 2702 3139 2771 ὁμοούσιον.
3189 2703 3252 2757 Et
3279 2703 3337 2756 δὲ
3375 2704 3567 2771 ζητοίη
3603 2719 3697 2765 τις,

2131 2796 2250 2858 πῶς
2277 2794 2539 2864 ὀμοούσια
2568 2794 2738 2846 ταῦτα
2762 2816 2775 2859 ,
2812 2791 2998 2863 χώραν
3026 2793 3141 2863 ἔχει
3184 2793 3577 2860 ἀπολογεῖσθαί
3602 2811 3696 2854 τις.

2129 2889 2214 2941 ὅτι
2238 2889 2354 2941 τόδε
2385 2888 2537 2940 τοῦδε
2566 2886 2787 2954 λέγεται
2807 2924 2823 2949 ,
2854 2888 2902 2939 εί
2936 2888 3032 2938 καὶ
3076 2885 3150 2956 μὴ
3181 2887 3273 2939 ἐπὶ
3303 2887 3512 2941 πολλῶν
3548 2886 3698 2941 τοῦτό

2130 2977 2248 3028 ἐστι
2279 2975 2389 3028 τῶν
2426 2976 2733 3045 ὀμοουσίων
2779 2974 2842 3027 τὸ
2870 2977 3064 3030 αἴτιον.
3118 2976 3276 3030 Οῦτω
3323 2977 3418 3029 καὶ
3472 2977 3571 3029 ἐπὶ
3612 2975 3698 3028 τοῦ

2131 3067 2494 3136 προκειμένου
2528 3068 2842 3135 ζητήματος
2899 3066 3225 3137 τολμήσειεν
3275 3067 3340 3121 ἄν
3366 3085 3448 3132 τις
3498 3069 3691 3133 λέγειν.

2130 3157 2193 3211 Εἰ
2227 3160 2332 3227 γὰρ
2368 3158 2627 3211 ὲπιπλέον
2653 3158 2713 3211 τὸ
2740 3144 2903 3222 εἶναι,
2933 3161 3032 3212 καὶ
3079 3159 3333 3227 λέγεσθαι
3380 3161 3441 3213 τὸ
3487 3160 3699 3229 Πνεῦμα

2130 3251 2226 3304 τοῦ
2276 3250 2428 3316 Υίοῦ,
2483 3251 2626 3303 κατὰ
2674 3250 2773 3319 τὴν
2827 3251 3124 3318 ὁμολογίαν
3168 3254 3270 3321 τῆς
3317 3251 3570 3316 διδάξεως
3611 3252 3695 3304 τοῦ

2129 3342 2437 3412 ὁμοουσίου.
2469 3343 2530 3395 Εἰ
2554 3342 2745 3412 ζητοίη
2768 3361 2875 3407 τις,
2895 3343 2985 3397 διὰ
3017 3344 3072 3398 τί
3090 3344 3378 3414 ὀμοοῦσιον
3400 3346 3460 3396 τὸ
3493 3344 3697 3413 Πνεῦμα

2128 3433 2207 3503 τῷ
2238 3433 2390 3503 Υἰῷ;
2436 3435 2768 3504 ἀποκριτέον
2797 3435 3060 3503 εὐλόγως,
3104 3437 3187 3490 ὅτι
3232 3436 3456 3505 Πνεῦμα
3489 3436 3695 3502 λέγεται

2129 3524 2223 3579 τοῦ
2263 3525 2394 3578 Υίοῦ
2421 3525 2484 3578 τὸ
2516 3526 2745 3595 Πνεῦμα
2768 3526 2829 3578 τὸ
2861 3526 3037 3593 ἅγιον.
3076 3526 3212 3581 om
3242 3528 3351 3596 γὰρ
3375 3526 3451 3590 ὡς
3479 3528 3697 3593 ἐπίκτη-

2129 3634 2221 3669 τον
2253 3618 2395 3670 κατά
2426 3618 2494 3670 τὰ
2524 3618 2761 3686 κτητικὰ
2794 3619 2893 3671 καὶ
2937 3619 3210 3690 ἡμέτερα,
3253 3619 3369 3672 ἀλλ’
3400 3619 3585 3681 ὸῖδίως
3614 3619 3696 3670 καὶ

2132 3710 2397 3779 φυσικῶς.
2456 3710 2668 3781 Ὥσπερ
2712 3712 2818 3781 ἄρα
2850 3712 2946 3764 καὶ
2998 3713 3048 3763 εἰ
3101 3711 3292 3781 ζητοίη
3342 3729 3447 3774 τις,
3510 3710 3597 3763 διὰ
3647 3708 3694 3759 τί

2128 3802 2419 3870 ὀμοούσιος
2478 3802 2602 3863 Tib;
2658 3802 2735 3870 τῷ
2786 3804 3002 3868 “arpi;
3059 3802 3319 3872 λέγομεν,
3367 3803 3450 3856 ὅτι
3501 3801 3693 3870 Πατρὸς

2131 3892 2259 3953 Υἱὸς
2285 3893 2313 3944 ὁ
2356 3890 2499 3954 Υἱὸς,
2530 3890 2612 3944 ἔτι
2636 3890 2692 3943 δὲ
2738 3893 2832 3944 καὶ
2874 3895 2939 3946 ἐκ
2967 3891 3063 3945 τοῦ
3098 3892 3313 3961 Πατρὸς
3346 3894 3468 3945 κατ’
3498 3891 3691 3950 οὐσίαν,

2130 3981 2248 4036 ἀλλ’
2282 3983 2379 4052 οὐχ
2422 3982 2498 4045 ὡς
2547 3980 2617 4035 τὰ
2661 3982 2958 4052 κτίσματα.
3008 3964 3083 4036 Τὸ
3124 3982 3171 4036 δ’
3197 3984 3588 4053 ἀπολογεῖσθαι
3616 3983 3695 4050 ζη-

2129 4071 2367 4125 τούντων
2414 4070 2602 4129 τινῶν.
2635 4071 2723 4125 διὰ
2774 4072 2825 4123 τί
2885 4073 3106 4138 λέγεται
3138 4072 3364 4143 Πνεῦμα
3416 4073 3510 4126 τοῦ
3543 4074 3690 4131 Tim);

2131 4163 2214 4217 ὅτι
2242 4164 2390 4235 αὐτῷ
2412 4163 2721 4233 ὀμοούσιον,
2757 4165 2976 4235 ἀμαθὴς
3006 4167 3098 4219 καὶ⁵
3129 4167 3190 4219 οὐ
3223 4168 3366 4220 κατὰ
3392 4169 3520 4229 τοὺς
3540 4169 3695 4220 διαλε-

2135 4258 2350 4319 κτικοὺς
2373 4258 2573 4326 νόμους
2604 4258 2636 4325 ἡ
2674 4257 2985 4327 ἀπόκρισις.
3030 4257 3233 4311 Κεῖται
3275 4259 3386 4326 γὰρ
3421 4257 3507 4310 ἐπ’
3556 4258 3693 4311 ἔλατ-

2132 4365 2225 4402 τον
2255 4349 2314 4401 τὸ
2346 4347 2632 4418 ὁμοούσιον
2655 4346 2752 4400 τοῦ
2782 4350 2900 4401 τόδέ
2928 4346 3080 4401 τοῦδέ
3108 4364 3255 4410 τινος
3280 4344 3442 4402 εἶναι.
3488 4348 3606 4411 Πῶς
3644 4349 3693 4401 δὲ

2131 4437 2226 4491 τοῦ
2275 4438 2531 4490 ἑπιπλέον
2588 4436 2949 4504 αἰτιασόμεθα
2978 4436 3039 4488 τὸ
3090 4436 3179 4489 ἐπ’
3222 4436 3476 4503 ἐλαττονς
3512 4439 3569 4490 τὸ
3602 4438 3693 4505 γὰρ

2135 4530 2309 4582 αἰτιον
2352 4528 2383 4597 ἢ
2420 4528 2702 4592 ἐπιπλέον,
2751 4527 2783 4598 ἢ
2843 4527 3062 4595 ἐπίσης,
3110 4529 3163 4581 εί
3206 4530 3572 4598 ἀντιστρέφει,
3617 4528 3692 4580 ἐπ’

456 4626 694 4697 Spiritus
715 4626 874 4681 Filii?
906 4626 1048 4694 quod
1076 4623 1152 4678 illi
1182 4623 1657 4680 consubstantialis
1672 4634 1788 4692 est;
1824 4626 2027 4680 insulsa

2134 4622 2354 4674 ἔλαττον
2382 4620 2438 4673 δὲ
2464 4620 2744 4673 οὐδέποτε.
2777 4620 2938 4672 Ὥστε
2971 4619 3163 4672 τούτου
3198 4621 3578 4690 ἀναιρεθέντος
3608 4620 3692 4686 ζη-

456 4733 540 4777 est
566 4721 867 4791 responsio,
885 4729 935 4773 et
961 4727 1112 4773 extra
1134 4717 1444 4771 dialecticas
1471 4719 1636 4787 leges.
1685 4717 1860 4773 Minus
1881 4719 2026 4773 enim

455 4824 601 4885 patet
628 4810 1112 4874 consubstantiale,
1141 4824 1208 4863 eo
1235 4813 1374 4877 quod
1404 4819 1507 4869 est.
1539 4808 1761 4877 lmjusee
1788 4824 1932 4864 esse.
1964 4811 2029 4863 Et

455 4902 749 4974 quomodo,
782 4903 923 4972 quod
957 4903 1137 4954 minus
1170 4915 1229 4953 se
1260 4901 1525 4963 extendit,
1556 4900 1702 4956 illius
1743 4904 1886 4970 quod
1919 4918 2032 4955 ma-

457 5000 561 5065 gis,
596 5011 816 5050 catisam
842 5009 964 5049 esse
993 4992 1318 5047 fatebimur?
1344 4991 1518 5046 Causa
1550 4995 1747 5048 etenim
1773 4995 1837 5050 de
1868 4982 2033 5064 pluri-

456 5093 557 5143 bus
581 5088 660 5140 Vel
690 5088 933 5154 paribus,
956 5087 1001 5141 si
1022 5093 1211 5140 contra
1230 5093 1493 5148 vertatur,
1519 5101 1791 5154 nunquam
1815 5101 1945 5142 vero
1967 5090 2033 5143 de

457 5180 825 5251 paucioribus.
873 5177 1212 5244 Quapropter
1244 5178 1343 5229 hoe
1384 5176 1618 5242 sublato,
1651 5190 1814 5230 causa
1846 5177 2033 5245 inqui-

459 5272 628 5327 renda
657 5279 762 5333 est,
806 5270 1076 5338 quomodo
1124 5268 1361 5337 Spiritus
1404 5267 1524 5322 Filii
1569 5269 1766 5323 dicitur
1796 5268 2032 5337 Spiritus

461 5358 720 5415 sanctus?
752 5358 904 5423 Quod
938 5359 982 5412 si
1015 5359 1068 5411 in
1100 5360 1199 5413 hoc
1240 5374 1455 5427 quoque
1494 5360 1693 5429 aliquid
1723 5360 2029 5415 audendum

457 5451 716 5519 est,quod
752 5467 816 5503 es
848 5454 1009 5504 Patre
1044 5464 1139 5515 per
1162 5450 1353 5507 Filium
1382 5451 1613 5519 Spiritus
1640 5453 1743 5515 sit;
1777 5453 2035 5521 quemad-

459 5546 678 5599 modum
702 5544 863 5597 etiam
894 5544 960 5598 de
986 5547 1099 5599 sole
1121 5547 1485 5604 euuntiantes.
1509 5560 1604 5616 per
1625 5547 1834 5600 radium
1861 5561 1928 5598 cx
1953 5559 2040 5599 so-

459 5635 509 5690 le
532 5636 735 5702 lumen,
767 5646 823 5691 et
855 5640 1216 5693 interventum
1248 5639 1387 5694 radii
1416 5640 1809 5707 signiﬁcamus,
1835 5649 2041 5693 etcau-

462 5739 579 5778 sam
615 5726 834 5782 luminis
862 5729 1029 5782 solem
1062 5732 1133 5782 ob
1162 5729 1351 5784 oculos
1384 5729 1743 5793 exhibemus;
1781 5730 1857 5783 sie
1887 5736 1946 5783 et
1973 5728 2040 5781 de

463 5813 566 5867 hoc
594 5826 899 5871 asserentes
923 5832 1017 5888 per
1033 5818 1226 5874 Filium
1260 5818 1547 5890 Spiritum,
1578 5819 1924 5889 quaerendam
1955 5831 2042 5871 re-

2129 4710 2322 4781 τητέον
2356 4711 2416 4763 τὸ
2466 4712 2661 4774 αῐτιον,
2723 4709 2843 4772 πῶς
2904 4709 3130 4777 Πνεῦμα
3194 4710 3324 4763 Υίοῦ
3381 4712 3593 4779 λέγεται
3641 4710 3693 4761 τὸ

2132 4801 2357 4869 Πνεῦμα
2379 4802 2439 4853 τδ
2466 4800 2642 4868 ἆγιον.
2676 4801 2739 4854 El
2765 4801 2821 4853 δὲ
2852 4801 2932 4854 δεῖ
2954 4818 3007 4854 τι
3037 4802 3245 4873 τολμᾷν
3279 4802 3691 4865 κάνταῦθα,διότι

2132 4894 2197 4945 ἐκ
2230 4892 2322 4945 τοῦ
2355 4892 2571 4962 Πατρὸς
2616 4891 2704 4944 διὰ
2729 4892 2826 4944 τοῦ
2873 4891 3002 4945 Υίοῦ
3034 4893 3150 4945 ἐστι
3205 4893 3269 4944 τὸ
3316 4893 3554 4962 Πνεῦμα.
3606 4891 3691 4945 Καὶ

2134 4990 2321 5059 ὥσπερ
2363 4993 2456 5042 ἐπὶ
2484 4988 2581 5041 τοῦ
2613 4988 2768 5056 ἡλίου
2822 4988 3071 5056 λέγοντες
3120 4988 3211 5040 διὰ
3253 4989 3356 5058 τῆς
3390 4990 3596 5044 ἀκτῖνος
3635 4988 3689 5037 ὲκ

2134 5079 2228 5133 τοῦ
2254 5079 2408 5149 ἡλίου
2444 5079 2504 5131 τὸ
2541 5078 2657 5146 φῶς
2683 5117 2698 5144 ,
2745 5079 2840 5130 καὶ
2886 5078 2987 5147 τὴν
3039 5078 3321 5147 μεσιτείαν
3364 5080 3461 5147 τῆς
3497 5080 3688 5135 ἀκτῖνος

2134 5169 2426 5239 δηλοῦμεν,
2459 5168 2556 5222 καὶ
2583 5168 2676 5221 τὸν
2703 5166 2880 5220 αἴτιον
2909 5166 3005 5220 τοῦ
3039 5168 3218 5235 φωτὸς
3249 5167 3591 5239 παριστῶμεν
3611 5166 3687 5219 τὶν

2135 5265 2308 5334 ἣλιον
2359 5262 2504 5316 οὕτω
2552 5262 2648 5315 καὶ
2700 5262 2793 5314 ἐπὶ
2837 5260 3025 5316 τούτου
3076 5261 3327 5329 λέγοντες
3377 5260 3443 5315 δι’
3484 5260 3603 5313 Υἱοῦ
3636 5258 3685 5308 τὸ

2139 5355 2387 5425 Πνεῦμα,
2426 5355 2611 5424 ζητεῖν
2661 5353 2898 5423 ἀφίεμεν
2926 5354 3025 5423 τὴν
3053 5353 3176 5406 ὅθεν
3219 5353 3426 5417 αἰτίαν,
3541 5351 3597 5403 τὸ
3634 5350 3686 5399 ἐκ

2136 5447 2381 5516 ἀρχικῶς
2410 5445 2894 5515 ἀποκεκλήρωται.
2930 5445 3005 5497 Οὐ
3041 5445 3147 5513 μὴν
3179 5444 3241 5497 δὲ
3270 5446 3361 5498 ὅτε
3406 5447 3494 5496 καὶ
3522 5443 3582 5493 ἐκ
3607 5437 3683 5491 τοῦ

2138 5538 2267 5591 Υἰοῦ
2319 5540 2463 5591 εἴποι
2515 5555 2600 5601 τις
2652 5537 2739 5601 ἂν,
2773 5537 2933 5590 τοῦτο
2968 5538 3212 5608 συμϐαίη
3243 5538 3330 5593 ἄν.
3373 5537 3566 5605 Ἵστησι
3592 5533 3684 5600 γὰρ

2132 5630 2195 5681 τὸ
2217 5630 2285 5682 ἐκ
2316 5629 2413 5699 τὴν
2439 5629 2699 5693 διάνοιαν,
2729 5629 2825 5681 καὶ
2860 5630 2965 5681 οὐκ
3004 5630 3220 5699 ἀνάγκη
3253 5629 3333 5699 τῷ
3372 5630 3602 5683 ἀκούοντι
3630 5625 3684 5674 ἐκ

2134 5722 2228 5774 τοῦ
2262 5722 2418 5788 λόγου
2447 5721 2642 5773 τούτου
2673 5725 2980 5792 προχωρεῖν
3010 5724 3371 5795 πορρωτέρω,
3403 5724 3493 5776 καὶ
3522 5722 3682 5789 ζητεῖν

2136 5816 2197 5869 τὸ
2227 5814 2455 5884 ἀρχικὸν
2491 5814 2685 5867 αἴτιον.

462 5909 758 5976 linquimus
798 5927 1039 5972 causam,
1075 5929 1139 5968 ex
1179 5932 1283 5984 qua
1320 5917 1360 5979 is
1394 5916 1482 5977 sit,
1530 5916 1637 5977 cui,
1676 5929 1736 5967 ex
1775 5923 2029 5982 tanquam
2071 5927 2232 5969 causa
2253 5909 2565 5980 principali,
2601 5906 2939 5963 attribuitur.
2969 5909 3120 5973 Quod
3149 5926 3255 5964 non
3316 5921 3464 5978 mque
3519 5913 3679 5959 sum“
