3880 6570
238 324 344 388 9‘13
1678 320 2009 380 NOTITIA.
2808 370 2811 373 .
3391 329 3501 393 934

243 457 354 510 pag.
378 438 650 508 737seqq.
680 436 783 492 Sed
822 437 901 491 ab-
924 435 1111 493 eodem
1144 434 1360 490 Labbeo
1398 434 1469 504 (κ)
1492 440 1549 488 et
1588 432 1793 502 Theop.
1827 432 2129 504 Raynando
2161 435 2221 504 (ι)
2264 445 2431 506 atque
2469 437 2760 493 Vincentio
2810 437 3087 493 Richarth
3122 438 3218 512 (ηε)
3247 442 3504 496 observa-

242 545 351 589 tum
381 531 505 598 fuit,
543 531 689 586 illam
726 546 833 585 non
850 543 970 584 esse
1003 528 1328 592 Metochitze,
1346 527 1441 582 sed
1463 527 1659 582 librum
1693 528 1910 580 tertium
1936 527 2223 585 Annalium
2253 529 2531 599 Michaelis
2554 530 2758 602 Glycae,
2795 547 2825 585 a
2847 548 2971 601 pag.
3008 532 3115 588 204
3158 536 3288 589 edit.
3317 534 3502 618 Regia:

241 639 405 695 usque
437 625 508 679 ad
563 624 693 685 2-15,
747 623 835 678 ubi
875 622 1076 677 Galerii
1109 621 1422 676 Maximiani
1455 619 1637 674 infelix
1671 619 1849 676 obitus
1878 621 2207 677 describitur
2228 623 2464 694 (FABR.).
2493 622 2636 679 Idem
2668 626 2967 681 arbitratur
2995 624 3210 682 Fabric.
3234 645 3396 697 supra
3443 630 3497 684 in

244 719 342 772 vol.
360 718 478 785 νυ,
500 733 557 786 p.
580 716 708 783 420,
738 727 873 773 sect.
911 716 1001 781 28,
1022 716 1122 770 sub
1143 716 1234 768 lin.
1259 730 1312 785 p.
1338 714 1468 779 468,
1499 722 1632 768 sect.
1653 714 1746 777 41,
1767 714 2034 783 imprimis
2066 717 2119 769 in
2151 719 2254 769 vnl.
2280 717 2421 781 XIII,
2456 735 2511 786 p.
2542 719 2649 773 629
2670 735 2756 788 sq.
2789 722 2854 775 de
2882 721 3241 790 scriptoribus
3281 721 3374 779 Gr.
3397 739 3424 775 a
3443 722 3495 779 J.

240 812 469 867 Meursio
509 812 699 877 editis,
740 826 793 866 n.
835 811 923 876 Li,
949 811 1015 865 de
1042 808 1262 863 Meursii
1291 806 1424 862 edit.
1456 805 1668 871 'I‘beod.
1702 807 2030 873 Metochitae,
2060 808 2234 879 Lugd.
2278 809 2339 867 B.
2377 811 2534 866 1618.
2558 812 2612 877 4,
2645 814 2786 867 unde
2815 815 3067 868 reducam
3119 816 3173 869 h.
3210 816 3245 870 l.
3280 831 3342 871 ea
3378 834 3498 886 quae

238 903 448 959 Fabric.
474 904 784 959 adnotavit.
828 923 845 955 ι
874 902 931 957 1η
955 903 1204 965 Athenis.
1243 901 1440 970 Pergit,
1472 901 1713 964 Batavis,
1743 916 1860 967 qua!
1892 901 2033 956 16:25
2064 904 2309 956 viderunt
2331 905 2532 968 lucem,
2594 921 2644 973 p.
2677 905 2799 972 I97,
2837 904 3105 962 Meursius
3137 908 3282 964 inter
3304 920 3492 978 parata

237 1017 263 1049 ει
300 1013 359 1052 se
384 997 454 1051 ad
492 997 817 1060 editionem,
852 1005 1117 1052 memorat
1140 994 1413 1050 Theodori
1441 994 1746 1049 Metochitze
1779 993 2147 1050 Historiarum
2175 997 2342 1052 libros
2372 1008 2632 1065 quatuor,
2669 1013 2793 1052 cum
2829 1001 3080 1053 versione
3108 1010 3163 1055 et
3221 1004 3386 1067 notis,
3442 1014 3496 1057 et

235 1090 416 1145 Graece
455 1105 589 1145 cum
628 1088 1186 1144 animadversionibus
1207 1088 1322 1142 suis
1355 1086 1598 1141 Athenaei
1632 1085 1964 1151 Meclianica,
2009 1088 2318 1156 Apollodori
2365 1089 2750 1154 Poliorcetica,
2810 1090 2938 1145 Julii
2993 1093 3238 1146 Alricani
3274 1093 3493 1162 Cestos,

233 1184 508 1238 Meletium
555 1182 632 1238 De
660 1193 854 1237 natura
883 1182 1151 1245 hominis;
1185 1180 1693 1248 Harpocrationcm,
1727 1192 1776 1235 et
1810 1179 1997 1236 Graece
2026 1182 2262 1251 denique
2295 1198 2358 1236 ac
2386 1183 2578 1238 Latine
2602 1183 2956 1238 Menandrqu
2989 1160 3371 1242 rhetorcmﬁDe
3418 1160 3497 1241 di-

234 1278 423 1331 visione
453 1293 742 1330 causarum
778 1277 833 1330 in
860 1292 1043 1346 genere
1095 1274 1527 1329 demonstrativo.
1560 1272 1699 1327 Nihil
1727 1276 1919 1328 horum
1954 1275 2024 1328 ab
2054 1275 2148 1329 illo
2185 1286 2427 1344 tempore
2457 1286 2670 1330 constat
2699 1276 2902 1331 editum
2937 1294 3059 1332 esse
3103 1292 3131 1331 a
3202 1278 3437 1334 Meursio
3465 1254 3508 1339 ςἶ

233 1385 365 1440 quos
387 1380 578 1424 autem
609 1379 767 1425 vocat
796 1369 1152 1423 Historiarum
1181 1366 1453 1423 Theodori
1489 1365 1621 1421 Met.
1654 1369 1845 1431 libros,
1883 1370 1980 1423 hos
2009 1368 2194 1423 Graece
2227 1369 2432 1439 pridem
2465 1368 2731 1424 habemus
2756 1370 3000 1438 vulgatos
3031 1382 3151 1439 post
3171 1373 3221 1425 id
3280 1381 3494 1440 tempus

236 1469 582 1521 subuomine
611 1465 891 1521 Michaelis
920 1465 1101 1535 Glycze
1128 1464 1441 1526 Annalium,
1474 1464 1541 1518 de
1570 1466 1767 1534 quibus
1802 1464 1911 1519 dixi
1958 1464 2063 1519 vol.
2101 1465 2188 1529 VI,
2239 1481 2292 1533 p.
2323 1464 2445 1521 156.
2489 1463 2621 1537 [vol.
2652 1464 2762 1529 VII,
2796 1466 2981 1534 p.468
3029 1483 3143 1535 seq.
3178 1483 3301 1522 nov.
3327 1468 3490 1543 edit.]

234 1563 342 1619 Nan
378 1581 510 1619 vero
543 1563 796 1634 Glycam,
823 1564 914 1618 sed
946 1561 1290 1618 Theodorum
1317 1576 1439 1616 esse
1476 1561 1688 1616 illorum
1714 1570 2015 1625 auctorem,
2043 1560 2315 1617 Meursius
2345 1562 2618 1630 persuasit
2660 1562 2767 1616 sibi
2817 1577 2885 1616 ex
2929 1578 3032 1617 ms.
3071 1562 3283 1628 codice,
3348 1566 3494 1620 unde

229 1663 386 1714 etiam
418 1659 694 1717 Henricus
722 1659 996 1725 Ernstius,
1017 1658 1114 1716 lib.
1147 1675 1186 1715 tt
1216 1658 1673 1724 Observationum,
1697 1674 1816 1728 cap.
1840 1658 1932 1721 56,
1954 1675 2073 1730 pag.
2112 1659 2236 1722 161,
2268 1679 2288 1712 ε
2323 1659 2610 1714 Annalium
2638 1668 2831 1714 auctor
2858 1660 3003 1729 quod
3037 1675 3144 1714 non
3172 1664 3245 1714 sit
3266 1660 3495 1718 Michael

230 1756 443 1826 Glycas,
482 1766 850 1829 cognomento
883 1756 1122 1822 Siculus,
1161 1757 1254 1812 sed
1287 1754 1610 1811 Theodorus
1631 1754 1944 1819 Metochita,
1973 1756 2044 1810 cl.
2070 1754 2342 1812 Meursius
2385 1754 2675 1811 manifesto
2709 1755 3088 1824 deprehendit,
3119 1757 3213 1824 qui
3255 1737 3511 1813 Annales:

230 1853 370 1919 ipsos
404 1866 477 1907 ex
511 1870 615 1908 ms.
639 1853 911 1908 auctiores
940 1851 1039 1908 Gr.
1060 1861 1116 1908 et
1139 1851 1261 1908 Lat.
1289 1851 1341 1906 in
1375 1853 1553 1907 lucem
1577 1853 1810 1907 emittet.
1851 1872 1871 1905 ι
1911 1852 2019 1907 Pro
2039 1852 2523 1908 eademsententia
2546 1853 2742 1907 militat
2766 1852 3080 1921 Christoph.
3109 1853 3257 1909 Frid.
3290 1844 3512 1927 Boden-i

231 1950 475 2018 lmrgius,
510 1959 655 2006 rect.
684 1949 961 2018 Gymnasii
991 1949 1385 2015 Berolinensis,
1418 1950 1472 2004 in
1507 1949 1644 2005 diss.
1676 1949 1752 2004 Ile
1779 1949 2040 2005 Theodori
2081 1949 2379 2004 Metochitie
2408 1951 2640 2018 scriptis,
2694 1951 2910 2012 νοθείας
2955 1952 3108 2021 uulgo
3130 1934 3513 2032 insimulatis,1

231 2047 431 2099 inserta
459 2045 830 2102 Miscellaneis
856 2045 1151 2116 Lipsiens.,
1173 2054 1309 2102 tom.
1340 2046 1404 2109 ll,
1430 2061 1484 2116 p.
1503 2047 1575 2101 23
1610 2062 1728 2118 seq.
1759 2047 1904 2103 Idem
1938 2055 2191 2113 testatur,
2214 2062 2376 2101 manu
2404 2057 2697 2101 exaratum
2730 2062 2788 2101 se
2838 2046 3042 2102 habere
3067 2047 3340 2104 Theodori
3378 2052 3513 2114 Μαι-ε

232 2142 449 2196 tochitae
488 2143 765 2214 Χρονικὺν
783 2143 893 2198 ἀπὸ
922 2142 1158 2206 κτίσεως
1185 2143 1395 2212 κόσμου
1415 2142 1615 2210 διεξιὸν
1637 2143 1764 2215 περὶ

1978 2166 1981 2186 ι
2010 2142 2241 2213 οὐρανοῦ
2269 2143 2486 2213 καὶτῆς
2507 2143 2635 2213 γῆς,
2660 2160 2717 2197 κ.
2753 2162 2804 2197 τ.
2836 2143 2887 2198 λ.
2922 2144 3070 2198 illum
3091 2146 3262 2215 ipsum
3288 2146 3496 2200 scilicet

230 2239 503 2307 codicem,
528 2255 596 2295 ex
628 2254 738 2311 quo
764 2239 1032 2296 Meursius
1056 2239 1340 2295 historiam
1376 2240 1520 2295 illam
1553 2239 1750 2309 publici
1783 2239 1927 2308 juris
1952 2238 2134 2293 facere
2163 2241 2355 2302 voluit,
2386 2249 2439 2294 et
2463 2253 2621 2306 quem
2671 2237 2871 2292 laudati
2929 2238 3294 2306 Bodenburgii
3341 2238 3512 2325 ante-ﬁ

230 2337 430 2391 cessuri
453 2336 919 2393 donavitSamuel
959 2335 1341 2392 Pufendorﬁus
1363 2376 1378 2401 ,
1414 2335 1501 2391 cui
1532 2338 1758 2405 aliorum
1787 2338 2198 2404 posthumornm
2230 2335 2657 2390 Meursiauorum
2682 2336 2972 2390 editionem
2993 2335 3270 2391 debemus.
3302 2354 3322 2389 ι
3349 2335 3491 2390 Hac-

232 2440 384 2486 tenus
405 2429 719 2487 Fabricius.
753 2431 898 2486 Idem
929 2431 1255 2502 Bodenburg
1294 2441 1487 2487 contra
1525 2431 1820 2486 Meursium
1854 2446 1952 2501 pro
2000 2432 2209 2486 Theod.
2241 2431 2364 2485 Met.
2390 2431 2441 2485 id
2475 2441 2630 2500 urget
2668 2442 3080 2499 argumentum,
3121 2447 3326 2486 morem
3379 2447 3515 2489 tum:

231 2523 342 2581 fere
367 2525 569 2595 fuisse,
600 2537 660 2583 ut
689 2528 812 2583 novi
849 2529 1145 2597 scriptores
1174 2529 1240 2583 ab
1272 2529 1396 2583 aliis
1423 2528 1540 2598 jam
1573 2529 1796 2594 tradita,
1832 2529 2073 2598 ipsorum
2123 2543 2338 2598 quoque
2387 2528 2564 2583 verbis
2633 2528 2935 2582 insererent
2979 2529 3220 2596 scriptis.
3266 2530 3338 2582 At
3379 2538 3491 2583 tum

231 2623 449 2689 quidem
473 2623 684 2680 Theod.
715 2623 891 2679 Met.a
921 2625 1150 2681 crimine
1174 2626 1335 2696 plagii
1369 2625 1574 2680 absolvi
1602 2626 1740 2680 haud
1771 2625 1990 2696 poterit.
2020 2624 2182 2680 Joan.
2214 2634 2394 2680 autem
2426 2624 2708 2680 Fabric.in
2736 2623 3098 2680 Histor.Bibl.
3126 2639 3257 2692 sum,
3287 2626 3322 2682 l.
3353 2642 3403 2681 c.
3436 2634 3512 2696 p.:

230 2718 354 2786 262,
377 2720 646 2793 legendos
683 2723 1028 2776 commendat
1054 2721 1323 2778 Placcinm
1360 2720 1435 2776 De
1475 2723 1737 2791 pseudon,
1767 2738 1823 2793 q.
1850 2721 1977 2787 '5I8,
2009 2721 2152 2786 445;
2184 2720 2483 2787 Olearium,
2539 2721 2685 2777 Bibl.
2724 2720 2958 2788 Eccles.,
3016 2729 3156 2791 part.
3190 2737 3249 2787 ιι,
3284 2736 3337 2792 p.
3366 2700 3511 2788 195,?

233 2825 284 2869 et
315 2816 581 2873 Crenium
614 2818 669 2872 in
705 2818 841 2873 diss.
862 2816 918 2883 2,
958 2818 1029 2898 de
1052 2818 1215 2889 furia.
1241 2818 1451 2885 librar.,
1484 2834 1537 2886 p.
1562 2817 1655 2873 26.
1690 2818 1895 2889 (ωλι.)

304 2910 644 2984 [Specimiua
673 2929 890 2980 operum
923 2912 1184 2968 Theodori
1216 2900 1537 2980 Metuo/iiiis,
1573 2929 1694 2983 quae
1726 2914 2136 2970 inscribuntur:
2188 2912 2711 2987 'l‘nopvqpartapol
2759 2914 2853 2969 καὶ
2902 2914 3245 2987 Σημειὼσεις
3287 2908 3510 2987 γνωμιὲ

234 3008 347 3074 καὶ,
373 3009 585 3064 ecodd.
617 3025 751 3065 mss.
801 3011 1024 3064 Lutetiae
1065 3008 1399 3064 Parisiorum
1428 3010 1478 3065 in
1506 3010 1638 3065 bibl.
1668 3011 1815 3078 regia
1837 3019 1893 3066 et
1935 3011 2157 3066 Coislin.
2193 3010 2255 3065 S.
2289 3009 2647 3066 Gertnanensi
2693 3013 2988 3066 asservatis
3020 3026 3143 3065 cum
3178 3012 3496 3081 praefatione

236 3109 286 3154 et
312 3102 456 3156 notis
480 3102 710 3172 primum
733 3102 947 3171 vulgata
984 3101 1208 3156 ahJano
1232 3101 1420 3159 Bloch.
1455 3102 1681 3159 Havniae
1716 3103 1873 3168 1790,
1903 3104 1957 3160 8.
1983 3105 2201 3177 (Ηωε).
2236 3105 2293 3159 1η
2349 3105 2502 3173 prter.
2535 3103 2791 3159 Blochius
2829 3109 2895 3159 de
2949 3106 3267 3161 cadentibus
3297 3105 3496 3161 litteris

235 3190 458 3260 Graecis,
492 3203 601 3247 tum
622 3195 686 3247 de
710 3193 997 3249 Theodoro
1028 3192 1154 3249 Met.
1183 3197 1429 3265 exponit,
1456 3195 1683 3267 ejusque
1708 3198 1925 3267 scriptis
1949 3200 2114 3252 editis
2139 3209 2192 3253 et
2222 3198 2459 3263 ineditis,
2504 3197 2818 3269 singulatim
2848 3213 2936 3261 eo,
2986 3197 3145 3266 cujus
3197 3199 3492 3266 spei-ituina

235 3285 422 3351 edidit,
458 3290 730 3357 quodque,
762 3288 816 3341 in
843 3287 1158 3360 l20_titulos
1180 3288 1537 3356 descriptum,
1593 3305 1701 3344 non
1734 3305 1855 3345 esse
1888 3292 2162 3345 diversum
2201 3306 2229 3343 a
2270 3290 2634 3345 Miscellaneis
2692 3287 2966 3344 Theodori
3025 3291 3185 3345 dictis
3238 3293 3496 3360 operibus

236 3389 425 3433 contra
449 3378 758 3434 Fabricium
782 3356 1043 3434 ostendit.
1075 3380 1335 3435 Exhibuit
1363 3391 1542 3435 autem
1577 3381 1694 3451 ejus
1728 3384 1998 3452 opusculi,
2028 3383 2184 3453 cujus
2219 3383 2399 3454 plures
2422 3384 2581 3438 codd.
2607 3393 2876 3449 recenset,
2909 3383 3045 3436 duos
3068 3382 3348 3439 Parisinus
3378 3385 3495 3454 ipse

238 3470 494 3540 inspexit,
521 3482 577 3527 et
605 3472 845 3542 capitum
875 3473 1116 3527 omnium
1149 3483 1466 3544 argumenta
1496 3482 1550 3526 et
1572 3474 1687 3529 loca
1717 3478 1943 3541 selecta,
1968 3485 2025 3530 ut
2060 3478 2127 3530 de
2152 3475 2382 3548 Synesio
2411 3474 2615 3546 Cyren.
2641 3473 2698 3528 In
2734 3476 2902 3538 calce,
2941 3491 2993 3543 p.
3016 3475 3111 3528 161
3163 3491 3277 3544 seq.
3315 3492 3344 3531 e
3372 3480 3492 3532 cod.

240 3562 606 3621 Escorialensi
632 3581 661 3619 a
698 3565 1125 3621 Moldenbauero
1159 3568 1557 3635 suppeditatam
1593 3571 1913 3637 particulam
1947 3587 1998 3626 c.
2048 3570 2113 3624 l6
2177 3572 2343 3639 (unde
2383 3568 2495 3639 jam
2521 3582 2642 3638 pag.
2677 3567 2739 3621 61
2800 3583 2830 3623 e
2858 3567 3018 3621 codd.
3040 3567 3213 3624 Paris.
3245 3570 3494 3639 quaedam

241 3658 478 3730 dederat)
518 3660 586 3715 de
613 3656 842 3716 Philone
866 3659 1055 3715 Judao
1078 3660 1345 3715 exhibuit.
1379 3659 1622 3733 (Bscx).]

1325 3820 1539 3891 Scripta
1572 3821 1835 3878 Theodori
1865 3825 2164 3879 Metochitre
2190 3827 2415 3880 inedita.

312 3965 359 4020 l.
394 3960 532 4033 Περὶ
555 3960 892 4031 νεωτερικῆς
924 3959 1256 4033 κακοηθείας
1283 3960 1357 4015 De
1388 3961 1533 4014 mala
1573 3964 1844 4015 recentiori

1959 3964 2355 4016 consuetudine.
2388 3961 2463 4016 De
2493 3962 2594 4017 hoc
2623 3961 2760 4014 libro
2792 3960 3103 4015 adscribam
3125 3962 3491 4020 testimonium

245 4058 401 4125 graeci
422 4056 655 4110 hominis
672 4054 994 4120 doctissimi,
1012 4054 1222 4110 Nicolai
1249 4055 1512 4109 Comueni
1565 4055 1894 4125 I’apadopoli
1940 4054 2338 4109 Prwnotionum
2357 4063 2680 4125 mystagog.,
2702 4069 2754 4121 p.
2792 4054 2827 4108 9
2855 4070 2871 4108 :
2894 4051 3043 4107 Inter
3057 4053 3286 4122 plurima
3305 4073 3496 4110 manu.

247 4161 417 4203 menta
474 4158 585 4202 tum
635 4150 912 4219 sapientia:
943 4159 1053 4201 tum
1075 4149 1410 4213 eruditionis,
1440 4149 1588 4219 queis
1635 4149 1713 4203 vir
1742 4150 1825 4203 hic
1851 4149 2009 4216 plane
2036 4150 2223 4204 doctus
2244 4146 2504 4202 erciam
2534 4157 2772 4201 nostram
2794 4146 2915 4215 jam
2952 4161 3081 4213 pene
3106 4152 3177 4198 ad
3206 4157 3497 4202 extremam

247 4255 600 4313 paupertatem
634 4244 976 4297 scientiarum
1010 4243 1275 4295 redactam
1303 4245 1454 4295 auxit
1482 4253 1636 4309 atque
1662 4244 1872 4306 ditauit,
1898 4243 2168 4312 potissime
2195 4241 2498 4295 laudandus
2522 4251 2595 4295 est
2632 4256 2823 4293 aureus
2857 4240 3062 4292 libellus
3096 4241 3501 4312 nep'tyetotept-

248 4338 344 4408 κῆς
374 4335 727 4405 κακοηθείας,
752 4351 904 4403 quem
943 4345 1124 4388 nostra
1151 4344 1303 4389 (etate
1326 4334 1552 4388 latinum
1576 4336 1696 4405 fecit
1726 4336 2011 4390 Arcadius.
2052 4335 2135 4389 Ibi
2160 4336 2299 4389 enim
2317 4337 2390 4388 ita
2412 4335 2476 4388 de
2496 4337 2666 4388 sacris
2696 4334 2957 4386 institutis
2985 4334 3328 4387 recentiorum
3354 4351 3498 4388 more

249 4431 507 4497 corruptis
531 4428 915 4498 facundissime
962 4428 1225 4496 queritur,
1271 4439 1323 4480 ut
1363 4439 1596 4481 trecenta
1634 4428 1853 4482 vulnera
1894 4430 1973 4498 (η)
2002 4427 2255 4482 Ecclesia:
2291 4445 2322 4481 a
2359 4425 2757 4493 corruptoribus
2788 4426 2942 4478 illata
2979 4425 3314 4479 demonstret.
3355 4424 3497 4479 Loca

247 4523 440 4592 passim
470 4539 538 4577 ex
576 4524 677 4576 hoc
698 4521 834 4576 libro
863 4522 1001 4575 idem
1031 4522 1337 4576 Comnenns
1367 4536 1594 4590 utraque
1630 4524 1773 4588 lingu

1971 4532 2039 4584 rt,
2072 4534 2129 4575 ut
2157 4538 2277 4590 pag.
2304 4520 2578 4581 165,195,
2607 4518 2736 4574 225.
2769 4518 2894 4577 520.
2947 4517 3071 4578 405,
3104 4517 3207 4571 414
3235 4529 3288 4570 et
3350 4518 3499 4599 alibi,

249 4619 336 4671 sed
366 4619 633 4686 integrum
673 4616 751 4669 vel
776 4614 964 4669 Graece
994 4615 1260 4682 prodiisse
1284 4616 1363 4667 vel
1394 4616 1698 4669 versionem
1735 4616 1878 4669 Petri
1903 4616 2123 4668 Arcudii
2160 4615 2359 4668 vidisse
2394 4613 2589 4674 lucem.
2615 4612 2745 4665 mihi
2777 4611 3050 4664 hactenus
3078 4612 3496 4679 incompertum.

318 4709 383 4764 ll.
410 4708 661 4763 Historiae
686 4724 853 4761 sacra:
886 4708 1045 4761 libros
1075 4710 1229 4771 duos,
1253 4720 1311 4762 et
1344 4706 1964 4778 Coustantinopolitana:
1996 4725 2166 4761 unum
2192 4708 2381 4761 habuit
2411 4704 2651 4760 Joannes
2674 4705 2949 4759 Meursius
2977 4713 3033 4757 et
3093 4703 3290 4771 publici
3356 4703 3502 4771 juris

249 4802 515 4857 laetarum
536 4818 596 4855 se
636 4801 892 4871 promisit
920 4804 970 4853 in
1008 4799 1167 4855 Praef.
1195 4803 1259 4854 ad
1286 4818 1441 4856 stntm
1480 4802 1851 4857 Metochitam.
1891 4801 2156 4855 Videntur
2175 4811 2353 4854 autem
2381 4800 2433 4853 hi
2458 4808 2568 4854 tres
2606 4797 2773 4852 fuisse
2798 4814 2862 4851 ex
2889 4798 2995 4851 illis
3012 4796 3192 4865 λόγοις
3225 4795 3496 4852 Theodori

249 4894 546 4950 Metochitas
570 4894 746 4948 decem
780 4904 827 4946 et
853 4902 970 4946 octo
1001 4896 1065 4947 de
1084 4894 1252 4947 variis
1271 4896 1539 4959 materiis,
1574 4896 1669 4949 sed
1705 4896 1977 4965 praecipue
2003 4896 2069 4949 ad
2095 4892 2388 4947 Historiam
2416 4894 2482 4945 de
2507 4892 2633 4945 vitis
2657 4890 2991 4945 Sanctorum
3012 4901 3069 4944 et
3096 4891 3160 4942 ad
3194 4887 3496 4943 Historiam

250 4987 452 5056 imperii
474 4987 581 5043 (ΞΡ.
621 4995 674 5042 et
708 4987 879 5057 ipsius
902 4987 1052 5041 urhis
1083 4984 1249 5041 CPol.
1279 4989 1699 5057 pertinentibus,
1734 4987 1824 5055 qui
1859 4999 2145 5042 servantur
2171 4986 2221 5042 in
2257 4986 2387 5040 bibl.
2414 4985 2686 5048 Caesarea,
2716 4984 2993 5054 ipsoillius
3021 5000 3157 5047 aevo,
3190 4991 3499 5038 attestatur

249 5080 586 5146 Lambecius,
620 5097 791 5149 vu,p.
828 5079 932 5133 154
955 5079 1030 5151 (o)
1059 5077 1434 5150 pereleganter
1467 5092 1694 5136 exarata
1732 5083 1784 5135 in
1818 5085 2154 5145 membrana,
2188 5088 2325 5136 etex
2353 5080 2549 5148 quibus
2573 5079 2688 5132 loca
2725 5078 2904 5131 adfert
2929 5078 3225 5131 Reinoldus
3260 5076 3499 5129 Delmius

252 5172 303 5229 S.
330 5175 367 5229 l.
392 5178 444 5229 in
476 5175 621 5230 notis
652 5173 718 5227 ad
748 5174 1007 5228 martvria
1040 5173 1251 5228 Cosmae
1267 5184 1322 5228 et
1352 5173 1647 5241 Damianl.,
1680 5189 1803 5245 pag.
1835 5190 1990 5238 xvut,
2041 5190 2105 5227 ex
2138 5173 2384 5227 oratione
2409 5172 2475 5226 de
2499 5172 2748 5226 laudibus
2777 5170 2968 5224 Nicane
2996 5170 3165 5232 urbis,
3220 5181 3272 5224 et
3328 5170 3494 5222 altera

316 5374 386 5445 (lt)
405 5373 650 5428 Labbeus
673 5371 929 5440 adGlycae
943 5370 1196 5435 Annales,
1216 5371 1418 5438 Paris.,
1444 5372 1605 5439 1660,
1627 5373 1814 5445 lol.,p.
1934 5374 2104 5426 missa
2120 5370 2279 5445 hujus
2300 5369 2567 5445 epistolis,
2595 5370 2674 5445 in_
2707 5369 2929 5423 Deliciis
2979 5370 3327 5445 eruditorum,
3377 5366 3494 5445 Flo-

1762 5440 1776 5445 ⁷
1928 5452 2066 5497 rent.
2108 5440 2263 5498 I756,
2289 5440 2457 5508 p.12,
2495 5441 2547 5492 iu
2576 5440 2764 5493 eadem
2799 5452 3047 5494 versatur
3089 5440 3363 5507 opmione.
3423 5440 3492 5492 At

316 5516 378 5583 (ι)
406 5514 754 5584 Raynaudus,
792 5512 864 5566 De
897 5512 1047 5566 bonis
1111 5522 1160 5565 et
1211 5511 1369 5566 malis
1406 5511 1577 5579 libris,
1614 5514 1813 5584 Lugd.,
1926 5528 2028 5584 non
2052 5512 2179 5565 vidit
2205 5511 2560 5584 Bodenburgii
2597 5510 3083 5584 defensionem,__in
3112 5525 3212 5578 qua
3264 5523 3323 5561 ea
3347 5523 3493 5584 “quae

252 5579 736 5652 1655,4,ἰ).156.
1215 5650 1223 5652 Α
1700 5579 1722 5584 ’
1802 5579 1807 5581 “
1927 5582 2164 5644 Lamias,
2226 5582 2360 5634 alios
2438 5592 2680 5644 secutuS,
2740 5596 2931 5636 contra
2978 5580 3274 5635 Menrsium
3327 5579 3490 5644 dixit,

315 5662 407 5722 (m)
441 5650 744 5707 llicbardus
771 5656 835 5706 ad
863 5654 1169 5708 Matthmum
1198 5650 1564 5708 Cantacuzen.
1588 5656 1644 5708 in
1675 5653 1818 5709 Can-
1923 5653 2032 5722 jam
2068 5655 2155 5705 diu
2201 5653 2368 5705 diluta
2386 5662 2530 5707 sunt.
2565 5652 2786 5723 (ΙΙΑηι.)

253 5726 411 5778 ticum
439 5725 795 5797 canticorum.
828 5724 988 5797 Ilum.
1040 5722 1198 5797 1624,
1223 5723 1317 5797 (qi.
1348 5740 1505 5797 pagi
1535 5725 1657 5780 150.
1709 5725 1817 5797 με),
2000 5726 2077 5790 (n)
2117 5723 2451 5797 Postremum
2471 5725 2657 5797 estde
2691 5722 3031 5797 gartulitate.

250 5811 457 5865 quoiue
499 5795 716 5849 Lamius
740 5796 790 5848 in
833 5796 1050 5851 dissert.
1107 5796 1172 5848 de
1233 5791 1397 5848 Mich.
1432 5791 1631 5864 'Glyca,
1684 5791 1819 5866 prae.
2004 5801 2074 5862 (ο)
2104 5795 2227 5847 Sive
2249 5810 2302 5863 p.
2329 5792 2451 5848 550.
2480 5791 2930 5862 Κυιιίιιιζςυικιιι..)
