3880 6546
227 335 315 402 ett
1639 327 1768 396 Nm

1911 328 1976 398 Α.

3341 340 3450 406 942

283 453 381 507 νῆ’.
414 449 650 520 Πότερον
683 447 910 519 ἄμεινον
944 443 1220 519 ἀνθρώπῳ
1252 439 1314 500 et
1359 445 1616 516 γενέσθαι
1645 446 1679 518 ἢ
1710 449 1768 501 τὸ

1945 449 2035 504 58.
2076 449 2341 506 Meliusne
2367 451 2440 507 sit
2471 449 2680 508 homini
2708 465 2850 517 esse,
2877 464 3044 521 quam
3074 467 3182 506 non
3210 455 3372 510 esse?
3397 466 3455 510 ct

227 543 291 616 μὴ
315 541 590 611 γενέσθαι,
623 541 718 596 καὶ
747 542 832 596 ὅτι
857 542 1084 612 ἄμεινον
1105 540 1168 594 τδ
1208 539 1487 609 γενέσθαι.

280 636 372 691 νθ’.
405 635 528 690 Ὅτι
578 634 719 689 πολὺ
772 635 908 708 παρ’
957 633 1274 706 ἀνθρώποις
1305 631 1368 685 τὸ
1417 631 1774 704 περιαυτολο-

220 730 342 797 γείν.

280 818 337 885 ξ’.
371 820 496 874 Ὅτι
523 821 752 892 ἄπορον,
785 818 998 884 εί,ἔστι
1043 836 1130 884 τις
1174 818 1486 891 ἀνθρώποις
1514 815 1774 881 καθάπαξ

221 913 410 982 γαλήνη
444 913 588 967 κατὰ
618 914 750 976 τοὺς
779 913 1097 983 λογισμούς.

276 1004 374 1070 ξω.
404 1008 527 1058 Ὀτι
571 1005 673 1059 οὐκ
721 1004 829 1072 ἔξω
877 1005 1040 1074 λόγου
1092 1003 1409 1058 παντάπασι
1468 1001 1672 1066 δόξειεν
1706 1001 1773 1055 ἂν

186 1087 342 1150 ⁴είναι
377 1097 446 1149 τὰ
476 1095 586 1149 τῶν
628 1096 968 1166 Ἐφεκτικῶν
1016 1096 1451 1162 ἐναντιουμένων
1487 1093 1620 1162 πρὸς
1669 1096 1774 1146 πᾶ-

187 1182 194 1251 Ῐ
219 1205 308 1241 σαν
329 1187 657 1257 κατάληψιν.
686 1190 782 1241 καὶ
808 1189 893 1242 ὅτι
936 1187 1035 1240 καὶ
1081 1185 1310 1241 Πλάτων
1337 1184 1431 1238 καὶ
1473 1183 1772 1256 Σωκράτης

181 1279 187 1298 ⁸
215 1281 374 1351 ἀρχάς
394 1282 474 1343 είς
502 1280 647 1334 τοῦτ’
671 1281 900 1335 ἔδωκαν.

278 1371 370 1440 ξβ’.
399 1373 538 1442 Περὶ
574 1373 687 1426 τῶν
736 1373 1130 1442 ἐμπιπτόντων
1159 1371 1468 1442 πράγμασι,
1502 1365 1612 1425 τῶν
1670 1364 1770 1440 μὲν

213 1463 292 1517 διὰ
323 1464 702 1534 φιλόπραγμον
747 1461 881 1534 ἦθος
913 1463 1140 1532 φαῦλον,
1177 1464 1292 1518 τῶν
1313 1463 1372 1517 δὲ
1409 1463 1498 1517 διὰ
1527 1462 1770 1533 ἀμαθίαν

213 1557 302 1611 καὶ
327 1558 665 1629 ἀπρονόητον
693 1557 794 1627 τὴν
826 1555 1020 1627 τύχην.

275 1729 368 1797 ξγ’.
400 1732 534 1802 Περὶ
571 1732 681 1784 τῶν
709 1731 963 1800 ἐλπίδων,
995 1733 1092 1788 καὶ
1138 1732 1222 1786 ὅτι
1265 1729 1470 1798 τρόπον
1508 1730 1611 1800 μέν
1645 1746 1769 1782 τινα

1875 542 2021 612 quod
2052 550 2276 612 praestet
2296 559 2442 600 esse.

1946 631 2037 689 59.
2077 633 2232 700 Quod
2265 635 2524 706 frequens
2551 637 2623 692 sit
2651 636 2797 707 apud
2826 636 3097 703 homines,
3123 646 3185 718 ut
3213 638 3453 699 libenter

1874 724 1944 780 de
1969 739 2026 780 se
2054 737 2110 782 et
2137 727 2304 783 rebus
2329 727 2446 783 suis
2473 729 2790 798 loquamur.

1946 816 2037 872 60.
2079 818 2316 874 Dubium
2359 835 2503 887 esse,
2545 835 2615 876 an
2659 835 2899 892 unquam
2943 822 3216 879 serenitas
3245 826 3449 881 mentis

1874 907 2034 976 plena
2064 907 2382 966 hominibus
2411 912 2676 984 obtingat.

1945 997 2033 1052 6|.
2073 999 2229 1066 Quod
2279 1016 2390 1056 non
2431 1013 2831 1075 usquequaque
2868 1004 3125 1063 videatur
3161 1021 3192 1061 a
3237 1005 3452 1062 ratione

1872 1087 2112 1143 alienum
2137 1090 2506 1150 admittendas
2526 1095 2904 1166 Sceptieorum
2929 1098 3291 1170 obiectiones,
3316 1115 3455 1170 quas

1873 1179 2024 1232 omni
2063 1183 2402 1250 perceptioni
2438 1195 2758 1255 opponunt,
2790 1197 2848 1243 et
2882 1189 3029 1259 quod
3063 1190 3218 1245 Plato
3251 1205 3316 1245 ac
3349 1191 3453 1245 So-

1873 1279 2052 1324 crates
2081 1272 2348 1343 principia
2375 1275 2444 1330 ad
2481 1276 2588 1332 hoc
2614 1280 3131 1349 suppeditaverunt.

1945 1360 2039 1415 62.
2082 1363 2160 1418 De
2188 1362 2259 1417 iis
2281 1366 2381 1435 qui
2408 1369 2646 1438 negotiis
2674 1385 2733 1425 se
2779 1371 3053 1441 objiciunt
3078 1373 3194 1428 sive
3221 1383 3450 1444 propter

1870 1453 2132 1510 vitiosum
2159 1473 2366 1513 morem
2393 1459 2676 1514 hominum
2703 1462 2900 1518 alienis
2923 1477 2982 1518 se
3007 1464 3453 1534 admiscentium,

1871 1544 1988 1601 sive
2034 1547 2108 1602 ob
2158 1549 2379 1605 illorum
2426 1550 2742 1618 inscitiam,
2785 1553 2904 1610 sive
2948 1556 3287 1626 inopinatam
3337 1559 3454 1616 for-

1875 1642 2084 1694 tunanL

1949 1735 2039 1792 6'5.
2076 1735 2153 1791 De
2187 1750 2320 1806 spe,
2352 1747 2410 1793 et
2439 1740 2587 1809 quod
2619 1737 2730 1813 jam
2766 1741 2840 1797 sit
2872 1758 2960 1798 res
2993 1743 3313 1803 horninibus
3347 1748 3458 1802 uti-

210 1819 634 1890 βιωφελέστατον
680 1821 994 1890 ἀνθρώποις
1037 1822 1100 1876 τὸ
1155 1821 1278 1876 κατ’
1329 1820 1502 1884 αὑτὰς
1553 1819 1768 1891 χρῆμα,

1907 1829 2081 1885 issima
2133 1829 2239 1884 'am
2271 1829 2475 1887 iterum
2507 1809 2674 1889 noxia
2702 1842 2759 1890 et
2788 1835 3113 1907 rejicienda.

208 1914 396 1980 τρόπον
439 1913 498 1967 δέ
521 1911 626 1966 τιν’
653 1909 813 1978 αὖθις
845 1913 1107 1980 καθάπαξ
1153 1913 1452 1985 νεμεσητὸν
1498 1915 1596 1966 καὶ
1640 1924 1773 1966 κατ-

205 2005 564 2077 ιγνωσμένον.

271 2098 362 2164 ξδ’.
393 2100 517 2153 Ὀτι
561 2099 780 2169 ήδιστον
825 2097 1141 2170 ἀνθρώποις
1181 2098 1241 2153 ἐν
1269 2099 1386 2160 τοῖς
1423 2097 1648 2160 οἰκείοις
1677 2097 1773 2150 καὶ

207 2188 416 2260 συνήθει
444 2190 699 2262 διατριόῇ
733 2191 913 2245 ὁτιοῦν
939 2191 1207 2262 πράττειν
1245 2188 1309 2244 εὖ
1341 2191 1438 2244 καὶ
1476 2180 1768 2259 τιμᾶσθαι.

272 2368 362 2436 ξεν.
393 2371 518 2425 Ὅτι
547 2364 812 2434 πολλάκις
835 2368 969 2424 ἔνιοι
1003 2369 1382 2440 συμπίπτουσι
1415 2370 1528 2432 τοῖς
1559 2369 1771 2423 ἑαυτῶν

205 2460 431 2530 δόγμασι
465 2461 565 2515 καὶ
604 2462 847 2533 κρίσεσι,
875 2462 971 2516 καὶ
1015 2461 1270 2514 όλλυνται
1313 2459 1473 2531 δίκης
1505 2462 1768 2532 σφέτερα.

269 2651 375 2717 Ec’.
407 2649 534 2705 Ὅτι
566 2649 715 2714 τινές
747 2647 857 2703 sict
883 2645 1072 2716 ταχιῖς
1101 2643 1380 2699 πιστεύειν
1419 2645 1488 2716 τῇ
1526 2643 1766 2717 Προνοίᾳ

207 2740 288 2794 διὰ
326 2743 394 2796 τὰ
436 2741 743 2812 φαινόμενα
781 2737 926 2794 κατὰ
973 2739 1132 2804 λόγον
1174 2738 1426 2808 άπαντᾷν
1473 2739 1587 2799 τοῖς
1630 2740 1771 2808 χρη-

209 2835 341 2893 στοῖς
367 2850 429 2886 τε
479 2835 577 2886 καὶ
601 2835 862 2904 πονηροῖς
890 2833 957 2885 ἐκ
999 2830 1094 2884 τοῦ
1121 2825 1442 2900 προχείρου,
1484 2830 1579 2883 καὶ
1613 2825 1772 2894 αὖθις

207 2927 448 2978 ἀπιστεῖν
475 2929 542 2993 τῇ
573 2923 811 2994 Προνοίᾳ
839 2923 930 2977 διὰ
949 2921 1209 2977 τάναντία
1247 2919 1483 2985 τούτοις.

269 3013 362 3083 εξ.
394 3016 520 3070 Ὀτι
572 3015 894 3085 θαυμασίως
923 3014 1188 3076 πολλάκις
1234 3013 1396 3065 εἴωθε
1441 3015 1562 3075 ταῖς
1612 3011 1772 3080 μεγί-

207 3125 352 3171 σταις
401 3107 635 3178 πράξεσι
685 3107 778 3159 καὶ
830 3105 1114 3175 εὐτυχίαις
1166 3106 1400 3174 τάχιστα
1449 3103 1771 3157 ἀκολουθεῖν

1947 2090 2040 2147 64.
2081 2090 2238 2160 Quod
2265 2090 2734 2165 iucundissimum
2767 2091 2840 2154 sit
2876 2097 3084 2154 homini
3121 2098 3174 2152 in
3207 2101 3326 2154 suis
3358 2117 3458 2157 ne-

1873 2183 2038 2253 gotiis
2071 2196 2129 2240 et
2158 2197 2425 2244 consueto
2459 2189 2581 2244 vita:
2616 2205 2838 2261 genere,
2868 2191 3250 2262 qualecunque
3284 2193 3454 2248 etiam

1873 2274 2008 2330 illud
2041 2277 2134 2340 sit,
2168 2280 2306 2335 bene
2335 2289 2393 2334 et
2421 2295 2545 2336 cum
2577 2283 2787 2338 honore
2817 2297 2934 2337 rem
2963 2298 3178 2354 gerere.

1945 2367 2036 2423 65.
2076 2368 2466 2439 Stepenumero
2497 2373 2714 2443 aliquos
2746 2373 3030 2429 adversari
3063 2376 3179 2431 suis
3208 2376 3453 2444 ipsorum

1873 2459 2230 2529 opinionibus
2274 2477 2338 2519 ac
2375 2464 2621 2534 iudiciis,
2659 2475 2716 2521 et
2759 2467 2980 2537 propria
3015 2467 3140 2538 jura
3183 2468 3455 2525 interver-

1876 2556 2012 2605 tere.

1947 2642 2038 2697 66.
2079 2642 2235 2710 Quod
2290 2645 2462 2716 aliqui
2524 2645 2684 2702 facile
2735 2646 2966 2702 credant
3009 2646 3457 2718 Providentiam,

1873 2748 1999 2789 cum
2028 2735 2220 2791 vident
2251 2737 2308 2791 in
2342 2739 2596 2808 praesenti
2629 2739 2788 2793 bonis
2820 2747 2877 2793 et
2909 2740 3066 2794 malis
3097 2740 3172 2795 ita
3209 2741 3326 2798 fieri
3346 2784 3365 2810 ,
3398 2755 3460 2798 ut

1874 2837 2162 2882 merentur
2191 2845 2207 2882 :
2236 2829 2329 2884 alii
2363 2830 2604 2886 vicissim
2633 2846 2745 2885 non
2777 2831 3009 2887 credant
3035 2833 3109 2888 ob
3141 2833 3294 2890 hisce
3324 2850 3458 2890 con-

1874 2919 2064 2975 traria.

1942 3012 2032 3066 67.
2073 3011 2228 3078 Quod
2259 3015 2461 3085 saepius
2490 3016 2672 3071 solent
2704 3025 2828 3086 post
2858 3017 3128 3073 maximas
3159 3030 3248 3074 res
3276 3029 3458 3088 gestas

1873 3111 1929 3157 et
1961 3103 2235 3160 fortunam
2275 3107 2706 3176 pulcherrimam
2743 3110 2881 3164 mira
2916 3111 3225 3165 mutatione
3260 3113 3460 3167 celeri-

205 3200 638 3271 δυσπραγήματα
690 3196 906 3269 χαλεπὰ
962 3197 1061 3250 καὶ
1122 3196 1292 3266 μηδὲν
1345 3190 1511 3267 ἦττον
1561 3195 1765 3248 ἀνυπο-

1907 3208 1956 3247 3r
1978 3196 2136 3266 sequi
2163 3197 2470 3252 infortunia
2493 3198 2817 3261 gravissima
2837 3209 2898 3256 et
2920 3217 3031 3256 non
3059 3203 3245 3260 minus
3273 3203 3457 3275 inspe-

295 3311 379 3348 τα.

205 3294 514 3456 νόηξζῗὍτι
559 3385 660 3436 οὐκ
693 3381 844 3435 ἐστιν
887 3381 1026 3444 ὅλως
1068 3381 1127 3434 ὲν
1181 3377 1493 3450 ἀνθρώποις
1522 3379 1767 3450 ὁμοφρο-

205 3475 349 3530 σύνη.
1532 3515 1534 3517 .

393 3565 519 3618 Ὀτι
549 3562 689 3618 πολὺ
727 3559 947 3615 νοσοῦσι
969 3559 1092 3622 ταῖς
1124 3557 1526 3631 προσπαθείαις
1552 3557 1766 3630 ἄνθρω-

205 3673 311 3722 ποι,
339 3659 432 3711 καὶ
464 3656 568 3710 οὐκ
596 3653 774 3724 ὀρθῶς
803 3653 1028 3723 ὁρῶσιν.

270 3755 330 3802 ο⁸.
361 3751 482 3802 Ὀτι
531 3751 782 3818 χρήσιμα
837 3745 908 3798 τὰ
963 3748 1030 3798 ὲκ
1071 3744 1168 3799 τοῦ
1229 3744 1620 3815 μαθηματικοῦ
1670 3747 1768 3798 καὶ

206 3839 567 3911 γεωμετρικοῦ
599 3841 701 3909 τῆς
748 3836 1068 3905 φιλοσοφίας
1099 3837 1275 3899 εἴδους
1305 3837 1392 3889 διὰ
1425 3837 1497 3890 τά
1541 3855 1604 3890 τε
1630 3838 1686 3890 ά)
1699 3838 1767 3892 λα

208 3932 420 3986 πλεῖστα
446 3932 524 4001 τῷ
551 3929 654 4001 βίῳ
674 3933 766 3982 καί
791 3928 882 3982 διὰ
909 3928 978 3981 τὰ
1009 3928 1117 3981 τῶν
1149 3927 1472 3998 μηχανικῶν
1497 3927 1657 3999 ἔργα.

270 4113 363 4169 oa'.
395 4114 534 4185 Περὶ
561 4114 934 4182 Πλουτάρχου.

268 4206 362 4276 οβ’.
395 4205 612 4277 Θεωρία
640 4204 720 4267 είς
746 4205 807 4255 τὸ
832 4203 986 4269 ἔπος,
1022 4201 1106 4266 τὸ,
1155 4197 1314 4258 Λάϐε
1340 4201 1601 4266 βιώσας.

266 4367 374 4453 of.~
394 4385 458 4439 Ei
493 4376 864 4454 προόίσταται
891 4380 972 4452 τῷ
995 4382 1397 4451 Χριστιανικῶς
1427 4383 1528 4453 ζῇν
1571 4381 1634 4436 τὸ
1668 4399 1768 4452 με-

1869 3298 2009 3340 rata.

1938 3376 2028 3432 68.
2069 3378 2227 3446 Quod
2258 3382 2488 3438 omnino
2519 3397 2631 3438 non
2661 3393 2748 3439 est
2778 3383 2926 3439 inter
2953 3383 3208 3442 homines
3241 3388 3455 3444 animo-

1870 3485 1994 3524 rum
2024 3481 2081 3525 et
2109 3473 2438 3542 opinionum
2465 3475 2784 3530 concordia.

1885 3594 1887 3596 -
1943 3562 2032 3618 69:
2072 3562 2230 3630 Quod
2258 3567 2558 3635 plurimum
2584 3566 2841 3624 laborant
2866 3567 3120 3626 homines
3140 3571 3456 3640 affectibus,

1870 3669 1972 3710 nec
1997 3658 2131 3712 satis
2161 3668 2310 3713 recte
2335 3660 2544 3715 vident.

1940 3747 2028 3800 70.
2068 3746 2226 3814 Quod
2273 3765 2340 3805 ex
2390 3752 2771 3810 mathematica
2819 3763 2872 3809 et
2919 3760 3253 3826 geometrica
3301 3768 3456 3829 parte

1869 3837 2235 3909 philosophize
2268 3843 2537 3899 utilitates
2564 3845 2817 3914 plurima:
2847 3849 3167 3906 redundent
3198 3851 3253 3905 in
3285 3853 3455 3906 vitam

1869 3930 2166 3985 humanam
2191 3974 2205 3998 ,
2239 3941 2356 3986 tum
2386 3935 2528 3999 alias,
2556 3944 2676 3990 tum
2705 3953 2827 4009 quae
2855 3939 2912 3993 in
2946 3943 3210 4010 operibus
3238 3945 3459 3999 mecha-

1868 4024 2010 4078 nicis
2035 4026 2478 4094 conspiciuntur.

1941 4116 2030 4172 7i.
2071 4117 2147 4173 De
2180 4119 2494 4175 Plutarcho.

1940 4211 2030 4265 72.
2073 4211 2381 4281 Disputatio
2419 4212 2490 4270 de
2531 4213 2682 4272 dicto
2725 4234 2740 4272 :
2785 4217 2890 4284 Qui
2933 4221 3060 4276 bene
3104 4221 3284 4287 latuit,
3328 4222 3459 4277 bene

1867 4303 2016 4361 vixit.

1940 4396 2030 4452 75.
2069 4397 2212 4453 Num
2251 4398 2584 4457 Christiana:
2618 4403 2744 4458 vitm
2782 4415 3048 4476 repugnet
3084 4409 3272 4464 vivere
3310 4409 3456 4464 inter

209 4477 270 4529 τὰ
289 4477 494 4531 πολλῶν
522 4476 623 4547 ζῇν
661 4477 754 4529 καὶ
785 4477 844 4528 ὲν
895 4473 1115 4535 πολλοῖς
1149 4475 1442 4544 πράγμασι
1493 4475 1615 4546 ζῇν.
1642 4474 1767 4548 [Ἰδε

1907 4491 2078 4546 multos
2107 4499 2167 4546 et
2194 4494 2382 4550 multis
2413 4495 2754 4566 implicatum
2783 4473 2904 4554 esse
2926 4473 3189 4570 negotiis.
3260 4535 3264 4540 -

213 4571 264 4624 ει
301 4571 482 4625 omisit
523 4568 633 4640 BL]

267 4663 352 4716 06’.
385 4664 510 4716 Ὅτι
527 4662 590 4714 τὸ
620 4661 695 4732 μὴ
729 4659 867 4729 μετὰ
888 4658 1099 4712 πολλῶν
1127 4657 1276 4728 βιοῦν
1304 4659 1648 4729 πραγμάτων
1677 4661 1766 4712 εὐ-

212 4754 378 4808 κολίαν
408 4757 565 4824 φέρει
593 4756 673 4818 είς
700 4754 802 4822 τὴν
830 4753 1067 4824 τήρησιν
1096 4751 1204 4806 τῶν
1234 4751 1338 4820 τῆς
1366 4752 1764 4823 Χριστιανικῆς

211 4847 472 4914 εὐσεϐείας
503 4850 773 4919 νομίμων.

271 4941 356 4997 os’.
383 4943 505 4996 Ὅτι
549 4943 646 4996 καὶ
696 4944 810 5005 τοῖς
865 4940 1529 5012 ὲγκοινοπολιτευομένοις
1584 4941 1764 5004 ἔξεστι

215 5035 377 5098 καλῶς
409 5035 560 5107 βιοῦν
581 5039 650 5105 τῇ
673 5035 842 5106 ἀρετῇ
870 5037 966 5090 καὶ
992 5036 1107 5098 τοῖς
1129 5033 1233 5104 τῆς
1268 5033 1580 5097 θεοσεόείας
1608 5032 1767 5103 νομί-

219 5141 344 5191 μοις.

273 5215 370 5280 οξ.
407 5218 468 5270 Ei
517 5218 795 5288 γαμητέον
841 5216 1084 5292 ὲστὶνηῆ
1134 5217 1231 5286 μὴ,
1280 5216 1392 5280 τοῖς
1443 5215 1765 5287 ἐπιμέλειαν

217 5300 380 5374 ἔχουσι
404 5311 496 5361 καὶ
523 5308 786 5380 φροντίδα
810 5307 909 5378 τῆς
935 5304 1056 5360 κατ’
1093 5307 1294 5375 ἀρετὴν
1327 5305 1494 5375 ζωῆς.

273 5484 360 5550 oC'.
391 5487 512 5542 Ὀτι
545 5489 712 5544 παντὶ
736 5489 925 5560 τρόπῳ
957 5485 1037 5556 τῷ
1067 5483 1331 5556 πολιτικῷ
1375 5487 1762 5557 ἀντιποιητέον

213 5571 298 5641 τῆς
326 5577 563 5648 εἰρήνης.

271 5680 364 5735 οη.
390 5667 510 5722 Ὅτι
547 5670 644 5724 καὶ
690 5668 832 5741 πρὸς
859 5668 922 5724 τὸ
969 5668 1231 5740 πολεμεῖν
1271 5670 1760 5740 παρασκευαστέον

215 5755 278 5826 τῷ
300 5760 572 5834 πολιτικῷ.

1942 4667 2032 4722 74.
2074 4667 2234 4735 Quod
2264 4684 2374 4723 non
2405 4669 2596 4724 multis
2623 4669 2948 4741 impeditum
2975 4673 3164 4730 vivere
3191 4676 3455 4746 negotiis,

1869 4760 2175 4815 faciliorem
2211 4762 2405 4818 reddat
2431 4763 2762 4820 Christiana:
2792 4765 3016 4835 pietatis
3046 4781 3456 4841 praeceptorum

1869 4853 2337 4910 observationem.

1942 4947 2034 5003 75.
2072 4948 2228 5014 Quod
2268 4948 2438 5004 etiam
2478 4949 2876 5020 rempublicam
2910 4955 3232 5023 gerentibus
3267 4969 3324 5012 et
3360 4973 3458 5012 ne-

1867 5040 2012 5109 gotia
2044 5041 2170 5094 vitae
2202 5043 2526 5098 curantibus
2560 5044 2835 5114 integrum
2868 5059 2989 5112 est,
3023 5048 3250 5117 probam
3284 5051 3454 5107 vitam

1866 5129 2073 5186 ducere
2101 5133 2472 5212 virtutemque
2503 5149 2566 5189 ac
2595 5136 2814 5204 pietatis
2843 5137 3027 5194 colere
3058 5154 3348 5212 pracepta.

1940 5223 2027 5277 76.
2067 5224 2226 5287 {Num
2293 5207 2610 5297 coniugium
2653 5227 2955 5282 ineundum
2995 5230 3087 5295 sit,
3133 5247 3346 5298 necne,
3385 5237 3454 5292 iis

1865 5315 2068 5386 quibus
2102 5331 2248 5370 cum
2284 5317 2548 5386 cordique
2585 5328 2672 5373 est
2707 5320 3014 5375 secundum
3051 5321 3273 5400 girtutis
3313 5340 3457 5394 pra:-

1865 5408 2133 5477 scriptum
2166 5409 2375 5464 vivere.
2694 5458 2702 5466 .

1937 5499 2029 5555 77.
2067 5499 2222 5566 Quod
2256 5500 2404 5556 omni
2439 5501 2606 5557 modo
2638 5517 2743 5573 pax
2776 5504 3034 5560 sectanda
3063 5505 3137 5561 sit
3161 5507 3282 5562 viro
3311 5525 3456 5564 rem-

1865 5592 2142 5662 publicam
2174 5593 2408 5663 gerenti.

1865 5765 1900 5821 d
1941 5680 2028 5732 78.
2071 5679 2227 5745 Quod
2264 5681 2409 5737 idem
2444 5684 2612 5740 etiam
2647 5686 2714 5741 ad
2750 5686 2955 5743 bellum
2991 5689 3296 5747 instructus
3327 5708 3454 5748 esse

1905 5767 2083 5821 ebeat.

1905 5767 2083 5823 cheat.
