3880 6546
220 501 304 566 957
1650 508 1751 568 ΝΟ

1920 510 1982 569 Α.
3324 474 3446 562 953

220 605 262 670 ν’.
286 609 436 684 ηοι.].
476 611 689 667 Titulus
726 621 811 668 est
855 629 870 666 :
917 615 1211 685 Σύνταγμα
1257 613 1399 668 κατά
1431 616 1696 684 στοιχεῖον
1730 617 1844 668 τῶν
1881 611 2443 685 ἑμπεριειλημμένων
2479 609 2708 666 ἀπασῶν
2750 609 3062 666 ὑποθέσεων
3105 613 3218 675 τοῖς
3266 613 3430 681 ἱεροῖς

219 707 296 759 καὶ
350 703 511 766 θείοις
574 706 791 767 κανόσι,
856 707 1092 776 πονηϐἐν
1146 722 1205 759 τε
1253 706 1371 775 ἅμα
1418 707 1514 759 καὶ
1569 706 1832 759 συντεθὲν
1885 706 1963 775 τῷ
2017 707 2075 758 ὲν
2133 703 2511 775 ίερομονάχοις
2561 703 2833 773 ἐλαχίστῳ
2872 703 3139 773 Ματθαίῳ
3190 703 3268 775 τῷ
3298 705 3434 756 Βλα-

217 796 367 865 στὰρῃ
389 811 403 826 ο
434 795 729 865 Sgntagma
760 797 1166 865 alpliabeticum,
1199 815 1301 866 quo
1333 798 1429 851 sub
1469 797 1661 863 titulis,
1691 797 1993 851 litterarum
2016 798 2200 850 ordine
2240 796 2480 866 digestis,
2515 812 2598 850 res
2629 811 2832 860 omnes,
2871 811 2988 865 quin
3017 796 3072 848 in
3098 797 3266 849 sacris
3301 795 3422 848 diri-

223 889 386 956 nisque
415 888 1267 958 canonibuslcomprelienduutur,
1290 890 1504 944 collatis
1531 889 1693 944 etiam
1726 889 1924 958 legibus
1955 887 2210 953 civilibus,
2232 886 2503 955 (utAlexii
2523 887 2805 951 Comneni,
2824 902 2876 955 p.
2909 887 3011 942 125
3037 888 3102 957 (')
3123 903 3138 951 ;
3163 886 3434 940 Constan-

217 979 298 1032 tini
336 977 838 1048 Porphyrogenetaa,
864 997 916 1049 p.
949 981 1078 1046 252,
1106 982 1249 1049 258;
1285 980 1526 1046 Novella,
1568 996 1622 1050 p.
1651 979 1759 1047 98;
1798 991 1852 1036 et
1879 990 2024 1036 torno
2055 979 2291 1042 unionis,
2333 995 2386 1048 p.
2418 977 2524 1044 64;
2557 976 2755 1033 Leonis
2791 979 2944 1049 Sap.,
2990 995 3043 1049 p.
3092 979 3183 1042 54,
3222 978 3310 1041 52,
3341 977 3434 1040 6i,

215 1067 292 1130 62.
319 1068 402 1131 6i,
435 1067 520 1134 66,
554 1069 644 1135 75,
669 1070 806 1138 104ς
841 1070 1096 1140 lieraclii,
1121 1089 1174 1143 p.
1193 1074 1299 1139 98;
1330 1073 1594 1130 Manuelis
1619 1072 1904 1137 Comneni,
1929 1071 2080 1142 p.49,
2109 1071 2205 1126 101
2233 1088 2248 1137 ;
2279 1071 2600 1135 Andronici,
2628 1086 2681 1140 p.
2714 1071 2820 1126 258
2845 1088 2862 1139 ;
2898 1071 3094 1138 Alexii,
3119 1085 3172 1140 p.
3203 1070 3291 1134 76,
3319 1068 3430 1134 98;

215 1159 382 1214 lsaacii
416 1159 628 1229 Angeli,
660 1177 714 1232 p.
747 1161 808 1216 8|
835 1179 852 1229 ;
889 1174 943 1218 et
969 1163 1262 1220 Justiniani
1302 1164 1551 1234 passim),
1578 1164 1835 1227 exposita:
1876 1172 2023 1228 sunt,
2049 1179 2104 1233 p.
2143 1163 2330 1218 1-272.
2363 1163 2424 1217 ln
2451 1160 2775 1218 Prwiatione
2800 1162 3048 1232 pluribus
3070 1163 3287 1219 disserit
3317 1161 3434 1216 Bla-

215 1263 374 1326 slares
399 1251 464 1304 de
497 1252 718 1321 scriptis
746 1253 879 1324 ipsis
905 1264 959 1310 et
990 1256 1363 1323 scriptoribus,
1395 1271 1459 1311 ex
1491 1254 1686 1325 quibus
1713 1253 2008 1325 Syntagma
2033 1269 2193 1309 suum
2217 1254 2564 1310 concinnavit
2589 1272 2602 1309 :
2627 1254 2695 1308 de
2717 1256 3017 1309 ranonihus
3044 1256 3434 1324 apostolorum,

219 1343 278 1394 de
307 1341 503 1411 synodo
533 1340 968 1414 Carthaginiensi
998 1348 1099 1402 sub
1128 1347 1188 1404 S.
1222 1349 1513 1420 Cypriane,
1536 1347 1603 1403 de
1636 1347 1894 1418 Dionysio
1912 1348 2073 1403 Alex.
2105 1345 2259 1414 cujus
2289 1347 2573 1417 epistolam
2612 1345 2679 1401 ad
2715 1344 2983 1401 Novatum
3012 1347 3197 1416 presb.
3235 1346 3436 1402 Roma-

221 1449 336 1486 num
391 1432 586 1500 affert;
647 1435 714 1490 de
790 1439 998 1508 synodo
1035 1441 1397 1507 Antiochena,
1451 1441 1521 1495 de
1579 1439 1725 1496 Petri
1765 1439 1923 1494 Alex.
1963 1438 2300 1505 canonihus;
2373 1437 2442 1493 de
2513 1439 2736 1507 synodis
2779 1437 3089 1509 Ancyram,
3154 1439 3440 1494 Neocaesa-

215 1525 385 1589 riensi,
411 1525 649 1594 Nicaea,
673 1530 1014 1588 Antiochena
1055 1536 1328 1602 secunda,
1351 1536 1683 1602 Sardicensi,
1721 1534 2052 1601 Laodicena;
2085 1534 2154 1590 de
2188 1535 2488 1590 canonibus
2527 1534 2626 1590 SS.
2668 1535 2978 1600 Athanasii,
3016 1537 3197 1590 Basilii
3234 1537 3435 1606 Magni,

214 1616 438 1686 Gregorii
466 1617 730 1690 Nysseni;
769 1623 836 1679 de
867 1627 1070 1695 synodo
1102 1625 1404 1698 Gangrensi
1442 1637 1493 1684 et
1520 1627 1626 1684 (ΖΡ.
1653 1629 1770 1684 sive
1809 1627 2040 1683 secunda
2076 1627 2448 1692 mcumenica;
2493 1630 2559 1681 de
2603 1628 2906 1682 canonihus
2950 1628 3047 1684 SS.
3082 1627 3347 1683 Timothei
3383 1642 3438 1683 et

215 1710 381 1777 t‘yrilli
402 1711 934 1786 Alexandrinorum;
965 1719 1034 1774 de
1061 1721 1270 1791 synodo
1297 1719 1564 1791 Ephesina
1594 1721 1714 1777 sive
1741 1719 2078 1776 meumenica
2106 1719 2284 1785 tertia,
2314 1735 2526 1774 necnon
2557 1718 3018 1790 Carthaginiensi,
3055 1731 3110 1775 et
3135 1719 3438 1777 Chalcedo-

217 1803 352 1856 nensi
381 1803 492 1858 sive
530 1807 867 1862 meumenica
895 1821 1149 1879 quarta;
1180 1814 1246 1866 de
1285 1813 1346 1868 S.
1382 1811 1661 1869 Gennadio
1693 1813 1824 1878 th.,
1859 1813 1927 1867 de
1963 1811 2172 1882 synodo
2210 1813 2549 1868 tecumenica
2584 1814 2796 1881 quinta,
2843 1823 3126 1881 sexlaque,
3175 1829 3274 1870 nec
3326 1829 3434 1868 non

214 1894 499 1960 quinisexta
535 1896 590 1951 in
625 1897 848 1966 Trullo;
880 1902 947 1956 de
974 1903 1178 1968 synodo
1208 1904 1437 1973 septima
1472 1905 1810 1960 (neumenica
1830 1905 1946 1960 sive
1973 1903 2188 1958 Nicazna
2213 1904 2452 1959 secunda
2478 1922 2492 1970 ;
2524 1903 2592 1958 de
2624 1904 2682 1958 S.
2711 1905 2938 1959 Tarasio
2972 1904 3104 1969 CP.,
3136 1905 3204 1960 de
3230 1905 3436 1975 synodo

217 1986 610 2053 primosecunda
647 1987 789 2057 CP.;
831 1992 898 2046 de
955 1994 1164 2064 synodo
1196 1996 1298 2050 sub
1327 1995 1553 2062 Photio;
1582 2007 1640 2052 et
1671 1999 1738 2051 de
1759 1995 2012 2051 civilibus
2051 1995 2260 2064 legibus
2291 2010 2587 2064 eorumque
2614 1996 2823 2066 origine
2853 2004 2906 2050 et
2933 1997 3338 2052 constitutione.
3381 1996 3438 2049 In

217 2088 361 2142 opere
393 2076 508 2147 ipso
550 2079 692 2134 inter
730 2082 833 2136 alia
866 2084 1231 2142 dehaareticis
1265 2103 1318 2157 p.
1361 2087 1511 2156 7-17,
1545 2088 1853 2144 disseritur.
1885 2087 2152 2142 Praeterea
2190 2087 2425 2142 citantur
2457 2090 2779 2156 quandoque
2812 2091 2980 2143 etiam
3028 2089 3325 2155 scriptores
3350 2088 3438 2143 alii

221 2178 397 2235 prater
423 2170 535 2232 jam
566 2173 898 2241 nominatos,
933 2185 991 2230 ut
1022 2176 1309 2245 lloinerus,
1345 2195 1399 2249 p.
1427 2180 1532 2247 47;
1561 2179 1833 2252 .losephus
1855 2188 1907 2235 et
1933 2178 2110 2242 Philo.
2145 2195 2199 2248 p.
2231 2179 2328 2233 201
2364 2197 2379 2246 ;
2411 2178 2642 2252 Isidorus
2667 2180 2874 2242 Pelus.,
2899 2195 2952 2248 p.
2983 2181 3090 2235 255
3117 2197 3134 2246 ;
3184 2179 3437 2246 Photius,

223 2260 513 2325 patriarcha
538 2274 593 2317 et
625 2264 943 2324 Theodorus
969 2269 1203 2336 Studita,
1229 2287 1281 2340 p.
1311 2273 1447 2339 109;
1474 2272 1795 2328 Theodorus
1817 2273 1970 2338 Tiro,
1999 2273 2066 2327 de
2089 2271 2349 2326 miraculo
2370 2271 2667 2335 κολλύϐων,
2700 2287 2752 2340 p.
2777 2271 2915 2336 240;
2948 2270 3209 2337 Zonaras,
3234 2288 3286 2342 p.
3316 2273 3439 2339 1M,

216 2351 342 2416 254;
368 2351 675 2423 Balsamon,
707 2374 762 2429 p.
796 2360 888 2428 56,
921 2361 1010 2426 76,
1053 2363 1148 2430 77;
1184 2363 1390 2419 Eccles.
1433 2364 1604 2432 Hist.,
1639 2381 1692 2434 p.
1728 2366 1873 2433 158;
1909 2365 2354 2434 Chrysostomus,
2396 2380 2450 2434 p.
2480 2363 2621 2428 2‘52;
2673 2363 2710 2415 ll
2756 2365 2822 2417 ad
2866 2351 3207 2418 Theodorum
3253 2364 3438 2432 epist.,

221 2445 420 2512 p.195;
453 2447 506 2502 in
533 2449 868 2517 Matlliaaum,
901 2470 954 2524 p.
992 2455 1116 2517 152,
1141 2456 1286 2522 218;
1323 2457 1542 2512 ltomilia
1573 2457 1664 2520 2i.
1700 2459 1834 2527 Περὶ
1861 2458 2220 2526 ἀνδριάντων,
2248 2466 2303 2512 et
2333 2457 2366 2512 6
2401 2457 2604 2511 Contra
2631 2456 2870 2519 Judmos,
2901 2472 2956 2522 p.
2988 2457 3126 2519 H5;
3161 2456 3203 2508 ll
3233 2457 3301 2510 de
3351 2469 3443 2511 sa-

220 2536 439 2594 cerdotio
473 2556 526 2609 p.
559 2541 684 2606 179,
715 2542 768 2596 in
799 2545 929 2600 Acta
961 2562 1013 2615 p.
1042 2547 1131 2614 95,
1163 2550 1216 2601 in
1247 2549 1419 2617 Epist.
1456 2552 1523 2605 ad
1559 2550 1752 2605 Thess:

1943 2551 2067 2616 111,
2111 2548 2409 2619 Gregorius
2452 2547 2612 2616 Naz.,
2661 2563 2714 2618 p.
2754 2549 2846 2615 65,
2889 2548 2974 2614 71,
3020 2547 3158 2612 106;
3204 2547 3439 2618 Cyrillns

222 2627 358 2682 Alex.
394 2630 445 2684 in
498 2632 718 2700 lsaiam,
760 2651 813 2703 p.
847 2637 990 2704 H2;
1023 2638 1383 2706 Paphnutius,
1437 2643 1491 2696 in
1531 2643 1754 2698 concilio

1908 2679 1946 2704 .,
1995 2658 2047 2710 p.
2089 2642 2191 2707 60;
2243 2650 2415 2710 poetae
2466 2641 2669 2695 dictum
2718 2639 2936 2708 γυναιξὶ
2983 2639 3188 2708 κόσμον
3233 2641 3268 2709 ἡ
3311 2639 3440 2708 σιγὴ

224 2719 384 2790 φέρει,
417 2736 472 2792 p.
504 2724 602 2789 85;
626 2725 910 2785 Chunmus
943 2731 1466 2800 Thessalonicensis,
1491 2751 1544 2804 p.
1576 2735 1666 2797 48,
1704 2736 1802 2800 Si;
1827 2733 1911 2790 Jo.
1944 2733 2250 2797 Nesteutes,
2279 2749 2334 2804 p.
2366 2734 2458 2798 55,
2493 2733 2626 2799 ιδις
2656 2733 2983 2802 patriarchae
3015 2731 3124 2787 ΟΡ.
3155 2731 3354 2795 Lucas,
3384 2744 3438 2798 ρ.

225 2811 304 2877 46,
347 2813 434 2880 99,
468 2816 590 2883 166,
620 2819 757 2884 178;
788 2819 1068 2888 Nicolaus,
1116 2841 1169 2893 p.
1212 2826 1304 2893 49,
1329 2825 1470 2893 269;
1503 2827 1855 2892 Chliarenus,
1899 2842 1951 2897 p.
1996 2826 2130 2892 172;
2165 2825 2274 2881 Leo
2303 2825 2490 2896 Stypa,
2542 2841 2595 2894 p.
2639 2823 2746 2890 50,
2787 2823 2888 2889 5i;
2937 2821 3178 2886 Alexius,
3210 2836 3264 2890 p.
3291 2820 3438 2886 2'52;

221 2907 550 2979 Athanasius,
571 2928 626 2982 p.
656 2914 800 2981 258;
834 2916 1086 2984 Michael,
1114 2935 1165 2989 p.
1195 2920 1323 2988 26b,
1349 2922 1490 2989 269;
1515 2921 1850 2988 Theodotus,
1873 2937 1928 2992 p.
1958 2922 2045 2976 72.
2065 2922 2182 2976 Non
2213 2921 2329 2978 sine
2360 2921 2519 2974 laude
2547 2920 2734 2986 etiam,
2760 2934 2811 2988 p.
2837 2919 2928 2984 57,
2955 2917 3196 2972 meminit
3219 2916 3444 2985 Symeo-

223 2999 298 3055 nis
324 3000 699 3073 Metaplirastte
731 3009 815 3063 his
860 2995 1040 3066 verbis
1071 3029 1087 3069 :
1119 3013 1292 3066 libanu
1321 3014 1504 3067 τοίνυν
1533 3014 1683 3081 ἄξιον
1713 3013 1755 3071 ἂ⁴

1935 3013 2292 3086 μακαρισμοῦ
2329 3014 2356 3066 δ
2383 3011 2686 3081 θαυμάσιος
2727 3008 2954 3081 Συμεὼν
3000 3011 3027 3063 ό
3064 3009 3126 3062 τὸ
3158 3007 3440 3061 καλεῖσθαι

220 3095 604 3171 Μεταφραστὴς
639 3103 1007 3175 διαφερόντως
1052 3107 1164 3162 τῶν
1203 3109 1380 3164 ἄλλων
1420 3111 1892 3181 ἀπενεγκάμενος,
1924 3110 1952 3163 ὁ
1987 3113 2052 3182 τῇ
2096 3108 2317 3179 ἐπινοίᾳ
2352 3107 2449 3162 τοῦ
2487 3107 2646 3176 ἁγίου
2681 3108 3006 3175 Πνεῦματος
3035 3104 3107 3158 τὰ
3133 3104 3244 3157 τῶν
3271 3103 3444 3171 ἁγίων

227 3190 504 3262 μαρτύρων
531 3194 673 3265 ὑπὲρ
695 3197 956 3269 ἀληθείας
982 3201 1286 3272 σκάμματα
1317 3203 1535 3267 πολλοῖς
1557 3202 1742 3275 ἱδρῶσι
1769 3203 1866 3256 καὶ
1892 3202 2079 3264 πόνοις
2102 3200 2582 3272 συγγραψάμενος,
2607 3202 2701 3254 καὶ
2723 3200 2951 3270 δυνάμει
2976 3197 3138 3263 λόγου
3161 3195 3258 3250 καὶ
3278 3194 3444 3265 σοφίᾳ

225 3280 473 3348 καλλύνας
497 3286 580 3350 είς
607 3286 780 3359 ὕμνον
808 3290 903 3343 τοῦ
934 3291 1141 3365 Κυρίου
1164 3294 1324 3364 ήμῶν
1363 3294 1541 3366 Ἰησοῦ
1571 3294 1832 3366 Χριστοῦ,
1861 3295 1957 3349 καὶ
1981 3293 2141 3360 δόξαν
2171 3293 2583 3358 διαιωνίζουσαν
2613 3293 2721 3345 τῶν
2745 3292 2886 3362 ὑπὲρ
2909 3290 3080 3344 αὐτοῦ
3114 3285 3442 3358 ἠγωνισμέ-

226 3388 318 3427 ιων
350 3376 517 3444 ἁγίων
549 3381 860 3452 μαρτύρων,
884 3383 978 3436 καὶ
1009 3385 1120 3438 πᾶν
1147 3385 1404 3451 δυσσεϐὲς
1453 3387 1779 3460 ἀπορράψας
1827 3388 2023 3458 στόμα,
2057 3386 2152 3440 καὶ
2192 3384 2316 3456 μηδ’
2346 3383 2628 3456 ἡντιναοῦν
2667 3384 2941 3454 πρόφασιν
2975 3378 3303 3452 ἀμφιϐολίας
3330 3378 3445 3439 τοῖς

226 3463 452 3521 εὐσεϐέσι
476 3471 790 3524 καταλιπών
815 3489 830 3505 ο
865 3475 1094 3540 Quanta:
1123 3477 1286 3546 igitur
1312 3478 1580 3534 beatitatis
1607 3481 1987 3549 pradicatione
2017 3480 2205 3550 dignus
2237 3487 2313 3533 est
2346 3477 2698 3531 admirandus
2729 3477 2817 3531 ille
2852 3474 3100 3546 Symeon,
3133 3473 3226 3543 qui
3267 3467 3444 3523 Heta-

228 3555 443 3620 phrastes
472 3561 581 3615 dici
616 3565 819 3634 egregie
861 3583 971 3633 pra:
1003 3569 1126 3623 aliis
1150 3571 1363 3636 meruit,
1399 3573 1490 3642 qui
1520 3576 1691 3628 sancti
1723 3573 1956 3642 Spiritus
1997 3573 2366 3642 inspiratione,
2397 3583 2700 3626 sanctorum
2749 3579 3046 3639 martyrum
3092 3581 3188 3636 pro
3225 3566 3445 3620 veritate

225 3651 493 3704 certamina
520 3669 627 3707 non
657 3656 772 3708 sine
798 3658 978 3712 multis
1001 3661 1282 3716 sudoribus
1311 3673 1362 3718 et
1383 3665 1656 3718 laboribus
1683 3666 2014 3736 conscripsit,
2051 3675 2100 3721 et
2135 3682 2373 3731 nervose,
2401 3667 2722 3735 eloquenter,
2751 3663 3115 3732 sapienterque
3145 3655 3443 3720 exornavit,

229 3740 288 3792 ad
322 3741 524 3799 laudem
575 3747 786 3802 Domini
829 3754 996 3806 nostri
1041 3753 1171 3809 Iesu
1212 3755 1434 3823 Christi,
1464 3767 1514 3811 et
1543 3769 1847 3814 sanctorum
1872 3771 2188 3829 martyrum,
2218 3760 2306 3830 qui
2331 3775 2426 3829 pro
2457 3774 2516 3812 eo
2542 3757 2830 3812 certamina
2870 3755 3133 3814 obierunt,
3167 3765 3446 3822 perennem

228 3831 430 3896 gloriam
459 3851 478 3890 :
507 3839 698 3906 quique
722 3857 872 3897 omne
900 3860 958 3899 os
981 3845 1201 3914 impium
1225 3849 1514 3916 obturavit,
1539 3859 1590 3904 et
1616 3851 1718 3918 piis
1743 3850 1946 3904 nullum
1967 3851 2179 3904 omnino
2197 3848 2472 3904 dubitandi
2500 3857 2813 3917 prwtextum
2835 3845 3070 3915 reliquit.
3098 3845 3333 3898 Secutus
3362 3851 3447 3896 est

230 3923 478 3983 Blastares
508 3930 912 4003 Balsamonem,
944 3938 1096 4005 cujus
1125 3940 1237 3995 hate
1263 3950 1390 3996 sunt
1414 3943 1480 3995 ad
1511 3957 1632 3996 can.
1672 3942 1742 3998 65

1913 3938 2044 3996 lam;
2081 3943 2259 4012 Χάρις
2288 3940 2368 4010 τῷ
2396 3939 2676 4011 μακαρίτῃ
2707 3937 3081 4005 Μεταφραστῇ
3099 3933 3179 4004 τῷ
3205 3933 3273 3986 τὰ
3307 3949 3445 4002 μαρ-

227 4017 406 4082 τυρικά
429 4019 571 4092 ὑπὲρ
599 4023 702 4093 τῆς
731 4027 993 4096 ἀληθείας
1019 4030 1326 4103 σκάμματα
1353 4033 1570 4098 πολλοῖς
1602 4032 1788 4096 πόνοις
1819 4033 1916 4086 καὶ¹
1951 4033 2138 4104 ἱδρῶσι
2169 4031 2642 4088 κατακαλλῦναντι
2673 4031 2754 4090 είς
2783 4029 2954 4100 ῦμνον
2986 4025 3124 4082 Θεοῦ
3161 4027 3258 4079 καὶ
3286 4024 3446 4089 δόξαν

229 4105 574 4258 αἰωνὶζοέσαν
601 4117 713 4264 cf:
743 4118 938 4186 ἀγίων.
963 4119 1225 4181 Addenda
1245 4127 1361 4182 haec
1383 4127 1509 4182 aliis
1524 4127 1755 4184 aliorum
1785 4127 1853 4182 de
1877 4125 2245 4196 Metaphraste
2264 4125 2616 4192 testimoniis,
2642 4139 2762 4195 qua:
2784 4123 2940 4178 attuli
2971 4122 3080 4178 vol.
3103 4117 3242 4188 Vlll,
3263 4133 3318 4189 p.
3343 4118 3443 4182 29;

229 4214 256 4253 c
300 4213 360 4255 vo
386 4244 400 4258 .
487 4245 503 4264 .
531 4222 585 4264 ι).
694 4211 728 4264 0
761 4226 877 4264 seu.

229 4211 276 4253 ct
300 4211 400 4258 vol.
438 4211 503 4271 Χ,
530 4222 585 4277 p.
623 4211 728 4264 180
761 4226 877 4283 seq.

281 4405 338 4470 Γ)
361 4410 564 4472 t'aginas
595 4409 823 4474 intelligo
853 4411 1088 4464 editionis
1111 4413 1374 4482 Beveregii
1397 4431 1518 4480 quas
1549 4417 1770 4470 numeris
1799 4416 2142 4483 grandioribus
2164 4417 2214 4468 in
2239 4422 2380 4469 textu
2404 4417 2579 4468 Latino
2600 4413 2955 4478 expressimus.
