3880 6550
453 332 561 395 96}

1633 321 2001 384 ΜΑΤΤΗίΕΙ
2044 320 2460 384 BLASTARIS

3575 330 3674 397 εει

448 443 670 498 coalitus
719 441 948 498 demissa
986 441 1223 496 Ecclesia
1275 439 1550 508 hucusque
1587 435 1748 489 etiam
1807 443 2028 486 venera-

2135 431 2338 499 ἀνδρῶν
2385 434 2539 500 ἔνιοι,
2585 432 2661 490 ὧν
2701 440 2727 492 ὁ
2773 437 2979 507 μεταξὺ
3016 437 3204 509 χρόνος
3250 439 3311 490 τὸ
3354 437 3550 508 περιὸν
3581 441 3676 494 οὒκ

451 542 561 596 tur.
586 544 638 587 et
670 548 772 586 non
808 533 1004 587 minori
1058 548 1215 600 quam
1263 531 1443 586 divina
1497 524 1785 595 Evangelia
1820 523 2024 575 honore

455 627 825 694 prosequitur,
879 627 1076 693 quippe
1105 623 1247 693 quod
1292 623 1406 675 haec
1433 619 1598 674 etiam
1629 629 1817 671 eorum
1848 613 2026 665 fontes

453 729 640 768 revera
686 729 748 768 ac
805 715 1015 769 radices
1045 713 1280 767 fuerunt.
1313 709 1453 775 Quin
1480 707 1640 762 etiam
1694 713 2026 773 quacunque

455 823 731 862 sacrorum
767 806 1010 863 nonnulli
1042 806 1342 869 hominum,
1373 817 1599 872 quorum
1635 797 1850 852 virtutis
1895 808 2028 864 pra:-

457 900 717 952 stantiam
751 907 964 967 tempus
995 895 1373 950 intermedium
1400 892 1672 946 occultare
1693 902 1798 941 non
1831 885 2024 954 potuit,

456 987 512 1042 in
553 988 794 1056 epistolis
827 988 894 1042 ad
940 985 1254 1056 quaestionis
1299 996 1354 1037 et
1403 978 1766 1050 responsionis
1814 977 2025 1028 modum

457 1081 776 1149 compositis
807 1080 894 1149 pie
913 1077 1334 1147 pronuntiarunt
1362 1073 1585 1129 canonis
1618 1082 1728 1138 pra:
1759 1081 1821 1121 se
1851 1066 2030 1120 feren-

462 1171 534 1224 tia
572 1181 755 1240 typum
783 1209 798 1234 ,
831 1180 1086 1238 tanquam
1147 1180 1386 1223 canones
1412 1160 1650 1217 Ecclesia
1693 1157 1943 1219 admisit,
1973 1162 2030 1208 et

460 1265 734 1331 praedictis
789 1262 1120 1333 synndorum
1156 1256 1452 1313 canonibus
1501 1251 1692 1307 merito
1718 1245 2026 1302 connexuit.

461 1354 608 1409 Bene
678 1355 878 1408 etenim
938 1352 1168 1422 magnis,
1240 1347 1436 1404 Basilio
1474 1341 1922 1415 praestantissimo
1975 1347 2030 1394 et

463 1445 725 1513 Gregorio
757 1443 1026 1512 ‘l‘beologo
1047 1441 1300 1510 placitum
1347 1448 1448 1504 est,
1485 1450 1580 1492 eos
1630 1431 2029 1487 ecclesiasticos

463 1537 722 1592 dicendos
769 1549 895 1589 esse
930 1545 1090 1604 atque
1143 1532 1442 1587 censendos
1470 1541 1721 1585 canones.
1754 1538 1858 1578 non
1891 1537 2030 1592 quos

462 1644 562 1684 suo
593 1629 864 1699 quispiam
903 1627 1147 1690 arbitrio,
1172 1625 1266 1679 sed
1297 1637 1432 1693 quos
1492 1620 1673 1691 plures
1702 1617 1874 1674 sancti
1933 1614 2032 1668 Pa-

470 1731 584 1776 trcs
619 1722 807 1775 eodem
851 1720 906 1773 in
947 1719 1064 1773 loco
1094 1715 1404 1787 congregati
1437 1711 1708 1769 communi
1760 1707 2028 1764 sententia

463 1822 517 1864 et
556 1810 788 1864 sollicita
829 1824 1008 1863 rerum
1052 1807 1428 1876 disquisitione
1478 1802 1900 1859 constituerunt.
1926 1799 2030 1854 Ve-

465 1911 770 1960 rumtancn
811 1900 1008 1954 idcirco
1033 1899 1177 1968 quod
1206 1897 1295 1966 qui
1343 1897 1456 1952 haec
1502 1897 1856 1965 scripserunt,
1910 1900 2028 1945 tan-

464 2007 623 2063 quam
659 1992 834 2045 sidera
873 2005 1086 2060 semper
1125 1988 1465 2052 eﬂ'ulserunt,
1515 1994 1572 2042 et
1600 1983 1848 2056 plurimis
1897 1995 2026 2037 cono

464 2086 602 2140 stitit
652 2081 976 2139 testimoniis
1038 2083 1154 2136 ιιαιο
1210 2081 1326 2136 sine
1371 2079 1623 2134 diviniori
1682 2076 2030 2146 inspiratione

469 2175 884 2242 haudquaquam
909 2170 1199 2226 constituta
1240 2183 1383 2232 esse,
1411 2167 1742 2237 synodorum
1795 2161 2028 2218 decretis

467 2265 637 2320 nihilo
661 2265 1029 2327 dissentanea,
1055 2262 1148 2317 sed
1176 2260 1430 2330 subjectae
1455 2257 1698 2313 materias
1719 2255 2026 2310 alIinitatem

467 2355 655 2426 procul
673 2356 1030 2418 ostendentia,
1065 2355 1177 2408 haec
1206 2355 1370 2408 etiam
1403 2365 1588 2406 sacros
1623 2349 1764 2404 inter
1794 2360 2045 2402 canones

472 2457 847 2502 recensentur.
890 2444 1052 2500 llisce
1088 2443 1253 2515 igitur
1283 2457 1495 2512 semper
1525 2439 1836 2496 incumbere
1859 2435 2030 2505 pieta-

469 2538 541 2593 tis
585 2538 833 2591 alumnos
865 2536 1038 2600 decet,
1072 2544 1127 2588 et
1159 2534 1477 2602 irrequietos
1523 2529 1715 2584 anima:
1765 2535 1942 2582 motus
1967 2524 2032 2579 iis

469 2629 698 2698 illigare,
750 2638 806 2684 et
855 2642 956 2682 nec
1007 2626 1290 2680 minimum
1337 2623 1385 2677 ei
1440 2620 1699 2690 temporis
1745 2616 2030 2673 articulum

471 2718 772 2774 concedere
827 2731 934 2785 quo
979 2715 1228 2784 genuinis
1273 2711 1610 2782 dogmatibus
1661 2708 1933 2764 derelictis
1964 2706 2030 2760 ad

472 2808 774 2863 adulterina
817 2807 1100 2862 delabatur
1131 2821 1149 2859 :
1177 2803 1253 2858 ita
1284 2808 1425 2858 enim
1456 2800 1635 2856 verbis
1673 2799 2032 2869 operibusque

470 2901 625 2955 bonis
656 2900 727 2953 ita
759 2907 1019 2968 perpetuo
1049 2905 1321 2966 occupatae
1344 2911 1411 2950 ex
1450 2895 1577 2962 ipsis
1608 2894 1768 2946 etiam
1796 2891 2036 2946 somnio-

473 3007 588 3044 tum
633 2990 933 3044 visionibus
987 2988 1196 3044 divinas
1241 2987 1438 3042 habere
1479 2983 1882 3053 itnaginationes
1937 2980 2035 3034 ob~

472 3082 669 3136 \eniet.
701 3080 806 3135 Per
840 3081 1001 3135 hosce
1032 3081 1200 3144 enim,
1240 3086 1499 3146 quantum
1522 3079 1588 3131 ad
1628 3075 1877 3145 dogmata
1903 3075 2033 3128 atti-

471 3184 587 3238 net,
651 3184 855 3227 rectum
920 3172 987 3225 ab
1020 3171 1258 3241 obliquo,
1321 3179 1374 3223 et
1415 3169 1706 3236 genuinqu
1779 3180 1809 3220 a
1864 3165 2034 3220 notho

471 3263 779 3317 accuratius
821 3278 980 3331 quam
1012 3276 1108 3331 per
1137 3259 1364 3330 Lydium
1398 3271 1770 3326 quemcunque
1803 3255 2033 3324 lapidem

468 3355 814 3424 diiudicatur.
845 3355 912 3410 lli
937 3354 1168 3409 dominis
1219 3353 1365 3421 leges
1398 3349 1576 3404 lerunt
1603 3357 1658 3404 et
1684 3349 1892 3414 servis;
1922 3363 2037 3401 nta-

471 3448 790 3515 gistratibus
823 3455 880 3499 et
911 3443 1185 3513 subjectis;
1229 3441 1541 3511 parentibus
1572 3450 1626 3494 et
1653 3440 1868 3505 liberis;
1905 3439 2037 3493 viris

471 3547 526 3591 et
546 3536 896 3600 mulieribus;
926 3534 1274 3588 matrimonio
1304 3543 1358 3586 et
1381 3532 1669 3598 cmlibatui;
1694 3532 2038 3588 abstinentia:

471 3637 527 3680 et
557 3625 744 3691 victui;
803 3623 1083 3692 sapientiae
1135 3632 1193 3676 et
1249 3621 1587 3691 ignorantiae.
1638 3621 1906 3677 Praeterea
1979 3619 2033 3676 bi

471 3717 638 3770 ctiam
714 3716 1074 3785 imperatores
1141 3716 1382 3767 omnium
1459 3714 1696 3768 maxime
1773 3712 2038 3768 honorare

467 3807 745 3878 jubentes,
784 3806 900 3875 plus
933 3819 1119 3860 rursus
1143 3818 1303 3873 quam
1337 3819 1432 3874 par
1457 3811 1562 3870 est,
1611 3802 2038 3874 imprudentibus

472 3912 662 3952 eorum
697 3895 965 3950 mandatis
997 3909 1056 3949 se
1089 3895 1403 3949 submittere
1438 3903 1626 3947 natura
1675 3907 1782 3948 non
1823 3907 2039 3962 compac

475 3999 683 4055 rantur,
738 3985 907 4040 multo
960 3996 1134 4037 autem
1191 3983 1366 4036 minus
1390 3982 1701 4038 inferiorum
1749 3982 2037 4050 magistra-

473 4090 655 4144 tuum,
726 4078 810 4130 vel
887 4074 1211 4128 exercitibus
1267 4072 1666 4144 praefectorum.
1745 4072 2037 4127 Plurimum

470 4169 615 4226 cutim
641 4183 826 4223 eorum
861 4167 1097 4220 studium
1127 4165 1267 4220 circa
1318 4168 1522 4234 regium
1567 4164 1819 4219 Ecclesia:
1857 4181 2036 4219 sacer-

471 4259 678 4313 dotium
737 4267 981 4310 versatur
1016 4273 1030 4309 :
1064 4267 1121 4309 ut
1169 4272 1274 4309 non
1333 4255 1534 4325 indigni
1583 4255 1693 4309 Deo
1752 4257 2038 4325 apprOpin-

473 4359 676 4419 quante
701 4347 983 4402 videantur
1028 4348 1120 4415 qui
1153 4348 1200 4400 ei
1228 4348 1662 4416 appropinquare
1689 4347 1863 4399 sortiti
1891 4355 2036 4410 sunt,

2129 523 2318 592 ῑσχυσε
2347 525 2555 594 κρύψαι
2588 527 2689 596 τῆς
2720 528 2945 597 ἀρετῆς,
2971 532 3028 582 ἐν
3052 529 3384 592 ἐπιστολαῖς,
3415 529 3524 599 ἰδία
3550 534 3678 584 κατά

2127 613 2322 667 πεῦσιν
2352 617 2449 669 καὶ
2493 617 2786 686 ἀπόκρισιν
2818 618 3212 684 συντεθείσαις,
3250 618 3499 681 εὐσεϐῶς
3541 621 3681 690 είρη·

2126 723 2280 776 κασι,
2304 708 2530 772 κανόνος
2556 708 2790 779 φέροντα
2814 710 3006 774 τύπον,
3029 711 3104 772 ὡς
3127 711 3354 774 κανόνας
3378 713 3412 779 ἠ
3457 709 3680 780 Ἐκκλη·

2128 798 2219 851 σία
2247 798 2488 865 ἐδέξατο,
2531 802 2627 856 καὶ
2666 804 2782 866 τοῖς
2834 803 3166 874 προλαϐοῦσι
3210 802 3318 856 τῶν
3359 802 3599 854 συνόδων
3626 796 3678 856 εῦ

2131 893 2276 961 μάλα
2299 895 2663 964 συνήρμοσεν.
2695 895 2758 948 Ei
2799 896 2909 965 γὰρ
2949 897 3044 950 καὶ
3082 897 3196 957 τοῖς
3236 894 3502 964 μεγάλοις
3530 895 3684 947 Βασι-

2127 981 2258 1051 λείῳ
2297 983 2375 1052 τῷ
2419 983 2562 1036 πάνυ
2584 1023 2600 1048 ,
2659 987 2755 1037 καὶ
2809 985 3097 1056 Γρηγορίῳ
3136 984 3216 1054 τῷ
3245 984 3503 1054 Θεολόγῳ
3550 984 3685 1037 δοκεῖ

2128 1078 2325 1146 χρῆναι
2355 1078 2583 1138 κανόνας
2621 1077 3114 1144 ἐκκλησιαστικοὺς
3148 1075 3392 1138 ἐκείνους
3419 1075 3604 1143 λέγειν
3629 1093 3682 1128 τε

2127 1166 2225 1218 καὶ
2254 1165 2518 1234 νομίζειν,
2543 1164 2642 1226 οὓς
2670 1165 2730 1218 ού
2763 1164 2886 1218 καθ’
2922 1166 3117 1216 ἑαυτόν
3154 1179 3258 1226 τις,
3295 1164 3434 1218 ἀλλὰ
3469 1163 3683 1226 πλείους

2129 1257 2278 1324 ἅγιοι
2309 1257 2554 1326 Πατέρες
2581 1257 2658 1316 είς
2683 1256 2847 1308 ταυτὸ
2869 1256 3163 1316 συνιόντες,
3192 1259 3347 1325 κοινῇ
3375 1254 3573 1325 γνώμῃ
3598 1256 3685 1308 καὶ

2133 1348 2594 1420 μεμεριμνημένῃ
2625 1347 2848 1416 βασάνῳ
2884 1345 3216 1411 διετάξαντο,
3236 1347 3378 1399 ἀλλά
3397 1363 3462 1414 γε
3497 1345 3578 1414 τῷ
3603 1345 3684 1399 διά

2129 1440 2351 1493 πάντων
2377 1438 2672 1507 ἐκλάμψαι,
2697 1439 2792 1492 καὶ
2814 1438 2940 1500 τοὺς
2962 1437 3138 1491 ταῦτα
3160 1436 3481 1508 γράψαντας
3506 1435 3685 1505 ῶσπερ

2129 1531 2388 1599 ἀστέρας,
2423 1531 2516 1582 καὶ
2551 1531 2629 1600 τῷ
2659 1529 2875 1594 πολλοῖς
2908 1528 3233 1601 μαρτυρίοις
3258 1528 3684 1597 ἐπιγνωσθῆναι,

2134 1622 2210 1690 μὴ
2243 1621 2523 1689 θειοτέρας
2552 1619 2722 1690 χωρὶς
2752 1620 3044 1683 ἐπιπνοίας
3071 1620 3249 1674 ταῦτα
3281 1619 3684 1688 συντεταχέναι,

2130 1714 2337 1784 ἣκιστα
2363 1713 2485 1774 ταῖς
2505 1709 2616 1765 τῶν
2653 1712 2892 1768 συνόδων
2919 1713 3217 1783 ζητήσεσιν
3247 1711 3685 1782 άπεμφαίνοντα,

2133 1803 2270 1858 ἀλλά
2295 1802 2357 1856 τὸ
2381 1803 2647 1870 συγγενὲς
2673 1805 2774 1873 τῆς
2799 1805 3172 1874 προκειμένης
3207 1803 3492 1876 πόρρωθεν
3515 1805 3690 1872 ἐμφαο

2135 1893 2349 1958 νίζοντα
2381 1893 2789 1964 πραγματείας,
2822 1895 2936 1958 τοῖς
2964 1895 3130 1966 ἱεροῖς
3170 1894 3561 1964 ἐνεγράφησαν
3601 1894 3688 1947 καὶ

2132 1986 2203 2037 τὰ
2223 1983 2430 2038 τούτων
2455 1984 2666 2037 κανόσι.
2701 1983 2922 2046 Τούτοις
2945 1984 3126 2037 τοίνυν
3151 1984 3420 2054 προσήκει
3438 1983 3568 2046 τοὺς
3598 1983 3688 2051 τῆς

2135 2075 2422 2138 εὐσεϐείας
2445 2074 2748 2145 τροφίμους
2790 2075 3053 2129 ἐκάστοτε
3091 2074 3470 2144 προσανέχειν,
3509 2074 3605 2126 καὶ
3628 2073 3682 2126 τδ

2133 2169 2232 2238 τῆς
2257 2166 2438 2236 ψυχῆς
2466 2166 2774 2235 ἀεικίνητον
2815 2164 3197 2234 προσδεσμεῖν,
3241 2163 3337 2217 καὶ
3379 2164 3454 2233 μὴ
3488 2162 3684 2216 διδόναι

2136 2257 2326 2327 καιρὸν
2369 2257 2505 2326 αὐτῇ
2549 2256 2660 2309 τῶν
2689 2254 2926 2324 γνησίων
2956 2253 3206 2324 ἀφεμένη
3243 2252 3532 2323 δογμάτων
3560 2252 3688 2322 πρὸς

2134 2352 2206 2404 τὰ
2238 2347 2367 2402 νόθα
2397 2347 2859 2402 κατολισθαίνειν⁹
2908 2346 3052 2399 οὕτω
3081 2345 3190 2416 γὰρ
3219 2345 3356 2414 αὐτῇ
3384 2329 3567 2412 λόγοις
3599 2343 3686 2396 καὶ

2136 2440 2462 2510 πράγμασιν
2487 2437 2712 2506 ἀγαθοῖς
2744 2437 3178 2511 ἐνδιατριὼύση,
3206 2438 3420 2500 καὶτὰς
3440 2438 3502 2504 ἐξ
3521 2436 3686 2504 ὅψεως

2135 2532 2363 2600 ὀνείρων
2394 2529 2699 2599 φαντασίας
2740 2529 2959 2594 ἐνθέους
3006 2530 3152 2599 ἔχειν
3185 2527 3449 2598 ύπάρξει’
3485 2529 3689 2588 τούτοις

2137 2624 2247 2693 γὰρ
2275 2623 2338 2676 τὸ
2365 2621 2498 2694 περὶ
2525 2621 2593 2676 τὰ
2617 2621 2866 2690 δόγματα
2899 2621 3056 2685 esse;
3085 2621 3180 2674 τοῦ
3214 2619 3450 2682 σκολιοῦ,
3501 2621 3594 2672 καὶ
3629 2614 3685 2669 τδ

2140 2717 2362 2784 γνήσιον
2389 2712 2486 2768 τοῦ
2516 2712 2696 2778 νόθου,
2722 2713 2901 2781 πάσης
2925 2711 3074 2765 λίθου
3095 2711 3135 2764 Γ
3137 2711 3284 2775 υδῐας
3307 2711 3686 2780 ἀκριϐέστερον

2137 2807 2473 2876 διακρίνεται
2494 2819 2507 2835 ⁶
2537 2795 2685 2856 οὗτοι
2713 2803 3005 2867 δεσπόταις
3043 2803 3396 2872 νομοθετοῦσι
3446 2802 3542 2856 καὶ
3579 2801 3686 2854 δού-

2139 2901 2274 2963 λοις,
2309 2898 2536 2968 άρχουσι
2578 2897 2671 2950 καὶ
2706 2897 3053 2967 ἀρχομένοις,
3087 2895 3305 2965 γονεῦσι
3336 2896 3431 2948 καὶ
3463 2895 3685 2960 τέκνοις,

2139 2990 2367 3060 ἀνδράσι
2398 2991 2496 3042 καὶ
2521 2987 2758 3056 γυναιξὶ,
2801 2988 2964 3058 γάμῳ
2988 2987 3086 3040 καὶ
3127 2989 3365 3056 ἀγαμία.
3401 2986 3688 3056 ἐγκρατείᾳ

2140 3085 2234 3137 καὶ
2255 3083 2461 3152 τρυφῇ,
2492 3080 2659 3150 σοφίᾳ
2688 3080 2784 3132 καὶ
2809 3079 3052 3151 ἀμαθίαο
3085 3078 3239 3132 ταῦτ’
3277 3079 3387 3149 ἀρα
3419 3077 3516 3131 καὶ
3545 3077 3688 3148 βασι-

2135 3173 2264 3235 λέας
2290 3171 2497 3233 παντὸς
2527 3169 2728 3240 μᾶλλον
2771 3170 2938 3239 τιμᾷν
2967 3168 3368 3232 ἐπιτάττοντες,
3404 3166 3564 3220 πλέον
3597 3159 3688 3218 αὖ·

2137 3265 2224 3325 θις
2275 3263 2309 3334 ἢ
2361 3261 2506 3332 χρὴ,
2545 3262 2665 3324 ταῖς
2714 3261 3024 3328 ἀλογίστοις
3074 3261 3281 3316 τούτοιν
3330 3261 3431 3314 οὐκ
3483 3261 3688 3328 ἐφιᾶσιν

2137 3353 2470 3407 ὑποπίπτειν
2522 3352 2836 3418 ἐπιταγαῖς,
2883 3349 3079 3404 πολλοῦ
3119 3368 3183 3418 γε
3228 3351 3312 3404 δεῖ
3354 3349 3612 3419 ὑπάρχων
3653 3346 3685 3417 ἢ

2137 3442 2484 3514 στρατηγῶν.
2514 3441 2653 3509 Ἥγε
2686 3441 2795 3509 μὴν
2833 3440 3035 3494 πλείων
3076 3440 3288 3503 τούτοις
3321 3439 3528 3510 σπουδὴ
3567 3439 3688 3506 περὶ

2137 3536 2201 3588 τὸ
2256 3532 2527 3604 βασίλειον
2572 3529 2673 3600 τῆς
2747 3530 3075 3600 Ἐκκλησίας
3149 3532 3490 3600 καθέστηκεν
3552 3527 3689 3598 ἱερά-

2137 3641 2334 3692 τευμα.
2391 3624 2538 3684 ὅπως
2595 3620 2670 3692 μὴ
2723 3620 2934 3686 ἀνάξιοι
2981 3621 3074 3674 τοῦ
3121 3621 3433 3690 ἐγγίζοντος
3485 3619 3687 3687 ὀφθεῖεν

2137 3713 2274 3768 Θεοῦ
2299 3716 2346 3766 oi
2380 3714 2621 3783 ἐγγίζειν
2653 3713 2911 3784 λαχόντες
2940 3713 3111 3784 αύτῷ,
3143 3713 3220 3779 τῷ
3251 3713 3329 3784 μὴ
3357 3713 3501 3767 κατά
3539 3711 3687 3779 θέλη-

2139 3825 2225 3862 σιν
2257 3807 2465 3861 ἐκείνου
2491 3805 2704 3874 βιῶναι,
2741 3804 2857 3858 ἀλλ’
2899 3806 2978 3865 είς
3003 3803 3161 3858 τοῦθ’
3197 3805 3437 3875 ἣκοντας
3472 3804 3682 3872 ἀρετῆς.

2137 3899 2214 3961 ὡς
2264 3898 2384 3958 ταῖς
2437 3898 2569 3965 περὶ
2622 3895 2758 3948 Θεὸν
2812 3895 3132 3962 ἀγγελικαῖς
3165 3895 3450 3964 δυνάμεσι,
3498 3894 3558 3946 τὸ
3591 3895 3685 3957 τῆς

2137 3988 2315 4060 ψυχῆς
2345 3990 2410 4040 ἐκ
2455 3987 2566 4040 τῶν
2610 3985 2843 4038 ἐνόντων
2891 3984 3186 4052 ἀφομοιοῦν
3220 3985 3460 4052 εὐγενὲς,
3498 3985 3584 4036 καὶ
3619 3983 3684 4034 τά

2137 4079 2339 4132 τούτων
2373 4077 2510 4147 μετά
2542 4076 2642 4145 τῆς
2680 4075 2812 4146 ῦλης
2850 4075 3150 4138 δεικνύναι,
3208 4076 3283 4144 μὴ
3318 4075 3380 4128 τὸ
3426 4077 3490 4144 τῇ
3531 4072 3681 4140 φύσει

2140 4168 2522 4238 περικείμενον
2551 4167 2713 4236 ἄχθος
2755 4167 3184 4236 προϊστάμενοι·
3230 4167 3452 4228 τούτους
3493 4168 3586 4219 οὐκ
3620 4165 3680 4216 ἄν

2137 4276 2224 4322 τις
2278 4258 2514 4328 ἁμάρτοι
2557 4259 2736 4311 κοινὸν
2783 4255 3095 4328 προσειπὼν
3153 4257 3409 4326 ίατρεῖον,
3445 4257 3678 4317 ἑκάστοις
3742 4291 3744 4296 ι

2137 4351 2250 4404 τῶν
2271 4349 2570 4403 νοσούντων
2594 4350 2898 4420 κατάλληλα
2925 4348 3295 4419 κεραννύντας
3318 4350 3387 4402 τά
3411 4351 3677 4419 φάρμακα.

470 4454 535 4493 eo
564 4439 709 4514 quod
764 4452 866 4492 non
892 4435 1044 4503 juxta
1093 4437 1262 4506 ipsius
1297 4435 1622 4490 voluntatem
1678 4437 1843 4490 vitam
1875 4450 2027 4490 suam

2135 4442 2211 4494 υύ
2246 4441 2352 4510 μὴν
2377 4440 2514 4493 άλλά
2551 4441 2645 4492 καὶ
2683 4441 2794 4492 τῶν
2828 4441 3053 4511 νωθρῶς
3095 4442 3225 4510 περὶ
3263 4441 3360 4512 τὴν
3401 4441 3678 4510 θεραπείαν

471 4531 779 4589 instituant.
839 4531 932 4584 sed
959 4543 1022 4583 eo
1057 4529 1638 4596 virtutisperveniant,
1669 4538 1727 4582 ut
1775 4529 2032 4597 augclicls

2135 4532 2493 4602 διακειμένων
2522 4532 2649 4594 τοὺς
2683 4531 2805 4601 μὲν,
2835 4532 3244 4600 ἀνατεινάμενοι
3285 4535 3353 4586 τά
3394 4533 3678 4592 δεινότατα,

471 4636 592 4691 qua:
640 4620 807 4674 Deum
879 4619 1234 4675 circumstant
1291 4620 1642 4686 pctestatibus
1712 4621 2026 4674 nobiliorem

472 4712 663 4764 anima:
691 4721 917 4778 partem,
953 4719 1210 4778 quantum
1243 4709 1359 4768 ﬁeri
1393 4719 1588 4778 potest,
1640 4711 1872 4765 similem
1907 4714 2032 4766 red-

473 4803 625 4865 dant,
653 4814 850 4866 easque
879 4801 931 4853 in
972 4802 1195 4854 materia
1243 4807 1650 4869 reprmscntent,
1695 4801 1880 4854 ﬂorent
1934 4817 2031 4855 na-

473 4901 593 4945 tura
639 4890 1084 4959 circumpositum
1141 4905 1479 4960 nequaquam
1520 4891 1888 4960 prtrferentes.
1925 4889 2034 4946 llos

475 4985 523 5039 si
553 4984 671 5052 quis
721 4995 1007 5037 commune
1055 4981 1403 5050 appellaverit
1433 4983 1946 5053 pharmacopolium,
2003 4998 2037 5036 a

477 5091 606 5129 vero
633 5091 740 5128 non
768 5075 1064 5135 aberraret,
1096 5081 1154 5125 ut
1181 5073 1270 5140 qui
1307 5071 1534 5142 singulis
1555 5076 1770 5144 aegrotis
1799 5088 2036 5141 congrua

477 5167 832 5219 commiscent
864 5163 1175 5232 pharmace.
1219 5162 1357 5227 Quin
1387 5164 1547 5218 etiam
1582 5179 1646 5220 ex
1699 5165 1767 5219 iis
1802 5165 1896 5234 qui
1929 5173 2038 5218 tar-

479 5257 657 5311 diores
705 5257 756 5309 in
807 5254 1083 5308 curatione
1138 5253 1466 5308 admittenda
1519 5271 1580 5311 se
1637 5265 1854 5326 gerunt,
1905 5272 2041 5310 non-

481 5349 643 5403 nullis
677 5347 896 5416 quidem
922 5346 1181 5400 terribilia
1247 5347 1564 5403 intentando
1601 5349 1862 5414 excitant,
1920 5348 2039 5402 aliis

479 5450 657 5493 autem
691 5439 993 5492 futurorum
1018 5440 1276 5507 promissa
1303 5440 1354 5494 in
1383 5441 1697 5497 memoriam
1726 5450 2040 5495 revocantes

477 5547 584 5585 non
609 5529 888 5585 diﬂiculter
913 5530 1173 5584 alliciunt.
1207 5530 1595 5602 Nonnunquam
1622 5543 1802 5587 autem
1826 5547 1920 5588 eos
1945 5533 2038 5602 qui

478 5635 581 5676 nec
643 5621 1028 5676 medicamenta
1069 5623 1378 5690 admittunt,
1411 5639 1510 5678 nec
1543 5625 1794 5678 mandata
1829 5638 2036 5688 eorum,

477 5709 574 5767 sed
604 5711 820 5768 sibimet
869 5713 1193 5780 pmnitentia:
1247 5725 1457 5784 portum
1497 5729 1593 5784 per
1642 5714 2038 5770 contumaciam

2135 4623 2486 4701 διεγείρουσι,
2512 4623 2622 4684 τοῖς
2653 4623 2730 4684 δὲ,
2768 4623 2868 4686 τὰς
2897 4625 3007 4676 τῶν
3034 4624 3341 4692 μελλόντων
3363 4623 3678 4694 ἐπαγγελίας

2138 4712 2558 4783 προμνώμενοι,
2607 4712 2667 4765 ού
2724 4713 2980 4780 χαλεπῶς
3027 4716 3435 4784 προσάγονται·
3482 4715 3589 4767 ἔστι
3629 4712 3678 4764 δέ

2135 4801 2230 4864 οὒς
2273 4801 2352 4869 μὴ
2386 4804 2781 4872 προσιεμένους
2826 4805 2963 4871 μήτε
3010 4803 3080 4857 τά
3116 4804 3403 4874 φάρμακα,
3453 4807 3579 4875 μήτε
3620 4802 3679 4854 τά

2135 4892 2491 4960 ἐπιτάγματα
2521 4891 2746 4956 τούτων,
2785 4891 2900 4946 ἀλλ’
2929 4896 3144 4958 ἑαυτοῖς
3175 4895 3267 4949 τὸν
3291 4896 3389 4966 τῆς
3413 4895 3678 4966 μετανοίας

2137 4981 2335 5052 λιμένα
2355 4985 2420 5052 τῇ
2447 4983 2706 5054 ἀπειθείᾳ
2735 4987 3181 5054 προσχώσαντας,
3210 4991 3415 5050 παντὸς
3437 4987 3676 5058 βασιλέως

2140 5072 2606 5143 αὐθεντικώτερον
2643 5075 2920 5142 μετιόντες
2960 5078 3060 5145 τῆς
3108 5077 3329 5131 αίωνίου
3376 5077 3675 5147 κληρουχίας

2139 5163 2585 5236 ὑπερορίζουσιν.
2619 5165 2810 5219 Ἔνθεν
2853 5184 2966 5231 τοι,
3015 5169 3109 5222 καὶ
3150 5170 3211 5222 τὸ
3257 5170 3422 5223 πάλαι
3456 5173 3554 5225 τινὶ
3580 5167 3674 5220 τῶν

2141 5255 2376 5324 θύραθεν
2407 5256 2722 5326 εἰρημένον,
2758 5254 2873 5321 τοῖς
2907 5257 3074 5323 θείοις
3099 5261 3200 5330 οὐχ
3222 5261 3423 5331 ἥκιστα
3455 5261 3668 5329 θεσμοῖς.

2142 5345 2218 5408 ῶς
2265 5345 2330 5413 γέ
2384 5362 2476 5416 μοι
2505 5347 2675 5413 δοκεῖ,
2733 5349 3027 5418 άρμόσειεν
3055 5349 3158 5404 άνο
3196 5352 3535 5421 πεπείσμεθα
3585 5349 3672 5415 γὰρ

2142 5435 2388 5502 τούτους,
2426 5435 2647 5506 εὕρημα
2679 5437 2775 5506 μὲν
2823 5439 2919 5491 κα)⁸
2947 5439 3120 5509 δῶρον
3165 5437 3307 5494 εἶναι
3341 5441 3493 5504 Θεοῦ,
3522 5440 3676 5505 δόγμα

2142 5529 2198 5582 δὲ
2229 5527 2495 5596 γενναίων
2529 5529 2626 5583 καὶ
2672 5529 2950 5601 θεοφόρων
2977 5532 3188 5602 ἀνδρῶν
3209 5573 3225 5598 ,
3279 5534 3546 5604 συνθήκην
3594 5528 3676 5595 τῆς

2156 5621 2489 5692 Ἐκκλησίας
2523 5622 2732 5694 κοινὴν,
2765 5625 3132 5697 ἐπανόρθωμα
3161 5627 3272 5679 τῶν
3304 5627 3560 5680 ἑκουσίων
3598 5620 3676 5673 καὶ

2143 5713 2251 5767 τῶν
2282 5715 2437 5784 παρὰ
2487 5713 2743 5787 βούλησιν
2792 5717 3232 5790 ἁμαρτημάτων,
3288 5719 3383 5774 καὶ
3431 5712 3678 5771 πολιτείας
