3880 6550
201 345 316 409 ’965

1619 343 2043 405 PRIEFATIO.

3364 339 3469 404 966

212 454 467 516 εὐσεϐοῦς,
519 471 577 506 τε
635 452 730 506 καὶ
783 449 919 520 πρὸς
964 448 1327 520 ἀτελεύτητον
1363 450 1606 522 ἀγούσης
1640 454 1769 520 Cum

1896 453 2151 524 tanquam
2222 467 2321 522 per
2383 465 2633 522 aggerem
2694 449 3014 517 occludunt,
3072 450 3262 522 majori
3303 469 3469 523 quam

209 545 488 617 ἡγεμόνας
512 543 610 597 καὶ
637 541 914 611 ἀγωγούς.
949 539 1092 608 Ἐγὼ
1121 541 1250 609 γοῦν
1280 541 1406 604 τοὺς
1427 542 1520 594 ἐπὶ
1549 543 1784 611 βεϐαιῶ.

213 657 291 694 σει
337 634 437 690 τοῦ
487 633 763 705 σωτηρίου
818 633 1123 701 δόγματος,
1184 633 1278 688 καὶ
1325 637 1534 704 χρηστῇ
1572 635 1786 688 πάντων

1890 547 2182 613 imperator
2217 544 2441 612 quilibet
2475 543 2803 598 auctoritate
2880 551 3172 597 tractantes
3197 584 3211 606 ,
3270 559 3471 598 acterna

1889 635 2204 690 haereditate
2253 635 2640 689 exterminant.
2678 633 2990 702 Antiquitas
3027 635 3170 688 enim
3201 649 3262 688 ex
3297 635 3471 689 altera

203 734 536 804 ἀνθρώπων,
572 733 649 795 ὡς
678 731 919 801 εἴρηται,
938 728 1266 798 διδασκαλίᾳ
1301 729 1626 800 θεοπρεπεία
1647 729 1769 800 σύμ-

1885 727 2104 798 quidem
2183 735 2336 796 parte
2389 724 2670 778 nonnihilo
2722 739 2908 780 eorum
2962 739 3080 793 qua;
3147 725 3280 779 foris
3330 726 3471 781 dicza

209 847 419 892 παντας
459 827 691 888 κανόνας
741 825 1040 896 ἀθροίσας,
1077 825 1176 877 καὶ
1223 825 1430 878 τούτων
1487 825 1579 879 τὸν
1633 827 1782 890 νοῦν,

209 924 320 991 ἅμα
352 923 409 975 δὲ
443 919 680 973 καὶτῶν
728 917 928 979 αὐτοὺς
975 916 1213 988 φιλοθέῳ
1265 916 1464 990 γνώμῃ
1511 918 1785 986 ἑρμηνευ.

197 1015 444 1077 σάντων,
473 1013 548 1074 ὡς
572 1005 688 1064 οἷόν
715 1028 796 1074 τε,
824 1009 1215 1080 περιφράσεως
1241 1009 1300 1062 ἐν
1322 1009 1454 1062 εῖδει
1478 1008 1780 1080 ἐπιτεμὼν,

212 1104 376 1174 μηίὲν
408 1104 596 1173 μέντοι
649 1101 1113 1170 παραλελοιπέναι
1156 1101 1254 1169 τῆς
1289 1101 1472 1154 αὐτῶν
1516 1101 1780 1166 διανοίας,

196 1196 263 1247 τό
283 1212 349 1262 γε
381 1195 466 1256 είς
511 1195 660 1262 ἡμᾶς
700 1186 860 1263 ἶβιον,
897 1193 1214 1262 φροντίσας,
1267 1193 1327 1245 ού
1364 1191 1471 1264 μὴν
1519 1192 1656 1246 ἀλλά
1689 1197 1782 1247 καὶ

207 1289 299 1341 ὅσα
325 1290 446 1349 τοῖς
477 1286 686 1339 τούτων
713 1285 1010 1354 ἐξηγηταῖς
1044 1284 1159 1337 ἐσθ’
1186 1285 1295 1357 ὅπη
1340 1289 1614 1356 παρεῖται,
1649 1289 1782 1356 ἡμῖν

205 1379 254 1430 δὲ
292 1379 390 1430 ἐπὶ
420 1377 548 1429 νοῦν
574 1376 778 1444 συνέϐη
813 1377 1027 1441 πεσεῖν,
1059 1376 1338 1444 ἀναγκαῖα
1372 1373 1528 1445 οἶμαι
1561 1380 1658 1431 καὶ
1689 1397 1782 1447 φι-

203 1471 404 1523 λοθέων
447 1472 651 1539 ψυχαῖς
703 1468 1084 1538 περιμάχητα,
1124 1472 1237 1532 τοῖς
1281 1470 1671 1538 ἐντυγχάνουσι
1706 1469 1779 1542 μὴ

158 1573 163 1596 -‘
205 1563 597 1631 φθονήσαντες,
634 1562 927 1632 πρόχειρον
949 1561 1092 1614 κατά
1121 1562 1222 1633 τὴν
1247 1561 1526 1631 ἡμετέραν
1547 1561 1780 1633 δύναμιν

203 1656 592 1724 πεποιήκαμεν
625 1653 934 1722 σύνταγμα.
955 1653 1182 1706 Πάντων
1209 1651 1263 1705 δὲ
1295 1653 1401 1706 τῶν
1432 1656 1780 1725 συνειλεγμέ-

203 1763 306 1799 νων
335 1749 584 1799 κανόνων
617 1745 712 1815 τὴν
747 1745 999 1814 δύναμιν,
1049 1748 1128 1808 εἰς
1172 1746 1386 1809 τίτλους
1418 1747 1593 1799 εἴκοσι
1643 1747 1780 1816 πρὸς

1879 828 2032 884 sunt,
2060 817 2155 873 sed
2189 816 2391 872 divinis
2428 816 2686 876 maxime.
2716 823 2775 870 ιιι
2800 816 2930 870 mihi
2965 815 3199 881 videtur,
3232 818 3476 871 sanctio-
3548 855 3562 863 .

1881 915 2050 968 nibus
2080 926 2140 965 se
2169 909 2510 978 applicuerit.
2547 906 2714 961 Nobis
2741 908 2887 960 enim
2929 922 3245 976 persuasum
3269 917 3351 962 est
3379 923 3473 961 eas

1877 1005 2160 1060 inventum
2213 1013 2334 1054 esse
2364 1013 2430 1052 ac
2461 997 2664 1052 donum
2718 997 2837 1062 Dei,
2886 1013 3276 1068 generosorum
3331 997 3473 1051 divi-

1884 1107 2186 1160 norumque
2212 1090 2492 1146 hominum
2549 1088 2848 1150 decretum.
2877 1103 3169 1144 commune
3213 1092 3472 1146 Ecclesiae

1885 1187 2216 1247 institutum,
2280 1191 2624 1252 peccatorum
2686 1193 2792 1235 tam
2835 1182 3266 1237 voluntariorum
3307 1201 3470 1250 αιι.ιιιι

1883 1278 2380 1334 involuntariorum
2435 1275 2875 1337 correctionem,
2931 1283 2986 1330 et
3035 1277 3472 1350 conversationis

1882 1373 2151 1440 religiosae
2179 1385 2243 1425 ac
2272 1371 2340 1424 ad
2397 1367 2780 1436 sempiternam
2835 1367 3086 1422 ducentis
3109 1366 3275 1422 vitam
3305 1368 3473 1424 duces

1880 1474 1931 1519 et
1958 1471 2220 1519 rectores.
2261 1462 2598 1530 Quapropter
2647 1473 2749 1530 ego
2805 1473 2926 1511 cum
2959 1458 3024 1512 ad
3056 1459 3312 1514 salutaris
3338 1475 3472 1516 sen-

1885 1558 2066 1612 lentim
2105 1556 2600 1615 conﬁrmationem,
2636 1563 2692 1607 et
2744 1551 2928 1604 utilem
2961 1552 3204 1604 omnium
3233 1552 3326 1618 (ut
3351 1553 3472 1605 dic-

1885 1659 1997 1703 tum
2057 1649 2168 1719 est)
2206 1649 2481 1702 hominum
2516 1643 2932 1701 instructionem
3003 1641 3215 1696 divinos
3279 1655 3471 1696 omnes

1884 1740 2219 1812 eullegissem
2250 1753 2512 1800 canones.
2575 1737 2926 1806 ipsorumque
2956 1733 3161 1802 pariter
3190 1747 3254 1788 ac
3279 1748 3469 1788 eorum

199 1839 311 1900 τοῖς
335 1838 632 1906 τέσσαρσι,
661 1814 800 1889 κατά
823 1836 912 1888 τὸν
940 1837 1174 1906 ἀριθμὸν
1203 1837 1312 1890 τῶν
1332 1837 1461 1909 παρ’
1481 1838 1612 1906 ἡμῖν
1640 1814 1769 1891 στοι·

1886 1832 1981 1902 qui
2016 1833 2160 1899 ipsos
2203 1830 2386 1884 animo
2445 1828 2702 1898 religioso
2738 1824 3080 1894 interpretati
3135 1833 3283 1889 sunt,
3320 1839 3473 1878 men-

199 1933 389 1999 χείων,
419 1927 634 1993 διελὼν,
669 1929 762 1980 καὶ
793 1928 1002 1980 τούτων
1041 1929 1269 1999 ἑκάστῳ
1301 1931 1400 1999 τὴν
1449 1932 1780 2000 προϊσχομέ-

199 2037 292 2090 νην
323 2019 608 2082 ὑπόθεσιν,
643 2020 706 2071 τὸ
737 2019 956 2088 πρῶτον
988 2021 1086 2089 τῆς
1123 2021 1259 2084 ίδίας
1279 2020 1480 2086 λέξεως
1510 2025 1778 2091 συγγενὲς

195 2112 346 2182 αὐτῷ
378 2113 614 2182 γράμμα
664 2111 842 2175 καλῶς
873 2113 1218 2183 ἐφαρμόσας,
1257 2115 1358 2178 τάς
1398 2131 1458 2167 τε
1496 2131 1777 2185 προσηγο-

196 2204 324 2275 ρίας
363 2205 472 2257 τῶν
521 2205 719 2268 αὐτοὺς
768 2206 1080 2276 εῦρομένων
1131 2205 1406 2276 δηλώσας.
1439 2210 1533 2260 καὶ
1566 2208 1632 2260 τὰ
1669 2209 1778 2260 τῶν

196 2297 391 2350 τίτλων
418 2295 577 2360 αὖθις
608 2295 881 2362 κεφάλαια
920 2297 1009 2351 διὰ
1037 2298 1146 2350 τῶν
1175 2297 1560 2370 ἀριθμητικῶν
1595 2302 1778 2371 ἐμφή-

194 2406 286 2450 νας
321 2387 625 2457 στοιχείων,
659 2373 877 2459 ῥᾳδίαν,
900 2383 1176 2457 ὦς-οἷμαι,
1209 2390 1304 2443 καὶ
1330 2392 1777 2463 ὲπιτετμημένην

196 2480 335 2550 πρὸς
377 2480 479 2551 τὴν
527 2481 712 2533 αὐτῶν
746 2481 953 2547 γνῶσιν
990 2481 1264 2552 φέρουσαν
1313 2483 1509 2553 ἔτεμον
1546 2485 1770 2554 τρίϐονο

194 2571 289 2642 τὴν
321 2571 888 2641 πρόφασιν-ἐντεῦθεν
918 2574 1245 2643 περιαιρῶν,
1277 2574 1387 2628 τῶν
1418 2577 1774 2646 ἐντυγχάνειν

196 2665 379 2726 αὐτοῖς
406 2665 820 2726 ἀποκνοῦντων,
853 2665 914 2716 τὸ
958 2666 1264 2735 προσκορὲς
1302 2669 1404 2736 τῆς
1439 2668 1646 2721 τούτων
1678 2688 1775 2722 πο-

195 2755 452 2817 λυεπείας
486 2753 946 2824 προϐαλλομένων
974 2758 1072 2827 τὴν
1103 2757 1286 2810 αὐτῶν
1327 2759 1568 2813 διάνοιαν
1601 2777 1773 2813 καταο

197 2845 592 2916 σαπτιζούσης,
629 2845 766 2916 πρὸς
791 2847 872 2907 δὲ,
914 2846 1011 2899 καὶ
1040 2847 1102 2900 τὸ
1138 2848 1212 2919 μὴ
1254 2850 1309 2902 ὲν
1337 2851 1420 2903 ἐνὶ
1456 2851 1612 2921 μέρει
1638 2853 1770 2907 ἑκά-

196 2954 326 3007 στης
350 2938 458 2988 τῶν
485 2936 798 2990 ὑποθέσεων
834 2937 963 3000 τοὺς
1011 2938 1246 3003 κανόνας
1281 2941 1614 3011 ἀφωρίσθαι.
1647 2943 1771 2996 Τῶν

185 3029 481 3100 ,χρησίμων
507 3029 552 3079 δ’
587 3028 698 3098 ἄρα
733 3024 1021 3097 νενόμικα,
1049 3031 1264 3099 καὶτῆς
1299 3033 1586 3106 πολιτικῆς
1615 3054 1774 3106 νομο-

1883 1935 1991 1981 tem
2027 1925 2203 1992 quoad
2263 1924 2377 1977 ﬁeri
2437 1923 2612 1992 potuit
2659 1919 3047 1990 peripltraseos
3077 1916 3144 1970 ad
3182 1917 3357 1970 instar
3412 1916 3465 1970 in

1889 2017 2271 2085 compendium
2298 2015 2653 2085 redegissem,
2691 2011 2828 2066 nihil
2863 2025 3048 2064 eorum
3082 2008 3469 2076 intelligentiae,

1877 2119 2142 2177 quantum
2174 2109 2226 2160 iu
2263 2123 2345 2161 me
2381 2106 2501 2169 l'uit,
2529 2107 2719 2161 deesse
2752 2105 3049 2158 arbitratus
3081 2116 3098 2155 :
3132 2102 3262 2168 quin
3302 2100 3466 2153 etiam

1879 2215 2213 2270 quascunque
2245 2198 2313 2252 ab
2344 2213 2531 2252 eorum
2585 2195 2974 2266 interpretibus
3013 2193 3211 2248 alicubi
3243 2202 3472 2260 praetcr-

1881 2295 2044 2346 missa
2077 2300 2227 2356 sunt,
2260 2291 2415 2344 nobis
2440 2298 2621 2342 autem
2656 2289 2709 2341 in
2735 2296 2976 2341 mentem
3009 2285 3193 2339 venire
3222 2285 3471 2352 centigit,

1881 2381 2185 2437 necessaria
2223 2379 2481 2432 nimirmn
2530 2378 2745 2448 piisque
2779 2375 2941 2429 nimis
2966 2389 3174 2429 summa
3197 2378 3471 2429 contenti-

1879 2487 1982 2527 one
2015 2471 2271 2538 cxpetita,
2305 2468 2700 2538 postulantibus
2731 2481 2839 2521 non
2889 2466 3197 2520 invidentes
3247 2480 3470 2534 promp-

1883 2574 1993 2617 tum
2043 2579 2141 2632 pro
2177 2562 2382 2615 viribus
2405 2560 2606 2614 nostris
2641 2566 2922 2629 syntagma
2960 2557 3311 2626 perfecimus.
3339 2556 3470 2612 Om-

1882 2658 2030 2711 nium
2062 2665 2240 2708 antem
2275 2654 2624 2706 collectorum
2670 2666 2940 2706 canonmn
2993 2650 3290 2719 potentiam
3342 2665 3466 2703 cum

1880 2750 1932 2803 in
1965 2749 2151 2817 viginti
2175 2756 2408 2816 quatuor
2441 2743 2793 2812 titulosjnxta
2819 2742 3121 2797 litterarum
3154 2751 3469 2796 nostrarum

1877 2853 2160 2893 numerum
2198 2835 2588 2898 αῖςιτίιιιιειύιιι,
2631 2844 2683 2886 et
2712 2832 2935 2888 cuilibet
2970 2847 3156 2886 eorum
3183 2830 3467 2885 materiam

1876 2930 2175 2998 subjeclam
2210 2927 2362 2995 juxta
2388 2927 2617 2997 primam
2653 2923 2887 2994 proprize
2909 2923 3196 2979 sententia:
3225 2923 3464 2976 litteram

1876 3020 1924 3075 ei
1984 3017 2300 3087 congruam,
2355 3028 2501 3070 recte
2555 3015 3104 3078 accommodaverim,
3163 3024 3216 3068 et
3249 3013 3468 3068 nomina

194 3124 377 3184 θεσίας
403 3120 612 3191 βραχέα
643 3137 702 3174 τε
737 3120 830 3184 καὶ
861 3123 1306 3193 συντετμημένα,
1350 3127 1463 3189 τοῖς
1484 3129 1769 3195 συγγενέσι

1879 3113 2092 3165 illorum
2127 3111 2218 3177 qui
2288 3124 2382 3161 cos
2413 3110 2732 3162 invenerunt
2782 3106 3154 3170 indicaverim,
3193 3119 3243 3160 et
3281 3107 3468 3162 titulo-

183 3214 296 3266 ’τῶν
348 3213 597 3266 κανόνων
649 3211 970 3280 κεφαλαίοις
1023 3216 1391 3282 συναρμόσαι,
1446 3220 1560 3281 τοῖς
1603 3219 1768 3290 ἱεροῖς

194 3307 382 3359 κανόσι
416 3304 814 3374 συμμαχοῦντα
854 3306 949 3357 καὶ
1002 3307 1474 3377 συμφθεγγόμενα
1499 3351 1513 3374 ,
1558 3314 1651 3365 καὶ
1705 3317 1770 3366 ἐκ

189 3399 508 3467 περιουσίας
534 3398 594 3450 τὸ
634 3397 872 3465 ἀσφαλὲς
905 3397 1086 3459 αὐτοῖς
1122 3401 1641 3470 ὲπιμαρτυροῦντα.

1878 3219 1998 3255 rum
2030 3205 2187 3257 ctiam
2234 3199 2412 3267 capita
2458 3214 2554 3268 per
2583 3199 2925 3252 arithmetica
2978 3199 3310 3251 ostenderim
3352 3203 3465 3251 e'e-

1877 3305 2082 3358 menta,
2143 3290 2380 3356 facilem,
2445 3290 2496 3342 ni
2554 3289 2732 3354 fallor,
2786 3301 2840 3343 et
2899 3290 3343 3357 compendiosam
3395 3290 3464 3345 ad

1876 3383 2123 3452 ipsorum
2149 3383 2508 3451 cognitionem
2534 3381 2820 3434 ducentem
2851 3380 2991 3434 viam
3015 3383 3160 3434 secui
3188 3399 3200 3434 :
3236 3392 3469 3450 praetex-

183 3503 302 3544 ~tum
355 3488 551 3544 exinde
604 3504 788 3542 eorum
851 3489 1215 3557 przcsciudeus
1264 3507 1398 3560 quos
1446 3509 1664 3563 operam
1727 3496 1794 3552 iis
1853 3498 2207 3568 assequendis
2252 3511 2454 3550 navare
2487 3495 2651 3564 piget,
2689 3495 3023 3549 tastidiosum
3079 3512 3264 3550 eorum
3322 3500 3465 3552 mul-

187 3581 469 3651 tiloquium
541 3590 774 3636 mentem
843 3581 1082 3648 ipsorum
1138 3582 1376 3638 obruens
1430 3587 1768 3656 objicientes,
1831 3599 1886 3644 et
1950 3601 2208 3658 praeterea
2258 3589 2522 3658 cuiusque
2588 3589 2830 3642 materiae
2882 3603 3123 3661 canones
3153 3593 3338 3644 eodem
3407 3592 3460 3645 in

183 3674 309 3726 loco
346 3687 450 3726 non
479 3671 755 3728 collocari.
812 3671 1011 3726 Adhaac
1070 3673 1251 3729 brevia
1283 3685 1337 3730 et
1359 3680 1574 3734 concisa
1615 3681 1748 3751 legis
1775 3686 1940 3738 etiam
1980 3684 2155 3738 civilis
2211 3682 2443 3751 capitula
2492 3683 2662 3736 sacris
2716 3682 3012 3737 canonihus
3055 3684 3466 3739 commilitautia

185 3771 244 3816 et
273 3778 526 3826 consona,
560 3771 616 3817 et
642 3777 710 3818 ex
741 3764 1067 3818 abundantia
1119 3767 1182 3820 iis
1215 3773 1524 3824 attestautia
1556 3775 1813 3844 congruis
1843 3793 2114 3831 canonum
2151 3775 2418 3843 capitibus
2445 3775 2750 3844 appendere
2813 3789 2990 3844 opera:
3024 3777 3255 3841 pretium
3306 3778 3459 3832 duxi.

255 3856 503 3918 Κανόνας
554 3856 614 3908 δὲ
652 3856 704 3908 ol
743 3855 986 3926 Πατέρες
1016 3859 1085 3911 τὰ
1125 3858 1278 3928 σφῶν
1327 3863 1506 3917 αὐτῶν
1559 3867 1768 3920 ἐπωνό-

196 3963 370 4015 μασαν
397 3947 771 4017 διατάγματα,
804 3949 1086 4016 τροπικῶς
1120 3954 1184 4021 τῇ
1222 3949 1367 4017 λέξει
1399 3957 1764 4025 χρησάμενοι,

195 4037 302 4092 ἀπὸ
332 4039 650 4109 μεταφορᾶς
683 4037 778 4091 τοῦ
805 4037 970 4108 ὀρθοῦ
1005 4039 1186 4103 ξύλου,
1222 4035 1266 4109 ᾧ
1309 4044 1550 4113 χρῆσθαι
1576 4049 1766 4101 είώθε-

199 4145 297 4180 σαν
322 4130 369 4182 οί
403 4130 505 4192 τὰς
537 4129 847 4199 βαναύσους
885 4130 995 4182 τῶν
1020 4132 1225 4200 τεχνῶν
1263 4137 1542 4202 μετιόντες
1567 4139 1647 4197 εἰς
1676 4139 1769 4206 ξύ-

194 4213 321 4281 λων,
353 4215 385 4285 ἦ
415 4215 603 4280 λίθων,
627 4215 662 4286 ἢ
700 4215 1000 4270 ὁποιωνοῦν
1043 4219 1248 4288 ἐτέρων
1294 4223 1602 4294 εὐθύτητα·
1641 4230 1772 4280 ἀπο-

194 4304 468 4375 ξυομένοις
501 4308 613 4379 γὰρ
656 4307 903 4374 ἐκείνοις
935 4312 1378 4383 παρατιθέμενον
1406 4316 1558 4386 ὀρθοῖ
1593 4319 1768 4374 ταῦτα

198 4398 286 4450 καὶ
310 4398 480 4462 ἐξισοῖ
509 4400 647 4470 πρὸς
687 4401 789 4470 τὴν
819 4400 1070 4472 ἀλλήλων
1103 4403 1312 4475 ἀκριϐῆ
1357 4407 1656 4480 σύμπηξιν.
1700 4412 1766 4467 Ἦ

1945 3868 2118 3923 Porro
2145 3869 2335 3922 Patres
2366 3883 2462 3921 sua
2496 3867 2739 3935 ipsorum
2769 3867 2988 3921 decreta
3030 3869 3454 3924 deuoininaruut

1873 3975 2133 4022 canones,
2161 3957 2428 4012 vocabulo
2461 3957 2568 4012 isto
2590 3957 2798 4026 trepice
2826 3957 2931 4020 usi,
2957 3971 3055 4025 per
3083 3962 3456 4028 metaphoram

1872 4067 1901 4105 a
1956 4058 2104 4105 recto
2154 4050 2299 4118 ligno
2339 4057 2640 4116 sumptam,
2678 4061 2809 4116 quo,
2852 4047 2943 4115 qui
2980 4049 3190 4102 artibus
3232 4053 3456 4106 mecha-

1871 4143 2010 4198 nicis
2059 4149 2425 4211 occupantur,
2462 4141 2536 4195 uti
2591 4140 2768 4194 solent
2797 4138 2864 4194 ad
2903 4139 3029 4209 ligni
3063 4151 3152 4194 aut
3186 4141 3451 4211 lapidum,

1874 4245 1970 4290 aut
2005 4216 2237 4288 aliarum
2271 4246 2727 4303 quarumcuuque
2769 4246 2951 4284 rerum
2999 4232 3380 4290 rectitudincm
3433 4255 3450 4293 :

1871 4327 1977 4382 hoc
2003 4326 2147 4380 enim
2183 4325 2249 4382 iis
2291 4324 2544 4394 expolitis
2579 4324 2908 4393 appositum,
2953 4337 3014 4377 ea
3057 4324 3258 4392 dirigit,
3294 4337 3347 4379 et
3382 4327 3450 4382 ad

1869 4425 2181 4469 accuratam
2211 4412 2354 4467 inter
2404 4426 2525 4465 sese
2547 4413 2979 4480 compactionem
3026 4425 3297 4481 emquat.
3325 4413 3452 4470 llaec

197 4485 251 4537 δὲ
281 4488 369 4539 τοῦ
399 4487 625 4551 κανόνος
667 4487 814 4558 αῦτη
853 4490 1204 4561 προσηγορία
1250 4493 1347 4545 καὶ
1387 4493 1604 4557 πολλοῖς
1649 4498 1766 4549 ἐτέ-

1875 4514 2047 4557 autem
2075 4503 2300 4558 canonis
2327 4502 2618 4571 appellatio
2643 4517 2670 4554 a
2699 4501 2886 4556 multis
2910 4505 3074 4556 etiam
3100 4504 3223 4558 aliis
3251 4506 3452 4559 libera-

203 4593 308 4643 ροις
334 4581 706 4649 παρείληπται
742 4579 981 4650 λογικῶν
1013 4581 1223 4652 τεχνῶν
1255 4585 1588 4656 ἐπιστήμοσι
1608 4603 1624 4617 ·
1663 4589 1762 4643 καὶ

200 4668 247 4718 οἱ
273 4671 364 4738 τὴν
407 4669 812 4740 γραμματικὴν
861 4671 970 4740 γὰρ
1005 4674 1427 4743 τεχνησάμενοι,
1482 4677 1578 4731 καὶ
1609 4679 1761 4745 φιλό-

204 4773 366 4825 σοφοι,
404 4767 498 4813 καὶ
535 4761 737 4830 ἰατροὶ,
788 4762 884 4813 καὶ
916 4763 966 4814 οὶ
1012 4762 1113 4826 τὰς
1145 4765 1413 4836 ἁρμονίας
1444 4768 1554 4820 τῶν
1581 4770 1760 4838 μελῶν

204 4851 546 4917 συντιθέντες,
589 4853 651 4905 οὐ
690 4850 800 4922 μὴν
847 4853 989 4906 ἀλλὰ
1037 4855 1134 4908 καὶ
1179 4857 1230 4910 οἳ
1281 4859 1413 4922 τοὺς
1445 4859 1760 4926 πολιτικοὺς

205 4941 547 5008 συντετάχασι
577 4941 800 5011 νόμους,
837 4941 914 5004 ὡς
949 4942 1052 4996 οὐκ
1079 4945 1411 5014 ἀσύμφωνον
1441 4949 1504 5002 τὸ
1531 4949 1627 5004 τοῦ
1660 4967 1762 5004 κα-

203 5028 338 5091 νόνος
377 5031 544 5101 ὄνομα
574 5035 686 5094 τοῖς
720 5033 933 5085 ἑαυτῶν
965 5035 1348 5106 συντάγμασιν
1378 5041 1755 5111 ἐπεφήμισαν.

204 5117 310 5170 Εἰσὶ
340 5122 392 5174 δὲ
420 5125 509 5175 καὶ
537 5119 620 5186 οἷς
648 5124 810 5194 ὅρους
843 5125 1008 5194 ἤρεσε
1036 5127 1106 5178 τά
1127 5128 1356 5182 τοιαῦτα
1389 5132 1754 5201 ἐπονομάσαι,

206 5209 268 5270 ὡς
293 5214 704 5286 ἀποδιαιροῦντα
737 5216 848 5268 τῶν
882 5216 1058 5270 ἀλλων
1086 5221 1180 5272 καὶ
1215 5221 1629 5290 ἀποδιῖστάντα,
1661 5228 1757 5280 καὶ

211 5302 585 5368 ἀπευθύνοντα,
639 5305 735 5358 τοῦ
782 5307 858 5376 μὴ
913 5309 1344 5379 παρέγγραπτόν
1385 5329 1438 5366 τι
1473 5317 1570 5368 καὶ
1602 5317 1756 5370 νόθον

209 5394 302 5454 τοῖς
329 5395 1068 5479 ὁριζομένοις-εἰσφέρεσθαι,
1099 5401 1174 5464 ὡς
1215 5403 1312 5455 καὶ
1342 5404 1422 5473 τῷ
1459 5405 1755 5479 Ἱπποκρά-

205 5495 276 5534 τει
306 5487 472 5549 καλῶς
507 5489 688 5553 ἔδοξεν
732 5489 903 5560 ἔχειν,
951 5491 1094 5546 οὕτω
1125 5493 1194 5546 τὰ
1239 5497 1591 5570 κεφαλαιώδη
1644 5501 1753 5556 τῶν

209 5577 525 5646 πονηθέντων
553 5581 703 5650 αὐτῷ
739 5583 1078 5652 ἐπονομάσαι
1111 5587 1546 5658 συγγράμματα.
1591 5593 1753 5648 Ἀλλά

208 5668 302 5728 τοῖς
329 5669 423 5738 μὲν
448 5675 557 5725 τῶν
587 5672 762 5727 ἀλλων
791 5678 1248 5747 συγγράμμασιν,
1273 5681 1322 5732 εί
1352 5682 1559 5752 κυρίως
1586 5686 1618 5754 ὴ
1653 5686 1749 5739 τοῦ

210 5761 404 5826 κλνόνος
459 5764 814 5836 ὲπεφημίσθη
875 5769 1200 5840 ἐπωνυμία,
1251 5771 1464 5843 ἑτέροις
1515 5775 1749 5832 δεδόσθω

1869 4596 1997 4649 lium
2046 4596 2246 4648 artium
2305 4594 2496 4663 peritis
2551 4605 2870 4662 usurpatur.
2935 4595 3150 4650 Etenim
3204 4599 3295 4666 qui
3343 4600 3446 4655 arti

1864 4689 2232 4758 grammaticae
2261 4703 2482 4759 operam
2513 4686 2667 4754 dant,
2700 4699 2754 4741 et
2780 4687 3112 4758 philosophi,
3144 4703 3198 4744 et
3224 4693 3442 4756 medici.

1863 4793 1917 4837 et
1935 4782 2026 4851 qui
2044 4781 2282 4836 musicas
2305 4780 2620 4834 harmonias
2641 4790 3090 4847 composuerunt,
3124 4782 3440 4850 quinetiam

1861 4876 1953 4945 qui
1980 4875 2169 4930 civiles
2193 4874 2523 4929 ordinarunt
2553 4871 2720 4942 leges,
2748 4873 2972 4926 canonis
3002 4887 3221 4934 nomen,
3251 4887 3306 4928 ut
3335 4892 3440 4929 non

1861 4969 2243 5038 incongruum,
2278 4967 2393 5021 suis
2433 4965 2598 5019 etiarn
2637 4965 2894 5033 operibus
2939 4965 3270 5034 imposuere.
3321 4968 3438 5023 Non

1861 5061 2056 5114 desunt
2077 5070 2256 5114 autem
2295 5059 2493 5126 quibus
2516 5058 2828 5127 bujusntodi
2863 5073 2950 5114 res
2978 5063 3242 5116 terminos
3274 5065 3438 5117 etiam

1859 5165 2174 5219 nuncupare
2204 5151 2396 5219 placet,
2424 5159 2482 5203 ιιι
2501 5164 2622 5218 quae
2645 5150 2713 5204 ab
2731 5150 2854 5205 aliis
2872 5150 3145 5215 dividunt,
3170 5165 3222 5207 et
3246 5156 3440 5209 distin-

1858 5247 2048 5306 guunt,
2065 5245 2120 5291 et
2143 5239 2460 5308 disponunt,
2485 5254 2550 5292 ne
2569 5239 2695 5306 quid
2711 5242 3116 5309 supposititium
3135 5253 3189 5298 et
3209 5248 3434 5298 nothum

1856 5331 2020 5382 rebus
2061 5329 2441 5384 determinatis
2495 5331 2873 5386 introducatur
2911 5351 2924 5386 :
2971 5337 3432 5404 quemadmodum

1857 5431 1911 5474 et
1971 5415 2285 5490 Hippocrati
2347 5422 2485 5476 bene
2517 5423 2690 5479 visum
2717 5435 2824 5489 est,
2869 5429 3166 5482 smnmaria
3209 5445 3433 5483 suorum

1854 5510 2015 5563 etiam
2066 5525 2292 5576 operum
2325 5515 2723 5569 commentaria
2771 5515 2844 5570 ita
2900 5518 3204 5572 nominare.
3236 5518 3429 5574 Utrum

1857 5617 1988 5655 vero
2020 5601 2253 5657 aliorum
2313 5607 2534 5672 scriptis
2589 5606 2832 5662 Canonis
2879 5611 3170 5678 appellatio
3216 5612 3434 5679 proprie

1854 5695 2150 5759 tribuatur,
2202 5696 2324 5752 aliis
2379 5699 2839 5755 considerandum
2892 5703 3248 5770 relinquatur.
3285 5701 3434 5756 Beli-

1857 5785 2006 5855 giosa
2032 5796 2211 5844 autem
2259 5789 2482 5847 Patrum
2522 5793 2739 5849 decreta
2777 5808 2994 5850 summo
3026 5810 3136 5868 prae
3175 5797 3428 5854 omnibus
