3880 6548
485 319 588 385 961

1668 317 2034 379 MATTILEI
2067 316 2483 378 BLASTMHS

3612 336 3718 399 968

486 439 607 491 aliis
635 432 755 503 jure
780 451 970 490 nomen
998 435 1101 489 boc
1135 437 1322 491 sortita
1349 447 1476 491 sunt
1506 453 1519 490 :
1543 440 1739 507 quippe
1758 453 1877 507 qua:
1905 438 2045 499 illus,

2157 440 2375 490 σκοπεῖν
2395 456 2410 469 ·
2432 439 2500 491 τα
2526 440 2582 494 δέ
2617 457 2679 509 γε
2703 441 2812 495 τῶν
2845 444 3106 516 ηατέρων
3128 448 3327 519 εὐσεϐῆ
3350 450 3719 521 διατάγματα,

490 531 578 596 qui
612 531 678 582 iis
708 542 906 581 morem
933 538 1147 597 gerunt,
1187 529 1255 581 ad
1281 539 1483 583 rectam
1517 530 1673 585 tidem
1702 530 1960 598 dirigunt,
1995 538 2049 582 et

488 623 554 672 ad
584 621 745 671 vitam
777 618 884 671 Deo
915 626 1192 687 acceptam
1232 630 1383 673 rerte
1416 620 1717 675 deducunt.
1751 620 2050 687 Peroppor-

490 722 677 764 tunum
711 719 890 765 autent
921 710 1034 763 erit
1079 710 1287 773 ordine,
1330 721 1595 779 quantum
1645 714 1713 765 in'
1749 711 1907 765 nobis
1944 717 2046 769 est.

488 802 765 871 sigillatim
820 814 1267 879 commemorare,
1295 801 1531 871 quando,
1587 812 1642 855 et
1669 817 1698 854 a
1744 801 1966 869 quibus,
1997 808 2053 851 et

487 894 759 965 quomodo
807 892 1001 963 singuli
1034 907 1276 947 canones
1310 894 1361 946 in
1415 892 1589 947 lucem
1616 893 1966 961 prodierunt,
1997 899 2052 945 et

490 987 709 1040 lucerna
754 982 981 1053 pedibus
1026 984 1249 1045 nostris,
1300 992 1357 1037 et
1389 983 1477 1035 lux
1526 982 1762 1046 semitis,
1798 980 1943 1050 quod
1979 981 2047 1034 ad

489 1080 655 1132 vitam
673 1076 1010 1146 dirigendatn
1029 1076 1243 1140 attinet,
1260 1085 1576 1131 evaserunt.
1596 1073 1668 1128 Ut
1682 1083 1861 1127 autem
1878 1072 2053 1127 oratio

491 1169 681 1224 ordine
726 1168 1003 1236 procedat,
1034 1169 1101 1222 de
1148 1166 1383 1238 singulis
1427 1165 1670 1238 synodis,
1720 1175 1776 1220 et
1802 1163 2054 1219 l’atribus

490 1261 587 1329 qui
635 1260 889 1328 privatim
942 1258 1302 1328 scripserunt,
1332 1258 1651 1312 meminisse
1678 1259 1856 1322 decet,
1900 1256 2053 1325 juxta

496 1351 754 1420 temporis
784 1350 1000 1418 quidem
1034 1349 1480 1419 consequentiam
1519 1357 1574 1403 et
1603 1362 1764 1418 quem
1813 1350 1957 1402 istud
1986 1347 2054 1401 iis

488 1444 737 1499 ordinem
804 1442 1081 1511 imposuit.
1136 1443 1275 1508 Quin
1328 1450 1383 1495 et
1436 1443 1790 1509 imperatores
1825 1455 2052 1509 quorum

494 1534 828 1605 temporibus
884 1535 1190 1589 divinorum
1246 1533 1434 1588 borum
1492 1535 1594 1588 sub
1650 1535 1761 1588 Deo
1806 1540 2095 1588 auctores

491 1640 761 1681 canonum
792 1625 1110 1680 claruerunt
1131 1625 1591 1680 commemorandi
1618 1636 1763 1683 sunt.
1795 1625 1884 1679 Sic
1909 1625 2052 1679 enim

492 1715 670 1770 oratio
701 1715 989 1786 perspicua
1019 1715 1142 1768 erit.

632 1826 676 1883 1.
720 1825 794 1881 De
833 1836 1135 1881 sanctorum
1186 1831 1543 1898 apostolorum
1597 1832 1908 1885 renonibus.

572 1943 893 1998 Sanctorum
926 1943 1289 2011 apostolorum
1327 1946 1545 2001 nomine
1581 1942 1874 2014 nuncupati
1900 1953 2052 1997 octo-

499 2035 645 2106 ginta
679 2034 917 2104 quinque
946 2049 1184 2089 canones
1223 2035 1383 2106 primi
1418 2036 1857 2091 commodissime
1886 2033 2054 2088 collo-

472 2138 706 2192 eantur,
732 2136 916 2195 utpote
935 2126 1048 2195 qui,
1074 2135 1133 2180 ut
1162 2126 1313 2179 aiunt
1340 2126 1607 2189 nonnulli,
1635 2139 1666 2179 a
1692 2140 1885 2194 magno
1911 2124 2054 2179 inter

495 2227 763 2289 martyres
780 2216 1056 2272 Clemente
1074 2215 1372 2287 conscripti
1392 2226 1539 2270 sunt.
1558 2215 1656 2270 llic
1676 2227 1853 2271 autem
1872 2217 2050 2286 magni

495 2307 641 2364 Petri
688 2309 866 2362 socius
915 2306 1037 2371 iuit,
1070 2306 1364 2374 quinetiam
1396 2316 1449 2361 et
1484 2307 1590 2362 divi
1624 2306 1799 2370 Pauli,
1833 2319 1890 2361 ut
1924 2306 2041 2374 ipse

493 2404 751 2456 nimirum
780 2400 848 2454 de
871 2415 935 2453 eo
956 2399 1117 2451 tradit
1140 2418 1152 2451 :
1178 2399 1267 2469 qui
1298 2399 1487 2453 tertius
1518 2410 1636 2468 post
1661 2412 2048 2468 prteceptoretn

493 2495 712 2549 Petrmn
746 2492 931 2546 Romae
961 2492 1248 2560 episcopus
1289 2491 1599 2545 nominatus
1624 2500 1730 2553 est,
1765 2490 1901 2544 Lino
1931 2505 2053 2545 suc-

493 2587 692 2641 cedens
721 2604 734 2640 :
766 2595 819 2639 et
848 2583 1088 2654 martyrii
1115 2598 1315 2637 corona
1346 2586 1444 2639 sub
1474 2582 2052 2653 imperatoreTrajano

494 2680 775 2731 redimitus
836 2687 936 2729 est.
994 2676 1324 2729 Clementem
1378 2685 1557 2729 autem
1610 2690 1704 2728 eos
1767 2673 2051 2743 scripsisse

496 2766 739 2821 nonnulli
769 2765 1133 2834 conjecturam
1160 2763 1401 2819 iecerunt
1428 2780 1493 2817 ex
1523 2780 1587 2819 eo
1614 2765 1759 2832 quod
1783 2765 1838 2819 in
1866 2763 2052 2817 ultimo

494 2875 702 2914 canone
743 2857 1011 2927 propiiam
1055 2873 1206 2911 suam
1264 2857 1467 2911 inducit
1525 2871 1859 2927 personam:
1908 2856 2051 2925 quod

495 2950 656 3004 etiam
700 2950 880 3001 divum
925 2946 1125 3000 Lucam
1179 2945 1232 3000 in
1272 2946 1422 3000 Actis
1461 2945 1824 3016 apostolorum
1858 2945 2052 3001 iecisse

494 3048 728 3093 constat.
757 3035 1035 3105 Nusquam
1062 3035 1204 3091 enim
1233 3052 1420 3090 omnes
1444 3051 1626 3091 sacros
1648 3035 1918 3106 apostolos
1944 3052 2049 3090 una

496 3130 812 3186 convenisse
862 3139 915 3184 et
965 3143 1060 3181 eos
1103 3129 1375 3182 counuuni
1408 3144 1676 3183 consensu
1707 3128 2054 3185 constituisse

495 3224 712 3291 scriptis
749 3223 1002 3277 traditur.
1040 3220 1105 3274 Et
1139 3220 1427 3276 verisimile
1453 3231 1539 3275 est
1564 3236 1805 3276 summos
1835 3230 2054 3291 aposto-

494 3315 667 3369 lorum
699 3314 746 3367 ei
779 3315 868 3382 qui
901 3311 1101 3365 tamdiu
1132 3313 1418 3380 praesentia
1451 3313 1691 3384 ipsorum
1724 3312 1917 3367 lruitus
1949 3323 2054 3377 est,

494 3404 614 3458 illos
669 3404 928 3475 dictaSse,
987 3410 1043 3455 et
1094 3400 1323 3468 iussisse
1372 3411 1430 3454 ut
1480 3403 1699 3472 scriptis
1746 3405 2050 3459 mandaret.

494 3495 635 3550 lluic
682 3504 861 3548 autem
906 3503 961 3547 et
1007 3493 1259 3561 Epistulae
1308 3494 1373 3547 ad
1406 3493 1659 3550 llebrzeos
1707 3495 1759 3549 in
1813 3495 2051 3565 linguam

495 3588 737 3643 Grtecam
774 3585 1278 3654 interpretationem
1303 3587 1583 3641 ascribunt
1608 3602 1624 3640 :
1660 3586 1886 3641 multum
1909 3588 2054 3642 enim

494 3690 579 3734 est
609 3678 905 3741 aiiluitatis,
940 3684 994 3731 et
1024 3677 1185 3731 ambo
1216 3680 1461 3733 eamdem
1493 3678 1726 3747 speciem
1780 3686 1838 3732 et
1886 3679 2056 3748 ipsius

492 3770 748 3841 loquendi
778 3769 1022 3825 formulae
1066 3772 1437 3825 characterem
1474 3770 1673 3826 lerunt.
1705 3768 1824 3825 Non
1876 3780 2053 3826 autem

496 3880 581 3919 me
610 3864 739 3919 latet
769 3864 1029 3932 quosdam
1057 3877 1087 3917 e
1113 3864 1390 3918 veteribus
1422 3862 1586 3919 hosce
1614 3879 1854 3921 canones
1877 3865 2055 3921 dubia!

495 3956 619 4009 fidei
649 3956 1009 4015 existimasse,
1040 3953 1210 4008 donec
1243 3964 1430 4009 sancta
1453 3963 1507 4009 et
1532 3957 1875 4012 aecumenica
1900 3968 2054 4011 sexta

494 4049 750 4117 synodus,
814 4046 1055 4101 omnium
1110 4061 1392 4099 sacrorum
1451 4061 1716 4101 canonum
1768 4062 2053 4103 numerum

494 4140 883 4203 determinetis,
929 4153 1065 4206 quos
1096 4148 1202 4192 tam
1243 4140 1594 4193 ascumeuicte
1643 4155 1804 4210 quam
1855 4140 2057 4196 locales

495 4226 709 4296 synodi,
740 4241 980 4293 quosque
1014 4228 1180 4279 etiam
1228 4227 1473 4279 nonnulli
1520 4228 1718 4294 pietate
1769 4236 1825 4282 et
1852 4230 2056 4285 virtute

496 4318 678 4373 eximii
713 4315 904 4371 Patres
954 4319 1201 4385 privatim
1245 4329 1689 4385 composuerant,
1734 4319 1923 4371 borum
1972 4320 2057 4373 in-

2153 528 2353 618 παντὺς
2383 528 2586 597 μᾶλλον
2607 533 2838 595 εἰκότως
2864 536 3073 607 ταύτην
3109 538 3236 611 ἔσχε
3258 543 3358 613 τὴν
3384 546 3717 618 πρότμησιν,

2150 616 2237 671 οἷα
2274 620 2401 682 τοὺς
2435 622 2794 691 πειθομένους
2825 628 3009 690 αὐτοις
3037 631 3174 701 πρὸς
3213 636 3314 705 τὴν
3340 637 3514 709 ὀρθὴν
3540 616 3718 695 ἀπευ-

2151 708 2386 763 θύνοντα
2432 711 2639 775 πίστιν,
2693 718 2789 767 καὶ
2836 718 2972 786 πρὸς
3019 719 3246 792 θεοφιλῆ
3299 725 3417 793 βίον
3462 730 3719 796 ἀπλανῶς

2152 799 2510 869 ἐφελκόμενα.
2579 804 3034 878 Ἐπικαιρότατον
3074 813 3121 865 δ’
3173 815 3241 869 ἂν
3294 819 3381 887 εἴη
3441 822 3544 877 καὶ
3583 827 3719 877 κατὰ

2156 893 2318 961 μέρος
2355 892 2506 963 ἑξῆς,
2538 897 2615 961 ὡς
2638 898 2771 965 γοῦν
2791 903 2925 970 ἡμῖν
2953 903 3192 972 ἐφικτὸν,
3227 909 3542 979 ἱστορῆσαι,
3569 915 3715 979 πότε,

2154 986 2266 1039 κάκ
2293 985 2474 1051 τίνων,
2504 991 2598 1043 καὶ
2631 990 2779 1054 ὅπως
2809 994 2893 1057 είς
2920 996 3036 1063 φῶς
3068 997 3299 1063 ἕκαστος
3328 1002 3437 1055 τῶν
3471 1006 3716 1061 κανόνων

2153 1077 2446 1147 προῆλθον,
2475 1081 2569 1135 καὶ
2600 1081 2792 1153 λύχνος
2821 1088 2933 1148 τοῖς
2962 1088 3123 1157 ἡμῶν
3154 1092 3298 1155 ποσὶ,
3327 1095 3420 1147 καὶ
3458 1096 3581 1163 φῶς
3604 1100 3717 1159 ταῖς

2154 1169 2295 1225 κατὰ
2320 1170 2414 1227 τὸν
2454 1171 2569 1241 βίον
2601 1175 2952 1242 ἐγεγόνεισαν
2978 1174 3208 1251 τρὲεοξ.
3242 1185 3358 1238 Ἵνα
3385 1185 3443 1238 δέ
3473 1188 3575 1239 καὶ
3602 1189 3716 1241 καθ’

2155 1260 2349 1329 εἱρμὸν
2372 1264 2402 1317 ὁ
2431 1261 2592 1329 λόγος
2615 1266 2820 1334 προΐοι,
2853 1268 3092 1341 ἑκάστης
3114 1273 3334 1329 συνόδου
3363 1277 3459 1330 καὶ
3487 1278 3598 1330 τῶν
3620 1279 3719 1349 ἰδίᾳ

2154 1349 2483 1419 γραψάντων
2517 1354 2778 1425 Πατέρων
2818 1364 3248 1430 μνημονευτέον,
3303 1369 3445 1420 κατὰ
3491 1367 3594 1438 τὴν
3628 1369 3717 1421 τοῦ

2154 1443 2347 1513 χρόνου
2384 1445 2569 1512 μέντοι
2602 1447 2946 1515 ἀκολουθίαν,
2978 1452 3073 1505 καὶ⁸
3102 1451 3170 1523 ἢν
3196 1448 3353 1518 οὗτος
3407 1459 3569 1523 τάξιν
3598 1458 3717 1511 τού-

2154 1550 2267 1596 τοις
2293 1534 2582 1604 ἐπέθηκεν.
2622 1537 3020 1609 Ἑπιμνηστέον
3063 1544 3120 1599 δὲ
3154 1545 3252 1598 καὶ
3282 1546 3393 1601 τῶν
3427 1548 3716 1617 βασιλέων,

2155 1626 2277 1677 καθ’
2312 1625 2407 1689 οὓς
2438 1628 2489 1679 οἱ
2520 1627 2802 1699 ὑποφῆται
2849 1633 2959 1686 τῶν
3010 1634 3173 1689 θείων
3200 1639 3432 1692 τουτωνὶ
3478 1643 3718 1695 κανόνων

2158 1717 2473 1788 ἐξέλαμψαν
2491 1736 2503 1750 ·
2536 1721 2680 1779 οὕτω
2716 1723 2828 1793 γὰρ
2850 1725 2916 1783 ἂν
2944 1727 2973 1781 ό
3000 1726 3158 1795 λόγος
3186 1730 3518 1796 εὐσύνοπτος
3541 1734 3652 1803 εἴη.

2190 1831 2269 1884 Α⁸.
2306 1831 2444 1901 Περὶ
2474 1832 2597 1887 τῶν
2633 1837 2913 1889 κανόνων
2942 1838 3062 1891 τῶν
3092 1842 3277 1909 ἁγίων
3310 1842 3688 1901 ἀποστόλων.

2227 1943 2441 2013 Πρῶτοι
2482 1946 2665 2000 τοίνυν
2692 1948 2741 2001 oi
2773 1950 2861 2002 ἐπ’
2890 1949 3115 2019 ὀνόματι
3145 1951 3256 2006 τῶν
3292 1952 3466 2021 ἁγίων
3491 1942 3721 2011 ἀποστό-

2154 2030 2262 2085 λων
2291 2035 2453 2088 πέντε
2481 2037 2618 2104 πρὸς
2662 2039 2776 2100 τοῖς
2805 2039 3140 2112 ὀγδοήκοντα
3182 2046 3407 2109 κανόνες
3438 2049 3500 2099 ἐν
3529 2052 3598 2119 τῇ
3627 2049 3716 2102 τοῦ

2154 2124 2323 2178 καλοῦ
2348 2126 2540 2196 πρώτῃ
2573 2130 2739 2199 μοίρᾳ
2769 2130 3097 2197 ἐκδέδονται,
3127 2140 3452 2204 συγγραφέα
3480 2139 3716 2208 σχόντες,

2155 2214 2231 2277 ὣς
2282 2215 2415 2283 φασί
2462 2232 2629 2280 τινες,
2677 2219 2768 2271 τὸν
2820 2220 2995 2289 μέγαν
3038 2224 3096 2274 ἐν
3132 2224 3370 2295 μάρτυσι
3407 2227 3712 2298 Κλήμεντα.

2156 2306 2365 2377 Πέτρου
2413 2308 2470 2361 δὲ
2517 2304 2585 2374 ἦν
2640 2310 2750 2379 ἄρα
2787 2304 2944 2374 οὗτος
2991 2313 3258 2386 ὁμιλητὴς
3301 2318 3396 2371 τοῦ
3448 2321 3713 2390 μεγάλου⁰

2153 2397 2289 2451 ἀλλὰ
2319 2399 2382 2468 δὴ
2408 2400 2501 2451 καὶ
2534 2399 2751 2453 Παύλου
2777 2402 2873 2456 τοῦ
2904 2403 3071 2473 θείου,
3102 2406 3178 2469 ὡς
3208 2411 3369 2472 αὐτὸς
3396 2410 3569 2475 δήπου
3594 2417 3716 2484 περὶ

2156 2487 2349 2542 ἐαυτοῦ
2402 2489 2644 2560 ἱστορεῖο
2688 2488 2749 2555 ὃς
2804 2494 2987 2564 τρίτος
3053 2499 3197 2565 μετά
3249 2500 3344 2552 τὸν
3399 2500 3714 2558 διδάσκαλον

2156 2578 2365 2649 Πέτρον
2400 2580 2500 2650 τῆς
2544 2580 2767 2651 Ῥώμης
2809 2583 3106 2650 ἐπίσκοπος
3163 2592 3579 2659 κεχρημάτικε,
3628 2598 3711 2648 τὸν

2155 2671 2314 2725 Αἶνον
2346 2671 2749 2741 διαδεξάμενος,
2775 2674 2870 2727 καὶ
2909 2678 3001 2730 τὸν
3041 2688 3385 2747 μαρτυρικὸν
3424 2684 3709 2754 ἀνεδήσατο

2156 2764 2441 2830 στέφανον,
2466 2764 2562 2817 ἐπὶ
2584 2765 2857 2833 Τραϊανοῦ
2882 2766 3166 2836 βασιλέως.
3193 2772 3488 2843 Κλήμεντα
3512 2777 3566 2831 δέ
3589 2780 3705 2832 τού-

2154 2869 2282 2914 τους
2304 2854 2511 2925 γράψαι
2551 2856 2701 2917 τινὲς
2738 2857 3124 2927 ἐστοχάσαντο,
3173 2863 3238 2915 ἐκ
3282 2868 3376 2918 τοῦ
3424 2868 3485 2919 τὸ
3518 2870 3707 2922 οἰκεῖον

2155 2945 2397 3033 εἰσάγειν
2425 2946 2722 3015 πρόσωπον
2748 2947 2826 3017 τῷ
2869 2947 3170 3024 τελευταίῳ
3214 2955 3422 3019 κανόνι,
3460 2957 3532 3020 ὣς
3561 2977 3621 3027 γε
3648 2960 3707 3028 δὴ

2156 3038 2254 3090 καὶ
2284 3040 2313 3091 ὁ
2343 3037 2485 3102 θεῖος
2513 3039 2731 3103 Λουκᾶς
2761 3041 2820 3094 ἐν
2857 3044 2978 3106 ταῖς
3017 3043 3258 3116 Πράξεσι
3307 3050 3479 3101 ποιῶν
3505 3050 3706 3103 δείκνυε

2156 3142 2281 3179 ταιο
2335 3126 2456 3179 ούδὶ
2505 3128 2615 3198 γὰρ
2678 3130 2962 3203 ίστόρηταί
3010 3151 3112 3187 που
3152 3137 3365 3201 πάντας
3410 3142 3500 3203 εἰς
3551 3141 3705 3195 ταυτδ

2159 3216 2434 3271 συνελθεῖν
2461 3220 2589 3283 τοὺς
2639 3221 2820 3294 ἱεροὺς
2855 3223 3207 3293 ἀποστόλους,
3261 3230 3358 3282 καὶ
3401 3235 3553 3302 κοινῇ
3585 3233 3705 3288 τού-

2156 3325 2279 3372 τους
2310 3310 2695 3380 συντεταχέναι
2722 3327 2740 3343 ο
2769 3316 2864 3368 καὶ
2912 3316 3059 3379 είκός
3104 3334 3169 3385 γε
3210 3318 3340 3383 τοὺς
3371 3322 3578 3394 ἄκρους
3604 3324 3705 3376 τῶν

2155 3400 2493 3468 ἀποστόλων,
2525 3403 2607 3473 τῷ
2642 3403 2810 3458 πολὺν
2862 3405 2964 3476 ἤδη
3016 3408 3212 3477 χρόνον
3261 3409 3365 3479 τῆς
3423 3414 3704 3475 συνουσίας

2157 3491 2338 3545 αὐτῶν
2396 3493 2830 3561 ἀπολελαυκότι,
2887 3498 3114 3562 τούτους
3159 3500 3562 3573 ύπαγορεΰσαι,
3614 3507 3706 3558 καὶ

2155 3585 2339 3652 γραφῇ
2405 3583 2590 3637 δοῦναι
2662 3584 2943 3641 κελεῦσαι.
3006 3587 3194 3659 Τούτῳ
3246 3590 3351 3643 καὶ
3413 3593 3513 3661 τῆς
3575 3595 3705 3663 πρὸς

2168 3672 2455 3745 Ἐϐραίους
2487 3676 2776 3746 ἐπιστολῆς
2802 3676 2903 3747 τὴν
2949 3680 3087 3747 πρὸς
3131 3678 3231 3749 τὴν
3261 3680 3490 3735 Ἐλλάδα
3531 3684 3704 3752 φωνην

2156 3766 2453 3834 ἑρμηνείαν
2500 3767 2856 3820 ἀνατιθέασιο
2914 3768 3049 3822 πολὺ
3078 3762 3193 3839 γὰρ
3217 3772 3280 3823 τὸ
3329 3774 3586 3841 συγγενὲς
3611 3776 3701 3825 καὶ

2155 3853 2322 3924 ἄμφω
2360 3854 2585 3925 φέρουσι
2610 3855 2785 3911 ταῦτα
2814 3857 2918 3927 τῆς
2942 3857 3086 3921 ἰδέας
3117 3861 3216 3912 καὶ
3253 3860 3346 3913 τοῦ
3373 3863 3702 3936 χαρακτῆρος

2150 3942 2265 3996 τῶν
2293 3943 2469 4013 λόγων
2494 3945 2725 4001 ἐκείνου.
2757 3947 2869 3999 Οὐκ
2896 3947 3078 4014 ἀγνοῶ
3102 3949 3178 4011 δὲ,
3208 3948 3282 4011 ὥς
3312 3968 3456 4013 τινες
3482 3954 3586 4004 τῶν
3608 3957 3701 4020 ὰρ‹

2155 4033 2345 4104 καίων,
2374 4034 2703 4104 ἀμφιϐόλους
2734 4035 2823 4088 διὰ
2856 4035 3026 4089 ταῦτα
3054 4037 3181 4099 τοὺς
3212 4041 3445 4102 κανόνας
3473 4042 3692 4103 τούτους

2156 4128 2452 4198 ἡγήσαντο.
2474 4126 2579 4188 ἕως
2602 4128 2635 4196 ἡ
2665 4127 2795 4194 ἁγία
2821 4128 2915 4180 καὶ
2934 4129 3288 4199 οἰκουμενικὴ
3315 4130 3450 4198 ἕκτη
3478 4130 3699 4193 σύνοδος,

2155 4218 2253 4289 τὴν
2298 4216 2681 4287 ἀπαρίθμησιν
2736 4215 3035 4286 ποιουμένη
3091 4217 3203 4269 τῶν
3255 4219 3418 4288 ἱερῶν
3460 4220 3700 4273 ἁπάντων

2157 4311 2420 4375 κανόνων,
2467 4308 2562 4372 οὒς
2593 4308 2653 4361 ατ
2695 4323 2755 4360 τε
2790 4310 3176 4378 οίκουμενικαὶ
3214 4313 3309 4363 καὶ
3338 4313 3558 4364 τοπικαὶ
3586 4327 3701 4363 συν-

497 4408 686 4478 primis
739 4409 1067 4461 mentionem
1130 4405 1282 4460 facit.
1338 4405 1478 4461 Dicit
1523 4408 1665 4461 enim
1717 4406 1816 4461 :A
1853 4409 2054 4463 sanctis

2159 4403 2421 4468 ετάξαντο
2446 4400 2675 4465 σύνοδοι,
2713 4401 2809 4455 καὶ
2840 4400 2935 4464 οὓς
2965 4397 3121 4465 αὖθις
3161 4403 3270 4472 ἰδία
3293 4404 3403 4456 τῶν
3437 4404 3524 4457 ἐπ’
3558 4405 3700 4457 sese-

497 4500 745 4553 l'atribus
774 4498 987 4567 quinos
1022 4505 1416 4565 praecesserunt
1453 4506 1736 4567 susceptos
1778 4499 2058 4554 eteonlir-

496 4600 670 4645 malos
690 4599 743 4644 et
772 4580 947 4642 nobis
968 4590 1130 4641 etiam
1160 4588 1260 4641 sub
1291 4598 1604 4642 sanctorum
1624 4601 1677 4641 et
1695 4588 2053 4658 gloriosorum

494 4684 860 4751 apostolorum
925 4681 1142 4734 nomine
1199 4681 1429 4733 traditos
1486 4682 1759 4747 octagiuta
1814 4682 2055 4750 quinque

493 4790 730 4829 canones
761 4773 1111 4827 autoritateut
1171 4772 1407 4823 retinere
1436 4786 1532 4825 nos
1588 4773 1750 4825 etiam
1779 4773 2052 4843 iubemus,

494 4864 735 4932 exceptis
757 4860 1053 4916 Clementis
1076 4858 1333 4929 Epistolis
1353 4870 1408 4913 et
1423 4858 1940 4924 Constitutionibus;
1972 4861 2054 4915 hae

496 4956 639 5005 enim
666 4955 849 5007 multis
866 4951 1181 5005 adulterinis
1201 4961 1255 5004 et
1276 4950 1597 5018 perniciosis
1612 4961 1881 5020 corrupta:
1899 4963 2048 5008 sunt.

496 5038 835 5112 llmc'iiaque
878 5043 999 5097 talis
1026 5052 1295 5095 tantorum
1327 5051 1380 5095 et
1407 5050 1572 5101 tanta
1601 5042 1940 5097 auctoritatis
1968 5045 2049 5098 vi-

495 5150 678 5192 rorum
694 5133 968 5189 sententia
992 5146 1206 5188 omnem
1235 5130 1398 5189 animi
1424 5130 1491 5185 de
1514 5132 1814 5186 cauon'rbus
1836 5144 2052 5201 οροσω-

496 5228 613 5283 licis
644 5224 1031 5281 dubitationem
1087 5236 1300 5278 summa
1353 5231 1619 5290 potestate
1657 5223 1891 5279 ﬁdelium
1926 5242 2050 5280 cor-

496 5321 654 5373 dibus
682 5319 899 5375 evulsit.

2156 4495 2275 4566 6είᾳ
2302 4493 2694 4562 ὂιενεγκόντων
2712 4494 2809 4545 καὶ
2837 4493 3008 4564 ἀρετῇ
3045 4494 3306 4565 Πατέρων
3337 4497 3488 4558 ἔνιοι,
3511 4494 3699 4564 προύρ-

2157 4603 2255 4655 γου
2297 4585 2505 4638 τούτων
2550 4583 3039 4653 ἀπεμνημόνευσε.
3085 4586 3226 4653 Φησὶ
3271 4587 3411 4657 γάρ’
3447 4589 3575 4649 Τοὺς
3603 4586 3697 4637 ὑπὸ

2154 4679 2265 4731 τῶν
2294 4676 2400 4747 πρὸ
2428 4676 2585 4744 ἡμῶν
2634 4674 2804 4741 ἁγίων
2849 4675 3110 4742 Πατέρων
3141 4676 3233 4728 καὶ
3263 4677 3563 4747 δεχθιντας,
3607 4674 3695 4728 καὶ

2156 4768 2528 4839 κυρωθέντας,
2562 4766 2697 4819 ἀλλὰ
2728 4765 2838 4833 μὴν
2883 4766 2975 4817 καὶ
3003 4766 3409 4834 παραδοθέντας
3448 4770 3572 4837 ἡμῖν
3612 4764 3693 4816 ἐπ’

2158 4861 2382 4930 ὀνόματι
2406 4858 2517 4911 τῶν
2558 4859 2728 4926 ἁγίων
2772 4857 2867 4909 καὶ
2913 4856 3139 4921 ἐνδόξων
3168 4859 3484 4912 ἀποστόλων
3522 4857 3693 4925 ὀγδοη-

2160 4970 2324 5005 κοντα
2354 4952 2514 5004 πέντε
2541 4950 2797 5011 κανόνας,
2829 4948 2890 4999 τὸ
2920 4947 3090 5017 κῦρος
3117 4949 3263 5019 ἔχειν
3313 4952 3405 5002 καὶ
3434 4950 3582 5020 ἡμεῖς
3609 4963 3692 5000 κει

2157 5046 2411 5113 λεύομεν,
2444 5041 2583 5110 πλὴν
2612 5041 2721 5093 τῶν
2745 5040 2840 5092 τοῦ
2871 5040 3185 5110 Κλήμεντος
3209 5043 3502 5096 ἐπιστολῶν
3530 5057 3582 5095 τε
3607 5041 3688 5094 καὶ

2157 5139 2484 5204 διατάξεωνο
2527 5127 2815 5203 αὗταιγὰρ
2848 5132 2988 5202 πρὸς
3025 5133 3135 5186 τῶν
3169 5133 3446 5188 δυσσεϐὦν
3481 5136 3603 5187 πολὺ
3639 5133 3688 5184 τὸ

2158 5232 2311 5285 νόθον
2352 5230 2445 5281 καὶ
2472 5224 2738 5294 σφαλερὸν
2765 5224 3123 5287 εἰσεδέξαντο.
3172 5225 3240 5278 Ἦ
3270 5227 3491 5295 τοιαύτη
3532 5226 3687 5277 τοίνυν

2161 5324 2299 5391 αὕτη
2337 5318 2489 5387 φωνὴ
2537 5316 2647 5368 τῶν
2687 5314 2957 5368 τοσούτων
2998 5319 3093 5368 καὶ
3140 5317 3476 5385 τηλικούτων
3510 5314 3687 5383 ἀνδρῶν

497 5420 675 5469 πάντα
726 5412 985 5479 λογισμον
1037 5411 1165 5479 περὶ
1222 5409 1331 5462 τῶν
1382 5410 1758 5466 ἀποστολικῶν
1806 5418 2043 5473 κανόνων
2084 5417 2387 5493 ἀμφίδολον
2409 5416 2472 5467 ἐκ
2502 5413 2600 5480 τῆς
2628 5410 2738 5463 τῶν
2773 5409 2981 5463 πιστῶν
3020 5411 3247 5483 καρδίας
3319 5414 3458 5482 μετὰ
3520 5405 3685 5462 πολλοῦ

495 5509 589 5560 τού
623 5506 778 5575 κρείτ
792 5521 935 5565 εονος
963 5505 1255 5572 περιεῖλεν.

848 5616 911 5672 ll.
939 5617 1009 5671 De
1032 5618 1199 5689 synod
1217 5635 1246 5673 ο
1276 5618 1700 5690 Carthaginensi.

566 5735 815 5789 Uinnium
840 5733 1047 5802 quidem
1079 5733 1456 5789 uanCI‘Snl-illtn
1488 5734 1687 5803 pariter
1709 5750 1769 5790 ac
1802 5735 2048 5791 loc-alium
2132 5789 2144 5800 ,

2349 5615 2423 5671 ιδ’.
2460 5617 2595 5684 Περὶ
2624 5614 2732 5683 τῆς
2759 5616 2828 5668 ἐν
2854 5614 3192 5686 Καρχηδόνι
3224 5616 3508 5671 συνόδου.

2232 5734 2352 5787 Τῶν
2384 5749 2446 5799 γε
2486 5730 2591 5800 μὴν
2636 5729 3029 5803 οἰκουμενικῶν
3066 5746 3124 5782 τε
3166 5730 3260 5781 καὶ
3293 5728 3523 5782 τοπικῶν
3559 5727 3681 5780 ἀπα·
