3880 6586
507 488 612 549 979

1726 481 2079 542 ΜΑΤΤΗᾸΞῙ

2188 481 2566 541 LAS’I‘ARIS
3618 478 3705 546 980

496 600 698 655 nullam
729 598 844 655 fore
889 597 946 654 in
978 598 1068 654 Doi
1109 614 1278 670 regno
1312 597 1620 669 portionem
1670 592 2013 650 allirmabant
2042 613 2054 649 :

2188 590 2366 661 πλήσια
2419 589 2632 652 τούτοις
2697 585 3139 658 νεωτερίζοντες,
3194 584 3475 640 ἐδίδασκόν
3519 605 3571 642 τε
3625 597 3707 648 καὶ

495 706 546 750 et
574 696 677 750 alia
711 710 871 766 quam
895 696 1123 764 plurima
1153 694 1300 750 hisce
1329 693 1528 748 similia
1553 692 1616 747 de
1648 707 1788 747 novo
1820 692 2034 746 introdu

496 797 683 842 centes
717 786 986 842 docebant
1017 787 1223 857 pariter
1256 799 1319 838 ac
1347 794 1602 852 tanquam
1639 784 1888 853 dogmata
1922 795 2063 848 prae.-

497 880 830 934 scribebant.
899 879 1174 934 A-lversus
1242 877 1404 931 hosce
1435 875 1598 944 igitur
1657 873 2066 927 tinitimosloco

498 971 752 1038 praedicto
783 971 1107 1024 convenisse
1135 968 1420 1038 episcOpos
1455 966 1696 1029 tradunt,
1729 980 1869 1034 quos
1899 963 2064 1018 etiam

497 1071 683 1117 eontra
723 1078 819 1116 eos
876 1063 968 1131 qui
1018 1061 1182 1128 hujus
1215 1070 1372 1114 erant
1421 1057 1693 1128 opinionis
1727 1055 2063 1122 undeviginti

496 1155 729 1208 edidisse
756 1169 993 1208 canones
1019 1153 1175 1206 nobis
1198 1159 1405 1205 constat
1429 1165 1443 1213 ;
1474 1149 1713 1214 istosque
1737 1148 1804 1198 alt
1828 1144 2070 1199 Ecclesia

498 1248 765 1304 Catholica
795 1249 1000 1302 alienos
1025 1246 1141 1300 fore
1172 1244 1538 1302 constituisse,
1567 1241 1669 1295 nisi
1695 1240 1849 1310 juxta
1875 1237 2066 1307 synodi

499 1341 717 1395 decreta
747 1340 1000 1395 omnibus
1033 1341 1147 1394 suis
1178 1338 1443 1393 institutis
1470 1333 1848 1389 renuntiarent
1875 1349 1887 1384 :
1918 1332 1970 1383 in
2001 1345 2066 1383 eo

501 1431 667 1500 igitur
691 1429 927 1493 concilio
959 1431 1099 1484 fama
1147 1439 1229 1484 est
1259 1429 1596 1483 Eustathiutn
1630 1426 1956 1482 declarasse.
2011 1437 2072 1476 se

505 1541 608 1577 non
642 1524 976 1591 pertinaciae,
1030 1523 1122 1577 sed
1151 1523 1251 1592 piat
1305 1518 1716 1575 exercitationis
1750 1516 1919 1582 gratia
1956 1515 2072 1568 haec

502 1614 890 1680 introduxisse,
917 1627 970 1669 et
992 1615 1236 1669 habitum
1266 1621 1496 1676 mutare,
1521 1619 1701 1665 etnon
1727 1608 1888 1661 aliter
1909 1615 2074 1672 atque

504 1708 692 1778 reliqui
719 1707 900 1764 clerici
930 1707 1126 1777 passim
1161 1706 1412 1760 incedere
1432 1703 1749 1758 instituisse.
1769 1702 1901 1768 Qua:
1925 1699 2070 1754 enim

504 1813 774 1870 postremo
804 1801 885 1856 sic
923 1800 990 1854 ab
1016 1815 1081 1855 eo
1116 1808 1266 1869 gesta
1296 1806 1446 1865 sunt,
1479 1794 1751 1866 prioribus
1783 1801 1841 1846 ut
1887 1805 2075 1862 parce-

507 1902 678 1960 retur,
711 1893 988 1963 impetrari
1026 1892 1407 1957 existimabat;
1448 1888 1659 1945 tametsi
1711 1886 1846 1941 nihil
1873 1883 2077 1940 utilita-

506 1985 575 2037 tis
613 1999 680 2037 ex
718 1984 819 2037 hoc
855 1993 1166 2037 commento
1206 1982 1691 2052 percipiebat,.nec
1725 1991 1940 2046 pcenam
1975 1991 2075 2029 au-

507 2078 584 2132 sis
613 2077 732 2132 suis
780 2075 1039 2142 debitam,
1077 2093 1103 2128 a
1136 2074 1443 2130 sacerdotio
1493 2072 1744 2127 videlicet
1770 2069 2073 2139 depositio-

508 2183 650 2233 nem,
681 2167 943 2235 aufugere
968 2145 1200 2235 poterat.
1239 2165 1321 2221 Me
1349 2180 1477 2219 vero
1513 2163 1650 2218 latet
1676 2176 1837 2232 quam
1863 2161 1932 2215 ob
1961 2173 2073 2213 rem

506 2260 674 2314 divini
717 2259 772 2314 hi
802 2259 992 2314 Patres
1024 2259 1252 2327 singulis
1285 2257 1582 2313 canonibus
1610 2270 1714 2310 non
1749 2251 2076 2322 segregatio-

508 2366 654 2417 nctn,
683 2351 774 2408 sed
809 2352 1099 2406 anathema
1134 2349 1513 2420 apposuerint,
1544 2362 1794 2416 magnum
1816 2344 2074 2398 nimirum

508 2444 728 2501 malitia:
756 2443 1023 2514 impetum
1052 2458 1117 2498 ex
1151 2440 1479 2502 abundantia
1506 2439 1825 2511 pr0pulsare
1851 2436 2075 2507 cupien-

511 2552 613 2595 les.

1066 2631 1141 2687 De
1169 2632 1505 2688 anathemata

581 2725 694 2781 lloc
725 2737 903 2783 autem
931 2727 1430 2781 anathema.sancta
1458 2732 1512 2778 et
1535 2719 1858 2776 universalis
1882 2724 2076 2787 quarta

509 2820 752 2890 synodus
784 2821 839 2875 in
874 2835 969 2875 eos
1005 2819 1150 2874 solos
1181 2817 1528 2888 qui’pecunia
1568 2813 1804 2870 ordinati
1838 2811 2075 2875 fuerunt,

508 2912 774 2978 adhibuit,
805 2911 948 2966 istud
977 2919 1158 2964 autem
1221 2918 1276 2964 et
1325 2906 1606 2962 monachis
1635 2917 1849 2974 quoque
1878 2918 1943 2958 ac
1967 2903 2080 2957 cle-

510 3003 635 3058 ricis
661 3003 755 3072 qui
791 3001 1093 3055 militarem
1132 3007 1491 3068 susceperunt
1541 2995 1784 3052 habitum
1815 3036 1830 3060 ,
1859 3003 1912 3050 et
1942 3010 2080 3048 nono

504 3099 631 3147 dum
700 3093 1063 3163 resipucrunt,
1120 3090 1374 3160 imponit.
1418 3088 1847 3159 Chrysostomus
1899 3095 2074 3139 autem

507 3181 562 3236 in
607 3180 829 3236 homilia
891 3182 1052 3237 deeo
1081 3223 1094 3246 ,
1141 3179 1282 3248 quod
1341 3194 1446 3234 non
1479 3186 1694 3250 oportet
1751 3177 2073 3232 anathema.

509 3277 678 3328 tlzare
723 3273 998 3328 hominem
1071 3273 1318 3336 ﬁdelem,
1389 3286 1490 3326 nec
1551 3271 1774 3325 omnino
1825 3281 2079 3339 oportere

512 3367 802 3419 anathema
851 3365 1097 3434 proferre
1151 3374 1324 3434 putat.
1385 3366 1500 3419 Hoc
1563 3366 1706 3418 enim
1746 3401 1761 3427 ,
1796 3363 2020 3430 inquit,
2051 3376 2079 3413 a
2109 3339 2154 3398 (ἶ

515 3460 735 3513 Christo
778 3473 1005 3529 prorsus
1052 3458 1368 3524 abscindit,
1402 3467 1458 3512 et
1507 3457 1720 3512 diabolo
1783 3455 1945 3509 tradit
1982 3494 1997 3520 ,
2027 3463 2086 3506 ιιι

515 3552 708 3607 salutis
759 3551 1112 3620 assequendae
1176 3553 1352 3608 locum
1393 3553 1514 3606 talis
1561 3550 1795 3620 amplius
1855 3563 1959 3602 non
1990 3547 2086 3602 ha-

515 3646 663 3700 beat.
700 3643 799 3709 Qui
837 3643 1124 3697 anathema
1160 3644 1303 3698 enim
1338 3644 1515 3698 lactus
1540 3651 1645 3706 est,
1674 3659 1703 3696 ιι
1731 3639 1952 3696 Christo
1985 3680 2000 3706 ,
2032 3651 2084 3694 et

516 3737 753 3792 tidelium
781 3736 1049 3790 societate
1078 3744 1387 3804 separatur,
1414 3743 1468 3788 et
1497 3733 1715 3788 Satanae
1741 3730 2078 3801 adiungitur.

517 3829 580 3882 Et
608 3829 1066 3899 quemadmodum
1095 3843 1216 3898 quae
1254 3827 1363 3882 Deo
1391 3828 1741 3891 dedicantur,
1777 3841 1805 3880 a
1837 3839 2086 3880 commu-

519 3922 682 3976 nibus
703 3930 755 3975 et
791 3920 1044 3974 humanis
1074 3917 1330 3988 operibus
1359 3926 1752 3988 segregantur,
1784 3914 1864 3970 sic
1906 3929 1937 3969 e
1960 3929 2089 3970 cou-

518 4029 598 4069 tra
640 4029 763 4084 quae
793 4013 1042 4083 improbo
1075 4020 1434 4082 separantur,
1469 4025 1498 4064 a
1535 4007 1737 4064 divinis
1770 4005 2086 4062 distrahun-

515 4121 622 4162 tur.
664 4107 873 4162 Idcirco
904 4107 1050 4160 ettim
1080 4114 1135 4159 et
1168 4103 1426 4174 synodica
1449 4141 1464 4167 ,
1498 4110 1557 4157 ut
1587 4101 1806 4156 videtur
1839 4139 1854 4166 ,
1882 4099 2087 4154 decisio

514 4191 616 4254 sub
648 4199 882 4270 imperio
927 4197 1272 4252 Constantini
1332 4193 1796 4266 Porphyrogeneti
1828 4233 1842 4258 ,
1875 4203 1932 4247 et
1992 4207 2087 4259 pa-

516 4292 771 4347 triarcha:
798 4291 971 4343 Alexii
1005 4289 1169 4351 facta,
1201 4302 1322 4356 qua:
1359 4299 1457 4341 eos
1500 4285 1592 4356 qui
1643 4285 1712 4339 ab
1745 4283 2090 4352 imperatori-

520 4390 616 4440 bus
651 4385 933 4447 deﬁciunt,
969 4391 1023 4437 et
1059 4396 1212 4436 arma
1277 4388 1467 4434 contra
1525 4393 1622 4434 eos
1655 4377 1960 4448 suscipiunt
1989 4416 2004 4440 ,
2034 4386 2091 4431 et

518 4480 861 4554 tyrannidem
887 4487 1169 4543 exercent,
1202 4478 1547 4532 anathemate
1579 4475 1734 4542 ferit,
1752 4475 2085 4545 abrogatur;

516 4578 649 4631 adeo
680 4583 738 4630 ut
780 4588 899 4644 quae
939 4589 968 4628 a
1032 4587 1226 4644 magno
1269 4571 1433 4626 Patre
1496 4572 1889 4642 Chrysostomo
1943 4567 2085 4621 dicta

2175 685 2557 755 ἐδογμάτιζον.
2612 685 2771 740 Κατὰ
2801 684 2982 738 τοίνυν
3029 682 3236 737 τούτων
3265 682 3396 744 τοὺς
3437 682 3706 754 πλησιοχὼ.

2180 793 2308 847 ρους
2355 777 2492 844 φασὶ
2530 776 2861 847 συνδραμεῖν
2912 775 3266 837 ἐπισκόπους,
3412 777 3709 846 προειρήκα-

2181 886 2299 939 μεν,
2334 873 2430 922 καὶ
2477 868 2572 932 οὓς
2607 869 2768 938 ἴσμεν
2808 868 2950 922 κατὰ
3005 867 3118 920 τῶν
3167 867 3343 940 ταύτῃ
3405 871 3705 937 φρονούντων

2177 962 2432 1015 ἐκθέσθαι
2458 961 2692 1024 κανόνας
2729 961 3117 1015 ἐννεακαίδεκα
3143 978 3157 993 ·
3192 959 3510 1029 ἀλλοτρίους
3551 961 3600 1013 δὲ
3625 962 3708 1013 κά-

2179 1054 2393 1116 κείνους
2424 1052 2524 1122 τῆς
2565 1052 2863 1122 καθολικῆς
2904 1051 3232 1120 Ἐκκλησίας
3279 1051 3627 1120 ψηφίσασθαι,
3654 1051 3706 1104 ἂν

2184 1145 2257 1212 μὴ
2287 1143 2428 1196 κατὰ
2454 1143 2580 1206 τοὺς
2611 1145 2772 1214 ὄρους
2798 1144 2897 1210 τῆς
2925 1143 3150 1196 συνόδου
3195 1142 3430 1194 ἕκαστον
3455 1142 3559 1194 τῶν
3587 1142 3709 1208 σφίσι

2179 1238 2594 1308 νενομισμένων
2643 1237 3104 1307 ἁποκηρύξωσιν·
3155 1235 3406 1289 ἐντεῦθεν
3455 1236 3598 1300 λόγος
3626 1235 3708 1286 Εὑ-

2182 1329 2401 1384 στάθιον
2450 1331 2918 1399 ἐπιδεικνύμενον,
2948 1329 3022 1393 ὡς
3070 1329 3168 1382 οὐκ
3197 1327 3489 1390 αὐθαδείας
3539 1327 3709 1388 ἕνεκεν,

2181 1423 2319 1477 ἀλλὰ
2355 1423 2456 1493 τῆς
2486 1423 2628 1475 κατά
2657 1422 2792 1476 Θεὸν
2816 1423 3103 1490 ἀσκήσεως
3132 1423 3410 1491 εἰσηγεῖτο
3430 1420 3612 1486 ταῦτα,
3637 1422 3712 1471 καὶ

2180 1516 2503 1586 ἐπετήδευεν
2554 1516 2785 1586 ἀμεῖψαί
2827 1532 2884 1567 τε
2927 1515 3026 1586 τὴν
3060 1513 3277 1583 στολὴν,
3317 1515 3415 1566 καὶ
3452 1510 3712 1582 παραπληι

2183 1609 2313 1671 σίως
2341 1611 2453 1670 τοῖς
2504 1609 2683 1672 ἄλλοις
2729 1607 2934 1680 ἱερεῦσι
2987 1606 3084 1671 τὰς
3131 1606 3397 1676 προόδους
3448 1606 3711 1657 ποιεῖσθαι.

2192 1703 2441 1773 Ἐνόμιζε
2469 1703 2577 1773 γὰρ
2599 1703 2821 1757 ἔσεσθαι
2836 1705 2907 1756 τὰ
2921 1702 3209 1756 τελευταῖα
3231 1701 3341 1755 τῶν
3357 1699 3589 1771 πρόσθεν
3602 1714 3716 1768 παρε-

2179 1798 2428 1868 αίτησιν,
2469 1798 2516 1850 εί
2558 1800 2656 1851 καὶ
2698 1798 2868 1868 μηδὲν
2919 1795 3019 1866 τῆς
3071 1795 3239 1849 αὑτοῦ
3287 1793 3535 1855 ἐπινοίας
3592 1791 3714 1844 ἀπῶ-

2177 1912 2328 1957 νατο,
2379 1894 2502 1946 ούδέ
2533 1894 2837 1963 ἀποδρᾶναι
2870 1893 3063 1962 ἴσχυσε
3116 1890 3176 1944 τὸ
3213 1890 3289 1960 μὴ
3339 1890 3400 1942 ού
3443 1888 3594 1956 δίκην
3614 1887 3721 1939 ὐπο-

2179 1991 2330 2059 σχεῖν
2359 1987 2469 2040 τῶν
2495 1985 2940 2056 τετολμημένων,
2990 1985 3092 2052 τὴν
3123 1983 3224 2051 τῆς
3259 1980 3562 2052 ἱερωσύνης
3585 1978 3722 2045 ἀφαι.

2177 2099 2350 2151 ρεσιν.
2384 2080 2499 2133 Οὐκ
2528 2076 2644 2133 οἶδα
2679 2078 2733 2132 δὲ
2764 2083 2818 2131 τί
2848 2076 3118 2140 παθόντες
3152 2076 3203 2130 ot
3233 2077 3372 2128 θεῖοι
3402 2068 3548 2127 οὗτοι
3583 2071 3721 2124 [Ιατὲ-

2179 2191 2291 2242 ρες,
2346 2173 2430 2242 ἐφ’
2480 2171 2693 2242 ἑκάστῳ
2727 2169 2914 2225 κανόνι
2966 2170 3069 2223 οὐκ
3114 2169 3453 2238 ἀφορισμὸν,
3501 2165 3635 2220 ἀλλὰ
3675 2163 3722 2214 τὸ

2177 2267 2428 2336 ἀνάθεμα
2477 2263 2895 2334 προσετίθεσαν,
2923 2261 3022 2332 τὴν
3065 2260 3288 2332 πολλὴν,
3316 2257 3493 2330 οϊμαι,
3517 2258 3617 2327 τῆς
3645 2274 3726 2309 και

2179 2358 2302 2422 ιιῖας
2329 2357 2511 2429 ῥύμην
2541 2358 2602 2424 ἐκ
2630 2355 2952 2428 περιουσίας
2984 2355 3301 2410 ἀναστεῖλαι
3342 2353 3665 2424 βουλόμενοι.

2684 2629 2822 2697 Περι
2858 2627 3246 2698 ἀναθέματος.

2255 2719 2445 2792 Τούτῳ
2485 2719 2648 2788 δὲτῷ
2691 2719 3062 2790 ἀναθέματιή
3109 2720 3243 2788 ἁγία
3281 2719 3378 2773 καὶ
3399 2717 3724 2789 οἰκουμενικὴ

2182 2815 2421 2885 τετάρτη
2455 2813 2678 2876 σύνοδος
2706 2813 2790 2876 είς
2823 2813 3022 2883 μόνους
3052 2813 3324 2884 ἐχρήσατο
3352 2813 3480 2875 τοὺς
3505 2812 3594 2865 ἐπὶ
3616 2812 3724 2882 χρή-

2186 2924 2322 2976 μασι
2352 2906 2833 2979 χειροτονηθέντας
2859 2923 2874 2939 ο
2909 2907 3160 2978 ἐπιφέρει
3189 2905 3247 2959 δὲ
3277 2904 3442 2960 τοῦτο
3471 2906 3560 2958 καὶ
3588 2920 3727 2976 μονα-

2181 3003 2297 3072 χοῖς
2323 3018 2384 3054 τε
2424 3002 2521 3056 καὶ
2553 3001 2861 3072 κληρικοῖς,
2893 2999 3288 3070 στρατιωτικὸν
3318 2998 3730 3069 ἐπανῃρημένοι(

2184 3096 2371 3166 σχῆμα
2405 3095 2496 3148 καὶ
2527 3094 2602 3164 μὴ
2632 3111 2768 3162 μετα
2779 3093 3130 3162 μελομέναις’
3163 3091 3279 3145 ἀλλ’
3311 3091 3342 3144 ό
3377 3091 3478 3161 τὴν
3509 3088 3726 3158 γλῶτταν

2183 3185 2440 3258 χρυσοῦς,
2474 3188 2532 3239 ἐν
2576 3189 2641 3256 τῇ
2691 3186 2880 3256 ὁμιλία⁴
2909 3187 2975 3256 τῇ
3022 3183 3152 3255 περὶ
3181 3182 3277 3237 τοῦ
3314 3183 3389 3255 μὴ
3423 3182 3529 3236 δεῖν
3561 3180 3728 3235 ἀναθε-

2188 3279 2460 3349 ματίζειν,
2510 3278 2612 3333 οὐκ
2642 3278 2816 3332 οἴεται
2875 3278 2987 3332 δεῖν
3040 3278 3180 3341 ὅλως
3229 3277 3426 3330 πιστὸν
3471 3274 3728 3346 ἄνθρωπον

2186 3371 2441 3442 ἀνάθεμα
2471 3371 2673 3440 λέγειν.
2711 3372 2885 3424 Τοῦτο
2928 3369 3038 3440 γὰρ
3071 3369 3357 3432 παντελῶς
3395 3368 3490 3423 τοῦ
3519 3365 3728 3440 Χριστοῦ

2185 3465 2512 3530 ἀποκόπτει,
2547 3465 2702 3535 φησὶ,
2754 3467 2850 3518 καὶ
2894 3465 2972 3536 τῷ
3023 3463 3260 3534 διαϐόλῳ
3311 3459 3728 3532 ἀνατίθησιν,ὼς

2190 3559 2386 3627 μηκέτι
2435 3558 2624 3626 χώραν
2666 3556 2813 3626 ἐχειν
2845 3557 2936 3610 τὸν
2962 3556 3205 3609 τοιοῦτον
3252 3554 3549 3625 σωτηρίας.
3577 3551 3732 3605 Ἀλλο-

2185 3648 2434 3720 τριοῦται
2454 3649 2562 3719 γὰρ
2585 3647 2681 3702 τοῦ
2703 3649 2940 3719 Χριστοῦ
2959 3649 3173 3716 καὶτῆς
3189 3647 3298 3701 τῶν
3319 3647 3528 3701 πιστῶν
3547 3643 3730 3715 ὁμηγύ·

2192 3762 2330 3814 ρεως
2349 3743 2378 3795 ὁ
2397 3743 2646 3814 ἀνάθεμα
2659 3743 2972 3812 γενόμενος,
2989 3744 3083 3796 καὶ
3103 3745 3349 3813 προσκλη
3361 3741 3543 3812 ροῦται
3560 3740 3630 3809 τῷ
3647 3741 3733 3792 Σαο

2187 3836 2325 3906 τανᾷ
2352 3851 2366 3865 ο
2393 3836 2487 3888 καὶ
2517 3833 2707 3904 ὥσπερ
2732 3835 2798 3887 τὰ
2821 3833 2898 3904 τῷ
2924 3832 3042 3903 Θεῷ
3061 3832 3428 3901 ἀνατιθέμενα
3448 3833 3551 3885 τῶν
3562 3830 3731 3885 κοινῶν

2189 3928 2285 3982 καὶ
2301 3926 2662 3998 ἀνθρωπίνων
2679 3924 3026 3995 πραγμάτιον
3045 3924 3365 3995 χωρίζεται,
3389 3922 3557 3986 οὕτως
3574 3922 3638 3982 ἐκ
3651 3918 3730 3971 τοῦ

2188 4017 2436 4073 ἐναντίου
2469 4017 2538 4071 τά
2567 4016 2646 4086 τῷ
2696 4015 2920 4085 πονηρῷ
2962 4013 3334 4085 ἀφορισθέντα
3365 4014 3732 4081 ἀποδιαιρεῖται

2187 4113 2298 4168 τῶν
2326 4110 2510 4164 θείων.
2543 4110 2642 4163 Διά
2663 4107 2773 4178 γὰρ
2805 4106 2964 4161 τοῦτο
2994 4107 3089 4159 καὶ
3115 4108 3144 4160 ό
3177 4107 3476 4170 συνοδικὸς,
3495 4105 3566 4169 ὡς
3587 4105 3733 4169 ἔοικε,

2188 4207 2352 4275 τόμος
2383 4203 2668 4272 ἡθὲτηται,
2707 4204 2735 4255 ὁ
2772 4203 3014 4270 γεγονὼς
3052 4200 3146 4254 ἐπὶ
3169 4199 3271 4270 τῆς
3301 4200 3572 4270 βασιλείας
3599 4201 3734 4251 Κων-

2191 4296 2475 4351 σταντίνου
2505 4295 2598 4349 τοῦ
2625 4294 3151 4366 Πορφυρογεννήτου
3179 4295 3276 4347 καὶ
3301 4293 3393 4347 τοῦ
3419 4295 3734 4365 πατριάρχου

2204 4389 2463 4458 Ἀλεξίου,
2495 4390 2524 4442 ό
2552 4388 2677 4450 τοὺς
2710 4387 3024 4450 ἀποστάτας
3053 4386 3472 4457 άναθεματίζων
3515 4388 3613 4440 τῶν
3641 4385 3730 4455 βα-

2193 4487 2406 4549 σιλέων,
2444 4486 2541 4536 καὶ
2566 4483 2686 4537 κατ’
2717 4483 2896 4536 αὐτῶν
2921 4483 3180 4552 αἴροντας
3229 4483 3392 4548 ὅπλα,
3421 4484 3514 4537 καὶ
3552 4498 3730 4552 τυραν-

2192 4579 2310 4632 νίδα
2341 4575 2703 4648 μελετῶντας,
2728 4569 2817 4628 οἷα
2835 4574 2904 4628 τὰ
2927 4573 3020 4628 τοῦ
3052 4573 3291 4644 μεγάλου
3311 4575 3523 4646 Πατρός
3544 4575 3734 4642 Χρυσο-

517 4679 661 4730 sunt,
703 4669 884 4737 potius
912 4682 1074 4736 quant
1133 4680 1254 4735 quae
1289 4679 1316 4717 a
1377 4673 1569 4734 quarta
1623 4663 1828 4735 synodo
1861 4701 1874 4724 ,
1908 4670 1964 4715 et
2021 4659 2079 4714 ah

2196 4671 2396 4740 στόμου
2421 4669 2708 4738 ὀφείλοντα
2739 4666 2938 4736 μᾶλλον
2963 4669 3186 4736 κρατεῖν
3213 4667 3247 4738 ἢ
3277 4668 3346 4721 τά
3369 4671 3468 4738 τῆς
3492 4671 3729 4737 τετάρτης

519 4765 616 4815 hac
641 4760 948 4831 Gangrena,
973 4759 1222 4814 obtinere
1269 4751 1486 4812 debent.
1529 4755 1859 4822 Quinetiam
1903 4752 1955 4807 lti
1984 4749 2088 4804 Pa-

519 4862 629 4907 tres
657 4852 786 4920 sibi,
820 4854 872 4905 ni
911 4850 1071 4905 fallor
1102 4892 1118 4914 ,
1149 4866 1207 4905 se
1237 4858 1436 4917 praeter
1477 4845 1698 4900 modum
1751 4860 1938 4914 pmnas
1993 4857 2090 4897 ex-

520 4946 757 4999 tendisse
787 4942 1030 5005 conscii,
1066 4945 1132 4996 ad
1180 4954 1446 4996 canonum
1501 4940 1661 4992 linem
1717 4937 1830 4991 haec
1887 4935 2084 4992 aiunt:

524 5035 647 5091 Haec
680 5045 857 5088 autem
884 5034 1207 5094 statuimus,
1243 5048 1347 5085 non
1383 5031 1448 5086 iis
1516 5032 1607 5100 qui
1667 5044 1789 5083 sese
1829 5041 2089 5082 exercere

525 5129 696 5185 velint
741 5137 1133 5183 succensentes
1165 5166 1179 5190 ,
1227 5125 1444 5180 sed'iis
1493 5124 1584 5194 qui
1643 5123 2086 5178 exercitationem

519 5222 702 5275 animo
731 5218 967 5289 superbo
1004 5218 1250 5271 ambiunt
1283 5256 1297 5281 ,
1339 5229 1396 5271 et
1445 5231 1578 5269 nova
1613 5215 1858 5285 quaedam
1896 5224 2090 5283 prieter

524 5329 710 5369 sacras
743 5313 1057 5383 Scripturas
1095 5309 1467 5364 introducunt.
1509 5308 1620 5364 Nos
1650 5316 1829 5362 autem
1866 5306 2090 5374 virgini-

522 5419 686 5462 tatem
723 5422 846 5462 cum
911 5404 1222 5460 humilitate
1275 5405 1647 5466 admiramur,
1697 5411 1752 5457 et
1797 5401 2086 5458 continen-

518 5504 645 5556 tiam
674 5516 794 5556 cum
820 5499 1016 5568 pietate
1039 5498 1424 5566 approbemus,
1447 5507 1497 5550 et
1520 5511 1796 5566 secessum
1816 5509 1846 5548 a
1865 5498 2088 5552 saecula-

518 5598 665 5650 ribus
715 5594 945 5664 negotiis
997 5605 1119 5644 cum
1179 5589 1359 5644 debita
1419 5589 1683 5644 modestia
1735 5587 2088 5657 coniunctum

521 5687 866 5743 admittimus
901 5727 914 5750 ,
953 5695 1007 5739 et
1038 5683 1356 5738 honorabilc
1417 5681 1826 5737 tnatrtmoitium
1863 5696 2091 5736 venera-

523 5796 665 5842 mur,
691 5789 744 5833 et
776 5779 992 5832 divitias
1023 5793 1143 5831 cum
1181 5775 1393 5846 iustitia
1451 5785 1506 5830 et
1556 5775 1916 5830 beneﬁcentia
1981 5789 2088 5828 non

521 5871 924 5940 vilipendimus,
955 5879 1006 5924 et
1043 5870 1271 5940 vestium
1304 5870 1617 5924 tenuitatem
1647 5883 1750 5923 non
1782 5869 1931 5936 parvi
1959 5869 2090 5924 laci-

519 5981 662 6035 tttus,
697 5965 870 6040 longis
917 5975 1097 6021 autem
1124 5968 1362 6023 vestibus
1388 5965 1629 6030 indutos,
1661 5973 1710 6018 ct
1745 5963 2087 6022 ell'cminatos

2195 4762 2412 4815 συνόδου
2449 4761 2546 4814 καὶ
2591 4761 2660 4814 τά
2695 4759 2793 4828 τῆς
2830 4761 2888 4812 ἐν
2937 4760 3164 4831 Γάγγρα
3199 4760 3462 4830 ταυτησί’
3514 4760 3634 4813 ἀλλά
3673 4773 3728 4823 γε

2193 4855 2288 4908 καὶ
2318 4848 2467 4906 οὗτοι
2511 4852 2814 4913 συνειδότες
2864 4853 3101 4914 ἑαυτοῖς,
3131 4847 3306 4920 οἶμαι,
3361 4851 3502 4922 πέρα
3532 4849 3619 4904 τοῦ
3647 4864 3731 4918 με·

2191 4947 2344 5016 τρίου
2400 4947 2467 4998 τά
2523 4945 2623 5013 τῆς
2684 4944 2968 5012 ἐπιτιμίας
3011 4944 3344 5016 ἐκτείνουσι,
3406 4941 3728 5001 τελευτῶντές

2193 5054 2328 5106 φασι
2353 5053 2367 5068 ·
2402 5035 2588 5098 Ταῦτα
2613 5035 2670 5088 δὲ
2702 5035 3006 5105 ὼρίσαμεν,
3035 5035 3096 5087 ού
3120 5037 3263 5089 κατά
3284 5037 3394 5089 τῶν
3415 5037 3593 5090 ἀσκεῖν
3617 5048 3729 5102 προ-

2194 5128 2536 5200 αιρουμένων
2581 5125 3044 5195 ἀγανακτοῦντες,
3077 5127 3216 5180 ἀλλά
3270 5128 3380 5182 τῶν
3425 5127 3725 5198 ὑπερηφάνῳ

2193 5219 2434 5274 διαθέσει
2489 5218 2586 5285 τὴν
2629 5219 2865 5287 ἄσκησιν
2919 5219 3239 5289 μετιόντων,
3293 5224 3389 5272 καὶ
3427 5221 3582 5274 καινά
3621 5234 3721 5271 τινα

2195 5312 2347 5383 παρὰ
2376 5313 2474 5376 τὰς
2509 5313 2662 5375 θείας
2688 5311 3018 5380 εἰσαγόντων
3045 5312 3290 5384 Γραφάς.
3328 5315 3515 5380 Ἡμεῖς
3532 5316 3628 5383 γάρ
3647 5311 3728 5362 καὶ

2194 5408 2494 5479 παρθενίαν
2526 5407 2666 5478 μετά
2697 5405 3202 5476 ταπεινοφροσύνης
3239 5407 3580 5478 θαυμάζομεν
3600 5448 3614 5469 ,
3644 5403 3726 5455 καὶ

2193 5501 2522 5573 ἐγκράτειαν
2551 5501 2691 5570 μετὰ
2721 5498 3038 5562 θεοσεϐείας
3068 5499 3446 5569 ἀποδεχόμεθα
3467 5516 3481 5529 ο
3508 5500 3590 5551 καί
3610 5499 3724 5549 ἁνα-

2193 5595 2438 5667 χώρησιν
2474 5594 2612 5664 μετά
2645 5592 2741 5648 τοῦ
2789 5593 3158 5663 προσήκοντος
3201 5594 3410 5662 κόσμου
3453 5593 3550 5644 τῶν
3591 5592 3725 5655 ἐγκο-

2197 5689 2370 5757 σμίων
2401 5687 2743 5756 πραγμάτων
2772 5685 3033 5755 ἀγάμεθα
3057 5698 3072 5714 ⁸
3101 5686 3211 5736 ,καὶ
3256 5685 3468 5754 γάμους
3507 5681 3725 5749 τιμῶμεν

2197 5778 2428 5849 σεμνούς
2453 5797 2465 5810 ·
2495 5781 2586 5832 καὶ
2609 5780 2838 5832 πλοῦτον
2859 5780 2998 5848 μετά
3024 5776 3373 5848 δικαιοσύνης
3399 5780 3483 5830 καί
3509 5773 3723 5829 εύποιῖις

2193 5874 2295 5926 οὐκ
2353 5872 2780 5941 ἐξουθενοῦμενο
2843 5872 2940 5924 καὶ
2994 5871 3252 5941 λιτότητα
3307 5870 3604 5935 ἐνδυμάτων
3640 5861 3720 5914 οὐκ

2196 5965 2565 6037 ἀτιμαζόμενο
2595 5965 2718 6030 τοὺς
2750 5965 2806 6019 δὲ
2831 5965 3196 6039 ἐλκεχίτωνας
3227 5964 3322 6026 καὶ
3348 5951 3718 6030 ἐκνενευρισμέ-
