  <div class='ocr_page' id='page_1' title='image "/cluster/home/n/w/nwhite01/storage/ocr_20150623/144/hvd.32044019208339/501.png"; bbox 0 0 3880 6608; ppageno 0'>
   <div class='ocr_carea' id='block_1_1' title="bbox 401 424 504 486">
    <p class='ocr_par' dir='ltr' id='par_1_1' title="bbox 401 424 504 486">
     <span class='ocr_line' id='line_1_1' title="bbox 401 424 504 486; baseline 0 -1"><span class='ocrx_word' id='word_1_1' title='bbox 401 424 504 486; x_wconf 75' lang='grc'><strong>987</strong></span> 
     </span>
    </p>
   </div>
   <div class='ocr_carea' id='block_1_2' title="bbox 1594 410 2437 477">
    <p class='ocr_par' dir='ltr' id='par_1_2' title="bbox 1594 410 2437 477">
     <span class='ocr_line' id='line_1_2' title="bbox 1594 410 2437 477; baseline -0.007 -1"><span class='ocrx_word' id='word_1_2' title='bbox 1594 413 1962 477; x_wconf 73' lang='grc' dir='ltr'><strong>ΜΑΤΤΗίΕΙ</strong></span> <span class='ocrx_word' id='word_1_3' title='bbox 2007 410 2437 471; x_wconf 77' lang='lat' dir='ltr'><strong>BLASTARIS</strong></span> 
     </span>
    </p>
   </div>
   <div class='ocr_carea' id='block_1_3' title="bbox 3553 415 3665 479">
    <p class='ocr_par' dir='ltr' id='par_1_3' title="bbox 3553 415 3665 479">
     <span class='ocr_line' id='line_1_3' title="bbox 3553 415 3665 479; baseline 0.027 -4"><span class='ocrx_word' id='word_1_4' title='bbox 3553 415 3665 479; x_wconf 70' lang='lat'><strong>988</strong></span> 
     </span>
    </p>
   </div>
   <div class='ocr_carea' id='block_1_4' title="bbox 403 518 1971 600">
    <p class='ocr_par' dir='ltr' id='par_1_4' title="bbox 403 524 1971 600">
     <span class='ocr_line' id='line_1_4' title="bbox 403 524 1971 600; baseline -0.007 -15"><span class='ocrx_word' id='word_1_5' title='bbox 403 528 736 585; x_wconf 84' lang='lat' dir='ltr'><strong>devicesimo</strong></span> <span class='ocrx_word' id='word_1_6' title='bbox 774 527 985 600; x_wconf 89' lang='lat' dir='ltr'><strong>imperii</strong></span> <span class='ocrx_word' id='word_1_7' title='bbox 1035 526 1332 583; x_wconf 81' lang='lat' dir='ltr'><strong>Justiniani</strong></span> <span class='ocrx_word' id='word_1_8' title='bbox 1390 526 1570 596; x_wconf 78' lang='lat' dir='ltr'><strong>magni</strong></span> <span class='ocrx_word' id='word_1_9' title='bbox 1612 541 1775 591; x_wconf 86' lang='lat' dir='ltr'><strong>anno,</strong></span> <span class='ocrx_word' id='word_1_10' title='bbox 1812 524 1971 578; x_wconf 82' lang='lat' dir='ltr'><strong>annis</strong></span> 
     </span>
    </p>
   </div>
   <div class='ocr_carea' id='block_1_5' title="bbox 2077 518 3667 600">
    <p class='ocr_par' dir='ltr' id='par_1_5' title="bbox 2077 518 3667 591">
     <span class='ocr_line' id='line_1_5' title="bbox 2077 518 3667 591; baseline 0.001 -19"><span class='ocrx_word' id='word_1_11' title='bbox 2077 521 2186 572; x_wconf 79' lang='grc' dir='ltr'>ἔτει</span> <span class='ocrx_word' id='word_1_12' title='bbox 2217 521 2311 588; x_wconf 72' lang='grc' dir='ltr'>τῆς</span> <span class='ocrx_word' id='word_1_13' title='bbox 2341 518 3038 590; x_wconf 56' lang='grc' dir='ltr'>βασιλεῖαςβίουστινιανοῦ</span> <span class='ocrx_word' id='word_1_14' title='bbox 3068 521 3162 574; x_wconf 78' lang='grc' dir='ltr'><strong>τοῦ</strong></span> <span class='ocrx_word' id='word_1_15' title='bbox 3193 521 3464 591; x_wconf 75' lang='grc' dir='ltr'><strong>μεγάλου,</strong></span> <span class='ocrx_word' id='word_1_16' title='bbox 3502 522 3667 574; x_wconf 78' lang='grc' dir='ltr'>ὑστι-</span> 
     </span>
    </p>
   </div>
   <div class='ocr_carea' id='block_1_6' title="bbox 403 617 1968 690">
    <p class='ocr_par' dir='ltr' id='par_1_6' title="bbox 403 617 1968 690">
     <span class='ocr_line' id='line_1_6' title="bbox 403 617 1968 690; baseline -0.006 -12"><span class='ocrx_word' id='word_1_17' title='bbox 403 633 622 678; x_wconf 87' lang='lat' dir='ltr'><strong>centutn</strong></span> <span class='ocrx_word' id='word_1_18' title='bbox 647 620 856 676; x_wconf 90' lang='lat' dir='ltr'><strong>duobus</strong></span> <span class='ocrx_word' id='word_1_19' title='bbox 879 629 1071 690; x_wconf 83' lang='lat' dir='ltr'><strong>quarta</strong></span> <span class='ocrx_word' id='word_1_20' title='bbox 1102 621 1274 689; x_wconf 86' lang='lat' dir='ltr'><strong>ipsam</strong></span> <span class='ocrx_word' id='word_1_21' title='bbox 1304 620 1642 688; x_wconf 66' lang='lat' dir='ltr'><strong>prmcedeute</strong></span> <span class='ocrx_word' id='word_1_22' title='bbox 1663 617 1932 684; x_wconf 75' lang='lat' dir='ltr'><strong>posterior</strong></span> <span class='ocrx_word' id='word_1_23' title='bbox 1955 633 1968 668; x_wconf 92' lang='lat'><strong>:</strong></span> 
     </span>
    </p>
   </div>
   <div class='ocr_carea' id='block_1_7' title="bbox 390 705 1971 777">
    <p class='ocr_par' dir='ltr' id='par_1_7' title="bbox 390 705 1971 777">
     <span class='ocr_line' id='line_1_7' title="bbox 390 705 1971 777; baseline -0.006 -12"><span class='ocrx_word' id='word_1_24' title='bbox 390 723 457 765; x_wconf 84' lang='lat' dir='ltr'><strong>.et</strong></span> <span class='ocrx_word' id='word_1_25' title='bbox 521 711 736 764; x_wconf 87' lang='lat' dir='ltr'><strong>urbium</strong></span> <span class='ocrx_word' id='word_1_26' title='bbox 799 709 1044 777; x_wconf 78' lang='lat' dir='ltr'><strong>reginam</strong></span> <span class='ocrx_word' id='word_1_27' title='bbox 1080 724 1296 763; x_wconf 80' lang='lat' dir='ltr'><strong>sacrum</strong></span> <span class='ocrx_word' id='word_1_28' title='bbox 1352 719 1604 776; x_wconf 76' lang='lat' dir='ltr'><strong>tauquam</strong></span> <span class='ocrx_word' id='word_1_29' title='bbox 1643 706 1828 759; x_wconf 81' lang='lat' dir='ltr'><strong>fanum</strong></span> <span class='ocrx_word' id='word_1_30' title='bbox 1865 705 1971 759; x_wconf 89' lang='lat' dir='ltr'><strong>sibi</strong></span> 
     </span>
    </p>
   </div>
   <div class='ocr_carea' id='block_1_8' title="bbox 401 797 1976 868">
    <p class='ocr_par' dir='ltr' id='par_1_8' title="bbox 401 797 1976 868">
     <span class='ocr_line' id='line_1_8' title="bbox 401 797 1976 868; baseline -0.006 -9"><span class='ocrx_word' id='word_1_31' title='bbox 401 805 795 859; x_wconf 87' lang='lat' dir='ltr'><strong>constituebat.</strong></span> <span class='ocrx_word' id='word_1_32' title='bbox 849 799 1081 856; x_wconf 84' lang='lat' dir='ltr'><strong>Centum</strong></span> <span class='ocrx_word' id='word_1_33' title='bbox 1141 812 1322 854; x_wconf 85' lang='lat' dir='ltr'><strong>autem</strong></span> <span class='ocrx_word' id='word_1_34' title='bbox 1383 797 1668 868; x_wconf 70' lang='lat' dir='ltr'><strong>sexaginta</strong></span> <span class='ocrx_word' id='word_1_35' title='bbox 1736 797 1976 864; x_wconf 88' lang='lat' dir='ltr'><strong>quinque</strong></span> 
     </span>
    </p>
   </div>
   <div class='ocr_carea' id='block_1_9' title="bbox 401 887 1972 954">
    <p class='ocr_par' dir='ltr' id='par_1_9' title="bbox 401 887 1972 954">
     <span class='ocr_line' id='line_1_9' title="bbox 401 887 1972 954; baseline -0.006 -7"><span class='ocrx_word' id='word_1_36' title='bbox 401 894 705 947; x_wconf 89' lang='lat' dir='ltr'><strong>divinorum</strong></span> <span class='ocrx_word' id='word_1_37' title='bbox 739 891 960 945; x_wconf 82' lang='lat' dir='ltr'><strong>Patrum</strong></span> <span class='ocrx_word' id='word_1_38' title='bbox 993 906 1261 944; x_wconf 74' lang='lat' dir='ltr'><strong>concursu</strong></span> <span class='ocrx_word' id='word_1_39' title='bbox 1295 889 1647 944; x_wconf 81' lang='lat' dir='ltr'><strong>corroborata</strong></span> <span class='ocrx_word' id='word_1_40' title='bbox 1675 887 1774 941; x_wconf 83' lang='lat' dir='ltr'><strong>fuit</strong></span> <span class='ocrx_word' id='word_1_41' title='bbox 1803 904 1816 940; x_wconf 91' lang='lat'><strong>:</strong></span> <span class='ocrx_word' id='word_1_42' title='bbox 1853 887 1972 954; x_wconf 83' lang='lat' dir='ltr'><strong>qni-</strong></span> 
     </span>
    </p>
   </div>
   <div class='ocr_carea' id='block_1_10' title="bbox 402 977 1974 1053">
    <p class='ocr_par' dir='ltr' id='par_1_10' title="bbox 402 977 1974 1053">
     <span class='ocr_line' id='line_1_10' title="bbox 402 977 1974 1053; baseline -0.004 -15"><span class='ocrx_word' id='word_1_43' title='bbox 402 984 503 1044; x_wconf 81' lang='lat' dir='ltr'><strong>bus</strong></span> <span class='ocrx_word' id='word_1_44' title='bbox 549 983 894 1053; x_wconf 66' lang='lat' dir='ltr'><strong>praesidebat,</strong></span> <span class='ocrx_word' id='word_1_45' title='bbox 938 983 1113 1051; x_wconf 88' lang='lat' dir='ltr'><strong>primo</strong></span> <span class='ocrx_word' id='word_1_46' title='bbox 1162 983 1384 1046; x_wconf 72' lang='lat' dir='ltr'><strong>Maenas,</strong></span> <span class='ocrx_word' id='word_1_47' title='bbox 1436 982 1630 1037; x_wconf 85' lang='lat' dir='ltr'><strong>deinde</strong></span> <span class='ocrx_word' id='word_1_48' title='bbox 1677 977 1974 1049; x_wconf 84' lang='lat' dir='ltr'><strong>Eutychins</strong></span> 
     </span>
    </p>
   </div>
   <div class='ocr_carea' id='block_1_11' title="bbox 401 1069 1974 1140">
    <p class='ocr_par' dir='ltr' id='par_1_11' title="bbox 401 1069 1974 1140">
     <span class='ocr_line' id='line_1_11' title="bbox 401 1069 1974 1140; baseline -0.004 -12"><span class='ocrx_word' id='word_1_49' title='bbox 401 1073 598 1128; x_wconf 86' lang='lat' dir='ltr'><strong>summi</strong></span> <span class='ocrx_word' id='word_1_50' title='bbox 633 1074 936 1138; x_wconf 71' lang='lat' dir='ltr'><strong>sacerdotis</strong></span> <span class='ocrx_word' id='word_1_51' title='bbox 984 1074 1038 1127; x_wconf 93' lang='lat' dir='ltr'><strong>in</strong></span> <span class='ocrx_word' id='word_1_52' title='bbox 1095 1074 1281 1140; x_wconf 79' lang='lat' dir='ltr'><strong>regina</strong></span> <span class='ocrx_word' id='word_1_53' title='bbox 1341 1072 1556 1126; x_wconf 82' lang='lat' dir='ltr'><strong>urbium</strong></span> <span class='ocrx_word' id='word_1_54' title='bbox 1611 1069 1974 1140; x_wconf 76' lang='lat' dir='ltr'><strong>gubernacula</strong></span> 
     </span>
    </p>
   </div>
   <div class='ocr_carea' id='block_1_12' title="bbox 307 1162 1972 1233">
    <p class='ocr_par' dir='ltr' id='par_1_12' title="bbox 307 1162 1972 1233">
     <span class='ocr_line' id='line_1_12' title="bbox 307 1162 1972 1233; baseline 0 -17"><span class='ocrx_word' id='word_1_55' title='bbox 307 1227 309 1229; x_wconf 20' lang='grc' dir='ltr'><strong><em>ι</em></strong></span> <span class='ocrx_word' id='word_1_56' title='bbox 402 1164 711 1218; x_wconf 79' lang='lat' dir='ltr'><strong>successive</strong></span> <span class='ocrx_word' id='word_1_57' title='bbox 767 1164 1098 1230; x_wconf 75' lang='lat' dir='ltr'><strong>dirigentes;</strong></span> <span class='ocrx_word' id='word_1_58' title='bbox 1155 1163 1506 1233; x_wconf 88' lang='lat' dir='ltr'><strong>Apolinarius</strong></span> <span class='ocrx_word' id='word_1_59' title='bbox 1536 1162 1972 1227; x_wconf 80' lang='lat' dir='ltr'><strong>Alexandrinus,</strong></span> 
     </span>
    </p>
   </div>
   <div class='ocr_carea' id='block_1_13' title="bbox 405 1254 1976 1326">
    <p class='ocr_par' dir='ltr' id='par_1_13' title="bbox 405 1254 1976 1326">
     <span class='ocr_line' id='line_1_13' title="bbox 405 1254 1976 1326; baseline 0 -18"><span class='ocrx_word' id='word_1_60' title='bbox 405 1255 641 1308; x_wconf 90' lang='lat' dir='ltr'><strong>Domnus</strong></span> <span class='ocrx_word' id='word_1_61' title='bbox 670 1256 1044 1310; x_wconf 88' lang='lat' dir='ltr'><strong>Antiochenns</strong></span> <span class='ocrx_word' id='word_1_62' title='bbox 1078 1275 1092 1322; x_wconf 86' lang='lat'><strong>;</strong></span> <span class='ocrx_word' id='word_1_63' title='bbox 1127 1269 1390 1326; x_wconf 67' lang='lat' dir='ltr'><strong>praeterea</strong></span> <span class='ocrx_word' id='word_1_64' title='bbox 1422 1266 1600 1311; x_wconf 88' lang='lat' dir='ltr'><strong>autem</strong></span> <span class='ocrx_word' id='word_1_65' title='bbox 1633 1265 1686 1310; x_wconf 88' lang='lat' dir='ltr'><strong>et</strong></span> <span class='ocrx_word' id='word_1_66' title='bbox 1718 1254 1976 1325; x_wconf 82' lang='lat' dir='ltr'><strong>Didymus</strong></span> 
     </span>
    </p>
   </div>
   <div class='ocr_carea' id='block_1_14' title="bbox 402 1347 1972 1421">
    <p class='ocr_par' dir='ltr' id='par_1_14' title="bbox 402 1347 1972 1421">
     <span class='ocr_line' id='line_1_14' title="bbox 402 1347 1972 1421; baseline 0.001 -20"><span class='ocrx_word' id='word_1_67' title='bbox 402 1357 456 1401; x_wconf 91' lang='lat' dir='ltr'><strong>et</strong></span> <span class='ocrx_word' id='word_1_68' title='bbox 487 1347 750 1417; x_wconf 75' lang='lat' dir='ltr'><strong>Evagrins</strong></span> <span class='ocrx_word' id='word_1_69' title='bbox 782 1348 1028 1417; x_wconf 83' lang='lat' dir='ltr'><strong>Eutychii</strong></span> <span class='ocrx_word' id='word_1_70' title='bbox 1071 1349 1552 1421; x_wconf 85' lang='lat' dir='ltr'><strong>llierosolymitani</strong></span> <span class='ocrx_word' id='word_1_71' title='bbox 1588 1350 1767 1403; x_wconf 89' lang='lat' dir='ltr'><strong>locum</strong></span> <span class='ocrx_word' id='word_1_72' title='bbox 1799 1349 1972 1403; x_wconf 85' lang='lat' dir='ltr'><strong>adim-</strong></span> 
     </span>
    </p>
   </div>
   <div class='ocr_carea' id='block_1_15' title="bbox 401 1439 1976 1510">
    <p class='ocr_par' dir='ltr' id='par_1_15' title="bbox 401 1439 1976 1510">
     <span class='ocr_line' id='line_1_15' title="bbox 401 1439 1976 1510; baseline 0.002 -18"><span class='ocrx_word' id='word_1_73' title='bbox 401 1439 634 1506; x_wconf 88' lang='lat' dir='ltr'><strong>plentes.</strong></span> <span class='ocrx_word' id='word_1_74' title='bbox 673 1441 899 1510; x_wconf 73' lang='lat' dir='ltr'><strong>Vigilius</strong></span> <span class='ocrx_word' id='word_1_75' title='bbox 949 1450 1128 1497; x_wconf 88' lang='lat' dir='ltr'><strong>autem</strong></span> <span class='ocrx_word' id='word_1_76' title='bbox 1177 1443 1456 1498; x_wconf 76' lang='lat' dir='ltr'><strong>Romanus</strong></span> <span class='ocrx_word' id='word_1_77' title='bbox 1491 1443 1610 1497; x_wconf 92' lang='lat' dir='ltr'><strong>urbi</strong></span> <span class='ocrx_word' id='word_1_78' title='bbox 1646 1442 1813 1497; x_wconf 87' lang='lat' dir='ltr'><strong>etiam</strong></span> <span class='ocrx_word' id='word_1_79' title='bbox 1847 1451 1976 1497; x_wconf 87' lang='lat' dir='ltr'><strong>tunc</strong></span> 
     </span>
    </p>
   </div>
   <div class='ocr_carea' id='block_1_16' title="bbox 405 1532 1975 1604">
    <p class='ocr_par' dir='ltr' id='par_1_16' title="bbox 405 1532 1975 1604">
     <span class='ocr_line' id='line_1_16' title="bbox 405 1532 1975 1604; baseline 0.002 -20"><span class='ocrx_word' id='word_1_80' title='bbox 405 1533 664 1602; x_wconf 89' lang='lat' dir='ltr'><strong>temporis</strong></span> <span class='ocrx_word' id='word_1_81' title='bbox 691 1532 886 1599; x_wconf 81' lang='lat' dir='ltr'><strong>adfuit,</strong></span> <span class='ocrx_word' id='word_1_82' title='bbox 937 1534 1143 1604; x_wconf 81' lang='lat' dir='ltr'><strong>synodo</strong></span> <span class='ocrx_word' id='word_1_83' title='bbox 1167 1549 1292 1590; x_wconf 85' lang='lat' dir='ltr'><strong>vero</strong></span> <span class='ocrx_word' id='word_1_84' title='bbox 1339 1549 1443 1588; x_wconf 89' lang='lat' dir='ltr'><strong>non</strong></span> <span class='ocrx_word' id='word_1_85' title='bbox 1491 1536 1768 1601; x_wconf 79' lang='lat' dir='ltr'><strong>interfuit;</strong></span> <span class='ocrx_word' id='word_1_86' title='bbox 1825 1549 1975 1590; x_wconf 86' lang='lat' dir='ltr'><strong>com-</strong></span> 
     </span>
    </p>
   </div>
   <div class='ocr_carea' id='block_1_17' title="bbox 405 1624 1978 1682">
    <p class='ocr_par' dir='ltr' id='par_1_17' title="bbox 405 1624 1978 1682">
     <span class='ocr_line' id='line_1_17' title="bbox 405 1624 1978 1682; baseline 0.003 -6"><span class='ocrx_word' id='word_1_87' title='bbox 405 1639 622 1677; x_wconf 88' lang='lat' dir='ltr'><strong>munem</strong></span> <span class='ocrx_word' id='word_1_88' title='bbox 660 1624 1018 1679; x_wconf 88' lang='lat' dir='ltr'><strong>nihilominus</strong></span> <span class='ocrx_word' id='word_1_89' title='bbox 1074 1625 1296 1680; x_wconf 84' lang='lat' dir='ltr'><strong>Patrum</strong></span> <span class='ocrx_word' id='word_1_90' title='bbox 1351 1625 1508 1682; x_wconf 82' lang='lat' dir='ltr'><strong>ﬁdem</strong></span> <span class='ocrx_word' id='word_1_91' title='bbox 1562 1626 1744 1682; x_wconf 86' lang='lat' dir='ltr'><strong>libello</strong></span> <span class='ocrx_word' id='word_1_92' title='bbox 1779 1626 1978 1680; x_wconf 76' lang='lat' dir='ltr'><strong>contir-</strong></span> 
     </span>
    </p>
   </div>
   <div class='ocr_carea' id='block_1_18' title="bbox 405 1716 589 1770">
    <p class='ocr_par' dir='ltr' id='par_1_18' title="bbox 405 1716 589 1770">
     <span class='ocr_line' id='line_1_18' title="bbox 405 1716 589 1770; baseline 0.011 -2"><span class='ocrx_word' id='word_1_93' title='bbox 405 1716 589 1770; x_wconf 82' lang='lat' dir='ltr'><strong>tnavit&#39;.</strong></span> 
     </span>
    </p>
   </div>
   <div class='ocr_carea' id='block_1_19' title="bbox 544 1805 1829 1880">
    <p class='ocr_par' dir='ltr' id='par_1_19' title="bbox 544 1805 1829 1880">
     <span class='ocr_line' id='line_1_19' title="bbox 544 1805 1829 1880; baseline 0.007 -22"><span class='ocrx_word' id='word_1_94' title='bbox 544 1805 682 1864; x_wconf 76' lang='lat' dir='ltr'><strong>XVI.</strong></span> <span class='ocrx_word' id='word_1_95' title='bbox 717 1808 790 1862; x_wconf 79' lang='lat' dir='ltr'><strong>De</strong></span> <span class='ocrx_word' id='word_1_96' title='bbox 813 1819 998 1864; x_wconf 78' lang='lat' dir='ltr'><strong>sancta</strong></span> <span class='ocrx_word' id='word_1_97' title='bbox 1025 1820 1071 1864; x_wconf 80' lang='lat' dir='ltr'><strong>et</strong></span> <span class='ocrx_word' id='word_1_98' title='bbox 1093 1811 1410 1865; x_wconf 72' lang='lat' dir='ltr'><strong>aecurttenica</strong></span> <span class='ocrx_word' id='word_1_99' title='bbox 1435 1820 1580 1866; x_wconf 70' lang='lat' dir='ltr'><strong>sexta</strong></span> <span class='ocrx_word' id='word_1_100' title='bbox 1603 1813 1829 1880; x_wconf 69' lang='lat' dir='ltr'><strong>synodo.</strong></span> 
     </span>
    </p>
   </div>
   <div class='ocr_carea' id='block_1_20' title="bbox 473 1897 1973 1975">
    <p class='ocr_par' dir='ltr' id='par_1_20' title="bbox 473 1897 1973 1975">
     <span class='ocr_line' id='line_1_20' title="bbox 473 1897 1973 1975; baseline 0.003 -24"><span class='ocrx_word' id='word_1_101' title='bbox 473 1897 614 1964; x_wconf 90' lang='lat' dir='ltr'><strong>Quin</strong></span> <span class='ocrx_word' id='word_1_102' title='bbox 645 1901 810 1954; x_wconf 84' lang='lat' dir='ltr'><strong>etiam</strong></span> <span class='ocrx_word' id='word_1_103' title='bbox 837 1917 936 1957; x_wconf 89' lang='lat' dir='ltr'><strong>nec</strong></span> <span class='ocrx_word' id='word_1_104' title='bbox 963 1903 1178 1972; x_wconf 86' lang='lat' dir='ltr'><strong>proprie</strong></span> <span class='ocrx_word' id='word_1_105' title='bbox 1201 1905 1374 1971; x_wconf 65' lang='lat' dir='ltr'><strong>{dictae</strong></span> <span class='ocrx_word' id='word_1_106' title='bbox 1399 1914 1567 1958; x_wconf 71' lang='lat' dir='ltr'><strong>sexta:</strong></span> <span class='ocrx_word' id='word_1_107' title='bbox 1597 1906 1828 1975; x_wconf 81' lang='lat' dir='ltr'><strong>synodo.</strong></span> <span class='ocrx_word' id='word_1_108' title='bbox 1853 1904 1973 1958; x_wconf 90' lang='lat' dir='ltr'><strong>ani-</strong></span> 
     </span>
    </p>
   </div>
   <div class='ocr_carea' id='block_1_21' title="bbox 405 1992 1974 2064">
    <p class='ocr_par' dir='ltr' id='par_1_21' title="bbox 405 1992 1974 2064">
     <span class='ocr_line' id='line_1_21' title="bbox 405 1992 1974 2064; baseline 0.005 -22"><span class='ocrx_word' id='word_1_109' title='bbox 405 2006 551 2044; x_wconf 88' lang='lat' dir='ltr'><strong>mum</strong></span> <span class='ocrx_word' id='word_1_110' title='bbox 603 1992 725 2048; x_wconf 89' lang='lat' dir='ltr'><strong>aliis</strong></span> <span class='ocrx_word' id='word_1_111' title='bbox 777 1994 1084 2058; x_wconf 84' lang='lat' dir='ltr'><strong>adhibenti,</strong></span> <span class='ocrx_word' id='word_1_112' title='bbox 1139 2010 1377 2050; x_wconf 84' lang='lat' dir='ltr'><strong>canones</strong></span> <span class='ocrx_word' id='word_1_113' title='bbox 1421 1996 1770 2050; x_wconf 86' lang='lat' dir='ltr'><strong>conscribere</strong></span> <span class='ocrx_word' id='word_1_114' title='bbox 1795 2011 1974 2064; x_wconf 83' lang='lat' dir='ltr'><strong>operae</strong></span> 
     </span>
    </p>
   </div>
   <div class='ocr_carea' id='block_1_22' title="bbox 403 2086 1971 2158">
    <p class='ocr_par' dir='ltr' id='par_1_22' title="bbox 403 2086 1971 2158">
     <span class='ocr_line' id='line_1_22' title="bbox 403 2086 1971 2158; baseline 0.003 -21"><span class='ocrx_word' id='word_1_115' title='bbox 403 2086 631 2154; x_wconf 86' lang='lat' dir='ltr'><strong>pretium</strong></span> <span class='ocrx_word' id='word_1_116' title='bbox 671 2087 844 2140; x_wconf 89' lang='lat' dir='ltr'><strong>visum</strong></span> <span class='ocrx_word' id='word_1_117' title='bbox 872 2096 995 2140; x_wconf 88' lang='lat' dir='ltr'><strong>est:</strong></span> <span class='ocrx_word' id='word_1_118' title='bbox 1030 2103 1151 2156; x_wconf 59' lang='lat' dir='ltr'><strong>quae</strong></span> <span class='ocrx_word' id='word_1_119' title='bbox 1176 2096 1392 2142; x_wconf 75' lang='lat' dir='ltr'><strong>centum</strong></span> <span class='ocrx_word' id='word_1_120' title='bbox 1424 2088 1971 2158; x_wconf 75' lang='lat' dir='ltr'><strong>undequinquaginta</strong></span> 
     </span>
    </p>
   </div>
   <div class='ocr_carea' id='block_1_23' title="bbox 401 2179 1973 2252">
    <p class='ocr_par' dir='ltr' id='par_1_23' title="bbox 401 2179 1973 2252">
     <span class='ocr_line' id='line_1_23' title="bbox 401 2179 1973 2252; baseline 0.004 -23"><span class='ocrx_word' id='word_1_121' title='bbox 401 2179 556 2231; x_wconf 88' lang='lat' dir='ltr'><strong>annis</strong></span> <span class='ocrx_word' id='word_1_122' title='bbox 594 2187 714 2247; x_wconf 90' lang='lat' dir='ltr'><strong>post</strong></span> <span class='ocrx_word' id='word_1_123' title='bbox 742 2181 1142 2248; x_wconf 83' lang='lat' dir='ltr'><strong>praecedentem</strong></span> <span class='ocrx_word' id='word_1_124' title='bbox 1171 2182 1448 2236; x_wconf 73' lang='lat' dir='ltr'><strong>convenit.</strong></span> <span class='ocrx_word' id='word_1_125' title='bbox 1486 2182 1548 2235; x_wconf 90' lang='lat' dir='ltr'><strong>Et</strong></span> <span class='ocrx_word' id='word_1_126' title='bbox 1581 2181 1699 2250; x_wconf 88' lang='lat' dir='ltr'><strong>ipsa</strong></span> <span class='ocrx_word' id='word_1_127' title='bbox 1754 2197 1973 2252; x_wconf 90' lang='lat' dir='ltr'><strong>quoque</strong></span> 
     </span>
    </p>
   </div>
   <div class='ocr_carea' id='block_1_24' title="bbox 403 2271 1970 2340">
    <p class='ocr_par' dir='ltr' id='par_1_24' title="bbox 403 2271 1970 2340">
     <span class='ocr_line' id='line_1_24' title="bbox 403 2271 1970 2340; baseline 0.006 -19"><span class='ocrx_word' id='word_1_128' title='bbox 403 2273 589 2323; x_wconf 83' lang='lat' dir='ltr'><strong>urbem</strong></span> <span class='ocrx_word' id='word_1_129' title='bbox 623 2271 1028 2340; x_wconf 89' lang='lat' dir='ltr'><strong>imperatricem</strong></span> <span class='ocrx_word' id='word_1_130' title='bbox 1076 2282 1324 2327; x_wconf 88' lang='lat' dir='ltr'><strong>sanctum</strong></span> <span class='ocrx_word' id='word_1_131' title='bbox 1359 2273 1634 2328; x_wconf 90' lang='lat' dir='ltr'><strong>theatrum</strong></span> <span class='ocrx_word' id='word_1_132' title='bbox 1663 2275 1970 2330; x_wconf 89' lang='lat' dir='ltr'><strong>constituit.</strong></span> 
     </span>
    </p>
   </div>
   <div class='ocr_carea' id='block_1_25' title="bbox 403 2359 1972 2436">
    <p class='ocr_par' dir='ltr' id='par_1_25' title="bbox 403 2359 1972 2436">
     <span class='ocr_line' id='line_1_25' title="bbox 403 2359 1972 2436; baseline 0.003 -20"><span class='ocrx_word' id='word_1_133' title='bbox 403 2359 622 2436; x_wconf 74' lang='lat' dir='ltr'><strong>Divinos</strong></span> <span class='ocrx_word' id='word_1_134' title='bbox 656 2371 837 2420; x_wconf 86' lang='lat' dir='ltr'><strong>autem</strong></span> <span class='ocrx_word' id='word_1_135' title='bbox 869 2373 1085 2418; x_wconf 88' lang='lat' dir='ltr'><strong>centum</strong></span> <span class='ocrx_word' id='word_1_136' title='bbox 1116 2373 1458 2434; x_wconf 77' lang='lat' dir='ltr'><strong>septuaginta</strong></span> <span class='ocrx_word' id='word_1_137' title='bbox 1504 2365 1652 2420; x_wconf 80' lang='lat' dir='ltr'><strong>viros</strong></span> <span class='ocrx_word' id='word_1_138' title='bbox 1696 2368 1762 2421; x_wconf 90' lang='lat' dir='ltr'><strong>ad</strong></span> <span class='ocrx_word' id='word_1_139' title='bbox 1796 2377 1972 2422; x_wconf 87' lang='lat' dir='ltr'><strong>certa-</strong></span> 
     </span>
    </p>
   </div>
   <div class='ocr_carea' id='block_1_26' title="bbox 405 2433 1969 2528">
    <p class='ocr_par' dir='ltr' id='par_1_26' title="bbox 405 2433 1969 2528">
     <span class='ocr_line' id='line_1_26' title="bbox 405 2433 1969 2528; baseline 0.007 -25"><span class='ocrx_word' id='word_1_140' title='bbox 405 2433 525 2505; x_wconf 66' lang='lat' dir='ltr'><strong>.ﬁen</strong></span> <span class='ocrx_word' id='word_1_141' title='bbox 575 2454 853 2509; x_wconf 87' lang='lat' dir='ltr'><strong>accinctos</strong></span> <span class='ocrx_word' id='word_1_142' title='bbox 890 2455 1097 2512; x_wconf 84' lang='lat' dir='ltr'><strong>habens</strong></span> <span class='ocrx_word' id='word_1_143' title='bbox 1152 2456 1429 2512; x_wconf 85' lang='lat' dir='ltr'><strong>victricem</strong></span> <span class='ocrx_word' id='word_1_144' title='bbox 1489 2459 1650 2526; x_wconf 88' lang='lat' dir='ltr'><strong>plane</strong></span> <span class='ocrx_word' id='word_1_145' title='bbox 1711 2461 1969 2528; x_wconf 86' lang='lat' dir='ltr'><strong>pietatem</strong></span> 
     </span>
    </p>
   </div>
   <div class='ocr_carea' id='block_1_27' title="bbox 401 2545 1971 2622">
    <p class='ocr_par' dir='ltr' id='par_1_27' title="bbox 401 2545 1971 2622">
     <span class='ocr_line' id='line_1_27' title="bbox 401 2545 1971 2622; baseline 0.008 -27"><span class='ocrx_word' id='word_1_146' title='bbox 401 2545 740 2608; x_wconf 83' lang='lat' dir='ltr'><strong>ostendebat,</strong></span> <span class='ocrx_word' id='word_1_147' title='bbox 771 2545 982 2600; x_wconf 86' lang='lat' dir='ltr'><strong>decimo</strong></span> <span class='ocrx_word' id='word_1_148' title='bbox 1013 2549 1172 2603; x_wconf 86' lang='lat' dir='ltr'><strong>tertio</strong></span> <span class='ocrx_word' id='word_1_149' title='bbox 1216 2548 1560 2604; x_wconf 85' lang='lat' dir='ltr'><strong>Constantini</strong></span> <span class='ocrx_word' id='word_1_150' title='bbox 1590 2550 1850 2622; x_wconf 80' lang='lat' dir='ltr'><strong>Pogonati</strong></span> <span class='ocrx_word' id='word_1_151' title='bbox 1885 2555 1971 2608; x_wconf 87' lang='lat' dir='ltr'><strong>di-</strong></span> 
     </span>
    </p>
   </div>
   <div class='ocr_carea' id='block_1_28' title="bbox 400 2634 1972 2716">
    <p class='ocr_par' dir='ltr' id='par_1_28' title="bbox 400 2634 1972 2716">
     <span class='ocr_line' id='line_1_28' title="bbox 400 2634 1972 2716; baseline 0.009 -28"><span class='ocrx_word' id='word_1_152' title='bbox 400 2634 472 2688; x_wconf 88' lang='lat' dir='ltr'><strong>cti</strong></span> <span class='ocrx_word' id='word_1_153' title='bbox 507 2651 668 2689; x_wconf 87' lang='lat' dir='ltr'><strong>anno.</strong></span> <span class='ocrx_word' id='word_1_154' title='bbox 715 2636 884 2706; x_wconf 85' lang='lat' dir='ltr'><strong>llujus</strong></span> <span class='ocrx_word' id='word_1_155' title='bbox 920 2639 1174 2706; x_wconf 66' lang='lat' dir='ltr'><strong>praesides</strong></span> <span class='ocrx_word' id='word_1_156' title='bbox 1229 2641 1488 2714; x_wconf 83' lang='lat' dir='ltr'><strong>declarati</strong></span> <span class='ocrx_word' id='word_1_157' title='bbox 1521 2655 1648 2698; x_wconf 88' lang='lat' dir='ltr'><strong>sunt</strong></span> <span class='ocrx_word' id='word_1_158' title='bbox 1703 2644 1972 2716; x_wconf 78' lang='lat' dir='ltr'><strong>Georgius</strong></span> 
     </span>
    </p>
   </div>
   <div class='ocr_carea' id='block_1_29' title="bbox 401 2725 1970 2808">
    <p class='ocr_par' dir='ltr' id='par_1_29' title="bbox 401 2725 1970 2808">
     <span class='ocr_line' id='line_1_29' title="bbox 401 2725 1970 2808; baseline 0.01 -30"><span class='ocrx_word' id='word_1_159' title='bbox 401 2725 1054 2797; x_wconf 82' lang='lat' dir='ltr'><strong>Coustautinopolitanus,</strong></span> <span class='ocrx_word' id='word_1_160' title='bbox 1108 2740 1165 2786; x_wconf 90' lang='lat' dir='ltr'><strong>et</strong></span> <span class='ocrx_word' id='word_1_161' title='bbox 1221 2731 1562 2800; x_wconf 84' lang='lat' dir='ltr'><strong>Theodorus,</strong></span> <span class='ocrx_word' id='word_1_162' title='bbox 1597 2745 1654 2790; x_wconf 85' lang='lat' dir='ltr'><strong>et</strong></span> <span class='ocrx_word' id='word_1_163' title='bbox 1702 2737 1970 2808; x_wconf 77' lang='lat' dir='ltr'><strong>Georgius</strong></span> 
     </span>
    </p>
   </div>
   <div class='ocr_carea' id='block_1_30' title="bbox 403 2818 1970 2888">
    <p class='ocr_par' dir='ltr' id='par_1_30' title="bbox 403 2818 1970 2888">
     <span class='ocr_line' id='line_1_30' title="bbox 403 2818 1970 2888; baseline 0.011 -21"><span class='ocrx_word' id='word_1_164' title='bbox 403 2818 702 2888; x_wconf 86' lang='lat' dir='ltr'><strong>presbyteri</strong></span> <span class='ocrx_word' id='word_1_165' title='bbox 733 2834 838 2873; x_wconf 89' lang='lat' dir='ltr'><strong>una</strong></span> <span class='ocrx_word' id='word_1_166' title='bbox 871 2835 992 2876; x_wconf 87' lang='lat' dir='ltr'><strong>cum</strong></span> <span class='ocrx_word' id='word_1_167' title='bbox 1024 2821 1236 2879; x_wconf 79' lang='lat' dir='ltr'><strong>Joanne</strong></span> <span class='ocrx_word' id='word_1_168' title='bbox 1274 2823 1509 2881; x_wconf 84' lang='lat' dir='ltr'><strong>Diacono</strong></span> <span class='ocrx_word' id='word_1_169' title='bbox 1541 2826 1715 2883; x_wconf 91' lang='lat' dir='ltr'><strong>locum</strong></span> <span class='ocrx_word' id='word_1_170' title='bbox 1747 2844 1970 2885; x_wconf 81' lang='lat' dir='ltr'><strong>conser-</strong></span> 
     </span>
    </p>
   </div>
   <div class='ocr_carea' id='block_1_31' title="bbox 402 2911 1971 2987">
    <p class='ocr_par' dir='ltr' id='par_1_31' title="bbox 402 2911 1971 2987">
     <span class='ocr_line' id='line_1_31' title="bbox 402 2911 1971 2987; baseline 0.011 -28"><span class='ocrx_word' id='word_1_171' title='bbox 402 2918 589 2963; x_wconf 86' lang='lat' dir='ltr'><strong>vantes</strong></span> <span class='ocrx_word' id='word_1_172' title='bbox 641 2911 943 2980; x_wconf 78' lang='lat' dir='ltr'><strong>Agathonis</strong></span> <span class='ocrx_word' id='word_1_173' title='bbox 972 2915 1300 2969; x_wconf 86' lang='lat' dir='ltr'><strong>sanctissimi</strong></span> <span class='ocrx_word' id='word_1_174' title='bbox 1341 2931 1492 2987; x_wconf 65' lang='lat' dir='ltr'><strong>papa:</strong></span> <span class='ocrx_word' id='word_1_175' title='bbox 1521 2918 1749 2975; x_wconf 81' lang='lat' dir='ltr'><strong>Romani</strong></span> <span class='ocrx_word' id='word_1_176' title='bbox 1779 2939 1794 2987; x_wconf 92' lang='lat'><strong>;</strong></span> <span class='ocrx_word' id='word_1_177' title='bbox 1845 2922 1971 2978; x_wconf 80' lang='lat' dir='ltr'><strong>Ale-</strong></span> 
     </span>
    </p>
   </div>
   <div class='ocr_carea' id='block_1_32' title="bbox 402 3000 1967 3081">
    <p class='ocr_par' dir='ltr' id='par_1_32' title="bbox 402 3000 1967 3081">
     <span class='ocr_line' id='line_1_32' title="bbox 402 3000 1967 3081; baseline 0.011 -29"><span class='ocrx_word' id='word_1_178' title='bbox 402 3000 650 3056; x_wconf 76' lang='lat' dir='ltr'><strong>xandrini</strong></span> <span class='ocrx_word' id='word_1_179' title='bbox 674 3011 875 3068; x_wconf 83' lang='lat' dir='ltr'><strong>autem,</strong></span> <span class='ocrx_word' id='word_1_180' title='bbox 912 3003 1101 3059; x_wconf 85' lang='lat' dir='ltr'><strong>Petrus</strong></span> <span class='ocrx_word' id='word_1_181' title='bbox 1129 3009 1426 3064; x_wconf 86' lang='lat' dir='ltr'><strong>monachus</strong></span> <span class='ocrx_word' id='word_1_182' title='bbox 1451 3027 1465 3075; x_wconf 93' lang='lat'><strong>;</strong></span> <span class='ocrx_word' id='word_1_183' title='bbox 1493 3009 1757 3081; x_wconf 73' lang='lat' dir='ltr'><strong>Georgius</strong></span> <span class='ocrx_word' id='word_1_184' title='bbox 1787 3026 1967 3068; x_wconf 91' lang='lat' dir='ltr'><strong>autem</strong></span> 
     </span>
    </p>
   </div>
   <div class='ocr_carea' id='block_1_33' title="bbox 403 3092 1966 3169">
    <p class='ocr_par' dir='ltr' id='par_1_33' title="bbox 403 3092 1966 3169">
     <span class='ocr_line' id='line_1_33' title="bbox 403 3092 1966 3169; baseline 0.012 -28"><span class='ocrx_word' id='word_1_185' title='bbox 403 3092 698 3144; x_wconf 87' lang='lat' dir='ltr'><strong>tuonachus</strong></span> <span class='ocrx_word' id='word_1_186' title='bbox 733 3102 788 3145; x_wconf 86' lang='lat' dir='ltr'><strong>et</strong></span> <span class='ocrx_word' id='word_1_187' title='bbox 816 3096 1121 3166; x_wconf 84' lang='lat' dir='ltr'><strong>presbyter,</strong></span> <span class='ocrx_word' id='word_1_188' title='bbox 1157 3096 1657 3169; x_wconf 85' lang='lat' dir='ltr'><strong>Hierosolymitani.</strong></span> <span class='ocrx_word' id='word_1_189' title='bbox 1695 3103 1756 3158; x_wconf 85' lang='lat' dir='ltr'><strong>lli</strong></span> <span class='ocrx_word' id='word_1_190' title='bbox 1787 3114 1966 3159; x_wconf 89' lang='lat' dir='ltr'><strong>autem</strong></span> 
     </span>
    </p>
   </div>
   <div class='ocr_carea' id='block_1_34' title="bbox 2077 611 3666 683">
    <p class='ocr_par' dir='ltr' id='par_1_34' title="bbox 2077 611 3666 683">
     <span class='ocr_line' id='line_1_34' title="bbox 2077 611 3666 683; baseline 0.004 -21"><span class='ocrx_word' id='word_1_191' title='bbox 2077 611 2302 680; x_wconf 76' lang='grc' dir='ltr'>ρίζουσα</span> <span class='ocrx_word' id='word_1_192' title='bbox 2330 613 2428 677; x_wconf 80' lang='grc' dir='ltr'>τῆς</span> <span class='ocrx_word' id='word_1_193' title='bbox 2460 612 2567 677; x_wconf 74' lang='grc' dir='ltr'>πρὸ</span> <span class='ocrx_word' id='word_1_194' title='bbox 2599 612 2772 680; x_wconf 72' lang='grc' dir='ltr'>αὐτῆς</span> <span class='ocrx_word' id='word_1_195' title='bbox 2821 612 3094 683; x_wconf 77' lang='grc' dir='ltr'><strong>τετάρτης</strong></span> <span class='ocrx_word' id='word_1_196' title='bbox 3135 616 3346 683; x_wconf 82' lang='grc' dir='ltr'><strong>χρόνοις</strong></span> <span class='ocrx_word' id='word_1_197' title='bbox 3373 615 3484 668; x_wconf 84' lang='grc' dir='ltr'><strong>δύο</strong></span> <span class='ocrx_word' id='word_1_198' title='bbox 3525 617 3666 681; x_wconf 71' lang='grc' dir='ltr'>πρὸς</span> 
     </span>
    </p>
   </div>
   <div class='ocr_carea' id='block_1_35' title="bbox 2075 703 3664 776">
    <p class='ocr_par' dir='ltr' id='par_1_35' title="bbox 2075 703 3664 776">
     <span class='ocr_line' id='line_1_35' title="bbox 2075 703 3664 776; baseline 0.002 -21"><span class='ocrx_word' id='word_1_199' title='bbox 2075 706 2189 766; x_wconf 81' lang='grc' dir='ltr'>τοῖς</span> <span class='ocrx_word' id='word_1_200' title='bbox 2225 704 2456 756; x_wconf 56' lang='grc' dir='ltr'>ἑκατόν</span> <span class='ocrx_word' id='word_1_201' title='bbox 2511 703 2607 755; x_wconf 80' lang='grc' dir='ltr'>καὶ</span> <span class='ocrx_word' id='word_1_202' title='bbox 2663 707 2889 772; x_wconf 82' lang='grc' dir='ltr'>τέμενος</span> <span class='ocrx_word' id='word_1_203' title='bbox 2942 705 3043 774; x_wconf 81' lang='grc' dir='ltr'>μὲν</span> <span class='ocrx_word' id='word_1_204' title='bbox 3077 705 3269 775; x_wconf 81' lang='grc' dir='ltr'>ὥσπερ</span> <span class='ocrx_word' id='word_1_205' title='bbox 3297 707 3454 776; x_wconf 82' lang='grc' dir='ltr'>ίερὸν</span> <span class='ocrx_word' id='word_1_206' title='bbox 3493 707 3664 776; x_wconf 77' lang='grc' dir='ltr'>ἑαυτῇ</span> 
     </span>
    </p>
   </div>
   <div class='ocr_carea' id='block_1_36' title="bbox 2074 794 3668 867">
    <p class='ocr_par' dir='ltr' id='par_1_36' title="bbox 2074 794 3668 867">
     <span class='ocr_line' id='line_1_36' title="bbox 2074 794 3668 867; baseline 0.003 -21"><span class='ocrx_word' id='word_1_207' title='bbox 2074 794 2174 862; x_wconf 79' lang='grc' dir='ltr'>τὴν</span> <span class='ocrx_word' id='word_1_208' title='bbox 2205 794 2457 864; x_wconf 75' lang='grc' dir='ltr'>βασιλίδα</span> <span class='ocrx_word' id='word_1_209' title='bbox 2488 795 2596 847; x_wconf 84' lang='grc' dir='ltr'>τῶν</span> <span class='ocrx_word' id='word_1_210' title='bbox 2621 795 2832 848; x_wconf 84' lang='grc' dir='ltr'>πόλεων</span> <span class='ocrx_word' id='word_1_211' title='bbox 2862 797 3066 867; x_wconf 78' lang='grc' dir='ltr'>ἵδρυτο,</span> <span class='ocrx_word' id='word_1_212' title='bbox 3104 797 3267 850; x_wconf 80' lang='grc' dir='ltr'>πέντε</span> <span class='ocrx_word' id='word_1_213' title='bbox 3313 799 3367 852; x_wconf 81' lang='grc' dir='ltr'>δὲ</span> <span class='ocrx_word' id='word_1_214' title='bbox 3405 800 3511 852; x_wconf 74' lang='grc' dir='ltr'>καὶ</span> <span class='ocrx_word' id='word_1_215' title='bbox 3545 800 3668 867; x_wconf 76' lang='grc' dir='ltr'><strong>ἐξή-</strong></span> 
     </span>
    </p>
   </div>
   <div class='ocr_carea' id='block_1_37' title="bbox 2076 890 3663 960">
    <p class='ocr_par' dir='ltr' id='par_1_37' title="bbox 2076 890 3663 960">
     <span class='ocr_line' id='line_1_37' title="bbox 2076 890 3663 960; baseline 0.001 -19"><span class='ocrx_word' id='word_1_216' title='bbox 2076 905 2242 941; x_wconf 71' lang='grc' dir='ltr'>κοντα</span> <span class='ocrx_word' id='word_1_217' title='bbox 2303 891 2397 941; x_wconf 72' lang='grc' dir='ltr'>καὶ</span> <span class='ocrx_word' id='word_1_218' title='bbox 2460 890 2654 944; x_wconf 72' lang='grc' dir='ltr'>ἑκατὸν</span> <span class='ocrx_word' id='word_1_219' title='bbox 2718 890 2998 959; x_wconf 78' lang='grc' dir='ltr'>θεοφόρων</span> <span class='ocrx_word' id='word_1_220' title='bbox 3059 890 3319 959; x_wconf 85' lang='grc' dir='ltr'>Πατέρων</span> <span class='ocrx_word' id='word_1_221' title='bbox 3372 890 3663 960; x_wconf 79' lang='grc' dir='ltr'>συνδρομῇ</span> 
     </span>
    </p>
   </div>
   <div class='ocr_carea' id='block_1_38' title="bbox 2076 974 3666 1052">
    <p class='ocr_par' dir='ltr' id='par_1_38' title="bbox 2076 974 3666 1052">
     <span class='ocr_line' id='line_1_38' title="bbox 2076 974 3666 1052; baseline 0.002 -21"><span class='ocrx_word' id='word_1_222' title='bbox 2076 978 2408 1047; x_wconf 72' lang='grc' dir='ltr'><strong>ἐκρατύνετο</strong></span> <span class='ocrx_word' id='word_1_223' title='bbox 2428 997 2442 1012; x_wconf 89' lang='grc'><strong>·</strong></span> <span class='ocrx_word' id='word_1_224' title='bbox 2479 974 2553 1034; x_wconf 83' lang='grc' dir='ltr'>ὧν</span> <span class='ocrx_word' id='word_1_225' title='bbox 2577 980 2810 1052; x_wconf 78' lang='grc' dir='ltr'><strong>ἡγοῦντο</strong></span> <span class='ocrx_word' id='word_1_226' title='bbox 2841 983 2907 1035; x_wconf 80' lang='grc' dir='ltr'>τὰ</span> <span class='ocrx_word' id='word_1_227' title='bbox 2938 979 3132 1050; x_wconf 79' lang='grc' dir='ltr'>πρῶτα</span> <span class='ocrx_word' id='word_1_228' title='bbox 3167 981 3266 1049; x_wconf 82' lang='grc' dir='ltr'>μὲν</span> <span class='ocrx_word' id='word_1_229' title='bbox 3288 983 3515 1050; x_wconf 83' lang='grc' dir='ltr'>Μηνᾶς,</span> <span class='ocrx_word' id='word_1_230' title='bbox 3546 977 3666 1034; x_wconf 75' lang='grc' dir='ltr'>εἶτα</span> 
     </span>
    </p>
   </div>
   <div class='ocr_carea' id='block_1_39' title="bbox 2079 1057 3662 1143">
    <p class='ocr_par' dir='ltr' id='par_1_39' title="bbox 2079 1071 3662 1143">
     <span class='ocr_line' id='line_1_39' title="bbox 2079 1071 3662 1143; baseline 0 -19"><span class='ocrx_word' id='word_1_231' title='bbox 2079 1071 2362 1140; x_wconf 82' lang='grc' dir='ltr'>Εύτύχιος,</span> <span class='ocrx_word' id='word_1_232' title='bbox 2390 1073 2456 1125; x_wconf 83' lang='grc' dir='ltr'>ὲκ</span> <span class='ocrx_word' id='word_1_233' title='bbox 2479 1073 2730 1142; x_wconf 77' lang='grc' dir='ltr'><strong>διαδοχῆς</strong></span> <span class='ocrx_word' id='word_1_234' title='bbox 2757 1073 2880 1136; x_wconf 74' lang='grc' dir='ltr'>τοὺς</span> <span class='ocrx_word' id='word_1_235' title='bbox 2909 1074 3333 1143; x_wconf 78' lang='grc' dir='ltr'>ἀρχιερατικοῦς</span> <span class='ocrx_word' id='word_1_236' title='bbox 3353 1077 3466 1142; x_wconf 82' lang='grc' dir='ltr'>τῆς</span> <span class='ocrx_word' id='word_1_237' title='bbox 3500 1072 3662 1142; x_wconf 84' lang='grc' dir='ltr'>βασι-</span> 
     </span>
    </p>
   </div>
   <div class='ocr_carea' id='block_1_40' title="bbox 2076 1162 3663 1234">
    <p class='ocr_par' dir='ltr' id='par_1_40' title="bbox 2076 1162 3663 1234">
     <span class='ocr_line' id='line_1_40' title="bbox 2076 1162 3663 1234; baseline 0.003 -20"><span class='ocrx_word' id='word_1_238' title='bbox 2076 1162 2337 1232; x_wconf 77' lang='grc' dir='ltr'>λευούσης</span> <span class='ocrx_word' id='word_1_239' title='bbox 2393 1164 2669 1227; x_wconf 74' lang='grc' dir='ltr'>ίθύνοντες</span> <span class='ocrx_word' id='word_1_240' title='bbox 2717 1164 2934 1231; x_wconf 68' lang='grc' dir='ltr'>οἴακας,</span> <span class='ocrx_word' id='word_1_241' title='bbox 2967 1165 3352 1234; x_wconf 78' lang='grc' dir='ltr'>’Δπολινάριος</span> <span class='ocrx_word' id='word_1_242' title='bbox 3397 1164 3663 1230; x_wconf 73' lang='grc' dir='ltr'>Ἀλέξαν-</span> 
     </span>
    </p>
   </div>
   <div class='ocr_carea' id='block_1_41' title="bbox 2075 1254 3663 1328">
    <p class='ocr_par' dir='ltr' id='par_1_41' title="bbox 2075 1254 3663 1328">
     <span class='ocr_line' id='line_1_41' title="bbox 2075 1254 3663 1328; baseline 0.002 -22"><span class='ocrx_word' id='word_1_243' title='bbox 2075 1254 2281 1324; x_wconf 83' lang='grc' dir='ltr'>δρείας,</span> <span class='ocrx_word' id='word_1_244' title='bbox 2312 1256 2517 1324; x_wconf 87' lang='grc' dir='ltr'>Δόμνος</span> <span class='ocrx_word' id='word_1_245' title='bbox 2566 1255 2928 1327; x_wconf 78' lang='grc' dir='ltr'><strong>Ἀντιοχείας,</strong></span> <span class='ocrx_word' id='word_1_246' title='bbox 2975 1258 3113 1328; x_wconf 73' lang='grc' dir='ltr'>πρὸς</span> <span class='ocrx_word' id='word_1_247' title='bbox 3159 1258 3216 1311; x_wconf 78' lang='grc' dir='ltr'>δὲ</span> <span class='ocrx_word' id='word_1_248' title='bbox 3269 1257 3361 1309; x_wconf 76' lang='grc' dir='ltr'>καὶ</span> <span class='ocrx_word' id='word_1_249' title='bbox 3395 1256 3663 1325; x_wconf 74' lang='grc' dir='ltr'>Δίδυμος,</span> 
     </span>
    </p>
   </div>
   <div class='ocr_carea' id='block_1_42' title="bbox 2076 1347 3663 1420">
    <p class='ocr_par' dir='ltr' id='par_1_42' title="bbox 2076 1347 3663 1420">
     <span class='ocr_line' id='line_1_42' title="bbox 2076 1347 3663 1420; baseline 0.003 -22"><span class='ocrx_word' id='word_1_250' title='bbox 2076 1347 2171 1399; x_wconf 71' lang='grc' dir='ltr'>καὶ</span> <span class='ocrx_word' id='word_1_251' title='bbox 2226 1347 2518 1418; x_wconf 71' lang='grc' dir='ltr'>Εὐάγριος,</span> <span class='ocrx_word' id='word_1_252' title='bbox 2583 1349 2881 1418; x_wconf 80' lang='grc' dir='ltr'>Εὑστοχίου</span> <span class='ocrx_word' id='word_1_253' title='bbox 2933 1349 3028 1403; x_wconf 87' lang='grc' dir='ltr'><strong>τοῦ</strong></span> <span class='ocrx_word' id='word_1_254' title='bbox 3082 1351 3193 1403; x_wconf 84' lang='grc' dir='ltr'><strong>τῶν</strong></span> <span class='ocrx_word' id='word_1_255' title='bbox 3255 1348 3663 1420; x_wconf 83' lang='grc' dir='ltr'>Ἰεροσολύμων</span> 
     </span>
    </p>
   </div>
   <div class='ocr_carea' id='block_1_43' title="bbox 2074 1443 3664 1516">
    <p class='ocr_par' dir='ltr' id='par_1_43' title="bbox 2074 1443 3664 1516">
     <span class='ocr_line' id='line_1_43' title="bbox 2074 1443 3664 1516; baseline 0.003 -22"><span class='ocrx_word' id='word_1_256' title='bbox 2074 1443 2243 1496; x_wconf 85' lang='grc' dir='ltr'>τόπον</span> <span class='ocrx_word' id='word_1_257' title='bbox 2293 1443 2776 1514; x_wconf 63' lang='grc' dir='ltr'><strong>ἀναλιτληροῦντες⁸</strong></span> <span class='ocrx_word' id='word_1_258' title='bbox 2813 1447 2839 1498; x_wconf 83' lang='grc' dir='ltr'>ὁ</span> <span class='ocrx_word' id='word_1_259' title='bbox 2895 1446 2953 1499; x_wconf 78' lang='grc' dir='ltr'><strong>δέ</strong></span> <span class='ocrx_word' id='word_1_260' title='bbox 2995 1464 3058 1514; x_wconf 88' lang='grc' dir='ltr'><strong>γε</strong></span> <span class='ocrx_word' id='word_1_261' title='bbox 3122 1445 3342 1516; x_wconf 81' lang='grc' dir='ltr'><strong>Ῥώμης</strong></span> <span class='ocrx_word' id='word_1_262' title='bbox 3389 1446 3664 1514; x_wconf 73' lang='grc' dir='ltr'>Βιγίλιος,</span> 
     </span>
    </p>
   </div>
   <div class='ocr_carea' id='block_1_44' title="bbox 2075 1533 3663 1608">
    <p class='ocr_par' dir='ltr' id='par_1_44' title="bbox 2075 1533 3663 1608">
     <span class='ocr_line' id='line_1_44' title="bbox 2075 1533 3663 1608; baseline 0.006 -21"><span class='ocrx_word' id='word_1_263' title='bbox 2075 1533 2270 1603; x_wconf 79' lang='grc' dir='ltr'>παρὼν</span> <span class='ocrx_word' id='word_1_264' title='bbox 2305 1535 2402 1604; x_wconf 75' lang='grc' dir='ltr'><strong>μὲν</strong></span> <span class='ocrx_word' id='word_1_265' title='bbox 2456 1535 2763 1604; x_wconf 80' lang='grc' dir='ltr'>τηνικαῦτα</span> <span class='ocrx_word' id='word_1_266' title='bbox 2806 1540 2873 1608; x_wconf 84' lang='grc' dir='ltr'>τῇ</span> <span class='ocrx_word' id='word_1_267' title='bbox 2921 1538 3101 1602; x_wconf 85' lang='grc' dir='ltr'>πόλει,</span> <span class='ocrx_word' id='word_1_268' title='bbox 3154 1539 3211 1590; x_wconf 77' lang='grc' dir='ltr'>οὒ</span> <span class='ocrx_word' id='word_1_269' title='bbox 3249 1537 3447 1608; x_wconf 82' lang='grc' dir='ltr'>παρὼν</span> <span class='ocrx_word' id='word_1_270' title='bbox 3504 1538 3564 1591; x_wconf 77' lang='grc' dir='ltr'>δὲ</span> <span class='ocrx_word' id='word_1_271' title='bbox 3597 1541 3663 1608; x_wconf 68' lang='grc' dir='ltr'><strong>*ᾖ</strong></span> 
     </span>
    </p>
   </div>
   <div class='ocr_carea' id='block_1_45' title="bbox 2078 1625 3666 1697">
    <p class='ocr_par' dir='ltr' id='par_1_45' title="bbox 2078 1625 3666 1697">
     <span class='ocr_line' id='line_1_45' title="bbox 2078 1625 3666 1697; baseline 0.003 -21"><span class='ocrx_word' id='word_1_272' title='bbox 2078 1625 2301 1694; x_wconf 80' lang='grc' dir='ltr'>συνόδῳ,</span> <span class='ocrx_word' id='word_1_273' title='bbox 2331 1625 2432 1695; x_wconf 74' lang='grc' dir='ltr'>τὴν</span> <span class='ocrx_word' id='word_1_274' title='bbox 2463 1627 2654 1694; x_wconf 83' lang='grc' dir='ltr'>κοινὴν</span> <span class='ocrx_word' id='word_1_275' title='bbox 2680 1625 2788 1679; x_wconf 84' lang='grc' dir='ltr'><strong>τῶν</strong></span> <span class='ocrx_word' id='word_1_276' title='bbox 2823 1625 3085 1695; x_wconf 79' lang='grc' dir='ltr'>Πατέρων</span> <span class='ocrx_word' id='word_1_277' title='bbox 3116 1627 3301 1680; x_wconf 86' lang='grc' dir='ltr'>πίστιν</span> <span class='ocrx_word' id='word_1_278' title='bbox 3331 1627 3434 1697; x_wconf 76' lang='grc' dir='ltr'>οὐχ</span> <span class='ocrx_word' id='word_1_279' title='bbox 3457 1627 3666 1696; x_wconf 72' lang='grc' dir='ltr'>ἣκιστα</span> 
     </span>
    </p>
   </div>
   <div class='ocr_carea' id='block_1_46' title="bbox 2076 1716 2626 1788">
    <p class='ocr_par' dir='ltr' id='par_1_46' title="bbox 2076 1716 2626 1788">
     <span class='ocr_line' id='line_1_46' title="bbox 2076 1716 2626 1788; baseline 0.007 -21"><span class='ocrx_word' id='word_1_280' title='bbox 2076 1716 2348 1786; x_wconf 75' lang='grc' dir='ltr'><strong>ἐπεκύρου</strong></span> <span class='ocrx_word' id='word_1_281' title='bbox 2372 1717 2626 1788; x_wconf 79' lang='grc' dir='ltr'>λιὸἑλλῳ.</span> 
     </span>
    </p>
   </div>
   <div class='ocr_carea' id='block_1_47' title="bbox 2077 1807 3660 1881">
    <p class='ocr_par' dir='ltr' id='par_1_47' title="bbox 2077 1807 3660 1881">
     <span class='ocr_line' id='line_1_47' title="bbox 2077 1807 3660 1881; baseline 0.001 -16"><span class='ocrx_word' id='word_1_282' title='bbox 2077 1807 2192 1876; x_wconf 61' lang='lat' dir='ltr'><strong>ICI&#39;.</strong></span> <span class='ocrx_word' id='word_1_283' title='bbox 2215 1810 2346 1876; x_wconf 75' lang='grc' dir='ltr'>Περὶ</span> <span class='ocrx_word' id='word_1_284' title='bbox 2371 1809 2479 1876; x_wconf 83' lang='grc' dir='ltr'>τῆς</span> <span class='ocrx_word' id='word_1_285' title='bbox 2499 1811 2677 1880; x_wconf 77' lang='grc' dir='ltr'>ἁγίας</span> <span class='ocrx_word' id='word_1_286' title='bbox 2705 1808 2802 1864; x_wconf 77' lang='grc' dir='ltr'><strong>καί</strong></span> <span class='ocrx_word' id='word_1_287' title='bbox 2825 1810 3260 1881; x_wconf 76' lang='grc' dir='ltr'>οίκουμενικῆς</span> <span class='ocrx_word' id='word_1_288' title='bbox 3283 1810 3338 1876; x_wconf 83' lang='grc' dir='ltr'>ς’</span> <span class='ocrx_word' id='word_1_289' title='bbox 3357 1827 3441 1866; x_wconf 71' lang='grc' dir='ltr'>σι</span> <span class='ocrx_word' id='word_1_290' title='bbox 3451 1812 3660 1866; x_wconf 83' lang='grc' dir='ltr'>νόδου.</span> 
     </span>
    </p>
   </div>
   <div class='ocr_carea' id='block_1_48' title="bbox 2145 1902 3666 1976">
    <p class='ocr_par' dir='ltr' id='par_1_48' title="bbox 2145 1902 3666 1976">
     <span class='ocr_line' id='line_1_48' title="bbox 2145 1902 3666 1976; baseline 0.001 -20"><span class='ocrx_word' id='word_1_291' title='bbox 2145 1902 2222 1956; x_wconf 84' lang='grc' dir='ltr'>Ού</span> <span class='ocrx_word' id='word_1_292' title='bbox 2265 1903 2372 1972; x_wconf 79' lang='grc' dir='ltr'>μὴν</span> <span class='ocrx_word' id='word_1_293' title='bbox 2403 1902 2525 1955; x_wconf 74' lang='grc' dir='ltr'>οὐδὲ</span> <span class='ocrx_word' id='word_1_294' title='bbox 2547 1905 2611 1974; x_wconf 79' lang='grc' dir='ltr'>τῇ</span> <span class='ocrx_word' id='word_1_295' title='bbox 2643 1903 2847 1973; x_wconf 87' lang='grc' dir='ltr'>κυρίως</span> <span class='ocrx_word' id='word_1_296' title='bbox 2872 1903 3010 1976; x_wconf 70' lang='grc' dir='ltr'>ἕκτῃ</span> <span class='ocrx_word' id='word_1_297' title='bbox 3036 1902 3317 1974; x_wconf 79' lang='grc' dir='ltr'>προῦργου</span> <span class='ocrx_word' id='word_1_298' title='bbox 3348 1903 3496 1956; x_wconf 85' lang='grc' dir='ltr'>εἶναι</span> <span class='ocrx_word' id='word_1_299' title='bbox 3520 1905 3666 1957; x_wconf 81' lang='grc' dir='ltr'>νενό-</span> 
     </span>
    </p>
   </div>
   <div class='ocr_carea' id='block_1_49' title="bbox 2076 1993 3662 2066">
    <p class='ocr_par' dir='ltr' id='par_1_49' title="bbox 2076 1993 3662 2066">
     <span class='ocr_line' id='line_1_49' title="bbox 2076 1993 3662 2066; baseline 0.002 -20"><span class='ocrx_word' id='word_1_300' title='bbox 2076 2011 2265 2064; x_wconf 81' lang='grc' dir='ltr'>μισται</span> <span class='ocrx_word' id='word_1_301' title='bbox 2321 1993 2556 2058; x_wconf 75' lang='grc' dir='ltr'><strong>κανόνας</strong></span> <span class='ocrx_word' id='word_1_302' title='bbox 2606 1996 2986 2064; x_wconf 77' lang='grc' dir='ltr'><strong>συγγράφειν,</strong></span> <span class='ocrx_word' id='word_1_303' title='bbox 3045 1993 3258 2066; x_wconf 77' lang='grc' dir='ltr'>ἑτέροις</span> <span class='ocrx_word' id='word_1_304' title='bbox 3319 1997 3533 2065; x_wconf 69' lang='grc' dir='ltr'>ἐχούσῃ</span> <span class='ocrx_word' id='word_1_305' title='bbox 3574 1996 3662 2049; x_wconf 80' lang='grc' dir='ltr'>τὸν</span> 
     </span>
    </p>
   </div>
   <div class='ocr_carea' id='block_1_50' title="bbox 2073 2085 3657 2156">
    <p class='ocr_par' dir='ltr' id='par_1_50' title="bbox 2073 2085 3657 2156">
     <span class='ocr_line' id='line_1_50' title="bbox 2073 2085 3657 2156; baseline 0.001 -18"><span class='ocrx_word' id='word_1_306' title='bbox 2073 2085 2228 2138; x_wconf 85' lang='grc' dir='ltr'>νοῦν·</span> <span class='ocrx_word' id='word_1_307' title='bbox 2267 2085 2390 2155; x_wconf 78' lang='grc' dir='ltr'>ἥτις</span> <span class='ocrx_word' id='word_1_308' title='bbox 2441 2085 2656 2155; x_wconf 81' lang='grc' dir='ltr'>χρόνοις</span> <span class='ocrx_word' id='word_1_309' title='bbox 2718 2087 2838 2148; x_wconf 75' lang='grc' dir='ltr'>ἑνὸς</span> <span class='ocrx_word' id='word_1_310' title='bbox 2893 2085 3111 2149; x_wconf 75' lang='grc' dir='ltr'>δέοντος</span> <span class='ocrx_word' id='word_1_311' title='bbox 3161 2087 3525 2156; x_wconf 85' lang='grc' dir='ltr'>πεντήκοντα</span> <span class='ocrx_word' id='word_1_312' title='bbox 3567 2087 3657 2140; x_wconf 82' lang='grc' dir='ltr'>καὶ</span> 
     </span>
    </p>
   </div>
   <div class='ocr_carea' id='block_1_51' title="bbox 2071 2177 3659 2249">
    <p class='ocr_par' dir='ltr' id='par_1_51' title="bbox 2071 2177 3659 2249">
     <span class='ocr_line' id='line_1_51' title="bbox 2071 2177 3659 2249; baseline 0 -19"><span class='ocrx_word' id='word_1_313' title='bbox 2071 2177 2269 2230; x_wconf 77' lang='grc' dir='ltr'>ἑκατὸν</span> <span class='ocrx_word' id='word_1_314' title='bbox 2305 2178 2540 2230; x_wconf 77' lang='grc' dir='ltr'><strong>κατόπιν</strong></span> <span class='ocrx_word' id='word_1_315' title='bbox 2575 2177 2676 2247; x_wconf 77' lang='grc' dir='ltr'>τῆς</span> <span class='ocrx_word' id='word_1_316' title='bbox 2707 2177 3108 2247; x_wconf 84' lang='grc' dir='ltr'>προγεγονυίας</span> <span class='ocrx_word' id='word_1_317' title='bbox 3129 2178 3391 2242; x_wconf 78' lang='grc' dir='ltr'>ἐλθοῦσα,</span> <span class='ocrx_word' id='word_1_318' title='bbox 3429 2178 3540 2249; x_wconf 77' lang='grc' dir='ltr'>τὴν</span> <span class='ocrx_word' id='word_1_319' title='bbox 3565 2177 3659 2248; x_wconf 73' lang='grc' dir='ltr'><strong>βα-</strong></span> 
     </span>
    </p>
   </div>
   <div class='ocr_carea' id='block_1_52' title="bbox 2074 2268 3655 2342">
    <p class='ocr_par' dir='ltr' id='par_1_52' title="bbox 2074 2268 3655 2342">
     <span class='ocr_line' id='line_1_52' title="bbox 2074 2268 3655 2342; baseline 0.001 -21"><span class='ocrx_word' id='word_1_320' title='bbox 2074 2270 2252 2323; x_wconf 81' lang='grc' dir='ltr'>σιλίδα</span> <span class='ocrx_word' id='word_1_321' title='bbox 2307 2270 2405 2324; x_wconf 74' lang='grc' dir='ltr'>καὶ</span> <span class='ocrx_word' id='word_1_322' title='bbox 2465 2268 2603 2340; x_wconf 76' lang='grc' dir='ltr'>αὕτη</span> <span class='ocrx_word' id='word_1_323' title='bbox 2666 2270 2826 2322; x_wconf 76' lang='grc' dir='ltr'>πόλιν</span> <span class='ocrx_word' id='word_1_324' title='bbox 2862 2271 3010 2340; x_wconf 74' lang='grc' dir='ltr'>ἱερὸν</span> <span class='ocrx_word' id='word_1_325' title='bbox 3079 2270 3321 2342; x_wconf 74' lang='grc' dir='ltr'>ἐπήξατο</span> <span class='ocrx_word' id='word_1_326' title='bbox 3380 2272 3655 2341; x_wconf 78' lang='grc' dir='ltr'>Θέατρον·</span> 
     </span>
    </p>
   </div>
   <div class='ocr_carea' id='block_1_53' title="bbox 2072 2361 3657 2433">
    <p class='ocr_par' dir='ltr' id='par_1_53' title="bbox 2072 2361 3657 2433">
     <span class='ocr_line' id='line_1_53' title="bbox 2072 2361 3657 2433; baseline 0.001 -19"><span class='ocrx_word' id='word_1_327' title='bbox 2072 2361 2448 2432; x_wconf 78' lang='grc' dir='ltr'>ἑϐδομήκοντα</span> <span class='ocrx_word' id='word_1_328' title='bbox 2475 2361 2533 2415; x_wconf 69' lang='grc' dir='ltr'>δὲ</span> <span class='ocrx_word' id='word_1_329' title='bbox 2573 2364 2667 2416; x_wconf 77' lang='grc' dir='ltr'>καὶ</span> <span class='ocrx_word' id='word_1_330' title='bbox 2702 2363 2902 2415; x_wconf 78' lang='grc' dir='ltr'>ἑκατὸν</span> <span class='ocrx_word' id='word_1_331' title='bbox 2948 2362 3243 2433; x_wconf 83' lang='grc' dir='ltr'>οεοφόρονς</span> <span class='ocrx_word' id='word_1_332' title='bbox 3275 2364 3488 2433; x_wconf 76' lang='grc' dir='ltr'>ἄνδρας</span> <span class='ocrx_word' id='word_1_333' title='bbox 3520 2365 3657 2416; x_wconf 69' lang='grc' dir='ltr'>ἀπορ</span> 
     </span>
    </p>
   </div>
   <div class='ocr_carea' id='block_1_54' title="bbox 2069 2454 3655 2528">
    <p class='ocr_par' dir='ltr' id='par_1_54' title="bbox 2069 2454 3655 2528">
     <span class='ocr_line' id='line_1_54' title="bbox 2069 2454 3655 2528; baseline 0.001 -22"><span class='ocrx_word' id='word_1_334' title='bbox 2069 2454 2406 2524; x_wconf 87' lang='grc' dir='ltr'>δυσαμένους</span> <span class='ocrx_word' id='word_1_335' title='bbox 2435 2455 2639 2524; x_wconf 78' lang='grc' dir='ltr'>σχοῦσα</span> <span class='ocrx_word' id='word_1_336' title='bbox 2661 2455 2800 2523; x_wconf 77' lang='grc' dir='ltr'>πρὸς</span> <span class='ocrx_word' id='word_1_337' title='bbox 2820 2455 2912 2508; x_wconf 76' lang='grc' dir='ltr'>τὸν</span> <span class='ocrx_word' id='word_1_338' title='bbox 2932 2456 3144 2523; x_wconf 75' lang='grc' dir='ltr'>ἀγῶνα,</span> <span class='ocrx_word' id='word_1_339' title='bbox 3177 2457 3457 2528; x_wconf 78' lang='grc' dir='ltr'>λαμπρῶς</span> <span class='ocrx_word' id='word_1_340' title='bbox 3490 2456 3655 2509; x_wconf 86' lang='grc' dir='ltr'>νικῶ-</span> 
     </span>
    </p>
   </div>
   <div class='ocr_carea' id='block_1_55' title="bbox 2073 2547 3656 2618">
    <p class='ocr_par' dir='ltr' id='par_1_55' title="bbox 2073 2547 3656 2618">
     <span class='ocr_line' id='line_1_55' title="bbox 2073 2547 3656 2618; baseline 0.001 -20"><span class='ocrx_word' id='word_1_341' title='bbox 2073 2563 2174 2598; x_wconf 90' lang='grc' dir='ltr'><strong>σαν</strong></span> <span class='ocrx_word' id='word_1_342' title='bbox 2196 2547 2296 2617; x_wconf 81' lang='grc' dir='ltr'>τὴν</span> <span class='ocrx_word' id='word_1_343' title='bbox 2321 2547 2602 2600; x_wconf 78' lang='grc' dir='ltr'>εὐσέϐειαν</span> <span class='ocrx_word' id='word_1_344' title='bbox 2628 2548 2911 2601; x_wconf 71' lang='grc' dir='ltr'><strong>ἐπεδείκνυ</strong></span> <span class='ocrx_word' id='word_1_345' title='bbox 2941 2549 3052 2601; x_wconf 77' lang='grc' dir='ltr'>ἔτει</span> <span class='ocrx_word' id='word_1_346' title='bbox 3079 2549 3534 2618; x_wconf 70' lang='grc' dir='ltr'>τρισκαιδεκάτῳ</span> <span class='ocrx_word' id='word_1_347' title='bbox 3563 2547 3656 2616; x_wconf 82' lang='grc' dir='ltr'>τῆς</span> 
     </span>
    </p>
   </div>
   <div class='ocr_carea' id='block_1_56' title="bbox 2073 2638 3654 2710">
    <p class='ocr_par' dir='ltr' id='par_1_56' title="bbox 2073 2638 3654 2710">
     <span class='ocr_line' id='line_1_56' title="bbox 2073 2638 3654 2710; baseline -0.001 -18"><span class='ocrx_word' id='word_1_348' title='bbox 2073 2638 2351 2709; x_wconf 80' lang='grc' dir='ltr'>βασιλείας</span> <span class='ocrx_word' id='word_1_349' title='bbox 2377 2638 2784 2694; x_wconf 81' lang='grc' dir='ltr'>Κωνσταντίνου</span> <span class='ocrx_word' id='word_1_350' title='bbox 2815 2639 2911 2693; x_wconf 89' lang='grc' dir='ltr'><strong>τοῦ</strong></span> <span class='ocrx_word' id='word_1_351' title='bbox 2941 2639 3243 2710; x_wconf 76' lang='grc' dir='ltr'>λεγομένου</span> <span class='ocrx_word' id='word_1_352' title='bbox 3279 2640 3654 2703; x_wconf 78' lang='grc' dir='ltr'>Ηωγωνάτου.</span> 
     </span>
    </p>
   </div>
   <div class='ocr_carea' id='block_1_57' title="bbox 2072 2731 3662 2803">
    <p class='ocr_par' dir='ltr' id='par_1_57' title="bbox 2072 2731 3662 2803">
     <span class='ocr_line' id='line_1_57' title="bbox 2072 2731 3662 2803; baseline 0.001 -17"><span class='ocrx_word' id='word_1_353' title='bbox 2072 2731 2292 2801; x_wconf 80' lang='grc' dir='ltr'>Ταύτης</span> <span class='ocrx_word' id='word_1_354' title='bbox 2309 2733 2546 2802; x_wconf 80' lang='grc' dir='ltr'>ἀρχηγοὶ</span> <span class='ocrx_word' id='word_1_355' title='bbox 2579 2732 2940 2801; x_wconf 74' lang='grc' dir='ltr'>ἑγνωρίζοντο</span> <span class='ocrx_word' id='word_1_356' title='bbox 2973 2732 3246 2803; x_wconf 86' lang='grc' dir='ltr'>Γεώργιός</span> <span class='ocrx_word' id='word_1_357' title='bbox 3269 2750 3331 2786; x_wconf 89' lang='grc' dir='ltr'><strong>τε</strong></span> <span class='ocrx_word' id='word_1_358' title='bbox 3359 2736 3662 2788; x_wconf 60' lang='lat' dir='ltr'><strong>Koma-raw</strong></span> 
     </span>
    </p>
   </div>
   <div class='ocr_carea' id='block_1_58' title="bbox 2069 2824 3656 2897">
    <p class='ocr_par' dir='ltr' id='par_1_58' title="bbox 2069 2824 3656 2897">
     <span class='ocr_line' id='line_1_58' title="bbox 2069 2824 3656 2897; baseline 0.003 -22"><span class='ocrx_word' id='word_1_359' title='bbox 2069 2824 2457 2888; x_wconf 78' lang='grc' dir='ltr'>τινουπόλεως,</span> <span class='ocrx_word' id='word_1_360' title='bbox 2498 2824 2592 2876; x_wconf 68' lang='grc' dir='ltr'><strong>καὶ</strong></span> <span class='ocrx_word' id='word_1_361' title='bbox 2621 2824 2895 2894; x_wconf 73' lang='grc' dir='ltr'>Θεόδωρος</span> <span class='ocrx_word' id='word_1_362' title='bbox 2923 2825 3019 2878; x_wconf 79' lang='grc' dir='ltr'>καὶ</span> <span class='ocrx_word' id='word_1_363' title='bbox 3039 2825 3317 2894; x_wconf 83' lang='grc' dir='ltr'>Γεώργιος</span> <span class='ocrx_word' id='word_1_364' title='bbox 3343 2826 3656 2897; x_wconf 74' lang='grc' dir='ltr'>πρεσϐύτε-</span> 
     </span>
    </p>
   </div>
   <div class='ocr_carea' id='block_1_59' title="bbox 2074 2915 3654 2988">
    <p class='ocr_par' dir='ltr' id='par_1_59' title="bbox 2074 2915 3654 2988">
     <span class='ocr_line' id='line_1_59' title="bbox 2074 2915 3654 2988; baseline 0.004 -21"><span class='ocrx_word' id='word_1_365' title='bbox 2074 2932 2176 2983; x_wconf 85' lang='grc' dir='ltr'>ροι,</span> <span class='ocrx_word' id='word_1_366' title='bbox 2208 2915 2325 2983; x_wconf 71' lang='grc' dir='ltr'>ἅμα</span> <span class='ocrx_word' id='word_1_367' title='bbox 2363 2916 2585 2986; x_wconf 72' lang='grc' dir='ltr'>Ἰωάννῃ</span> <span class='ocrx_word' id='word_1_368' title='bbox 2609 2915 2848 2988; x_wconf 83' lang='grc' dir='ltr'>διακόνῳ</span> <span class='ocrx_word' id='word_1_369' title='bbox 2870 2917 2963 2970; x_wconf 73' lang='grc' dir='ltr'><strong>τὸν</strong></span> <span class='ocrx_word' id='word_1_370' title='bbox 3000 2916 3166 2970; x_wconf 82' lang='grc' dir='ltr'>τόπον</span> <span class='ocrx_word' id='word_1_371' title='bbox 3197 2916 3654 2988; x_wconf 77' lang='grc' dir='ltr'>ἀναπληροῦντες</span> 
     </span>
    </p>
   </div>
   <div class='ocr_carea' id='block_1_60' title="bbox 2083 3006 3650 3079">
    <p class='ocr_par' dir='ltr' id='par_1_60' title="bbox 2083 3006 3650 3079">
     <span class='ocr_line' id='line_1_60' title="bbox 2083 3006 3650 3079; baseline 0.001 -18"><span class='ocrx_word' id='word_1_372' title='bbox 2083 3006 2388 3075; x_wconf 83' lang='grc' dir='ltr'>Ἀγάθωνος</span> <span class='ocrx_word' id='word_1_373' title='bbox 2420 3007 2513 3060; x_wconf 87' lang='grc' dir='ltr'><strong>τοῦ</strong></span> <span class='ocrx_word' id='word_1_374' title='bbox 2546 3007 2851 3074; x_wconf 78' lang='grc' dir='ltr'>ἀγιωτάτου</span> <span class='ocrx_word' id='word_1_375' title='bbox 2907 3010 3113 3064; x_wconf 83' lang='grc' dir='ltr'>πάππα</span> <span class='ocrx_word' id='word_1_376' title='bbox 3151 3008 3376 3079; x_wconf 82' lang='grc' dir='ltr'><strong>Ῥώμης</strong></span> <span class='ocrx_word' id='word_1_377' title='bbox 3399 3028 3413 3043; x_wconf 76' lang='grc' dir='ltr'><strong>ο</strong></span> <span class='ocrx_word' id='word_1_378' title='bbox 3466 3013 3563 3064; x_wconf 90' lang='grc' dir='ltr'><strong>τοῦ</strong></span> <span class='ocrx_word' id='word_1_379' title='bbox 3597 3011 3650 3063; x_wconf 71' lang='grc' dir='ltr'>δὲ</span> 
     </span>
    </p>
   </div>
   <div class='ocr_carea' id='block_1_61' title="bbox 2084 3097 3646 3171">
    <p class='ocr_par' dir='ltr' id='par_1_61' title="bbox 2084 3097 3646 3171">
     <span class='ocr_line' id='line_1_61' title="bbox 2084 3097 3646 3171; baseline 0.003 -20"><span class='ocrx_word' id='word_1_380' title='bbox 2084 3097 2497 3170; x_wconf 79' lang='grc' dir='ltr'>Ἀλεξανδρείας</span> <span class='ocrx_word' id='word_1_381' title='bbox 2519 3101 2726 3170; x_wconf 82' lang='grc' dir='ltr'>Πέτρος</span> <span class='ocrx_word' id='word_1_382' title='bbox 2750 3105 2985 3171; x_wconf 84' lang='grc' dir='ltr'>μοναχδς</span> <span class='ocrx_word' id='word_1_383' title='bbox 3010 3101 3312 3170; x_wconf 76' lang='grc' dir='ltr'>ἐξεπλήρου</span> <span class='ocrx_word' id='word_1_384' title='bbox 3334 3102 3427 3156; x_wconf 84' lang='grc' dir='ltr'><strong>τδν</strong></span> <span class='ocrx_word' id='word_1_385' title='bbox 3465 3103 3646 3156; x_wconf 85' lang='grc' dir='ltr'>τόπον·</span> 
     </span>
    </p>
   </div>
   <div class='ocr_carea' id='block_1_62' title="bbox 397 3181 1971 3264">
    <p class='ocr_par' dir='ltr' id='par_1_62' title="bbox 397 3181 1971 3262">
     <span class='ocr_line' id='line_1_62' title="bbox 397 3181 1971 3262; baseline 0.01 -27"><span class='ocrx_word' id='word_1_386' title='bbox 397 3181 674 3252; x_wconf 73' lang='lat' dir='ltr'><strong>Sergium,</strong></span> <span class='ocrx_word' id='word_1_387' title='bbox 691 3183 1238 3256; x_wconf 85' lang='lat' dir='ltr'><strong>Pyrrhum,Paulum,</strong></span> <span class='ocrx_word' id='word_1_388' title='bbox 1255 3189 1470 3245; x_wconf 86' lang='lat' dir='ltr'><strong>Petrum</strong></span> <span class='ocrx_word' id='word_1_389' title='bbox 1493 3193 1691 3262; x_wconf 91' lang='lat' dir='ltr'><strong>impios</strong></span> <span class='ocrx_word' id='word_1_390' title='bbox 1703 3195 1971 3250; x_wconf 84' lang='lat' dir='ltr'><strong>Constan-</strong></span> 
     </span>
    </p>
   </div>
   <div class='ocr_carea' id='block_1_63' title="bbox 2077 3181 3654 3264">
    <p class='ocr_par' dir='ltr' id='par_1_63' title="bbox 2077 3189 3654 3264">
     <span class='ocr_line' id='line_1_63' title="bbox 2077 3189 3654 3264; baseline 0.004 -22"><span class='ocrx_word' id='word_1_391' title='bbox 2077 3189 2349 3259; x_wconf 83' lang='grc' dir='ltr'>Γεώργιος</span> <span class='ocrx_word' id='word_1_392' title='bbox 2371 3191 2427 3243; x_wconf 81' lang='grc' dir='ltr'>δὲ</span> <span class='ocrx_word' id='word_1_393' title='bbox 2464 3193 2698 3261; x_wconf 83' lang='grc' dir='ltr'>μοναχδς</span> <span class='ocrx_word' id='word_1_394' title='bbox 2721 3195 2822 3248; x_wconf 75' lang='grc' dir='ltr'>καὶ·</span> <span class='ocrx_word' id='word_1_395' title='bbox 2848 3193 3249 3264; x_wconf 78' lang='grc' dir='ltr'>πρεσϐύτερος,</span> <span class='ocrx_word' id='word_1_396' title='bbox 3285 3195 3380 3247; x_wconf 79' lang='grc' dir='ltr'><strong>τοῦ</strong></span> <span class='ocrx_word' id='word_1_397' title='bbox 3419 3195 3654 3264; x_wconf 83' lang='grc' dir='ltr'>Ἰεροσο-</span> 
     </span>
    </p>
   </div>
   <div class='ocr_carea' id='block_1_64' title="bbox 405 3273 1977 3347">
    <p class='ocr_par' dir='ltr' id='par_1_64' title="bbox 405 3273 1977 3347">
     <span class='ocr_line' id='line_1_64' title="bbox 405 3273 1977 3347; baseline 0.013 -25"><span class='ocrx_word' id='word_1_398' title='bbox 405 3273 661 3340; x_wconf 88' lang='lat' dir='ltr'><strong>tiuopolis</strong></span> <span class='ocrx_word' id='word_1_399' title='bbox 683 3281 958 3343; x_wconf 69' lang='lat' dir='ltr'><strong>praesules,</strong></span> <span class='ocrx_word' id='word_1_400' title='bbox 991 3288 1253 3347; x_wconf 73' lang='lat' dir='ltr'><strong>pneterea</strong></span> <span class='ocrx_word' id='word_1_401' title='bbox 1272 3292 1454 3338; x_wconf 87' lang='lat' dir='ltr'><strong>autem</strong></span> <span class='ocrx_word' id='word_1_402' title='bbox 1478 3293 1533 3339; x_wconf 84' lang='lat' dir='ltr'><strong>et</strong></span> <span class='ocrx_word' id='word_1_403' title='bbox 1555 3287 1850 3342; x_wconf 77' lang='lat' dir='ltr'><strong>Honorium</strong></span> <span class='ocrx_word' id='word_1_404' title='bbox 1869 3289 1977 3343; x_wconf 72' lang='lat' dir='ltr'><strong>llo-</strong></span> 
     </span>
    </p>
   </div>
   <div class='ocr_carea' id='block_1_65' title="bbox 404 3365 1974 3439">
    <p class='ocr_par' dir='ltr' id='par_1_65' title="bbox 404 3365 1974 3439">
     <span class='ocr_line' id='line_1_65' title="bbox 404 3365 1974 3439; baseline 0.014 -24"><span class='ocrx_word' id='word_1_405' title='bbox 404 3378 645 3430; x_wconf 81' lang='lat' dir='ltr'><strong>tuanum,</strong></span> <span class='ocrx_word' id='word_1_406' title='bbox 669 3365 868 3437; x_wconf 85' lang='lat' dir='ltr'><strong>Cyrum</strong></span> <span class='ocrx_word' id='word_1_407' title='bbox 888 3369 1341 3439; x_wconf 81' lang='lat' dir='ltr'><strong>Alexandrinum,</strong></span> <span class='ocrx_word' id='word_1_408' title='bbox 1360 3374 1656 3433; x_wconf 84' lang='lat' dir='ltr'><strong>Macarium</strong></span> <span class='ocrx_word' id='word_1_409' title='bbox 1677 3379 1974 3436; x_wconf 83' lang='lat' dir='ltr'><strong>Antioche-</strong></span> 
     </span>
    </p>
   </div>
   <div class='ocr_carea' id='block_1_66' title="bbox 404 3455 1975 3542">
    <p class='ocr_par' dir='ltr' id='par_1_66' title="bbox 404 3455 1975 3542">
     <span class='ocr_line' id='line_1_66' title="bbox 404 3455 1975 3542; baseline 0.011 -34"><span class='ocrx_word' id='word_1_410' title='bbox 404 3469 554 3520; x_wconf 89' lang='lat' dir='ltr'><strong>num,</strong></span> <span class='ocrx_word' id='word_1_411' title='bbox 588 3455 936 3512; x_wconf 82' lang='lat' dir='ltr'><strong>Theodorum</strong></span> <span class='ocrx_word' id='word_1_412' title='bbox 974 3460 1327 3530; x_wconf 84' lang='lat' dir='ltr'><strong>Pharensetn,</strong></span> <span class='ocrx_word' id='word_1_413' title='bbox 1357 3467 1688 3535; x_wconf 86' lang='lat' dir='ltr'><strong>Stephanum</strong></span> <span class='ocrx_word' id='word_1_414' title='bbox 1731 3479 1786 3525; x_wconf 88' lang='lat' dir='ltr'><strong>et</strong></span> <span class='ocrx_word' id='word_1_415' title='bbox 1816 3470 1975 3542; x_wconf 83' lang='lat' dir='ltr'><strong>Poly-</strong></span> 
     </span>
    </p>
   </div>
   <div class='ocr_carea' id='block_1_67' title="bbox 401 3547 1975 3633">
    <p class='ocr_par' dir='ltr' id='par_1_67' title="bbox 401 3547 1975 3633">
     <span class='ocr_line' id='line_1_67' title="bbox 401 3547 1975 3633; baseline 0.013 -35"><span class='ocrx_word' id='word_1_416' title='bbox 401 3547 690 3601; x_wconf 79' lang='lat' dir='ltr'><strong>eltronium</strong></span> <span class='ocrx_word' id='word_1_417' title='bbox 725 3554 1086 3610; x_wconf 76' lang='lat' dir='ltr'><strong>anathematis</strong></span> <span class='ocrx_word' id='word_1_418' title='bbox 1123 3558 1388 3625; x_wconf 88' lang='lat' dir='ltr'><strong>supplicio</strong></span> <span class='ocrx_word' id='word_1_419' title='bbox 1440 3560 1818 3628; x_wconf 78' lang='lat' dir='ltr'><strong>subiiciebant,</strong></span> <span class='ocrx_word' id='word_1_420' title='bbox 1849 3579 1975 3633; x_wconf 83' lang='lat' dir='ltr'><strong>pro-</strong></span> 
     </span>
    </p>
   </div>
   <div class='ocr_carea' id='block_1_68' title="bbox 402 3641 1974 3722">
    <p class='ocr_par' dir='ltr' id='par_1_68' title="bbox 402 3641 1974 3722">
     <span class='ocr_line' id='line_1_68' title="bbox 402 3641 1974 3722; baseline 0.015 -35"><span class='ocrx_word' id='word_1_421' title='bbox 402 3651 587 3705; x_wconf 80' lang='lat' dir='ltr'><strong>pterea</strong></span> <span class='ocrx_word' id='word_1_422' title='bbox 611 3641 755 3708; x_wconf 83' lang='lat' dir='ltr'><strong>quod</strong></span> <span class='ocrx_word' id='word_1_423' title='bbox 789 3643 1069 3700; x_wconf 84' lang='lat' dir='ltr'><strong>Dominum</strong></span> <span class='ocrx_word' id='word_1_424' title='bbox 1107 3660 1351 3704; x_wconf 88' lang='lat' dir='ltr'><strong>nostrum</strong></span> <span class='ocrx_word' id='word_1_425' title='bbox 1374 3653 1536 3706; x_wconf 87' lang='lat' dir='ltr'><strong>etiam</strong></span> <span class='ocrx_word' id='word_1_426' title='bbox 1569 3665 1691 3722; x_wconf 91' lang='lat' dir='ltr'><strong>post</strong></span> <span class='ocrx_word' id='word_1_427' title='bbox 1722 3655 1974 3710; x_wconf 87' lang='lat' dir='ltr'><strong>incarna-</strong></span> 
     </span>
    </p>
   </div>
   <div class='ocr_carea' id='block_1_69' title="bbox 404 3733 1974 3818">
    <p class='ocr_par' dir='ltr' id='par_1_69' title="bbox 404 3733 1974 3818">
     <span class='ocr_line' id='line_1_69' title="bbox 404 3733 1974 3818; baseline 0.016 -38"><span class='ocrx_word' id='word_1_428' title='bbox 404 3733 602 3786; x_wconf 83' lang='lat' dir='ltr'><strong>tiune&#39;m</strong></span> <span class='ocrx_word' id='word_1_429' title='bbox 632 3750 792 3788; x_wconf 90' lang='lat' dir='ltr'><strong>unam</strong></span> <span class='ocrx_word' id='word_1_430' title='bbox 821 3739 1017 3792; x_wconf 82' lang='lat' dir='ltr'><strong>habere</strong></span> <span class='ocrx_word' id='word_1_431' title='bbox 1048 3743 1377 3797; x_wconf 85' lang='lat' dir='ltr'><strong>voluntatem</strong></span> <span class='ocrx_word' id='word_1_432' title='bbox 1428 3757 1480 3798; x_wconf 90' lang='lat' dir='ltr'><strong>et</strong></span> <span class='ocrx_word' id='word_1_433' title='bbox 1505 3762 1664 3800; x_wconf 89' lang='lat' dir='ltr'><strong>unam</strong></span> <span class='ocrx_word' id='word_1_434' title='bbox 1697 3751 1974 3818; x_wconf 84' lang='lat' dir='ltr'><strong>operatio-</strong></span> 
     </span>
    </p>
   </div>
   <div class='ocr_carea' id='block_1_70' title="bbox 403 3825 1971 3908">
    <p class='ocr_par' dir='ltr' id='par_1_70' title="bbox 403 3825 1971 3908">
     <span class='ocr_line' id='line_1_70' title="bbox 403 3825 1971 3908; baseline 0.017 -35"><span class='ocrx_word' id='word_1_435' title='bbox 403 3839 522 3874; x_wconf 87' lang='lat' dir='ltr'><strong>nem</strong></span> <span class='ocrx_word' id='word_1_436' title='bbox 549 3825 953 3892; x_wconf 64' lang='lat' dir='ltr'><strong>praedic-esseut.</strong></span> <span class='ocrx_word' id='word_1_437' title='bbox 980 3829 1147 3900; x_wconf 85' lang='lat' dir='ltr'><strong>Hujus</strong></span> <span class='ocrx_word' id='word_1_438' title='bbox 1176 3844 1359 3889; x_wconf 83' lang='lat' dir='ltr'><strong>autem</strong></span> <span class='ocrx_word' id='word_1_439' title='bbox 1393 3839 1584 3908; x_wconf 88' lang='lat' dir='ltr'><strong>synodi</strong></span> <span class='ocrx_word' id='word_1_440' title='bbox 1621 3839 1812 3898; x_wconf 82' lang='lat' dir='ltr'><strong>Patres</strong></span> <span class='ocrx_word' id='word_1_441' title='bbox 1833 3843 1971 3899; x_wconf 88' lang='lat' dir='ltr'><strong>duas</strong></span> 
     </span>
    </p>
   </div>
   <div class='ocr_carea' id='block_1_71' title="bbox 403 3916 1972 3990">
    <p class='ocr_par' dir='ltr' id='par_1_71' title="bbox 403 3916 1972 3990">
     <span class='ocr_line' id='line_1_71' title="bbox 403 3916 1972 3990; baseline 0.015 -24"><span class='ocrx_word' id='word_1_442' title='bbox 403 3916 548 3969; x_wconf 88' lang='lat' dir='ltr'><strong>illum</strong></span> <span class='ocrx_word' id='word_1_443' title='bbox 583 3927 702 3986; x_wconf 90' lang='lat' dir='ltr'><strong>post</strong></span> <span class='ocrx_word' id='word_1_444' title='bbox 727 3919 1153 3978; x_wconf 85' lang='lat' dir='ltr'><strong>incarnationem</strong></span> <span class='ocrx_word' id='word_1_445' title='bbox 1185 3928 1461 3984; x_wconf 87' lang='lat' dir='ltr'><strong>naturales</strong></span> <span class='ocrx_word' id='word_1_446' title='bbox 1488 3932 1688 3987; x_wconf 88' lang='lat' dir='ltr'><strong>habere</strong></span> <span class='ocrx_word' id='word_1_447' title='bbox 1718 3934 1972 3990; x_wconf 86' lang='lat' dir='ltr'><strong>volunta-</strong></span> 
     </span>
    </p>
   </div>
   <div class='ocr_carea' id='block_1_72' title="bbox 403 4009 1972 4093">
    <p class='ocr_par' dir='ltr' id='par_1_72' title="bbox 403 4009 1972 4093">
     <span class='ocr_line' id='line_1_72' title="bbox 403 4009 1972 4093; baseline 0.016 -35"><span class='ocrx_word' id='word_1_448' title='bbox 403 4017 504 4071; x_wconf 75' lang='lat' dir='ltr'><strong>tes,</strong></span> <span class='ocrx_word' id='word_1_449' title='bbox 537 4019 590 4062; x_wconf 89' lang='lat' dir='ltr'><strong>et</strong></span> <span class='ocrx_word' id='word_1_450' title='bbox 615 4009 750 4065; x_wconf 80' lang='lat' dir='ltr'><strong>duas</strong></span> <span class='ocrx_word' id='word_1_451' title='bbox 784 4011 1036 4069; x_wconf 88' lang='lat' dir='ltr'><strong>similiter</strong></span> <span class='ocrx_word' id='word_1_452' title='bbox 1065 4022 1410 4086; x_wconf 83' lang='lat' dir='ltr'><strong>Operationes</strong></span> <span class='ocrx_word' id='word_1_453' title='bbox 1447 4027 1892 4093; x_wconf 88' lang='lat' dir='ltr'><strong>pronuntiarunt,</strong></span> <span class='ocrx_word' id='word_1_454' title='bbox 1918 4037 1972 4083; x_wconf 90' lang='lat' dir='ltr'><strong>et</strong></span> 
     </span>
    </p>
   </div>
   <div class='ocr_carea' id='block_1_73' title="bbox 399 4098 1969 4190">
    <p class='ocr_par' dir='ltr' id='par_1_73' title="bbox 399 4098 1969 4190">
     <span class='ocr_line' id='line_1_73' title="bbox 399 4098 1969 4190; baseline 0.017 -40"><span class='ocrx_word' id='word_1_455' title='bbox 399 4098 812 4167; x_wconf 79' lang='lat' dir='ltr'><strong>conﬁrmarunt,</strong></span> <span class='ocrx_word' id='word_1_456' title='bbox 830 4121 936 4160; x_wconf 88' lang='lat' dir='ltr'><strong>non</strong></span> <span class='ocrx_word' id='word_1_457' title='bbox 955 4108 1007 4161; x_wconf 87' lang='lat' dir='ltr'><strong>itt</strong></span> <span class='ocrx_word' id='word_1_458' title='bbox 1028 4125 1380 4179; x_wconf 87' lang='lat' dir='ltr'><strong>personarum</strong></span> <span class='ocrx_word' id='word_1_459' title='bbox 1402 4116 1690 4182; x_wconf 86' lang='lat' dir='ltr'><strong>divisione,</strong></span> <span class='ocrx_word' id='word_1_460' title='bbox 1711 4120 1804 4173; x_wconf 86' lang='lat' dir='ltr'><strong>sed</strong></span> <span class='ocrx_word' id='word_1_461' title='bbox 1825 4122 1969 4190; x_wconf 88' lang='lat' dir='ltr'><strong>quod</strong></span> 
     </span>
    </p>
   </div>
   <div class='ocr_carea' id='block_1_74' title="bbox 401 4197 1972 4269">
    <p class='ocr_par' dir='ltr' id='par_1_74' title="bbox 401 4197 1972 4269">
     <span class='ocr_line' id='line_1_74' title="bbox 401 4197 1972 4269; baseline 0.015 -24"><span class='ocrx_word' id='word_1_462' title='bbox 401 4205 592 4248; x_wconf 88' lang='lat' dir='ltr'><strong>neutra</strong></span> <span class='ocrx_word' id='word_1_463' title='bbox 619 4197 844 4251; x_wconf 89' lang='lat' dir='ltr'><strong>duarum</strong></span> <span class='ocrx_word' id='word_1_464' title='bbox 870 4201 920 4253; x_wconf 89' lang='lat' dir='ltr'><strong>itt</strong></span> <span class='ocrx_word' id='word_1_465' title='bbox 954 4200 1170 4258; x_wconf 82' lang='lat' dir='ltr'><strong>Christo</strong></span> <span class='ocrx_word' id='word_1_466' title='bbox 1198 4215 1514 4262; x_wconf 88' lang='lat' dir='ltr'><strong>naturarum</strong></span> <span class='ocrx_word' id='word_1_467' title='bbox 1541 4211 1661 4266; x_wconf 86' lang='lat' dir='ltr'><strong>sine</strong></span> <span class='ocrx_word' id='word_1_468' title='bbox 1695 4213 1972 4269; x_wconf 85' lang='lat' dir='ltr'><strong>voluntate</strong></span> 
     </span>
    </p>
   </div>
   <div class='ocr_carea' id='block_1_75' title="bbox 400 4291 1970 4363">
    <p class='ocr_par' dir='ltr' id='par_1_75' title="bbox 400 4291 1970 4363">
     <span class='ocr_line' id='line_1_75' title="bbox 400 4291 1970 4363; baseline 0.013 -24"><span class='ocrx_word' id='word_1_469' title='bbox 400 4295 539 4353; x_wconf 88' lang='lat' dir='ltr'><strong>erat,</strong></span> <span class='ocrx_word' id='word_1_470' title='bbox 567 4299 657 4343; x_wconf 88' lang='lat' dir='ltr'><strong>aut</strong></span> <span class='ocrx_word' id='word_1_471' title='bbox 685 4291 802 4345; x_wconf 87' lang='lat' dir='ltr'><strong>sine</strong></span> <span class='ocrx_word' id='word_1_472' title='bbox 830 4295 1189 4363; x_wconf 87' lang='lat' dir='ltr'><strong>operatione:</strong></span> <span class='ocrx_word' id='word_1_473' title='bbox 1223 4313 1294 4353; x_wconf 90' lang='lat' dir='ltr'><strong>ne</strong></span> <span class='ocrx_word' id='word_1_474' title='bbox 1329 4300 1556 4357; x_wconf 87' lang='lat' dir='ltr'><strong>sublatis</strong></span> <span class='ocrx_word' id='word_1_475' title='bbox 1594 4303 1712 4358; x_wconf 90' lang='lat' dir='ltr'><strong>istis</strong></span> <span class='ocrx_word' id='word_1_476' title='bbox 1767 4307 1970 4361; x_wconf 88' lang='lat' dir='ltr'><strong>utrius-</strong></span> 
     </span>
    </p>
   </div>
   <div class='ocr_carea' id='block_1_76' title="bbox 399 4380 1968 4462">
    <p class='ocr_par' dir='ltr' id='par_1_76' title="bbox 399 4380 1968 4462">
     <span class='ocr_line' id='line_1_76' title="bbox 399 4380 1968 4462; baseline 0.015 -33"><span class='ocrx_word' id='word_1_477' title='bbox 399 4395 503 4444; x_wconf 82' lang='lat' dir='ltr'><strong>que</strong></span> <span class='ocrx_word' id='word_1_478' title='bbox 566 4390 774 4437; x_wconf 78' lang='lat' dir='ltr'><strong>natura:</strong></span> <span class='ocrx_word' id='word_1_479' title='bbox 824 4388 1269 4454; x_wconf 87' lang='lat' dir='ltr'><strong>proprietatibus,</strong></span> <span class='ocrx_word' id='word_1_480' title='bbox 1333 4380 1654 4462; x_wconf 84' lang='lat' dir='ltr'><strong>operatione</strong></span> <span class='ocrx_word' id='word_1_481' title='bbox 1712 4395 1968 4452; x_wconf 88' lang='lat' dir='ltr'><strong>nimirum</strong></span> 
     </span>
    </p>
   </div>
   <div class='ocr_carea' id='block_1_77' title="bbox 398 4472 1970 4556">
    <p class='ocr_par' dir='ltr' id='par_1_77' title="bbox 398 4472 1970 4556">
     <span class='ocr_line' id='line_1_77' title="bbox 398 4472 1970 4556; baseline 0.014 -34"><span class='ocrx_word' id='word_1_482' title='bbox 398 4479 456 4524; x_wconf 91' lang='lat' dir='ltr'><strong>et</strong></span> <span class='ocrx_word' id='word_1_483' title='bbox 510 4472 810 4542; x_wconf 72' lang='lat' dir='ltr'><strong>voluntate,</strong></span> <span class='ocrx_word' id='word_1_484' title='bbox 842 4477 974 4544; x_wconf 65' lang='lat' dir='ltr'><strong>ipsae</strong></span> <span class='ocrx_word' id='word_1_485' title='bbox 1029 4494 1246 4550; x_wconf 89' lang='lat' dir='ltr'><strong>quoque</strong></span> <span class='ocrx_word' id='word_1_486' title='bbox 1303 4494 1535 4550; x_wconf 63' lang='lat' dir='ltr'><strong>naturas,</strong></span> <span class='ocrx_word' id='word_1_487' title='bbox 1567 4502 1798 4556; x_wconf 79' lang='lat' dir='ltr'><strong>quarum</strong></span> <span class='ocrx_word' id='word_1_488' title='bbox 1839 4499 1970 4544; x_wconf 84' lang='lat' dir='ltr'><strong>sunt</strong></span> 
     </span>
    </p>
   </div>
   <div class='ocr_carea' id='block_1_78' title="bbox 402 4567 1525 4633">
    <p class='ocr_par' dir='ltr' id='par_1_78' title="bbox 402 4567 1525 4633">
     <span class='ocr_line' id='line_1_78' title="bbox 402 4567 1525 4633; baseline 0.02 -22"><span class='ocrx_word' id='word_1_489' title='bbox 402 4567 776 4633; x_wconf 73' lang='lat' dir='ltr'><strong>proprietates,</strong></span> <span class='ocrx_word' id='word_1_490' title='bbox 812 4583 918 4624; x_wconf 89' lang='lat' dir='ltr'><strong>una</strong></span> <span class='ocrx_word' id='word_1_491' title='bbox 959 4570 1161 4627; x_wconf 84' lang='lat' dir='ltr'><strong>auferri</strong></span> <span class='ocrx_word' id='word_1_492' title='bbox 1197 4575 1525 4633; x_wconf 88' lang='lat' dir='ltr'><strong>viderentur.</strong></span> 
     </span>
    </p>
   </div>
   <div class='ocr_carea' id='block_1_79' title="bbox 399 4872 1967 4953">
    <p class='ocr_par' dir='ltr' id='par_1_79' title="bbox 399 4872 1967 4953">
     <span class='ocr_line' id='line_1_79' title="bbox 399 4872 1967 4953; baseline 0.008 -27"><span class='ocrx_word' id='word_1_493' title='bbox 399 4872 566 4928; x_wconf 74' lang='lat' dir='ltr'><strong>XVII.</strong></span> <span class='ocrx_word' id='word_1_494' title='bbox 623 4873 700 4928; x_wconf 81' lang='lat' dir='ltr'><strong>De</strong></span> <span class='ocrx_word' id='word_1_495' title='bbox 756 4887 944 4931; x_wconf 79' lang='lat' dir='ltr'><strong>sancta</strong></span> <span class='ocrx_word' id='word_1_496' title='bbox 981 4882 1373 4934; x_wconf 75' lang='lat' dir='ltr'><strong>etwcumeuica</strong></span> <span class='ocrx_word' id='word_1_497' title='bbox 1427 4883 1712 4952; x_wconf 58' lang='lat' dir='ltr'><strong>guiniscxta</strong></span> <span class='ocrx_word' id='word_1_498' title='bbox 1745 4886 1967 4953; x_wconf 75' lang='lat' dir='ltr'><strong>synodo.</strong></span> 
     </span>
    </p>
   </div>
   <div class='ocr_carea' id='block_1_80' title="bbox 469 5035 1972 5106">
    <p class='ocr_par' dir='ltr' id='par_1_80' title="bbox 469 5035 1972 5106">
     <span class='ocr_line' id='line_1_80' title="bbox 469 5035 1972 5106; baseline 0.004 -15"><span class='ocrx_word' id='word_1_499' title='bbox 469 5036 736 5091; x_wconf 63' lang='lat' dir='ltr'><strong>Caeterum</strong></span> <span class='ocrx_word' id='word_1_500' title='bbox 769 5048 823 5091; x_wconf 90' lang='lat' dir='ltr'><strong>et</strong></span> <span class='ocrx_word' id='word_1_501' title='bbox 852 5035 1160 5093; x_wconf 74' lang='lat' dir='ltr'><strong>Iustiniano</strong></span> <span class='ocrx_word' id='word_1_502' title='bbox 1190 5040 1455 5106; x_wconf 86' lang='lat' dir='ltr'><strong>secundo,</strong></span> <span class='ocrx_word' id='word_1_503' title='bbox 1488 5040 1838 5097; x_wconf 82' lang='lat' dir='ltr'><strong>Rhinotmeto</strong></span> <span class='ocrx_word' id='word_1_504' title='bbox 1893 5044 1972 5097; x_wconf 84' lang='lat' dir='ltr'><strong>vi-</strong></span> 
     </span>
    </p>
   </div>
   <div class='ocr_carea' id='block_1_81' title="bbox 343 5130 1972 5204">
    <p class='ocr_par' dir='ltr' id='par_1_81' title="bbox 343 5130 1972 5204">
     <span class='ocr_line' id='line_1_81' title="bbox 343 5130 1972 5204; baseline 0.004 -22"><span class='ocrx_word' id='word_1_505' title='bbox 343 5151 346 5160; x_wconf 90' lang='grc'><strong>·</strong></span> <span class='ocrx_word' id='word_1_506' title='bbox 399 5130 616 5193; x_wconf 82' lang='lat' dir='ltr'><strong>delicet,</strong></span> <span class='ocrx_word' id='word_1_507' title='bbox 649 5132 741 5198; x_wconf 92' lang='lat' dir='ltr'><strong>qni</strong></span> <span class='ocrx_word' id='word_1_508' title='bbox 783 5131 1128 5186; x_wconf 88' lang='lat' dir='ltr'><strong>Constantini</strong></span> <span class='ocrx_word' id='word_1_509' title='bbox 1160 5131 1423 5201; x_wconf 77' lang='lat' dir='ltr'><strong>Pogouati</strong></span> <span class='ocrx_word' id='word_1_510' title='bbox 1455 5144 1571 5187; x_wconf 88' lang='lat' dir='ltr'><strong>erat</strong></span> <span class='ocrx_word' id='word_1_511' title='bbox 1610 5133 1774 5198; x_wconf 80' lang='lat' dir='ltr'><strong>ﬁlius,</strong></span> <span class='ocrx_word' id='word_1_512' title='bbox 1803 5135 1972 5204; x_wconf 85' lang='lat' dir='ltr'><strong>impe-</strong></span> 
     </span>
    </p>
   </div>
   <div class='ocr_carea' id='block_1_82' title="bbox 403 5223 1966 5295">
    <p class='ocr_par' dir='ltr' id='par_1_82' title="bbox 403 5223 1966 5295">
     <span class='ocr_line' id='line_1_82' title="bbox 403 5223 1966 5295; baseline 0.003 -20"><span class='ocrx_word' id='word_1_513' title='bbox 403 5233 576 5286; x_wconf 82' lang='lat' dir='ltr'><strong>rante,</strong></span> <span class='ocrx_word' id='word_1_514' title='bbox 611 5224 780 5291; x_wconf 87' lang='lat' dir='ltr'><strong>ipsius</strong></span> <span class='ocrx_word' id='word_1_515' title='bbox 807 5223 958 5291; x_wconf 85' lang='lat' dir='ltr'><strong>jussu</strong></span> <span class='ocrx_word' id='word_1_516' title='bbox 991 5225 1227 5294; x_wconf 84' lang='lat' dir='ltr'><strong>episcopi</strong></span> <span class='ocrx_word' id='word_1_517' title='bbox 1280 5226 1492 5280; x_wconf 87' lang='lat' dir='ltr'><strong>ducenti</strong></span> <span class='ocrx_word' id='word_1_518' title='bbox 1526 5226 1711 5295; x_wconf 75' lang='lat' dir='ltr'><strong>viginti</strong></span> <span class='ocrx_word' id='word_1_519' title='bbox 1762 5239 1966 5295; x_wconf 88' lang='lat' dir='ltr'><strong>septem</strong></span> 
     </span>
    </p>
   </div>
   <div class='ocr_carea' id='block_1_83' title="bbox 398 5315 1971 5383">
    <p class='ocr_par' dir='ltr' id='par_1_83' title="bbox 398 5315 1971 5383">
     <span class='ocr_line' id='line_1_83' title="bbox 398 5315 1971 5383; baseline 0.008 -22"><span class='ocrx_word' id='word_1_520' title='bbox 398 5315 795 5367; x_wconf 77' lang='lat' dir='ltr'><strong>murenielmnt</strong></span> <span class='ocrx_word' id='word_1_521' title='bbox 832 5317 882 5367; x_wconf 91' lang='lat' dir='ltr'><strong>in</strong></span> <span class='ocrx_word' id='word_1_522' title='bbox 918 5316 1035 5369; x_wconf 89' lang='lat' dir='ltr'><strong>loco</strong></span> <span class='ocrx_word' id='word_1_523' title='bbox 1071 5315 1256 5369; x_wconf 88' lang='lat' dir='ltr'><strong>Trullo</strong></span> <span class='ocrx_word' id='word_1_524' title='bbox 1282 5317 1459 5383; x_wconf 89' lang='lat' dir='ltr'><strong>dicto;</strong></span> <span class='ocrx_word' id='word_1_525' title='bbox 1495 5329 1615 5374; x_wconf 86' lang='lat' dir='ltr'><strong>erat</strong></span> <span class='ocrx_word' id='word_1_526' title='bbox 1649 5330 1826 5374; x_wconf 88' lang='lat' dir='ltr'><strong>autem</strong></span> <span class='ocrx_word' id='word_1_527' title='bbox 1855 5321 1971 5374; x_wconf 68' lang='lat' dir='ltr'><strong>haec</strong></span> 
     </span>
    </p>
   </div>
   <div class='ocr_carea' id='block_1_84' title="bbox 399 5405 1972 5480">
    <p class='ocr_par' dir='ltr' id='par_1_84' title="bbox 399 5405 1972 5480">
     <span class='ocr_line' id='line_1_84' title="bbox 399 5405 1972 5480; baseline 0.004 -22"><span class='ocrx_word' id='word_1_528' title='bbox 399 5407 592 5460; x_wconf 84' lang='lat' dir='ltr'><strong>tlutnus</strong></span> <span class='ocrx_word' id='word_1_529' title='bbox 623 5405 973 5459; x_wconf 79' lang='lat' dir='ltr'><strong>celeberrima</strong></span> <span class='ocrx_word' id='word_1_530' title='bbox 1011 5409 1061 5460; x_wconf 89' lang='lat' dir='ltr'><strong>in</strong></span> <span class='ocrx_word' id='word_1_531' title='bbox 1099 5407 1484 5478; x_wconf 86' lang='lat' dir='ltr'><strong>imperatorum</strong></span> <span class='ocrx_word' id='word_1_532' title='bbox 1515 5411 1972 5480; x_wconf 81' lang='lat' dir='ltr'><strong>Constantinopo-</strong></span> 
     </span>
    </p>
   </div>
   <div class='ocr_carea' id='block_1_85' title="bbox 400 5498 1969 5575">
    <p class='ocr_par' dir='ltr' id='par_1_85' title="bbox 400 5498 1969 5575">
     <span class='ocr_line' id='line_1_85' title="bbox 400 5498 1969 5575; baseline 0.008 -27"><span class='ocrx_word' id='word_1_533' title='bbox 400 5501 463 5550; x_wconf 84' lang='lat' dir='ltr'><strong>lis</strong></span> <span class='ocrx_word' id='word_1_534' title='bbox 495 5498 701 5567; x_wconf 86' lang='lat' dir='ltr'><strong>palatio</strong></span> <span class='ocrx_word' id='word_1_535' title='bbox 732 5501 859 5567; x_wconf 89' lang='lat' dir='ltr'><strong>sita.</strong></span> <span class='ocrx_word' id='word_1_536' title='bbox 893 5501 962 5553; x_wconf 84' lang='lat' dir='ltr'><strong>lis</strong></span> <span class='ocrx_word' id='word_1_537' title='bbox 999 5510 1178 5555; x_wconf 86' lang='lat' dir='ltr'><strong>autem</strong></span> <span class='ocrx_word' id='word_1_538' title='bbox 1241 5505 1422 5556; x_wconf 84' lang='lat' dir='ltr'><strong>omnia</strong></span> <span class='ocrx_word' id='word_1_539' title='bbox 1456 5521 1576 5573; x_wconf 69' lang='lat' dir='ltr'><strong>quae</strong></span> <span class='ocrx_word' id='word_1_540' title='bbox 1608 5505 1664 5560; x_wconf 89' lang='lat' dir='ltr'><strong>in</strong></span> <span class='ocrx_word' id='word_1_541' title='bbox 1697 5507 1969 5575; x_wconf 88' lang='lat' dir='ltr'><strong>prioribus</strong></span> 
     </span>
    </p>
   </div>
   <div class='ocr_carea' id='block_1_86' title="bbox 399 5591 1970 5659">
    <p class='ocr_par' dir='ltr' id='par_1_86' title="bbox 399 5591 1970 5659">
     <span class='ocr_line' id='line_1_86' title="bbox 399 5591 1970 5659; baseline 0.005 -17"><span class='ocrx_word' id='word_1_542' title='bbox 399 5591 622 5659; x_wconf 83' lang='lat' dir='ltr'><strong>synodis</strong></span> <span class='ocrx_word' id='word_1_543' title='bbox 675 5602 794 5644; x_wconf 88' lang='lat' dir='ltr'><strong>acta</strong></span> <span class='ocrx_word' id='word_1_544' title='bbox 854 5592 1070 5644; x_wconf 83' lang='lat' dir='ltr'><strong>fuerant</strong></span> <span class='ocrx_word' id='word_1_545' title='bbox 1125 5595 1467 5657; x_wconf 72' lang='lat' dir='ltr'><strong>confirmare,</strong></span> <span class='ocrx_word' id='word_1_546' title='bbox 1502 5605 1555 5648; x_wconf 91' lang='lat' dir='ltr'><strong>et</strong></span> <span class='ocrx_word' id='word_1_547' title='bbox 1607 5611 1842 5649; x_wconf 85' lang='lat' dir='ltr'><strong>canones</strong></span> <span class='ocrx_word' id='word_1_548' title='bbox 1903 5596 1970 5650; x_wconf 86' lang='lat' dir='ltr'><strong>ad</strong></span> 
     </span>
    </p>
   </div>
   <div class='ocr_carea' id='block_1_87' title="bbox 407 5681 1973 5754">
    <p class='ocr_par' dir='ltr' id='par_1_87' title="bbox 407 5681 1973 5754">
     <span class='ocr_line' id='line_1_87' title="bbox 407 5681 1973 5754; baseline 0.004 -22"><span class='ocrx_word' id='word_1_549' title='bbox 407 5681 660 5735; x_wconf 68' lang='lat' dir='ltr'><strong>Ecclesia:</strong></span> <span class='ocrx_word' id='word_1_550' title='bbox 695 5683 1139 5737; x_wconf 80' lang='lat' dir='ltr'><strong>constitutionem</strong></span> <span class='ocrx_word' id='word_1_551' title='bbox 1179 5694 1485 5752; x_wconf 82' lang='lat' dir='ltr'><strong>speetantes</strong></span> <span class='ocrx_word' id='word_1_552' title='bbox 1519 5701 1845 5754; x_wconf 79' lang='lat' dir='ltr'><strong>ccutponcl&#39;e</strong></span> <span class='ocrx_word' id='word_1_553' title='bbox 1890 5688 1973 5740; x_wconf 85' lang='lat' dir='ltr'><strong>itt-</strong></span> 
     </span>
    </p>
   </div>
   <div class='ocr_carea' id='block_1_88' title="bbox 399 5774 1966 5848">
    <p class='ocr_par' dir='ltr' id='par_1_88' title="bbox 399 5774 1966 5848">
     <span class='ocr_line' id='line_1_88' title="bbox 399 5774 1966 5848; baseline 0.003 -20"><span class='ocrx_word' id='word_1_554' title='bbox 399 5774 612 5828; x_wconf 86' lang='lat' dir='ltr'><strong>cubuit.</strong></span> <span class='ocrx_word' id='word_1_555' title='bbox 648 5774 769 5829; x_wconf 74' lang='lat' dir='ltr'><strong>ll;ec</strong></span> <span class='ocrx_word' id='word_1_556' title='bbox 802 5786 980 5829; x_wconf 85' lang='lat' dir='ltr'><strong>autem</strong></span> <span class='ocrx_word' id='word_1_557' title='bbox 1015 5785 1068 5831; x_wconf 89' lang='lat' dir='ltr'><strong>et</strong></span> <span class='ocrx_word' id='word_1_558' title='bbox 1106 5786 1275 5831; x_wconf 76' lang='lat' dir='ltr'><strong>sextae</strong></span> <span class='ocrx_word' id='word_1_559' title='bbox 1319 5778 1570 5848; x_wconf 89' lang='lat' dir='ltr'><strong>adjuncta</strong></span> <span class='ocrx_word' id='word_1_560' title='bbox 1603 5788 1706 5843; x_wconf 89' lang='lat' dir='ltr'><strong>est,</strong></span> <span class='ocrx_word' id='word_1_561' title='bbox 1739 5779 1966 5847; x_wconf 86' lang='lat' dir='ltr'><strong>ejusque</strong></span> 
     </span>
    </p>
   </div>
   <div class='ocr_carea' id='block_1_89' title="bbox 403 5868 1972 5933">
    <p class='ocr_par' dir='ltr' id='par_1_89' title="bbox 403 5868 1972 5933">
     <span class='ocr_line' id='line_1_89' title="bbox 403 5868 1972 5933; baseline 0.005 -15"><span class='ocrx_word' id='word_1_562' title='bbox 403 5881 595 5920; x_wconf 82' lang='lat' dir='ltr'><strong>nomen</strong></span> <span class='ocrx_word' id='word_1_563' title='bbox 628 5869 730 5923; x_wconf 84' lang='lat' dir='ltr'><strong>sibi</strong></span> <span class='ocrx_word' id='word_1_564' title='bbox 764 5868 1074 5933; x_wconf 71' lang='lat' dir='ltr'><strong>impositum</strong></span> <span class='ocrx_word' id='word_1_565' title='bbox 1113 5871 1333 5926; x_wconf 79' lang='lat' dir='ltr'><strong>habuit:</strong></span> <span class='ocrx_word' id='word_1_566' title='bbox 1377 5886 1474 5925; x_wconf 86' lang='lat' dir='ltr'><strong>nec</strong></span> <span class='ocrx_word' id='word_1_567' title='bbox 1504 5873 1646 5926; x_wconf 83' lang='lat' dir='ltr'><strong>enim</strong></span> <span class='ocrx_word' id='word_1_568' title='bbox 1679 5872 1745 5928; x_wconf 92' lang='lat' dir='ltr'><strong>de</strong></span> <span class='ocrx_word' id='word_1_569' title='bbox 1777 5873 1879 5927; x_wconf 73' lang='lat' dir='ltr'><strong>(ide</strong></span> <span class='ocrx_word' id='word_1_570' title='bbox 1917 5881 1972 5927; x_wconf 83' lang='lat' dir='ltr'><strong>et</strong></span> 
     </span>
    </p>
   </div>
   <div class='ocr_carea' id='block_1_90' title="bbox 2074 3278 3650 3358">
    <p class='ocr_par' dir='ltr' id='par_1_90' title="bbox 2074 3278 3650 3358">
     <span class='ocr_line' id='line_1_90' title="bbox 2074 3278 3650 3358; baseline 0.004 -24"><span class='ocrx_word' id='word_1_571' title='bbox 2074 3280 2296 3351; x_wconf 85' lang='grc' dir='ltr'>λύμων⁶</span> <span class='ocrx_word' id='word_1_572' title='bbox 2340 3278 2487 3338; x_wconf 77' lang='grc' dir='ltr'>οῦτοι</span> <span class='ocrx_word' id='word_1_573' title='bbox 2518 3284 2582 3353; x_wconf 78' lang='grc' dir='ltr'>δὴ</span> <span class='ocrx_word' id='word_1_574' title='bbox 2614 3285 2744 3347; x_wconf 79' lang='grc' dir='ltr'>τοὺς</span> <span class='ocrx_word' id='word_1_575' title='bbox 2783 3288 2917 3352; x_wconf 76' lang='grc' dir='ltr'>πεφὶ</span> <span class='ocrx_word' id='word_1_576' title='bbox 2943 3286 3192 3355; x_wconf 82' lang='grc' dir='ltr'>Σέργιον,</span> <span class='ocrx_word' id='word_1_577' title='bbox 3235 3285 3480 3358; x_wconf 78' lang='grc' dir='ltr'>Πύρρον,</span> <span class='ocrx_word' id='word_1_578' title='bbox 3514 3287 3650 3341; x_wconf 77' lang='grc' dir='ltr'><strong>Παῦ⁴</strong></span> 
     </span>
    </p>
   </div>
   <div class='ocr_carea' id='block_1_91' title="bbox 2076 3369 3649 3446">
    <p class='ocr_par' dir='ltr' id='par_1_91' title="bbox 2076 3369 3649 3446">
     <span class='ocr_line' id='line_1_91' title="bbox 2076 3369 3649 3446; baseline 0.001 -16"><span class='ocrx_word' id='word_1_579' title='bbox 2076 3378 2186 3440; x_wconf 85' lang='grc' dir='ltr'>λον,</span> <span class='ocrx_word' id='word_1_580' title='bbox 2226 3377 2457 3446; x_wconf 83' lang='grc' dir='ltr'>Πέτρον,</span> <span class='ocrx_word' id='word_1_581' title='bbox 2507 3376 2635 3440; x_wconf 83' lang='grc' dir='ltr'>τοὺς</span> <span class='ocrx_word' id='word_1_582' title='bbox 2679 3369 2983 3440; x_wconf 56' lang='grc' dir='ltr'>δυσσεϐῶς</span> <span class='ocrx_word' id='word_1_583' title='bbox 3006 3377 3107 3444; x_wconf 83' lang='grc' dir='ltr'>τῆς</span> <span class='ocrx_word' id='word_1_584' title='bbox 3137 3379 3649 3432; x_wconf 64' lang='grc' dir='ltr'><strong>Κωνσταιιιτινουπός⁹</strong></span> 
     </span>
    </p>
   </div>
   <div class='ocr_carea' id='block_1_92' title="bbox 2073 3467 3640 3540">
    <p class='ocr_par' dir='ltr' id='par_1_92' title="bbox 2073 3467 3640 3540">
     <span class='ocr_line' id='line_1_92' title="bbox 2073 3467 3640 3540; baseline 0.001 -20"><span class='ocrx_word' id='word_1_585' title='bbox 2073 3468 2212 3531; x_wconf 87' lang='grc' dir='ltr'>λεως</span> <span class='ocrx_word' id='word_1_586' title='bbox 2240 3468 2735 3538; x_wconf 69' lang='grc' dir='ltr'>προεδρεύσει-ηας,</span> <span class='ocrx_word' id='word_1_587' title='bbox 2778 3467 2861 3521; x_wconf 82' lang='grc' dir='ltr'><strong>έτι</strong></span> <span class='ocrx_word' id='word_1_588' title='bbox 2883 3468 2939 3521; x_wconf 70' lang='grc' dir='ltr'>δὲ</span> <span class='ocrx_word' id='word_1_589' title='bbox 2971 3471 3067 3524; x_wconf 71' lang='grc' dir='ltr'>καὶ</span> <span class='ocrx_word' id='word_1_590' title='bbox 3111 3467 3373 3540; x_wconf 76' lang='grc' dir='ltr'>Ὀνώριον</span> <span class='ocrx_word' id='word_1_591' title='bbox 3403 3469 3640 3540; x_wconf 73' lang='grc' dir='ltr'>Ῥώμης,</span> 
     </span>
    </p>
   </div>
   <div class='ocr_carea' id='block_1_93' title="bbox 2074 3561 3645 3633">
    <p class='ocr_par' dir='ltr' id='par_1_93' title="bbox 2074 3561 3645 3633">
     <span class='ocr_line' id='line_1_93' title="bbox 2074 3561 3645 3633; baseline -0.001 -17"><span class='ocrx_word' id='word_1_592' title='bbox 2074 3563 2258 3632; x_wconf 82' lang='grc' dir='ltr'>Κῦρον</span> <span class='ocrx_word' id='word_1_593' title='bbox 2309 3561 2744 3631; x_wconf 78' lang='grc' dir='ltr'>Ἀλεξανδρείας,</span> <span class='ocrx_word' id='word_1_594' title='bbox 2800 3561 3096 3633; x_wconf 84' lang='grc' dir='ltr'>Μακάριον</span> <span class='ocrx_word' id='word_1_595' title='bbox 3119 3563 3482 3633; x_wconf 81' lang='grc' dir='ltr'>Ἀντιοχείας,</span> <span class='ocrx_word' id='word_1_596' title='bbox 3525 3563 3645 3615; x_wconf 88' lang='grc' dir='ltr'>Θεό-</span> 
     </span>
    </p>
   </div>
   <div class='ocr_carea' id='block_1_94' title="bbox 2072 3655 3648 3735">
    <p class='ocr_par' dir='ltr' id='par_1_94' title="bbox 2072 3655 3648 3735">
     <span class='ocr_line' id='line_1_94' title="bbox 2072 3655 3648 3735; baseline -0.001 -27"><span class='ocrx_word' id='word_1_597' title='bbox 2072 3655 2244 3725; x_wconf 84' lang='grc' dir='ltr'>δωρον</span> <span class='ocrx_word' id='word_1_598' title='bbox 2272 3655 2368 3718; x_wconf 57' lang='lat' dir='ltr'><strong>ﬁt;</strong></span> <span class='ocrx_word' id='word_1_599' title='bbox 2405 3656 2611 3724; x_wconf 72' lang='grc' dir='ltr'>Φαρὰν,</span> <span class='ocrx_word' id='word_1_600' title='bbox 2679 3655 2952 3723; x_wconf 81' lang='grc' dir='ltr'>Στέφανον</span> <span class='ocrx_word' id='word_1_601' title='bbox 3012 3655 3106 3708; x_wconf 73' lang='grc' dir='ltr'>καὶ</span> <span class='ocrx_word' id='word_1_602' title='bbox 3156 3655 3547 3725; x_wconf 82' lang='grc' dir='ltr'>Πολυχρόνιον,</span> <span class='ocrx_word' id='word_1_603' title='bbox 3583 3658 3648 3735; x_wconf 36' lang='grc' dir='ltr'>τῇ,</span> 
     </span>
    </p>
   </div>
   <div class='ocr_carea' id='block_1_95' title="bbox 2072 3741 3644 3821">
    <p class='ocr_par' dir='ltr' id='par_1_95' title="bbox 2072 3741 3644 3821">
     <span class='ocr_line' id='line_1_95' title="bbox 2072 3741 3644 3821; baseline 0.001 -22"><span class='ocrx_word' id='word_1_604' title='bbox 2072 3747 2169 3799; x_wconf 88' lang='grc' dir='ltr'><strong>τοῦ</strong></span> <span class='ocrx_word' id='word_1_605' title='bbox 2195 3746 2534 3815; x_wconf 82' lang='grc' dir='ltr'>ἁναθέματος</span> <span class='ocrx_word' id='word_1_606' title='bbox 2560 3745 2948 3800; x_wconf 75' lang='grc' dir='ltr'>καθυπέόαλον</span> <span class='ocrx_word' id='word_1_607' title='bbox 2990 3746 3150 3821; x_wconf 78' lang='grc' dir='ltr'>δίκῃ·</span> <span class='ocrx_word' id='word_1_608' title='bbox 3205 3747 3326 3800; x_wconf 81' lang='grc' dir='ltr'><strong>ἀνθ’</strong></span> <span class='ocrx_word' id='word_1_609' title='bbox 3355 3741 3434 3801; x_wconf 83' lang='grc' dir='ltr'>ὧν</span> <span class='ocrx_word' id='word_1_610' title='bbox 3468 3749 3527 3801; x_wconf 81' lang='grc' dir='ltr'>ἓν</span> <span class='ocrx_word' id='word_1_611' title='bbox 3565 3748 3644 3800; x_wconf 80' lang='grc' dir='ltr'><strong>θέ-</strong></span> 
     </span>
    </p>
   </div>
   <div class='ocr_carea' id='block_1_96' title="bbox 2073 3838 3642 3909">
    <p class='ocr_par' dir='ltr' id='par_1_96' title="bbox 2073 3838 3642 3909">
     <span class='ocr_line' id='line_1_96' title="bbox 2073 3838 3642 3909; baseline 0.001 -19"><span class='ocrx_word' id='word_1_612' title='bbox 2073 3838 2227 3908; x_wconf 87' lang='grc' dir='ltr'>λημα</span> <span class='ocrx_word' id='word_1_613' title='bbox 2263 3839 2358 3891; x_wconf 75' lang='grc' dir='ltr'>καὶ</span> <span class='ocrx_word' id='word_1_614' title='bbox 2393 3839 2528 3908; x_wconf 88' lang='grc' dir='ltr'>μίαν</span> <span class='ocrx_word' id='word_1_615' title='bbox 2589 3838 2876 3907; x_wconf 74' lang='grc' dir='ltr'>ἐνέργειαν</span> <span class='ocrx_word' id='word_1_616' title='bbox 2924 3841 3020 3890; x_wconf 72' lang='grc' dir='ltr'>καὶ</span> <span class='ocrx_word' id='word_1_617' title='bbox 3051 3839 3190 3908; x_wconf 83' lang='grc' dir='ltr'>μετὰ</span> <span class='ocrx_word' id='word_1_618' title='bbox 3223 3838 3324 3909; x_wconf 83' lang='grc' dir='ltr'>τὴν</span> <span class='ocrx_word' id='word_1_619' title='bbox 3368 3839 3642 3909; x_wconf 78' lang='grc' dir='ltr'>σάρκωσιν</span> 
     </span>
    </p>
   </div>
   <div class='ocr_carea' id='block_1_97' title="bbox 2073 3929 3641 4002">
    <p class='ocr_par' dir='ltr' id='par_1_97' title="bbox 2073 3929 3641 4002">
     <span class='ocr_line' id='line_1_97' title="bbox 2073 3929 3641 4002; baseline 0 -19"><span class='ocrx_word' id='word_1_620' title='bbox 2073 3929 2165 3984; x_wconf 82' lang='grc' dir='ltr'>τὸν</span> <span class='ocrx_word' id='word_1_621' title='bbox 2201 3931 2406 4000; x_wconf 79' lang='grc' dir='ltr'>Κύριον</span> <span class='ocrx_word' id='word_1_622' title='bbox 2445 3930 2602 4000; x_wconf 84' lang='grc' dir='ltr'>ἡμῶν</span> <span class='ocrx_word' id='word_1_623' title='bbox 2636 3929 2994 3999; x_wconf 79' lang='grc' dir='ltr'>ὲδογμάτιζον</span> <span class='ocrx_word' id='word_1_624' title='bbox 3020 3930 3185 4002; x_wconf 76' lang='grc' dir='ltr'>ἔχειν.</span> <span class='ocrx_word' id='word_1_625' title='bbox 3218 3933 3281 3985; x_wconf 87' lang='grc' dir='ltr'><strong>Οί</strong></span> <span class='ocrx_word' id='word_1_626' title='bbox 3303 3931 3358 3984; x_wconf 74' lang='grc' dir='ltr'>δὲ</span> <span class='ocrx_word' id='word_1_627' title='bbox 3379 3933 3487 4001; x_wconf 82' lang='grc' dir='ltr'><strong>τῆς</strong></span> <span class='ocrx_word' id='word_1_628' title='bbox 3524 3948 3641 3985; x_wconf 80' lang='grc' dir='ltr'>συν·</span> 
     </span>
    </p>
   </div>
   <div class='ocr_carea' id='block_1_98' title="bbox 2072 4021 3640 4096">
    <p class='ocr_par' dir='ltr' id='par_1_98' title="bbox 2072 4021 3640 4096">
     <span class='ocr_line' id='line_1_98' title="bbox 2072 4021 3640 4096; baseline 0.001 -22"><span class='ocrx_word' id='word_1_629' title='bbox 2072 4021 2217 4087; x_wconf 89' lang='grc' dir='ltr'>όδου,</span> <span class='ocrx_word' id='word_1_630' title='bbox 2269 4021 2364 4075; x_wconf 67' lang='grc' dir='ltr'>δύω</span> <span class='ocrx_word' id='word_1_631' title='bbox 2428 4021 2713 4091; x_wconf 83' lang='grc' dir='ltr'>θελήματα</span> <span class='ocrx_word' id='word_1_632' title='bbox 2764 4021 2998 4089; x_wconf 74' lang='grc' dir='ltr'>φυσικὰ,</span> <span class='ocrx_word' id='word_1_633' title='bbox 3053 4025 3150 4077; x_wconf 77' lang='grc' dir='ltr'>καὶ</span> <span class='ocrx_word' id='word_1_634' title='bbox 3203 4022 3299 4075; x_wconf 91' lang='grc' dir='ltr'><strong>δύο</strong></span> <span class='ocrx_word' id='word_1_635' title='bbox 3362 4023 3640 4096; x_wconf 73' lang='grc' dir='ltr'>ἐνεργείας</span> 
     </span>
    </p>
   </div>
   <div class='ocr_carea' id='block_1_99' title="bbox 2072 4113 3642 4187">
    <p class='ocr_par' dir='ltr' id='par_1_99' title="bbox 2072 4113 3642 4187">
     <span class='ocr_line' id='line_1_99' title="bbox 2072 4113 3642 4187; baseline 0 -21"><span class='ocrx_word' id='word_1_636' title='bbox 2072 4113 2278 4186; x_wconf 69' lang='grc' dir='ltr'>δμοίως</span> <span class='ocrx_word' id='word_1_637' title='bbox 2307 4113 2450 4185; x_wconf 79' lang='grc' dir='ltr'>ἔχειν</span> <span class='ocrx_word' id='word_1_638' title='bbox 2488 4114 2630 4181; x_wconf 74' lang='grc' dir='ltr'>μετὰ</span> <span class='ocrx_word' id='word_1_639' title='bbox 2655 4113 2754 4185; x_wconf 85' lang='grc' dir='ltr'>τὴν</span> <span class='ocrx_word' id='word_1_640' title='bbox 2793 4114 3073 4182; x_wconf 86' lang='grc' dir='ltr'>σάρκωσιν</span> <span class='ocrx_word' id='word_1_641' title='bbox 3111 4114 3206 4168; x_wconf 71' lang='grc' dir='ltr'>τὸν</span> <span class='ocrx_word' id='word_1_642' title='bbox 3233 4115 3446 4186; x_wconf 79' lang='grc' dir='ltr'>Κύριον</span> <span class='ocrx_word' id='word_1_643' title='bbox 3491 4114 3642 4187; x_wconf 77' lang='grc' dir='ltr'>ημῶν</span> 
     </span>
    </p>
   </div>
   <div class='ocr_carea' id='block_1_100' title="bbox 2074 4207 3640 4278">
    <p class='ocr_par' dir='ltr' id='par_1_100' title="bbox 2074 4207 3640 4278">
     <span class='ocr_line' id='line_1_100' title="bbox 2074 4207 3640 4278; baseline -0.001 -18"><span class='ocrx_word' id='word_1_644' title='bbox 2074 4208 2424 4278; x_wconf 76' lang='grc' dir='ltr'>ἀπεφήναντο</span> <span class='ocrx_word' id='word_1_645' title='bbox 2459 4207 2556 4260; x_wconf 80' lang='grc' dir='ltr'>καὶ</span> <span class='ocrx_word' id='word_1_646' title='bbox 2585 4207 2894 4274; x_wconf 76' lang='grc' dir='ltr'>ἐκύρωσαν,</span> <span class='ocrx_word' id='word_1_647' title='bbox 2939 4207 3042 4260; x_wconf 78' lang='grc' dir='ltr'>οὐκ</span> <span class='ocrx_word' id='word_1_648' title='bbox 3090 4208 3157 4260; x_wconf 74' lang='grc' dir='ltr'><strong>ὲν.</strong></span> <span class='ocrx_word' id='word_1_649' title='bbox 3177 4207 3451 4278; x_wconf 76' lang='grc' dir='ltr'>διαιρέσει</span> <span class='ocrx_word' id='word_1_650' title='bbox 3482 4223 3640 4277; x_wconf 80' lang='grc' dir='ltr'>προσ-</span> 
     </span>
    </p>
   </div>
   <div class='ocr_carea' id='block_1_101' title="bbox 2070 4298 3680 4374">
    <p class='ocr_par' dir='ltr' id='par_1_101' title="bbox 2070 4298 3680 4374">
     <span class='ocr_line' id='line_1_101' title="bbox 2070 4298 3680 4374; baseline -0.001 -22"><span class='ocrx_word' id='word_1_651' title='bbox 2070 4298 2258 4366; x_wconf 88' lang='grc' dir='ltr'>ώπων,</span> <span class='ocrx_word' id='word_1_652' title='bbox 2293 4299 2408 4352; x_wconf 81' lang='grc' dir='ltr'>ἀλλ’</span> <span class='ocrx_word' id='word_1_653' title='bbox 2434 4300 2516 4352; x_wconf 83' lang='grc' dir='ltr'>ὅτι</span> <span class='ocrx_word' id='word_1_654' title='bbox 2547 4298 2775 4369; x_wconf 80' lang='grc' dir='ltr'>οὐδεμία</span> <span class='ocrx_word' id='word_1_655' title='bbox 2813 4298 2975 4366; x_wconf 78' lang='grc' dir='ltr'>φύσις</span> <span class='ocrx_word' id='word_1_656' title='bbox 3019 4299 3132 4352; x_wconf 88' lang='grc' dir='ltr'>τῶν</span> <span class='ocrx_word' id='word_1_657' title='bbox 3161 4301 3255 4354; x_wconf 86' lang='grc' dir='ltr'><strong>δύο</strong></span> <span class='ocrx_word' id='word_1_658' title='bbox 3280 4302 3372 4356; x_wconf 78' lang='grc' dir='ltr'><strong>ἐπὶ</strong></span> <span class='ocrx_word' id='word_1_659' title='bbox 3406 4299 3640 4374; x_wconf 77' lang='grc' dir='ltr'>Χριστοῦ</span> <span class='ocrx_word' id='word_1_660' title='bbox 3678 4346 3680 4348; x_wconf 41' lang='grc' dir='ltr'><strong>τ</strong></span> 
     </span>
    </p>
   </div>
   <div class='ocr_carea' id='block_1_102' title="bbox 2072 4385 3642 4464">
    <p class='ocr_par' dir='ltr' id='par_1_102' title="bbox 2072 4385 3642 4464">
     <span class='ocr_line' id='line_1_102' title="bbox 2072 4385 3642 4464; baseline 0.001 -21"><span class='ocrx_word' id='word_1_661' title='bbox 2072 4390 2292 4460; x_wconf 76' lang='grc' dir='ltr'>φύσεων</span> <span class='ocrx_word' id='word_1_662' title='bbox 2322 4390 2583 4460; x_wconf 81' lang='grc' dir='ltr'>ἀθέλητος</span> <span class='ocrx_word' id='word_1_663' title='bbox 2609 4385 2699 4459; x_wconf 84' lang='grc' dir='ltr'>ἦν,</span> <span class='ocrx_word' id='word_1_664' title='bbox 2755 4388 2788 4459; x_wconf 78' lang='grc' dir='ltr'><strong>ἢ</strong></span> <span class='ocrx_word' id='word_1_665' title='bbox 2833 4389 3199 4462; x_wconf 78' lang='grc' dir='ltr'>ἁνενέργητος</span> <span class='ocrx_word' id='word_1_666' title='bbox 3227 4409 3242 4426; x_wconf 78' lang='grc' dir='ltr'><strong>ο</strong></span> <span class='ocrx_word' id='word_1_667' title='bbox 3289 4393 3377 4446; x_wconf 85' lang='grc' dir='ltr'>ῐνα</span> <span class='ocrx_word' id='word_1_668' title='bbox 3415 4395 3493 4464; x_wconf 84' lang='grc' dir='ltr'>μὴ</span> <span class='ocrx_word' id='word_1_669' title='bbox 3537 4394 3642 4457; x_wconf 35' lang='grc' dir='ltr'>τῶν,</span> 
     </span>
    </p>
   </div>
   <div class='ocr_carea' id='block_1_103' title="bbox 2078 4483 3634 4557">
    <p class='ocr_par' dir='ltr' id='par_1_103' title="bbox 2078 4483 3634 4557">
     <span class='ocr_line' id='line_1_103' title="bbox 2078 4483 3634 4557; baseline 0.003 -23"><span class='ocrx_word' id='word_1_670' title='bbox 2078 4483 2383 4552; x_wconf 74' lang='grc' dir='ltr'>ἰδιωμάτων</span> <span class='ocrx_word' id='word_1_671' title='bbox 2404 4483 2612 4536; x_wconf 82' lang='grc' dir='ltr'>τούτων</span> <span class='ocrx_word' id='word_1_672' title='bbox 2639 4483 2912 4552; x_wconf 76' lang='grc' dir='ltr'>ἑκατέρας</span> <span class='ocrx_word' id='word_1_673' title='bbox 2959 4483 3179 4552; x_wconf 83' lang='grc' dir='ltr'>φύσεως</span> <span class='ocrx_word' id='word_1_674' title='bbox 3210 4487 3634 4557; x_wconf 81' lang='grc' dir='ltr'>ἀναιρουμένων,</span> 
     </span>
    </p>
   </div>
   <div class='ocr_carea' id='block_1_104' title="bbox 2073 4574 3635 4647">
    <p class='ocr_par' dir='ltr' id='par_1_104' title="bbox 2073 4574 3635 4647">
     <span class='ocr_line' id='line_1_104' title="bbox 2073 4574 3635 4647; baseline -0.001 -18"><span class='ocrx_word' id='word_1_675' title='bbox 2073 4575 2173 4644; x_wconf 83' lang='grc' dir='ltr'>τῆς</span> <span class='ocrx_word' id='word_1_676' title='bbox 2202 4576 2504 4643; x_wconf 77' lang='grc' dir='ltr'>ἐνεργείας,</span> <span class='ocrx_word' id='word_1_677' title='bbox 2537 4574 2699 4643; x_wconf 83' lang='grc' dir='ltr'>λέγω,</span> <span class='ocrx_word' id='word_1_678' title='bbox 2743 4577 2840 4628; x_wconf 81' lang='grc' dir='ltr'>καὶ</span> <span class='ocrx_word' id='word_1_679' title='bbox 2872 4576 2972 4645; x_wconf 81' lang='grc' dir='ltr'>τῆς</span> <span class='ocrx_word' id='word_1_680' title='bbox 2994 4574 3289 4647; x_wconf 81' lang='grc' dir='ltr'>θελήσεως,</span> <span class='ocrx_word' id='word_1_681' title='bbox 3331 4579 3427 4631; x_wconf 79' lang='grc' dir='ltr'><strong>καὶ</strong></span> <span class='ocrx_word' id='word_1_682' title='bbox 3455 4581 3510 4632; x_wconf 91' lang='grc' dir='ltr'>αἱ</span> <span class='ocrx_word' id='word_1_683' title='bbox 3543 4579 3635 4646; x_wconf 73' lang='grc' dir='ltr'>φύ-</span> 
     </span>
    </p>
   </div>
   <div class='ocr_carea' id='block_1_105' title="bbox 2077 4662 3634 4744">
    <p class='ocr_par' dir='ltr' id='par_1_105' title="bbox 2077 4662 3634 4744">
     <span class='ocr_line' id='line_1_105' title="bbox 2077 4662 3634 4744; baseline 0 -20"><span class='ocrx_word' id='word_1_684' title='bbox 2077 4687 2213 4740; x_wconf 79' lang='grc' dir='ltr'>σεις,</span> <span class='ocrx_word' id='word_1_685' title='bbox 2241 4663 2316 4725; x_wconf 78' lang='grc' dir='ltr'>ὧν</span> <span class='ocrx_word' id='word_1_686' title='bbox 2340 4662 2502 4724; x_wconf 78' lang='grc' dir='ltr'>αὗταί</span> <span class='ocrx_word' id='word_1_687' title='bbox 2527 4671 2665 4724; x_wconf 67' lang='grc' dir='ltr'>εἰσιν</span> <span class='ocrx_word' id='word_1_688' title='bbox 2695 4668 2982 4741; x_wconf 69' lang='grc' dir='ltr'>ἰδιώματα,</span> <span class='ocrx_word' id='word_1_689' title='bbox 3009 4673 3454 4744; x_wconf 70' lang='grc' dir='ltr'>συναναιρεῖσῦαι</span> <span class='ocrx_word' id='word_1_690' title='bbox 3478 4672 3634 4726; x_wconf 62' lang='grc' dir='ltr'>δοκῶν</span> 
     </span>
    </p>
   </div>
   <div class='ocr_carea' id='block_1_106' title="bbox 2075 4782 2180 4821">
    <p class='ocr_par' dir='ltr' id='par_1_106' title="bbox 2075 4782 2180 4821">
     <span class='ocr_line' id='line_1_106' title="bbox 2075 4782 2180 4821; baseline 0.019 -2"><span class='ocrx_word' id='word_1_691' title='bbox 2075 4782 2180 4821; x_wconf 86' lang='grc' dir='ltr'>σιν.</span> 
     </span>
    </p>
   </div>
   <div class='ocr_carea' id='block_1_107' title="bbox 2074 4877 3634 5003">
    <p class='ocr_par' dir='ltr' id='par_1_107' title="bbox 2074 4877 3634 5003">
     <span class='ocr_line' id='line_1_107' title="bbox 2074 4877 3634 5003; baseline -0.001 -68"><span class='ocrx_word' id='word_1_692' title='bbox 2074 4881 2172 4935; x_wconf 90' lang='lat' dir='ltr'><strong>IZ&#39;.</strong></span> <span class='ocrx_word' id='word_1_693' title='bbox 2211 4879 2349 4948; x_wconf 77' lang='grc' dir='ltr'>Περὶ</span> <span class='ocrx_word' id='word_1_694' title='bbox 2383 4877 2493 4952; x_wconf 82' lang='grc' dir='ltr'>τῆς</span> <span class='ocrx_word' id='word_1_695' title='bbox 2521 4882 2694 4949; x_wconf 77' lang='grc' dir='ltr'>ἀγ.ἀς</span> <span class='ocrx_word' id='word_1_696' title='bbox 2722 4881 2816 4934; x_wconf 77' lang='grc' dir='ltr'>καὶ</span> <span class='ocrx_word' id='word_1_697' title='bbox 2838 4881 3262 5003; x_wconf 54' lang='grc' dir='ltr'>ἓὲκουμενικῆς</span> <span class='ocrx_word' id='word_1_698' title='bbox 3311 4880 3634 4948; x_wconf 80' lang='grc' dir='ltr'>πενθέκτης</span> 
     </span>
     <span class='ocr_line' id='line_1_108' title="bbox 2710 4967 3003 5003; baseline 0 0"><span class='ocrx_word' id='word_1_699' title='bbox 2710 4967 2836 5003; x_wconf 84' lang='grc' dir='ltr'>συν</span> <span class='ocrx_word' id='word_1_700' title='bbox 2912 4968 3003 5003; x_wconf 89' lang='grc' dir='ltr'>ου.</span> 
     </span>
    </p>
   </div>
   <div class='ocr_carea' id='block_1_108' title="bbox 2710 4967 3003 5005">
    <p class='ocr_par' dir='ltr' id='par_1_108' title="bbox 2710 4967 3003 5005">
     <span class='ocr_line' id='line_1_109' title="bbox 2710 4967 3003 5005; baseline -0.003 -1"><span class='ocrx_word' id='word_1_701' title='bbox 2710 4967 3003 5005; x_wconf 81' lang='grc' dir='ltr'>συνοοου.</span> 
     </span>
    </p>
   </div>
   <div class='ocr_carea' id='block_1_109' title="bbox 2143 5039 3633 5113">
    <p class='ocr_par' dir='ltr' id='par_1_109' title="bbox 2143 5039 3633 5113">
     <span class='ocr_line' id='line_1_110' title="bbox 2143 5039 3633 5113; baseline -0.003 -17"><span class='ocrx_word' id='word_1_702' title='bbox 2143 5042 2366 5113; x_wconf 81' lang='grc' dir='ltr'>Ἀμέλει</span> <span class='ocrx_word' id='word_1_703' title='bbox 2401 5039 2615 5095; x_wconf 75' lang='grc' dir='ltr'>καὶτοῦ</span> <span class='ocrx_word' id='word_1_704' title='bbox 2652 5041 2904 5109; x_wconf 83' lang='grc' dir='ltr'>δευτέρου</span> <span class='ocrx_word' id='word_1_705' title='bbox 2948 5039 3354 5107; x_wconf 74' lang='grc' dir='ltr'>Ἱουστινιανοῦ,</span> <span class='ocrx_word' id='word_1_706' title='bbox 3398 5041 3493 5093; x_wconf 89' lang='grc' dir='ltr'><strong>τοῦ</strong></span> <span class='ocrx_word' id='word_1_707' title='bbox 3535 5040 3633 5093; x_wconf 83' lang='grc' dir='ltr'><strong>Ῥι-</strong></span> 
     </span>
    </p>
   </div>
   <div class='ocr_carea' id='block_1_110' title="bbox 2071 5129 3637 5212">
    <p class='ocr_par' dir='ltr' id='par_1_110' title="bbox 2071 5129 3637 5212">
     <span class='ocr_line' id='line_1_111' title="bbox 2071 5129 3637 5212; baseline -0.004 -21"><span class='ocrx_word' id='word_1_708' title='bbox 2071 5137 2343 5206; x_wconf 85' lang='grc' dir='ltr'>νοτμήτου</span> <span class='ocrx_word' id='word_1_709' title='bbox 2381 5134 2604 5202; x_wconf 80' lang='grc' dir='ltr'>δηλαδὴ,</span> <span class='ocrx_word' id='word_1_710' title='bbox 2660 5133 3073 5203; x_wconf 84' lang='grc' dir='ltr'>βασιλεύοντος,</span> <span class='ocrx_word' id='word_1_711' title='bbox 3115 5134 3174 5195; x_wconf 87' lang='grc' dir='ltr'>ὃς</span> <span class='ocrx_word' id='word_1_712' title='bbox 3228 5129 3439 5203; x_wconf 75' lang='grc' dir='ltr'>ἦν-υίδς</span> <span class='ocrx_word' id='word_1_713' title='bbox 3496 5137 3637 5212; x_wconf 25' lang='grc' dir='ltr'>κων-Ι</span> 
     </span>
    </p>
   </div>
   <div class='ocr_carea' id='block_1_111' title="bbox 2073 5223 3626 5291">
    <p class='ocr_par' dir='ltr' id='par_1_111' title="bbox 2073 5223 3626 5291">
     <span class='ocr_line' id='line_1_112' title="bbox 2073 5223 3626 5291; baseline -0.004 -12"><span class='ocrx_word' id='word_1_714' title='bbox 2073 5227 2357 5279; x_wconf 87' lang='grc' dir='ltr'>σταντίνου</span> <span class='ocrx_word' id='word_1_715' title='bbox 2387 5223 2480 5277; x_wconf 89' lang='grc' dir='ltr'><strong>τοῦ</strong></span> <span class='ocrx_word' id='word_1_716' title='bbox 2515 5223 2877 5290; x_wconf 83' lang='grc' dir='ltr'>Πωγωνάτου,</span> <span class='ocrx_word' id='word_1_717' title='bbox 2923 5225 2990 5291; x_wconf 85' lang='grc' dir='ltr'>τῇ·</span> <span class='ocrx_word' id='word_1_718' title='bbox 3027 5224 3219 5276; x_wconf 74' lang='grc' dir='ltr'>τούτου</span> <span class='ocrx_word' id='word_1_719' title='bbox 3255 5225 3497 5277; x_wconf 83' lang='grc' dir='ltr'>κελεύσει</span> <span class='ocrx_word' id='word_1_720' title='bbox 3523 5241 3626 5276; x_wconf 81' lang='grc' dir='ltr'>συνο</span> 
     </span>
    </p>
   </div>
   <div class='ocr_carea' id='block_1_112' title="bbox 2073 5301 3631 5387">
    <p class='ocr_par' dir='ltr' id='par_1_112' title="bbox 2073 5301 3631 5387">
     <span class='ocr_line' id='line_1_113' title="bbox 2073 5301 3631 5387; baseline -0.003 -19"><span class='ocrx_word' id='word_1_721' title='bbox 2073 5316 2233 5387; x_wconf 81' lang='grc' dir='ltr'>ἧλοον</span> <span class='ocrx_word' id='word_1_722' title='bbox 2268 5314 2726 5377; x_wconf 68' lang='grc' dir='ltr'>ὲπὶσκοποιέπτᾶ</span> <span class='ocrx_word' id='word_1_723' title='bbox 2760 5315 2856 5366; x_wconf 70' lang='grc' dir='ltr'>καὶ</span> <span class='ocrx_word' id='word_1_724' title='bbox 2915 5313 3090 5366; x_wconf 73' lang='grc' dir='ltr'>εἴκοσι</span> <span class='ocrx_word' id='word_1_725' title='bbox 3144 5301 3239 5366; x_wconf 68' lang='grc' dir='ltr'>κάι</span> <span class='ocrx_word' id='word_1_726' title='bbox 3265 5314 3549 5376; x_wconf 69' lang='grc' dir='ltr'>διακόςιςι,</span> <span class='ocrx_word' id='word_1_727' title='bbox 3581 5314 3631 5364; x_wconf 84' lang='grc' dir='ltr'>ὲν</span> 
     </span>
    </p>
   </div>
   <div class='ocr_carea' id='block_1_113' title="bbox 2071 5397 3626 5476">
    <p class='ocr_par' dir='ltr' id='par_1_113' title="bbox 2071 5397 3626 5476">
     <span class='ocr_line' id='line_1_114' title="bbox 2071 5397 3626 5476; baseline -0.008 -15"><span class='ocrx_word' id='word_1_728' title='bbox 2071 5407 2150 5476; x_wconf 81' lang='grc' dir='ltr'>τῷ</span> <span class='ocrx_word' id='word_1_729' title='bbox 2174 5406 2452 5475; x_wconf 80' lang='grc' dir='ltr'>λεγομένῳ</span> <span class='ocrx_word' id='word_1_730' title='bbox 2481 5403 2736 5475; x_wconf 83' lang='grc' dir='ltr'>Τρούλλῳ</span> <span class='ocrx_word' id='word_1_731' title='bbox 2757 5420 2770 5434; x_wconf 87' lang='grc'><strong>·</strong></span> <span class='ocrx_word' id='word_1_732' title='bbox 2803 5400 2948 5466; x_wconf 72' lang='grc' dir='ltr'>οἶκος</span> <span class='ocrx_word' id='word_1_733' title='bbox 2980 5404 3037 5456; x_wconf 78' lang='grc' dir='ltr'>δὲ</span> <span class='ocrx_word' id='word_1_734' title='bbox 3065 5399 3131 5473; x_wconf 82' lang='grc' dir='ltr'>ἧν</span> <span class='ocrx_word' id='word_1_735' title='bbox 3155 5397 3309 5465; x_wconf 73' lang='grc' dir='ltr'>οὗτος</span> <span class='ocrx_word' id='word_1_736' title='bbox 3341 5403 3626 5472; x_wconf 75' lang='grc' dir='ltr'>περιφανὴτ</span> 
     </span>
    </p>
   </div>
   <div class='ocr_carea' id='block_1_114' title="bbox 2075 5482 3630 5568">
    <p class='ocr_par' dir='ltr' id='par_1_114' title="bbox 2075 5482 3630 5568">
     <span class='ocr_line' id='line_1_115' title="bbox 2075 5482 3630 5568; baseline -0.006 -15"><span class='ocrx_word' id='word_1_737' title='bbox 2075 5504 2133 5553; x_wconf 80' lang='grc' dir='ltr'>ὲν</span> <span class='ocrx_word' id='word_1_738' title='bbox 2164 5499 2312 5568; x_wconf 71' lang='grc' dir='ltr'>καλῷ</span> <span class='ocrx_word' id='word_1_739' title='bbox 2341 5499 2450 5552; x_wconf 85' lang='grc' dir='ltr'>τῶν</span> <span class='ocrx_word' id='word_1_740' title='bbox 2481 5497 2766 5567; x_wconf 82' lang='grc' dir='ltr'>βασιλείων</span> <span class='ocrx_word' id='word_1_741' title='bbox 2805 5482 3440 5559; x_wconf 62' lang='grc' dir='ltr'>Κωνσταντινουπόλεως</span> <span class='ocrx_word' id='word_1_742' title='bbox 3464 5497 3630 5563; x_wconf 79' lang='grc' dir='ltr'>κείμε-</span> 
     </span>
    </p>
   </div>
   <div class='ocr_carea' id='block_1_115' title="bbox 2072 5585 3626 5662">
    <p class='ocr_par' dir='ltr' id='par_1_115' title="bbox 2072 5585 3626 5662">
     <span class='ocr_line' id='line_1_116' title="bbox 2072 5585 3626 5662; baseline -0.008 -16"><span class='ocrx_word' id='word_1_743' title='bbox 2072 5608 2181 5654; x_wconf 83' lang='grc' dir='ltr'>νος.</span> <span class='ocrx_word' id='word_1_744' title='bbox 2205 5592 2402 5660; x_wconf 84' lang='grc' dir='ltr'>Ἔργον</span> <span class='ocrx_word' id='word_1_745' title='bbox 2431 5590 2475 5642; x_wconf 85' lang='grc' dir='ltr'>δ’</span> <span class='ocrx_word' id='word_1_746' title='bbox 2520 5585 2590 5662; x_wconf 78' lang='grc' dir='ltr'>ἦν</span> <span class='ocrx_word' id='word_1_747' title='bbox 2619 5591 2823 5652; x_wconf 82' lang='grc' dir='ltr'>αὐτοῖς,</span> <span class='ocrx_word' id='word_1_748' title='bbox 2856 5589 3033 5642; x_wconf 78' lang='grc' dir='ltr'>πάιτα</span> <span class='ocrx_word' id='word_1_749' title='bbox 3067 5607 3125 5641; x_wconf 88' lang='grc' dir='ltr'><strong>τε</strong></span> <span class='ocrx_word' id='word_1_750' title='bbox 3182 5589 3250 5642; x_wconf 81' lang='grc' dir='ltr'>τὰ</span> <span class='ocrx_word' id='word_1_751' title='bbox 3284 5589 3626 5658; x_wconf 77' lang='grc' dir='ltr'>πεπραγμένα</span> 
     </span>
    </p>
   </div>
   <div class='ocr_carea' id='block_1_116' title="bbox 2074 5679 3626 5754">
    <p class='ocr_par' dir='ltr' id='par_1_116' title="bbox 2074 5679 3626 5754">
     <span class='ocr_line' id='line_1_117' title="bbox 2074 5679 3626 5754; baseline -0.004 -18"><span class='ocrx_word' id='word_1_752' title='bbox 2074 5688 2192 5747; x_wconf 83' lang='grc' dir='ltr'>ταῖς</span> <span class='ocrx_word' id='word_1_753' title='bbox 2233 5683 2423 5754; x_wconf 85' lang='grc' dir='ltr'>πρώην</span> <span class='ocrx_word' id='word_1_754' title='bbox 2465 5683 2705 5742; x_wconf 74' lang='grc' dir='ltr'>συνόδοις</span> <span class='ocrx_word' id='word_1_755' title='bbox 2739 5682 3005 5749; x_wconf 64' lang='grc' dir='ltr'>κυρῶσαι,</span> <span class='ocrx_word' id='word_1_756' title='bbox 3061 5682 3154 5732; x_wconf 76' lang='grc' dir='ltr'>καὶ</span> <span class='ocrx_word' id='word_1_757' title='bbox 3189 5681 3419 5742; x_wconf 80' lang='grc' dir='ltr'>κανόνας</span> <span class='ocrx_word' id='word_1_758' title='bbox 3456 5679 3626 5732; x_wconf 68' lang='grc' dir='ltr'>συντά-</span> 
     </span>
    </p>
   </div>
   <div class='ocr_carea' id='block_1_117' title="bbox 2076 5773 3619 5845">
    <p class='ocr_par' dir='ltr' id='par_1_117' title="bbox 2076 5773 3619 5845">
     <span class='ocr_line' id='line_1_118' title="bbox 2076 5773 3619 5845; baseline -0.006 -16"><span class='ocrx_word' id='word_1_759' title='bbox 2076 5777 2165 5844; x_wconf 81' lang='grc' dir='ltr'>ξαι</span> <span class='ocrx_word' id='word_1_760' title='bbox 2205 5779 2282 5838; x_wconf 83' lang='grc' dir='ltr'><strong>είς</strong></span> <span class='ocrx_word' id='word_1_761' title='bbox 2313 5776 2410 5845; x_wconf 83' lang='grc' dir='ltr'>τὴν</span> <span class='ocrx_word' id='word_1_762' title='bbox 2436 5775 2536 5842; x_wconf 84' lang='grc' dir='ltr'>τῆς</span> <span class='ocrx_word' id='word_1_763' title='bbox 2569 5773 2901 5840; x_wconf 81' lang='grc' dir='ltr'>Ἐκκλησίας</span> <span class='ocrx_word' id='word_1_764' title='bbox 2931 5773 3252 5842; x_wconf 66' lang='grc' dir='ltr'>ἀφορῶντας</span> <span class='ocrx_word' id='word_1_765' title='bbox 3283 5773 3619 5826; x_wconf 80' lang='grc' dir='ltr'>κατάστασ;ν·</span> 
     </span>
    </p>
   </div>
   <div class='ocr_carea' id='block_1_118' title="bbox 2082 5864 3620 5944">
    <p class='ocr_par' dir='ltr' id='par_1_118' title="bbox 2082 5864 3620 5944">
     <span class='ocr_line' id='line_1_119' title="bbox 2082 5864 3620 5944; baseline -0.005 -22"><span class='ocrx_word' id='word_1_766' title='bbox 2082 5869 2430 5932; x_wconf 68' lang='grc' dir='ltr'>συνέζευκται</span> <span class='ocrx_word' id='word_1_767' title='bbox 2457 5866 2512 5919; x_wconf 84' lang='grc' dir='ltr'>δὲ</span> <span class='ocrx_word' id='word_1_768' title='bbox 2552 5864 2810 5940; x_wconf 26' lang='grc' dir='ltr'>καὶιαῦτη</span> <span class='ocrx_word' id='word_1_769' title='bbox 2841 5869 2906 5931; x_wconf 83' lang='grc' dir='ltr'>τῇ</span> <span class='ocrx_word' id='word_1_770' title='bbox 2941 5866 3094 5932; x_wconf 73' lang='grc' dir='ltr'>ἕκτῃ.</span> <span class='ocrx_word' id='word_1_771' title='bbox 3130 5866 3345 5944; x_wconf 21' lang='grc' dir='ltr'>καὶίτὴν</span> <span class='ocrx_word' id='word_1_772' title='bbox 3371 5877 3620 5935; x_wconf 76' lang='grc' dir='ltr'>προσηγο-</span> 
     </span>
    </p>
   </div>
  </div>
