3880 6568
232 417 342 479 ί89

1612 417 2026 480 ΡΒίΕΕΑΤΙΟ

3381 425 3491 488 990

235 536 362 603 ρίαν
417 532 627 602 ὲκείνης
658 532 876 599 ἐδέξατο
902 547 917 562 ·
952 531 1138 603 οὐγὰρ
1168 532 1296 604 περὶ
1326 530 1561 592 πίστεως
1592 539 1684 584 καὶ
1709 531 1832 597 δογ-

1947 535 2204 605 iogmatis
2245 537 2474 606 quaestio
2525 537 2576 591 in
2612 539 2712 592 hac
2771 546 2889 592 orta
2943 546 3049 600 est,
3085 546 3142 591 ut
3188 551 3249 592 ea
3310 539 3508 591 exinde

237 627 433 696 μάτων
468 625 606 694 αὐτῇ
639 625 871 694 ζήτησις
892 625 1136 693 γέγονεν,
1169 625 1308 678 ὥστε
1345 627 1438 678 καί
1464 625 1632 694 αὐτὴν
1658 625 1814 677 ίδιαία

235 734 373 768 τατα
407 717 560 784 παρὰ
615 715 774 772 τοῦτο
831 714 1148 784 λογίζεσθαι
1210 715 1464 769 σύνοδον·
1527 716 1728 785 μᾶλλον
1761 715 1820 768 δὲ

235 810 448 878 κυρίως
471 809 743 876 πενθέκτη
767 806 964 874 λέγοιτ’
993 810 1080 873 ἂν,
1111 807 1204 861 ἅτε
1229 807 1292 860 τὸ
1321 808 1609 878 ὑστέρημα
1629 809 1736 876 -τῆς
1759 824 1819 860 τε

235 905 500 970 πέμπτης
555 902 653 954 καὶ
691 901 790 968 τῆς
821 899 992 970 ἕκτης
1043 900 1514 970 ἀναπληρώσασα,
1559 901 1658 970 τὴν
1711 899 1822 951 τῶν

236 994 426 1062 ἱερῶν,
453 993 619 1062 φημὶ,
654 992 894 1068 κανόνων
926 993 1222 1061 συνθήκην.
1245 993 1402 1046 Ἔστι
1435 993 1490 1045 δὲ
1523 993 1618 1046 καὶ
1640 992 1822 1044 οίκου-

239 1086 444 1152 μενική
466 1098 483 1114 ο
509 1083 784 1153 ἡγεμόνες
811 1083 920 1153 γὰρ
953 1085 1011 1136 ὲν
1043 1085 1180 1153 αὐτῇ
1221 1083 1581 1152 ἐγνωρίζοντο
1613 1082 1823 1146 Παῦλος

237 1174 900 1240 Κωνσταντινουπόλεως,
931 1176 1131 1246 Πέτρος
1162 1175 1598 1246 ’Δλιεξανδρείας,
1641 1174 1821 1243 Γεὼρ-

237 1283 357 1332 γιος
380 1267 740 1337 Ἀντιοχείας,
767 1267 1549 1338 ἈναστάσιοτἸεροσολύμων.
1572 1267 1825 1338 Ἰωάννης

237 1359 364 1421 νέας
411 1360 1034 1424 ’1ουστινιανουπόλεως,
1062 1345 1338 1423 Βασίλειος
1366 1363 1464 1430 τῆς
1487 1361 1827 1431 Γορτυναίων

242 1448 642 1518 μητροπόλεως
682 1450 784 1518 τῆς
846 1452 1074 1520 Κρήτης
1141 1453 1330 1522 νήσου,
1384 1455 1478 1506 καὶ
1534 1451 1626 1505 τὸν
1664 1450 1828 1504 τόπον

238 1539 463 1608 ἐπέχων
517 1540 698 1610 πάσης
742 1542 840 1611 τῆς
897 1543 1118 1596 συνόδου
1163 1543 1261 1613 τῆς
1311 1544 1474 1612 ἁγίας
1499 1543 1830 1614 Ἐκκλησίας

253 1630 506 1702 Ῥώμης.
543 1633 700 1688 Οὕτω
729 1634 838 1706 γάρ
887 1637 945 1687 ὲν
983 1639 1096 1698 τοῖς
1151 1635 1402 1699 παλαιοῖς
1454 1635 1715 1706 εὕρηνται
1750 1635 1830 1706 pc-

241 1722 414 1786 ϐλίοις
451 1725 594 1793 μετὰ
623 1724 723 1796 τὴν
757 1724 850 1777 τοῦ
903 1725 1171 1795 βασιλέως
1224 1725 1550 1796 ὑπογραφὴν
1609 1725 1830 1780 ἕκαστοι

239 1815 348 1868 τῶν
372 1817 737 1888 πατριαρχῶν
761 1834 820 1870 τε
851 1818 945 1870 καὶ
981 1818 1396 1888 μητροπολιτῶν
1441 1819 1733 1890 ὑπογραφῇ
1767 1818 1829 1872 τὺ

1923 628 2216 697 peculiaris
2236 631 2471 700 synodus
2495 641 2850 686 censeretur:
2883 630 3056 699 magis
3082 641 3264 685 autem
3291 631 3508 700 proprie

1926 717 2235 786 qninisexta
2264 729 2630 790 nuncupetur,
2656 729 2841 790 utpote
2877 737 2996 791 quae
3033 723 3238 790 quinta:
3267 731 3320 774 et
3345 729 3512 775 sexta:

1924 807 2222 875 defectum,
2259 825 2540 866 sacrorum
2585 812 2810 866 scilicet
2837 827 3109 883 canonum
3160 813 3512 881 compositio-

1929 915 2050 954 nem
2085 901 2379 971 supplevit.
2415 901 2512 958 Est
2563 913 2743 958 autem
2778 913 2831 958 et
2859 905 3219 958 mcttmenica.
3250 904 3514 959 Prtesides

1924 994 2066 1046 enim
2081 993 2135 1047 in
2151 1008 2214 1048 ea
2233 994 2487 1048 declarati
2501 1005 2627 1050 sunt
2647 994 3511 1065 PaulnsConstantinopnlitanus,

1926 1081 2120 1139 Petrus
2154 1085 2594 1165 Alexandrinus,
2625 1085 2895 1158 Georgius
2945 1089 3338 1153 Antiochenus,
3370 1091 3514 1141 Ana-

1931 1176 2131 1231 Stasius
2182 1177 2732 1248 llierosolymitanus,
2771 1179 3008 1235 Joannes
3049 1196 3201 1236 nova:
3253 1179 3514 1250 Iustinia-

1933 1267 2162 1335 nopolis,
2197 1268 2434 1324 Basilius
2465 1269 2906 1340 Cortynaeorum,
2940 1287 3059 1340 quae
3085 1271 3401 1338 metropolis
3426 1280 3510 1326 est

1933 1359 2108 1414 Cretae
2143 1361 2350 1427 insulae,
2407 1365 2495 1432 qui
2528 1364 2691 1418 etiam
2750 1366 3021 1419 universae
3081 1364 3273 1434 synodi
3311 1373 3513 1420 sanctze

1933 1452 2192 1509 Ecclesia:
2254 1455 2514 1510 Romana:
2551 1458 2730 1512 locum
2769 1459 2963 1512 tenuit.
3008 1455 3100 1526 Sic
3141 1457 3290 1512 cnim
3330 1458 3382 1510 in
3415 1473 3513 1510 an~

1937 1546 2102 1614 tiquis
2134 1547 2410 1603 invenitur
2441 1549 2593 1605 libris
2627 1557 2750 1619 post
2781 1551 3128 1620 imperatoris
3155 1550 3514 1619 subscriptio-

1936 1653 2058 1691 nem
2096 1639 2337 1710 singulos
2372 1641 2710 1708 patriarchas
2736 1652 2790 1696 et
2819 1643 3266 1712 metropolitanos
3303 1655 3506 1695 nomen

1933 1729 2092 1784 suum
2125 1740 2177 1785 et
2207 1732 2529 1801 dignitatem
2562 1748 2658 1802 per
2685 1734 3144 1803 subscriptionem
3200 1733 3513 1786 adnotasse:

1935 1822 2150 1878 etiamsi
2183 1822 2361 1878 Latini
2401 1825 2470 1879 ah
2524 1825 2626 1880 hac
2656 1822 2867 1893 synodo
2921 1824 3196 1879 lethaliter
3245 1822 3515 1878 vulnerati

240 1910 452 1962 οίκεῖον
484 1881 932 1980 σημειωσάμενοι
957 1881 1131 1981 ἐνθ’μᾷ
1157 1911 1252 1963 καὶ
1285 1910 1534 1980 ἀξίωμα·
1561 1881 1617 1963 εί
1779 1910 1830 1963 oi

1947 1931 2054 1969 eam
2082 1917 2474 1970 mettmenicam
2506 1932 2610 1970 non
2647 1915 2821 1972 fuisse
2848 1918 3114 1987 synodum
3141 1915 3345 1970 obnixe
3377 1929 3516 1969 conv

239 2003 492 2068 Λατῖνοι,
521 2003 753 2072 καιρίως
781 2005 882 2057 ὑπὸ
911 2006 1118 2076 ταύτης
1151 2005 1532 2075 πληττόμενοι.
1580 2005 1654 2075 μὴ
1689 2002 1830 2058 εἶναι

239 2093 460 2164 ταύτην
515 2095 905 2166 οίκουμενικὴν
937 2096 1322 2159 διατείνονται,
1355 2095 1431 2166 τῷ
1463 2095 1538 2168 μὴ
1593 2112 1832 2166 τοποτη-

243 2186 425 2256 ρητὰς
459 2189 754 2258 ἐσχηκέναι
781 2187 877 2242 τοῦ
909 2188 1110 2242 πάππα
1143 2188 1384 2259 Ῥώμης,
1427 2187 1503 2251 ώς
1541 2188 1709 2259 άλλης
1741 2188 1836 2242 ob-

244 2294 347 2342 σης
375 2278 484 2348 τῆς
517 2279 682 2350 ἕκτης
712 2279 953 2343 συνόδου,
1065 2282 1320 2344 κάκεῖνος
1356 2279 1646 2351 συνῄνεσεν
1668 2320 1684 2346 ,
1714 2280 1837 2350 ἣτις

245 2371 338 2420 ἐπὶ
394 2369 815 2422 Κωνσταντίνου
880 2368 974 2422 τοῦ
1034 2371 1377 2438 Πωγωνάτου
1437 2371 1834 2440 συνήθροιστο·

243 2459 463 2530 ταύτην
497 2460 554 2513 δὲ
609 2462 746 2529 μετὰ
797 2461 1024 2531 χρόνους
1055 2461 1310 2528 γενέσθαι
1349 2461 1600 2532 συχνοὺς,
1646 2461 1837 2514 κελεύ-

247 2569 330 2610 σει
351 2552 460 2605 τοῦ
498 2553 849 2623 Ῥινοτμήτου
882 2551 1286 2608 ἰουστινιανοῦ.
1334 2554 1567 2624 Πρῶτον
1598 2554 1695 2622 μὲν
1729 2554 1838 2624 γὰρ

245 2646 347 2698 οὐκ
367 2646 446 2698 ἂν
488 2646 778 2716 ἠνέσχοντο
814 2648 864 2699 oi
890 2645 1134 2700 τοσοῦτοι
1183 2646 1328 2714 άγιοι
1363 2646 1607 2716 Πατέρες
1640 2647 1840 2715 ἐπιφα-

249 2737 374 2801 νοῦς
415 2737 565 2791 οὕτω
596 2738 825 2808 ψεύδους
854 2739 1079 2802 ἁλῶναι,
1107 2739 1358 2808 λέγοντες
1399 2740 1458 2792 ὲν
1487 2741 1600 2803 τοῖς
1631 2739 1841 2793 ἑαυτῶν

251 2831 507 2894 κανόσιν,
541 2831 767 2903 Ὦρισεν
803 2835 835 2903 ἡ
867 2832 998 2901 ἁγία
1036 2832 1176 2902 αῦτη
1206 2833 1302 2886 καὶ
1321 2833 1677 2902 υίκουμενικὴ
1715 2831 1852 2886 σύν-

249 2923 368 2987 οδος
390 2939 408 2954 ο
443 2923 618 2987 άλλως
651 2942 711 2978 τε
741 2925 836 2978 καὶ
881 2923 977 2988 οὒς
1025 2927 1054 2978 6
1109 2925 1340 2986 πάππας
1374 2919 1488 2995 εἶχε
1540 2923 1804 2994 λεγάτους
1825 2966 1840 2992 ,

249 3012 716 3084 ἀντιπροσώπους
765 3014 988 3084 δηλαδὴ,
1046 3015 1146 3084 τῆς
1201 3015 1482 3086 ἡμετέρας
1524 3017 1624 3084 μὲν
1679 3014 1839 3078 ὄντας

251 3107 554 3177 ἐπαρχίας,
581 3105 724 3160 ὥστε
756 3109 852 3160 καὶ
887 3109 1008 3170 ταῖς
1049 3110 1258 3170 κοιναῖς
1305 3107 1690 3160 συνελεύσεσιν
1725 3107 1843 3160 ἀντ’

1939 2009 2200 2074 tendant;
2237 2023 2302 2062 eo
2331 2008 2474 2077 quod
2510 2023 2660 2076 papa:
2711 2007 2942 2062 Romani
2994 2009 3518 2062 lociconscrvatores

1940 2112 2048 2150 non
2085 2098 2293 2163 habuit,
2327 2107 2513 2167 utpote
2539 2099 2682 2166 quod
2712 2097 2817 2152 alia
2859 2098 2932 2154 sit
2963 2109 3116 2154 seua
3159 2098 3402 2166 synodus
3426 2096 3515 2151 cui

1938 2199 1994 2244 et
2028 2190 2144 2258 ipse
2180 2192 2482 2254 consensit,
2518 2205 2640 2259 quas
2675 2192 2775 2246 sub
2810 2189 3176 2268 Constantino
3233 2189 3518 2259 Pogon'ato

1941 2295 2267 2353 congregata
2329 2293 2434 2350 est,
2486 2284 2628 2339 hanc
2671 2295 2848 2339 autem
2907 2281 3081 2338 multo
3121 2293 3244 2353 post
3278 2290 3521 2351 tempore

1938 2372 2234 2430 Iustiniani
2267 2373 2566 2430 Rinotmeti
2598 2377 2754 2446 jussu
2788 2375 3116 2430 celebratam
3153 2389 3296 2430 esse.
3333 2375 3518 2428 Primo

1941 2465 2088 2518 enim
2124 2466 2258 2519 tanti
2292 2465 2466 2520 sancti
2501 2466 2690 2520 Patres
2728 2465 2999 2521 manifesti
3060 2465 3194 2520 adeo
3253 2463 3520 2518 mendacii

1941 2572 2060 2612 sese
2085 2556 2332 2612 convinci
2366 2572 2512 2626 aegre
2532 2558 2756 2622 ferrent,
2792 2558 3034 2611 dicentes
3057 2558 3109 2610 in
3140 2556 3252 2610 suis
3279 2557 3519 2625 ipsorum

1949 2647 2274 2714 canonibus,
2305 2647 2510 2703 Sancta
2563 2650 2680 2703 haec
2717 2657 2771 2702 et
2799 2647 3134 2703 oecutnenica
3164 2648 3403 2717 synodus
3431 2647 3525 2700 de-

1947 2737 2140 2793 crevit.
2177 2737 2242 2791 Et
2270 2747 2528 2807 praetcrea
2561 2753 2698 2806 papa
2745 2752 2872 2791 suos
2902 2737 3089 2791 habuit
3121 2736 3345 2806 legatos,
3399 2749 3522 2803 per-

1943 2844 2106 2884 sonas
2126 2829 2380 2883 nimirum
2400 2830 2724 2885 substitntas
2743 2845 2805 2884 ex
2831 2837 3018 2884 nostra
3038 2823 3254 2898 quidem
3278 2828 3520 2896 regione,

1945 2923 2076 2976 adeo
2107 2930 2167 2976 ut
2195 2922 2268 2976 illi
2303 2922 2423 2989 ejus
2459 2923 2512 2976 in
2554 2922 2934 2977 communibus
2957 2921 3316 2976 conventibus
3349 2921 3522 2976 vicem

1947 3026 2225 3085 gererent,
2261 3029 2327 3070 eo
2374 3017 2518 3085 quod
2559 3015 2656 3084 ipsi
2719 3021 2935 3084 propter
2969 3014 3068 3067 vite
3125 2998 3549 3082 longitudinem

1945 3107 2164 3164 diﬁicilc
2191 3111 2273 3163 sit-
2297 3109 2632 3163 convenire:
2665 3118 2718 3162 et
2751 3109 2818 3162 ab
2849 3122 2914 3163 eo
2966 3122 3096 3162 vero
3148 3122 3255 3161 non
3310 3105 3530 3161 ordinaa

251 3196 475 3249 ἐκείνου
525 3196 750 3260 τούτους
803 3196 1116 3267 ἐπιδημεῖν,
1165 3195 1466 3267 δυσχεροῦς
1492 3197 1661 3266 οὔσης
1691 3197 1840 3268 αὐτῷ

1947 3203 2162 3264 bantur,
2191 3211 2248 3256 ut
2275 3201 2460 3258 Caesar
2481 3201 2870 3258 Constantinus
2893 3201 3104 3257 scribit.
3134 3201 3197 3254 Hi
3228 3201 3391 3271 igitur
3411 3213 3530 3252 om-

252 3288 350 3359 τῆς
379 3288 623 3358 ἀφίξεως
656 3289 746 3342 διὰ
759 3290 835 3344 κτὸ
861 3290 961 3358 τῆς
1003 3290 1126 3344 ὀδοῦ
1170 3291 1344 3359 μῆκος
1369 3306 1384 3321 ο
1419 3290 1480 3343 οὐ
1505 3292 1612 3360 γὰρ
1641 3291 1706 3359 δὴ
1742 3291 1838 3343 καὶ

255 3379 387 3449 παρ’
421 3379 634 3433 ἐκείνου
657 3363 1114 3451 ἐχειροτονοῦντο,
1139 3381 1215 3444 ώς
1237 3381 1266 3433 6
1290 3382 1604 3451 Καισαρεὺς
1635 3382 1844 3451 ἱστορεῖ

257 3473 702 3536 Κώνσταντῐνος.
736 3473 945 3539 Πάντες
969 3476 1150 3529 τοίνυν
1176 3468 1322 3530 οὗτοι
1368 3478 1436 3546 τῇ
1479 3476 1612 3544 ἁγίᾳ
1643 3477 1846 3548 συνόδῳ

259 3565 548 3635 παρῆσαν,
580 3564 728 3636 λέγω
765 3566 830 3637 δὴ
856 3569 884 3620 6
915 3567 1341 3638 Θεσσαλονίκης,
1373 3571 1400 3621 6
1425 3569 1776 3637 Δαρδανείας,
1819 3574 1847 3625 6

268 3659 612 3729 Ἡρακλείας
661 3660 906 3732 Θρᾴκης,
947 3663 976 3715 6
1009 3663 1298 3732 Κορίνθου,
1336 3665 1364 3716 ό
1401 3664 1720 3734 Ῥαϐέννης,
1753 3666 1847 3719 καὶ

1948 3310 2044 3351 nes
2078 3304 2280 3350 sancta:
2313 3297 2520 3366 synodo
2558 3296 2822 3350 aderant:
2859 3293 3150 3365 episcopus
3182 3304 3308 3364 puta
3351 3291 3525 3345 Thes-

1945 3385 2221 3450 salonicae,
2253 3386 2558 3452 Dardaniae,
2586 3384 2866 3440 Heraclete
2895 3387 2946 3440 in
2971 3385 3228 3449 Thracia,
3253 3381 3524 3447 Corinthi,
3567 3399 3570 3402 ’

1949 3479 2243 3542 Ravennae.
2280 3489 2336 3534 et
2372 3478 2461 3533 hlc
2496 3478 2728 3534 Basilius
2755 3481 3044 3548 episcopus
3079 3478 3274 3541 Crette,
3312 3477 3402 3546 qni
3439 3477 3530 3529 Ee-

1949 3571 2132 3626 clesia:
2172 3569 2432 3625 Romana:
2458 3570 2580 3638 jura
2621 3585 2682 3626 se
2712 3570 2967 3641 privatim
3007 3569 3145 3624 ferre
3179 3568 3527 3637 subscripsit.

1950 3665 2017 3719 Hi
2051 3680 2180 3719 vero
2208 3677 2261 3719 et
2295 3677 2511 3719 ccntmn
2546 3666 2682 3719 duos
2717 3680 2950 3718 canones
2989 3658 3432 3734 composuerunt.

257 3751 285 3799 ὁ
313 3752 546 3821 Κρήτης
574 3743 728 3814 οὗτος
757 3751 1055 3817 Βασίλειος,
1086 3753 1144 3818 ὃς
1173 3753 1280 3824 ίδίξι
1326 3755 1514 3824 φέρειν
1547 3755 1616 3809 τὰ
1649 3756 1837 3811 δίκαια
1875 3757 1978 3828 τῆς
2034 3757 2369 3828 Ἐκκλησίας
2421 3758 2714 3827 Ῥωμαίων
2779 3755 3071 3826 ὑπέγραψε
3095 3773 3128 3789 ι
3171 3754 3410 3816 κανόνας
3473 3753 3531 3806 δὲ

262 3845 356 3910 καὶ
392 3835 546 3896 οὗτοι
576 3843 934 3904 συντάττουσι
960 3843 1054 3896 δύο
1096 3844 1231 3914 πρὸς
1269 3848 1382 3907 τοῖς
1416 3845 1633 3900 ἑκατόν.

297 3957 410 4015 “1'.
443 3956 587 4028 Περὶ
612 3956 722 4026 τῆς
753 3957 1513 4083 ἁγίαςὲκαέἕίκουμενικῆς
1547 3959 1808 4030 ἑϐδόμης

958 4047 1037 4083 vr
1115 4047 1210 4083 ου.

958 4047 1106 4086 υνοο
1115 4047 1210 4085 ου.

334 4123 564 4194 Χρόνων
617 4122 673 4176 δὲ
721 4123 1190 4193 παρεῤῥυηκότων
1245 4121 1420 4177 εἴκοσι
1478 4125 1575 4177 καὶ
1625 4124 1848 4189 ἑκατδν,

264 4216 455 4284 ὀγδόου
490 4214 548 4267 δὲ
577 4213 875 4284 ἱσταμένου
900 4213 995 4266 τοῦ
1029 4214 1440 4268 Κωνσταντίνου
1469 4218 1535 4285 τῇ
1579 4214 1850 4289 βασιλείᾳ,

267 4309 491 4377 καὶτῆς
538 4306 742 4376 μητρὸς
777 4303 945 4359 αὑτοῦ
993 4304 1254 4376 Είρήνης.
1313 4307 1552 4362 Νίκαιαν
1595 4309 1694 4378 μὲν
1753 4310 1852 4378 τὴν

266 4401 377 4453 τῶν
431 4398 673 4453 Βιθυνῶν
707 4397 1041 4468 μητρόπολιν
1088 4400 1370 4468 κριτήριον
1407 4400 1506 4469 τῆς
1570 4400 1852 4463 εὐσεϐείας

270 4492 363 4543 καὶ
402 4492 436 4562 ἡ
477 4489 682 4560 ἑϐδόμη
714 4488 928 4550 σύνοδος
986 4488 1278 4556 δείκνυσιν,
1317 4489 1393 4553 ὣς
1447 4507 1510 4558 γε
1561 4491 1626 4561 δὴ
1679 4492 1776 4546 καὶ
1818 4493 1851 4562 ἠ

1947 3956 2144 4014 XVIII.
2203 3955 2280 4011 De
2308 3963 2495 4008 sancta
2527 3963 2574 4006 et
2636 3949 2958 4005 mcumenica
3013 3947 3239 4013 septima
3305 3941 3527 4014 synodo.

2029 4117 2238 4187 Elapsis
2267 4124 2484 4170 centum
2521 4110 2706 4181 viginti
2769 4108 2946 4173 annis,
2976 4116 3169 4160 octavo
3197 4114 3376 4156 autem
3427 4101 3528 4152 im-

1955 4210 2091 4283 perii
2115 4207 2457 4265 Constantini
2489 4215 2540 4260 et
2572 4202 2764 4258 tnatris
2792 4200 2912 4270 ejus
2939 4199 3123 4253 lrenes
3149 4197 3377 4256 ﬂuente,
3410 4205 3533 4258 sep-

1957 4304 2086 4358 tima
2118 4303 2280 4356 etiam
2332 4303 2604 4371 synodos,
2649 4307 2706 4352 ut
2765 4296 2937 4365 prima
2973 4294 3124 4354 olim,
3150 4288 3384 4343 Nicaeam
3441 4284 3531 4337 Bi-

1959 4396 2272 4467 thyniorum
2345 4391 2689 4460 metropolim
2750 4388 2969 4457 pietatis
3034 4385 3209 4439 forum
3272 4376 3528 4434 ostendit.

1958 4487 2244 4544 Trecentis
2273 4495 2451 4539 autem
2485 4484 2764 4553 sexaginta
2819 4491 3024 4551 septem
3059 4475 3232 4532 sacris
3264 4471 3392 4526 viris
3443 4483 3534 4522 or-

273 4587 468 4657 πρώτη
499 4583 718 4646 σύνοδος
747 4582 937 4636 πάλαι.
964 4581 1062 4643 Είς
1098 4583 1238 4636 ἑπτὰ
1261 4582 1316 4635 δὲ
1343 4584 1440 4637 καὶ
1469 4582 1732 4653 ἑξήκοντα
1758 4584 1840 4636 καί

1961 4593 2086 4636 nata
2116 4589 2231 4647 est,
2258 4594 2428 4634 sacra:
2459 4577 2619 4646 hujus
2661 4575 2943 4644 phalangis
2974 4571 3312 4626 constituens
3342 4565 3528 4623 duces,

272 4679 624 4751 τριακοσίους
675 4676 876 4746 ἄνδρας
923 4675 1102 4744 ἱεροὺς
1147 4675 1500 4746 ἐπληθύνετο,
1555 4676 1854 4747 ταξιάρχας

273 4776 372 4842 τῆς
398 4772 551 4842 ἱερᾶς
580 4767 783 4836 ταύτης
805 4768 1087 4837 φάλαγγος
1117 4767 1533 4839 προϐαλλομένη
1583 4769 1855 4840 Ἰάράσιον

278 4859 931 4924 Κωνσταντινουπόλεως,
977 4861 1068 4911 τὸν
1095 4861 1152 4912 ὲν
1191 4860 1401 4930 ἱερεῦσι
1432 4859 1572 4914 Θεοῦ
1600 4861 1855 4932 περιϐόηο

275 4973 390 5020 τον,
433 4953 641 5022 Πέτρον
670 4951 766 5004 τοῦ
801 4950 910 5003 τῶν
955 4952 1148 5020 ἱερέων
1178 4952 1460 5021 τάγματος
1493 4951 1730 5022 πρῶτον,
1763 4955 1856 5006 καὶ

276 5045 466 5116 ἕτερον
494 5043 702 5114 Πέτρον
750 5041 1120 5111 πρεσϐύτερον
1153 5041 1248 5095 καὶ
1285 5042 1589 5112 ἡγούμενον
1631 5043 1728 5112 τῆς
1762 5044 1856 5096 τοῦ

279 5138 434 5205 ἁγίου
464 5136 651 5190 Σάϐϐα
684 5135 874 5205 μονῆς,
905 5133 998 5199 τὸν
1025 5135 1189 5188 τόπον
1217 5135 1500 5207 Ἀδριανοῦ
1529 5136 1626 5189 τοῦ
1657 5136 1857 5190 πάππα

292 5229 513 5300 Ῥώμης
567 5227 1053 5298 κληρωσαμένους,
1115 5225 1368 5297 Ἰωάννην
1412 5244 1474 5280 τε
1522 5229 1615 5280 καὶ
1654 5226 1858 5296 Θωμᾶν

283 5320 712 5389 πρεσϐυτέρους,
746 5320 841 5371 καὶ
871 5317 1036 5370 καλὸν
1083 5319 1143 5377 ἐν
1189 5319 1457 5386 άσκηταῖς
1513 5317 1854 5388 λάμποντας,

282 5413 387 5467 τῶν
414 5413 513 5480 τῆς
548 5411 840 5482 ’Δνατολῆς
888 5411 1239 5482 πατριαρχῶν
1284 5409 1378 5463 τὸν
1431 5412 1595 5465 τόπον
1631 5412 1857 5482 ἐπέχον-

283 5524 399 5568 τας,
428 5507 573 5571 λέγω
609 5504 696 5573 δὴ,
735 5504 1113 5576 Ἀπολιναρίου
1155 5503 1590 5574 Ἀλεξανδρείας,
1643 5504 1858 5558 Θεοδωο

290 5599 451 5667 ρήτου
487 5595 844 5665 Ἀντιοχείας,
895 5595 992 5648 καὶ
1040 5593 1200 5648 Ἠλία
1259 5591 1674 5663 Ἰεροσολύμων.
1706 5592 1856 5659 Αὕτη

287 5691 462 5742 τοίνυν
483 5691 516 5758 ἠ
550 5687 680 5754 ἁγία
713 5687 953 5753 σύνοδος,
985 5689 1110 5750 τοὺς
1136 5687 1334 5740 εἴδωλα
1349 5685 1446 5748 τάς
1469 5686 1856 5754 προσκυνητάς

287 5782 378 5835 τοῦ
398 5779 634 5851 Χριστοῦ
667 5781 762 5833 καὶ
779 5780 886 5832 τῶν
917 5779 1087 5848 ἁγίων
1114 5778 1280 5834 αὑτοῦ
1309 5779 1548 5840 εἰκόνας,
1571 5778 1615 5831 ὣ
1648 5780 1854 5848 μιαρᾶς

292 5876 552 5950 γλώττης,
589 5874 1017 5952 ἀποκαλοῦντας,
1063 5875 1131 5928 δι’
1163 5867 1235 5926 ὧν
1259 5872 1493 5926 εἰδώλων
1526 5873 1701 5944 πλάνη
1733 5872 1853 5926 διώ-

1959 4674 2244 4728 Tarasium
2297 4669 2961 4738 Constantinopolitatmm
3017 4664 3193 4733 magni
3247 4661 3388 4714 inter
3436 4654 3530 4710 Dei

1957 4769 2270 4822 sacerdotes
2314 4764 2571 4827 nominis,
2602 4762 2822 4817 Petrum
2874 4760 2928 4814 in
2961 4755 3308 4812 sacerdotum
3340 4751 3532 4806 ordine

1957 4862 2161 4931 primas
2195 4872 2493 4925 tenentem,
2529 4867 2585 4914 et
2636 4856 2800 4911 alium
2854 4852 3075 4906 Petrum
3130 4846 3528 4918 presbyterum,

1958 4966 2014 5011 et
2037 4959 2207 5011 sancti
2245 4957 2400 5010 Saba:
2431 4951 2746 5007 monasterii
2780 4948 3125 5017 prml'ectum,
3155 4942 3248 5011 qui
3306 4933 3528 4992 Adriani

1960 5061 2114 5115 papa:
2145 5045 2374 5101 Romani
2405 5043 2580 5098 locum
2607 5041 2833 5095 sortitus
2863 5048 2982 5094 est:
3011 5034 3275 5090 Joannem
3307 5041 3359 5087 et
3389 5031 3532 5085 Tho-

1962 5154 2105 5194 mam
2140 5139 2510 5208 presbyteros,
2537 5142 2590 5189 et
2619 5134 2910 5187 admodum
2947 5132 3090 5186 inter
3120 5129 3414 5186 monachos
3439 5139 3532 5178 ce-

1962 5229 2160 5292 lebres,
2193 5228 2430 5284 Orientis
2477 5224 2908 5294 patriarcharum
2942 5224 3122 5277 locum
3156 5229 3418 5278 tenentes,
3450 5217 3532 5269 ni-

1963 5321 2158 5374 mirum
2201 5318 2498 5386 Apolinarii
2559 5315 2938 5381 Alexandrini,
2989 5313 3308 5368 Theodoriti
3342 5311 3535 5363 Antio-

1959 5411 2146 5473 cheni,
2179 5420 2233 5464 et
2263 5408 2392 5462 Elia:
2432 5406 2935 5476 llierosolytnitani.
2976 5406 3101 5460 Haec
3153 5406 3317 5473 igitur
3347 5411 3528 5456 sancta

1962 5505 2201 5574 synodus
2252 5517 2348 5556 eos
2389 5501 2478 5570 qui
2515 5502 2849 5554 venerandas
2881 5499 3087 5555 Christi
3135 5509 3187 5552 et
3219 5506 3530 5552 sanctorum

1963 5599 2108 5653 illius
2133 5594 2421 5663 imagines,
2453 5608 2549 5662 per
2571 5608 2709 5661 quas
2741 5593 3007 5647 idolorum
3035 5607 3192 5646 error
3221 5589 3530 5656 expellitur.

1961 5691 2032 5744 olt
2085 5689 2294 5755 impura
2367 5685 2584 5755 lingua!
2641 5684 2784 5737 idola
2838 5693 3053 5745 vocant,
3105 5680 3534 5736 irresolubilibns

1963 5779 2328 5837 anathematis
2382 5776 2617 5830 vinculis
2658 5777 2932 5830 communi
2974 5774 3232 5845 suffragio
3281 5773 3528 5841 snhjerc-

1971 5885 2133 5932 runt:
2168 5884 2219 5928 rt
2256 5873 2391 5928 duos
2431 5878 2484 5924 et
2517 5867 2706 5937 viginti
2743 5883 2979 5925 canones
3023 5869 3077 5923 in
3117 5869 3354 5925 ﬁdelium
3389 5866 3536 5921 utili-
