3880 6528
179 411 272 480 99τ

1460 384 1699 456 tNoEX
1739 381 2097 453 CAPITUM.
2201 359 2211 377 '

3309 383 3414 446 998

178 517 512 590 τετμημένους
533 531 544 545 ·
578 514 662 569 ἔτι
698 514 756 568 δὲ
798 511 1208 582 συντομώτερον
1239 508 1544 570 Ἀνατὸλιος
1565 523 1577 534 ’
1615 508 1642 558 ὁ
1667 504 1723 558 δὲ

1856 512 1890 554 ιι
1913 511 1966 556 et
1998 502 2062 554 de
2096 497 2303 561 nothfs,
2334 509 2495 567 quam
2525 510 2750 568 magnus
2785 492 3171 551 Constantinus
3207 508 3414 564 prunus

188 613 434 682 Ἰσίδωρος
466 608 794 679 στενώτερον
844 607 941 677 μὲν
985 604 1079 658 τοῦ
1111 600 1432 662 Θαλελαίου,
1463 597 1734 652 πλατύτε-

182 726 265 779 ρον
290 705 342 757 δὲ
371 702 479 756 τῶν
507 701 713 755 λοιπῶν
741 700 856 754 δύο.
888 697 1149 766 Ἀμεῖψαι
1179 695 1236 748 δὲ
1261 692 1492 762 θελήσας
1515 692 1544 743 ὁ
1581 689 1736 758 βασι-

177 803 285 860 λεὺς
308 794 398 849 καί
420 811 575 856 τινας
596 792 706 846 τῶν
729 790 978 844 παλαιῶν
1007 788 1331 852 διατάξεων,
1356 783 1558 855 νεαρὰς
1590 781 1737 834 ἐϐδο-

178 893 400 962 μήκοντα
421 891 518 939 καὶ
546 884 741 937 ἑκατὸν
771 882 1131 952 ὲφιλοπόνησε
1161 876 1458 942 διατάξεις,
1482 877 1578 928 καὶ
1597 873 1735 927 ἰδίαν

177 982 388 1044 ταύταις
414 978 600 1050 χώραν
629 978 928 1044 ἀπένειμεν
951 991 964 1006 ·
999 973 1203 1045 ἧμειψε
1239 972 1349 1041 γὰρ
1387 970 1448 1025 τὸ
1470 970 1599 1039 περὶ
1637 967 1737 1035 γά-

179 1093 304 1144 μων,
337 1074 396 1126 τδ
428 1071 557 1142 περὶ
615 1068 924 1138 φαλκιδίου,
955 1066 1050 1120 καὶ
1096 1065 1204 1119 τῶν
1236 1063 1520 1140 τοιούτων,
1548 1062 1643 1113 καὶ
1670 1060 1735 1130 δὴ

177 1168 258 1222 καὶ
283 1165 343 1217 τὸ
378 1163 509 1232 περὶ
540 1160 736 1224 νόθων,
767 1159 915 1228 ἅπερ
949 1161 977 1212 ό
1008 1158 1182 1226 μέγας
1214 1154 1427 1226 πρῶτος
1456 1151 1738 1215 διετάξατο

179 1255 592 1318 Κωνσταντῖνος,
632 1251 1086 1324 συμπαθέστερόν
1119 1247 1251 1320 περὶ
1306 1248 1432 1309 τοὺς
1464 1235 1738 1307 τοιούτους

177 1348 445 1412 διατεθείς.
507 1347 727 1410 Ταύτας
778 1345 837 1400 δὲ
872 1344 971 1408 τὰς
1000 1347 1198 1414 νεαρὰς
1229 1343 1319 1397 διά
1349 1357 1495 1404 τινος
1523 1338 1738 1404 ἐξέθετο

177 1437 572 1512 Τρισουνιανοῦ,
606 1435 786 1502 δεξιοῦ
837 1437 940 1509 μὶν
965 1435 1142 1499 ἄλλως
1170 1434 1269 1505 τὴν
1321 1432 1501 1502 φύσιν,
1533 1431 1625 1484 καὶ
1657 1430 1738 1492 είς

177 1534 329 1603 ἀκρον
362 1533 546 1586 πᾶσαν
599 1530 852 1585 παιδείαν
897 1530 1299 1599 ἐξησκημένον,
1331 1521 1739 1596 φιλοχρηματίᾳ

177 1627 226 1679 δὲ
256 1625 549 1694 δαιμονίως
599 1623 962 1692 ἁλισκομένου
995 1662 1011 1678 .
1045 1623 1136 1675 Διὸ
1183 1622 1278 1675 καὶ
1321 1621 1380 1672 ὲν
1429 1617 1506 1687 τῷ
1537 1613 1738 1676 ταύτας

179 1717 525 1786 συγγράφειν,
577 1715 768 1770 πολλοὶ
818 1713 926 1768 τῶν
968 1715 1203 1784 ἑχόντων
1253 1712 1411 1770 δίκας
1456 1710 1738 1780 χρήμασιν

178 1809 324 1861 αὐτὸν
349 1807 776 1878 ὑποφθείροντες
799 1805 1154 1877 παρέπειθον,
1207 1804 1279 1858 τὰ
1337 1803 1434 1874 μὲν
1493 1800 1631 1872 πρὶς
1678 1798 1739 1853 τὸ

179 1897 438 1967 συμφέρον
465 1897 649 1961 αὐτοῖς
681 1897 1102 1968 μεθαρμόττειν,
1132 1898 1201 1952 τὰ
1224 1895 1282 1950 δὲ
1307 1893 1442 1964 πρὸς
1466 1893 1739 1960 ἀσάφειαν

178 1990 272 2042 καῖ’
303 1989 577 2059 διχόνοιαν
608 1988 932 2058 σχεδιάζειν.
992 1988 1315 2061 Τελευταῖος
1346 1985 1402 2040 δὲ
1449 1985 1689 2048 πάντων,
1713 1982 1742 2035 ό

178 2082 228 2133 ὲν
254 2080 562 2151 βασιλεῦσιν
591 2081 835 2152 ἀοίδιμος
859 2082 1012 2134 Λέων
1041 2082 1069 2133 ὁ
1099 2079 1289 2150 Σοφδς,
1323 2079 1451 2147 μίαν
1476 2077 1545 2130 τὰ
1564 2077 1744 2130 πάντα

181 2173 537 2243 ποιησάμενος
566 2171 952 2243 πραγματείαν
975 2171 1064 2228 διά
1083 2189 1230 2233 τινος
1259 2168 1561 2224 Σαόὁατίου
1593 2185 1745 2238 πρωο

183 2239 564 2334 τοσπαθαρίου,
597 2239 703 2318 atat
723 2239 792 2318 τὰ
825 2239 1075 2335 δίέχοντα
1111 2264 1177 2332 τῇ
1209 2260 1358 2331 θέσει
1390 2258 1632 2328 συνάψας
1661 2259 1743 2322 είς

179 2356 250 2419 ἓν,
278 2355 343 2408 τά
370 2371 426 2407 τε
451 2355 680 2422 δίγεστα
726 2354 824 2408 καὶ
858 2355 984 2418 τοὺς
1013 2352 1270 2416 κώδικας,
1303 2351 1399 2406 καὶ
1429 2350 1600 2420 πολλά
1634 2349 1742 2402 τῶν

184 2445 541 2510 ίνστιτούτων,
565 2447 654 2500 καὶ
683 2445 851 2512 αὑτὰς
869 2446 966 2508 τὰς
987 2444 1082 2499 τοῦ
1108 2441 1484 2498 Ἰουστινιανοῦ
1501 2439 1740 2510 Νεαρὰς,

181 2539 232 2588 ὲν
265 2536 491 2606 βιϐλίοις
526 2537 626 2605 μὲν
655 2537 944 2608 ἑξήκοντα,
970 2537 1188 2606 τεύχεσι
1215 2535 1273 2590 δὲ
1301 2535 1630 2605 ὠργάνωσεν
1657 2529 1739 2597 ἐξ,

183 2628 278 2680 πᾶν
304 2628 552 2704 ἐναντιον
576 2630 671 2684 καὶ
696 2630 796 2698 τὴν
819 2629 1018 2699 χρῆσιν
1054 2627 1116 2681 οὐ
1143 2627 1513 2696 παρεχόμενον
1541 2627 1599 2677 ὲν
1629 2627 1744 2687 τοῖς

184 2717 493 2785 πράγμασιν
548 2719 851 2789 ἀποκρίνας
879 2735 940 2771 τε
973 2720 1068 2774 καὶ
1097 2717 1394 2782 ὑπεξελὼν,
1450 2715 1538 2769 διὰ
1562 2715 1639 2780 τὸ,
1668 2715 1744 2779 ὡς

184 2808 336 2871 εἰκὸς,
362 2808 537 2862 πολλά
564 2809 674 2863 τῶν
703 2809 945 2880 ἀρχαίων
967 2809 1438 2879 ,νομοθετημάτων
1467 2806 1738 2877 παρευδο-

185 2898 473 2970 κιμηθῆναι
506 2902 619 2964 τοῖς
647 2899 873 2972 ὕστερον
893 2915 911 2931 “
973 2900 1111 2956 ἀλλὰ
1143 2901 1234 2955 καὶ
1262 2900 1372 2954 τῶν
1400 2899 1740 2968 ἐκλεγέντων

183 2987 271 3058 τὴν
297 2990 577 3062 συνθήκην
619 2991 719 3061 τῆς
772 2991 1050 3063 φράσεως,
1110 2992 1275 3064 μηδὲν
1304 2991 1560 3062 περιττὸν
1595 2991 1742 3060 ἔχειν

185 3083 268 3133 καὶ
300 3081 574 3152 παρέλκον
607 3083 952 3157 ἐφρόντισενο
1002 3083 1192 3138 ἔπειτα
1217 3084 1286 3137 τὰ
1312 3082 1415 3138 ἀνὰ
1443 3083 1609 3153 μέρος
1642 3083 1743 3136 καὶ

1837 593 2076 654 admisit,
2125 590 2317 660 majori
2367 588 2847 644 commiseratione
2895 589 2946 641 in
2978 586 3112 639 tales
3146 584 3369 639 affectus
3395 623 3412 638 .

1840 685 1948 738 [las
1976 695 2152 738 autem
2177 683 2430 737 Novellas
2465 680 2643 735 emisit
2675 695 2770 750 per
2799 680 3088 749 quemdam
3125 669 3416 733 Tribuuia4

1838 792 1986 840 num,
2025 785 2217 830 natura
2270 776 2484 844 quidem
2535 773 2694 828 aliter
2739 772 3014 832 idoneum,
3069 779 3123 824 et
3164 772 3214 824 in
3265 770 3412 824 omni

1836 869 2120 940 disciplina
2159 882 2369 922 summe
2402 865 2786 928 exercitatum,
2823 864 3050 918 avaritia
3084 873 3262 917 autem
3298 861 3416 914 dia-

1838 962 2013 1017 bolice
2055 971 2403 1028 correptum:
2443 968 2774 1026 quapmpter
2807 965 2860 1010 et
2898 957 3022 1026 dum
3073 955 3138 1008 iis
3168 954 3414 1007 conscri-

1839 1052 2027 1107 bendis
2049 1050 2411 1114 incumbebat,
2437 1050 2587 1103 multi
2611 1063 2800 1103 eorum
2825 1047 2915 1117 qui
2940 1063 3138 1106 causas
3160 1045 3413 1115 judican-

1839 1147 1934 1199 das
1982 1144 2289 1205 habebant,
2341 1155 2464 1194 eum
2519 1141 2746 1209 pecunia
2799 1147 3244 1205 eoi-rumpentes,
3302 1136 3416 1188 haec

1837 1236 2056 1308 quidem
2088 1237 2328 1303 ipsorum
2356 1231 2637 1287 commodo
2672 1234 2951 1300 adoptare.
2979 1246 3039 1284 ea
3068 1245 3196 1284 vero
3228 1229 3299 1282 ita
3334 1240 3417 1279 tu-

1840 1328 2129 1384 multuario
2178 1341 2341 1394 opere
2387 1339 2709 1394 congerere,
2756 1333 2815 1378 ut
2859 1324 3088 1378 obscura
3124 1331 3327 1382 essent,
3362 1327 3417 1374 et

1839 1420 2068 1494 duplicis
2092 1417 2396 1482 sentcntiae,
2427 1415 2848 1484 persuadebant.
2887 1414 3116 1470 Ultimus
3142 1429 3270 1466 vero
3300 1427 3418 1466 0m-

1841 1515 1987 1568 nium
2018 1511 2254 1581 inclytus
2304 1509 2394 1563 ille
2429 1509 2569 1563 inter
2614 1507 2972 1575 imperatores
3009 1502 3114 1557 Leo
3162 1501 3423 1570 Sapiens,

1840 1621 1962 1663 cum
2013 1620 2180 1662 unum
2215 1619 2282 1668 ex
2332 1601 2589 1658 omnibus
2621 1615 2715 1669 per
2761 1597 3049 1668 quemdam
3096 1595 3415 1651 Sabbatium

1839 1696 2346 1772 protospatharium
2360 1709 2498 1765 opus
2517 1693 2757 1758 fecisset,
2778 1703 2832 1746 et
2854 1705 2976 1760 quae
3001 1690 3120 1742 loco
3143 1689 3418 1742 distabunt
3525 1731 3528 1734 ί

1840 1791 1895 1845 in
1924 1805 2089 1845 unum
2121 1785 2522 1854 coniunxisset,
2560 1784 2773 1852 Digesta
2809 1792 2863 1836 et
2893 1782 3134 1841 codices,
3158 1790 3213 1833 ct
3249 1779 3415 1832 multa

1843 1883 2003 1939 etiam
2038 1897 2102 1936 ex
2137 1878 2425 1943 lnstitutis,
2455 1885 2510 1932 et
2544 1877 2691 1946 ipsas
2726 1873 3017 1930 Justiuiaui
3053 1871 3328 1936 Novellus,
3364 1873 3416 1923 in

1843 1975 1994 2032 libris
2039 1972 2262 2042 quidem
2311 1968 2762 2037 sexaginta,-sex
2816 1975 2998 2022 autem
3048 1963 3419 2019 voluminibus

1843 2073 1964 2135 apte
2009 2062 2354 2132 disponebat,
2395 2073 2552 2114 omne
2601 2057 2742 2126 quod
2787 2056 3122 2111 contrarium
3172 2062 3288 2106 erat
3322 2091 3335 2113 ,
3364 2060 3418 2104 et

1844 2157 2042 2213 nullius
2073 2155 2127 2210 in
2153 2153 2384 2224 negotiis
2415 2167 2570 2216 usus,
2605 2150 2857 2219 rejiciens
2889 2159 2952 2202 et.
2973 2147 3303 2210 subduceris,
3341 2145 3420 2196 id-

1842 2249 1990 2303 circo
2039 2247 2179 2316 quod
2247 2243 2414 2310 multa
2463 2251 2709 2298 veterum
2761 2239 3132 2294 institutorum
3185 2234 3420 2305 posteris

1842 2341 2148 2410 improbata
2184 2339 2301 2393 fore
2323 2335 2432 2390 veri
2466 2351 2570 2389 non
2607 2335 2680 2390 sit
2710 2332 3000 2386 dissimile.
3039 2329 3146 2384 Sed
3179 2338 3234 2383 et
3266 2342 3336 2381 ne
3368 2326 3420 2378 iu

1844 2447 2033 2488 eorum
2068 2447 2186 2500 qum
2218 2429 2420 2485 selecto
2472 2438 2600 2482 sunt
2635 2423 3027 2494 interpretandi
3056 2419 3288 2476 formula
3331 2433 3418 2471 re-

1849 2524 2116 2578 dundaret
2161 2521 2440 2591 quippiam
2490 2527 2585 2572 aut
2620 2527 3080 2584 supervacaneum
3110 2521 3273 2578 esset,
3329 2523 3422 2562 cu-

1847 2631 1960 2670 ram
1993 2616 2294 2684 impendit:
2331 2613 2599 2681 siquidem
2630 2623 2751 2678 que:
2789 2606 3064 2676 sigillatim
3109 2613 3162 2658 et
3190 2603 3420 2671 sparsim

1845 2709 1910 2762 de
1938 2706 2126 2760 eodem
2175 2713 2493 2776 argumento
2538 2702 2675 2755 dicta
2710 2707 2854 2764 sunt,
2904 2698 2958 2751 in
2993 2711 3097 2749 una
3139 2693 3278 2747 tituli
3329 2706 3425 2760 pe-

1845 2799 2032 2854 riocha
2060 2795 2376 2852 collocavit.
2409 2794 2475 2848 Et
2510 2793 2600 2848 hic
2631 2799 2810 2846 autem
2843 2799 3057 2858 centum
3087 2785 3277 2854 viginti
3314 2782 3424 2839 No-

1845 2890 2012 2944 vellas
2039 2887 2460 2944 constitutiones
2491 2885 2640 2939 fecit.
2672 2882 2876 2938 Omnes
2907 2889 3084 2934 autem
3120 2878 3281 2930 hodie
3314 2889 3422 2928 non

1842 2983 2203 3037 observantur
2229 3016 2244 3032 .
2285 2978 2390 3033 Sed
2431 2977 2546 3031 haec
2599 2975 2818 3046 quidem
2845 2973 3126 3038 hucusque
3152 3007 3166 3022 .
3207 2964 3422 3032 _Verum

1844 3082 1898 3128 et
1951 3075 2129 3141 capita
2186 3069 2470 3138 praesentis
2543 3063 2915 3138 Syntagmatis
2964 3062 3123 3132 juxta
3177 3058 3422 3114 ordinem

183 3171 582 3245 διεσπαρμένως
615 3153 744 3246 περὶ
772 3177 866 3230 τοῦ
893 3174 1055 3229 αὐτοῦ
1087 3175 1414 3247 πράγματος
1446 3175 1734 3246 εἰρημένα,

1856 3165 2170 3229 litterarum,
2208 3172 2462 3232 tanquam
2498 3160 2552 3214 in
2603 3159 2800 3224 iudice,
2839 3153 3196 3224 subjiciamus
3249 3163 3427 3219 opor-

188 3265 258 3327 εἰς
292 3267 416 3335 μίαν
455 3268 760 3338 κατέστησε
806 3269 986 3323 τίτλου
1038 3269 1336 3340 περιοχὴν·
1389 3269 1660 3340 πεποίηκε
1687 3271 1744 3325 δὲ

1856 3282 1954 3330 tet.

184 3356 266 3408 καὶ
289 3353 443 3423 οὗτος
463 3359 662 3429 νεαρὰς
693 3359 966 3426 διατάξεις
990 3359 1169 3436 ,εἴκοσι
1198 3361 1346 3431 πρὸς,
1364 3363 1482 3424 ταῖς
1513 3361 1731 3416 ἑκατόν·
1771 3363 1886 3418 ἀλλ’
1915 3363 1975 3417 οὐ
2001 3365 2171 3419 πᾶσαι
2196 3363 2296 3434 τὴν
2315 3364 2554 3434 τήμερον
2591 3360 3010 3428 πολιτεύονται.
3066 3358 3427 3413 Ἀλλὰ-ταῦτα

189 3447 275 3516 μὲν
314 3450 371 3511 ἐς
413 3448 695 3506 τοσοῦτον.
719 3450 827 3505 ,Δεῖ
851 3449 905 3501 δὲ
933 3448 1040 3519 ἄρα
1086 3449 1180 3504 καὶ
1197 3450 1266 3504 τὰ
1297 3451 1574 3521 κεφάλαια
1608 3453 1752 3508 κατά
1789 3457 2052 3528 στοιχεῖον
2111 3454 2206 3508 τοῦ
2282 3457 2551 3528 παρόντος
2609 3455 2992 3526 συντάγματος
3019 3453 3094 3517 ὡς
3149 3454 3208 3506 ἐν
3235 3451 3426 3508 πίνακι

183 3546 349 3614 γραφῇ
376 3544 734 3614 παραδοῦναι.
768 3545 968 3616 (Ζήτει
996 3547 1129 3617 περὶ
1162 3545 1345 3617 νόμων
1369 3547 1464 3600 καὶ
1497 3547 1556 3598 ἐν
1580 3547 1658 3619 τῷ
1685 3549 1746 3602 Ζ’
1775 3565 1902 3618 κεφ.
1927 3547 2022 3603 τοῦ
2043 3550 2091 3605 Ν
2123 3549 2450 3621 στοιχείου).

270 3849 629 3968 ΠΙΝΑΞ
687 3857 917 3946 ΤΩΝ
949 3853 1638 3948 ΚΕΦΑΛΑΙΩΝ.

421 3996 608 4067 Ἀρχὴ
629 3998 750 4053 σὺν
777 3998 902 4066 Θεῷ
941 3999 1049 4054 τοῦ
1093 4003 1140 4055 Α
1170 4004 1498 4068 στοιχείου.

245 4109 380 4179 Περὶ
399 4112 502 4178 τῆς
531 4110 816 4181 όρθοδόξου
851 4112 1107 4175 πίστεως.

246 4205 312 4263 α’,
341 4201 482 4272 Περὶ
509 4201 618 4254 τῶν
648 4202 1043 4274 ἀρνησαμένων
1071 4195 1170 4273 τὴν
1200 4202 1500 4273 ἀμώμητον
1521 4211 1748 4276 ταυτηνὶ

186 4287 282 4341 τῶν
309 4291 670 4360 Χριστιανῶν.
687 4291 890 4358 πίστιν,
917 4293 1010 4347 καὶ
1037 4295 1184 4357 ὅπως
1205 4294 1330 4354 τοὺς
1368 4295 1746 4366 μεταμελομέ-

191 4396 302 4444 νους
347 4383 558 4436 τούτων
584 4384 906 4453 προσίεσθαι
936 4385 1037 4438 δεῖ.

249 4471 311 4541 β’.
347 4474 484 4541 Περὶ
509 4475 824 4546 αἱρετικῶν,
852 4477 946 4529 καὶ
978 4477 1129 4539 ὅπως
1179 4477 1284 4549 χρὴ
1334 4478 1585 4547 δέχεσθαι
1615 4479 1743 4541 τοὺς

187 4563 240 4626 ἐξ
267 4566 379 4636 αίρέ
391 4583 530 4619 σεων
560 4567 1008 4638 ἐπιστρέφοντας.

251 4662 316 4721 γ’.
350 4658 472 4720 Πῶς
495 4658 578 4711 δεῖ
602 4659 703 4722 τὰς
740 4658 1039 4729 λεγομένας
1085 4660 1306 4728 ἀγάπας
1367 4663 1563 4727 ποιεῖν,
1625 4661 1746 4731 ἦτοι

198 4743 476 4814 συμπόσια.

251 4839 312 4895 δ’.
346 4843 482 4914 Περὶ
503 4846 713 4916 ἀγορᾶς
741 4848 835 4901 καὶ
875 4849 1153 4920 πράσεως.
1186 4851 1395 4917 Νόμοι.

254 4930 313 4989 ε’.
332 4935 468 5006 Περὶ
499 4935 972 5011 ἀλογευσαμένων,
999 4943 1116 5013 ἢτοι
1149 4941 1497 5012 ζωοφθόρων.

180 5165 184 5168 ,
257 5122 330 5177 ς’.
362 5119 496 5187 Περὶ
522 5120 911 5188 ἀναγνωστῶν.

255 5206 320 5272 ζ’.
350 5213 480 5281 Περὶ
507 5211 867 5282 ἀναθέματος.

255 5307 323 5367 η’.
353 5304 486 5375 Περὶ
522 5308 880 5376 ἁντιμινσίου.

257 5393 320 5448 θ’.
350 5397 487 5466 Περὶ
513 5398 822 5467 ἀποδημίας
850 5398 1168 5452 ἐπισκόπων
1197 5398 1294 5453 καὶ
1334 5399 1640 5470 ’κληρικῶν.

260 5482 312 5537 ι’.
342 5487 475 5557 Περὶ
503 5486 849 5541 ἀπολυτικῶν
881 5490 1254 5559 γραμμάτων.

264 5580 349 5628 ια’.
385 5575 521 5646 Περὶ
543 5576 650 5630 τῶν
678 5575 1036 5647 ἁρπαζόντων
1075 5577 1393 5632 ἐπισκόπων
1417 5579 1518 5642 τὰς
1561 5579 1635 5651 μὴ
1665 5582 1756 5634 ἀν-

198 5665 422 5732 ηκούσας
445 5669 630 5733 αὐτοῖς
654 5669 1003 5742 Ἐκκλησίας.

263 5754 349 5824 ιβ’.
388 5761 534 5833 ,Περὶ
589 5761 698 5817 τῶν
755 5761 1115 5835 ἁρπαζόντων
1145 5761 1452 5833 λῃστοικῶς
1483 5763 1552 5818 τὰ
1593 5764 1754 5818 ἀλλό-

208 5861 341 5917 τρια,

2195 3864 2517 3958 INDEX
2557 3863 3059 3958 CAPITUM.

2140 3996 2388 4062 Initium,
2426 3997 2632 4065 favente
2663 3995 2793 4062 Deo,
2829 3995 3020 4049 litterae
3057 3993 3124 4048 Α.
3158 3991 3161 3995 ’

1920 4109 1996 4164 De
2031 4108 2133 4162 lide
2160 4107 2486 4162 orthodoxa.

1924 4201 1976 4254 1.
2011 4199 2083 4254 De
2111 4199 2174 4254 iis
2199 4200 2291 4269 qui
2331 4197 2660 4268 iuculpatam
2711 4197 2848 4252 hanc
2892 4196 3324 4251 Christianorum
3364 4195 3428 4250 fi-

1852 4294 1972 4348 dem
2003 4301 2285 4363 negarunt,
2313 4303 2366 4348 et
2395 4284 2684 4363 quomodo.
2718 4292 2809 4349 aui
2849 4305 2913 4344 ex
2945 4291 3010 4344 iis
3047 4291 3422 4359 pmtiitcntiam

1837 4396 2036 4455 .agunt,
2068 4386 2387 4442 admitteudi
2420 4394 2566 4440 sunt.

1917 4479 1972 4532 2.
2012 4478 2087 4532 De
2109 4479 2397 4545 haereticis,
2424 4487 2474 4532 et
2507 4471 2778 4547 quomodo
2831 4475 2922 4544 qui
2958 4490 3024 4529 ex
3073 4471 3260 4526 haeresi
3291 4487 3426 4525 cou-

1777 4571 1826 4628 D
1853 4581 2154 4636 vertuntur,
2198 4571 2516 4626 admittendi
2546 4582 2692 4626 sunt.

1925 4663 1978 4722 5.
2008 4661 2290 4728 Quomodo
2319 4677 2538 4738 agapas,
2569 4676 2691 4731 quae
2725 4671 3010 4723 vocantur,
3049 4674 3144 4712 seu
3175 4658 3422 4712 convivia

1856 4752 2129 4808 celebrare
2160 4753 2370 4809 deceat;

1926 4845 1981 4898 4.
2021 4845 2093 4899 De
2121 4845 2413 4914 emptione,
2445 4859 2508 4900 ac
2539 4845 2869 4900 venditione.

1927 4936 1979 4990 5.
2014 4937 2086 4990 De
2117 4937 2503 4991 irrutioualiter
2533 4937 2953 5004 fornicantibus,
3007 4940 3143 5004 sive,
3178 4936 3267 5006 qui
3305 4953 3425 4990 cum

1858 5027 2032 5080 brutis
2060 5028 2446 5083 commercium
2478 5030 2700 5085 habent.

1931 5119 1984 5174 6.
2021 5121 2094 5174 De
2124 5120 2436 5176 lectoribus.

1932 5212 1982 5268 7.
2019 5215 2091 5267 De
2118 5215 2483 5270 anathemate.

1933 5307 1985 5362 8.
2021 5305 2096 5360 De
2126 5307 2472 5370 antimiusiis,
2494 5322 2586 5361 seu
2621 5306 3076 5374 promensalibus.

1932 5399 1985 5452 9.
2020 5399 2096 5450 De
2129 5398 2564 5467 peregrinatione
2603 5399 2976 5469 episcoporum
3009 5408 3057 5454 et
3090 5399 3432 5456 clericorum.

1936 5490 2021 5544 10.
2059 5489 2130 5544 Dc
2163 5491 2356 5544 litteris
2388 5491 2730 5545 dimissoriis.

1936 5580 2023 5633 ll.
2057 5579 2132 5633 De
2163 5580 2428 5647 episcopis
2456 5579 2544 5649 qui
2582 5577 2844 5633 ecclesias
2874 5577 2942 5632 ad
2973 5591 3032 5633 se
3073 5577 3294 5631 minime
3317 5591 3439 5645 per-
3507 5567 3509 5569 ’

1866 5676 2100 5729 tincnles
2139 5676 2374 5744 rapiunt.

1937 5768 2024 5824 12.
2062 5766 2132 5824 De
2163 5768 2226 5822 iis
2254 5767 2344 5837 qui
2372 5768 2511 5822 bona
2545 5764 2715 5822 aliena
2749 5763 2934 5820 furtim
2964 5765 3292 5835 surripiuut.
