3880 6590
225 350 342 414 Ῑθοό

571 462 754 532 Ἀρχὴ
786 462 891 517 τοῦ
930 465 978 515 Ζ
1026 462 1349 533 στοιχείου.

277 556 335 611 α’.
358 554 481 625 Περὶ
508 556 603 608 τοῦ
631 555 848 621 ζέοντος
871 554 1064 619 ῦδατος
1086 555 1183 609 τοῦ
1222 559 1332 619 τοῖς
1361 557 1526 620 θεξοις
1554 575 1762 628 μυστη-

220 654 333 722 ρίοις
361 650 384 701 ὲ
390 647 592 719 μσαλλο
598 649 781 715 μένου.

275 742 333 811 β’.
364 741 489 812 Περὶ
520 742 841 814 ζωγραφίας
867 742 937 821 διξ
955 741 1148 814 ἡδονῆς
1196 744 1322 808 τὰς,
1350 741 1527 813 ψυχας
1565 742 1763 815 λυμαισ

214 834 438 905 νομένης.
1634 842 1640 847 ’

272 930 331 991 γ’.
369 924 495 993 Περὶ
528 926 852 998 ζωοφθόρων
876 930 995 1000 ἦτοι
1021 929 1392 1000 κτηνοὸατῶν.

580 1062 756 1137 Ἆρχὴ
781 1066 888 1122 τοῦ
930 1070 982 1122 ιι
1018 1066 1370 1137 στοιχείουίξ

270 1188 331 1237 α’.
356 1182 489 1252 Περὶ
520 1184 864 1253 ἡγουμένων.

270 1274 328 1341 β’.
355 1275 485 1345 Περὶ
511 1274 610 1344 τῆς
632 1276 843 1345 ἡλικίας
873 1276 983 1329 τῶν
1034 1276 1526 1348 χειροτονουμένων
1574 1274 1765 1344 κληρι-

210 1369 323 1426 κῶν.

271 1467 326 1530 γ’.
366 1461 501 1532 Περι
524 1458 618 1515 τοῦ
645 1463 742 1532 τῆς
768 1465 981 1534 ἡμέρας
1010 1465 1401 1535 διαστήματος.

599 1599 779 1668 Ἀρχὴ
814 1599 922 1655 τοῦ
945 1602 989 1654 Θ
1034 1602 1359 1670 στοιχείου.

267 1719 330 1767 α’.
363 1713 497 1783 Περὶ
516 1712 760 1783 θεάτρων
796 1714 888 1767 καὶ
931 1715 1238 1785 θυμελικῶν
1299 1709 1574 1785 διαφόρων
1635 1732 1766 1768 παι-

208 1807 366 1869 γνίων.

270 1898 320 1972 β’.
352 1901 488 1972 Περὶ
523 1900 799 1971 θεολογίας
823 1900 917 1955 καὶ
937 1901 1221 1972 ὀρθοδόξου
1258 1906 1515 1965 πίστεως.

270 1998 328 2059 γ’.
355 1992 492 2061 Περὶ⁵
522 1992 631 2045 τῶν
655 1993 825 2061 ἁγίων
853 1993 1219 2062 Θεοφινείων.

267 2081 323 2137 δ’.
379 2084 521 2155 Περὶ
571 2083 683 2137 τῶν
747 2085 1109 2156 θυσιαστήρια
1175 2087 1443 2141 ἱστάντων
1493 2085 1769 2156 κληρικῶν

210 2176 339 2243 παρὰ
365 2174 594 2245 γνώμην
623 2174 730 2228 τῶν
764 2175 983 2229 οἰκείων
1016 2179 1356 2231 ἐπισκόπων.

265 2265 323 2319 ε’.
360 2267 491 2319 Ὀτι
521 2269 602 2330 είς
632 2272 691 2319 τὺ
714 2267 868 2336 ἆγιον
891 2267 1279 2338 θυσιαστήριον
1309 2270 1625 2341 ἱερωμένοις
1678 2274 1772 2343 μό-

207 2379 302 2425 νοις
336 2361 645 2416 ἐπιϐαίνειν
676 2363 916 2430 ἀσφαλές
948 2378 962 2393 ’
990 2362 1333 2432 εἰσέρχονται
1376 2365 1433 2418 δὲ
1464 2369 1559 2418 καὶ
1614 2366 1771 2437 βασιο

207 2455 323 2520 λεῖς,
352 2456 444 2509 ὅτε
472 2455 551 2511 ,τὰ
582 2455 731 2526 δῶρα
759 2458 825 2526 τῇ
862 2455 982 2525 θείᾳ.
1005 2455 1258 2528 τραπέζῃ
1289 2457 1598 2527 προσοίσειν
1647 2457 1773 2527 μέλ-

207 2546 338 2600 λουσι
371 2563 385 2576 ’
416 2547 627 2611 λαῖκοῖς
661 2548 716 2600 δὲ
748 2547 779 2618 ἢ
805 2548 1055 2616 γυναιξὶν
1083 2550 1312 2602 εἰσιέναι
1344 2550 1662 2620 ἀπείρηται.

628 2686 800 2757 Ἀρχὴ
828 2687 933 2741 τοῦ
963 2689 997 2745 Ι
1022 2690 1346 2757 στοιχείου.

266 2810 330 2856 α’.
368 2803 511 2870 Περὶ
542 2798 704 2871 ἱερῶν
738 2799 949 2853 σκευῶν
977 2799 1073 2854 καὶ
1106 2799 1432 2870 ἱεροσυλίας.

268 2894 327 2964 β’.
363 2897 494 2949 Ὀτι
522 2895 584 2947 οὐ
611 2895 693 2946 δεῖ
713 2894 858 2947 ἔνδον
883 2894 993 2946 τῶν
1026 2892 1122 2947 τοῦ
1157 2894 1303 2961 ἱεροῦ
1345 2894 1646 2965 περιϐόλων
1677 2893 1773 2957 τας

204 2988 492 3058 λεγομένας
531 2988 749 3056 ἀγάπας
795 2990 1004 3053 ποιεῖν,
1059 2986 1093 3059 ἢ
1142 2989 1414 3056 καπηλεῖα
1443 2984 1605 3049 εἶναι,
1658 2989 1693 3059 ἦ
1722 3005 1775 3041 τι

205 3082 314 3134 κατ’
334 3081 611 3151 ἐμπορίαν
642 3079 979 3151 προτιθέναι,
1019 3080 1053 3148 ἢ
1088 3080 1280 3148 κτῆνος
1312 3080 1478 3149 χωρὶς
1519 3079 1770 3149 ἀνάγκης

204 3171 453 3239 εἰσάγειν,
489 3171 523 3241 ἡ
553 3187 674 3223 τινα
703 3168 840 3240 μετὰ
863 3169 1120 3237 γυναικὸς
1147 3168 1497 3238 καταμένειν.

269 3362 330 3424 γ’.
358 3357 495 3425 Περὶ
521 3356 623 3425 τῆς
655 3355 806 3419 θείας
852 3354 1188 3426 ἱερουργίας.

268 3447 318 3502 δ’.
356 3449 497 3518 Περὶ
539 3449 830 3513 Ἰουδαίων,
862 3448 953 3500 καὶ
980 3449 1062 3501 ὅτι
1099 3444 1217 3516 μετ’
1272 3446 1455 3499 αὐτῶν
1493 3444 1780 3497 κοινωνίαν

205 3539 325 3605 ὅλως
355 3543 503 3611 ἔχειν
529 3541 592 3593 οὐ
622 3540 705 3592 δεῖ
725 3541 852 3603 τοὺς
884 3540 1134 3602 πιστούς.

623 3676 799 3746 Ἀρχὴ
819 3678 929 3730 τοῦ
958 3680 1010 3730 Κ
1027 3674 1358 3743 στοιχείου.

266 3802 335 3849 α’.
359 3794 498 3865 Περὶ
524 3793 633 3847 τῶν
660 3790 1100 3861 καθαιρεθέντων
1158 3791 1261 3860 ἢδη
1317 3789 1636 3842 ἐπισκόπων
1684 3788 1782 3839 καὶ

208 3887 497 3957 κὶηρικῶν,
531 3884 625 3938 καὶ
662 3884 767 3936 ὑπὸ
805 3886 990 3936 πόσων
1032 3882 1349 3935 ἐπισκόπων
1368 3878 1780 3950 καθαιροῦνται.

269 3982 331 4048 β.
362 3979 495 4048 Περὶ
550 3977 660 4029 τῶν
711 3974 1102 4044 καινιζομένων
1146 3976 1208 4025 ἐκ
1262 3972 1524 4040 βασιλέων
1580 3971 1782 4038 ἐκκλη-

211 4071 388 4142 σιῶνῆ
415 4071 648 4124 πόλεων.

270 4163 336 4229 γ’.
366 4163 504 4233 Περὶ
536 4160 920 4229 καινοτομιῶν.

271 4253 330 4310 δ’.
363 4256 433 4307 lla
446 4255 501 4324 ρὶ
529 4254 845 4316 Καλανδῶν,
879 4253 971 4307 καὶ
1010 4250 1406 4321 κληδονισμιῖιν.

272 4348 334 4401 ε’.
365 4348 501 4417 Περὶ
564 4347 808 4399 κανόνων
856 4343 1353 4413 ἐκκλησιαστικὼν,
1416 4342 1508 4394 καὶ
1561 4342 1784 4403 πὸςους,

210 4440 298 4491 καὶ
329 4440 508 4501 ποίους
539 4440 618 4490 δεῖ
648 4439 880 4498 κανόνας
914 4440 1162 4506 κρατεῖν.

280 4528 346 4597 ς’.
384 4533 452 4583 [ιε
465 4532 517 4599 ρὶ
544 4529 852 4583 κανονικοῦ.

276 4619 341 4683 ζ’.
383 4623 507 4673 Ὀτι
561 4624 641 4684 είς
678 4620 974 4690 καπηλεῖον
1027 4620 1086 4671 οὐ
1131 4618 1214 4672 δεῖ
1254 4618 1346 4671 τὸν
1380 4617 1641 4687 κληρικὸν
1670 4620 1785 4670 εἰσ-

213 4712 365 4766 ιέναι.

278 4803 345 4872 η’.
379 4806 513 4874 Περὶ
540 4804 919 4876 καρποφορίας
946 4804 1046 4872 τῆς
1080 4805 1159 4866 εἰς
1179 4803 1306 4865 τοὺς
1331 4803 1511 4867 θείους
1530 4804 1715 4868 ναούς.

281 4900 343 4951 θ’.
366 4900 502 4969 Περὶ
542 4899 878 4967 κατηγορίας
901 4898 1214 4949 ἐπισκόπων
1240 4900 1334 4949 καὶ
1361 4898 1661 4966 κληρικῶν,
1696 4901 1789 4952 καὶ

212 4988 349 5052 τίνες
377 4993 453 5055 είς
490 4992 830 5060 κατηγορίαν
855 4989 1083 5052 δεκτέοι,
1114 4990 1205 5040 καὶ
1239 4990 1386 5051 τίνες
1419 4989 1656 5044 ἄδεκτοι.

288 5164 337 5219 ι’.
368 5169 500 5239 Περὶ
530 5187 771 5239 κατηχου
780 5170 981 5238 μένων.

290 5257 372 5313 ια’.
402 5262 563 5325 Τίνας
587 5262 670 5314 δεῖ
708 5263 1066 5332 κληρονομεῖν
1088 5263 1156 5315 τὰ
1191 5262 1295 5315 ἴδια
1328 5262 1420 5316 τοῦ
1465 5267 1786 5319 επισκόπου.

294 5440 373 5509 ιβ’,
400 5444 534 5512 Περὶ
590 5443 959 5513 κληρονομίας
976 5444 1069 5497 καὶ
1091 5444 1426 5516 ἀποκλήρων
1466 5444 1668 5516 υξῶνκῆ
1699 5462 1791 5513 γο-

219 5531 369 5590 νέων.

299 5623 376 5692 ιγ’.
401 5628 524 5681 ’Ότι
555 5626 892 5697 κληροῦσθαι
920 5625 1001 5679 δεῖ
1038 5626 1132 5680 καὶ
1159 5628 1286 5690 τοὺς
1348 5628 1423 5698 μὴ
1480 5630 1790 5699 καταγομέ-

221 5728 340 5778 νους
369 5719 430 5771 ἐκ
470 5719 664 5788 γένους
695 5716 999 5789 ἱερατικοῦ,
1020 5718 1068 5770 εί
1098 5716 1238 5783 ἄξιοι
1263 5714 1395 5773 εἷεν.

1479 344 1721 413 INDEX
1754 347 2113 416 CAPITUM.

1790 479 1837 531 Α

3311 353 3447 416 1006

2385 470 2605 524 Initium
2645 469 2834 525 littera.
2865 469 2928 525 Ζ.
3426 450 3429 453 Ἴ

1941 565 1990 617 l.
2052 562 2124 617 De
2155 561 2399 617 fervente
2429 578 2568 633 aqua
2608 562 2784 618 sacris
2816 561 3091 633 mysteriis
3126 561 3443 631 injicienda.

1936 741 1991 796 2.
2025 741 2096 796 De
2151 742 2381 810 picturis
2414 755 2509 810 per
2559 740 2893 810 voluptatem
2941 739 3176 794 animam
3201 754 3451 795 corrum-

1868 833 2140 903 pentibus.

1938 927 1995 980 5.
2033 926 2107 981 De
2160 926 2224 980 iis
2263 926 2356 997 qui
2407 941 2530 980 cum
2582 926 2770 981 bestiis
2809 939 2923 980 rem
2967 923 3295 980 habuerunt.

2371 1058 2613 1132 Initium.
2655 1063 2850 1117 littera:
2880 1066 2949 1118 ll.

1943 1179 1994 1235 1.
2028 1178 2102 1235 De
2133 1178 2422 1249 praefectis.

1938 1271 1993 1324 ‘2.
2029 1271 2101 1327 De
2130 1288 2315 1327 eormn
2356 1282 2536 1337 aetate,
2576 1274 2667 1342 qui
2713 1273 2898 1328 clerici
2957 1279 3083 1325 sunt
3140 1264 3447 1325 ordinandi.

1943 1456 1994 1510 3.
2031 1455 2105 1510 De
2133 1454 2235 1510 dici
2269 1452 2464 1524 spatio.

2382 1592 2609 1671 Initium
2658 1594 2853 1649 littera:
2888 1595 2931 1648 Θ

1946 1713 1996 1766 l.
2041 1711 2113 1766 De
2144 1711 2375 1766 theatris
2409 1720 2464 1766 et
2495 1711 2726 1766 diversis
2750 1711 2983 1768 scenicis
3016 1712 3173 1769 ludis.

1947 1893 2002 1947 9..
2038 1890 2110 1946 De
2143 1892 2412 1962 theologia
2448 1900 2503 1946 et
2533 1889 2840 1944 orthodoxa
2869 1888 2996 1945 lide.

1944 1987 1997 2037 5.
2044 1985 2118 2039 De
2148 1985 2358 2038 sanctis
2377 1983 2767 2053 TlteOpbaniis.

1947 2078 2003 2132 4.
2040 2072 2113 2131 De
2141 2076 2380 2141 clericis,
2426 2075 2518 2147 qui
2569 2088 2765 2146 prater
2794 2091 3017 2133 suorum
3074 2076 3456 2147 episcoporum

1875 2170 2196 2224 sententiam
2226 2169 2417 2224 altaria
2447 2179 2710 2227 statuunt.

1945 2257 1997 2311 5.
2036 2254 2189 2323 Quod
2217 2260 2282 2313 ad
2311 2275 2530 2314 sacrum
2555 2261 2728 2317 altare
2751 2261 2982 2316 sacratis
3004 2260 3135 2315 solis
3158 2262 3458 2315 ascendere

1877 2352 2209 2421 permittitur
2234 2369 2250 2420 ;
2285 2354 2662 2424 ingrediuntur
2682 2370 2807 2410 vero
2831 2356 3213 2424 imperatores.
3236 2357 3456 2424 quando

1876 2446 1942 2498 ad
1965 2458 2174 2500 sacram
2230 2462 2476 2501 mensam
2507 2449 2645 2503 dona
2696 2448 2932 2502 oblaturi
2965 2460 3129 2514 sunt;
3163 2448 3319 2503 laicis
3359 2462 3457 2503 au-

1879 2546 2009 2603 tem,
2040 2537 2125 2592 vel
2173 2538 2494 2596 mulieribus
2527 2541 2738 2612 ingredi
2769 2540 3110 2613 prohibetur.

2392 2678 2613 2734 Initium
2682 2681 2872 2735 littera:
2907 2679 2939 2733 Ι

1954 2780 2006 2855 ί.
2037 2796 2115 2852 De
2153 2798 2324 2853 sacris
2353 2799 2498 2854 vasis
2521 2808 2573 2854 et
2603 2800 2910 2872 sacrilegio.

1951 2887 2004 2942 2.
2040 2890 2196 2956 Quod
2221 2906 2325 2944 non
2347 2902 2561 2962 oportet
2598 2894 2738 2947 intra
2773 2895 2956 2965 templi
2987 2897 3225 2950 ambitus
3258 2911 3460 2967 agapas

1880 2983 2057 3038 dictas
2100 2983 2396 3050 celebrare,
2437 2985 2520 3039 vel
2548 3001 2827 3058 cauponas
2854 3004 2999 3054 esse,
3040 2990 3126 3045 vel
3160 2990 3363 3058 aliquid
3394 2990 3462 3044 ad

1883 3084 2244 3130 mercaturam
2288 3093 2582 3147 exponere,
2624 3080 2704 3134 vel
2751 3080 3057 3149 jnmeutum
3113 3084 3320 3150 alisque
3369 3096 3467 3135 ne-

1806 3185 1848 3240 c
1880 3167 2138 3222 cessitate
2168 3168 2534 3237 introducere,
2572 3172 2656 3227 vel
2699 3173 2935 3244 aliquem
2968 3189 3090 3228 cum
3128 3175 3354 3229 muliere
3380 3189 3464 3230 re-

1887 3276 2127 3315 manere.

1954 3352 2009 3406 5.
2043 3351 2116 3406 De
2145 3367 2305 3406 sacro
2335 3354 2659 3409 ministerio.

1954 3445 2008 3497 4.
2058 3445 2131 3499 De
2159 3444 2385 3511 Jutlzeis,
2419 3456 2475 3502 et
2511 3449 2653 3518 quod
2700 3463 2805 3503 non
2859 3460 3076 3519 Oportet
3127 3450 3311 3506 ﬁdeles
3343 3467 3465 3507 cum

1884 3537 1954 3593 iis
1983 3538 2205 3591 omnino
2233 3540 2678 3597 communionem
2719 3541 2940 3597 habere.

2386 3674 2616 3731 Initium
2677 3678 2872 3731 littera:
2901 3681 2969 3733 It’.

1961 3789 2014 3843 Ι.
2045 3787 2120 3842 De
2156 3789 2417 3857 depositis
2478 3791 2748 3859 episcopis
2793 3803 2848 3845 et
2879 3791 3116 3859 clericis,
3173 3804 3229 3847 et
3276 3809 3307 3847 a
3339 3804 3472 3861 quot

1885 3879 2160 3947 episcopis
2190 3881 2561 3946 deponuntur.

1954 3968 2006 4022 2.
2054 3969 2126 4023 De
2150 3971 2396 4025 ecclesiis
2421 3971 2501 4025 vel
2534 3970 2761 4026 urbibus
2805 3974 2871 4026 ab
2926 3974 3356 4043 imperatoribus
3400 3979 3471 4031 de

1888 4075 2029 4114 novo
2057 4064 2374 4116 exstructis.

1957 4154 2011 4207 5.
2055 4153 2131 4208 De
2162 4155 2621 4213 innovationibus.

1957 4245 2010 4299 4.
2050 4245 2124 4299 De
2152 4247 2411 4303 Kalendis
2437 4261 2493 4303 et.
2523 4252 2967 4327 divinationibus.

1959 4338 2011 4391 5.
2051 4337 2124 4392 De
2148 4343 2448 4397 canonibus
2495 4346 2906 4413 ecclesiasticis,
2935 4360 2991 4404 et
3047 4359 3179 4420 quot
3231 4366 3469 4407 canones

1898 4432 2081 4485 valere
2107 4445 2342 4502 oportet.

1961 4527 2013 4579 6.
2058 4526 2133 4579 De
2160 4529 2448 4585 canonico.

1962 4617 2019 4671 7.
2071 4618 2226 4682 Quod
2293 4619 2553 4675 clericum
2596 4622 2649 4676 in
2711 4640 3011 4694 cauponam
3084 4626 3292 4694 ingredi
3363 4644 3469 4683 non

1891 4710 2069 4764 decet.

1960 4804 2012 4857 8.
2058 4803 2130 4858 De
2162 4804 2426 4859 fructibus
2458 4806 2510 4860 in
2552 4806 2733 4860 divina
2770 4809 2969 4878 templa
3008 4809 3321 4864 ollerendis.

1963 4896 2017 4948 9.
2074 4894 2147 4948 De
2192 4898 2568 4966 episcoporum
2608 4909 2663 4952 et
2701 4900 3023 4954 clericorum
3084 4903 3471 4971 accusatione;

1893 4998 1947 5041 et
1981 4989 2200 5056 quinam
2233 4990 2298 5043 ad
2362 4996 2764 5048 accusationem
2826 4996 3145 5050 admittendi
3212 5008 3362 5065 sunt,
3416 5010 3474 5053 et.

1893 5082 2117 5148 quinam
2150 5097 2255 5134 non
2291 5084 2635 5137 admittendi.

1969 5175 2056 5227 10.
2090 5173 2162 5228 De
2190 5178 2615 5231 cateeltumenis.

1966 5263 2054 5316 ll.
2104 5263 2332 5329 Quinam
2401 5265 2604 5321 debent
2655 5282 2834 5323 rerum
2897 5274 3135 5341 episcopi
3226 5276 3474 5332 bwredes

1893 5356 2173 5409 constitui.

1967 5445 2054 5499 ιε.
2092 5446 2166 5501 De
2195 5447 2530 5513 haereditate,
2577 5460 2631 5505 et
2667 5451 3046 5512 exltaeredibus
3081 5461 3204 5512 liliis
3240 5473 3331 5511 :tttt
3379 5477 3473 5526 pa-

1896 5540 2162 5592 rentibus.

1968 5630 2056 5683 15.
2092 5632 2246 5695 Quod
2281 5631 2335 5685 in
2396 5632 2598 5689 clerum
2641 5638 2885 5694 ordinari
2940 5642 3153 5709 oportet
3214 5658 3329 5703 eos.
3381 5646 3476 5712 qui

1895 5724 2063 5775 etiam
2096 5725 2162 5777 ad
2193 5738 2363 5794 genus
2396 5726 2738 5783 sacerdotale
2769 5745 2875 5785 non
2910 5732 3247 5797 referuntur,
3289 5735 3336 5787 si
3391 5735 3477 5789 di-

1901 5829 1990 5873 aut
2028 5826 2159 5868 Sllll.
