3880 6604
234 489 359 553 1017

1196 497 1606 559 SYNTAGMA
1648 499 2269 563 ALPHABETICUM.
2311 525 2383 537 ·-·
2421 500 2489 563 Α.

3344 496 3488 564 ιοιε

225 601 330 657 οἷόν
353 621 413 657 τε
447 603 512 657 τό
533 619 602 672 γε
637 607 728 669 εἰς
767 605 915 676 ἡμᾶς
966 600 1102 678 ἧκον
1129 610 1337 673 ταύτας
1381 612 1690 682 ἐπιτεμεῖν,
1738 612 1789 663 dt

1924 611 2117 676 fuerit,
2147 618 2449 681 eademque
2481 617 2774 680 praeterea,
2809 618 3073 679 quantum
3106 610 3172 663 in-
3195 613 3352 668 nobis
3382 622 3507 677 est,

225 697 288 751 ἂν
316 695 517 767 ῥᾳδίως
548 697 813 752 ἐντεῦθεν
849 699 1239 769 οἱανδηποτοῦν
1286 701 1545 755 ὑπόθεσιν
1571 705 1683 766 τοῖς
1711 701 1809 773 ζη-

225 790 399 842 τοῦσιν
426 789 720 859 εὑρίσκειν
763 791 1008 863 ὑπάρξῃ,
1059 793 1173 846 δεῖν
1217 792 1480 865 ᾠήθημεν
1516 796 1608 848 καὶ
1634 795 1807 858 οὓτως

221 882 319 949 ἄρα
373 882 746 952 προθέμενοι,
778 885 907 946 τοὺς
943 884 1043 953 τὴν
1093 885 1265 956 ὀρθὴν
1288 885 1473 940 πίστιν
1513 887 1806 957 όρθοῦντας

222 972 616 1038 θεοπνεύστους
677 975 910 1039 κανόνας
947 978 1234 1047 τεταχέναι
1294 979 1620 1048 προτέρους.
1678 980 1803 1044 Τοῖς

218 1066 318 1131 γὰρ
354 1064 448 1117 ἐπὶ
473 1063 556 1133 τῷ
595 1065 840 1137 θεμελίῳ
865 1068 1075 1137 ταύτης
1102 1069 1362 1139 ἀσφαλῶς
1398 1070 1708 1141 ἱδρυμένοις
1746 1074 1803 1124 ἐν

219 1154 361 1224 καλῷ
392 1155 654 1209 κείσεται
688 1158 763 1229 μὴ
790 1159 848 1211 ὲν
890 1159 1156 1230 παρέργῳ
1205 1161 1301 1215 καὶ
1329 1161 1397 1214 τὰ
1442 1160 1552 1215 τῶν
1600 1161 1804 1215 λοιπῶν

215 1247 443 1299 ἐκθεῖναι
494 1249 787 1301 κανόνωνο
826 1250 876 1303 οἱ
901 1249 960 1303 δὲ
983 1250 1082 1318 τῆς
1112 1251 1350 1321 ἀληθοῦς
1376 1250 1803 1324 ὴλλοτριωμένοι

220 1338 471 1404 πίστεως,
520 1339 627 1391 καὶ
679 1339 771 1394 τὸν
801 1340 1076 1412 θησαυρὸν
1100 1342 1211 1397 τῶν
1238 1342 1417 1412 ὀρθῶν
1447 1344 1804 1412 σεσυλημένοι

214 1430 519 1496 δογμάτων,
575 1430 743 1484 ποίαν
785 1431 896 1485 τῶν
947 1432 1110 1505 ἱερῶν
1167 1434 1409 1488 κανόνων
1464 1436 1805 1505 ἐπιστροφὴν

217 1523 384 1586 σχοῖεν
407 1521 512 1586 iv;
549 1521 748 1593 Ταύτῃ
779 1540 862 1577 τοι
917 1525 1013 1578 καὶ
1058 1525 1129 1579 τὰ
1165 1525 1327 1593 φύσει
1378 1526 1653 1597 πρότερα,
1703 1526 1804 1581 οὐκ

214 1614 370 1682 ἐχρῆν
399 1613 511 1665 τῶν
536 1613 769 1685 ἀριθμῷ
817 1617 912 1669 καὶ
936 1616 1089 1682 τάξει
1145 1616 1307 1671 τοῦτο
1359 1617 1802 1688 κληρωσαμένων

216 1702 487 1772 στοιχείων
517 1703 758 1776 δεύτερα
813 1705 1007 1763 θεῖναι.
1032 1704 1161 1763 Οἴον
1211 1708 1319 1778 ἄρα
1368 1708 1464 1761 καὶ
1513 1708 1624 1770 τοῖς
1653 1708 1800 1774 ζωῆς

217 1794 605 1865 μεταλαχοῦσι,
624 1799 837 1869 τροφὴν
857 1799 1183 1867 προσίεσθαι
1206 1802 1235 1853 ό
1252 1801 1349 1870 τῆς
1372 1799 1588 1868 φύσεως
1616 1798 1800 1852 δίδωσι

214 1885 405 1954 νόμος*
459 1888 563 1940 καὶ
603 1888 819 1959 ταύτην
869 1890 1042 1959 δήπου
1103 1890 1179 1960 μὴ
1230 1891 1649 1960 προσιεμένους,
1705 1890 1798 1941 ἐπὶ

1913 701 1969 755 ἱιι
2017 700 2401 771 compendium
2448 698 2728 769 redigere,
2770 714 2880 769 quo
2924 701 3290 770 quodcunque
3334 716 3499 773 argu-

1914 801 2162 847 mentum
2193 790 2564 861 qnmrentibus
2594 791 2843 847 invenire
2877 791 3094 847 facilius
3123 793 3216 858 sit,
3247 809 3503 849 necessa-

1908 881 2050 934 rium
2086 880 2362 945 duximus,
2395 890 2449 934 et
2484 880 2562 934 sie
2597 879 2759 950 igitur
2789 881 2931 950 apud
2960 897 3060 937 nos
3089 883 3497 948 constituimus,

1916 971 2182 1025 divinitus
2212 969 2509 1039 inspiratos
2531 1011 2544 1032 ,
2575 970 2664 1039 qui
2701 960 2905 1024 rectam
2943 972 3100 1025 Iidem
3135 974 3459 1027 confirmant
3482 1012 3501 1034 .

1910 1062 2081 1132 priori
2112 1062 2168 1116 in
2198 1062 2317 1116 loco
2343 1062 2615 1117 collocare
2642 1077 2903 1117 canones.
2932 1063 3003 1119 lis
3031 1068 3176 1118 enim
3204 1067 3298 1135 qui
3327 1082 3495 1136 super

1905 1151 2051 1209 illius
2082 1152 2438 1207 fundamento
2460 1152 2690 1208 ﬁrmiter
2719 1155 2940 1209 stabiliti
2973 1165 3121 1219 sunt,
3147 1158 3509 1212 commodum

1906 1243 2186 1299 videbitur
2223 1259 2332 1299 non
2379 1260 2884 1314 supervacaneum,
2931 1257 2992 1303 ιιι
3034 1247 3230 1317 reliqui
3275 1263 3495 1318 quoque

1911 1351 2149 1392 canones
2201 1345 2566 1406 exponuntur.
2600 1335 2640 1391 li
2671 1353 2801 1393 vero
2832 1339 2922 1408 qui
2954 1355 2983 1392 a
3017 1349 3163 1394 recta
3228 1340 3334 1396 ﬁde
3363 1341 3505 1397 alie-

1904 1432 2019 1486 nati
2058 1439 2207 1495 sunt,
2248 1440 2303 1486 et
2349 1443 2625 1486 rectorum
2670 1431 2981 1502 dogmatum
3050 1435 3325 1489 thesauro
3369 1451 3499 1504 spo-

1905 1523 2045 1588 liati,
2079 1523 2295 1593 qualem
2340 1539 2622 1578 sacrorum
2665 1540 2937 1579 canonum
2980 1541 3167 1579 curam
3208 1527 3493 1583 habeant?

1905 1615 2170 1682 Quocirca
2207 1623 2267 1670 ut
2302 1630 2424 1686 qua:
2460 1631 2652 1670 natura
2687 1624 2817 1671 sunt
2866 1616 3045 1686 priora
3068 1657 3082 1678 .
3118 1628 3240 1684 post
3273 1636 3336 1673 ea
3369 1636 3491 1690 qua:

1901 1718 2133 1762 numero
2164 1719 2229 1759 ac
2251 1704 2443 1760 ordine
2462 1704 2765 1761 litterarum
2788 1705 2933 1761 istud
2952 1707 3145 1762 sortita
3179 1718 3307 1764 sunt
3327 1712 3494 1765 collo-

1902 1805 2120 1861 centur,
2166 1810 2515 1867 nequaquam
2558 1812 2786 1852 necesse
2832 1808 2972 1853 erat.
3016 1797 3488 1865 Quemadmodum

1902 1881 2160 1937 nimirum
2191 1881 2256 1938 iis
2288 1884 2475 1950 etiam,
2510 1885 2600 1955 qui
2633 1887 2741 1941 vita
2774 1886 3055 1952 fruuntur,
3095 1892 3489 1948 nutrimentum

215 1978 457 2034 πλεῖστον
492 1981 669 2048 ἴσμεν
702 1953 851 2035 ἐστιν
877 1953 971 2047 od;
1000 1953 1115 2037 τῶν
1137 1953 1297 2036 θείων
1331 1953 1545 2044 ἀνδρῶν
1572 1982 1789 2050 διαρκέ-

1902 1970 2214 2029 desiderare
2267 1974 2349 2029 lex
2409 1953 2675 2031 naturalis
2729 1978 3041 2034 indidit:ct
3082 1981 3226 2037 istud
3268 1984 3487 2051 quidem

221 2088 444 2136 σαντας*
478 2077 606 2138 τοῖς
653 2075 714 2129 δέ
742 2093 806 2145 γε
836 2078 898 2129 τὸ
934 2079 1036 2149 ζῇν
1090 2077 1473 2149 ἀφῃρημένοις
1527 2076 1799 2147 παρέλκον

220 2160 364 2233 οἶμαι
392 2167 486 2221 καὶ
516 2169 785 2235 περιττὸν
825 2170 896 2224 τά
928 2186 993 2238 γε
1027 2171 1163 2241 πρὸς
1193 2169 1380 2241 δνησιν
1407 2172 1440 2241 ἠ
1472 2170 1669 2242 τροφὴ,
1699 2170 1800 2238 τῆς

213 2254 501 2325 όρεκτικῆς
555 2260 661 2313 καὶ
697 2260 1111 2332 μεταληπτικῗκ
1161 2262 1448 2333 οἰχομένης
1494 2262 1796 2331 δυνάμεωςο

216 2347 381 2410 ἄλλως
424 2365 489 2402 τε
520 2351 624 2404 καὶ
655 2352 840 2405 πίστει
865 2353 964 2423 μὲν
993 2353 1264 2416 σωθέντας
1284 2356 1458 2417 ένίους
1495 2353 1641 2407 ἔστιν
1664 2355 1797 2407 ὅπου

215 2438 359 2506 λόγος
407 2442 585 2513 αἱρεῖ,
625 2444 723 2498 καὶ
754 2447 813 2505 ai
846 2445 979 2511 τῶν,
1010 2448 1354 2518 πραγμάτων
1395 2447 1627 2518 ἱστορίαι
1655 2447 1800 2501 διδά-

218 2549 455 2587 σκουσιν*
516 2535 706 2604 ἔργων
736 2554 799 2605 γε
850 2538 978 2608 μὴν,
1009 2538 1246 2601 πίστεως
1296 2539 1373 2611 μὴ
1402 2539 1794 2609 προηγησαμέ-

215 2637 324 2692 νης,
348 2624 613 2679 τοσοῦτον
638 2627 691 2682 oi
729 2628 1010 2697 μετιόντες
1062 2627 1369 2693 ἀπώναντο,
1404 2629 1599 2682 ὁπόσον
1623 2628 1719 2683 καὶ
1746 2627 1796 2679 οἱ

217 2715 306 2778 τὰς
325 2715 478 2788 ὄψεις
505 2720 922 2791 ἐκκεκομμέναι
948 2720 1040 2774 τοῦ
1068 2721 1301 2792 ἡλιακοῦ
1339 2722 1492 2775 τοῦδε
1526 2721 1722 2791 φωτός.

283 2978 391 3051 Τῆς
437 2984 539 3053 μὲν
592 2984 693 3039 οὖν
731 2985 895 3054 ἁγίας
947 2988 1043 3041 καὶ
1087 2987 1491 3058 ’δίκουμενικῆς
1533 2990 1792 3059 δευτέρας

223 3073 426 3127 συνόδου
462 3077 631 3139 εὐθὺς
654 3079 683 3131 ό
716 3079 935 3151 πρῶτος
1003 3081 1182 3134 κανὼν
1216 3082 1385 3152 μόνην
1409 3078 1547 3137 εἶναι
1598 3083 1794 3154 κυρίαν

220 3165 386 3219 πίστιν
442 3170 720 3239 ἐνόμισεν,
753 3173 819 3242 ἣν
841 3171 893 3223 al
937 3174 995 3225 ὲν
1036 3172 1240 3243 Νικαίᾳ
1289 3174 1615 3243 τριακιόσιοι
1660 3173 1794 3227 δέκα

1899 2078 2009 2125 non
2042 2062 2414 2122 desiderantes
2450 2068 2743 2123 nonnullos
2780 2068 3031 2124 novimus
3060 2088 3090 2125 e
3121 2072 3319 2128 divinis
3352 2074 3488 2127 viris

1900 2157 1992 2225 qui
2012 2155 2105 2211 diu
2130 2157 2498 2228 perdurarnnt
2518 2176 2533 2213 :
2555 2158 2661 2214 vita
2679 2175 2809 2215 vero
2828 2159 3028 2216 functis
3048 2165 3405 2233 superﬂuum,
3426 2176 3487 2220 ut

1899 2247 2114 2315 opinor,
2148 2257 2203 2302 et
2234 2264 2701 2320 supervacaneum
2734 2260 2818 2307 est
2849 2253 3249 2308 nutrimentum
3298 2256 3370 2310 ob
3405 2256 3486 2310 ul-

1900 2340 2154 2395 teriorem
2180 2340 2416 2410 aliquam
2464 2343 2662 2397 exinde
2713 2343 3119 2416 percipiendam
3169 2347 3482 2413 utilitatem,

1896 2433 2191 2502 appetitiva
2224 2443 2279 2489 et
2314 2435 2693 2505 participativa
2729 2444 2975 2491 cessante
3008 2436 3306 2504 facilitate},
3343 2446 3483 2509 praf-

1898 2523 2054 2593 cipue
2081 2541 2205 2579 cum
2233 2525 2335 2580 ﬁde
2359 2526 2579 2595 quidem
2605 2537 2851 2581 servatos
2875 2528 3166 2584 nonnullos
3189 2542 3310 2583 esse
3338 2528 3482 2585 fama

1898 2613 2097 2670 alicubi
2125 2616 2348 2681 referat,
2373 2624 2427 2671 et
2452 2630 2635 2671 rerum
2662 2618 2905 2673 historia:
2936 2619 3152 2675 tradant
3179 2639 3192 2673 :
3220 2621 3327 2675 ﬁde
3351 2637 3481 2677 vero

1896 2707 2156 2778 operibus
2188 2726 2295 2764 non
2327 2711 2605 2781 praemissa
2627 2750 2644 2777 ,
2682 2721 2893 2767 tantum
2927 2714 3017 2783 qui
3051 2715 3106 2768 in
3144 2715 3296 2770 hisce
3326 2730 3484 2771 exer-

1897 2809 2112 2866 centur,
2142 2801 2456 2871 percipiunt
2485 2799 2748 2868 fructum,
2776 2814 3040 2874 quantum
3072 2806 3246 2861 oculis
3274 2808 3416 2876 capti
3449 2822 3480 2862 e

1905 2890 2112 2946 lumine
2149 2893 2251 2947 hoc
2285 2893 2473 2948 solari.

1964 2982 2177 3039 Sanctae
2206 2984 2372 3056 igitur
2396 2994 2451 3040 et
2478 2986 2834 3042 oecumenicre
2860 2989 3117 3044 secundae
3146 2989 3337 3061 synodi
3366 2993 3480 3060 pri-

1895 3090 2018 3130 mus
2070 3077 2255 3132 statim
2310 3093 2485 3131 canon
2536 3094 2656 3132 eam
2708 3078 2882 3132 solam
2935 3079 3307 3136 authenticam
3358 3096 3483 3139 esse

1895 3168 2056 3222 ﬁdem
2091 3167 2406 3230 constituit,
2441 3180 2601 3235 quam
2637 3170 2870 3224 trecenti
2906 3168 3278 3242 duodeviginti
3310 3172 3481 3228 divini

221 3258 308 3310 καὶ
339 3258 482 3311 ὀκτὼ
523 3259 780 3332 θεεφόροι
822 3260 1059 3331 Πατέρες
1109 3262 1587 3332 ὲκπεφωνήκασιν,
1618 3262 1694 3327 ὡς
1725 3262 1785 3327 ἐξ

1897 3263 2078 3316 Patres
2141 3259 2334 3314 Nicaeae
2397 3259 2705 3330 congregati
2767 3261 3095 3325 ediderunt,
3147 3271 3335 3330 utpote
3411 3279 3479 3320 ex

224 3348 381 3416 ὑγιῶν
410 3353 822 3425 συνισταμένην
845 3353 1133 3422 δογμάτων
1154 3370 1167 3383 ’
1199 3354 1419 3417 ἁπάσας
1449 3355 1636 3424 μέντοι
1686 3357 1791 3420 τὰς

227 3441 386 3505 ἄλλως
411 3444 447 3514 ἢ
491 3444 570 3505 ὡς
601 3444 746 3515 αὕτη
796 3445 1105 3513 φρονούσας
1145 3445 1388 3516 αἱρέσεις
1417 3445 1584 3510 ἐάσας
1616 3448 1791 3518 ἐρρῶ-

226 3531 357 3598 σθαι,
381 3534 461 3605 τῷ
486 3537 796 3606 ἀναθέματι
833 3539 1222 3608 παραπέμπει.

294 3624 349 3678 '0
380 3627 437 3680 δέ
486 3646 552 3695 γε
597 3628 640 3683 ε’
667 3630 838 3700 αὐτῆς
870 3629 964 3683 καὶ
991 3629 1119 3692 τοὺς
1145 3629 1225 3692 εἰς
1249 3629 1517 3700 Σαρδικὴν
1561 3633 1788 3703 συνελη-

228 3712 436 3780 λυθότας
481 3719 553 3773 δι’
583 3722 814 3776 ἐπαίνου
868 3721 1101 3785 τίθεται,
1140 3711 1258 3776 ἀνθ’
1295 3715 1370 3775 ὧν
1397 3724 1489 3774 τὸν
1531 3723 1786 3794 περὶτῆς

226 3806 445 3875 πίστεως
470 3812 653 3884 τόμον
671 3814 785 3882 τῶν
821 3814 881 3866 ὲν
914 3814 1118 3884 Νικαίᾳ
1150 3813 1676 3886 προσεπεκόρωσαν.

293 3988 349 4045 Ἦ
377 3993 509 4061 ἁγία
546 3996 607 4050 δὲ
646 3999 741 4049 καὶ
772 3995 1129 4067 οἱκουμενικὴ
1173 4001 1222 4063 γ’
1263 3993 1482 4059 σύνοδος
1536 3996 1594 4047 ἐν
1640 3990 1787 4065 ἕκτῳ

226 4083 311 4135 καὶ
347 4084 560 4158 ἑϐδόμῳ
608 4087 796 4141 κανόνι
826 4088 955 4150 τοὺς
1002 4087 1083 4150 είς
1130 4087 1291 4139 τοῦτο
1322 4086 1527 4156 τόλμης
1578 4084 1782 4151 ἰόντας,

226 4173 291 4235 ὡς
316 4176 498 4248 ἕτερον
528 4180 682 4251 παρᾶ
714 4180 774 4233 τὸ
808 4180 866 4233 ἐν
909 4180 957 4233 Ν
966 4181 1115 4250 ικαίᾳ
1162 4177 1416 4233 συντεθὲν
1467 4179 1613 4249 ἱερὸν
1644 4178 1785 4247 σόμη

230 4265 367 4321 ϐολον
399 4275 761 4342 συγγράφειν,
806 4271 887 4324 ἔτι
916 4271 972 4324 δὲ
1012 4271 1106 4324 καὶ
1148 4271 1275 4333 τοὺς
1308 4271 1375 4324 τὰ
1409 4270 1647 4341 δυσσεϐῆ
1676 4270 1782 4323 Ns-

231 4362 424 4429 στορίου
493 4364 745 4435 δόγματα
811 4364 1239 4435 προσιεμένους,
1300 4361 1608 4419 καὶὲοῢτω
1662 4364 1783 4428 τοὺς

241 4447 518 4525 Ἐκκλησία
572 4454 901 4524 προσιόντας
944 4456 1325 4526 πειρωμένους
1374 4456 1779 4525 μυπαγωγείν,

229 4542 312 4592 τοῦ
335 4544 528 4616 κλήρου
570 4548 672 4617 μὲν
698 4547 911 4612 ἐξωθεῖ,
947 4549 993 4601 εί
1023 4549 1276 4620 κληρικο)⁵
1309 4544 1440 4614 εἶεν,
1475 4548 1697 4612 λαῖκοὺς
1723 4549 1780 4603 δὲ

235 4630 400 4701 ἐφίησι
428 4640 504 4707 τῷ
530 4640 858 4710 ἀναθέματι.

293 4725 360 4779 Ἢ
384 4744 445 4797 γε
478 4732 584 4799 μὴν
613 4729 745 4798 ἁγία
778 4732 874 4785 καὶ
895 4731 1246 4802 οἰκουμενικὴ
1284 4731 1339 4797 ς’
1368 4731 1585 4796 σύνοδος
1620 4733 1678 4785 ἐν
1704 4733 1780 4801 τῷ

233 4815 411 4889 πρώτῳ
437 4824 620 4877 κανόνι
654 4824 755 4894 τὴν
789 4823 927 4894 πρὸς
949 4824 1058 4876 τῶν
1087 4823 1244 4895 ἱερῶν
1261 4823 1574 4878 ἀποστόλων
1596 4840 1781 4894 παρα·

230 4901 449 4962 δοθεῖσαν
463 4914 595 4984 ἡμῖν
627 4915 809 4967 πίστιν
841 4916 1130 4985 παρεγγυᾷ
1152 4916 1228 4985 μὴ
1249 4918 1592 4986 καινοτομεῖν
1608 4936 1625 4948 ν
1645 4915 1783 4986 πρὸς

236 4991 284 5045 δὲ
314 5000 401 5052 καὶ
426 5005 490 5057 τὰ
545 5007 604 5058 ἐν
638 5007 703 5076 τῇ
739 5005 930 5075 πρώτῃ
959 5004 1390 5074 δογματισθέντα
1422 5005 1500 5077 μὴ
1529 5005 1781 5076 παρεξιέ-

237 5103 311 5140 vat
332 5096 524 5168 συνόδῳ
545 5113 563 5131 ο
596 5097 646 5151 οἳ
671 5098 736 5167 δὴ
769 5098 828 5151 τὸ
853 5099 1139 5168 όμοοόσιον
1163 5098 1272 5151 τῶν
1296 5097 1462 5170 τριῶν
1486 5098 1585 5165 τῆς
1613 5086 1777 5168 θεαρ-

238 5182 376 5251 χικῆς
425 5187 657 5253 πίστεως
686 5191 1039 5244 ὑποστάσεων
1069 5193 1183 5254 τοῖς
1237 5191 1372 5244 πᾶσι
1413 5189 1773 5262 κηρύξαντες,

239 5271 345 5335 τοὺς
373 5280 496 5349 περὶ
525 5283 616 5335 τὸν
654 5281 896 5352 θεομανῆ
919 5281 1139 5351 Ἀρειον
1175 5270 1256 5351 τῷ
1284 5282 1597 5353 φρονήματι
1628 5280 1777 5349 σφῶν

246 5362 310 5431 μὴ
354 5372 738 5438 συμϐαίνοντας
789 5374 991 5431 τελέως
1042 5372 1549 5443 ἅποκηρόττουσινιο
1586 5372 1669 5427 ἔτι
1720 5373 1777 5426 δὲ

245 5453 321 5504 καὶ
346 5458 407 5511 τὰ
432 5461 486 5513 ὲν
525 5465 590 5534 τῇ
624 5463 853 5534 δευτέρᾳ
887 5463 1251 5519 θεσπισθέντα
1285 5465 1492 5536 συνόδῳ
1532 5481 1777 5537 προσκυ-

245 5548 390 5612 “ista.
418 5549 551 5609 εἶναι
583 5559 926 5627 προστάττει.
953 5555 1104 5628 Αὖτη
1134 5557 1244 5629 γὰρ
1270 5556 1363 5611 τὸν
1384 5557 1775 5627 πνευματομά-

241 5652 322 5703 χον
353 5642 654 5721 διωσαμένη
688 5649 1041 5716 Μακεδόνων,
1088 5653 1185 5705 καὶ
1222 5648 1347 5716 τοὺς
1387 5657 1486 5705 σὺν
1520 5651 1673 5722 αὐτῷ
1698 5651 1775 5720 τῷ

244 5723 512 5803 ἁναθέματι
542 5741 972 5807 καταδικάσασα,
997 5744 1057 5795 τὸ
1089 5740 1311 5811 Πνεῦμα
1347 5742 1408 5794 τὸ
1454 5741 1608 5807 ἆγιον
1647 5743 1777 5810 ὀμό-

246 5828 380 5886 τιμον
402 5828 563 5902 Πατρὶ
602 5835 695 5888 καὶ
731 5834 842 5905 Υξῴ
875 5834 948 5899 ὡς
995 5834 1128 5888 Θεὸν
1164 5835 1417 5906 ἀληθινὸν
1464 5835 1777 5905 παραδέδω·

250 5923 349 5963 κεν·
377 5918 500 5977 ἀλλὰ
542 5925 595 5978 δὲ
629 5926 723 5980 καὶ
756 5926 844 5979 τὸν
884 5928 1042 5982 ἄνουν
1075 5928 1484 5999 Ἀπολλινάριον
1508 5930 1774 5998 κατανίφ-

1895 3350 2043 3407 sanis
2086 3349 2435 3419 dogmatibus
2482 3351 2838 3419 compositam
2886 3369 2900 3405 :
2946 3352 3228 3407 universas
3268 3362 3477 3416 autem,

1894 3460 2015 3514 qua:
2051 3442 2185 3496 alias
2223 3449 2385 3510 atque
2421 3442 2540 3510 ipsa
2580 3441 2857 3508 sentiunt,
2894 3441 3347 3498 baereses‘valere
3383 3445 3480 3516 ju-

1894 3537 2055 3599 bens,
2085 3534 2417 3590 anathemati
2449 3533 2744 3590 submittit.

1910 3657 1916 3663 -
1962 3626 2197 3694 Quintus
2243 3636 2426 3680 autem
2475 3624 2724 3694 ejusdem
2774 3625 2969 3696 synodi
3017 3640 3196 3681 canon
3241 3640 3335 3682 eos
3380 3628 3475 3697 qui

1891 3717 2132 3774 Sardicae
2184 3724 2583 3780 convenerunt,
2639 3714 2892 3770 laudibus
2947 3715 3128 3783 ell'ert,
3181 3726 3475 3786 propterea

1889 3809 2035 3879 quod
2073 3807 2295 3862 Patrum
2334 3805 2682 3861 Nicaanorum
2724 3807 2792 3862 de
2829 3804 2934 3861 ﬁdo
2967 3807 3255 3862 decretum
3277 3807 3476 3864 conﬁr-

1890 3911 2159 3959 massent.

1918 3993 2158 4051 .Sancta
2207 4003 2389 4049 autem
2437 4005 2492 4050 et
2534 3995 2872 4051 (ecumenica
2926 3997 3085 4050 tertia
3131 3995 3372 4066 synodus
3417 3995 3473 4049 in

1887 4096 2041 4142 sexto
2068 4096 2124 4142 et
2153 4087 2386 4155 septimo
2446 4100 2655 4141 canone
2694 4086 2829 4141 istos
2855 4088 2945 4156 qni
2977 4102 3042 4140 eo
3070 4086 3312 4141 audaciae
3352 4101 3477 4156 per-

1887 4180 2145 4245 veniunt,
2179 4187 2240 4233 ut
2270 4180 2417 4234 aliud
2448 4187 2643 4249 praeter
2668 4192 2881 4233 sacrum
2911 4178 3041 4232 illud
3060 4219 3075 4242 ,
3106 4178 3252 4248 quod
3282 4176 3474 4231 Nicaeae

1886 4277 2249 4344 compositum
2294 4284 2409 4338 est.
2453 4276 2758 4346 symbolum
2806 4276 3191 4339 conscribere,
3240 4284 3294 4328 et
3338 4274 3472 4329 istos

1885 4376 2171 4436 praeterea,
2216 4366 2309 4437 qui
2354 4366 2520 4435 impia
2565 4366 2804 4420 Nestorii
2847 4366 3099 4435 dogmata
3148 4363 3467 4428 admittunt,

1884 4470 2050 4529 atque
2082 4460 2157 4515 ita
2191 4474 2316 4525 eos,
2351 4460 2444 4530 qui
2478 4460 2546 4514 ad
2581 4459 2882 4514 Ecclesium
2919 4458 3212 4522 accedunt,
3253 4456 3470 4511 initiare

1886 4550 2207 4617 moliuntur,
2251 4550 2400 4605 clero
2445 4550 2669 4620 quidem
2718 4550 2961 4618 expellit,
3008 4547 3055 4604 si
3106 4548 3290 4603 clerici
3336 4549 3468 4615 sint,

1806 4624 1863 4685 Ῑ)
1886 4643 2053 4698 laicos
2079 4654 2260 4698 autem
2289 4642 2618 4698 anathemati
2652 4643 2892 4712 subjicit.

1958 4733 2159 4789 Sancta
2182 4749 2311 4788 vero
2334 4741 2389 4788 et
2412 4732 2751 4789 oecumenica
2773 4741 2927 4787 sexta
2949 4730 3188 4802 synodus
3210 4731 3265 4785 in
3292 4731 3469 4801 primo

1884 4840 2094 4880 canone
2121 4824 2376 4879 traditam
2405 4825 2567 4880 nobis
2591 4842 2620 4879 a
2650 4824 2854 4880 sanctis
2880 4822 3140 4894 apostolis
3166 4823 3329 4878 ﬁdem
3358 4841 3467 4880 non

1884 4918 2193 4981 immutare,
2220 4927 2275 4973 et
2304 4927 2562 4987 praeterea
2588 4933 2707 4988 quae
2735 4917 2789 4970 in
2818 4916 2988 4986 prima
3015 4916 3223 4986 synodo
3248 4917 3468 4972 decreta

1884 5019 2042 5074 sunt,
2087 5024 2195 5063 non
2237 5010 2512 5065 transilire
2552 5010 2728 5080 jubet.
2771 5008 2837 5061 Hi
2884 5018 3066 5062 autem
3108 5006 3299 5063 Patres
3341 5024 3467 5063 cum

1885 5100 2050 5155 trium
2078 5100 2279 5154 divinae
2308 5108 2517 5154 natura:
2545 5115 2898 5169 personarum
2931 5099 3470 5153 consubstantialila-

1886 5202 1994 5247 tem
2038 5190 2292 5246 omnibus
2336 5191 2748 5262 pradicassent,
2797 5190 2993 5260 impios
3059 5191 3292 5245 Arianos
3340 5204 3467 5244 scn—

1881 5284 2067 5339 tentite
2098 5284 2344 5354 ipsormn
2377 5299 2663 5338 assensum
2717 5299 2824 5338 non
2861 5283 3197 5352 praebentes,
3235 5297 3468 5351 prorsus

1880 5376 2241 5441 abdicabant;
2268 5376 2493 5445 insuper
2522 5383 2704 5429 autem
2734 5385 2790 5430 et
2818 5389 2938 5444 qua:
2967 5375 3024 5428 in
3057 5373 3299 5428 secunda
3327 5388 3465 5426 con-

1881 5469 2072 5524 stituta
2101 5478 2229 5523 sunt
2255 5468 2461 5539 synodo
2487 5469 2792 5522 veneranda
2819 5467 2870 5535 2
2896 5482 3018 5521 esse
3046 5465 3459 5536 praecipiebant.

1880 5557 2007 5614 Haec
2046 5559 2193 5613 enim
2239 5560 2478 5630 synodus
2518 5575 2641 5613 cum
2680 5557 2914 5627 Spiritus
2959 5557 3133 5610 sancti
3175 5555 3462 5609 inimicum

1879 5650 2255 5705 Macedonium
2289 5651 2620 5721 expulisset,
2658 5660 2712 5705 et
2754 5650 2929 5705 socios
2962 5647 3079 5717 ejus
3112 5647 3465 5702 anathemate

1878 5744 2309 5804 condemnasset.
2346 5744 2607 5812 Spiritum
2644 5753 2892 5798 sanctum
2926 5741 3071 5794 Patri
3106 5749 3160 5794 et
3197 5738 3331 5793 Filio
3366 5739 3463 5793 hoc

1879 5853 2010 5892 norc
2049 5839 2336 5907 aequalem,
2382 5847 2570 5908 utpote
2609 5852 2796 5891 verum
2837 5834 3008 5888 Deum
3051 5848 3172 5889 esse
3214 5832 3456 5887 tradidit.

1877 5931 2018 5996 Quin
2059 5930 2223 5985 etiam
2265 5946 2388 5984 cum
2428 5930 2735 5985 dementem
2762 5926 3152 5997 Apollinarium
3193 5925 3450 5980 condem-
