3880 6544
424 478 565 544 1019

1612 483 1979 543 MATTll/El
2027 483 2459 544 BLASTARIS’

3516 480 3671 543 13.20

415 602 618 657 nasset,
670 593 953 648 Dominum
1006 595 1206 649 mentis
1249 609 1554 664 compotem
1603 605 1656 649 el
1698 597 1990 649 animatam

2116 614 2253 661 ιασα,
2298 596 2484 651 ἔννουν
2536 599 2628 651 καὶ
2665 597 2910 668 ἔμψυχον
2961 596 3307 666 ἀνειληφέναι
3360 597 3540 662 σάρκα
3576 598 3669 647 τὸν

414 686 774 752 assumpsisse
805 699 1026 742 carnem
1063 686 1248 741 docuit
1286 703 1300 739 :
1336 694 1393 741 et
1425 698 1685 756 praeterea
1725 704 1985 757 quacun-

414 792 518 845 que
546 777 703 830 tertia
734 777 1067 833 decrevisset
1099 778 1370 849 synodus,
1404 778 1730 832 conﬁrmare
1766 779 1985 849 sategit.

415 869 594 924 Unum
629 869 772 923 enim
810 868 896 922 illa
934 869 1210 924 Christum
1250 869 1558 923 lleiFilinm
1587 879 1709 940 post
1743 869 1990 923 incarna-

415 962 617 1015 tionem
657 961 1010 1029 praedicavit;
1047 970 1101 1015 et
1142 962 1375 1030 puellam
1415 971 1678 1032 perpetuo
1710 960 1986 1032 Virginem

415 1069 531 1120 quze
566 1052 683 1105 sine
718 1053 958 1115 semine,
992 1062 1046 1106 et
1078 1069 1243 1122 supra
1278 1063 1525 1107 naturam
1560 1052 1710 1107 illum
1746 1053 1989 1123 peperit,

416 1159 539 1199 vere
568 1155 622 1197 et
653 1144 868 1213 proprie
899 1145 1182 1213 Deiparam
1215 1144 1383 1199 fuisse
1415 1144 1733 1207 declaravit,
1770 1154 1825 1198 et
1853 1144 1990 1199 deli-

415 1248 619 1291 rantcttt
661 1236 970 1292 Nestorium
1003 1236 1094 1305 qui
1132 1253 1300 1292 unum
1333 1236 1608 1292 Christum
1645 1238 1699 1290 in
1734 1237 1872 1291 duos
1903 1237 1991 1291 di-

417 1332 541 1386 visit
584 1331 723 1386 ﬁlios
762 1332 877 1386 suis
915 1331 1088 1401 ipsius
1127 1331 1418 1402 dogmatis,
1453 1342 1718 1401 perpetuo
1759 1331 1990 1385 anathe-

414 1421 545 1476 mati
567 1422 817 1489 subjecit,
836 1422 1292 1489 quemadmodum
1310 1431 1362 1476 et
1381 1438 1531 1477 sacra
1548 1423 1767 1476 Patrum
1787 1429 1993 1490 quartae

420 1514 617 1582 synodi
650 1515 902 1584 dogmata
934 1525 1046 1569 rata
1080 1515 1194 1570 fore
1223 1515 1527 1570 constituit.
1561 1515 1628 1569 lli
1658 1529 1837 1570 autem
1868 1531 1993 1569 cum

418 1605 643 1674 impiam
676 1605 935 1676 Eutyehis
966 1616 1020 1660 et
1052 1607 1298 1662 DiosCori
1328 1606 1706 1661 confusionem
1739 1605 1996 1660 Ecclesiae

418 1696 698 1751 liminibus
738 1698 1098 1767 expulissent,
1139 1714 1307 1751 unum
1350 1698 1631 1752 Christum
1676 1713 1741 1753 ex
1783 1698 1996 1752 duabus

419 1786 778 1856 compositum
812 1790 1022 1844 naturis
1051 1790 1220 1843 etiam
1247 1801 1368 1859 post
1400 1789 1658 1844 unionem
1690 1797 1993 1858 spectatum

420 1896 546 1935 rere
590 1881 830 1935 tradidit.
872 1882 1011 1935 Istos
1052 1882 1201 1936 enim
1244 1899 1312 1936 ex
1353 1881 1622 1938 diametro
1664 1881 1992 1937 contrariam

420 1970 752 2029 Nestorianae
799 1973 1134 2042 impietatem
1183 1974 1481 2043 amplexos,
1529 1982 1582 2028 et
1632 1973 1688 2027 in
1734 1973 1998 2044 imagina—

419 2066 568 2119 tione
610 2080 864 2136 magnum
901 2067 1221 2122 oeconomiae
1264 2067 1453 2137 perﬁci
1497 2066 1814 2137 mysterium
1853 2066 1999 2120 arbi-

420 2167 613 2221 tratos,
655 2174 778 2213 eum
826 2159 1046 2227 quidem
1090 2159 1269 2228 impia:
1318 2158 1623 2224 divisionis,
1670 2160 1771 2213 hos
1814 2168 1998 2213 autem

421 2248 595 2318 magis
627 2248 808 2317 impia:
841 2250 1216 2305 confusionem
1251 2250 1541 2305 inferentis
1574 2251 1792 2305 unionis
1825 2266 2003 2305 asser-

422 2347 599 2400 tores.
632 2340 758 2393 odio
788 2341 985 2396 merito
1015 2341 1287 2411 prosecuti
1306 2382 1320 2406 ,
1353 2342 1545 2413 procul
1572 2343 1683 2397 Deo
1710 2341 2000 2411 abjiciunt.

423 2432 626 2486 Adhaac
651 2442 833 2487 autem
862 2443 917 2488 et
942 2449 1282 2504 quaecunque
1310 2434 1501 2505 quinta
1529 2434 1713 2489 divino
1739 2434 2004 2504 inspirata

425 2525 633 2593 Spiritu
661 2528 898 2596 synodus
926 2528 1131 2592 docuit,
1163 2520 1417 2599 amplecti
1447 2528 1569 2584 haec
1601 2527 1839 2598 synodus
1869 2542 2006 2597 pra:-

424 2618 557 2688 cipit
583 2637 598 2674 :
624 2628 680 2674 et
703 2635 733 2673 a
760 2620 1085 2690 perniciosis
1109 2636 1297 2675 eorum
1325 2621 1419 2691 qui
1448 2631 1573 2676 ante
1601 2621 2006 2677 eamcondcm-

415 2711 539 2775 nati
560 2710 795 2778 fuerant,
823 2712 1075 2784 Origenis
1102 2714 1356 2769 nimirum
1384 2722 1440 2768 et
1465 2712 1623 2768 istius
1652 2712 2005 2774 asseclarum,

428 2801 804 2857 deliramentis
843 2804 1108 2873 separari.
1138 2804 1404 2868 Ceterum
1440 2812 1495 2858 et
1528 2818 1806 2859 sacrarum
1843 2817 2008 2872 syno-

428 2892 620 2949 dorunt
644 2935 658 2959 ,
688 2911 809 2966 quae
838 2896 1008 2964 ipsam
1040 2904 1465 2965 praecesserant,
1495 2895 1709 2950 decreta
1742 2894 1855 2949 haec
1884 2908 2011 2949 cum

429 2986 803 3043 conﬁrmasset
820 2997 874 3043 et
903 2987 1278 3050 stabilivisset,
1303 2996 1456 3043 sexta
1471 2986 1726 3043 videlicet
1753 2986 2009 3059 hazc'syn-

428 3080 567 3135 odus
596 3080 651 3134 in
684 3081 804 3150 ipso
849 3081 995 3136 dicto
1035 3082 1214 3151 primo
1246 3096 1479 3146 canone,
1510 3081 1648 3137 duas
1676 3081 2007 3145 voluntates,

430 3182 487 3228 et
513 3174 650 3228 duas
671 3174 949 3228 naturales
970 3173 1024 3226 in
1052 3188 1161 3227 uno
1185 3172 1415 3228 Domino
1435 3182 1625 3228 nostro
1661 3174 2011 3244 operationes

2090 689 2292 758 Κύριον
2342 690 2740 760 ἐδογμάτισεν·
2786 690 2847 743 ού
2898 691 3006 759 μὴν
3052 690 3186 744 ἀλλὰ
3228 691 3321 741 καὶ
3372 690 3472 740 ὅσα
3527 706 3596 754 γε
3631 690 3663 756 ἡ

2087 780 2246 852 τρίτη
2300 780 2521 846 σύνοδος
2577 783 2901 853 ἐψηφίσατο,
2954 783 3243 853 κρατύνειν
3304 781 3665 833 ἐσπούδακεν.

2090 873 2230 928 Ἕνα
2259 875 2369 944 γὰρ
2418 874 2602 941 ἐκείνη
2636 873 2873 945 Χριστὸν
2912 874 3005 926 τὸν
3050 873 3178 925 my
3210 873 3303 925 τοῦ
3348 872 3484 924 Θεοῦ
3524 874 3667 937 μετὰ

2086 964 2186 1035 τὴν
2219 965 2500 1036 σάρκωσιν
2532 967 2880 1035 ἐδογμάτισε,
2918 966 3015 1019 καὶ
3046 965 3146 1034 τὴν
3196 965 3358 1016 αὐτὸν
3394 963 3669 1030 ἀσπόρως

2090 1057 2183 1109 καὶ
2212 1057 2353 1128 ὑπὲρ
2395 1058 2557 1127 φύσιν
2596 1057 2861 1111 τεκοῦσαν
2924 1057 3279 1127 ἀειπάρθενον
3319 1057 3504 1125 Κόρην
3532 1055 3669 1121 ἁλη-

2090 1148 2327 1212 θῶςκαὶ
2375 1151 2578 1219 κυρίως
2633 1151 2952 1220 ἀπεφήνατο
2986 1150 3271 1213 Θεοτόκον,
3305 1151 3397 1200 καὶ
3450 1149 3537 1199 τὸν
3571 1147 3671 1213 λη-

2095 1243 2237 1312 ρώδη
2270 1243 2582 1312 Νεστόριον,
2608 1243 2699 1295 τὸν
2738 1243 2834 1296 ἕνα
2875 1241 3110 1311 Χριστὸν
3137 1243 3215 1305 εἰς
3241 1241 3339 1292 δύο
3352 1239 3671 1309 διαιροῦντα

2093 1334 2263 1398 υἱοὺς,
2315 1335 2498 1396 αὐτοῖς
2557 1333 2720 1387 αὑτοῦ
2781 1334 3014 1402 δόγμασι
3068 1333 3147 1403 τῷ
3200 1332 3671 1402 αἰωνίῳ-ἐφίησιν

2095 1422 2393 1492 ἀναθέματτ
2419 1440 2434 1456 ο
2465 1423 2540 1486 ὡς
2570 1423 2625 1475 δὲ
2652 1424 2744 1477 καὶ
2767 1424 2874 1475 τῶν
2902 1425 2960 1475 ὲν
2988 1426 3054 1492 τῇ
3084 1424 3124 1477 δ’
3160 1424 3419 1492 Πατέρων
3447 1423 3517 1474 τὰ
3545 1422 3672 1489 ιερὰ.

2094 1513 2343 1583 δόγματα
2375 1515 2621 1583 ἔμπεδοί,
2653 1514 2701 1566 οἳ
2734 1516 2831 1584 τὴν
2870 1515 3158 1583 ἐξάγιστον
3195 1515 3454 1583 σύγχυσιν
3493 1513 3671 1565 Εὐτυ-

2094 1605 2220 1673 χοῦς
2252 1622 2309 1657 τε
2347 1606 2440 1657 καὶ
2463 1601 2468 1605 ’
2489 1608 2806 1675 Διοσκόρου.
2841 1607 2950 1659 τῶν
2986 1607 3158 1659 ούδὼν
3205 1606 3303 1674 τῆς
3337 1604 3672 1672 Ἐκκλησίας

2095 1695 2600 1765 ἐξοστρακίσαντες,
2634 1699 2725 1749 τὸν
2764 1698 2860 1751 ἕνα
2895 1697 3131 1767 Χριστὸν
3164 1700 3227 1749 ὲκ
3269 1698 3418 1749 δυοῖν
3448 1697 3675 1764 φύσεων

2097 1783 2443 1849 συντεθέντα,
2474 1787 2569 1838 καὶ
2598 1787 2654 1837 ὲν
2683 1786 2802 1838 δυσὶ
2828 1787 3019 1853 φύσεσι
3048 1789 3144 1840 καὶ
3178 1789 3317 1855 μετὰ
3343 1786 3441 1856 τὴν
3471 1787 3673 1838 ’ἕνωσιν

2097 1874 2489 1945 θεωρούμενον,
2524 1877 2762 1945 ἀτεχνῶς
2793 1878 3134 1947 ἐδογμάτισε.
3162 1879 3397 1940 Τούτους
3432 1880 3542 1947 γὰρ
3576 1876 3674 1946 τὴν

2101 1969 2165 2020 ἐκ
2197 1968 2488 2039 διαμέτρου
2518 1970 2616 2038 τῆς
2660 1969 2955 2041 Νεστορίου
3002 1973 3427 2041 ἀσπασαμένους
3477 1971 3675 2024 δυσσέο

2102 2058 2275 2125 σειαν,
2318 2063 2412 2113 καὶ
2437 2060 2747 2130 δοκήσειτὸ
2784 2062 2926 2131 μέγα
2953 2063 3053 2131 τῆς
3086 2062 3396 2133 οἰκονομίας
3420 2063 3673 2131 τελεσθῆο

2100 2169 2190 2205 ναι
2240 2154 2538 2223 μυστήριον
2577 2154 2877 2223 οἰομένους,
2926 2154 3018 2205 τὸν
3060 2154 3179 2223 μὲν,
3226 2155 3326 2223 τῆς
3375 2154 3675 2217 buccam-3.;

2101 2243 2442 2312 διαιρέσεως,
2469 2246 2595 2307 τοὺς
2624 2244 2705 2307 δὲ,
2738 2248 2836 2315 τῆς
2873 2244 3301 2315 δυσσεϐεστέρας
3338 2246 3678 2314 συγχυτικῆς

2102 2331 2371 2400 ἑνώσεως,
2408 2335 2633 2398 ἐνδίκως
2667 2337 3020 2404 μισήσαντες,
3058 2334 3194 2389 Θεοῦ
3227 2337 3417 2407 πόρρω
3447 2337 3677 2405 Milou-

2107 2443 2214 2481 σιν,
2257 2428 2417 2481 Ἀλλὰ
2447 2427 2505 2480 δὲ
2531 2432 2622 2480 xal.
2648 2428 2750 2482 ὅσα
2775 2430 2808 2498 ἡ
2839 2430 3065 2499 πέμπτη
3107 2428 3235 2498 θείῳ
3271 2429 3676 2498 ἐμπνευσθεῖσα

2109 2518 2392 2588 Πνεύματι
2419 2519 2800 2589 ἐδογμάτισεν,
2820 2521 3152 2590 ἐπισκήπτει
3180 2521 3543 2587 ἀσπάζεσθαι,
3583 2524 3677 2574 καὶ

2104 2610 2212 2666 τῶν
2233 2610 2340 2680 πρὸ
2368 2612 2538 2681 αὐτῆς
2560 2612 3082 2683 καταψηφισθέντων
3108 2614 3543 2679 ἀποδιίστασθαι,
3566 2616 3677 2668 τῶν

2107 2700 2386 2772 ὀλεθρίων,
2423 2703 2586 2771 φημὶ,
2633 2704 2689 2754 Ὠ
2703 2704 2953 2773 ριγένους
2977 2704 3073 2757 καὶ
3101 2705 3208 2756 τῶν
3232 2704 3362 2775 περὶ
3395 2703 3557 2757 αὑτὸν
3586 2705 3682 2773 λη-

2112 2794 2395 2864 ρημάτων.
2436 2795 2596 2848 Ἀλλὰ
2625 2798 2721 2850 καὶ
2746 2798 2778 2865 ἡ
2803 2796 2874 2849 τὰ
2889 2795 2997 2849 τῶν
3031 2796 3134 2864 πρὸ
3157 2797 3325 2865 αὐτῆς
3355 2796 3518 2866 ἱερῶν
3551 2814 3678 2849 συν.

2109 2886 2244 2940 όδων
2303 2885 2475 2957 ταύτῃ
2509 2886 2926 2957 βεδαιωσαμένη
2959 2888 3052 2941 καὶ
3093 2887 3416 2958 στηρίξασα,
3446 2890 3479 2958 ἡ
3521 2888 3675 2956 ἕκτη,

2112 2982 2277 3049 φημὶ,
2315 2979 2530 3041 σύνοδος
2570 2979 2686 3048 ἣδε,
2717 2979 2776 3030 ὲν
2811 2977 2962 3047 αὐτῷ
2997 2977 3074 3047 τῷ
3125 2978 3346 3049 ῥηθέντι
3389 2978 3436 3033 α’
3468 2980 3674 3038 κανόνι.

2110 3071 2203 3124 δύο
2229 3070 2498 3141 θελήσεις,
2522 3070 2597 3133 ὡς
2625 3073 2721 3124 καὶ
2747 3069 2842 3124 δύο
2880 3070 3116 3139 φυσικὰς
3150 3070 3434 3139 ἐνεργείας
3466 3072 3560 3122 ἐπὶ
3584 3068 3676 3121 τοῦ

2113 3163 2229 3224 ἐνὸς
2272 3162 2365 3215 τοῦ
2413 3162 2620 3231 Κυρίου
2668 3162 2829 3233 ἡμῶν
2876 3161 3327 3232 δογματίσαντες,
3373 3163 3504 3224 τοὺς
3553 3162 3680 3229 περὶ

430 3280 553 3319 cum
587 3264 903 3332 statuisset,
935 3264 1127 3336 Pyrrhi
1158 3274 1216 3319 et
1247 3266 1420 3335 Sergii
1452 3268 1726 3338 gregales.
1758 3282 1925 3322 unam
1956 3268 2005 3321 in

2117 3256 2332 3327 Πύρῤον
2364 3256 2458 3309 καὶ
2497 3255 2723 3323 Σέργιον
2779 3255 2911 3324 μίαν
2959 3254 3180 3326 θέλησιν
3213 3255 3304 3306 ἐπὶ
3332 3253 3429 3306 τοῦ
3473 3254 3676 3321 Κυρίου

432 3356 663 3409 Domino
689 3365 892 3412 temere
917 3358 1278 3426 praedicantes
1298 3358 1656 3423 voluntatem,
1680 3358 2010 3413 cxtemtina-

432 3448 528 3502 vit.
555 3449 811 3502 Omnium
855 3458 1034 3503 autem
1064 3449 1265 3518 pietate
1292 3450 1586 3520 insignium
1615 3450 1775 3505 ﬁdem
1804 3453 2009 3505 ﬁrmatn

433 3540 490 3593 in
535 3556 696 3594 omne
737 3558 911 3596 mvum
955 3557 1197 3605 manere,
1244 3543 1331 3612 pie
1374 3544 1767 3611 decreverunt;
1809 3560 2012 3613 eosque

433 3635 528 3704 qui
563 3633 840 3703 quippiam
876 3634 959 3687 vel
995 3634 1202 3689 addunt
1231 3635 1311 3689 vel
1346 3635 1643 3690 detrahunt
1674 3653 1703 3689 ιι
1742 3645 1887 3691 recta
1921 3652 2010 3692 sa-

436 3742 615 3796 naque
659 3727 762 3781 ﬁde
807 3727 965 3782 nobis
1009 3727 1223 3793 tradita,
1266 3728 1611 3783 anathemate
1652 3728 1847 3800 dignos
1887 3745 2013 3799 pro-

438 3818 783 3873 nuntiarunt.

510 3910 670 3965 llisce
696 3910 990 3964 concinens
1016 3910 1253 3980 synodus
1279 3909 1605 3981 Carthagine
1631 3912 1924 3975 celebrata,
1956 3914 2009 3967 in

438 4000 615 4069 primo
639 3999 808 4070 ipsius
829 4012 883 4054 et
906 3999 1148 4056 secundo
1168 4016 1398 4064 canone,
1421 4002 1731 4057 divinorum
1758 4004 1812 4057 in
1839 4004 2012 4074 prima

439 4093 645 4162 synodo
672 4102 1120 4163 congregatorum
1153 4092 1373 4148 Patrum
1402 4095 1642 4158 decreta,
1670 4106 1723 4150 et
1754 4098 1820 4153 de
1849 4114 2014 4153 vene-

440 4187 623 4241 randa:
663 4196 975 4254 sanctaeque
1010 4186 1295 4241 Trinitatis
1334 4190 1920 4255 consubstantialitate,
1959 4202 2013 4247 et

439 4281 509 4351 de
551 4280 653 4334 ﬁde
681 4280 837 4334 nobis
868 4280 924 4333 in
967 4295 1085 4334 eam
1115 4279 1362 4334 habenda
1390 4296 1605 4335 summo
1632 4284 1885 4354 prosequi
1915 4285 2013 4338 ho-

440 4387 575 4426 nore
617 4372 857 4435 mandat,
897 4388 1128 4441 quorum
1174 4382 1229 4428 et
1269 4388 1483 4427 sacrum
1530 4372 1656 4428 ﬁdei
1700 4373 2011 4444 Symbolum

444 4464 708 4519 verbatim
736 4465 976 4534 exponit.

514 4558 685 4626 Leges
716 4571 897 4612 autem
919 4559 1107 4615 civiles
1132 4560 1355 4614 totidem
1388 4562 1566 4617 verbis
1598 4563 1677 4618 sie
1711 4564 2010 4620 deﬁniunt:

445 4651 789 4706 Christianus
818 4661 901 4705 est
952 4653 1044 4720 qui
1082 4654 1259 4708 credit
1307 4672 1469 4711 unam
1503 4672 1625 4711 esse
1662 4657 1921 4713 Ileitatem
1958 4658 2012 4711 in

445 4741 637 4810 a-quali
672 4741 845 4797 Patris
881 4751 936 4796 et
970 4742 1091 4797 Filii
1127 4755 1183 4799 et
1216 4744 1452 4815 Spiritus
1483 4747 1657 4801 sancti
1695 4757 1963 4815 potestate
1996 4763 2010 4801 :

445 4833 539 4902 qui
573 4849 701 4888 vero
730 4844 925 4903 prmter
954 4835 1095 4890 dicta
1126 4837 1315 4896 sentit.
1348 4838 1637 4894 haereticus
1668 4849 1773 4895 est.

834 5177 885 5248 3
921 5177 1179 5233 l‘NlTlUlll
1223 5178 1539 5235 LlTTERIE
1567 5183 1631 5236 A.

448 5331 602 5387 CAP.
636 5330 678 5385 1.
717 5331 787 5386 De
813 5335 878 5387 iis
905 5350 993 5403 qm
1017 5334 1416 5388 immaculatum
1440 5338 1576 5389 hanc
1602 5335 2021 5390 Christianorum

519 5403 673 5472 ﬁdem
696 5414 992 5472 negarunt;
1013 5414 1060 5456 et
1083 5405 1345 5473 quomodo
1368 5407 1458 5473 qui
1487 5422 1551 5461 ea:
1574 5406 1638 5459 iis
1662 5409 2023 5475 paenitentiam

522 5485 711 5544 agunt,
736 5475 1052 5529 admittendt'
1084 5484 1226 5528 sunt.
1523 5489 1529 5495 '

524 5562 995 5633 l’cropportunum
1030 5564 1136 5618 erit
1167 5565 1424 5636 deinceps
1444 5582 1723 5632 enarrare,
1754 5569 2027 5638 quomodo

453 5656 547 5723 qui
609 5658 778 5711 senth
839 5656 1130 5711 illnminati
1195 5658 1403 5712 fuerint
1467 5659 1566 5727 (uti
1627 5658 1828 5715 alicubi
1896 5659 2030 5714 dicit

455 5766 687 5821 magnus
717 5749 1040 5819 Puulus),et
1071 5753 1408 5821 gustaverint
1452 5755 1651 5808 donum
1695 5754 1933 5818 caeleste,
1977 5765 2029 5807 et

461 5843 752 5914 participes
799 5844 925 5899 facti
964 5844 1166 5900 fuerint
1217 5846 1453 5916 Spiritus
1484 5848 1678 5909 sancti,
1726 5859 1780 5901 et
1826 5848 2029 5902 bonum

462 5933 558 5990 Dei
600 5937 821 5992 verbum
865 5937 1220 6006 gustaverint,
1265 5949 1317 5996 ct
1357 5940 1585 5995 virtutes
1614 5939 1775 5994 futuri
1821 5939 2024 6006 sicculi,

2115 3345 2422 3414 ἀλογίστως
2474 3347 2818 3417 κηρύξαντας
2854 3347 3230 3416 ὲκκηρύκτους
3257 3346 3470 3399 τιθέασι
3494 3361 3511 3377 ο
3547 3348 3681 3398 πὰν-

2115 3457 2223 3492 των
2255 3440 2313 3493 δὲ
2360 3440 2467 3492 τῶν
2523 3439 2610 3492 ἐπ’
2663 3440 2914 3510 εὐσεϐείᾳ
2952 3441 3247 3511 γνωρίμων
3294 3443 3522 3510 κρατεῖν
3574 3442 3670 3508 τὴν

2116 3532 2298 3583 πίστιν
2356 3530 2580 3601 βεϐαίαν
2612 3531 2775 3603 μέχρι
2832 3531 3143 3595 συντελείας
3197 3531 3394 3595 αἰῶνος
3441 3531 3678 3592 εὐσεϐῶς

2114 3623 2476 3677 τεθεσπίκασι
2499 3637 2515 3653 '
2547 3623 2639 3676 καὶ
2671 3625 2799 3686 τοὺς
2828 3623 3218 3694 προστιθέντας
3247 3623 3355 3693 τιῆ
3382 3623 3678 3693 ἀφαιροῦν-

2112 3734 2212 3780 τας
2255 3717 2353 3785 τῆς
2401 3717 2535 3785 ἡμῖν
2565 3714 3009 3786 παραδεδομένης
3042 3714 3212 3785 ὀρθῆς
3245 3717 3339 3770 καὶ
3376 3715 3563 3783 ὑγιοῦς
3594 3716 3681 3767 πίε-

2117 3829 2285 3876 στεως
2332 3810 2426 3864 τοῦ
2464 3809 2805 3879 ἁναθέματος
2834 3809 3018 3874 ἀξίους
3042 3809 3395 3880 ψηφίζονται.

2188 3906 2410 3971 Τούτοις
2453 3908 2751 3979 συνᾴδουσα
2785 3907 2936 3975 καὶὴ
2981 3906 3038 3958 ἐν
3077 3903 3414 3975 Καρθαγευνῃ
3464 3900 3673 3964 σύνοδος

2115 3998 2171 4051 ἐν
2195 4015 2252 4050 τε
2279 3997 2357 4068 τῷ
2385 3998 2586 4070 πρώτῳ
2641 4001 2736 4052 καὶ
2764 3998 3002 4068 δευτέρῳ
3031 3996 3231 4065 ταύτης
3261 3996 3444 4048 κανόνι
3473 3994 3537 4045 τὰ
3567 3995 3677 4046 τιῖιν

2115 4093 2172 4143 ὲν
2199 4092 2266 4159 τῇ
2303 4090 2492 4161 πρώτῃ
2517 4090 2721 4159 συνόδῳ
2752 4089 2910 4143 θείων
2942 4088 3200 4154 Πατέρων
3228 4086 3673 4157 δογματισθένοια,

2116 4185 2242 4256 περί
2276 4202 2335 4237 τε
2368 4183 2463 4238 τοῦ
2509 4184 2796 4254 ὁμοουσίου
2827 4183 2923 4252 τῆς
2964 4183 3346 4251 προσκυνητῆς
3389 4182 3481 4233 καὶ
3517 4179 3675 4246 ἁγίας

2116 4277 2366 4351 Τριάδος,
2408 4280 2502 4333 καὶ
2531 4278 2629 4345 τῆς
2671 4280 2750 4340 εἰς
2781 4276 2950 4346 αὐτὴν
2999 4275 3157 4344 ἡμῶν
3209 4275 3462 4336 πίστεως,
3491 4273 3673 4337 διαφε-

2118 4370 2323 4441 ρόντως
2350 4369 2681 4437 ἐπισκήπτει
2711 4367 3053 4437 πρεσϐεύειν,
3094 4385 3172 4421 ων
3205 4367 3299 4419 καὶ
3327 4367 3387 4418 τὸ
3416 4366 3551 4436 ἱερὸν
3574 4365 3672 4432 τῆς

2118 4461 2354 4524 πίστεως
2394 4460 2663 4531 σύμϐολον
2702 4461 2835 4531 πρὸς
2865 4461 3009 4526 )έξιν
3038 4459 3331 4517 ἐκτίθεται.

2200 4556 2263 4608 Ol
2292 4556 2347 4609 δὲ
2389 4553 2656 4607 πολιτικοὶ
2689 4551 2831 4605 οῦτω
2876 4552 3017 4605 κατᾶ
3068 4554 3219 4622 ῥῆμα
3253 4550 3560 4614 θεσπίζουσι
3586 4550 3671 4601 vdo

2121 4667 2248 4721 μοι·
2297 4644 2627 4719 Χριστιανός
2659 4644 2806 4696 ἐστιν
2833 4643 2861 4694 ὁ
2914 4644 3188 4696 πιστεύων
3233 4643 3363 4712 μίαν
3398 4639 3670 4694 είναιθεό-

2117 4760 2255 4813 τητα
2280 4743 2339 4794 ἐν
2391 4738 2481 4810 ἴσῃ
2530 4734 2750 4805 ἐξουσίᾳ
2806 4732 2899 4786 τοῦ
2934 4735 3144 4804 Πατρδς
3180 4733 3396 4786 καὶτοῦ
3428 4732 3549 4785 Υίοῦ
3578 4733 3671 4782 καὶ

2118 4835 2212 4888 τοῦ
2236 4833 2395 4901 ἁγίου
2423 4832 2761 4898 Πνεύματος.
2806 4825 2870 4882 Ὀ
2891 4826 2946 4879 δὲ
2980 4825 3129 4895 παρὰ
3156 4826 3222 4878 τὰ
3249 4826 3503 4896 εἰρημένα
3532 4821 3674 4885 διξα-

2121 4928 2228 4990 ζων
2254 4922 2530 4995 αἱρετικός
2568 4919 2738 4973 ἑστιν.

2464 5172 2667 5249 ΑΡΧΗ,
2696 5170 2831 5224 ΤοΥ
2873 5174 2912 5225 Α
2955 5171 3337 5226 ΣΤΟΙΧΕΙΟΥ.

2126 5339 2378 5395 ΚΕΦΔΛ.
2410 5339 2490 5391 A'.
2526 5338 2661 5405 Περὶ
2694 5333 2813 5387 τῶν
2841 5332 3280 5405 ἀρνησαμένων
3310 5333 3423 5397 τὴν
3448 5330 3669 5405 sineban-

2197 5426 2303 5463 τον
2330 5408 2558 5474 ταύτην
2582 5400 2700 5459 τῶν
2740 5400 3111 5470 Χ].ιιστιανών
3146 5404 3377 5467 πίστιν,
3405 5402 3494 5455 καί
3522 5400 3670 5474 5ng

2195 5479 2337 5545 τοὺς
2357 5468 2880 5547 ιιεττίμε-λομένους
2926 5476 3156 5527 τούτων
3185 5474 3535 5542 προσίεσθαι
3563 5468 3667 5521 δεῖ.

2211 5566 2666 5636 Ἐπικαιρότατον
2718 5563 2763 5617 δ’
2799 5563 2866 5616 ἂν
2898 5564 2984 5634 εῐη
3027 5564 3168 5633 μετὰ
3203 5564 3365 5616 τοῦτο
3414 5561 3667 5625 διεξῖέναι,

2128 5662 2275 5724 ὅπως
2302 5660 2428 5722 τοὺς
2480 5658 2630 5725 ἅπαξ
2662 5657 3054 5728 φωτισθέντας,
3104 5657 3314 5720 Παῦλος
3365 5657 3429 5711 ἂν
3460 5656 3610 5725 δήπου
3642 5653 3670 5701 ὀ

2135 5754 2301 5824 μέγας
2334 5752 2523 5822 ἔφησε,
2556 5752 2931 5820 γευσαμένους
2965 5767 3022 5803 τε
3059 5754 3156 5820 τῆς
3180 5751 3390 5821 δωρεᾶς
3415 5750 3504 5818 τῆς
3528 5751 3670 5798 ἐπου-

2135 5847 2339 5915 ρανίου,
2375 5846 2467 5897 καὶ
2501 5845 2763 5913 μετόχους
2792 5841 3119 5912 γενηθέντας
3162 5842 3473 5913 Πνεύματος
3506 5839 3665 5904 ἁγξηυ.

2137 5939 2229 5993 καὶ
2290 5934 2872 6005 καὶὸ-[γειέςνμὲνους
2930 5933 3063 5989 Θεοῦ
3128 5932 3301 6004 ῥῆμα,
3352 5932 3585 6000 δυνάμεις
3607 5940 3664 5976 τε
