3880 6600
252 538 383 604 1³91

1217 545 1619 606 SYXTAGMA
1648 546 1896 604 ALPHA
1912 547 2278 612 BETlCUM.
2311 579 2379 590 -
2414 554 2475 615 Α.

3364 550 3504 613 102?.

248 655 536 718 μέλλοντος
558 657 777 724 αἰῶνος,
801 661 894 715 καὶ
920 663 1338 731 παραπεσόντας
1367 663 1431 729 (ὣ
1454 665 1547 730 τῆς
1568 666 1768 731 ζημίας
1788 663 1826 726 l)

1943 681 1987 719 ιιι
2042 670 2174 735 lapsi
2212 669 2321 724 sint
2374 669 2465 738 (ob
2522 670 2715 739 ingens
2760 668 3088 732 damnum!)
3135 676 3187 721 ct
3239 666 3399 720 ﬁdem
3457 671 3510 722 itt

248 744 345 794 καὶ
404 744 826 815 ἀρνησαμένους
859 752 961 820 τὴν
1020 753 1099 815 εἰς
1144 753 1235 806 τὸν
1266 754 1472 825 Κύριον
1530 757 1734 817 πίστιν,
1777 759 1826 809 οἱ

247 834 383 888 θεῖοι
418 838 683 907 Πατέρες,
714 841 1046 913 σπλάγχνοις
1067 844 1294 911 ἀφάτων
1320 845 1645 917 οἰκτιρμῶν,
1674 846 1828 909 αὖθις

245 927 504 981 ὠδίνουσι
538 932 780 997 (Παῦλος
818 937 913 988 καὶ
942 936 1101 989 τοῦτο
1137 939 1537 1010 ἀναπληρούτω
1575 942 1687 1010 μοι)
1732 943 1828 1008 μὲ-

246 1037 373 1088 χρις
404 1022 472 1073 ἐν
507 1027 769 1094 μορφωθῇ
804 1028 1037 1095 Χριστὸς
1067 1032 1124 1082 ἐν
1148 1030 1331 1093 αὐτοῖς
1353 1047 1365 1060 ·
1401 1025 1481 1095 οἷς
1520 1031 1705 1101 μέντοι
1734 1050 1833 1085 πο-

250 1113 351 1175 λὺς
372 1115 399 1165 δ
420 1117 728 1184 μετάμελος
756 1121 853 1183 τῆς
875 1120 1054 1189 δεινῆς
1083 1122 1341 1186 ἀϐουλίας
1365 1124 1563 1194 εἰσῄει.
1600 1124 1831 1188 Πλείους

251 1209 366 1277 γάρ
396 1210 447 1261 οἱ
476 1210 721 1278 Πατέρες
744 1213 847 1264 κάν
877 1212 1083 1275 τοὺτνιις
1122 1216 1552 1286 ἐπιτετηρήκασι
1585 1219 1683 1279 τάς
1711 1218 1830 1270 δια-

253 1297 456 1367 φορὰς,
494 1298 650 1352 ταῦτ’
679 1302 789 1371 ἄρα
830 1304 923 1356 καὶ
952 1304 1243 1374 διαφόρους
1279 1308 1705 1377 προσενηνόχασι
1732 1312 1831 1372 τὰς

252 1392 321 1443 ἐκ
355 1392 464 1444 τῶν
498 1394 790 1462 ἐπιτιμίων
830 1395 1148 1466 θεραπείας.

339 1486 399 1537 ὀ
423 1485 603 1537 τοίνυν
626 1486 798 1555 μέγας
819 1487 921 1552 τῆς
940 1487 1163 1557 Νύσσης
1187 1490 1508 1559 Γρηγόριος,
1531 1492 1609 1561 τῷ
1628 1493 1721 1561 τῆς
1747 1509 1833 1544 σο-

254 1575 385 1644 φίας
411 1577 657 1644 περιόντι
686 1578 779 1631 καὶ
801 1582 1178 1649 πνευματικῆς
1209 1582 1522 1651 ἐπιστήμης
1574 1584 1828 1651 συμπάν·

254 1686 367 1720 των
405 1670 512 1722 τῶν
548 1672 681 1740 ἡμῖν
709 1672 1174 1741 ἁμαρτανομένων
1200 1673 1301 1738 τὴν
1322 1672 1539 1740 γένεσιν
1570 1672 1828 1743 ἀκριϐούο

257 1779 443 1831 μενος,
464 1762 629 1826 εὐθὺς
646 1762 703 1813 ἐν
718 1761 795 1832 τῷ
812 1761 1013 1833 πρώτῳ
1036 1764 1241 1824 κανόνι,
1262 1764 1588 1834 Τρία,φησὶ,
1601 1766 1669 1818 τὰ
1688 1766 1831 1818 κατὰ

253 1854 438 1924 ψυχὴν
462 1855 620 1923 ἡμῶν
647 1853 1018 1923 θεωρούμενα,
1044 1854 1105 1906 τὸ
1130 1855 1441 1919 λογικὸν,τδ
1458 1855 1709 1924 θυμικὸν,
1739 1857 1832 1909 καὶ

253 1951 316 1998 τὸ
340 1947 765 2015 ἐπιθυμητικόνο
787 1948 846 1998 ἐν
867 1945 1079 2009 τούτοις
1099 1948 1191 2000 καὶ
1212 1949 1278 2001 τὰ
1302 1946 1701 2017 κατορθώματα
1722 1950 1830 2000 τῶν

254 2039 460 2107 ἀρετὴν
489 2038 807 2107 μετιόντων,
838 2039 931 2091 καὶ
962 2040 1030 2090 τὰ
1080 2038 1353 2107 πτώματα
1382 2040 1490 2092 τῶν
1521 2041 1601 2101 είς
1628 2039 1828 2094 κακίαν

254 2131 665 2202 ἀπορρεόντων.
695 2131 803 2183 Καὶ
837 2130 929 2183 τοῦ
962 2130 1062 2193 μὲν
1086 2129 1308 2198 λογικοῦ
1336 2132 1537 2201 ἀρετὴν
1562 2125 1702 2183 εῐναι
1730 2133 1831 2200 τὴν

256 2222 457 2293 εὐσεϐῆ
496 2223 624 2293 περὶ
654 2221 717 2275 τὸ
748 2221 905 2275 Θεῖον
945 2222 1240 2293 ὑπόληψιν,
1277 2226 1369 2278 καὶ
1401 2225 1499 2293 τὴν
1537 2222 1631 2276 τοῦ
1664 2223 1829 2277 καλοῦ

256 2333 316 2367 τε
348 2318 443 2369 καὶ
485 2314 660 2368 κακοῦ
695 2314 1044 2386 διακριτικὴν
1095 2317 1431 2386 ἐπιστήμην,
1470 2319 1567 2370 καὶ
1621 2317 1674 2367 τί
1731 2316 1832 2384 μὲν

257 2408 483 2477 ὀρεκτὸν
513 2408 571 2459 ἐν
596 2410 709 2471 τοῖς
729 2408 875 2474 οὖσι,
905 2409 956 2461 τί
982 2408 1038 2461 δέ
1067 2408 1358 2479 βδελυκτὸν
1386 2409 1709 2462 ἐπίστασθαι
1741 2413 1834 2464 καὶ

257 2501 605 2571 ἀπόϐλητονο
645 2500 849 2553 κακίαν
912 2499 970 2552 δέ
1016 2501 1212 2555 τούτου
1262 2500 1361 2571 τὴν
1404 2503 1467 2553 ἐκ
1512 2502 1831 2555 τούναντίου

259 2598 390 2660 ςτερὶ
418 2595 479 2648 τὸ
498 2593 656 2647 Θείον
684 2592 943 2647 ἀσέϐειαν
968 2608 984 2624 ’
1011 2588 1149 2657 οἷον,
1183 2594 1235 2645 εί
1260 2611 1344 2657 τις
1371 2594 1470 2663 τὴν
1494 2594 1573 2655 είς
1596 2595 1833 2663 Χριστὸν

257 2686 642 2756 ἀρνησάμενος
674 2685 882 2747 πίστιν,
919 2685 1055 2754 πρὸς
1088 2685 1447 2755 Ίουδαῖσμδν,
1482 2684 1515 2754 ἢ
1550 2685 1833 2738 είδωλολα-

261 2780 471 2846 τρείαν,
521 2778 553 2847 ἦ
602 2778 986 2846 δίανιχαῖσμὺν
1041 2777 1410 2847 ἐξετράπη,ἢ
1462 2779 1597 2845 πρὸς
1631 2780 1833 2848 γόητας

263 2877 362 2927 καὶ
395 2872 606 2941 μάγους
639 2870 817 2923 ἀπιὼν
845 2871 1007 2935 ἑάλω,
1040 2872 1131 2923 καὶ
1162 2872 1289 2932 τοὺς
1314 2869 1401 2923 διὰ
1432 2868 1706 2939 δαιμόνων
1731 2886 1836 2922 κα-

263 2963 469 3037 θάρσιά
497 2982 617 3018 τινα
643 2965 738 3015 καὶ
760 2964 1246 3033 ἀποτροπιασμοὺς
1270 2964 1512 3033 ἐνεργεῖν
1540 2961 1835 3030 ὑπισχνου-

269 3062 461 3128 μένους
486 3076 503 3090 ’
544 3058 640 3112 καὶ
669 3058 855 3121 ἁπλῶς
891 3059 1087 3119 εἰπεῖν,
1116 3058 1177 3109 τὸ
1213 3060 1341 3127 περ)¹
1380 3058 1478 3125 τὴν
1515 3057 1698 3125 κρίσιν
1725 3055 1836 3107 τῶν

264 3152 612 3221 πραγμάτων
663 3148 953 3216 ἐσφάλθαι,
990 3149 1066 3210 ὡς
1115 3146 1324 3201 τιθέναι
1356 3149 1417 3199 τὸ
1448 3147 1564 3215 φῶς
1622 3145 1835 3211 σκότος,

265 3248 360 3301 καὶ
394 3244 457 3296 τὸ
524 3242 715 3301 σκότος
757 3241 894 3309 φῶς,
945 3240 1087 3293 κατὰ
1125 3240 1223 3311 τὴν
1269 3240 1515 3311 Γραφήν.
1546 3239 1659 3292 Τοῦ
1692 3239 1738 3291 δ’
1768 3235 1836 3293 αὖ

1937 762 2222 816 Dominum
2295 762 2636 831 negaverint,
2705 762 2880 815 sancti
2961 760 3150 813 Patres
3207 759 3512 813 visceribus

1936 853 2222 908 inetiabilis
2251 854 2639 909 misericordia:
2694 855 2888 907 iterum
2947 851 3253 919 parturiunt
3290 852 3513 918 (Paulus

1934 944 2132 997 iterum
2182 944 2294 997 haec
2325 943 2461 997 mihi
2513 944 2678 997 verba
2711 942 2991 1011 suppleat)
3043 943 3218 996 donec
3255 942 3513 996 Christus

1935 1038 2202 1090 formetur
2233 1035 2287 1087 in
2340 1036 2474 1105 ipsis
2520 1049 2657 1104 quos
2702 1036 2963 1089 nimirum
3009 1035 3079 1087 ob
3129 1034 3512 1101 gravissimum

1934 1144 2093 1182 suum
2128 1143 2369 1181 errorem
2402 1143 2596 1197 magna
2648 1127 2972 1197 pwnitentia
3010 1125 3260 1180 incessit.
3300 1124 3511 1179 Etenim

1934 1220 2124 1274 Patres
2153 1219 2206 1272 in
2238 1218 2305 1272 iis
2354 1219 2615 1288 plurimas
2647 1218 2985 1274 din‘erentias
3027 1218 3411 1279 observarunt,
3455 1225 3513 1270 et

1940 1321 2218 1380 propterea
2245 1326 2341 1380 per
2372 1326 2561 1381 pwnas
2594 1312 2811 1366 diversa
2846 1310 3087 1366 remedia
3123 1316 3508 1380 porrexerunt.

2007 1495 2229 1562 Magnus
2275 1494 2455 1563 itaque
2505 1494 2795 1563 Gregorius
2843 1494 3120 1562 Nyssenus
3167 1494 3222 1544 in
3269 1489 3510 1560 Epistola
3586 1500 3593 1505 '

1937 1586 2005 1638 ad
2036 1584 2297 1649 Letoium,
2321 1583 2672 1652 sapientia‘et
2693 1582 3009 1652 cognitione
3032 1581 3303 1650 spirituali
3330 1580 3483 1635 excel
3500 1608 3514 1619 -

1935 1675 2158 1737 lentem,
2202 1674 2451 1728 omnium
2488 1681 2836 1740 peccatorum
2883 1682 3194 1726 nostrorum
3243 1668 3510 1739 originem

1936 1768 2394 1836 investigaturus.
2444 1766 2498 1818 in
2550 1764 2726 1833 primo
2775 1764 2960 1818 statim
3013 1777 3243 1827 canone,
3302 1759 3406 1813 tria
3455 1759 3509 1812 in

1933 1858 2111 1925 anima
2130 1866 2314 1912 nostra
2337 1855 2607 1926 praecipue
2619 1852 3010 1913 consideranda
3032 1851 3164 1907 dicit
3190 1850 3507 1910 :rationem,

1935 1949 2211 2013 aﬂectum,
2249 1956 2304 2003 et
2342 1947 2877 2017 concupiscentiam;
2916 1946 3080 2016 inque
3111 1946 3180 1999 iis
3208 1956 3322 1998 tum
3364 1955 3511 1996 recte

1937 2048 2078 2096 tacta
2143 2058 2334 2097 eorum
2414 2042 2507 2110 qui
2575 2041 2830 2095 virtutem
2907 2047 3329 2109 prosequuntur,
3399 2045 3511 2090 tum

1935 2135 2132 2190 delicta
2162 2150 2353 2191 eorum
2399 2135 2491 2203 qui
2529 2135 2593 2187 ad
2648 2132 2837 2187 vitium
2888 2131 3282 2201 prolabuntur,
3324 2128 3510 2182 consi-

1935 2239 2100 2281 Mere.
2141 2225 2205 2281 Et
2236 2228 2465 2281 rationis
2508 2226 2727 2294 quidem
2774 2226 3031 2279 virtutem
3075 2237 3215 2284 esse,
3266 2222 3411 2290 piam
3445 2220 3513 2272 de

1938 2319 2049 2372 Deo
2070 2316 2406 2387 opinionem,
2433 2318 2575 2372 inter
2608 2318 2812 2371 bonum
2841 2326 2898 2370 et
2922 2317 3125 2370 malum
3166 2313 3511 2370 discernendi

1936 2411 2260 2476 scientiam;
2325 2421 2380 2464 et
2444 2410 2575 2479 quid
2645 2411 2699 2463 in
2768 2414 2930 2464 rebus
2993 2407 3357 2477 expetendum
3421 2404 3511 2467 sit,

1935 2506 2175 2574 quidque
2205 2504 2568 2558 aversandum
2615 2514 2670 2557 et
2719 2500 3101 2572 rejiciendunt.
3141 2514 3510 2569 cognoscere:

1935 2600 2053 2666 ejus
2084 2609 2265 2651 autem
2295 2597 2483 2651 vitium
2517 2610 2637 2652 esse
2666 2597 2972 2665 oppositam
3014 2596 3156 2650 circa
3185 2609 3273 2648 res
3301 2591 3514 2645 diVllla‘S

1937 2692 2273 2761 impietatem
2300 2706 2317 2755 ;
2341 2689 2573 2758 exempli
2616 2689 2808 2759 gratia,
2849 2688 2895 2744 si
2925 2688 3048 2757 quis
3075 2686 3236 2740 ﬁdem
3269 2685 3324 2738 iit
3350 2683 3514 2738 Cbri—

1937 2792 2081 2837 stum
2126 2795 2354 2849 negans,
2383 2780 2450 2834 ad
2478 2778 2846 2839 Judaismum,
2876 2778 2960 2831 vel
3003 2775 3390 2839 idololatriam,
3432 2777 3512 2828 vel

1939 2872 2405 2926 Manicltmismum
2457 2886 2756 2927 conversus
2818 2871 3005 2934 fuerit,
3054 2871 3135 2924 vel
3183 2870 3250 2923 ad
3304 2870 3515 2937 paesti-

1939 2965 2177 3034 giatores
2227 2972 2282 3017 et
2329 2977 2535 3033 magos,
2587 2977 2789 3031 eosque
2847 2963 2939 3031 qui
2992 2977 3049 3015 se
3096 2976 3191 3029 per
3241 2961 3515 3012 drmonas

1938 3058 2152 3127 piacula
2217 3057 2464 3126 quaedam
2531 3066 2585 3109 et
2663 3056 3134 3125 praevaricationes
3193 3065 3515 3121 operaturos‘

1942 3149 2291 3215 pollicentur,
2341 3148 2543 3203 abiisse
2591 3147 2969 3214 deprehensus
3019 3149 3121 3212 sit;
3164 3159 3240 3208 et,
3296 3158 3352 3199 ut
3406 3161 3514 3198 uno

1942 3242 2109 3295 verbo
2142 3241 2339 3304 dicam,
2374 3241 2633 3296 fallaciter
2660 3241 2729 3296 de
2755 3242 2918 3296 rebus
2943 3242 3208 3312 judicare,
3237 3251 3287 3293 et
3338 3242 3516 3293 lucem

265 3330 667 3405 ἐπιθυμητίκοῦ
696 3334 897 3402 ἀρετὴν
922 3331 1162 3399 ἀτεχνῶς
1201 3328 1339 3385 εἶναι
1366 3331 1465 3402 τὴν
1503 3333 1599 3401 τῆς
1630 3331 1834 3401 ἀρετῆς

1943 3332 2196 3386 tenebras
2262 3346 2507 3400 ponere.
2570 3340 2624 3384 et
2684 3331 2937 3385 tenebras
3019 3329 3237 3384 lucem.
3302 3326 3378 3380 uti
3442 3325 3518 3378 ait

266 3431 492 3498 ἔφεσιν·
538 3428 598 3480 τὸ
649 3428 888 3496 ἐρωτικῇ
923 3442 980 3479 τε
1032 3426 1179 3496 πάσῃ
1231 3424 1462 3493 δυνάμει
1507 3428 1602 3479 καὶ
1655 3423 1834 3495 ψυχῆς

264 3523 545 3592 ὁλοσχερεῖ
572 3519 815 3573 διαθέσει
845 3517 965 3587 Θεῷ
1009 3518 1323 3581 κολλᾶσθαι,
1354 3521 1449 3571 καὶ
1478 3518 1706 3589 μηδενὸς
1735 3519 1834 3588 τὴν

264 3616 341 3677 εις
370 3613 535 3667 αὐτὸν
556 3613 777 3682 ἀγάπην
803 3612 1114 3683 προΐεσθαι,
1144 3613 1277 3683 παρ’
1298 3605 1361 3665 οὗ
1390 3612 1695 3681 πηγάζεται
1724 3614 1836 3675 τοῖς

265 3706 572 3779 ἀνθρώποις
599 3707 633 3775 ἡ
669 3705 837 3779 ἁρετὴ
886 3706 979 3759 κοιλ⁷
1008 3704 1117 3757 πᾶν
1144 3703 1373 3773 δώρημα
1402 3704 1626 3766 τέλειον,
1728 3705 1829 3760 πού

265 3815 431 3870 φησιν
473 3798 502 3849 ό
531 3795 673 3857 θεῖος
710 3793 964 3857 Ἰάκωϐος
992 3812 1006 3825 ο
1059 3793 1250 3848 τούτου
1302 3794 1360 3849 δι
1416 3811 1479 3862 γε
1540 3796 1837 3866 σκαιότητα

265 3893 364 3955 τὴν
399 3887 734 3958 φιληδονίαν,
765 3888 864 3957 τὴν
901 3886 1363 3957 φιλοχρηματίαν,
1412 3886 1510 3958 τὴν
1543 3890 1643 3957 τῆς
1672 3889 1837 3956 κενῆς

264 3981 424 4051 δόξης
451 3980 656 4048 ἔφεσιν,
685 3980 781 4033 καὶ
812 3977 905 4031 τοῦ
938 3977 1422 4047 ἐπικεχρωσμένου
1451 3981 1562 4041 τοῖς
1589 3977 1837 4048 σώμασιν

266 4076 480 4138 ἄνθους,
529 4073 632 4143 ἥγε
660 4071 723 4139 δὴ
765 4072 861 4125 καλ⁵
900 4072 979 4133 είς
1024 4072 1283 4141 πορνείαν
1319 4072 1379 4124 ἐν
1423 4072 1624 4142 καρδίᾳ
1677 4073 1841 4140 μελε-

267 4167 519 4234 τωμένην
548 4162 800 4232 τελευτᾷ,
830 4162 864 4232 ἢ
902 4162 996 4213 καὶ
1032 4162 1281 4231 μοιχείαν
1309 4176 1323 4192 ⁸
1354 4162 1561 4223 ταύτας
1597 4162 1710 4227 οὖν,
1741 4163 1842 4233 τὴν

273 4257 369 4325 μὲν
428 4253 717 4323 ἐπιϐουλὴν
751 4253 992 4322 ὡρίσατο
1025 4253 1121 4305 καὶ
1153 4254 1366 4306 ἀδικίαν
1390 4253 1486 4307 τοῦ
1519 4256 1798 4326 ἀλλοτρίου
1824 4273 1837 4285 ·

268 4347 362 4417 τὴν
395 4347 450 4399 δέ
480 4363 542 4415 γε
593 4344 857 4414 πορνείαν
923 4344 1223 4414 ἐπιθυμίας
1271 4347 1438 4417 μόνης
1472 4348 1838 4417 ἐκπλήρωσιν,

271 4444 356 4488 τὶν
387 4435 480 4489 τοῦ
511 4436 681 4498 πέλας
728 4437 907 4504 γάμον
942 4435 1015 4506 μὴ
1044 4434 1432 4506 διορύττουσαν
1460 4455 1476 4471 ’
1508 4440 1606 4509 τῆς
1636 4441 1692 4494 δέ
1718 4443 1843 4495 ἀτό-

272 4546 371 4581 που
410 4529 658 4601 μοιχείας
702 4530 797 4582 καὶ
836 4528 937 4599 τὴν
986 4528 1382 4599 παιδεραστίαν
1411 4532 1709 4601 ἠρτῆσθαι,
1748 4538 1841 4588 καὶ

272 4624 365 4693 τὴν
395 4599 737 4694 ζωῖφθορίαν
756 4638 772 4653 °
808 4622 1025 4690 φύσεως
1050 4623 1163 4693 γάρ
1192 4626 1288 4679 καὶ
1314 4599 1495 4679 ταῦτα
1525 4627 1699 4695 κρίνει
1728 4645 1842 4696 μοι·

270 4718 439 4787 κείαν,
473 4715 549 4779 ὡς
580 4715 647 4769 ἂν
688 4718 769 4777 είς
818 4715 1101 4785 ἀλλότριον
1126 4715 1299 4786 δήπου
1351 4718 1445 4770 καὶ
1474 4719 1629 4784 παρά
1670 4720 1838 4788 φύσιν

272 4808 565 4878 γενομένης
597 4805 700 4874 τῆς
739 4803 973 4869 ἀδικίας.
1006 4806 1118 4875 Ti};
1160 4822 1226 4873 γε
1262 4806 1369 4876 μὴν
1416 4807 1697 4878 θυμώδους
1726 4813 1846 4867 δια..

272 4901 471 4963 θέσεως
526 4898 933 4967 ἐπαινουμένην
978 4899 1074 4952 καὶ
1126 4899 1271 4951 κατὰ
1327 4900 1488 4967 φύσιν
1539 4902 1843 4973 ἐνέργειαν,

270 4990 366 5064 τὴν
396 4990 533 5061 πρὸς
556 4990 618 5043 τὸ
651 4989 824 5044 κακὸν
854 4988 1179 5059 ἀπέχθειαν,
1212 4989 1274 5043 τὸ
1311 4994 1423 5051 τοῖς
1455 4991 1653 5047 πάθεσι
1686 4998 1844 5051 πολε-

277 5086 415 5151 μεῖν,
448 5083 587 5154 πρδς
618 5082 842 5153 ἀνδρίαν
882 5100 942 5136 τε
974 5081 1343 5151 ἐστομῶσθαι,
1374 5086 1470 5138 καὶ
1511 5085 1586 5154 μὴ
1619 5086 1718 5149 τὰς
1748 5091 1843 5143 τοῦ

277 5176 503 5229 θανάτου
551 5175 785 5238 ἀπειλὰς
830 5176 1059 5229 δεδιέναι
1081 5192 1095 5206 υ
1135 5178 1329 5246 πεῖράν
1365 5192 1425 5229 τε
1456 5177 1738 5243 ξάλγεινῶν
1768 5184 1842 5252 μὴ

277 5268 686 5336 καταπτήσσειν
732 5268 1005 5336 βασάνων,
1054 5271 1149 5324 καὶ
1176 5268 1316 5338 πρὸς
1346 5267 1444 5337 τὴν
1475 5270 1584 5322 τῶν
1611 5272 1843 5338 ἡδίστων

273 5358 303 5427 ἦ
340 5358 589 5429 συνήθων
616 5358 893 5425 διάζευξιν
921 5359 994 5428 μὴ
1029 5359 1451 5427 μαλακίζεσθαι,
1480 5363 1580 5431 τῆς
1605 5367 1843 5429 πίστεως

272 5452 363 5504 καὶ
403 5449 608 5519 ἀρετῆς
643 5449 1023 5519 ἀπεχόμενον.
1066 5450 1377 5523 Ἐκτροπὴν
1405 5453 1464 5505 δέ
1512 5454 1717 5521 ταύτης
1750 5460 1841 5509 καὶ

274 5543 581 5611 ἀπόπτωμα
633 5541 694 5594 τὸ
723 5542 939 5610 φθονεῖν
971 5560 1030 5596 τε
1075 5543 1170 5597 καὶ
1205 5550 1589 5613 μνησικακεῖν,
1618 5553 1718 5611 τὰς
1743 5553 1842 5619 ἐμ-

274 5633 610 5702 φιλονείκους
643 5635 984 5703 ἐρεσχελίας,
1016 5636 1073 5689 αἳ
1121 5635 1185 5705 δὴ
1224 5640 1317 5689 καὶ
1346 5638 1426 5699 είς
1469 5638 1682 5705 πληγὰς
1727 5641 1841 5693 ἐσθ’

274 5728 355 5779 lita
383 5726 677 5781 τελευτῶσι
710 5729 803 5779 καὶ
828 5730 1040 5794 φόνους.

342 6010 474 6081 Περὶ
506 6010 602 6081 μὲν
630 6010 720 6063 οὖν
750 6009 856 6065 τῶν
876 6010 968 6065 δύο
990 6011 1086 6082 τῆς
1116 6011 1294 6082 ψυχῆς
1320 6011 1630 6083 δυνάμεων,
1663 6012 1836 6085 θνμοῦ

1938 3425 2238 3495 Scriptura.
2293 3425 2498 3479 Rursus
2546 3422 3006 3492 concupiscentia
3054 3420 3309 3473 virtutem
3360 3417 3519 3487 plane

1939 3532 2083 3583 esse,
2115 3517 2240 3573 boni
2271 3517 2643 3586 appetionem.
2673 3514 2825 3569 omni
2874 3514 3131 3568 facultate
3176 3513 3419 3574 amandi,
3453 3520 3509 3564 et

1940 3620 2053 3665 tota
2101 3611 2297 3664 anima:
2329 3608 2618 3662 attentione
2665 3609 2775 3661 Deo
2824 3608 3128 3671 adhaerere,
3173 3616 3229 3659 et
3274 3621 3516 3659 amorem

1939 3706 2079 3772 ejus,
2138 3721 2167 3758 a
2224 3716 2334 3772 quo
2385 3702 2559 3755 virtus
2614 3712 2666 3754 et
2719 3714 2882 3754 omne
2942 3699 3246 3769 perfectum
3311 3698 3518 3750 donum

1941 3794 2262 3850 hominibus
2318 3793 2596 3847 derivatur
2671 3792 2768 3861 (uti
2836 3791 3035 3845 alicubi
3097 3789 3233 3844 dicit
3294 3798 3519 3843 sanctus

1938 3885 2222 3950 Jacobus).
2258 3899 2355 3952 pro
2395 3885 2543 3936 nulla
2589 3899 2647 3937 re
2679 3899 2776 3951 pro
2801 3882 3060 3936 derelicto
3102 3882 3348 3937 habere:
3401 3883 3521 3947 eius

1941 3988 2126 4034 autem
2182 3976 2602 4031 declinationem
2654 3990 2796 4038 esse,
2854 3974 3156 4036 libidinem,
3209 3989 3339 4027 avar
3365 3974 3518 4037 tiam,

1944 4071 2120 4125 inanis
2173 4069 2379 4139 gloriw,
2441 4077 2495 4121 et
2539 4067 2710 4126 ﬂoris.
2769 4067 2861 4134 qui
2909 4066 3159 4135 corporis
3210 4065 3518 4131 superlicici

1944 4172 2025 4216 est
2054 4160 2245 4221 illitus,
2272 4157 2600 4213 desiderium
2630 4158 2808 4226 :quod
2835 4158 2888 4210 iu
2920 4156 3100 4209 anima
3122 4153 3428 4208 exercitum
3466 4153 3516 4203 ιιι

1942 4251 2308 4306 fornicatione
2350 4260 2446 4305 aut
2501 4250 2770 4303 adulterio
2813 4250 3180 4303 terminatur:
3221 4261 3287 4300 ex
3322 4246 3520 4313 quibus

1945 4346 2165 4415 quidem
2220 4344 2546 4399 adulterium
2599 4342 2811 4405 deﬁnit,
2884 4340 3111 4394 insidias
3156 4348 3211 4395 et
3264 4336 3518 4403 injuriatu

1947 4440 2107 4494 alteri
2137 4438 2397 4500 allatam;
2442 4434 2860 4492 fornicationem
2911 4448 3061 4494 vero,
3110 4430 3351 4485 libidinis
3377 4429 3519 4481 ditii-

1950 4543 2099 4588 taxat
2158 4530 2557 4600 expletiouem,
2613 4544 2734 4597 quae
2792 4526 2956 4581 vicini
3013 4523 3332 4593 conjugium
3410 4537 3519 4573 non

1948 4624 2189 4693 attingit.
2244 4623 2387 4689 Quin
2434 4623 2544 4675 imo
2583 4631 2637 4674 et
2685 4620 3028 4689 pzedicatum,
3079 4627 3133 4671 et
3183 4630 3306 4669 cum
3348 4613 3522 4667 brutis

1947 4717 2275 4774 animalbus
2355 4714 2778 4775 commercium,
2867 4708 3136 4764 adulterio
3218 4705 3520 4760 irrationali

1951 4812 2182 4883 appeudi
2214 4810 2384 4872 dicit;
2416 4824 2479 4862 ea
2507 4809 2680 4869 enim,
2732 4814 2917 4875 utpote
2948 4805 3000 4857 itt
3036 4804 3086 4857 id
3111 4802 3253 4871 quod
3284 4801 3520 4855 alienum

1906 4934 1907 4937 η
1950 4917 2055 4968 est.
2083 4914 2139 4960 et
2164 4912 2360 4974 pra-ter
2389 4913 2639 4956 naturam
2691 4900 2885 4953 factam
2922 4897 3265 4967 injustitiam,
3315 4903 3522 4947 naturae

1948 4999 2275 5054 adulterium
2297 4996 2600 5052 existimat.
2628 4992 2923 5049 Facultatis
2946 4991 3181 5057 denique
3231 4987 3523 5041 irascibtlis

1948 5091 2277 5146 laudabilem
2310 5098 2367 5143 et
2404 5087 2701 5141 secundum
2757 5094 3007 5139 naturam
3058 5082 3328 5137 actionem
3378 5094 3520 5139 esse,

1947 5185 2214 5253 cujusque
2252 5180 2379 5234 mali
2424 5179 2638 5241 odium,
2672 5176 3178 5247 perturbationibus
3195 5174 3391 5228 anima:
3410 5174 3524 5226 bel-

1947 5278 2059 5331 lum
2084 5275 2351 5336 indicere,
2376 5273 2444 5327 ad
2470 5270 2842 5326 fortitudinem
2863 5271 3232 5333 corroborari,
3257 5278 3314 5322 et
3335 5264 3523 5320 mortis

1887 5417 1891 5420 .
1947 5367 2125 5422 minas
2152 5382 2262 5421 non
2290 5379 2680 5433 expavescere,
2728 5364 3050 5431 gravissima
3090 5370 3361 5416 tormenta
3403 5359 3521 5410 sine

1947 5471 2095 5513 metu
2159 5456 2420 5527 experiri,
2489 5462 2711 5523 proiiter
2771 5454 3192 5523 disiunctionem
3263 5467 3294 5503 a
3359 5449 3522 5502 rebus

1941 5550 2200 5619 jucundis
2253 5546 2640 5615 consuetisqne
2700 5561 2815 5600 non
2865 5547 3233 5617 languescere,
3290 5541 3415 5594 ﬁdei
3469 5554 3522 5593 ct

1947 5642 2130 5696 virtuti
2198 5641 2683 5695 adbaerescrntent.
2714 5636 2889 5707 Hujus
2942 5646 3121 5691 autem
3152 5633 3519 5689 desertionem

1943 5745 1996 5788 et
2040 5733 2253 5802 lapsum
2282 5744 2423 5795 esse,
2461 5732 2721 5791 invidere,
2773 5730 3010 5782 rixarum
3056 5736 3112 5779 et
3158 5734 3517 5780 scommatum

1946 5827 2243 5888 recordari,
2307 5841 2424 5893 qua:
2490 5826 2541 5878 in
2604 5824 2774 5894 plagis
2824 5821 3116 5892 aliquando
3170 5828 3224 5872 ct
3281 5817 3520 5874 caedibus

1949 5921 2327 5975 terminantur.

2017 6016 2088 6068 De
2122 6013 2337 6069 duabus
2379 6014 2571 6067 anitttit‘
2604 6009 2904 6077 aticciibns,
2955 6012 3032 6066 ira
3072 6023 3270 6079 nempe
3305 6015 3359 6063 et
3382 6021 3526 6078 ton-
