3880 6540
462 474 604 539 1023
1649 498 1699 555 Μ
1710 498 1912 560 ΑΤῚῊ
1922 503 1981 561 ,Ε
1994 504 2015 562 l

2137 507 2332 567 .ASTA
2348 511 2389 568 ll
2404 511 2474 571 IS
3565 519 3693 585 ιῡὲι

461 590 821 656 cupiscentia,
859 601 913 647 et
952 598 1191 664 peccatis
1224 615 1345 667 qua:
1393 600 1446 654 in
1476 602 1543 656 iis
1572 607 1903 673 consistunt,
1932 627 2030 665 suo

2137 634 2216 682 τε,
2270 624 2438 688 φημὶ,
2473 623 2568 675 καὶ
2598 622 2917 693 ἐπιθυμίας.
2951 628 3046 680 καὶ
3078 628 3183 680 τῶν
3215 629 3273 679 ἐν
3314 629 3526 692 τούτοις
3575 650 3685 687 συν-

462 681 605 746 loco,
646 692 701 737 et
748 692 805 736 nt
856 688 991 741 ordo
1044 689 1350 745 litterarum
1396 698 1669 762 postulat.
1698 698 1842 754 intra
1885 702 2036 757 dice-

462 784 578 840 tur;
614 787 836 843 peccata
866 778 1120 849 ﬂantem
1165 798 1282 851 quia
1319 800 1347 838 a
1381 787 1612 841 rationis
1640 800 1788 844 motu
1814 800 2036 859 prester-

460 867 693 921 naturali
736 872 1074 938 procedunt,
1112 875 1166 929 in
1221 880 1472 945 praesenti
1515 883 2030 941 considerabimus:

459 973 522 1009 ea
585 960 731 1014 enim
785 965 1035 1032 graviora
1084 967 1336 1024 Patribus
1405 980 1461 1026 et
1519 974 1690 1029 multo
1725 977 1916 1043 maimi
1953 989 2036 1033 at-

460 1048 706 1104 tentione
757 1052 916 1124 digna
949 1056 1061 1112 visa
1089 1069 1259 1126 sunt;
1300 1077 1533 1130 quorum
1584 1082 1692 1120 non
1747 1069 2032 1125 minimum

457 1148 543 1192 est
601 1152 766 1199 rectae
812 1147 937 1201 tidei
996 1151 1295 1223 abnegatio
1325 1172 1339 1220 ;
1372 1156 1438 1210 de
1470 1172 1577 1226 qua
1638 1162 1805 1215 verba
1853 1161 2035 1217 facere

459 1234 595 1286 mihi
652 1235 705 1289 in
756 1240 942 1295 animo
992 1254 1097 1300 est.
1149 1246 1223 1300 Ea
1269 1247 1433 1318 igitur
1458 1266 1565 1305 non
1594 1253 1770 1307 solum
1812 1269 1878 1307 ex
1918 1270 2037 1309 mo-

459 1323 655 1380 dorum
721 1328 1284 1399 dilTerentia,verum
1356 1350 1414 1395 et
1470 1357 1534 1396 ex
1604 1352 1909 1411 temporum
1954 1345 2036 1399 di-

457 1414 719 1472 versitate
753 1420 1055 1489 judicatnr.
1102 1424 1200 1481 Vel
1247 1430 1394 1484 enim
1441 1433 1604 1490 minis
1639 1435 1769 1491 solis
1818 1445 2033 1507 perter-

459 1509 551 1562 riti
587 1522 761 1577 erant,
813 1524 908 1570 aut
949 1518 1263 1576 adulatione
1308 1523 1528 1591 irretiti,
1581 1528 1676 1597 qui
1720 1529 1855 1600 lapsi
1885 1541 2038 1601 sunt,

458 1602 547 1655 vel
587 1605 681 1672 qui
734 1616 1003 1664 tormenta
1037 1614 1246 1679 experti
1292 1619 1638 1674 cruciatuutn
1683 1623 2034 1681 acerbitatem

459 1692 608 1749 ferre
669 1700 985 1766 nequibant.
1051 1703 1219 1764 Porro
1283 1709 1373 1763 alii
1438 1712 1659 1780 quidem
1725 1716 2037 1773 voluntarie

462 1789 795 1859 impietatem
826 1797 1057 1866 amplexi
1090 1811 1237 1865 sunt,
1268 1814 1329 1857 se
1369 1804 1512 1860 bona
1541 1820 1640 1860 sua
1673 1808 1835 1863 aliter
1864 1812 2038 1866 amis-

2145 712 2452 779 ισταμένων
2503 714 2955 793 ἀμαρτημάτων,
3007 718 3084 787 τῷ
3137 722 3467 791 προσήκοντι
3517 726 3683 793 τόπῳ,

2140 801 2235 853 καὶ
2260 800 2339 863 ὡς
2367 805 2400 873 ἡ
2443 804 2595 871 τάξις
2627 783 2862 860 ἀπαιτεῖ
2888 808 3000 860 τῶν
3035 783 3341 879 στοιχείων,
3377 783 3695 882 paeanas;-

2140 892 2277 947 ἀττα
2310 895 2366 947 δὲ
2412 898 2445 964 ἡ
2473 899 2565 949 τοῦ
2609 898 2917 965 λογιστικοῦ
2965 902 3115 971 παρὰ
3174 901 3336 971 φύσιν
3381 904 3688 975 δημιουργεῖ

2141 984 2374 1053 κίνησις,
2415 988 2477 1041 τὸ
2506 989 2601 1042 νῦν
2649 991 2748 1061 ἤδη
2797 996 3196 1063 σκοπήσωμεν·
3249 997 3423 1048 ταῦτα
3473 1000 3577 1067 γὰρ
3604 1002 3686 1053 καὶ

2141 1078 2499 1150 χαλεπώτερα
2549 1084 2661 1145 τοῖς
2709 1085 2989 1156 Πατράσιν
3042 1085 3259 1157 ἐκρίθη.
3309 1089 3403 1140 καὶ
3461 1090 3691 1157 μείζονος

2141 1173 2233 1224 καὶ
2261 1174 2671 1247 ὲπιπονωτέρας
2702 1177 2932 1249 δεόμενα
2956 1180 3053 1248 τῆς
3081 1182 3441 1251 ἐπιστροφῆς,
3468 1184 3561 1235 καὶ
3583 1185 3689 1235 τού-

2084 1314 2087 1321 λ
2140 1276 2252 1316 των
2282 1264 2381 1334 οὐχ
2412 1266 2614 1336 ἣκιστα
2646 1271 2748 1337 τὴν
2788 1270 2890 1340 τῆς
2942 1271 3109 1342 ὀρθῆς
3159 1272 3399 1336 πίστεως
3454 1274 3687 1344 ἄρνησιν,

2142 1356 2276 1426 περὶ
2323 1350 2390 1427 ἦς
2423 1358 2517 1411 καὶ
2564 1360 2742 1413 εἰπεῖν
2789 1361 3154 1433 προεθέμεθα.
3210 1362 3361 1431 Αὕτη
3398 1363 3593 1426 τοίνυν,
3621 1363 3686 1433 μὴ

2139 1448 2225 1501 ὅτι
2258 1465 2323 1516 γε
2345 1448 2410 1519 τῇ
2443 1448 2552 1504 τῶν
2593 1450 2811 1520 τρόπων
2844 1452 3104 1525 διαφορᾷ,
3136 1454 3276 1508 ἀλλά
3324 1456 3423 1509 καὶ
3455 1455 3530 1524 τῷ
3559 1456 3690 1509 διαλ-

2140 1536 2392 1592 λάττοντι
2418 1539 2665 1608 κρίνεται
2693 1541 2805 1596 τῶν
2831 1542 3061 1613 καιρῶν.
3091 1544 3252 1599 ’Ἤτοι
3289 1545 3398 1615 γὰρ
3425 1546 3579 1614 μόνον
3602 1564 3690 1601 κα-

2140 1627 2515 1697 ταπλαγέντες
2556 1631 2826 1702 ἀπειλὴν,
2876 1632 2909 1700 ἢ
2961 1632 3225 1705 κολακείᾳ
3276 1635 3693 1699 ὐποκλαπέντες,

2141 1720 2284 1773 είσὶν
2315 1720 2369 1774 οἳ
2392 1722 2833 1791 κατηνέχθησαν,
2865 1724 2899 1792 ἢ
2932 1725 3026 1776 καὶ
3052 1723 3304 1794 βασάνων
3336 1727 3687 1796 πειραθέντες.

2143 1810 2404 1880 καὶπρὸς
2429 1811 2530 1878 τὴν
2568 1811 2882 1883 δριμύτητα
2917 1813 2993 1883 μὴ
3033 1815 3381 1885 ἀντισχόντες
3416 1818 3521 1870 τῶν
3560 1818 3687 1869 αἰκι-

466 1894 628 1936 suros
650 1884 1053 1955 existimantes;
1073 1891 1163 1944 alii
1182 1906 1315 1947 vero
1334 1906 1456 1964 post
1473 1896 1597 1952 ﬁdei
1616 1899 2030 1966 abdicationem,

2146 1901 2322 1970 σμῶν.
2356 1902 2469 1956 Καὶ
2516 1905 2566 1956 οἱ
2600 1903 2702 1972 μὲν
2734 1903 2977 1957 ἐθελοντὶ
3007 1904 3076 1958 τὰ
3114 1884 3223 1975 τῆς
3247 1908 3501 1970 ἀσεϐείας
3530 1911 3689 1979 ἠσπά-

462 1985 846 2039 persecutores
878 1980 970 2048 (oh
1001 1981 1282 2039 hominum
1317 1988 1704 2062 impietatem!)
1728 2004 2030 2050 evaserunt.

2143 1969 2331 2055 σαντο,
2376 1969 2725 2063 πραγμάτων
2756 1994 3104 2065 ἀπηλλάχθαι
3146 1969 3503 2066 νομίζοντες·
3547 1969 3590 2052 ἐι
3641 2001 3693 2052 δὲ

462 2063 540 2117 Ex
562 2066 630 2122 iis
655 2084 847 2124 rursus
868 2071 959 2125 alii
981 2088 1222 2130 errorem
1242 2093 1340 2147 pro
1356 2080 1587 2137 veritate
1606 2094 1879 2139 commnta
1890 2096 2030 2150 runt.

2141 2085 2234 2137 καὶ
2269 2085 2408 2152 μετὰ
2440 2086 2544 2154 τὴν
2570 2085 2673 2155 τῆς
2701 2063 2942 2145 πίστεως
2978 2063 3246 2158 ἀθέτησιν
3279 2089 3527 2153 διῶκται,
3563 2091 3684 2159 φεῦῑ

465 2170 591 2210 cum
640 2160 818 2227 pietas
844 2164 1025 2219 adhuc
1052 2167 1109 2221 in
1141 2168 1483 2227 incunabulis
1528 2184 1585 2229 et
1625 2177 1868 2230 nondum
1902 2178 2030 2236 bene

2138 2177 2246 2229 τῶν
2269 2177 2511 2232 εὐσεϐῶν
2535 2180 2813 2244 γεγόνασι.
2843 2179 2950 2232 Καὶ
2974 2178 3181 2237 τούτων
3200 2178 3360 2244 αὖθις
3405 2184 3456 2236 οἱ
3489 2184 3583 2251 μὲν
3606 2184 3688 2247 τὴν

460 2248 699 2303 stabilita
739 2262 929 2321 esset;
959 2273 1193 2327 cumque
1233 2264 1547 2329 persecutio
1585 2267 1740 2321 valde
1767 2267 2030 2338 ferveretl

2141 2271 2351 2341 πλάνην
2390 2270 2490 2340 τῆς
2519 2271 2781 2341 ἀληθείας
2819 2272 3137 2341 ἠλλάξαντο,
3189 2275 3248 2327 ὲν
3283 2248 3580 2343 προοιμίοις
3606 2274 3689 2329 οὔ·

460 2347 518 2392 et
551 2343 763 2410 tyranni
793 2344 978 2401 furore
1008 2350 1204 2416 perciti
1235 2352 1484 2410 veritatis
1518 2371 1803 2425 praecones
1829 2363 2030 2432 gravis-

2140 2379 2243 2430 σης
2274 2362 2375 2431 τῆς
2402 2361 2710 2428 εὐσεϐείας,
2761 2363 2855 2416 καὶ
2904 2363 3131 2434 μηδέπω
3181 2365 3365 2428 καλῶς
3403 2366 3685 2435 ἱδρυμένης,

462 2431 617 2488 simis
681 2439 969 2494 tormentis
1036 2442 1426 2512 subiicerent:
1504 2450 1596 2503 alii
1659 2431 1848 2507 autem
1913 2470 2030 2510 cum

2138 2455 2305 2525 ήνίιια
2354 2455 2449 2507 καὶ
2493 2455 2522 2507 ὁ
2564 2454 2807 2523 διωγμὸς
2839 2431 3069 2525 σιροδρδν
3117 2456 3271 2509 ἔπνει
3324 2456 3421 2510 καὶ
3457 2431 3683 2527 μανικὸν,

2137 2546 2246 2599 τῶν
2278 2546 2558 2615 τυράννων
2606 2547 2934 2616 ἀνηκέστοις
2967 2547 3494 2602 καθυποϐαλλόντων
3542 2549 3685 2616 βασά-

2138 2651 2251 2701 νοις
2283 2637 2411 2701 τοὺς
2442 2638 2848 2708 πρεσϐεύοντας
2877 2638 2976 2708 τὴν
3004 2639 3266 2710 ἀλήθειαν
3286 2656 3301 2671 ·
3334 2642 3386 2693 oi
3413 2642 3491 2706 δὲ,
3522 2643 3601 2694 ὅτε
3628 2644 3685 2693 τὰ

2137 2730 2238 2795 τῆς
2268 2726 2554 2792 εὐσεϐείας
2580 2729 2677 2799 τὴν
2710 2728 2801 2799 ὑφ’
2844 2730 2982 2800 ἡλίῳ
3012 2730 3296 2800 περιέσχε,
3327 2735 3425 2786 καὶ
3456 2733 3683 2802 βασιλέας

2138 2819 2236 2888 οὐχ
2265 2814 2429 2890 ἧττον
2458 2819 2684 2889 ἐκόσμει
2718 2814 2780 2873 οὗ
2815 2820 3159 2890 περίκεινται
3185 2821 3538 2892 διαδήματος.

2138 2933 2277 3001 Περὶ
2307 2930 2428 2987 τῶν
2453 2933 2552 2988 διὰ
2572 2935 2763 3002 φόϐον
2795 2933 3232 3004 ἀρνησαμένων
3263 2932 3564 3003 κληρικῶν
3587 2933 3687 3003 τὴν

1107 3006 1386 3063 negarunt.

2808 3005 3038 3059 πίστιν,

529 3072 608 3131 De
634 3075 847 3135 clericis
865 3091 1012 3137 metu
1036 3085 1259 3153 periculi
1281 3088 1446 3158 lapsis
1472 3107 1581 3146 an
1603 3103 1777 3150 sanet.
1802 3099 2030 3166 apostol.

2210 3098 2347 3169 Περὶ
2387 3097 2487 3167 μὲν
2523 3097 2620 3152 οὖν
2655 3097 2765 3151 τῶν
2791 3098 2944 3168 φόϐῳ
2977 3098 3223 3152 κινδύνου
3273 3096 3682 3167 κατενεχθέντων

458 3182 677 3224 canon:
724 3170 782 3226 Si
826 3174 972 3243 quis,
1028 3176 1227 3246 inquit,
1281 3181 1513 3238 clericus
1559 3195 1786 3254 propter
1829 3198 2030 3244 metum

2140 3190 2419 3262 κληρικῶν
2458 3192 2488 3245 ὁ
2504 3187 2582 3261 ξβ⁹
2602 3190 2710 3244 τῶν
2735 3192 2911 3259 ἀγίων
2936 3190 3252 3247 ἀποστόλων
3278 3189 3481 3252 κανὼν,
3510 3186 3570 3239 Et
3592 3204 3679 3249 τις,

459 3258 783 3326 humanum,
844 3266 929 3319 vel
983 3265 1161 3323 Judtei
1220 3272 1303 3325 vel
1340 3272 1554 3338 Graeci.
1620 3278 1706 3332 vel
1772 3279 2030 3348 haeretici,

459 3365 660 3381 hnmn.‘
701 3354 903 3381 Fl...2..-:
944 3363 1217 3381 _-_-__A_!-
1290 3380 1297 3381 κ
1413 3368 1423 3377 -
1558 3369 1590 3381 .-
1631 3370 1643 3381 .
1866 3373 1877 3381 .

2142 3258 2299 3354 φησι,
2331 3258 2591 3353 κληρικδς
2619 3283 2708 3338 διὰ
2753 3258 2920 3352 ιρόϐον
2964 3281 3329 3381 ἀνθρώπινον,
3362 3278 3678 3381 Ἰουδαίου,.ῆ

457 3365 663 3408 nomen
701 3354 905 3412 Christi
944 3363 1243 3430 negaverit,
1275 3368 1504 3422 omnino
1522 3369 1807 3439 ejiciatur;
1834 3373 1878 3427 si
1904 3389 2030 3429 vero

459 3444 644 3475 n‘n-:n:
694 3446 1035 3475 .l..........n.....
1077 3456 1375 3475 __.-_:.__.g_
1560 3471 1569 3475 -
1912 3465 1925 3475 .
1969 3466 1980 3475 .
2021 3467 2030 3475 .

2142 3373 2423 3443 Ἕλληνος,
2458 3372 2490 3443 ἢ
2524 3368 2829 3443 αίρετικοῦ,
2855 3373 2905 3425 εί
2942 3372 3042 3442 μὲν
3070 3371 3132 3424 τὸ
3154 3370 3248 3425 τοῦ
3276 3368 3682 3475 ὶςριστοῦόρνή-

459 3444 668 3512 clerici,
692 3446 1037 3518 deponatur;
1075 3456 1449 3523 paenitentiam
1481 3471 1662 3517 autem
1689 3479 1874 3534 agens,
1911 3465 2030 3521 laici

459 3531 637 3567 Imm...
678 3540 851 3567 -....:...

2139 3482 2293 3518 σεται
2316 3465 2511 3534 δνομα,
2540 3466 2719 3534 πάντη
2743 3465 3138 3519 ἀποϐαλλέσθω
3160 3480 3173 3492 ·
3199 3464 3248 3517 εί
3278 3464 3337 3517 δὲ
3365 3464 3429 3516 τὸ
3454 3463 3543 3515 τοῦ
3569 3462 3679 3567 κληῐ

456 3531 638 3591 locum
676 3540 873 3608 οθρὶειι-
1727 3531 1747 3534 ν
2139 3557 2320 3627 ρικοῦ,
2350 3531 2759 3627 καθαιρείσθωο
2803 3558 3149 3630 μετανοήσας
3193 3558 3274 3621 δὲ,
3307 3558 3493 3629 χώραν
3517 3557 3679 3611 λαῖκοῦ

2136 3648 2481 3719 λαμϐανέτω.

2217 3740 2277 3792 ’0
2308 3739 2496 3809 μέντοι
2543 3746 2595 3793 α’
2625 3740 2720 3795 καὶ
2744 3738 2787 3810 β’
2816 3741 2916 3811 τῆς
2966 3743 3024 3794 ὲν
3049 3739 3300 3813 Ἀγκύρᾳ
3352 3742 3566 3794 συνόδου
3591 3757 3676 3793 κα-

2135 3831 2245 3887 νὼν
2292 3831 2423 3895 τοὺς
2473 3832 2628 3902 φόϐῳ
2679 3832 2917 3903 βασάνου
2961 3834 3232 3896 θύσαντας
3300 3832 3678 3903 πρεσϐυτέρους

2137 3925 2232 3978 καὶ
2259 3924 2567 3991 διακόνους,
2600 3920 2719 3979 εἶτα
2752 3924 3236 3990 ἀναπαλαίσαντας
3278 3927 3401 3997 ἦτοι
3438 3925 3677 3996 μετανοή·

2139 4031 2362 4080 σαντας,
2418 4015 2512 4068 καὶ
2560 4014 2672 4068 τῶν
2715 4017 2995 4086 τυράννων
3050 4017 3280 4070 ἐνώπιον
3333 4019 3430 4071 τὸν
3470 4017 3677 4086 Χριστὸν

2135 4105 2606 4177 ὁμολογήσαντας,
2660 4107 2759 4178 τῆς
2801 4108 2899 4178 μὲν
2955 4108 3122 4179 τιμῆς
3162 4109 3416 4180 μετέχειν
3471 4110 3559 4162 καὶ
3590 4107 3676 4173 τῆς

2134 4197 2405 4269 καθέδρας
2454 4198 2690 4265 κελεύει,
2749 4201 3026 4272 ἱερατικὸν
3078 4200 3138 4253 δέ
3198 4217 3256 4255 τι
3309 4203 3549 4273 ἐνεργεῖν
3593 4199 3678 4252 οὐκ

2133 4291 2375 4363 ἐφίησιν.

461 2524 653 2594 religio
679 2540 872 2584 omnes
905 2532 1009 2588 sub
1038 2535 1151 2589 sole
1184 2524 1359 2593 terras
1407 2540 1725 2609 illustraret,
1769 2554 1825 2600 ct
1854 2563 2033 2617 reges,

459 2627 570 2667 non
621 2619 804 2675 minus
843 2638 1007 2692 quam
1043 2627 1313 2696 diadema,
1367 2633 1570 2703 quibus
1630 2638 1824 2694 redimi
1885 2650 2035 2708 sunt,

462 2706 778 2766 adornaret.
1208 2752 1215 2759 ι
1290 2719 1295 2723 ’

702 2912 781 2970 De
807 2916 1013 2975 clericis
1043 2924 1133 2992 qui
1162 2934 1374 2993 propter
1415 2938 1606 2981 metum
1632 2927 1793 2996 ﬁdem

530 3717 747 3776 Primus
768 3733 950 3780 autem
982 3736 1038 3781 et
1066 3732 1345 3787 secundus
1363 3747 1485 3806 syn.
1503 3739 1805 3809 Ancyranae
1832 3758 2032 3811 canon,

457 3811 808 3882 presbyteros
859 3825 914 3871 et
967 3818 1228 3878 diaconos
1282 3827 1376 3895 qui
1424 3837 1573 3884 metu
1633 3839 2033 3891 tormentorum

456 3905 856 3974 sacriﬁcarunt,
909 3909 1109 3969 deinde
1170 3927 1357 3972 contra
1414 3921 1665 3979 reluctati
1726 3931 1898 3993 sunt,
1935 3944 2034 3985 seu

457 3997 836 4064 paenitentiam
869 4015 1120 4072 egerunt.
1157 4017 1215 4062 et
1262 4024 1444 4065 coram
1479 4015 1725 4085 tyrannis
1755 4016 2032 4075 Christum

455 4088 690 4144 confessi
710 4102 861 4157 sunt,
885 4094 1109 4154 honoris
1129 4101 1350 4168 quidem
1370 4113 1426 4157 et
1447 4107 1721 4162 cathedra:
1737 4112 2034 4182 participes

452 4193 578 4233 esse
618 4181 796 4248 jubet,
839 4200 1041 4243 munus
1074 4204 1204 4246 vero
1249 4196 1585 4252 sacerdotale
1628 4198 1850 4269 aliquod
1880 4181 2034 4260 obire

449 4285 562 4327 non
599 4276 884 4341 permittit.

520 4364 697 4421 Porro
747 4381 971 4429 sanctus
1019 4374 1219 4432 Petrus
1278 4380 1678 4442 Alexandrinus
1723 4386 1778 4443 in
1819 4390 2030 4448 decimo

2215 4385 2276 4438 '0
2303 4385 2360 4439 δὲ
2407 4385 2563 4454 ἅγιος
2596 4388 2802 4458 Πέτρος
2845 4387 3260 4458 Ἀλεξανδρείας
3327 4390 3388 4444 έν
3435 4388 3509 4458 τῷ
3534 4392 3562 4440 ι’
3593 4400 3675 4439 κα·

451 4473 666 4513 ranone
693 4478 707 4515 :
741 4461 869 4531 Qui,
898 4465 1096 4535 inquit,
1130 4470 1340 4525 clerum
1370 4488 1530 4529 suum
1567 4478 1948 4545 deseruerunt.
1975 4495 2030 4540 et

451 4568 513 4587 cn
566 4557 824 4587 πει-ἶηηιζι.
890 4562 1031 4587 nl.--
1100 4567 1274 4587 ,ιαμμ
1301 4580 1410 4587 μή-
1992 4582 2026 4587 --

2137 4477 2271 4543 νόνι,
2307 4480 2370 4533 Oi
2397 4479 2491 4533 τὸν
2540 4481 2673 4534 ἴδιον
2716 4482 3132 4547 καταλιπόντες,
3163 4482 3322 4552 φησὶ,
3358 4482 3575 4587 κλῆρον,
3598 4479 3675 4530 καί

444 4568 513 4608 se
566 4557 826 4625 periculis
890 4562 1035 4619 ultro
1093 4567 1437 4636 obtulerunt,
1504 4589 1721 4631 coronae
1782 4582 2026 4651 martyrii

447 4646 723 4678 Ann:.«ln-:-
769 4656 980 4678 ---η-,ε
1038 4665 1226 4678 .--φεμ
1260 4662 1312 4678 ,ιν
1528 4676 1538 4678 Α
1674 4668 1695 4678 -
1785 4670 1797 4678 .
1949 4674 1994 4678 ,κ

2137 4573 2248 4633 τοῖς
2277 4571 2546 4636 κινδύνοις
2578 4574 2716 4641 σφᾶς
2743 4574 2945 4637 αὐτοὺς
2974 4574 3385 4638 ἑπιδεδωκότες,
3405 4571 3673 4641 Ἑτεφὼιων

443 4646 724 4705 desiderio
766 4656 1004 4720 accensi,
1038 4662 1324 4717 tormentis
1355 4679 1485 4719 vero
1526 4668 1799 4724 terret‘acti
1822 4674 2028 4729 sacriti-

2137 4661 2322 4730 ὲφέσει
2378 4663 2758 4732 μαρτυρικῶν,
2808 4664 3134 4734 ἡττηθέντες
3187 4665 3246 4718 δὲ
3296 4666 3407 4718 τῶν
3453 4661 3674 4734 βασάνων

450 4749 666 4804 carunt,
695 4743 738 4797 si
771 4747 1051 4819 contingat
1081 4758 1142 4804 ut
1190 4767 1381 4809 rursus
1404 4757 1807 4825 .‘pmnitentiam
1863 4776 2026 4830 agant

449 4843 506 4885 et
542 4848 725 4889 coram
762 4841 1007 4908 tyrannis
1033 4856 1092 4897 se
1122 4844 1466 4902 Christianos
1488 4865 1610 4906 esse
1633 4855 2021 4920 conﬁteantur,

449 4940 665 4993 aequum
717 4939 801 4984 est
844 4939 902 4985 ut
951 4934 1212 4989 laicorum
1259 4941 1648 4997 communione
1688 4958 1864 5014 eaque
1909 4950 2024 5003 sola

449 5016 598 5085 digni
656 5018 982 5079 habeantur.
1038 5026 1271 5083 Planum
1317 5042 1500 5088 autem
1548 5044 1633 5090 est
1683 5051 1781 5091 eos
1829 5052 2026 5098 sensus

451 5120 707 5174 expertes
756 5126 900 5179 esse,
936 5116 982 5170 si
1022 5120 1390 5176 ministerium
1421 5138 1451 5177 a
1497 5141 1606 5194 quo
1649 5138 1840 5196 sponte
1878 5131 2025 5184 exci-

450 5198 671 5263 derunt,
708 5202 905 5258 iterum
957 5209 1237 5276 ambiant;
1269 5228 1449 5282 neque
1501 5216 1646 5270 enim
1676 5218 1769 5287 qui
1816 5220 2022 5276 clerum

450 5291 621 5346 semel
646 5292 911 5362 deseruit,
928 5314 1028 5367 per
1051 5303 1457 5363 confessionem
1484 5309 1713 5376 Christi,
1742 5327 1841 5382 pro
1865 5313 2020 5386 lapsu

448 5399 551 5441 suo
584 5391 812 5458 gratiam
839 5392 1103 5449 demereri
1141 5405 1341 5466 potest.

524 5572 780 5630 Decimus
805 5586 988 5631 autem
1019 5581 1212 5649 synodi
1257 5583 1448 5652 primae
1477 5600 1652 5643 canon
1677 5604 1692 5644 :
1736 5591 2018 5657 Quamvis,

449 5666 648 5735 inquit,
690 5669 784 5739 qui
818 5669 955 5739 lapsi
996 5682 1125 5727 sunt
1154 5682 1208 5728 et
1256 5676 1416 5733 (idem
1453 5692 1740 5751 negarunt,
1780 5685 2018 5740 ordinati

452 5758 674 5824 fuerint,
720 5763 835 5817 sive
865 5762 1057 5820 insciis
1086 5766 1202 5822 sive
1230 5772 1465 5827 consciis
1501 5772 1569 5828 iis
1608 5775 1699 5844 qui
1734 5792 1831 5832 eos
1868 5779 2020 5833 ordi-

450 5861 668 5916 narunt,
688 5864 870 5921 postea
891 5858 1094 5928 cogniti
1117 5860 1488 5931 deponuntur,
1513 5867 1579 5922 ab
1601 5884 1662 5922 ea
1681 5869 2020 5927 ordinatione

453 5942 811 6014 nequicquam
844 5948 1035 6019 adjuti.

2135 4755 2230 4807 καὶ
2258 4754 2574 4819 τεθυκότες.
2605 4757 2655 4809 εί
2696 4759 2792 4810 καὶ
2817 4756 3064 4821 εἰσαῦθις
3093 4757 3464 4810 ἀναπαλαῖσαι
3491 4757 3673 4811 τούτοις

2134 4848 2367 4918 ὑπῆρξε,
2398 4848 2497 4901 καὶ
2529 4846 2890 4916 Χριστιανοὺς
2925 4848 3153 4910 ἑαυτοὺς
3192 4848 3421 4900 ἐνώπιον
3591 4858 3669 4942 τυ-

2135 4939 2347 5009 ράννων
2404 4938 2766 5009 ὁμολογῆσαι,
2819 4939 3023 4994 δίκαιοι
3073 4939 3139 4993 ἀν
3181 4934 3296 4992 εἶεν
3339 4937 3448 4990 τῶν
3493 4934 3671 4987 λαῖκῶν

2131 5027 2415 5097 ἀξιοῦσθαι
2443 5028 2733 5091 κοινωνίας
2755 5030 2851 5082 καὶ
2880 5029 3051 5099 μόνης
3076 5044 3091 5059 ·
3117 5029 3457 5101 ἀναισθήτως
3480 5025 3524 5080 δ’
3549 5023 3670 5093 ἔχειν

2132 5122 2333 5184 αὐτοὺς
2359 5119 2746 5190 ἀποφαίνεται,
2774 5123 2825 5174 εί
2855 5121 2957 5191 τῆς
2988 5120 3337 5191 λειτουργίας
3357 5114 3510 5182 αὖθις
3531 5130 3672 5186 μετα-

2132 5218 2396 5279 ποιοίντο,
2453 5211 2519 5289 ἧς
2557 5212 2986 5270 ὲκπεπτώκασιν
3039 5214 3246 5269 έκοντί.
3300 5213 3390 5284 Τῷ
3439 5212 3540 5280 γὰρ
3586 5223 3665 5307 τον

2131 5306 2338 5379 κλήρου
2372 5307 2521 5373 ἅπαξ
2567 5307 3023 5379 ἀποφοιτήσαντι,
3056 5307 3179 5360 οὐδὲ
3221 5309 3255 5376 ή
3287 5308 3427 5378 ὑπὲρ
3454 5305 3666 5374 Χριστοῦ

2130 5400 2394 5468 ὁμολογία
2419 5399 2607 5453 τοῦτον
2633 5396 2793 5463 αὖθις
2813 5399 3145 5470 χαρίσασθαί
3175 5400 3225 5453 oi
3253 5399 3343 5453 διὰ
3364 5399 3462 5469 τὴν
3484 5397 3666 5450 ἔκπτω-

2133 5508 2218 5545 σιν
2256 5491 2508 5548 δύναται.

2213 5585 2270 5639 '0
2300 5586 2358 5639 δὲ
2388 5586 2487 5655 τῆς
2515 5584 2563 5641 α’
2603 5588 2822 5641 συνόδου
2853 5593 2884 5641 ι’
2923 5585 3123 5651 κανὼν,
3149 5587 3215 5641 Ei
3253 5586 3348 5639 καὶ
3387 5576 3665 5654 προεχειρῖ’

2131 5678 2356 5747 σθησαν,
2379 5679 2536 5749 φησὶ,
2564 5681 2615 5731 οἱ
2646 5679 3155 5749 παραπεπτωκότες
3181 5679 3276 5732 καὶ
3300 5678 3658 5747 ἀρνησάμενοι,

2127 5769 2471 5839 ἀγνοούντων
2512 5772 2546 5841 ἢ
2584 5772 2805 5825 εἰδότων
2834 5773 2942 5825 τῶν
2989 5771 3499 5842 χειροτονησάντων,
3542 5781 3659 5832 γνω⁸

2131 5862 2351 5927 σθέντες
2383 5862 2635 5933 ὕστερον,
2669 5864 3077 5939 καθαιροῦνται,
3110 5862 3278 5935 μηδὲν
3304 5865 3368 5918 ὲκ
3396 5862 3487 5934 τῆς
3509 5872 3659 5931 κειρφ

2129 5960 2311 6025 τονὶας
2336 5960 2728 6030 ὠφεληθέντες.
