  <div class='ocr_page' id='page_1' title='image "/cluster/home/n/w/nwhite01/storage/ocr_20150623/144/hvd.32044019208339/521.png"; bbox 0 0 3880 6528; ppageno 0'>
   <div class='ocr_carea' id='block_1_1' title="bbox 431 288 565 352">
    <p class='ocr_par' dir='ltr' id='par_1_1' title="bbox 431 288 565 352">
     <span class='ocr_line' id='line_1_1' title="bbox 431 288 565 352; baseline -0.015 -1"><span class='ocrx_word' id='word_1_1' title='bbox 431 288 565 352; x_wconf 67' lang='grc' dir='ltr'><strong>Ῑθὲτῑ</strong></span> 
     </span>
    </p>
   </div>
   <div class='ocr_carea' id='block_1_2' title="bbox 1616 275 2445 341">
    <p class='ocr_par' dir='ltr' id='par_1_2' title="bbox 1616 275 2445 341">
     <span class='ocr_line' id='line_1_2' title="bbox 1616 275 2445 341; baseline -0.007 0"><span class='ocrx_word' id='word_1_2' title='bbox 1616 277 1981 341; x_wconf 76' lang='lat' dir='ltr'><strong>MATTH/El</strong></span> <span class='ocrx_word' id='word_1_3' title='bbox 2022 275 2445 337; x_wconf 74' lang='lat' dir='ltr'><strong>BLASTARIS</strong></span> 
     </span>
    </p>
   </div>
   <div class='ocr_carea' id='block_1_3' title="bbox 3544 268 3685 333">
    <p class='ocr_par' dir='ltr' id='par_1_3' title="bbox 3544 268 3685 333">
     <span class='ocr_line' id='line_1_3' title="bbox 3544 268 3685 333; baseline -0.021 0"><span class='ocrx_word' id='word_1_4' title='bbox 3544 268 3685 333; x_wconf 77' lang='lat'><strong>1028</strong></span> 
     </span>
    </p>
   </div>
   <div class='ocr_carea' id='block_1_4' title="bbox 428 386 2015 469">
    <p class='ocr_par' dir='ltr' id='par_1_4' title="bbox 428 391 2003 469">
     <span class='ocr_line' id='line_1_4' title="bbox 428 391 2003 469; baseline -0.008 -14"><span class='ocrx_word' id='word_1_5' title='bbox 428 400 615 455; x_wconf 83' lang='lat' dir='ltr'><strong>haberi</strong></span> <span class='ocrx_word' id='word_1_6' title='bbox 655 397 829 469; x_wconf 83' lang='lat' dir='ltr'><strong>jubet,</strong></span> <span class='ocrx_word' id='word_1_7' title='bbox 867 396 962 451; x_wconf 87' lang='lat' dir='ltr'><strong>Dei</strong></span> <span class='ocrx_word' id='word_1_8' title='bbox 1029 393 1420 451; x_wconf 62' lang='lat' dir='ltr'><strong>misericordiae</strong></span> <span class='ocrx_word' id='word_1_9' title='bbox 1463 394 1702 450; x_wconf 86' lang='lat' dir='ltr'><strong>conlisos</strong></span> <span class='ocrx_word' id='word_1_10' title='bbox 1752 402 1807 447; x_wconf 87' lang='lat' dir='ltr'><strong>et</strong></span> <span class='ocrx_word' id='word_1_11' title='bbox 1855 391 2003 445; x_wconf 86' lang='lat' dir='ltr'><strong>inni-</strong></span> 
     </span>
    </p>
   </div>
   <div class='ocr_carea' id='block_1_5' title="bbox 2126 386 3691 469">
    <p class='ocr_par' dir='ltr' id='par_1_5' title="bbox 2126 386 3691 462">
     <span class='ocr_line' id='line_1_5' title="bbox 2126 386 3691 462; baseline -0.005 -18"><span class='ocrx_word' id='word_1_12' title='bbox 2126 391 2347 453; x_wconf 76' lang='grc' dir='ltr'><strong>ιε&gt;.εύει,</strong></span> <span class='ocrx_word' id='word_1_13' title='bbox 2388 394 2455 461; x_wconf 74' lang='grc' dir='ltr'><strong>τῇ</strong></span> <span class='ocrx_word' id='word_1_14' title='bbox 2509 390 2602 445; x_wconf 78' lang='grc' dir='ltr'><strong>τοῦ</strong></span> <span class='ocrx_word' id='word_1_15' title='bbox 2634 390 2769 444; x_wconf 79' lang='grc' dir='ltr'><strong>Θεοῦ</strong></span> <span class='ocrx_word' id='word_1_16' title='bbox 2816 390 3234 462; x_wconf 73' lang='grc' dir='ltr'><strong>τεθαρρηκότας</strong></span> <span class='ocrx_word' id='word_1_17' title='bbox 3264 386 3357 442; x_wconf 75' lang='grc' dir='ltr'><strong>καὶ</strong></span> <span class='ocrx_word' id='word_1_18' title='bbox 3388 400 3691 439; x_wconf 83' lang='grc' dir='ltr'><strong>πεπιστευ-</strong></span> 
     </span>
    </p>
   </div>
   <div class='ocr_carea' id='block_1_6' title="bbox 428 502 826 557">
    <p class='ocr_par' dir='ltr' id='par_1_6' title="bbox 428 502 826 557">
     <span class='ocr_line' id='line_1_6' title="bbox 428 502 826 557; baseline 0.008 -12"><span class='ocrx_word' id='word_1_19' title='bbox 428 502 626 547; x_wconf 79' lang='lat' dir='ltr'><strong>tentes.</strong></span> <span class='ocrx_word' id='word_1_20' title='bbox 802 509 826 557; x_wconf 76' lang='grc' dir='ltr'><strong>ο</strong></span> 
     </span>
    </p>
   </div>
   <div class='ocr_carea' id='block_1_7' title="bbox 500 577 1999 656">
    <p class='ocr_par' dir='ltr' id='par_1_7' title="bbox 500 577 1999 656">
     <span class='ocr_line' id='line_1_7' title="bbox 500 577 1999 656; baseline -0.008 -18"><span class='ocrx_word' id='word_1_21' title='bbox 500 586 727 656; x_wconf 75' lang='lat' dir='ltr'><strong>Magnus</strong></span> <span class='ocrx_word' id='word_1_22' title='bbox 762 593 945 637; x_wconf 83' lang='lat' dir='ltr'><strong>autem</strong></span> <span class='ocrx_word' id='word_1_23' title='bbox 979 581 1279 650; x_wconf 75' lang='lat' dir='ltr'><strong>Gregorius</strong></span> <span class='ocrx_word' id='word_1_24' title='bbox 1297 578 1575 649; x_wconf 79' lang='lat' dir='ltr'><strong>Nyssenus</strong></span> <span class='ocrx_word' id='word_1_25' title='bbox 1600 578 1654 632; x_wconf 92' lang='lat' dir='ltr'><strong>in</strong></span> <span class='ocrx_word' id='word_1_26' title='bbox 1688 577 1867 647; x_wconf 88' lang='lat' dir='ltr'><strong>primo</strong></span> <span class='ocrx_word' id='word_1_27' title='bbox 1910 590 1999 628; x_wconf 89' lang='lat' dir='ltr'><strong>ca-</strong></span> 
     </span>
    </p>
   </div>
   <div class='ocr_carea' id='block_1_8' title="bbox 428 666 1998 739">
    <p class='ocr_par' dir='ltr' id='par_1_8' title="bbox 428 666 1998 739">
     <span class='ocr_line' id='line_1_8' title="bbox 428 666 1998 739; baseline -0.007 -11"><span class='ocrx_word' id='word_1_28' title='bbox 428 690 605 728; x_wconf 84' lang='lat' dir='ltr'><strong>none:</strong></span> <span class='ocrx_word' id='word_1_29' title='bbox 651 673 750 739; x_wconf 84' lang='lat' dir='ltr'><strong>Qui</strong></span> <span class='ocrx_word' id='word_1_30' title='bbox 805 672 1129 737; x_wconf 71' lang='lat' dir='ltr'><strong>voluntarie,</strong></span> <span class='ocrx_word' id='word_1_31' title='bbox 1167 671 1365 739; x_wconf 84' lang='lat' dir='ltr'><strong>inquit,</strong></span> <span class='ocrx_word' id='word_1_32' title='bbox 1425 669 1583 723; x_wconf 78' lang='lat' dir='ltr'><strong>fidem</strong></span> <span class='ocrx_word' id='word_1_33' title='bbox 1621 671 1672 721; x_wconf 93' lang='lat' dir='ltr'><strong>in</strong></span> <span class='ocrx_word' id='word_1_34' title='bbox 1712 666 1998 720; x_wconf 85' lang='lat' dir='ltr'><strong>Dominum</strong></span> 
     </span>
    </p>
   </div>
   <div class='ocr_carea' id='block_1_9' title="bbox 428 759 2000 833">
    <p class='ocr_par' dir='ltr' id='par_1_9' title="bbox 428 759 2000 833">
     <span class='ocr_line' id='line_1_9' title="bbox 428 759 2000 833; baseline -0.006 -11"><span class='ocrx_word' id='word_1_35' title='bbox 428 780 676 824; x_wconf 87' lang='lat' dir='ltr'><strong>nostrum</strong></span> <span class='ocrx_word' id='word_1_36' title='bbox 698 767 885 821; x_wconf 84' lang='lat' dir='ltr'><strong>Jesum</strong></span> <span class='ocrx_word' id='word_1_37' title='bbox 929 765 1211 820; x_wconf 72' lang='lat' dir='ltr'><strong>Christum</strong></span> <span class='ocrx_word' id='word_1_38' title='bbox 1265 763 1567 833; x_wconf 80' lang='lat' dir='ltr'><strong>negaverit,</strong></span> <span class='ocrx_word' id='word_1_39' title='bbox 1626 770 1682 817; x_wconf 89' lang='lat' dir='ltr'><strong>et</strong></span> <span class='ocrx_word' id='word_1_40' title='bbox 1716 759 2000 815; x_wconf 80' lang='lat' dir='ltr'><strong>Judaismo</strong></span> 
     </span>
    </p>
   </div>
   <div class='ocr_carea' id='block_1_10' title="bbox 427 852 2000 918">
    <p class='ocr_par' dir='ltr' id='par_1_10' title="bbox 427 852 2000 918">
     <span class='ocr_line' id='line_1_10' title="bbox 427 852 2000 918; baseline -0.007 -2"><span class='ocrx_word' id='word_1_41' title='bbox 427 864 513 916; x_wconf 88' lang='lat' dir='ltr'><strong>vel</strong></span> <span class='ocrx_word' id='word_1_42' title='bbox 570 860 891 916; x_wconf 69' lang='lat' dir='ltr'><strong>idololatria:</strong></span> <span class='ocrx_word' id='word_1_43' title='bbox 937 859 1024 913; x_wconf 80' lang='lat' dir='ltr'><strong>vel</strong></span> <span class='ocrx_word' id='word_1_44' title='bbox 1084 858 1515 918; x_wconf 66' lang='lat' dir='ltr'><strong>Manichatismo,</strong></span> <span class='ocrx_word' id='word_1_45' title='bbox 1570 854 1655 910; x_wconf 85' lang='lat' dir='ltr'><strong>vel</strong></span> <span class='ocrx_word' id='word_1_46' title='bbox 1713 854 1875 908; x_wconf 77' lang='lat' dir='ltr'><strong>alicui</strong></span> <span class='ocrx_word' id='word_1_47' title='bbox 1910 852 2000 907; x_wconf 89' lang='lat' dir='ltr'><strong>alii</strong></span> 
     </span>
    </p>
   </div>
   <div class='ocr_carea' id='block_1_11' title="bbox 428 951 1996 1024">
    <p class='ocr_par' dir='ltr' id='par_1_11' title="bbox 428 951 1996 1024">
     <span class='ocr_line' id='line_1_11' title="bbox 428 951 1996 1024; baseline -0.006 -16"><span class='ocrx_word' id='word_1_48' title='bbox 428 955 728 1024; x_wconf 75' lang='lat' dir='ltr'><strong>impietatis</strong></span> <span class='ocrx_word' id='word_1_49' title='bbox 769 951 958 1023; x_wconf 75' lang='lat' dir='ltr'><strong>generi</strong></span> <span class='ocrx_word' id='word_1_50' title='bbox 1010 967 1242 1021; x_wconf 84' lang='lat' dir='ltr'><strong>quarum</strong></span> <span class='ocrx_word' id='word_1_51' title='bbox 1302 964 1535 1017; x_wconf 80' lang='lat' dir='ltr'><strong>magnus</strong></span> <span class='ocrx_word' id='word_1_52' title='bbox 1572 956 1659 1001; x_wconf 91' lang='lat' dir='ltr'><strong>cst</strong></span> <span class='ocrx_word' id='word_1_53' title='bbox 1713 960 1996 1008; x_wconf 86' lang='lat' dir='ltr'><strong>numerus,</strong></span> 
     </span>
    </p>
   </div>
   <div class='ocr_carea' id='block_1_12' title="bbox 428 1032 2000 1113">
    <p class='ocr_par' dir='ltr' id='par_1_12' title="bbox 428 1032 2000 1113">
     <span class='ocr_line' id='line_1_12' title="bbox 428 1032 2000 1113; baseline -0.01 -12"><span class='ocrx_word' id='word_1_54' title='bbox 428 1060 550 1101; x_wconf 87' lang='lat' dir='ltr'><strong>sese</strong></span> <span class='ocrx_word' id='word_1_55' title='bbox 595 1042 927 1113; x_wconf 72' lang='lat' dir='ltr'><strong>adiunxerit,</strong></span> <span class='ocrx_word' id='word_1_56' title='bbox 990 1041 1190 1096; x_wconf 84' lang='lat' dir='ltr'><strong>deinde</strong></span> <span class='ocrx_word' id='word_1_57' title='bbox 1246 1040 1487 1108; x_wconf 88' lang='lat' dir='ltr'><strong>seipsum</strong></span> <span class='ocrx_word' id='word_1_58' title='bbox 1535 1032 2000 1093; x_wconf 82' lang='lat' dir='ltr'><strong>condemnaverit,</strong></span> 
     </span>
    </p>
   </div>
   <div class='ocr_carea' id='block_1_13' title="bbox 428 1126 2004 1204">
    <p class='ocr_par' dir='ltr' id='par_1_13' title="bbox 428 1126 2004 1204">
     <span class='ocr_line' id='line_1_13' title="bbox 428 1126 2004 1204; baseline -0.01 -10"><span class='ocrx_word' id='word_1_59' title='bbox 428 1150 544 1194; x_wconf 82' lang='lat' dir='ltr'><strong>tom</strong></span> <span class='ocrx_word' id='word_1_60' title='bbox 576 1140 698 1193; x_wconf 61' lang='lat' dir='ltr'><strong>vita</strong></span> <span class='ocrx_word' id='word_1_61' title='bbox 742 1154 855 1192; x_wconf 70' lang='lat' dir='ltr'><strong>sua:</strong></span> <span class='ocrx_word' id='word_1_62' title='bbox 905 1144 1151 1204; x_wconf 83' lang='lat' dir='ltr'><strong>tempore</strong></span> <span class='ocrx_word' id='word_1_63' title='bbox 1230 1131 1609 1203; x_wconf 70' lang='lat' dir='ltr'><strong>pmnitentiam</strong></span> <span class='ocrx_word' id='word_1_64' title='bbox 1668 1128 1800 1199; x_wconf 78' lang='lat' dir='ltr'><strong>agit.</strong></span> <span class='ocrx_word' id='word_1_65' title='bbox 1850 1126 2004 1180; x_wconf 82' lang='lat' dir='ltr'><strong>Nun-</strong></span> 
     </span>
    </p>
   </div>
   <div class='ocr_carea' id='block_1_14' title="bbox 429 1219 2006 1303">
    <p class='ocr_par' dir='ltr' id='par_1_14' title="bbox 429 1219 2006 1303">
     <span class='ocr_line' id='line_1_14' title="bbox 429 1219 2006 1303; baseline -0.01 -15"><span class='ocrx_word' id='word_1_66' title='bbox 429 1248 590 1303; x_wconf 90' lang='lat' dir='ltr'><strong>quam</strong></span> <span class='ocrx_word' id='word_1_67' title='bbox 620 1232 763 1287; x_wconf 80' lang='lat' dir='ltr'><strong>enim</strong></span> <span class='ocrx_word' id='word_1_68' title='bbox 789 1230 838 1285; x_wconf 90' lang='lat' dir='ltr'><strong>ei</strong></span> <span class='ocrx_word' id='word_1_69' title='bbox 861 1228 1214 1290; x_wconf 87' lang='lat' dir='ltr'><strong>concedetur,</strong></span> <span class='ocrx_word' id='word_1_70' title='bbox 1247 1225 1468 1297; x_wconf 78' lang='lat' dir='ltr'><strong>quando</strong></span> <span class='ocrx_word' id='word_1_71' title='bbox 1525 1223 1751 1295; x_wconf 77' lang='lat' dir='ltr'><strong>mystica</strong></span> <span class='ocrx_word' id='word_1_72' title='bbox 1795 1219 2006 1290; x_wconf 81' lang='lat' dir='ltr'><strong>peragi-</strong></span> 
     </span>
    </p>
   </div>
   <div class='ocr_carea' id='block_1_15' title="bbox 432 1312 2003 1388">
    <p class='ocr_par' dir='ltr' id='par_1_15' title="bbox 432 1312 2003 1388">
     <span class='ocr_line' id='line_1_15' title="bbox 432 1312 2003 1388; baseline -0.01 -6"><span class='ocrx_word' id='word_1_73' title='bbox 432 1337 522 1382; x_wconf 87' lang='lat' dir='ltr'><strong>tur</strong></span> <span class='ocrx_word' id='word_1_74' title='bbox 542 1326 738 1388; x_wconf 86' lang='lat' dir='ltr'><strong>oratio,</strong></span> <span class='ocrx_word' id='word_1_75' title='bbox 772 1324 940 1378; x_wconf 79' lang='lat' dir='ltr'><strong>Deum</strong></span> <span class='ocrx_word' id='word_1_76' title='bbox 971 1339 1078 1377; x_wconf 88' lang='lat' dir='ltr'><strong>una</strong></span> <span class='ocrx_word' id='word_1_77' title='bbox 1111 1336 1236 1375; x_wconf 88' lang='lat' dir='ltr'><strong>cum</strong></span> <span class='ocrx_word' id='word_1_78' title='bbox 1293 1318 1544 1373; x_wconf 78' lang='lat' dir='ltr'><strong>ﬁdelibus</strong></span> <span class='ocrx_word' id='word_1_79' title='bbox 1599 1316 1863 1376; x_wconf 81' lang='lat' dir='ltr'><strong>adorare;</strong></span> <span class='ocrx_word' id='word_1_80' title='bbox 1908 1312 2003 1367; x_wconf 87' lang='lat' dir='ltr'><strong>sed</strong></span> 
     </span>
    </p>
   </div>
   <div class='ocr_carea' id='block_1_16' title="bbox 430 1413 2003 1487">
    <p class='ocr_par' dir='ltr' id='par_1_16' title="bbox 430 1413 2003 1487">
     <span class='ocr_line' id='line_1_16' title="bbox 430 1413 2003 1487; baseline -0.01 -14"><span class='ocrx_word' id='word_1_81' title='bbox 430 1428 487 1473; x_wconf 89' lang='lat' dir='ltr'><strong>et</strong></span> <span class='ocrx_word' id='word_1_82' title='bbox 508 1420 736 1473; x_wconf 83' lang='lat' dir='ltr'><strong>seorsim</strong></span> <span class='ocrx_word' id='word_1_83' title='bbox 792 1413 1134 1487; x_wconf 87' lang='lat' dir='ltr'><strong>precabitur,</strong></span> <span class='ocrx_word' id='word_1_84' title='bbox 1169 1421 1224 1466; x_wconf 73' lang='lat' dir='ltr'><strong>rt</strong></span> <span class='ocrx_word' id='word_1_85' title='bbox 1262 1428 1293 1464; x_wconf 75' lang='grc' dir='ltr'><strong>ο</strong></span> <span class='ocrx_word' id='word_1_86' title='bbox 1351 1416 1817 1464; x_wconf 89' lang='lat' dir='ltr'><strong>sacramentorum</strong></span> <span class='ocrx_word' id='word_1_87' title='bbox 1852 1420 2003 1459; x_wconf 85' lang='lat' dir='ltr'><strong>com-</strong></span> 
     </span>
    </p>
   </div>
   <div class='ocr_carea' id='block_1_17' title="bbox 430 1496 2005 1564">
    <p class='ocr_par' dir='ltr' id='par_1_17' title="bbox 430 1496 2005 1564">
     <span class='ocr_line' id='line_1_17' title="bbox 430 1496 2005 1564; baseline -0.012 0"><span class='ocrx_word' id='word_1_88' title='bbox 430 1509 693 1564; x_wconf 89' lang='lat' dir='ltr'><strong>munione</strong></span> <span class='ocrx_word' id='word_1_89' title='bbox 721 1506 946 1561; x_wconf 87' lang='lat' dir='ltr'><strong>omnino</strong></span> <span class='ocrx_word' id='word_1_90' title='bbox 973 1505 1081 1559; x_wconf 85' lang='lat' dir='ltr'><strong>erit</strong></span> <span class='ocrx_word' id='word_1_91' title='bbox 1135 1503 1382 1562; x_wconf 87' lang='lat' dir='ltr'><strong>alienus;</strong></span> <span class='ocrx_word' id='word_1_92' title='bbox 1444 1508 1621 1553; x_wconf 87' lang='lat' dir='ltr'><strong>morte</strong></span> <span class='ocrx_word' id='word_1_93' title='bbox 1673 1503 1859 1551; x_wconf 86' lang='lat' dir='ltr'><strong>autem</strong></span> <span class='ocrx_word' id='word_1_94' title='bbox 1918 1496 2005 1547; x_wconf 75' lang='lat' dir='ltr'><strong>in-</strong></span> 
     </span>
    </p>
   </div>
   <div class='ocr_carea' id='block_1_18' title="bbox 433 1586 2003 1666">
    <p class='ocr_par' dir='ltr' id='par_1_18' title="bbox 433 1586 2003 1666">
     <span class='ocr_line' id='line_1_18' title="bbox 433 1586 2003 1666; baseline -0.014 -5"><span class='ocrx_word' id='word_1_95' title='bbox 433 1615 612 1661; x_wconf 88' lang='lat' dir='ltr'><strong>stante</strong></span> <span class='ocrx_word' id='word_1_96' title='bbox 658 1618 937 1658; x_wconf 87' lang='lat' dir='ltr'><strong>sacrormn</strong></span> <span class='ocrx_word' id='word_1_97' title='bbox 990 1614 1283 1655; x_wconf 86' lang='lat' dir='ltr'><strong>munerum</strong></span> <span class='ocrx_word' id='word_1_98' title='bbox 1341 1596 1617 1666; x_wconf 83' lang='lat' dir='ltr'><strong>particeps</strong></span> <span class='ocrx_word' id='word_1_99' title='bbox 1672 1591 1796 1646; x_wconf 85' lang='lat' dir='ltr'><strong>erit.</strong></span> <span class='ocrx_word' id='word_1_100' title='bbox 1860 1588 1925 1642; x_wconf 76' lang='lat' dir='ltr'><strong>At</strong></span> <span class='ocrx_word' id='word_1_101' title='bbox 1961 1586 2003 1641; x_wconf 89' lang='lat' dir='ltr'><strong>si</strong></span> 
     </span>
    </p>
   </div>
   <div class='ocr_carea' id='block_1_19' title="bbox 433 1678 2001 1764">
    <p class='ocr_par' dir='ltr' id='par_1_19' title="bbox 433 1678 2001 1764">
     <span class='ocr_line' id='line_1_19' title="bbox 433 1678 2001 1764; baseline -0.013 -13"><span class='ocrx_word' id='word_1_102' title='bbox 433 1693 728 1764; x_wconf 79' lang='lat' dir='ltr'><strong>contigerit</strong></span> <span class='ocrx_word' id='word_1_103' title='bbox 763 1707 885 1749; x_wconf 88' lang='lat' dir='ltr'><strong>eum</strong></span> <span class='ocrx_word' id='word_1_104' title='bbox 923 1700 1120 1760; x_wconf 57' lang='lat' dir='ltr'><strong>prwter</strong></span> <span class='ocrx_word' id='word_1_105' title='bbox 1145 1703 1298 1758; x_wconf 84' lang='lat' dir='ltr'><strong>spem</strong></span> <span class='ocrx_word' id='word_1_106' title='bbox 1349 1683 1754 1745; x_wconf 82' lang='lat' dir='ltr'><strong>convalescere,</strong></span> <span class='ocrx_word' id='word_1_107' title='bbox 1812 1678 2001 1733; x_wconf 86' lang='lat' dir='ltr'><strong>iisdem</strong></span> 
     </span>
    </p>
   </div>
   <div class='ocr_carea' id='block_1_20' title="bbox 435 1773 2011 1856">
    <p class='ocr_par' dir='ltr' id='par_1_20' title="bbox 435 1773 2011 1856">
     <span class='ocr_line' id='line_1_20' title="bbox 435 1773 2011 1856; baseline -0.011 -14"><span class='ocrx_word' id='word_1_108' title='bbox 435 1790 616 1856; x_wconf 73' lang='lat' dir='ltr'><strong>pmnis</strong></span> <span class='ocrx_word' id='word_1_109' title='bbox 645 1803 745 1856; x_wconf 89' lang='lat' dir='ltr'><strong>per</strong></span> <span class='ocrx_word' id='word_1_110' title='bbox 791 1785 1056 1853; x_wconf 79' lang='lat' dir='ltr'><strong>integram</strong></span> <span class='ocrx_word' id='word_1_111' title='bbox 1111 1782 1275 1836; x_wconf 84' lang='lat' dir='ltr'><strong>vitam</strong></span> <span class='ocrx_word' id='word_1_112' title='bbox 1322 1791 1516 1834; x_wconf 85' lang='lat' dir='ltr'><strong>rursus</strong></span> <span class='ocrx_word' id='word_1_113' title='bbox 1570 1776 1676 1831; x_wconf 88' lang='lat' dir='ltr'><strong>erit</strong></span> <span class='ocrx_word' id='word_1_114' title='bbox 1717 1773 2011 1835; x_wconf 82' lang='lat' dir='ltr'><strong>obnoxius,</strong></span> 
     </span>
    </p>
   </div>
   <div class='ocr_carea' id='block_1_21' title="bbox 436 1874 1688 1939">
    <p class='ocr_par' dir='ltr' id='par_1_21' title="bbox 436 1874 1688 1939">
     <span class='ocr_line' id='line_1_21' title="bbox 436 1874 1688 1939; baseline -0.01 -7"><span class='ocrx_word' id='word_1_115' title='bbox 436 1885 903 1932; x_wconf 80' lang='lat' dir='ltr'><strong>sacramentorum</strong></span> <span class='ocrx_word' id='word_1_116' title='bbox 933 1875 1000 1928; x_wconf 88' lang='lat' dir='ltr'><strong>ad</strong></span> <span class='ocrx_word' id='word_1_117' title='bbox 1036 1874 1244 1928; x_wconf 79' lang='lat' dir='ltr'><strong>exitum</strong></span> <span class='ocrx_word' id='word_1_118' title='bbox 1266 1884 1438 1939; x_wconf 74' lang='lat' dir='ltr'><strong>usque</strong></span> <span class='ocrx_word' id='word_1_119' title='bbox 1468 1881 1688 1937; x_wconf 78' lang='lat' dir='ltr'><strong>expers.</strong></span> 
     </span>
    </p>
   </div>
   <div class='ocr_carea' id='block_1_22' title="bbox 435 2065 2014 2148">
    <p class='ocr_par' dir='ltr' id='par_1_22' title="bbox 435 2065 2014 2148">
     <span class='ocr_line' id='line_1_22' title="bbox 435 2065 2014 2148; baseline -0.009 -18"><span class='ocrx_word' id='word_1_120' title='bbox 435 2078 494 2148; x_wconf 75' lang='lat'><strong>6</strong></span> <span class='ocrx_word' id='word_1_121' title='bbox 529 2075 603 2130; x_wconf 84' lang='lat' dir='ltr'><strong>De</strong></span> <span class='ocrx_word' id='word_1_122' title='bbox 629 2077 694 2128; x_wconf 73' lang='lat' dir='ltr'><strong>iis</strong></span> <span class='ocrx_word' id='word_1_123' title='bbox 721 2078 810 2145; x_wconf 86' lang='lat' dir='ltr'><strong>qui</strong></span> <span class='ocrx_word' id='word_1_124' title='bbox 839 2087 1114 2144; x_wconf 78' lang='lat' dir='ltr'><strong>postquam</strong></span> <span class='ocrx_word' id='word_1_125' title='bbox 1146 2072 1303 2139; x_wconf 78' lang='lat' dir='ltr'><strong>ﬁdem</strong></span> <span class='ocrx_word' id='word_1_126' title='bbox 1330 2069 1660 2140; x_wconf 78' lang='lat' dir='ltr'><strong>negaverint,</strong></span> <span class='ocrx_word' id='word_1_127' title='bbox 1686 2065 1824 2119; x_wconf 74' lang='lat' dir='ltr'><strong>alios</strong></span> <span class='ocrx_word' id='word_1_128' title='bbox 1856 2066 2014 2117; x_wconf 81' lang='lat' dir='ltr'><strong>etiam</strong></span> 
     </span>
    </p>
   </div>
   <div class='ocr_carea' id='block_1_23' title="bbox 1023 2152 1433 2211">
    <p class='ocr_par' dir='ltr' id='par_1_23' title="bbox 1023 2152 1433 2211">
     <span class='ocr_line' id='line_1_23' title="bbox 1023 2152 1433 2211; baseline -0.007 -16"><span class='ocrx_word' id='word_1_129' title='bbox 1023 2152 1433 2211; x_wconf 68' lang='lat' dir='ltr'><strong>persequuntur.</strong></span> 
     </span>
    </p>
   </div>
   <div class='ocr_carea' id='block_1_24' title="bbox 507 2229 2016 2303">
    <p class='ocr_par' dir='ltr' id='par_1_24' title="bbox 507 2229 2016 2303">
     <span class='ocr_line' id='line_1_24' title="bbox 507 2229 2016 2303; baseline -0.009 -13"><span class='ocrx_word' id='word_1_130' title='bbox 507 2236 666 2303; x_wconf 86' lang='lat' dir='ltr'><strong>Quod</strong></span> <span class='ocrx_word' id='word_1_131' title='bbox 689 2236 733 2289; x_wconf 77' lang='lat' dir='ltr'><strong>si</strong></span> <span class='ocrx_word' id='word_1_132' title='bbox 766 2236 972 2303; x_wconf 89' lang='lat' dir='ltr'><strong>aliqui,</strong></span> <span class='ocrx_word' id='word_1_133' title='bbox 1027 2233 1206 2301; x_wconf 87' lang='lat' dir='ltr'><strong>inquit</strong></span> <span class='ocrx_word' id='word_1_134' title='bbox 1234 2230 1267 2284; x_wconf 83' lang='lat'><strong>9</strong></span> <span class='ocrx_word' id='word_1_135' title='bbox 1313 2229 1616 2299; x_wconf 65' lang='lat' dir='ltr'><strong>Aircyranae</strong></span> <span class='ocrx_word' id='word_1_136' title='bbox 1652 2239 1851 2289; x_wconf 89' lang='lat' dir='ltr'><strong>canon,</strong></span> <span class='ocrx_word' id='word_1_137' title='bbox 1888 2240 2016 2278; x_wconf 87' lang='lat' dir='ltr'><strong>cru-</strong></span> 
     </span>
    </p>
   </div>
   <div class='ocr_carea' id='block_1_25' title="bbox 440 2319 2017 2399">
    <p class='ocr_par' dir='ltr' id='par_1_25' title="bbox 440 2319 2017 2399">
     <span class='ocr_line' id='line_1_25' title="bbox 440 2319 2017 2399; baseline -0.01 -13"><span class='ocrx_word' id='word_1_138' title='bbox 440 2333 682 2386; x_wconf 83' lang='lat' dir='ltr'><strong>ciatuum</strong></span> <span class='ocrx_word' id='word_1_139' title='bbox 740 2328 1010 2399; x_wconf 76' lang='lat' dir='ltr'><strong>gravitate</strong></span> <span class='ocrx_word' id='word_1_140' title='bbox 1059 2326 1195 2379; x_wconf 88' lang='lat' dir='ltr'><strong>adeo</strong></span> <span class='ocrx_word' id='word_1_141' title='bbox 1248 2321 1484 2393; x_wconf 87' lang='lat' dir='ltr'><strong>perculsi</strong></span> <span class='ocrx_word' id='word_1_142' title='bbox 1520 2319 1748 2384; x_wconf 77' lang='lat' dir='ltr'><strong>fuerint,</strong></span> <span class='ocrx_word' id='word_1_143' title='bbox 1796 2328 1856 2372; x_wconf 93' lang='lat' dir='ltr'><strong>ut</strong></span> <span class='ocrx_word' id='word_1_144' title='bbox 1905 2334 2017 2373; x_wconf 90' lang='lat' dir='ltr'><strong>non</strong></span> 
     </span>
    </p>
   </div>
   <div class='ocr_carea' id='block_1_26' title="bbox 441 2410 2017 2482">
    <p class='ocr_par' dir='ltr' id='par_1_26' title="bbox 441 2410 2017 2482">
     <span class='ocr_line' id='line_1_26' title="bbox 441 2410 2017 2482; baseline -0.008 -5"><span class='ocrx_word' id='word_1_145' title='bbox 441 2424 617 2477; x_wconf 83' lang='lat' dir='ltr'><strong>solum</strong></span> <span class='ocrx_word' id='word_1_146' title='bbox 648 2438 682 2476; x_wconf 89' lang='lat' dir='ltr'><strong>a</strong></span> <span class='ocrx_word' id='word_1_147' title='bbox 711 2420 815 2475; x_wconf 83' lang='lat' dir='ltr'><strong>(ide</strong></span> <span class='ocrx_word' id='word_1_148' title='bbox 838 2419 1169 2482; x_wconf 78' lang='lat' dir='ltr'><strong>desciscant,</strong></span> <span class='ocrx_word' id='word_1_149' title='bbox 1200 2416 1295 2471; x_wconf 88' lang='lat' dir='ltr'><strong>sed</strong></span> <span class='ocrx_word' id='word_1_150' title='bbox 1326 2426 1381 2470; x_wconf 84' lang='lat' dir='ltr'><strong>et</strong></span> <span class='ocrx_word' id='word_1_151' title='bbox 1410 2415 1465 2468; x_wconf 89' lang='lat' dir='ltr'><strong>in</strong></span> <span class='ocrx_word' id='word_1_152' title='bbox 1524 2428 1620 2468; x_wconf 89' lang='lat' dir='ltr'><strong>eos</strong></span> <span class='ocrx_word' id='word_1_153' title='bbox 1647 2413 1847 2482; x_wconf 90' lang='lat' dir='ltr'><strong>quibus</strong></span> <span class='ocrx_word' id='word_1_154' title='bbox 1885 2410 2017 2465; x_wconf 84' lang='lat' dir='ltr'><strong>ﬁdes</strong></span> 
     </span>
    </p>
   </div>
   <div class='ocr_carea' id='block_1_27' title="bbox 443 2500 2021 2583">
    <p class='ocr_par' dir='ltr' id='par_1_27' title="bbox 443 2500 2021 2583">
     <span class='ocr_line' id='line_1_27' title="bbox 443 2500 2021 2583; baseline -0.01 -13"><span class='ocrx_word' id='word_1_155' title='bbox 443 2530 588 2570; x_wconf 79' lang='lat' dir='ltr'><strong>curae</strong></span> <span class='ocrx_word' id='word_1_156' title='bbox 613 2524 715 2578; x_wconf 89' lang='lat' dir='ltr'><strong>est,</strong></span> <span class='ocrx_word' id='word_1_157' title='bbox 745 2513 1052 2583; x_wconf 74' lang='lat' dir='ltr'><strong>insurgunt,</strong></span> <span class='ocrx_word' id='word_1_158' title='bbox 1111 2524 1317 2579; x_wconf 88' lang='lat' dir='ltr'><strong>eosque</strong></span> <span class='ocrx_word' id='word_1_159' title='bbox 1347 2509 1414 2562; x_wconf 87' lang='lat' dir='ltr'><strong>ad</strong></span> <span class='ocrx_word' id='word_1_160' title='bbox 1447 2505 1784 2563; x_wconf 62' lang='lat' dir='ltr'><strong>daemonibus</strong></span> <span class='ocrx_word' id='word_1_161' title='bbox 1815 2500 2021 2558; x_wconf 79' lang='lat' dir='ltr'><strong>sacriﬁ-</strong></span> 
     </span>
    </p>
   </div>
   <div class='ocr_carea' id='block_1_28' title="bbox 443 2596 2019 2669">
    <p class='ocr_par' dir='ltr' id='par_1_28' title="bbox 443 2596 2019 2669">
     <span class='ocr_line' id='line_1_28' title="bbox 443 2596 2019 2669; baseline -0.009 -8"><span class='ocrx_word' id='word_1_162' title='bbox 443 2608 677 2662; x_wconf 83' lang='lat' dir='ltr'><strong>candum</strong></span> <span class='ocrx_word' id='word_1_163' title='bbox 711 2606 960 2669; x_wconf 88' lang='lat' dir='ltr'><strong>incitent,</strong></span> <span class='ocrx_word' id='word_1_164' title='bbox 993 2612 1048 2658; x_wconf 90' lang='lat' dir='ltr'><strong>et</strong></span> <span class='ocrx_word' id='word_1_165' title='bbox 1084 2602 1450 2665; x_wconf 84' lang='lat' dir='ltr'><strong>Christianos,</strong></span> <span class='ocrx_word' id='word_1_166' title='bbox 1482 2597 1576 2669; x_wconf 88' lang='lat' dir='ltr'><strong>qui</strong></span> <span class='ocrx_word' id='word_1_167' title='bbox 1632 2596 1809 2668; x_wconf 78' lang='lat' dir='ltr'><strong>ignoti</strong></span> <span class='ocrx_word' id='word_1_168' title='bbox 1863 2603 2019 2650; x_wconf 83' lang='lat' dir='ltr'><strong>erant</strong></span> 
     </span>
    </p>
   </div>
   <div class='ocr_carea' id='block_1_29' title="bbox 442 2689 2018 2763">
    <p class='ocr_par' dir='ltr' id='par_1_29' title="bbox 442 2689 2018 2763">
     <span class='ocr_line' id='line_1_29' title="bbox 442 2689 2018 2763; baseline -0.009 -9"><span class='ocrx_word' id='word_1_169' title='bbox 442 2701 529 2754; x_wconf 82' lang='lat' dir='ltr'><strong>vel</strong></span> <span class='ocrx_word' id='word_1_170' title='bbox 555 2698 883 2763; x_wconf 84' lang='lat' dir='ltr'><strong>absconditi,</strong></span> <span class='ocrx_word' id='word_1_171' title='bbox 914 2699 971 2751; x_wconf 91' lang='lat' dir='ltr'><strong>in</strong></span> <span class='ocrx_word' id='word_1_172' title='bbox 1001 2696 1239 2751; x_wconf 88' lang='lat' dir='ltr'><strong>medium</strong></span> <span class='ocrx_word' id='word_1_173' title='bbox 1265 2694 1504 2758; x_wconf 86' lang='lat' dir='ltr'><strong>trahant,</strong></span> <span class='ocrx_word' id='word_1_174' title='bbox 1527 2691 1801 2762; x_wconf 85' lang='lat' dir='ltr'><strong>perfectus</strong></span> <span class='ocrx_word' id='word_1_175' title='bbox 1827 2689 2018 2743; x_wconf 86' lang='lat' dir='ltr'><strong>decem</strong></span> 
     </span>
    </p>
   </div>
   <div class='ocr_carea' id='block_1_30' title="bbox 443 2783 2019 2858">
    <p class='ocr_par' dir='ltr' id='par_1_30' title="bbox 443 2783 2019 2858">
     <span class='ocr_line' id='line_1_30' title="bbox 443 2783 2019 2858; baseline -0.01 -11"><span class='ocrx_word' id='word_1_176' title='bbox 443 2788 711 2846; x_wconf 85' lang='lat' dir='ltr'><strong>annorum</strong></span> <span class='ocrx_word' id='word_1_177' title='bbox 755 2804 1017 2844; x_wconf 88' lang='lat' dir='ltr'><strong>numerus</strong></span> <span class='ocrx_word' id='word_1_178' title='bbox 1049 2788 1115 2843; x_wconf 90' lang='lat' dir='ltr'><strong>iis</strong></span> <span class='ocrx_word' id='word_1_179' title='bbox 1154 2787 1531 2858; x_wconf 74' lang='lat' dir='ltr'><strong>pmnitentiam</strong></span> <span class='ocrx_word' id='word_1_180' title='bbox 1560 2783 1843 2855; x_wconf 80' lang='lat' dir='ltr'><strong>agentibus</strong></span> <span class='ocrx_word' id='word_1_181' title='bbox 1892 2795 2019 2850; x_wconf 85' lang='lat' dir='ltr'><strong>per—</strong></span> 
     </span>
    </p>
   </div>
   <div class='ocr_carea' id='block_1_31' title="bbox 447 2874 2020 2939">
    <p class='ocr_par' dir='ltr' id='par_1_31' title="bbox 447 2874 2020 2939">
     <span class='ocr_line' id='line_1_31' title="bbox 447 2874 2020 2939; baseline -0.01 1"><span class='ocrx_word' id='word_1_182' title='bbox 447 2888 644 2939; x_wconf 80' lang='lat' dir='ltr'><strong>fectam</strong></span> <span class='ocrx_word' id='word_1_183' title='bbox 703 2881 1083 2937; x_wconf 84' lang='lat' dir='ltr'><strong>remissionem</strong></span> <span class='ocrx_word' id='word_1_184' title='bbox 1132 2879 1445 2935; x_wconf 89' lang='lat' dir='ltr'><strong>emetietur.</strong></span> <span class='ocrx_word' id='word_1_185' title='bbox 1480 2874 1595 2930; x_wconf 81' lang='lat' dir='ltr'><strong>Non</strong></span> <span class='ocrx_word' id='word_1_186' title='bbox 1636 2874 1782 2930; x_wconf 81' lang='lat' dir='ltr'><strong>enim</strong></span> <span class='ocrx_word' id='word_1_187' title='bbox 1842 2887 2020 2925; x_wconf 90' lang='lat' dir='ltr'><strong>canon</strong></span> 
     </span>
    </p>
   </div>
   <div class='ocr_carea' id='block_1_32' title="bbox 447 2964 2021 3044">
    <p class='ocr_par' dir='ltr' id='par_1_32' title="bbox 447 2964 2021 3044">
     <span class='ocr_line' id='line_1_32' title="bbox 447 2964 2021 3044; baseline -0.01 -12"><span class='ocrx_word' id='word_1_188' title='bbox 447 2981 535 3032; x_wconf 85' lang='lat' dir='ltr'><strong>hic</strong></span> <span class='ocrx_word' id='word_1_189' title='bbox 599 2975 666 3030; x_wconf 89' lang='lat' dir='ltr'><strong>de</strong></span> <span class='ocrx_word' id='word_1_190' title='bbox 726 2975 888 3030; x_wconf 81' lang='lat' dir='ltr'><strong>ﬁdem</strong></span> <span class='ocrx_word' id='word_1_191' title='bbox 932 2988 1157 3044; x_wconf 89' lang='lat' dir='ltr'><strong>prorsus</strong></span> <span class='ocrx_word' id='word_1_192' title='bbox 1219 2969 1545 3040; x_wconf 80' lang='lat' dir='ltr'><strong>negantibus</strong></span> <span class='ocrx_word' id='word_1_193' title='bbox 1576 3009 1589 3031; x_wconf 90' lang='lat'><strong>,</strong></span> <span class='ocrx_word' id='word_1_194' title='bbox 1636 2978 1691 3022; x_wconf 93' lang='lat' dir='ltr'><strong>et</strong></span> <span class='ocrx_word' id='word_1_195' title='bbox 1744 2964 2021 3036; x_wconf 78' lang='lat' dir='ltr'><strong>religionis</strong></span> 
     </span>
    </p>
   </div>
   <div class='ocr_carea' id='block_1_33' title="bbox 445 3064 2020 3135">
    <p class='ocr_par' dir='ltr' id='par_1_33' title="bbox 445 3064 2020 3135">
     <span class='ocr_line' id='line_1_33' title="bbox 445 3064 2020 3135; baseline -0.008 -11"><span class='ocrx_word' id='word_1_196' title='bbox 445 3069 695 3125; x_wconf 77' lang='lat' dir='ltr'><strong>hostibus</strong></span> <span class='ocrx_word' id='word_1_197' title='bbox 740 3067 980 3130; x_wconf 87' lang='lat' dir='ltr'><strong>disserit,</strong></span> <span class='ocrx_word' id='word_1_198' title='bbox 1019 3067 1110 3135; x_wconf 87' lang='lat' dir='ltr'><strong>qui</strong></span> <span class='ocrx_word' id='word_1_199' title='bbox 1161 3064 1420 3119; x_wconf 76' lang='lat' dir='ltr'><strong>Ecclesia:</strong></span> <span class='ocrx_word' id='word_1_200' title='bbox 1472 3070 1852 3131; x_wconf 80' lang='lat' dir='ltr'><strong>persecutores</strong></span> <span class='ocrx_word' id='word_1_201' title='bbox 1898 3072 2020 3112; x_wconf 86' lang='lat' dir='ltr'><strong>sese</strong></span> 
     </span>
    </p>
   </div>
   <div class='ocr_carea' id='block_1_34' title="bbox 447 3150 2020 3228">
    <p class='ocr_par' dir='ltr' id='par_1_34' title="bbox 447 3150 2020 3228">
     <span class='ocr_line' id='line_1_34' title="bbox 447 3150 2020 3228; baseline -0.009 -13"><span class='ocrx_word' id='word_1_202' title='bbox 447 3169 635 3228; x_wconf 80' lang='lat' dir='ltr'><strong>aperte</strong></span> <span class='ocrx_word' id='word_1_203' title='bbox 685 3160 1088 3222; x_wconf 72' lang='lat' dir='ltr'><strong>exhibueruut;</strong></span> <span class='ocrx_word' id='word_1_204' title='bbox 1150 3157 1206 3210; x_wconf 88' lang='lat' dir='ltr'><strong>hi</strong></span> <span class='ocrx_word' id='word_1_205' title='bbox 1250 3156 1394 3209; x_wconf 89' lang='lat' dir='ltr'><strong>enim</strong></span> <span class='ocrx_word' id='word_1_206' title='bbox 1455 3153 1579 3207; x_wconf 84' lang='lat' dir='ltr'><strong>licet</strong></span> <span class='ocrx_word' id='word_1_207' title='bbox 1641 3150 2020 3221; x_wconf 70' lang='lat' dir='ltr'><strong>paenitentiam</strong></span> 
     </span>
    </p>
   </div>
   <div class='ocr_carea' id='block_1_35' title="bbox 443 3245 2023 3325">
    <p class='ocr_par' dir='ltr' id='par_1_35' title="bbox 443 3245 2023 3325">
     <span class='ocr_line' id='line_1_35' title="bbox 443 3245 2023 3325; baseline -0.006 -16"><span class='ocrx_word' id='word_1_208' title='bbox 443 3264 629 3324; x_wconf 73' lang='lat' dir='ltr'><strong>agant,</strong></span> <span class='ocrx_word' id='word_1_209' title='bbox 654 3253 995 3325; x_wconf 77' lang='lat' dir='ltr'><strong>gravioribus</strong></span> <span class='ocrx_word' id='word_1_210' title='bbox 1044 3250 1227 3321; x_wconf 76' lang='lat' dir='ltr'><strong>pomis</strong></span> <span class='ocrx_word' id='word_1_211' title='bbox 1248 3264 1411 3319; x_wconf 89' lang='lat' dir='ltr'><strong>quam</strong></span> <span class='ocrx_word' id='word_1_212' title='bbox 1437 3249 1503 3301; x_wconf 88' lang='lat' dir='ltr'><strong>iis</strong></span> <span class='ocrx_word' id='word_1_213' title='bbox 1533 3261 1667 3316; x_wconf 88' lang='lat' dir='ltr'><strong>quas</strong></span> <span class='ocrx_word' id='word_1_214' title='bbox 1718 3245 1827 3300; x_wconf 89' lang='lat' dir='ltr'><strong>duo</strong></span> <span class='ocrx_word' id='word_1_215' title='bbox 1887 3259 2023 3314; x_wconf 69' lang='lat' dir='ltr'><strong>prte-</strong></span> 
     </span>
    </p>
   </div>
   <div class='ocr_carea' id='block_1_36' title="bbox 444 3337 2020 3410">
    <p class='ocr_par' dir='ltr' id='par_1_36' title="bbox 444 3337 2020 3410">
     <span class='ocr_line' id='line_1_36' title="bbox 444 3337 2020 3410; baseline -0.009 -8"><span class='ocrx_word' id='word_1_216' title='bbox 444 3348 573 3402; x_wconf 69' lang='lat' dir='ltr'><strong>dieti</strong></span> <span class='ocrx_word' id='word_1_217' title='bbox 601 3362 841 3401; x_wconf 83' lang='lat' dir='ltr'><strong>canones</strong></span> <span class='ocrx_word' id='word_1_218' title='bbox 865 3346 1191 3405; x_wconf 88' lang='lat' dir='ltr'><strong>decernunt,</strong></span> <span class='ocrx_word' id='word_1_219' title='bbox 1225 3344 1269 3396; x_wconf 80' lang='lat' dir='ltr'><strong>si</strong></span> <span class='ocrx_word' id='word_1_220' title='bbox 1326 3340 1439 3397; x_wconf 81' lang='lat' dir='ltr'><strong>fieri</strong></span> <span class='ocrx_word' id='word_1_221' title='bbox 1497 3347 1693 3410; x_wconf 82' lang='lat' dir='ltr'><strong>potest.</strong></span> <span class='ocrx_word' id='word_1_222' title='bbox 1726 3337 2020 3406; x_wconf 57' lang='lat' dir='ltr'><strong>subjicieuc</strong></span> 
     </span>
    </p>
   </div>
   <div class='ocr_carea' id='block_1_37' title="bbox 447 3428 2022 3506">
    <p class='ocr_par' dir='ltr' id='par_1_37' title="bbox 447 3428 2022 3506">
     <span class='ocr_line' id='line_1_37' title="bbox 447 3428 2022 3506; baseline -0.007 -12"><span class='ocrx_word' id='word_1_223' title='bbox 447 3449 551 3494; x_wconf 90' lang='lat' dir='ltr'><strong>tur.</strong></span> <span class='ocrx_word' id='word_1_224' title='bbox 584 3438 702 3492; x_wconf 88' lang='lat' dir='ltr'><strong>Non</strong></span> <span class='ocrx_word' id='word_1_225' title='bbox 749 3437 933 3506; x_wconf 80' lang='lat' dir='ltr'><strong>itaque</strong></span> <span class='ocrx_word' id='word_1_226' title='bbox 968 3436 1066 3489; x_wconf 86' lang='lat' dir='ltr'><strong>hos</strong></span> <span class='ocrx_word' id='word_1_227' title='bbox 1105 3434 1375 3504; x_wconf 80' lang='lat' dir='ltr'><strong>intelligit,</strong></span> <span class='ocrx_word' id='word_1_228' title='bbox 1441 3434 1536 3486; x_wconf 87' lang='lat' dir='ltr'><strong>sed</strong></span> <span class='ocrx_word' id='word_1_229' title='bbox 1569 3447 1664 3485; x_wconf 88' lang='lat' dir='ltr'><strong>eos</strong></span> <span class='ocrx_word' id='word_1_230' title='bbox 1694 3429 1782 3498; x_wconf 88' lang='lat' dir='ltr'><strong>qui</strong></span> <span class='ocrx_word' id='word_1_231' title='bbox 1842 3428 2022 3484; x_wconf 85' lang='lat' dir='ltr'><strong>adhuc</strong></span> 
     </span>
    </p>
   </div>
   <div class='ocr_carea' id='block_1_38' title="bbox 446 3527 2019 3589">
    <p class='ocr_par' dir='ltr' id='par_1_38' title="bbox 446 3527 2019 3589">
     <span class='ocr_line' id='line_1_38' title="bbox 446 3527 2019 3589; baseline -0.006 -8"><span class='ocrx_word' id='word_1_232' title='bbox 446 3529 751 3583; x_wconf 74' lang='lat' dir='ltr'><strong>orthodoxe</strong></span> <span class='ocrx_word' id='word_1_233' title='bbox 817 3527 1109 3589; x_wconf 85' lang='lat' dir='ltr'><strong>sentiunt,</strong></span> <span class='ocrx_word' id='word_1_234' title='bbox 1158 3535 1309 3579; x_wconf 85' lang='lat' dir='ltr'><strong>metu</strong></span> <span class='ocrx_word' id='word_1_235' title='bbox 1363 3533 1543 3578; x_wconf 89' lang='lat' dir='ltr'><strong>autem</strong></span> <span class='ocrx_word' id='word_1_236' title='bbox 1602 3529 2019 3583; x_wconf 84' lang='lat' dir='ltr'><strong>tormentorum,</strong></span> 
     </span>
    </p>
   </div>
   <div class='ocr_carea' id='block_1_39' title="bbox 447 3618 1743 3692">
    <p class='ocr_par' dir='ltr' id='par_1_39' title="bbox 447 3618 1743 3692">
     <span class='ocr_line' id='line_1_39' title="bbox 447 3618 1743 3692; baseline -0.005 -16"><span class='ocrx_word' id='word_1_237' title='bbox 447 3640 506 3677; x_wconf 84' lang='lat' dir='ltr'><strong>se</strong></span> <span class='ocrx_word' id='word_1_238' title='bbox 537 3623 828 3692; x_wconf 86' lang='lat' dir='ltr'><strong>impiorum</strong></span> <span class='ocrx_word' id='word_1_239' title='bbox 862 3622 1130 3692; x_wconf 78' lang='lat' dir='ltr'><strong>dogmatis</strong></span> <span class='ocrx_word' id='word_1_240' title='bbox 1156 3620 1412 3674; x_wconf 87' lang='lat' dir='ltr'><strong>assentiri</strong></span> <span class='ocrx_word' id='word_1_241' title='bbox 1462 3618 1743 3673; x_wconf 87' lang='lat' dir='ltr'><strong>simulant.</strong></span> 
     </span>
    </p>
   </div>
   <div class='ocr_carea' id='block_1_40' title="bbox 522 3891 2023 3963">
    <p class='ocr_par' dir='ltr' id='par_1_40' title="bbox 522 3891 2023 3963">
     <span class='ocr_line' id='line_1_40' title="bbox 522 3891 2023 3963; baseline -0.001 -18"><span class='ocrx_word' id='word_1_242' title='bbox 522 3891 749 3963; x_wconf 71' lang='lat' dir='ltr'><strong>Magnus</strong></span> <span class='ocrx_word' id='word_1_243' title='bbox 801 3902 984 3947; x_wconf 89' lang='lat' dir='ltr'><strong>autem</strong></span> <span class='ocrx_word' id='word_1_244' title='bbox 1016 3892 1372 3957; x_wconf 81' lang='lat' dir='ltr'><strong>Athanasius,</strong></span> <span class='ocrx_word' id='word_1_245' title='bbox 1404 3893 1460 3947; x_wconf 90' lang='lat' dir='ltr'><strong>in</strong></span> <span class='ocrx_word' id='word_1_246' title='bbox 1494 3892 1725 3962; x_wconf 89' lang='lat' dir='ltr'><strong>epistola</strong></span> <span class='ocrx_word' id='word_1_247' title='bbox 1758 3891 1823 3946; x_wconf 86' lang='lat' dir='ltr'><strong>ad</strong></span> <span class='ocrx_word' id='word_1_248' title='bbox 1854 3892 2023 3946; x_wconf 74' lang='lat' dir='ltr'><strong>Rulli-</strong></span> 
     </span>
    </p>
   </div>
   <div class='ocr_carea' id='block_1_41' title="bbox 448 3984 2024 4055">
    <p class='ocr_par' dir='ltr' id='par_1_41' title="bbox 448 3984 2024 4055">
     <span class='ocr_line' id='line_1_41' title="bbox 448 3984 2024 4055; baseline -0.001 -14"><span class='ocrx_word' id='word_1_249' title='bbox 448 3989 674 4041; x_wconf 84' lang='lat' dir='ltr'><strong>nianurn</strong></span> <span class='ocrx_word' id='word_1_250' title='bbox 699 4024 712 4045; x_wconf 86' lang='lat'><em>.</em></span> <span class='ocrx_word' id='word_1_251' title='bbox 752 3987 823 4039; x_wconf 66' lang='lat' dir='ltr'><strong>lix</strong></span> <span class='ocrx_word' id='word_1_252' title='bbox 854 3985 1255 4049; x_wconf 75' lang='lat' dir='ltr'><strong>sacerdotibus,</strong></span> <span class='ocrx_word' id='word_1_253' title='bbox 1282 3985 1479 4055; x_wconf 85' lang='lat' dir='ltr'><strong>inquit,</strong></span> <span class='ocrx_word' id='word_1_254' title='bbox 1504 3984 1598 4054; x_wconf 87' lang='lat' dir='ltr'><strong>qui</strong></span> <span class='ocrx_word' id='word_1_255' title='bbox 1653 4000 1777 4040; x_wconf 88' lang='lat' dir='ltr'><strong>cum</strong></span> <span class='ocrx_word' id='word_1_256' title='bbox 1807 3984 2024 4039; x_wconf 83' lang='lat' dir='ltr'><strong>Arianis</strong></span> 
     </span>
    </p>
   </div>
   <div class='ocr_carea' id='block_1_42' title="bbox 446 4077 2019 4147">
    <p class='ocr_par' dir='ltr' id='par_1_42' title="bbox 446 4077 2019 4147">
     <span class='ocr_line' id='line_1_42' title="bbox 446 4077 2019 4147; baseline 0.001 -16"><span class='ocrx_word' id='word_1_257' title='bbox 446 4079 942 4139; x_wconf 85' lang='lat' dir='ltr'><strong>communicarunt.</strong></span> <span class='ocrx_word' id='word_1_258' title='bbox 982 4078 1016 4131; x_wconf 89' lang='lat' dir='ltr'><strong>ii</strong></span> <span class='ocrx_word' id='word_1_259' title='bbox 1049 4078 1267 4146; x_wconf 87' lang='lat' dir='ltr'><strong>quidem</strong></span> <span class='ocrx_word' id='word_1_260' title='bbox 1331 4077 1511 4147; x_wconf 80' lang='lat' dir='ltr'><strong>quivi</strong></span> <span class='ocrx_word' id='word_1_261' title='bbox 1566 4077 1818 4132; x_wconf 89' lang='lat' dir='ltr'><strong>subducti</strong></span> <span class='ocrx_word' id='word_1_262' title='bbox 1872 4090 2019 4143; x_wconf 92' lang='lat' dir='ltr'><strong>sunt,</strong></span> 
     </span>
    </p>
   </div>
   <div class='ocr_carea' id='block_1_43' title="bbox 446 4167 2021 4240">
    <p class='ocr_par' dir='ltr' id='par_1_43' title="bbox 446 4167 2021 4240">
     <span class='ocr_line' id='line_1_43' title="bbox 446 4167 2021 4240; baseline 0.001 -18"><span class='ocrx_word' id='word_1_263' title='bbox 446 4171 712 4224; x_wconf 85' lang='lat' dir='ltr'><strong>canonice</strong></span> <span class='ocrx_word' id='word_1_264' title='bbox 741 4170 1112 4240; x_wconf 77' lang='lat' dir='ltr'><strong>corriguntur,</strong></span> <span class='ocrx_word' id='word_1_265' title='bbox 1140 4185 1171 4224; x_wconf 87' lang='lat' dir='ltr'><strong>e</strong></span> <span class='ocrx_word' id='word_1_266' title='bbox 1200 4167 1322 4224; x_wconf 86' lang='lat' dir='ltr'><strong>loco</strong></span> <span class='ocrx_word' id='word_1_267' title='bbox 1352 4180 1534 4224; x_wconf 91' lang='lat' dir='ltr'><strong>autem</strong></span> <span class='ocrx_word' id='word_1_268' title='bbox 1586 4170 1798 4225; x_wconf 84' lang='lat' dir='ltr'><strong>ordinis</strong></span> <span class='ocrx_word' id='word_1_269' title='bbox 1859 4186 2021 4240; x_wconf 87' lang='lat' dir='ltr'><strong>quem</strong></span> 
     </span>
    </p>
   </div>
   <div class='ocr_carea' id='block_1_44' title="bbox 447 4261 2021 4331">
    <p class='ocr_par' dir='ltr' id='par_1_44' title="bbox 447 4261 2021 4331">
     <span class='ocr_line' id='line_1_44' title="bbox 447 4261 2021 4331; baseline -0.001 -16"><span class='ocrx_word' id='word_1_270' title='bbox 447 4263 624 4316; x_wconf 86' lang='lat' dir='ltr'><strong>sortiti</strong></span> <span class='ocrx_word' id='word_1_271' title='bbox 653 4272 806 4322; x_wconf 89' lang='lat' dir='ltr'><strong>sunt,</strong></span> <span class='ocrx_word' id='word_1_272' title='bbox 838 4276 949 4315; x_wconf 91' lang='lat' dir='ltr'><strong>non</strong></span> <span class='ocrx_word' id='word_1_273' title='bbox 981 4261 1315 4329; x_wconf 82' lang='lat' dir='ltr'><strong>ejiciuntur;</strong></span> <span class='ocrx_word' id='word_1_274' title='bbox 1349 4262 1622 4331; x_wconf 63' lang='lat' dir='ltr'><strong>praecipue</strong></span> <span class='ocrx_word' id='word_1_275' title='bbox 1652 4262 1699 4315; x_wconf 89' lang='lat' dir='ltr'><strong>si</strong></span> <span class='ocrx_word' id='word_1_276' title='bbox 1732 4262 2021 4327; x_wconf 88' lang='lat' dir='ltr'><strong>rationem,</strong></span> 
     </span>
    </p>
   </div>
   <div class='ocr_carea' id='block_1_45' title="bbox 449 4353 2021 4413">
    <p class='ocr_par' dir='ltr' id='par_1_45' title="bbox 449 4353 2021 4413">
     <span class='ocr_line' id='line_1_45' title="bbox 449 4353 2021 4413; baseline -0.001 -5"><span class='ocrx_word' id='word_1_277' title='bbox 449 4356 526 4408; x_wconf 89' lang='lat' dir='ltr'><strong>uti</strong></span> <span class='ocrx_word' id='word_1_278' title='bbox 565 4356 840 4413; x_wconf 79' lang='lat' dir='ltr'><strong>dixerunt,</strong></span> <span class='ocrx_word' id='word_1_279' title='bbox 905 4369 1029 4408; x_wconf 89' lang='lat' dir='ltr'><strong>cum</strong></span> <span class='ocrx_word' id='word_1_280' title='bbox 1062 4353 1131 4407; x_wconf 91' lang='lat' dir='ltr'><strong>iis</strong></span> <span class='ocrx_word' id='word_1_281' title='bbox 1166 4353 1391 4406; x_wconf 88' lang='lat' dir='ltr'><strong>minime</strong></span> <span class='ocrx_word' id='word_1_282' title='bbox 1420 4356 1855 4407; x_wconf 78' lang='lat' dir='ltr'><strong>consentientem</strong></span> <span class='ocrx_word' id='word_1_283' title='bbox 1921 4354 2021 4408; x_wconf 77' lang='lat' dir='ltr'><strong>lia~</strong></span> 
     </span>
    </p>
   </div>
   <div class='ocr_carea' id='block_1_46' title="bbox 451 4443 2021 4523">
    <p class='ocr_par' dir='ltr' id='par_1_46' title="bbox 451 4443 2021 4523">
     <span class='ocr_line' id='line_1_46' title="bbox 451 4443 2021 4523; baseline 0.002 -26"><span class='ocrx_word' id='word_1_284' title='bbox 451 4445 693 4507; x_wconf 84' lang='lat' dir='ltr'><strong>buerint,</strong></span> <span class='ocrx_word' id='word_1_285' title='bbox 728 4454 783 4499; x_wconf 91' lang='lat' dir='ltr'><strong>et</strong></span> <span class='ocrx_word' id='word_1_286' title='bbox 816 4460 874 4498; x_wconf 92' lang='lat' dir='ltr'><strong>se</strong></span> <span class='ocrx_word' id='word_1_287' title='bbox 904 4443 1161 4513; x_wconf 87' lang='lat' dir='ltr'><strong>prudenti</strong></span> <span class='ocrx_word' id='word_1_288' title='bbox 1193 4444 1417 4523; x_wconf 73' lang='lat' dir='ltr'><strong>consilio</strong></span> <span class='ocrx_word' id='word_1_289' title='bbox 1448 4459 1569 4497; x_wconf 90' lang='lat' dir='ltr'><strong>cum</strong></span> <span class='ocrx_word' id='word_1_290' title='bbox 1595 4443 1663 4497; x_wconf 87' lang='lat' dir='ltr'><strong>iis</strong></span> <span class='ocrx_word' id='word_1_291' title='bbox 1710 4446 2021 4500; x_wconf 87' lang='lat' dir='ltr'><strong>communi-</strong></span> 
     </span>
    </p>
   </div>
   <div class='ocr_carea' id='block_1_47' title="bbox 447 4537 2018 4607">
    <p class='ocr_par' dir='ltr' id='par_1_47' title="bbox 447 4537 2018 4607">
     <span class='ocr_line' id='line_1_47' title="bbox 447 4537 2018 4607; baseline 0 -15"><span class='ocrx_word' id='word_1_292' title='bbox 447 4554 600 4593; x_wconf 75' lang='lat' dir='ltr'><strong>(a~se</strong></span> <span class='ocrx_word' id='word_1_293' title='bbox 627 4537 1028 4601; x_wconf 75' lang='lat' dir='ltr'><strong>siinulaverint,</strong></span> <span class='ocrx_word' id='word_1_294' title='bbox 1067 4545 1372 4590; x_wconf 88' lang='lat' dir='ltr'><strong>metuentes</strong></span> <span class='ocrx_word' id='word_1_295' title='bbox 1425 4553 1493 4590; x_wconf 89' lang='lat' dir='ltr'><strong>ne</strong></span> <span class='ocrx_word' id='word_1_296' title='bbox 1545 4538 1676 4607; x_wconf 76' lang='lat' dir='ltr'><strong>ipsis</strong></span> <span class='ocrx_word' id='word_1_297' title='bbox 1732 4554 1838 4591; x_wconf 90' lang='lat' dir='ltr'><strong>una</strong></span> <span class='ocrx_word' id='word_1_298' title='bbox 1896 4555 2018 4592; x_wconf 90' lang='lat' dir='ltr'><strong>cum</strong></span> 
     </span>
    </p>
   </div>
   <div class='ocr_carea' id='block_1_48' title="bbox 452 4627 2022 4701">
    <p class='ocr_par' dir='ltr' id='par_1_48' title="bbox 452 4627 2022 4701">
     <span class='ocr_line' id='line_1_48' title="bbox 452 4627 2022 4701; baseline -0.001 -18"><span class='ocrx_word' id='word_1_299' title='bbox 452 4630 716 4701; x_wconf 79' lang='lat' dir='ltr'><strong>religione</strong></span> <span class='ocrx_word' id='word_1_300' title='bbox 754 4628 1015 4699; x_wconf 76' lang='lat' dir='ltr'><strong>expulsis,</strong></span> <span class='ocrx_word' id='word_1_301' title='bbox 1074 4627 1330 4683; x_wconf 61' lang='lat' dir='ltr'><strong>Ecclesiae</strong></span> <span class='ocrx_word' id='word_1_302' title='bbox 1359 4645 1454 4696; x_wconf 87' lang='lat' dir='ltr'><strong>per</strong></span> <span class='ocrx_word' id='word_1_303' title='bbox 1508 4629 1798 4696; x_wconf 85' lang='lat' dir='ltr'><strong>impiorum</strong></span> <span class='ocrx_word' id='word_1_304' title='bbox 1848 4630 2022 4683; x_wconf 87' lang='lat' dir='ltr'><strong>intro-</strong></span> 
     </span>
    </p>
   </div>
   <div class='ocr_carea' id='block_1_49' title="bbox 354 4716 2021 4790">
    <p class='ocr_par' dir='ltr' id='par_1_49' title="bbox 354 4716 2021 4790">
     <span class='ocr_line' id='line_1_49' title="bbox 354 4716 2021 4790; baseline -0.001 -14"><span class='ocrx_word' id='word_1_305' title='bbox 354 4716 355 4719; x_wconf 43' lang='grc'><em>“</em></span> <span class='ocrx_word' id='word_1_306' title='bbox 451 4722 765 4776; x_wconf 82' lang='lat' dir='ltr'><strong>ductionem</strong></span> <span class='ocrx_word' id='word_1_307' title='bbox 797 4732 1304 4790; x_wconf 87' lang='lat' dir='ltr'><strong>corrumperentur.</strong></span> <span class='ocrx_word' id='word_1_308' title='bbox 1335 4722 1438 4787; x_wconf 84' lang='lat' dir='ltr'><strong>Qui</strong></span> <span class='ocrx_word' id='word_1_309' title='bbox 1473 4733 1655 4776; x_wconf 87' lang='lat' dir='ltr'><strong>autem</strong></span> <span class='ocrx_word' id='word_1_310' title='bbox 1688 4738 1800 4775; x_wconf 84' lang='lat' dir='ltr'><strong>non</strong></span> <span class='ocrx_word' id='word_1_311' title='bbox 1846 4725 2021 4776; x_wconf 87' lang='lat' dir='ltr'><strong>solum</strong></span> 
     </span>
    </p>
   </div>
   <div class='ocr_carea' id='block_1_50' title="bbox 450 4811 2023 4882">
    <p class='ocr_par' dir='ltr' id='par_1_50' title="bbox 450 4811 2023 4882">
     <span class='ocr_line' id='line_1_50' title="bbox 450 4811 2023 4882; baseline -0.002 -13"><span class='ocrx_word' id='word_1_312' title='bbox 450 4815 946 4873; x_wconf 85' lang='lat' dir='ltr'><strong>communicarunt,</strong></span> <span class='ocrx_word' id='word_1_313' title='bbox 974 4812 1068 4867; x_wconf 84' lang='lat' dir='ltr'><strong>sed</strong></span> <span class='ocrx_word' id='word_1_314' title='bbox 1095 4822 1150 4867; x_wconf 86' lang='lat' dir='ltr'><strong>et</strong></span> <span class='ocrx_word' id='word_1_315' title='bbox 1178 4829 1277 4882; x_wconf 89' lang='lat' dir='ltr'><strong>pro</strong></span> <span class='ocrx_word' id='word_1_316' title='bbox 1307 4813 1515 4870; x_wconf 79' lang='lat' dir='ltr'><strong>viribus</strong></span> <span class='ocrx_word' id='word_1_317' title='bbox 1562 4811 1675 4866; x_wconf 84' lang='lat' dir='ltr'><strong>suis</strong></span> <span class='ocrx_word' id='word_1_318' title='bbox 1728 4813 2023 4881; x_wconf 85' lang='lat' dir='ltr'><strong>impietatis</strong></span> 
     </span>
    </p>
   </div>
   <div class='ocr_carea' id='block_1_51' title="bbox 455 4903 2022 4979">
    <p class='ocr_par' dir='ltr' id='par_1_51' title="bbox 455 4903 2022 4979">
     <span class='ocr_line' id='line_1_51' title="bbox 455 4903 2022 4979; baseline -0.001 -21"><span class='ocrx_word' id='word_1_319' title='bbox 455 4914 893 4975; x_wconf 82' lang='lat' dir='ltr'><strong>propugnatores</strong></span> <span class='ocrx_word' id='word_1_320' title='bbox 923 4913 978 4958; x_wconf 87' lang='lat' dir='ltr'><strong>et</strong></span> <span class='ocrx_word' id='word_1_321' title='bbox 1008 4904 1221 4975; x_wconf 86' lang='lat' dir='ltr'><strong>patroni</strong></span> <span class='ocrx_word' id='word_1_322' title='bbox 1274 4903 1514 4966; x_wconf 77' lang='lat' dir='ltr'><strong>luerunt,</strong></span> <span class='ocrx_word' id='word_1_323' title='bbox 1546 4903 1590 4956; x_wconf 89' lang='lat' dir='ltr'><strong>si</strong></span> <span class='ocrx_word' id='word_1_324' title='bbox 1646 4904 2022 4979; x_wconf 71' lang='lat' dir='ltr'><strong>pmnitentiam</strong></span> 
     </span>
    </p>
   </div>
   <div class='ocr_carea' id='block_1_52' title="bbox 458 4991 2024 5067">
    <p class='ocr_par' dir='ltr' id='par_1_52' title="bbox 458 4991 2024 5067">
     <span class='ocr_line' id='line_1_52' title="bbox 458 4991 2024 5067; baseline -0.001 -18"><span class='ocrx_word' id='word_1_325' title='bbox 458 5006 641 5067; x_wconf 75' lang='lat' dir='ltr'><strong>agant,</strong></span> <span class='ocrx_word' id='word_1_326' title='bbox 674 5012 782 5049; x_wconf 91' lang='lat' dir='ltr'><strong>non</strong></span> <span class='ocrx_word' id='word_1_327' title='bbox 823 4997 1002 5065; x_wconf 77' lang='lat' dir='ltr'><strong>pcenis</strong></span> <span class='ocrx_word' id='word_1_328' title='bbox 1032 4996 1310 5064; x_wconf 66' lang='lat' dir='ltr'><strong>praedictis</strong></span> <span class='ocrx_word' id='word_1_329' title='bbox 1366 4991 1753 5064; x_wconf 81' lang='lat' dir='ltr'><strong>subjiciuntur,</strong></span> <span class='ocrx_word' id='word_1_330' title='bbox 1782 4994 1875 5047; x_wconf 91' lang='lat' dir='ltr'><strong>sed</strong></span> <span class='ocrx_word' id='word_1_331' title='bbox 1934 5011 2024 5048; x_wconf 88' lang='lat' dir='ltr'><strong>sa-</strong></span> 
     </span>
    </p>
   </div>
   <div class='ocr_carea' id='block_1_53' title="bbox 352 5088 2021 5166">
    <p class='ocr_par' dir='ltr' id='par_1_53' title="bbox 352 5088 2021 5166">
     <span class='ocr_line' id='line_1_53' title="bbox 352 5088 2021 5166; baseline 0.001 -23"><span class='ocrx_word' id='word_1_332' title='bbox 352 5160 358 5166; x_wconf 26' lang='lat'><em>.</em></span> <span class='ocrx_word' id='word_1_333' title='bbox 455 5092 700 5144; x_wconf 82' lang='lat' dir='ltr'><strong>cerdutio</strong></span> <span class='ocrx_word' id='word_1_334' title='bbox 749 5091 897 5144; x_wconf 81' lang='lat' dir='ltr'><strong>exuti</strong></span> <span class='ocrx_word' id='word_1_335' title='bbox 953 5091 1010 5144; x_wconf 91' lang='lat' dir='ltr'><strong>in</strong></span> <span class='ocrx_word' id='word_1_336' title='bbox 1078 5091 1346 5145; x_wconf 84' lang='lat' dir='ltr'><strong>iaicorum</strong></span> <span class='ocrx_word' id='word_1_337' title='bbox 1397 5088 1517 5143; x_wconf 88' lang='lat' dir='ltr'><strong>loco</strong></span> <span class='ocrx_word' id='word_1_338' title='bbox 1594 5090 2021 5145; x_wconf 86' lang='lat' dir='ltr'><strong>constituuntur.</strong></span> 
     </span>
    </p>
   </div>
   <div class='ocr_carea' id='block_1_54' title="bbox 450 5180 2024 5248">
    <p class='ocr_par' dir='ltr' id='par_1_54' title="bbox 450 5180 2024 5248">
     <span class='ocr_line' id='line_1_54' title="bbox 450 5180 2024 5248; baseline -0.002 -10"><span class='ocrx_word' id='word_1_339' title='bbox 450 5182 631 5238; x_wconf 87' lang='lat' dir='ltr'><strong>Laieis</strong></span> <span class='ocrx_word' id='word_1_340' title='bbox 665 5197 797 5238; x_wconf 81' lang='lat' dir='ltr'><strong>vero</strong></span> <span class='ocrx_word' id='word_1_341' title='bbox 837 5183 1079 5237; x_wconf 86' lang='lat' dir='ltr'><strong>seductis</strong></span> <span class='ocrx_word' id='word_1_342' title='bbox 1111 5191 1205 5235; x_wconf 87' lang='lat' dir='ltr'><strong>aut</strong></span> <span class='ocrx_word' id='word_1_343' title='bbox 1248 5183 1355 5235; x_wconf 85' lang='lat' dir='ltr'><strong>vim</strong></span> <span class='ocrx_word' id='word_1_344' title='bbox 1391 5180 1565 5248; x_wconf 80' lang='lat' dir='ltr'><strong>passis</strong></span> <span class='ocrx_word' id='word_1_345' title='bbox 1622 5180 1781 5235; x_wconf 85' lang='lat' dir='ltr'><strong>venia</strong></span> <span class='ocrx_word' id='word_1_346' title='bbox 1818 5180 2024 5235; x_wconf 81' lang='lat' dir='ltr'><strong>indulta</strong></span> 
     </span>
    </p>
   </div>
   <div class='ocr_carea' id='block_1_55' title="bbox 450 5273 2025 5342">
    <p class='ocr_par' dir='ltr' id='par_1_55' title="bbox 450 5273 2025 5342">
     <span class='ocr_line' id='line_1_55' title="bbox 450 5273 2025 5342; baseline -0.001 -14"><span class='ocrx_word' id='word_1_347' title='bbox 450 5285 555 5333; x_wconf 80' lang='lat' dir='ltr'><strong>est.</strong></span> <span class='ocrx_word' id='word_1_348' title='bbox 589 5281 873 5342; x_wconf 85' lang='lat' dir='ltr'><strong>postquam</strong></span> <span class='ocrx_word' id='word_1_349' title='bbox 913 5274 1174 5327; x_wconf 86' lang='lat' dir='ltr'><strong>canonice</strong></span> <span class='ocrx_word' id='word_1_350' title='bbox 1203 5274 1433 5328; x_wconf 91' lang='lat' dir='ltr'><strong>correcti</strong></span> <span class='ocrx_word' id='word_1_351' title='bbox 1470 5273 1693 5335; x_wconf 71' lang='lat' dir='ltr'><strong>fuerint,</strong></span> <span class='ocrx_word' id='word_1_352' title='bbox 1727 5281 1781 5327; x_wconf 89' lang='lat' dir='ltr'><strong>et</strong></span> <span class='ocrx_word' id='word_1_353' title='bbox 1809 5274 2025 5329; x_wconf 62' lang='lat' dir='ltr'><strong>haereti-</strong></span> 
     </span>
    </p>
   </div>
   <div class='ocr_carea' id='block_1_56' title="bbox 449 5365 2026 5441">
    <p class='ocr_par' dir='ltr' id='par_1_56' title="bbox 449 5365 2026 5441">
     <span class='ocr_line' id='line_1_56' title="bbox 449 5365 2026 5441; baseline 0.001 -22"><span class='ocrx_word' id='word_1_354' title='bbox 449 5381 643 5419; x_wconf 88' lang='lat' dir='ltr'><strong>corum</strong></span> <span class='ocrx_word' id='word_1_355' title='bbox 674 5365 966 5434; x_wconf 89' lang='lat' dir='ltr'><strong>opiniones</strong></span> <span class='ocrx_word' id='word_1_356' title='bbox 993 5376 1180 5435; x_wconf 84' lang='lat' dir='ltr'><strong>apcrte</strong></span> <span class='ocrx_word' id='word_1_357' title='bbox 1211 5365 1822 5441; x_wconf 52' lang='lat' dir='ltr'><strong>auathematizaverint,</strong></span> <span class='ocrx_word' id='word_1_358' title='bbox 1850 5376 1904 5421; x_wconf 88' lang='lat' dir='ltr'><strong>et</strong></span> <span class='ocrx_word' id='word_1_359' title='bbox 1965 5368 2026 5421; x_wconf 79' lang='lat' dir='ltr'><strong>tt-</strong></span> 
     </span>
    </p>
   </div>
   <div class='ocr_carea' id='block_1_57' title="bbox 448 5452 2024 5510">
    <p class='ocr_par' dir='ltr' id='par_1_57' title="bbox 448 5452 2024 5510">
     <span class='ocr_line' id='line_1_57' title="bbox 448 5452 2024 5510; baseline 0.004 -6"><span class='ocrx_word' id='word_1_360' title='bbox 448 5452 573 5505; x_wconf 86' lang='lat' dir='ltr'><strong>dem</strong></span> <span class='ocrx_word' id='word_1_361' title='bbox 608 5452 972 5507; x_wconf 82' lang='lat' dir='ltr'><strong>orthodoxam</strong></span> <span class='ocrx_word' id='word_1_362' title='bbox 998 5452 1190 5509; x_wconf 70' lang='lat' dir='ltr'><strong>Nicaea:</strong></span> <span class='ocrx_word' id='word_1_363' title='bbox 1212 5452 1587 5510; x_wconf 80' lang='lat' dir='ltr'><strong>conﬁrmatam</strong></span> <span class='ocrx_word' id='word_1_364' title='bbox 1644 5471 1703 5509; x_wconf 87' lang='lat' dir='ltr'><strong>se</strong></span> <span class='ocrx_word' id='word_1_365' title='bbox 1731 5456 1785 5510; x_wconf 91' lang='lat' dir='ltr'><strong>in</strong></span> <span class='ocrx_word' id='word_1_366' title='bbox 1814 5457 2024 5510; x_wconf 85' lang='lat' dir='ltr'><strong>honore</strong></span> 
     </span>
    </p>
   </div>
   <div class='ocr_carea' id='block_1_58' title="bbox 448 5543 2027 5616">
    <p class='ocr_par' dir='ltr' id='par_1_58' title="bbox 448 5543 2027 5616">
     <span class='ocr_line' id='line_1_58' title="bbox 448 5543 2027 5616; baseline 0.004 -20"><span class='ocrx_word' id='word_1_367' title='bbox 448 5543 738 5600; x_wconf 83' lang='lat' dir='ltr'><strong>habituros</strong></span> <span class='ocrx_word' id='word_1_368' title='bbox 798 5545 1029 5615; x_wconf 85' lang='lat' dir='ltr'><strong>polliciti</strong></span> <span class='ocrx_word' id='word_1_369' title='bbox 1070 5545 1296 5600; x_wconf 83' lang='lat' dir='ltr'><strong>fuerint.</strong></span> <span class='ocrx_word' id='word_1_370' title='bbox 1338 5544 1509 5611; x_wconf 91' lang='lat' dir='ltr'><strong>llanc,</strong></span> <span class='ocrx_word' id='word_1_371' title='bbox 1564 5545 1767 5616; x_wconf 87' lang='lat' dir='ltr'><strong>inquit,</strong></span> <span class='ocrx_word' id='word_1_372' title='bbox 1805 5558 2027 5602; x_wconf 89' lang='lat' dir='ltr'><strong>senten-</strong></span> 
     </span>
    </p>
   </div>
   <div class='ocr_carea' id='block_1_59' title="bbox 446 5637 2024 5709">
    <p class='ocr_par' dir='ltr' id='par_1_59' title="bbox 446 5637 2024 5709">
     <span class='ocr_line' id='line_1_59' title="bbox 446 5637 2024 5709; baseline 0.004 -20"><span class='ocrx_word' id='word_1_373' title='bbox 446 5637 576 5691; x_wconf 84' lang='lat' dir='ltr'><strong>tiam</strong></span> <span class='ocrx_word' id='word_1_374' title='bbox 613 5654 723 5692; x_wconf 88' lang='lat' dir='ltr'><strong>non</strong></span> <span class='ocrx_word' id='word_1_375' title='bbox 753 5638 871 5709; x_wconf 92' lang='lat' dir='ltr'><strong>ipse</strong></span> <span class='ocrx_word' id='word_1_376' title='bbox 900 5639 1267 5703; x_wconf 84' lang='lat' dir='ltr'><strong>solummodo,</strong></span> <span class='ocrx_word' id='word_1_377' title='bbox 1305 5639 1400 5693; x_wconf 88' lang='lat' dir='ltr'><strong>sed</strong></span> <span class='ocrx_word' id='word_1_378' title='bbox 1430 5649 1485 5694; x_wconf 89' lang='lat' dir='ltr'><strong>et</strong></span> <span class='ocrx_word' id='word_1_379' title='bbox 1519 5640 1695 5693; x_wconf 84' lang='lat' dir='ltr'><strong>sancti</strong></span> <span class='ocrx_word' id='word_1_380' title='bbox 1721 5639 1910 5694; x_wconf 78' lang='lat' dir='ltr'><strong>Patres</strong></span> <span class='ocrx_word' id='word_1_381' title='bbox 1969 5640 2024 5695; x_wconf 91' lang='lat' dir='ltr'><strong>in</strong></span> 
     </span>
    </p>
   </div>
   <div class='ocr_carea' id='block_1_60' title="bbox 448 5731 1678 5804">
    <p class='ocr_par' dir='ltr' id='par_1_60' title="bbox 448 5731 1678 5804">
     <span class='ocr_line' id='line_1_60' title="bbox 448 5731 1678 5804; baseline 0.002 -20"><span class='ocrx_word' id='word_1_382' title='bbox 448 5745 565 5801; x_wconf 72' lang='lat' dir='ltr'><strong>syu.</strong></span> <span class='ocrx_word' id='word_1_383' title='bbox 593 5731 903 5801; x_wconf 80' lang='lat' dir='ltr'><strong>ubicunque</strong></span> <span class='ocrx_word' id='word_1_384' title='bbox 933 5733 1239 5803; x_wconf 77' lang='lat' dir='ltr'><strong>congregati</strong></span> <span class='ocrx_word' id='word_1_385' title='bbox 1275 5732 1501 5804; x_wconf 70' lang='grc' dir='ltr'><strong>[ποίοεεὶ</strong></span> <span class='ocrx_word' id='word_1_386' title='bbox 1531 5742 1678 5787; x_wconf 86' lang='lat' dir='ltr'><strong>sunt.</strong></span> 
     </span>
    </p>
   </div>
   <div class='ocr_carea' id='block_1_61' title="bbox 2108 485 2706 556">
    <p class='ocr_par' dir='ltr' id='par_1_61' title="bbox 2108 485 2706 556">
     <span class='ocr_line' id='line_1_61' title="bbox 2108 485 2706 556; baseline 0.002 -18"><span class='ocrx_word' id='word_1_387' title='bbox 2108 486 2274 550; x_wconf 78' lang='grc' dir='ltr'><strong>κὸτας</strong></span> <span class='ocrx_word' id='word_1_388' title='bbox 2305 485 2706 556; x_wconf 72' lang='grc' dir='ltr'><strong>φιλανθρωπίᾳ.</strong></span> 
     </span>
    </p>
   </div>
   <div class='ocr_carea' id='block_1_62' title="bbox 2193 571 3685 648">
    <p class='ocr_par' dir='ltr' id='par_1_62' title="bbox 2193 571 3685 648">
     <span class='ocr_line' id='line_1_62' title="bbox 2193 571 3685 648; baseline -0.005 -20"><span class='ocrx_word' id='word_1_389' title='bbox 2193 577 2251 628; x_wconf 88' lang='lat'><strong>&#39;0</strong></span> <span class='ocrx_word' id='word_1_390' title='bbox 2282 578 2339 629; x_wconf 80' lang='grc' dir='ltr'><strong>δὲ</strong></span> <span class='ocrx_word' id='word_1_391' title='bbox 2378 576 2604 647; x_wconf 79' lang='grc' dir='ltr'><strong>Νύσσης</strong></span> <span class='ocrx_word' id='word_1_392' title='bbox 2646 577 2823 645; x_wconf 85' lang='grc' dir='ltr'><strong>μέγας</strong></span> <span class='ocrx_word' id='word_1_393' title='bbox 2859 575 3166 648; x_wconf 82' lang='grc' dir='ltr'><strong>Γρηγόριος</strong></span> <span class='ocrx_word' id='word_1_394' title='bbox 3194 575 3251 628; x_wconf 73' lang='grc' dir='ltr'><strong>ὲν</strong></span> <span class='ocrx_word' id='word_1_395' title='bbox 3276 572 3355 644; x_wconf 77' lang='grc' dir='ltr'><strong>τῷ</strong></span> <span class='ocrx_word' id='word_1_396' title='bbox 3385 579 3437 628; x_wconf 82' lang='grc' dir='ltr'><strong>α’</strong></span> <span class='ocrx_word' id='word_1_397' title='bbox 3470 571 3685 636; x_wconf 79' lang='grc' dir='ltr'><strong>κανόνι,</strong></span> 
     </span>
    </p>
   </div>
   <div class='ocr_carea' id='block_1_63' title="bbox 2120 665 3692 740">
    <p class='ocr_par' dir='ltr' id='par_1_63' title="bbox 2120 665 3692 740">
     <span class='ocr_line' id='line_1_63' title="bbox 2120 665 3692 740; baseline 0.001 -20"><span class='ocrx_word' id='word_1_398' title='bbox 2120 670 2180 720; x_wconf 88' lang='lat'><strong>&#39;0</strong></span> <span class='ocrx_word' id='word_1_399' title='bbox 2220 670 2508 732; x_wconf 72' lang='grc' dir='ltr'><strong>ἑκουσίως,</strong></span> <span class='ocrx_word' id='word_1_400' title='bbox 2548 671 2704 740; x_wconf 67' lang='grc' dir='ltr'><strong>φησι,</strong></span> <span class='ocrx_word' id='word_1_401' title='bbox 2750 669 2849 739; x_wconf 82' lang='grc' dir='ltr'><strong>τὴν</strong></span> <span class='ocrx_word' id='word_1_402' title='bbox 2880 670 2960 733; x_wconf 81' lang='grc' dir='ltr'><strong>είς</strong></span> <span class='ocrx_word' id='word_1_403' title='bbox 3011 670 3102 722; x_wconf 77' lang='grc' dir='ltr'><strong>τὸν</strong></span> <span class='ocrx_word' id='word_1_404' title='bbox 3146 667 3352 738; x_wconf 78' lang='grc' dir='ltr'><strong>Κύριον</strong></span> <span class='ocrx_word' id='word_1_405' title='bbox 3388 665 3550 737; x_wconf 76' lang='grc' dir='ltr'><strong>ἡμῶν</strong></span> <span class='ocrx_word' id='word_1_406' title='bbox 3583 665 3692 733; x_wconf 65' lang='lat'><strong>&#39;17,-</strong></span> 
     </span>
    </p>
   </div>
   <div class='ocr_carea' id='block_1_64' title="bbox 2112 753 3685 832">
    <p class='ocr_par' dir='ltr' id='par_1_64' title="bbox 2112 753 3685 832">
     <span class='ocr_line' id='line_1_64' title="bbox 2112 753 3685 832; baseline -0.004 -20"><span class='ocrx_word' id='word_1_407' title='bbox 2112 758 2243 813; x_wconf 86' lang='grc' dir='ltr'><strong>σοῦν</strong></span> <span class='ocrx_word' id='word_1_408' title='bbox 2271 761 2507 832; x_wconf 70' lang='grc' dir='ltr'><strong>Χριστὸν</strong></span> <span class='ocrx_word' id='word_1_409' title='bbox 2538 760 2923 829; x_wconf 84' lang='grc' dir='ltr'><strong>ἀρνησάμενος</strong></span> <span class='ocrx_word' id='word_1_410' title='bbox 2961 758 3165 822; x_wconf 81' lang='grc' dir='ltr'><strong>πίστιν,</strong></span> <span class='ocrx_word' id='word_1_411' title='bbox 3212 757 3307 811; x_wconf 68' lang='grc' dir='ltr'><strong>καὶ</strong></span> <span class='ocrx_word' id='word_1_412' title='bbox 3335 753 3685 824; x_wconf 79' lang='grc' dir='ltr'><strong>Ἰουδαῖσμῷ,</strong></span> 
     </span>
    </p>
   </div>
   <div class='ocr_carea' id='block_1_65' title="bbox 2109 849 3690 925">
    <p class='ocr_par' dir='ltr' id='par_1_65' title="bbox 2109 849 3690 925">
     <span class='ocr_line' id='line_1_65' title="bbox 2109 849 3690 925; baseline -0.006 -18"><span class='ocrx_word' id='word_1_413' title='bbox 2109 854 2141 923; x_wconf 84' lang='grc' dir='ltr'><strong>ἢ</strong></span> <span class='ocrx_word' id='word_1_414' title='bbox 2178 853 2622 925; x_wconf 67' lang='grc' dir='ltr'><strong>εἰδωλολατρείᾳ,</strong></span> <span class='ocrx_word' id='word_1_415' title='bbox 2657 853 2690 923; x_wconf 83' lang='grc' dir='ltr'>ἢ</span> <span class='ocrx_word' id='word_1_416' title='bbox 2735 851 3131 923; x_wconf 79' lang='grc' dir='ltr'><strong>Μανιχαῖσμῷ,</strong></span> <span class='ocrx_word' id='word_1_417' title='bbox 3171 853 3204 922; x_wconf 80' lang='grc' dir='ltr'>ἢ</span> <span class='ocrx_word' id='word_1_418' title='bbox 3253 850 3399 918; x_wconf 60' lang='lat' dir='ltr'><strong>illi,»</strong></span> <span class='ocrx_word' id='word_1_419' title='bbox 3435 851 3548 901; x_wconf 87' lang='grc' dir='ltr'><strong>τινί</strong></span> <span class='ocrx_word' id='word_1_420' title='bbox 3581 849 3690 899; x_wconf 78' lang='grc' dir='ltr'><strong>τῶν</strong></span> 
     </span>
    </p>
   </div>
   <div class='ocr_carea' id='block_1_66' title="bbox 2110 936 3693 1018">
    <p class='ocr_par' dir='ltr' id='par_1_66' title="bbox 2110 936 3693 1018">
     <span class='ocr_line' id='line_1_66' title="bbox 2110 936 3693 1018; baseline -0.004 -19"><span class='ocrx_word' id='word_1_421' title='bbox 2110 948 2208 1018; x_wconf 83' lang='grc' dir='ltr'><strong>τῆς</strong></span> <span class='ocrx_word' id='word_1_422' title='bbox 2238 948 2427 1011; x_wconf 78' lang='grc' dir='ltr'><strong>άοεϊας</strong></span> <span class='ocrx_word' id='word_1_423' title='bbox 2458 947 2617 1000; x_wconf 76' lang='grc' dir='ltr'><strong>εἰδῶν</strong></span> <span class='ocrx_word' id='word_1_424' title='bbox 2653 946 2825 1000; x_wconf 70' lang='grc' dir='ltr'><strong>ὄντων</strong></span> <span class='ocrx_word' id='word_1_425' title='bbox 2851 945 3117 998; x_wconf 77' lang='grc' dir='ltr'><strong>πλειόνων</strong></span> <span class='ocrx_word' id='word_1_426' title='bbox 3141 942 3539 1015; x_wconf 76' lang='grc' dir='ltr'><strong>προσθέμενος,</strong></span> <span class='ocrx_word' id='word_1_427' title='bbox 3570 936 3693 994; x_wconf 77' lang='grc' dir='ltr'><strong>εἶτα</strong></span> 
     </span>
    </p>
   </div>
   <div class='ocr_carea' id='block_1_67' title="bbox 2111 1033 3690 1109">
    <p class='ocr_par' dir='ltr' id='par_1_67' title="bbox 2111 1033 3690 1109">
     <span class='ocr_line' id='line_1_67' title="bbox 2111 1033 3690 1109; baseline -0.004 -17"><span class='ocrx_word' id='word_1_428' title='bbox 2111 1041 2417 1108; x_wconf 75' lang='grc' dir='ltr'><strong>καταγνοὺς</strong></span> <span class='ocrx_word' id='word_1_429' title='bbox 2489 1039 2727 1104; x_wconf 76' lang='grc' dir='ltr'><strong>ἑαυτοῦ,</strong></span> <span class='ocrx_word' id='word_1_430' title='bbox 2788 1039 3086 1109; x_wconf 84' lang='grc' dir='ltr'><strong>μετάνοιαν</strong></span> <span class='ocrx_word' id='word_1_431' title='bbox 3142 1035 3537 1107; x_wconf 73' lang='grc' dir='ltr'><strong>εἰσπράττεται</strong></span> <span class='ocrx_word' id='word_1_432' title='bbox 3610 1033 3690 1103; x_wconf 81' lang='grc' dir='ltr'><strong>τῷ</strong></span> 
     </span>
    </p>
   </div>
   <div class='ocr_carea' id='block_1_68' title="bbox 2111 1128 3692 1202">
    <p class='ocr_par' dir='ltr' id='par_1_68' title="bbox 2111 1128 3692 1202">
     <span class='ocr_line' id='line_1_68' title="bbox 2111 1128 3692 1202; baseline -0.004 -15"><span class='ocrx_word' id='word_1_433' title='bbox 2111 1134 2289 1202; x_wconf 68' lang='grc' dir='ltr'><strong>χρόνῳ</strong></span> <span class='ocrx_word' id='word_1_434' title='bbox 2313 1132 2415 1200; x_wconf 80' lang='grc' dir='ltr'><strong>τῆς</strong></span> <span class='ocrx_word' id='word_1_435' title='bbox 2455 1132 2602 1201; x_wconf 75' lang='grc' dir='ltr'><strong>ζωῆς</strong></span> <span class='ocrx_word' id='word_1_436' title='bbox 2644 1131 2813 1185; x_wconf 81' lang='grc' dir='ltr'><strong>αὑτοῦ</strong></span> <span class='ocrx_word' id='word_1_437' title='bbox 2862 1129 3476 1201; x_wconf 77' lang='grc' dir='ltr'><strong>συμπαρατεινομένην.</strong></span> <span class='ocrx_word' id='word_1_438' title='bbox 3518 1128 3692 1182; x_wconf 75' lang='grc' dir='ltr'><strong>Οὐδέ-</strong></span> 
     </span>
    </p>
   </div>
   <div class='ocr_carea' id='block_1_69' title="bbox 2112 1220 3689 1295">
    <p class='ocr_par' dir='ltr' id='par_1_69' title="bbox 2112 1220 3689 1295">
     <span class='ocr_line' id='line_1_69' title="bbox 2112 1220 3689 1295; baseline -0.003 -17"><span class='ocrx_word' id='word_1_439' title='bbox 2112 1242 2246 1278; x_wconf 86' lang='grc' dir='ltr'><strong>ποτε</strong></span> <span class='ocrx_word' id='word_1_440' title='bbox 2274 1226 2384 1295; x_wconf 82' lang='grc' dir='ltr'><strong>γὰρ</strong></span> <span class='ocrx_word' id='word_1_441' title='bbox 2436 1225 2534 1293; x_wconf 78' lang='grc' dir='ltr'><strong>τῆς</strong></span> <span class='ocrx_word' id='word_1_442' title='bbox 2589 1224 2860 1293; x_wconf 78' lang='grc' dir='ltr'><strong>μυστικῆς</strong></span> <span class='ocrx_word' id='word_1_443' title='bbox 2890 1223 3060 1294; x_wconf 74' lang='grc' dir='ltr'><strong>εὐχῆς</strong></span> <span class='ocrx_word' id='word_1_444' title='bbox 3091 1222 3522 1291; x_wconf 68' lang='grc' dir='ltr'><strong>ἐπιτελουμένης</strong></span> <span class='ocrx_word' id='word_1_445' title='bbox 3555 1220 3689 1274; x_wconf 78' lang='grc' dir='ltr'><strong>σύνο</strong></span> 
     </span>
    </p>
   </div>
   <div class='ocr_carea' id='block_1_70' title="bbox 2113 1313 3691 1387">
    <p class='ocr_par' dir='ltr' id='par_1_70' title="bbox 2113 1313 3691 1387">
     <span class='ocr_line' id='line_1_70' title="bbox 2113 1313 3691 1387; baseline -0.003 -17"><span class='ocrx_word' id='word_1_446' title='bbox 2113 1335 2233 1387; x_wconf 83' lang='grc' dir='ltr'><strong>αμα</strong></span> <span class='ocrx_word' id='word_1_447' title='bbox 2285 1319 2399 1380; x_wconf 81' lang='grc' dir='ltr'><strong>τοῖς</strong></span> <span class='ocrx_word' id='word_1_448' title='bbox 2428 1318 2643 1381; x_wconf 77' lang='grc' dir='ltr'><strong>πιστοῖς</strong></span> <span class='ocrx_word' id='word_1_449' title='bbox 2673 1317 2767 1370; x_wconf 83' lang='grc' dir='ltr'><strong>τὸν</strong></span> <span class='ocrx_word' id='word_1_450' title='bbox 2790 1316 2927 1369; x_wconf 79' lang='grc' dir='ltr'><strong>Θεδν</strong></span> <span class='ocrx_word' id='word_1_451' title='bbox 2958 1316 3288 1386; x_wconf 81' lang='grc' dir='ltr'><strong>προσκυνεῖν</strong></span> <span class='ocrx_word' id='word_1_452' title='bbox 3313 1313 3490 1384; x_wconf 84' lang='grc' dir='ltr'><strong>τούτῳ</strong></span> <span class='ocrx_word' id='word_1_453' title='bbox 3532 1314 3691 1381; x_wconf 76' lang='grc' dir='ltr'><strong>ὲφεῖο</strong></span> 
     </span>
    </p>
   </div>
   <div class='ocr_carea' id='block_1_71' title="bbox 2114 1405 3695 1478">
    <p class='ocr_par' dir='ltr' id='par_1_71' title="bbox 2114 1405 3695 1478">
     <span class='ocr_line' id='line_1_71' title="bbox 2114 1405 3695 1478; baseline -0.003 -17"><span class='ocrx_word' id='word_1_454' title='bbox 2114 1427 2230 1472; x_wconf 86' lang='grc' dir='ltr'><strong>ται,</strong></span> <span class='ocrx_word' id='word_1_455' title='bbox 2274 1409 2415 1462; x_wconf 80' lang='grc' dir='ltr'><strong>ἀλλὰ</strong></span> <span class='ocrx_word' id='word_1_456' title='bbox 2464 1410 2562 1463; x_wconf 72' lang='grc' dir='ltr'><strong>καὶ</strong></span> <span class='ocrx_word' id='word_1_457' title='bbox 2603 1410 2748 1463; x_wconf 73' lang='grc' dir='ltr'><strong>κατὰ</strong></span> <span class='ocrx_word' id='word_1_458' title='bbox 2791 1410 2961 1478; x_wconf 82' lang='grc' dir='ltr'><strong>μόνας</strong></span> <span class='ocrx_word' id='word_1_459' title='bbox 3011 1407 3394 1478; x_wconf 80' lang='grc' dir='ltr'><strong>προσεύξεται,</strong></span> <span class='ocrx_word' id='word_1_460' title='bbox 3447 1405 3547 1459; x_wconf 74' lang='grc' dir='ltr'><strong>καὶ</strong></span> <span class='ocrx_word' id='word_1_461' title='bbox 3591 1406 3695 1476; x_wconf 79' lang='grc' dir='ltr'><strong>τῆς</strong></span> 
     </span>
    </p>
   </div>
   <div class='ocr_carea' id='block_1_72' title="bbox 2115 1498 3694 1573">
    <p class='ocr_par' dir='ltr' id='par_1_72' title="bbox 2115 1498 3694 1573">
     <span class='ocr_line' id='line_1_72' title="bbox 2115 1498 3694 1573; baseline -0.003 -17"><span class='ocrx_word' id='word_1_462' title='bbox 2115 1504 2402 1566; x_wconf 83' lang='grc' dir='ltr'><strong>κοινωνίας</strong></span> <span class='ocrx_word' id='word_1_463' title='bbox 2423 1502 2535 1556; x_wconf 85' lang='grc' dir='ltr'><strong>τῶν</strong></span> <span class='ocrx_word' id='word_1_464' title='bbox 2563 1503 2692 1571; x_wconf 85' lang='grc' dir='ltr'><strong>ἀγισ</strong></span> <span class='ocrx_word' id='word_1_465' title='bbox 2702 1502 2925 1573; x_wconf 83' lang='grc' dir='ltr'><strong>σμάτων</strong></span> <span class='ocrx_word' id='word_1_466' title='bbox 2945 1500 3180 1555; x_wconf 80' lang='grc' dir='ltr'><strong>καθόλου</strong></span> <span class='ocrx_word' id='word_1_467' title='bbox 3212 1499 3492 1569; x_wconf 77' lang='grc' dir='ltr'><strong>ἀλλότριος</strong></span> <span class='ocrx_word' id='word_1_468' title='bbox 3514 1498 3694 1552; x_wconf 78' lang='grc' dir='ltr'><strong>ἔσται’</strong></span> 
     </span>
    </p>
   </div>
   <div class='ocr_carea' id='block_1_73' title="bbox 2116 1589 3699 1664">
    <p class='ocr_par' dir='ltr' id='par_1_73' title="bbox 2116 1589 3699 1664">
     <span class='ocr_line' id='line_1_73' title="bbox 2116 1589 3699 1664; baseline -0.001 -21"><span class='ocrx_word' id='word_1_469' title='bbox 2116 1594 2214 1646; x_wconf 75' lang='grc' dir='ltr'><strong>τοῦ</strong></span> <span class='ocrx_word' id='word_1_470' title='bbox 2244 1594 2303 1648; x_wconf 74' lang='grc' dir='ltr'><strong>δὲ</strong></span> <span class='ocrx_word' id='word_1_471' title='bbox 2331 1594 2568 1649; x_wconf 81' lang='grc' dir='ltr'><strong>Θανάτου</strong></span> <span class='ocrx_word' id='word_1_472' title='bbox 2597 1592 2994 1664; x_wconf 70' lang='grc' dir='ltr'><strong>ἐφισταμένου,</strong></span> <span class='ocrx_word' id='word_1_473' title='bbox 3017 1592 3119 1663; x_wconf 80' lang='grc' dir='ltr'><strong>τῆς</strong></span> <span class='ocrx_word' id='word_1_474' title='bbox 3142 1592 3362 1663; x_wconf 85' lang='grc' dir='ltr'><strong>μερίδος</strong></span> <span class='ocrx_word' id='word_1_475' title='bbox 3386 1591 3500 1645; x_wconf 85' lang='grc' dir='ltr'><strong>τῶν</strong></span> <span class='ocrx_word' id='word_1_476' title='bbox 3529 1589 3699 1644; x_wconf 82' lang='grc' dir='ltr'><strong>θείων</strong></span> 
     </span>
    </p>
   </div>
   <div class='ocr_carea' id='block_1_74' title="bbox 2119 1680 3701 1756">
    <p class='ocr_par' dir='ltr' id='par_1_74' title="bbox 2119 1680 3701 1756">
     <span class='ocr_line' id='line_1_74' title="bbox 2119 1680 3701 1756; baseline -0.001 -20"><span class='ocrx_word' id='word_1_477' title='bbox 2119 1684 2493 1756; x_wconf 72' lang='grc' dir='ltr'><strong>μεταλήψεται</strong></span> <span class='ocrx_word' id='word_1_478' title='bbox 2526 1683 2735 1753; x_wconf 82' lang='grc' dir='ltr'><strong>δώρων.</strong></span> <span class='ocrx_word' id='word_1_479' title='bbox 2770 1683 2902 1754; x_wconf 84' lang='grc' dir='ltr'><strong>Είγε</strong></span> <span class='ocrx_word' id='word_1_480' title='bbox 2928 1686 3038 1756; x_wconf 72' lang='grc' dir='ltr'><strong>μὴν</strong></span> <span class='ocrx_word' id='word_1_481' title='bbox 3066 1682 3309 1754; x_wconf 87' lang='grc' dir='ltr'><strong>συμϐαίη</strong></span> <span class='ocrx_word' id='word_1_482' title='bbox 3338 1682 3471 1753; x_wconf 82' lang='grc' dir='ltr'><strong>παρ’</strong></span> <span class='ocrx_word' id='word_1_483' title='bbox 3499 1680 3701 1735; x_wconf 66' lang='grc' dir='ltr'><strong>ἑλπωα.</strong></span> 
     </span>
    </p>
   </div>
   <div class='ocr_carea' id='block_1_75' title="bbox 2114 1759 3705 1845">
    <p class='ocr_par' dir='ltr' id='par_1_75' title="bbox 2114 1775 3705 1845">
     <span class='ocr_line' id='line_1_75' title="bbox 2114 1775 3705 1845; baseline -0.002 -16"><span class='ocrx_word' id='word_1_484' title='bbox 2114 1776 2305 1833; x_wconf 80' lang='grc' dir='ltr'><strong>τοῦτον</strong></span> <span class='ocrx_word' id='word_1_485' title='bbox 2364 1777 2675 1841; x_wconf 72' lang='grc' dir='ltr'><strong>ἐπιϐιῶναι,</strong></span> <span class='ocrx_word' id='word_1_486' title='bbox 2725 1778 2836 1832; x_wconf 84' lang='grc' dir='ltr'><strong>τῶν</strong></span> <span class='ocrx_word' id='word_1_487' title='bbox 2875 1778 3058 1831; x_wconf 83' lang='grc' dir='ltr'><strong>αὐτῶν</strong></span> <span class='ocrx_word' id='word_1_488' title='bbox 3108 1776 3355 1840; x_wconf 79' lang='grc' dir='ltr'><strong>εἰσαῦθις</strong></span> <span class='ocrx_word' id='word_1_489' title='bbox 3401 1775 3705 1845; x_wconf 77' lang='grc' dir='ltr'><strong>ἐπιτιμίων</strong></span> 
     </span>
    </p>
   </div>
   <div class='ocr_carea' id='block_1_76' title="bbox 2116 1868 3704 1941">
    <p class='ocr_par' dir='ltr' id='par_1_76' title="bbox 2116 1868 3704 1941">
     <span class='ocr_line' id='line_1_76' title="bbox 2116 1868 3704 1941; baseline 0 -20"><span class='ocrx_word' id='word_1_490' title='bbox 2116 1868 2371 1931; x_wconf 76' lang='grc' dir='ltr'><strong>ὑπόδικος</strong></span> <span class='ocrx_word' id='word_1_491' title='bbox 2419 1870 2603 1926; x_wconf 69' lang='grc' dir='ltr'><strong>ἔσεται</strong></span> <span class='ocrx_word' id='word_1_492' title='bbox 2649 1870 2737 1924; x_wconf 76' lang='grc' dir='ltr'><strong>διὰ</strong></span> <span class='ocrx_word' id='word_1_493' title='bbox 2767 1871 2908 1941; x_wconf 82' lang='grc' dir='ltr'><strong>βίου,</strong></span> <span class='ocrx_word' id='word_1_494' title='bbox 2939 1870 3050 1924; x_wconf 82' lang='grc' dir='ltr'><strong>τῶν</strong></span> <span class='ocrx_word' id='word_1_495' title='bbox 3097 1869 3463 1939; x_wconf 81' lang='grc' dir='ltr'><strong>ἁγιασμάτων</strong></span> <span class='ocrx_word' id='word_1_496' title='bbox 3498 1869 3704 1941; x_wconf 80' lang='grc' dir='ltr'><strong>μέχρις</strong></span> 
     </span>
    </p>
   </div>
   <div class='ocr_carea' id='block_1_77' title="bbox 2117 1962 2998 2033">
    <p class='ocr_par' dir='ltr' id='par_1_77' title="bbox 2117 1962 2998 2033">
     <span class='ocr_line' id='line_1_77' title="bbox 2117 1962 2998 2033; baseline 0.007 -21"><span class='ocrx_word' id='word_1_497' title='bbox 2117 1962 2288 2030; x_wconf 78' lang='grc' dir='ltr'><strong>αὐτῆς</strong></span> <span class='ocrx_word' id='word_1_498' title='bbox 2320 1962 2641 2032; x_wconf 76' lang='grc' dir='ltr'><strong>εἰργόμενος</strong></span> <span class='ocrx_word' id='word_1_499' title='bbox 2666 1963 2770 2033; x_wconf 78' lang='grc' dir='ltr'><strong>τῆς</strong></span> <span class='ocrx_word' id='word_1_500' title='bbox 2793 1963 2998 2029; x_wconf 75' lang='grc' dir='ltr'><strong>ἐξόδου.</strong></span> 
     </span>
    </p>
   </div>
   <div class='ocr_carea' id='block_1_78' title="bbox 2223 2076 3601 2148">
    <p class='ocr_par' dir='ltr' id='par_1_78' title="bbox 2223 2076 3601 2148">
     <span class='ocr_line' id='line_1_78' title="bbox 2223 2076 3601 2148; baseline 0.002 -18"><span class='ocrx_word' id='word_1_501' title='bbox 2223 2076 2364 2145; x_wconf 79' lang='grc' dir='ltr'><strong>Περὶ</strong></span> <span class='ocrx_word' id='word_1_502' title='bbox 2407 2076 2526 2129; x_wconf 81' lang='grc' dir='ltr'><strong>τῶν</strong></span> <span class='ocrx_word' id='word_1_503' title='bbox 2553 2077 2708 2145; x_wconf 81' lang='grc' dir='ltr'><strong>μετὰ</strong></span> <span class='ocrx_word' id='word_1_504' title='bbox 2751 2077 2867 2143; x_wconf 76' lang='grc' dir='ltr'><strong>τὴν</strong></span> <span class='ocrx_word' id='word_1_505' title='bbox 2899 2078 3164 2146; x_wconf 77' lang='grc' dir='ltr'><strong>ἄρνησιν</strong></span> <span class='ocrx_word' id='word_1_506' title='bbox 3207 2081 3305 2135; x_wconf 80' lang='grc' dir='ltr'><strong>καί</strong></span> <span class='ocrx_word' id='word_1_507' title='bbox 3351 2078 3601 2148; x_wconf 78' lang='grc' dir='ltr'><strong>ἑτέρους</strong></span> 
     </span>
    </p>
   </div>
   <div class='ocr_carea' id='block_1_79' title="bbox 2724 2149 3094 2213">
    <p class='ocr_par' dir='ltr' id='par_1_79' title="bbox 2724 2149 3094 2213">
     <span class='ocr_line' id='line_1_79' title="bbox 2724 2149 3094 2213; baseline 0.008 -12"><span class='ocrx_word' id='word_1_508' title='bbox 2724 2149 3094 2213; x_wconf 70' lang='grc' dir='ltr'><strong>διωξάντων.</strong></span> 
     </span>
    </p>
   </div>
   <div class='ocr_carea' id='block_1_80' title="bbox 2193 2239 3707 2315">
    <p class='ocr_par' dir='ltr' id='par_1_80' title="bbox 2193 2239 3707 2315">
     <span class='ocr_line' id='line_1_80' title="bbox 2193 2239 3707 2315; baseline 0.003 -23"><span class='ocrx_word' id='word_1_509' title='bbox 2193 2242 2254 2292; x_wconf 83' lang='grc' dir='ltr'><strong>Εἰ</strong></span> <span class='ocrx_word' id='word_1_510' title='bbox 2288 2239 2344 2293; x_wconf 84' lang='grc' dir='ltr'><strong>δέ</strong></span> <span class='ocrx_word' id='word_1_511' title='bbox 2381 2258 2548 2306; x_wconf 83' lang='grc' dir='ltr'><strong>τινες,</strong></span> <span class='ocrx_word' id='word_1_512' title='bbox 2577 2245 2605 2296; x_wconf 84' lang='grc' dir='ltr'>ὁ</span> <span class='ocrx_word' id='word_1_513' title='bbox 2634 2242 2855 2305; x_wconf 73' lang='grc' dir='ltr'><strong>ἔννατος</strong></span> <span class='ocrx_word' id='word_1_514' title='bbox 2903 2241 3004 2312; x_wconf 85' lang='grc' dir='ltr'><strong>τῆς</strong></span> <span class='ocrx_word' id='word_1_515' title='bbox 3040 2244 3099 2295; x_wconf 75' lang='grc' dir='ltr'><strong>ἑν</strong></span> <span class='ocrx_word' id='word_1_516' title='bbox 3133 2243 3380 2315; x_wconf 67' lang='grc' dir='ltr'><strong>’Δγκύρᾳ</strong></span> <span class='ocrx_word' id='word_1_517' title='bbox 3426 2247 3565 2313; x_wconf 71' lang='grc' dir='ltr'><strong>φησι</strong></span> <span class='ocrx_word' id='word_1_518' title='bbox 3596 2261 3707 2298; x_wconf 83' lang='grc' dir='ltr'><strong>κα-</strong></span> 
     </span>
    </p>
   </div>
   <div class='ocr_carea' id='block_1_81' title="bbox 2120 2331 3706 2408">
    <p class='ocr_par' dir='ltr' id='par_1_81' title="bbox 2120 2331 3706 2408">
     <span class='ocr_line' id='line_1_81' title="bbox 2120 2331 3706 2408; baseline 0.003 -24"><span class='ocrx_word' id='word_1_519' title='bbox 2120 2332 2250 2397; x_wconf 87' lang='grc' dir='ltr'><strong>νὼν,</strong></span> <span class='ocrx_word' id='word_1_520' title='bbox 2271 2331 2525 2386; x_wconf 84' lang='grc' dir='ltr'><strong>τοσοῦτον</strong></span> <span class='ocrx_word' id='word_1_521' title='bbox 2550 2333 2985 2404; x_wconf 84' lang='grc' dir='ltr'><strong>κατεπλάγησαν</strong></span> <span class='ocrx_word' id='word_1_522' title='bbox 3010 2336 3074 2388; x_wconf 79' lang='grc' dir='ltr'><strong>τὸ</strong></span> <span class='ocrx_word' id='word_1_523' title='bbox 3099 2335 3238 2408; x_wconf 79' lang='grc' dir='ltr'><strong>βαρὺ</strong></span> <span class='ocrx_word' id='word_1_524' title='bbox 3261 2338 3371 2389; x_wconf 80' lang='grc' dir='ltr'><strong>τῶν</strong></span> <span class='ocrx_word' id='word_1_525' title='bbox 3393 2336 3706 2398; x_wconf 79' lang='grc' dir='ltr'><strong>κολάσεων,</strong></span> 
     </span>
    </p>
   </div>
   <div class='ocr_carea' id='block_1_82' title="bbox 2121 2424 3704 2498">
    <p class='ocr_par' dir='ltr' id='par_1_82' title="bbox 2121 2424 3704 2498">
     <span class='ocr_line' id='line_1_82' title="bbox 2121 2424 3704 2498; baseline 0.005 -25"><span class='ocrx_word' id='word_1_526' title='bbox 2121 2424 2196 2485; x_wconf 82' lang='grc' dir='ltr'><strong>ὡς</strong></span> <span class='ocrx_word' id='word_1_527' title='bbox 2230 2424 2304 2493; x_wconf 79' lang='grc' dir='ltr'><strong>μὴ</strong></span> <span class='ocrx_word' id='word_1_528' title='bbox 2334 2424 2418 2477; x_wconf 86' lang='grc' dir='ltr'><strong>ὅτι</strong></span> <span class='ocrx_word' id='word_1_529' title='bbox 2446 2424 2545 2493; x_wconf 83' lang='grc' dir='ltr'><strong>τῆς</strong></span> <span class='ocrx_word' id='word_1_530' title='bbox 2563 2424 2801 2488; x_wconf 80' lang='grc' dir='ltr'><strong>πίστεως</strong></span> <span class='ocrx_word' id='word_1_531' title='bbox 2824 2427 3155 2498; x_wconf 81' lang='grc' dir='ltr'><strong>ἀποστῆναι,</strong></span> <span class='ocrx_word' id='word_1_532' title='bbox 3183 2428 3324 2482; x_wconf 78' lang='grc' dir='ltr'><strong>ἀλλὰ</strong></span> <span class='ocrx_word' id='word_1_533' title='bbox 3356 2429 3455 2483; x_wconf 78' lang='grc' dir='ltr'><strong>καὶ</strong></span> <span class='ocrx_word' id='word_1_534' title='bbox 3486 2428 3704 2492; x_wconf 78' lang='grc' dir='ltr'><strong>κατεξ-</strong></span> 
     </span>
    </p>
   </div>
   <div class='ocr_carea' id='block_1_83' title="bbox 2124 2510 3709 2588">
    <p class='ocr_par' dir='ltr' id='par_1_83' title="bbox 2124 2510 3709 2588">
     <span class='ocr_line' id='line_1_83' title="bbox 2124 2510 3709 2588; baseline 0.004 -21"><span class='ocrx_word' id='word_1_535' title='bbox 2124 2515 2432 2584; x_wconf 81' lang='grc' dir='ltr'><strong>αναστῆναι</strong></span> <span class='ocrx_word' id='word_1_536' title='bbox 2489 2510 2569 2580; x_wconf 75' lang='grc' dir='ltr'><strong>οἷς</strong></span> <span class='ocrx_word' id='word_1_537' title='bbox 2603 2516 2843 2588; x_wconf 77' lang='grc' dir='ltr'><strong>ἐμέλησε</strong></span> <span class='ocrx_word' id='word_1_538' title='bbox 2871 2519 2981 2573; x_wconf 81' lang='grc' dir='ltr'><strong>τῶν</strong></span> <span class='ocrx_word' id='word_1_539' title='bbox 3004 2520 3103 2588; x_wconf 81' lang='grc' dir='ltr'><strong>τῆς</strong></span> <span class='ocrx_word' id='word_1_540' title='bbox 3136 2520 3401 2586; x_wconf 85' lang='grc' dir='ltr'><strong>πίστεως,</strong></span> <span class='ocrx_word' id='word_1_541' title='bbox 3436 2521 3582 2574; x_wconf 79' lang='grc' dir='ltr'><strong>ὥστε</strong></span> <span class='ocrx_word' id='word_1_542' title='bbox 3610 2522 3709 2574; x_wconf 81' lang='grc' dir='ltr'><strong>καὶ</strong></span> 
     </span>
    </p>
   </div>
   <div class='ocr_carea' id='block_1_84' title="bbox 2124 2605 3707 2683">
    <p class='ocr_par' dir='ltr' id='par_1_84' title="bbox 2124 2605 3707 2683">
     <span class='ocr_line' id='line_1_84' title="bbox 2124 2605 3707 2683; baseline 0.006 -26"><span class='ocrx_word' id='word_1_543' title='bbox 2124 2605 2273 2665; x_wconf 83' lang='grc' dir='ltr'><strong>θύειν</strong></span> <span class='ocrx_word' id='word_1_544' title='bbox 2314 2608 2654 2678; x_wconf 77' lang='grc' dir='ltr'><strong>προτρέπειν</strong></span> <span class='ocrx_word' id='word_1_545' title='bbox 2703 2609 2981 2680; x_wconf 79' lang='grc' dir='ltr'><strong>δαίμοσιν,</strong></span> <span class='ocrx_word' id='word_1_546' title='bbox 3020 2610 3055 2681; x_wconf 85' lang='grc' dir='ltr'>ἢ</span> <span class='ocrx_word' id='word_1_547' title='bbox 3106 2612 3508 2683; x_wconf 80' lang='grc' dir='ltr'><strong>ἀγνοουμένους</strong></span> <span class='ocrx_word' id='word_1_548' title='bbox 3545 2613 3707 2666; x_wconf 75' lang='grc' dir='ltr'><strong>ἐστιν</strong></span> 
     </span>
    </p>
   </div>
   <div class='ocr_carea' id='block_1_85' title="bbox 2122 2697 3708 2778">
    <p class='ocr_par' dir='ltr' id='par_1_85' title="bbox 2122 2697 3708 2778">
     <span class='ocr_line' id='line_1_85' title="bbox 2122 2697 3708 2778; baseline 0.007 -28"><span class='ocrx_word' id='word_1_549' title='bbox 2122 2698 2217 2761; x_wconf 81' lang='grc' dir='ltr'><strong>οὓς</strong></span> <span class='ocrx_word' id='word_1_550' title='bbox 2276 2701 2655 2772; x_wconf 76' lang='grc' dir='ltr'><strong>καταμηνύειν</strong></span> <span class='ocrx_word' id='word_1_551' title='bbox 2692 2697 2782 2757; x_wconf 78' lang='grc' dir='ltr'><strong>οἶα</strong></span> <span class='ocrx_word' id='word_1_552' title='bbox 2825 2703 3274 2775; x_wconf 70' lang='grc' dir='ltr'><strong>Χριστιανοὺς,ῆ</strong></span> <span class='ocrx_word' id='word_1_553' title='bbox 3323 2705 3417 2760; x_wconf 75' lang='grc' dir='ltr'><strong>καὶ</strong></span> <span class='ocrx_word' id='word_1_554' title='bbox 3457 2712 3708 2778; x_wconf 78' lang='grc' dir='ltr'><strong>κ’ρυπτοσ</strong></span> 
     </span>
    </p>
   </div>
   <div class='ocr_carea' id='block_1_86' title="bbox 2128 2792 3706 2863">
    <p class='ocr_par' dir='ltr' id='par_1_86' title="bbox 2128 2792 3706 2863">
     <span class='ocr_line' id='line_1_86' title="bbox 2128 2792 3706 2863; baseline 0.005 -20"><span class='ocrx_word' id='word_1_555' title='bbox 2128 2795 2327 2861; x_wconf 81' lang='grc' dir='ltr'><strong>μένους</strong></span> <span class='ocrx_word' id='word_1_556' title='bbox 2371 2792 2451 2856; x_wconf 83' lang='grc' dir='ltr'><strong>είς</strong></span> <span class='ocrx_word' id='word_1_557' title='bbox 2485 2794 2652 2862; x_wconf 81' lang='grc' dir='ltr'><strong>μέσον</strong></span> <span class='ocrx_word' id='word_1_558' title='bbox 2689 2794 2896 2857; x_wconf 71' lang='grc' dir='ltr'><strong>ἕλκειν,</strong></span> <span class='ocrx_word' id='word_1_559' title='bbox 2947 2796 2977 2847; x_wconf 85' lang='grc' dir='ltr'>ὁ</span> <span class='ocrx_word' id='word_1_560' title='bbox 3011 2797 3111 2863; x_wconf 80' lang='grc' dir='ltr'><strong>τῆς</strong></span> <span class='ocrx_word' id='word_1_561' title='bbox 3155 2796 3441 2861; x_wconf 74' lang='grc' dir='ltr'><strong>δεκαετίας</strong></span> <span class='ocrx_word' id='word_1_562' title='bbox 3491 2798 3706 2861; x_wconf 76' lang='grc' dir='ltr'><strong>τέλειος</strong></span> 
     </span>
    </p>
   </div>
   <div class='ocr_carea' id='block_1_87' title="bbox 2126 2885 3708 2961">
    <p class='ocr_par' dir='ltr' id='par_1_87' title="bbox 2126 2885 3708 2961">
     <span class='ocr_line' id='line_1_87' title="bbox 2126 2885 3708 2961; baseline 0.003 -23"><span class='ocrx_word' id='word_1_563' title='bbox 2126 2885 2363 2955; x_wconf 76' lang='grc' dir='ltr'><strong>ἀριθμὸς</strong></span> <span class='ocrx_word' id='word_1_564' title='bbox 2392 2886 2455 2939; x_wconf 78' lang='grc' dir='ltr'><strong>τὸ</strong></span> <span class='ocrx_word' id='word_1_565' title='bbox 2482 2887 2691 2941; x_wconf 78' lang='grc' dir='ltr'><strong>τέλειον</strong></span> <span class='ocrx_word' id='word_1_566' title='bbox 2722 2886 2825 2955; x_wconf 80' lang='grc' dir='ltr'><strong>τῆς</strong></span> <span class='ocrx_word' id='word_1_567' title='bbox 2863 2888 3115 2957; x_wconf 74' lang='grc' dir='ltr'><strong>ἀφέσεως</strong></span> <span class='ocrx_word' id='word_1_568' title='bbox 3138 2888 3351 2951; x_wconf 82' lang='grc' dir='ltr'><strong>τούτοις</strong></span> <span class='ocrx_word' id='word_1_569' title='bbox 3398 2891 3708 2961; x_wconf 81' lang='grc' dir='ltr'><strong>μεταμελο-</strong></span> 
     </span>
    </p>
   </div>
   <div class='ocr_carea' id='block_1_88' title="bbox 2128 2978 3704 3051">
    <p class='ocr_par' dir='ltr' id='par_1_88' title="bbox 2128 2978 3704 3051">
     <span class='ocr_line' id='line_1_88' title="bbox 2128 2978 3704 3051; baseline 0.001 -19"><span class='ocrx_word' id='word_1_570' title='bbox 2128 2979 2311 3048; x_wconf 83' lang='grc' dir='ltr'><strong>μένοις</strong></span> <span class='ocrx_word' id='word_1_571' title='bbox 2344 2979 2729 3050; x_wconf 78' lang='grc' dir='ltr'><strong>ἑπιμετρήσει.</strong></span> <span class='ocrx_word' id='word_1_572' title='bbox 2761 2979 2835 3032; x_wconf 84' lang='grc' dir='ltr'><strong>Ού</strong></span> <span class='ocrx_word' id='word_1_573' title='bbox 2869 2978 2981 3051; x_wconf 83' lang='grc' dir='ltr'><strong>γὰρ</strong></span> <span class='ocrx_word' id='word_1_574' title='bbox 3013 2979 3187 3050; x_wconf 81' lang='grc' dir='ltr'><strong>δήπου</strong></span> <span class='ocrx_word' id='word_1_575' title='bbox 3219 2981 3349 3051; x_wconf 78' lang='grc' dir='ltr'><strong>περὶ</strong></span> <span class='ocrx_word' id='word_1_576' title='bbox 3394 2982 3502 3033; x_wconf 84' lang='grc' dir='ltr'><strong>τῶν</strong></span> <span class='ocrx_word' id='word_1_577' title='bbox 3532 2982 3704 3050; x_wconf 78' lang='grc' dir='ltr'><strong>ἐξάρ-</strong></span> 
     </span>
    </p>
   </div>
   <div class='ocr_carea' id='block_1_89' title="bbox 2044 3071 3707 3144">
    <p class='ocr_par' dir='ltr' id='par_1_89' title="bbox 2044 3071 3707 3144">
     <span class='ocr_line' id='line_1_89' title="bbox 2044 3071 3707 3144; baseline 0.004 -22"><span class='ocrx_word' id='word_1_578' title='bbox 2044 3082 2090 3144; x_wconf 76' lang='lat' dir='ltr'>C</span> <span class='ocrx_word' id='word_1_579' title='bbox 2125 3088 2231 3124; x_wconf 90' lang='grc' dir='ltr'><strong>νων</strong></span> <span class='ocrx_word' id='word_1_580' title='bbox 2264 3071 2441 3142; x_wconf 83' lang='grc' dir='ltr'><strong>πάντη</strong></span> <span class='ocrx_word' id='word_1_581' title='bbox 2465 3072 2873 3141; x_wconf 79' lang='grc' dir='ltr'><strong>γεγενημένων,</strong></span> <span class='ocrx_word' id='word_1_582' title='bbox 2897 3074 2995 3126; x_wconf 78' lang='grc' dir='ltr'><strong>καὶ</strong></span> <span class='ocrx_word' id='word_1_583' title='bbox 3023 3074 3358 3137; x_wconf 85' lang='grc' dir='ltr'><strong>άπεναντίας</strong></span> <span class='ocrx_word' id='word_1_584' title='bbox 3390 3076 3707 3144; x_wconf 72' lang='grc' dir='ltr'><strong>ἱσταμένων</strong></span> 
     </span>
    </p>
   </div>
   <div class='ocr_carea' id='block_1_90' title="bbox 2123 3158 3707 3237">
    <p class='ocr_par' dir='ltr' id='par_1_90' title="bbox 2123 3158 3707 3237">
     <span class='ocr_line' id='line_1_90' title="bbox 2123 3158 3707 3237; baseline 0 -19"><span class='ocrx_word' id='word_1_585' title='bbox 2123 3168 2191 3235; x_wconf 81' lang='grc' dir='ltr'><strong>τῇ</strong></span> <span class='ocrx_word' id='word_1_586' title='bbox 2222 3163 2449 3237; x_wconf 73' lang='grc' dir='ltr'><strong>ἀσεϐείᾳ</strong></span> <span class='ocrx_word' id='word_1_587' title='bbox 2481 3167 2509 3217; x_wconf 87' lang='grc' dir='ltr'>ὁ</span> <span class='ocrx_word' id='word_1_588' title='bbox 2555 3164 2740 3218; x_wconf 81' lang='grc' dir='ltr'><strong>κανὼν</strong></span> <span class='ocrx_word' id='word_1_589' title='bbox 2759 3158 2917 3229; x_wconf 79' lang='grc' dir='ltr'><strong>οὗτος</strong></span> <span class='ocrx_word' id='word_1_590' title='bbox 2945 3165 3225 3231; x_wconf 79' lang='grc' dir='ltr'><strong>διέξεισιν,</strong></span> <span class='ocrx_word' id='word_1_591' title='bbox 3264 3166 3427 3237; x_wconf 80' lang='grc' dir='ltr'><strong>οἵπερ</strong></span> <span class='ocrx_word' id='word_1_592' title='bbox 3459 3166 3574 3236; x_wconf 81' lang='grc' dir='ltr'><strong>ἄρα</strong></span> <span class='ocrx_word' id='word_1_593' title='bbox 3610 3170 3707 3220; x_wconf 76' lang='grc' dir='ltr'><strong>καὶ</strong></span> 
     </span>
    </p>
   </div>
   <div class='ocr_carea' id='block_1_91' title="bbox 2125 3255 3706 3327">
    <p class='ocr_par' dir='ltr' id='par_1_91' title="bbox 2125 3255 3706 3327">
     <span class='ocr_line' id='line_1_91' title="bbox 2125 3255 3706 3327; baseline -0.001 -17"><span class='ocrx_word' id='word_1_594' title='bbox 2125 3257 2352 3310; x_wconf 77' lang='grc' dir='ltr'><strong>διῶκται</strong></span> <span class='ocrx_word' id='word_1_595' title='bbox 2382 3260 2481 3326; x_wconf 80' lang='grc' dir='ltr'><strong>τῆς</strong></span> <span class='ocrx_word' id='word_1_596' title='bbox 2513 3255 2853 3324; x_wconf 85' lang='grc' dir='ltr'><strong>Ἐκκλησίας</strong></span> <span class='ocrx_word' id='word_1_597' title='bbox 2885 3259 3193 3327; x_wconf 73' lang='grc' dir='ltr'><strong>πεφήνασιν</strong></span> <span class='ocrx_word' id='word_1_598' title='bbox 3242 3258 3483 3327; x_wconf 78' lang='grc' dir='ltr'><strong>ἀτεχνῶς</strong></span> <span class='ocrx_word' id='word_1_599' title='bbox 3508 3273 3523 3286; x_wconf 89' lang='grc'><strong>·</strong></span> <span class='ocrx_word' id='word_1_600' title='bbox 3555 3259 3706 3309; x_wconf 81' lang='grc' dir='ltr'><strong>ἐκεῖ·</strong></span> 
     </span>
    </p>
   </div>
   <div class='ocr_carea' id='block_1_92' title="bbox 2124 3351 3706 3421">
    <p class='ocr_par' dir='ltr' id='par_1_92' title="bbox 2124 3351 3706 3421">
     <span class='ocr_line' id='line_1_92' title="bbox 2124 3351 3706 3421; baseline -0.001 -17"><span class='ocrx_word' id='word_1_601' title='bbox 2124 3371 2205 3405; x_wconf 88' lang='grc' dir='ltr'><strong>νοι</strong></span> <span class='ocrx_word' id='word_1_602' title='bbox 2236 3355 2368 3421; x_wconf 79' lang='grc' dir='ltr'><strong>γὰρ,</strong></span> <span class='ocrx_word' id='word_1_603' title='bbox 2406 3353 2460 3404; x_wconf 75' lang='grc' dir='ltr'><strong>εί</strong></span> <span class='ocrx_word' id='word_1_604' title='bbox 2486 3367 2549 3419; x_wconf 87' lang='grc' dir='ltr'><strong>γε</strong></span> <span class='ocrx_word' id='word_1_605' title='bbox 2582 3351 2680 3405; x_wconf 72' lang='grc' dir='ltr'><strong>καὶ</strong></span> <span class='ocrx_word' id='word_1_606' title='bbox 2712 3351 2929 3420; x_wconf 77' lang='grc' dir='ltr'><strong>άληθῶς</strong></span> <span class='ocrx_word' id='word_1_607' title='bbox 2964 3353 3307 3420; x_wconf 84' lang='grc' dir='ltr'><strong>μεταγνοῖεν,</strong></span> <span class='ocrx_word' id='word_1_608' title='bbox 3342 3352 3435 3404; x_wconf 82' lang='grc' dir='ltr'><strong>καὶ</strong></span> <span class='ocrx_word' id='word_1_609' title='bbox 3472 3351 3706 3420; x_wconf 79' lang='grc' dir='ltr'><strong>βαρυτέ-</strong></span> 
     </span>
    </p>
   </div>
   <div class='ocr_carea' id='block_1_93' title="bbox 2131 3435 3701 3513">
    <p class='ocr_par' dir='ltr' id='par_1_93' title="bbox 2131 3435 3701 3513">
     <span class='ocr_line' id='line_1_93' title="bbox 2131 3435 3701 3513; baseline -0.003 -17"><span class='ocrx_word' id='word_1_610' title='bbox 2131 3461 2258 3510; x_wconf 87' lang='grc' dir='ltr'><strong>ρων,</strong></span> <span class='ocrx_word' id='word_1_611' title='bbox 2292 3444 2342 3495; x_wconf 83' lang='grc' dir='ltr'><strong>εί</strong></span> <span class='ocrx_word' id='word_1_612' title='bbox 2388 3435 2504 3494; x_wconf 78' lang='grc' dir='ltr'><strong>οἶόν</strong></span> <span class='ocrx_word' id='word_1_613' title='bbox 2559 3459 2643 3504; x_wconf 84' lang='grc' dir='ltr'><strong>τε,</strong></span> <span class='ocrx_word' id='word_1_614' title='bbox 2688 3442 3124 3513; x_wconf 77' lang='grc' dir='ltr'><strong>πειραθήσονται</strong></span> <span class='ocrx_word' id='word_1_615' title='bbox 3156 3443 3264 3495; x_wconf 83' lang='grc' dir='ltr'><strong>τῶν</strong></span> <span class='ocrx_word' id='word_1_616' title='bbox 3316 3442 3701 3512; x_wconf 76' lang='grc' dir='ltr'><strong>ἐπιτιμίων,ἢ</strong></span> 
     </span>
    </p>
   </div>
   <div class='ocr_carea' id='block_1_94' title="bbox 2125 3530 3700 3604">
    <p class='ocr_par' dir='ltr' id='par_1_94' title="bbox 2125 3530 3700 3604">
     <span class='ocr_line' id='line_1_94' title="bbox 2125 3530 3700 3604; baseline 0.001 -19"><span class='ocrx_word' id='word_1_617' title='bbox 2125 3534 2304 3604; x_wconf 77' lang='grc' dir='ltr'><strong>οίπρδ</strong></span> <span class='ocrx_word' id='word_1_618' title='bbox 2343 3533 2537 3585; x_wconf 86' lang='grc' dir='ltr'><strong>τούτου</strong></span> <span class='ocrx_word' id='word_1_619' title='bbox 2583 3530 2846 3604; x_wconf 75' lang='grc' dir='ltr'><strong>ῥηθέντες</strong></span> <span class='ocrx_word' id='word_1_620' title='bbox 2890 3533 3059 3601; x_wconf 79' lang='grc' dir='ltr'><strong>ἄμφω</strong></span> <span class='ocrx_word' id='word_1_621' title='bbox 3108 3532 3382 3587; x_wconf 80' lang='grc' dir='ltr'><strong>δικαιοῦσι</strong></span> <span class='ocrx_word' id='word_1_622' title='bbox 3448 3535 3700 3597; x_wconf 78' lang='grc' dir='ltr'><strong>κανόνες.</strong></span> 
     </span>
    </p>
   </div>
   <div class='ocr_carea' id='block_1_95' title="bbox 2125 3627 3704 3699">
    <p class='ocr_par' dir='ltr' id='par_1_95' title="bbox 2125 3627 3704 3699">
     <span class='ocr_line' id='line_1_95' title="bbox 2125 3627 3704 3699; baseline 0.001 -19"><span class='ocrx_word' id='word_1_623' title='bbox 2125 3629 2201 3680; x_wconf 77' lang='grc' dir='ltr'><strong>Οὐ</strong></span> <span class='ocrx_word' id='word_1_624' title='bbox 2232 3628 2296 3699; x_wconf 79' lang='grc' dir='ltr'><strong>δὴ</strong></span> <span class='ocrx_word' id='word_1_625' title='bbox 2327 3627 2552 3692; x_wconf 82' lang='grc' dir='ltr'><strong>τούτους</strong></span> <span class='ocrx_word' id='word_1_626' title='bbox 2576 3628 2920 3697; x_wconf 78' lang='grc' dir='ltr'><strong>φησὶν,ἀ&gt;.λὰ</strong></span> <span class='ocrx_word' id='word_1_627' title='bbox 2943 3630 3070 3691; x_wconf 75' lang='grc' dir='ltr'><strong>τοὺς</strong></span> <span class='ocrx_word' id='word_1_628' title='bbox 3091 3629 3169 3681; x_wconf 78' lang='grc' dir='ltr'><strong>ἔτι</strong></span> <span class='ocrx_word' id='word_1_629' title='bbox 3200 3628 3301 3698; x_wconf 70' lang='grc' dir='ltr'><strong>μὲν</strong></span> <span class='ocrx_word' id='word_1_630' title='bbox 3325 3629 3393 3682; x_wconf 76' lang='grc' dir='ltr'><strong>τὰ</strong></span> <span class='ocrx_word' id='word_1_631' title='bbox 3413 3629 3523 3682; x_wconf 83' lang='grc' dir='ltr'><strong>τῶν</strong></span> <span class='ocrx_word' id='word_1_632' title='bbox 3547 3630 3704 3699; x_wconf 80' lang='grc' dir='ltr'><strong>ὀρθο-</strong></span> 
     </span>
    </p>
   </div>
   <div class='ocr_carea' id='block_1_96' title="bbox 2125 3717 3701 3789">
    <p class='ocr_par' dir='ltr' id='par_1_96' title="bbox 2125 3717 3701 3789">
     <span class='ocr_line' id='line_1_96' title="bbox 2125 3717 3701 3789; baseline 0.001 -20"><span class='ocrx_word' id='word_1_633' title='bbox 2125 3717 2292 3783; x_wconf 77' lang='grc' dir='ltr'><strong>δόξων</strong></span> <span class='ocrx_word' id='word_1_634' title='bbox 2319 3717 2674 3787; x_wconf 80' lang='grc' dir='ltr'><strong>φρονοῦντας,</strong></span> <span class='ocrx_word' id='word_1_635' title='bbox 2700 3717 2813 3771; x_wconf 82' lang='grc' dir='ltr'><strong>δέει</strong></span> <span class='ocrx_word' id='word_1_636' title='bbox 2841 3734 2905 3786; x_wconf 86' lang='grc' dir='ltr'><strong>γε</strong></span> <span class='ocrx_word' id='word_1_637' title='bbox 2938 3718 3047 3789; x_wconf 78' lang='grc' dir='ltr'><strong>μὴν</strong></span> <span class='ocrx_word' id='word_1_638' title='bbox 3074 3718 3181 3773; x_wconf 80' lang='grc' dir='ltr'><strong>τῶν</strong></span> <span class='ocrx_word' id='word_1_639' title='bbox 3208 3718 3458 3789; x_wconf 81' lang='grc' dir='ltr'><strong>βασάνων</strong></span> <span class='ocrx_word' id='word_1_640' title='bbox 3493 3719 3563 3773; x_wconf 73' lang='grc' dir='ltr'><strong>τὰ</strong></span> <span class='ocrx_word' id='word_1_641' title='bbox 3591 3718 3701 3772; x_wconf 82' lang='grc' dir='ltr'><strong>τῶν</strong></span> 
     </span>
    </p>
   </div>
   <div class='ocr_carea' id='block_1_97' title="bbox 2127 3810 3203 3882">
    <p class='ocr_par' dir='ltr' id='par_1_97' title="bbox 2127 3810 3203 3882">
     <span class='ocr_line' id='line_1_97' title="bbox 2127 3810 3203 3882; baseline 0.004 -19"><span class='ocrx_word' id='word_1_642' title='bbox 2127 3810 2342 3863; x_wconf 75' lang='grc' dir='ltr'><strong>ἀσεϐῶν</strong></span> <span class='ocrx_word' id='word_1_643' title='bbox 2379 3811 2716 3881; x_wconf 81' lang='grc' dir='ltr'><strong>ὑπέρχεσθαι</strong></span> <span class='ocrx_word' id='word_1_644' title='bbox 2759 3811 3203 3882; x_wconf 78' lang='grc' dir='ltr'><strong>σκηπτομένους.</strong></span> 
     </span>
    </p>
   </div>
   <div class='ocr_carea' id='block_1_98' title="bbox 2207 3903 3698 3976">
    <p class='ocr_par' dir='ltr' id='par_1_98' title="bbox 2207 3903 3698 3976">
     <span class='ocr_line' id='line_1_98' title="bbox 2207 3903 3698 3976; baseline 0 -20"><span class='ocrx_word' id='word_1_645' title='bbox 2207 3904 2265 3956; x_wconf 89' lang='grc' dir='ltr'>Ὀ</span> <span class='ocrx_word' id='word_1_646' title='bbox 2288 3903 2345 3956; x_wconf 77' lang='grc' dir='ltr'><strong>δὲ</strong></span> <span class='ocrx_word' id='word_1_647' title='bbox 2384 3905 2558 3973; x_wconf 79' lang='grc' dir='ltr'><strong>μένας</strong></span> <span class='ocrx_word' id='word_1_648' title='bbox 2589 3903 2911 3967; x_wconf 78' lang='grc' dir='ltr'><strong>Ἀθανάσιος</strong></span> <span class='ocrx_word' id='word_1_649' title='bbox 2963 3907 3022 3958; x_wconf 83' lang='grc' dir='ltr'><strong>ὲν</strong></span> <span class='ocrx_word' id='word_1_650' title='bbox 3049 3908 3118 3976; x_wconf 82' lang='grc' dir='ltr'><strong>τῇ</strong></span> <span class='ocrx_word' id='word_1_651' title='bbox 3146 3908 3282 3975; x_wconf 80' lang='grc' dir='ltr'><strong>πρὸς</strong></span> <span class='ocrx_word' id='word_1_652' title='bbox 3318 3905 3698 3975; x_wconf 61' lang='grc' dir='ltr'><strong>Ῥουφινιανὸν</strong></span> 
     </span>
    </p>
   </div>
   <div class='ocr_carea' id='block_1_99' title="bbox 2092 3995 3699 4068">
    <p class='ocr_par' dir='ltr' id='par_1_99' title="bbox 2092 3995 3699 4068">
     <span class='ocr_line' id='line_1_99' title="bbox 2092 3995 3699 4068; baseline 0.002 -21"><span class='ocrx_word' id='word_1_653' title='bbox 2092 4044 2095 4047; x_wconf 71' lang='grc'><strong>,</strong></span> <span class='ocrx_word' id='word_1_654' title='bbox 2124 3995 2405 4066; x_wconf 65' lang='grc' dir='ltr'><strong>ἑπιστολῇ,</strong></span> <span class='ocrx_word' id='word_1_655' title='bbox 2436 3997 2558 4050; x_wconf 83' lang='grc' dir='ltr'><strong>Τῶν</strong></span> <span class='ocrx_word' id='word_1_656' title='bbox 2587 3998 3068 4067; x_wconf 69' lang='grc' dir='ltr'><strong>κεκοινωνηκότων</strong></span> <span class='ocrx_word' id='word_1_657' title='bbox 3091 4001 3205 4061; x_wconf 81' lang='grc' dir='ltr'><strong>τοῖς</strong></span> <span class='ocrx_word' id='word_1_658' title='bbox 3227 3997 3294 4050; x_wconf 76' lang='grc' dir='ltr'><strong>τὰ</strong></span> <span class='ocrx_word' id='word_1_659' title='bbox 3321 3998 3538 4068; x_wconf 79' lang='grc' dir='ltr'><strong>’Δρείου</strong></span> <span class='ocrx_word' id='word_1_660' title='bbox 3569 4017 3699 4067; x_wconf 80' lang='grc' dir='ltr'><strong>φρο-</strong></span> 
     </span>
    </p>
   </div>
   <div class='ocr_carea' id='block_1_100' title="bbox 2126 4089 3698 4161">
    <p class='ocr_par' dir='ltr' id='par_1_100' title="bbox 2126 4089 3698 4161">
     <span class='ocr_line' id='line_1_100' title="bbox 2126 4089 3698 4161; baseline 0.002 -22"><span class='ocrx_word' id='word_1_661' title='bbox 2126 4089 2310 4142; x_wconf 74' lang='grc' dir='ltr'><strong>νοῦσιν</strong></span> <span class='ocrx_word' id='word_1_662' title='bbox 2345 4089 2682 4159; x_wconf 79' lang='grc' dir='ltr'><strong>ἱερωμένων,</strong></span> <span class='ocrx_word' id='word_1_663' title='bbox 2710 4090 2865 4160; x_wconf 75' lang='grc' dir='ltr'><strong>φησι,</strong></span> <span class='ocrx_word' id='word_1_664' title='bbox 2899 4092 2947 4143; x_wconf 88' lang='grc' dir='ltr'><strong>οἱ</strong></span> <span class='ocrx_word' id='word_1_665' title='bbox 2977 4092 3075 4160; x_wconf 81' lang='grc' dir='ltr'><strong>μὲν</strong></span> <span class='ocrx_word' id='word_1_666' title='bbox 3131 4090 3223 4161; x_wconf 81' lang='grc' dir='ltr'><strong>βίᾳ</strong></span> <span class='ocrx_word' id='word_1_667' title='bbox 3250 4092 3698 4161; x_wconf 75' lang='grc' dir='ltr'><strong>καθυπαχθέντες</strong></span> 
     </span>
    </p>
   </div>
   <div class='ocr_carea' id='block_1_101' title="bbox 2126 4180 3700 4257">
    <p class='ocr_par' dir='ltr' id='par_1_101' title="bbox 2126 4180 3700 4257">
     <span class='ocr_line' id='line_1_101' title="bbox 2126 4180 3700 4257; baseline 0.001 -24"><span class='ocrx_word' id='word_1_668' title='bbox 2126 4183 2431 4244; x_wconf 86' lang='grc' dir='ltr'><strong>κανονικῶς</strong></span> <span class='ocrx_word' id='word_1_669' title='bbox 2462 4182 2563 4250; x_wconf 73' lang='grc' dir='ltr'><strong>μὲν</strong></span> <span class='ocrx_word' id='word_1_670' title='bbox 2611 4182 2950 4246; x_wconf 81' lang='grc' dir='ltr'><strong>εὐθύνονται,</strong></span> <span class='ocrx_word' id='word_1_671' title='bbox 2994 4181 3091 4237; x_wconf 78' lang='grc' dir='ltr'><strong>τοῦ</strong></span> <span class='ocrx_word' id='word_1_672' title='bbox 3124 4185 3291 4237; x_wconf 85' lang='grc' dir='ltr'><strong>τόπου</strong></span> <span class='ocrx_word' id='word_1_673' title='bbox 3350 4185 3409 4237; x_wconf 86' lang='grc' dir='ltr'><strong>δὲ</strong></span> <span class='ocrx_word' id='word_1_674' title='bbox 3437 4180 3507 4257; x_wconf 79' lang='grc' dir='ltr'><strong>ἧς</strong></span> <span class='ocrx_word' id='word_1_675' title='bbox 3545 4187 3700 4253; x_wconf 82' lang='grc' dir='ltr'><strong>μετέ-</strong></span> 
     </span>
    </p>
   </div>
   <div class='ocr_carea' id='block_1_102' title="bbox 2125 4273 3698 4348">
    <p class='ocr_par' dir='ltr' id='par_1_102' title="bbox 2125 4273 3698 4348">
     <span class='ocr_line' id='line_1_102' title="bbox 2125 4273 3698 4348; baseline 0.003 -22"><span class='ocrx_word' id='word_1_676' title='bbox 2125 4273 2288 4343; x_wconf 81' lang='grc' dir='ltr'><strong>λαχον</strong></span> <span class='ocrx_word' id='word_1_677' title='bbox 2318 4274 2525 4337; x_wconf 75' lang='grc' dir='ltr'><strong>τάξεως</strong></span> <span class='ocrx_word' id='word_1_678' title='bbox 2555 4276 2657 4328; x_wconf 78' lang='grc' dir='ltr'><strong>οὐκ</strong></span> <span class='ocrx_word' id='word_1_679' title='bbox 2688 4276 3076 4339; x_wconf 79' lang='grc' dir='ltr'><strong>ὲκϐὰλλονται,</strong></span> <span class='ocrx_word' id='word_1_680' title='bbox 3113 4278 3208 4331; x_wconf 76' lang='grc' dir='ltr'><strong>καὶ</strong></span> <span class='ocrx_word' id='word_1_681' title='bbox 3257 4278 3499 4348; x_wconf 82' lang='grc' dir='ltr'><strong>μάλιστα</strong></span> <span class='ocrx_word' id='word_1_682' title='bbox 3533 4282 3579 4330; x_wconf 84' lang='grc' dir='ltr'><strong>εί</strong></span> <span class='ocrx_word' id='word_1_683' title='bbox 3606 4280 3698 4331; x_wconf 78' lang='grc' dir='ltr'><strong>τὸν</strong></span> 
     </span>
    </p>
   </div>
   <div class='ocr_carea' id='block_1_103' title="bbox 2127 4364 3698 4440">
    <p class='ocr_par' dir='ltr' id='par_1_103' title="bbox 2127 4364 3698 4440">
     <span class='ocr_line' id='line_1_103' title="bbox 2127 4364 3698 4440; baseline 0.004 -22"><span class='ocrx_word' id='word_1_684' title='bbox 2127 4369 2385 4437; x_wconf 68' lang='grc' dir='ltr'><strong>λογισμὸν</strong></span> <span class='ocrx_word' id='word_1_685' title='bbox 2439 4368 2644 4436; x_wconf 74' lang='grc' dir='ltr'><strong>ἥκιστα</strong></span> <span class='ocrx_word' id='word_1_686' title='bbox 2691 4364 2837 4439; x_wconf 78' lang='grc' dir='ltr'><strong>εἶχον</strong></span> <span class='ocrx_word' id='word_1_687' title='bbox 2892 4370 3123 4429; x_wconf 63' lang='grc' dir='ltr'><strong>εκείνοις</strong></span> <span class='ocrx_word' id='word_1_688' title='bbox 3184 4370 3573 4440; x_wconf 87' lang='grc' dir='ltr'><strong>συμϐαίνοντα,</strong></span> <span class='ocrx_word' id='word_1_689' title='bbox 3620 4370 3698 4432; x_wconf 76' lang='grc' dir='ltr'><strong>ὣς</strong></span> 
     </span>
    </p>
   </div>
   <div class='ocr_carea' id='block_1_104' title="bbox 2131 4457 3698 4530">
    <p class='ocr_par' dir='ltr' id='par_1_104' title="bbox 2131 4457 3698 4530">
     <span class='ocr_line' id='line_1_104' title="bbox 2131 4457 3698 4530; baseline 0.001 -20"><span class='ocrx_word' id='word_1_690' title='bbox 2131 4475 2288 4527; x_wconf 85' lang='grc' dir='ltr'><strong>φασι,</strong></span> <span class='ocrx_word' id='word_1_691' title='bbox 2321 4458 2386 4510; x_wconf 85' lang='grc' dir='ltr'><strong>δι’</strong></span> <span class='ocrx_word' id='word_1_692' title='bbox 2418 4458 2736 4529; x_wconf 77' lang='grc' dir='ltr'><strong>οἰκονομίαν</strong></span> <span class='ocrx_word' id='word_1_693' title='bbox 2765 4459 2820 4510; x_wconf 79' lang='grc' dir='ltr'><strong>δὲ</strong></span> <span class='ocrx_word' id='word_1_694' title='bbox 2858 4457 3317 4529; x_wconf 76' lang='grc' dir='ltr'><strong>κεκοινωνηκέναι</strong></span> <span class='ocrx_word' id='word_1_695' title='bbox 3366 4463 3698 4530; x_wconf 76' lang='grc' dir='ltr'><strong>προσεποιήο</strong></span> 
     </span>
    </p>
   </div>
   <div class='ocr_carea' id='block_1_105' title="bbox 2130 4547 3695 4621">
    <p class='ocr_par' dir='ltr' id='par_1_105' title="bbox 2130 4547 3695 4621">
     <span class='ocr_line' id='line_1_105' title="bbox 2130 4547 3695 4621; baseline 0.001 -21"><span class='ocrx_word' id='word_1_696' title='bbox 2130 4563 2312 4607; x_wconf 85' lang='grc' dir='ltr'><strong>σαντο,</strong></span> <span class='ocrx_word' id='word_1_697' title='bbox 2352 4547 2465 4599; x_wconf 79' lang='grc' dir='ltr'><strong>δέει</strong></span> <span class='ocrx_word' id='word_1_698' title='bbox 2486 4547 2581 4600; x_wconf 83' lang='grc' dir='ltr'><strong>τοῦ</strong></span> <span class='ocrx_word' id='word_1_699' title='bbox 2608 4548 2684 4618; x_wconf 84' lang='grc' dir='ltr'><strong>μὴ</strong></span> <span class='ocrx_word' id='word_1_700' title='bbox 2707 4549 2987 4618; x_wconf 76' lang='grc' dir='ltr'><strong>φθαρῆναι</strong></span> <span class='ocrx_word' id='word_1_701' title='bbox 3016 4549 3116 4613; x_wconf 79' lang='grc' dir='ltr'><strong>τὰς</strong></span> <span class='ocrx_word' id='word_1_702' title='bbox 3143 4550 3449 4619; x_wconf 76' lang='grc' dir='ltr'><strong>ἐκκλησίας</strong></span> <span class='ocrx_word' id='word_1_703' title='bbox 3496 4554 3558 4621; x_wconf 79' lang='grc' dir='ltr'><strong>τῇ</strong></span> <span class='ocrx_word' id='word_1_704' title='bbox 3584 4552 3695 4603; x_wconf 80' lang='grc' dir='ltr'><strong>τῶν</strong></span> 
     </span>
    </p>
   </div>
   <div class='ocr_carea' id='block_1_106' title="bbox 2048 4640 3695 4713">
    <p class='ocr_par' dir='ltr' id='par_1_106' title="bbox 2048 4640 3695 4713">
     <span class='ocr_line' id='line_1_106' title="bbox 2048 4640 3695 4713; baseline 0.005 -23"><span class='ocrx_word' id='word_1_705' title='bbox 2048 4683 2060 4694; x_wconf 81' lang='grc'><strong>,</strong></span> <span class='ocrx_word' id='word_1_706' title='bbox 2127 4640 2410 4693; x_wconf 83' lang='grc' dir='ltr'><strong>δυσσεϐὦν</strong></span> <span class='ocrx_word' id='word_1_707' title='bbox 2437 4643 2847 4712; x_wconf 73' lang='grc' dir='ltr'><strong>ἀντεισαγωγῇ,</strong></span> <span class='ocrx_word' id='word_1_708' title='bbox 2878 4642 3059 4695; x_wconf 84' lang='grc' dir='ltr'><strong>αὐτῶν</strong></span> <span class='ocrx_word' id='word_1_709' title='bbox 3093 4642 3407 4712; x_wconf 81' lang='grc' dir='ltr'><strong>ὑπερορίων</strong></span> <span class='ocrx_word' id='word_1_710' title='bbox 3437 4647 3571 4713; x_wconf 67' lang='grc' dir='ltr'><strong>μετὰ</strong></span> <span class='ocrx_word' id='word_1_711' title='bbox 3594 4644 3695 4713; x_wconf 80' lang='grc' dir='ltr'><strong>τῆς</strong></span> 
     </span>
    </p>
   </div>
   <div class='ocr_carea' id='block_1_107' title="bbox 2126 4731 3694 4811">
    <p class='ocr_par' dir='ltr' id='par_1_107' title="bbox 2126 4731 3694 4811">
     <span class='ocr_line' id='line_1_107' title="bbox 2126 4731 3694 4811; baseline 0.003 -29"><span class='ocrx_word' id='word_1_712' title='bbox 2126 4731 2409 4785; x_wconf 75' lang='grc' dir='ltr'><strong>εὐσεϐείας</strong></span> <span class='ocrx_word' id='word_1_713' title='bbox 2440 4734 2857 4802; x_wconf 81' lang='grc' dir='ltr'><strong>γεγενημένων.</strong></span> <span class='ocrx_word' id='word_1_714' title='bbox 2892 4734 2957 4786; x_wconf 87' lang='grc' dir='ltr'>Οἱ</span> <span class='ocrx_word' id='word_1_715' title='bbox 2985 4734 3043 4787; x_wconf 69' lang='grc' dir='ltr'><strong>δὲ</strong></span> <span class='ocrx_word' id='word_1_716' title='bbox 3072 4736 3211 4804; x_wconf 76' lang='grc' dir='ltr'><strong>πρὸς</strong></span> <span class='ocrx_word' id='word_1_717' title='bbox 3252 4736 3332 4805; x_wconf 84' lang='grc' dir='ltr'><strong>τῷ</strong></span> <span class='ocrx_word' id='word_1_718' title='bbox 3368 4753 3694 4811; x_wconf 71' lang='grc' dir='ltr'><strong>κεκοινωνη-</strong></span> 
     </span>
    </p>
   </div>
   <div class='ocr_carea' id='block_1_108' title="bbox 2127 4823 3694 4897">
    <p class='ocr_par' dir='ltr' id='par_1_108' title="bbox 2127 4823 3694 4897">
     <span class='ocr_line' id='line_1_108' title="bbox 2127 4823 3694 4897; baseline 0.003 -21"><span class='ocrx_word' id='word_1_719' title='bbox 2127 4823 2284 4876; x_wconf 81' lang='grc' dir='ltr'><strong>κέναι</strong></span> <span class='ocrx_word' id='word_1_720' title='bbox 2315 4824 2412 4875; x_wconf 78' lang='grc' dir='ltr'><strong>καὶ</strong></span> <span class='ocrx_word' id='word_1_721' title='bbox 2438 4827 2537 4892; x_wconf 75' lang='grc' dir='ltr'><strong>τῆς</strong></span> <span class='ocrx_word' id='word_1_722' title='bbox 2569 4824 2825 4887; x_wconf 80' lang='grc' dir='ltr'><strong>ἀσεϐείας</strong></span> <span class='ocrx_word' id='word_1_723' title='bbox 2846 4825 3408 4897; x_wconf 78' lang='grc' dir='ltr'><strong>ὕπεραγωνιζόμενοι,</strong></span> <span class='ocrx_word' id='word_1_724' title='bbox 3432 4829 3525 4881; x_wconf 83' lang='grc' dir='ltr'><strong>καὶ</strong></span> <span class='ocrx_word' id='word_1_725' title='bbox 3560 4846 3694 4880; x_wconf 85' lang='grc' dir='ltr'><strong>συν-</strong></span> 
     </span>
    </p>
   </div>
   <div class='ocr_carea' id='block_1_109' title="bbox 2126 4916 3694 4994">
    <p class='ocr_par' dir='ltr' id='par_1_109' title="bbox 2126 4916 3694 4994">
     <span class='ocr_line' id='line_1_109' title="bbox 2126 4916 3694 4994; baseline 0.006 -28"><span class='ocrx_word' id='word_1_726' title='bbox 2126 4916 2458 4985; x_wconf 81' lang='grc' dir='ltr'><strong>ηγοροῦντες</strong></span> <span class='ocrx_word' id='word_1_727' title='bbox 2505 4918 2586 4980; x_wconf 87' lang='grc' dir='ltr'><strong>εἰς</strong></span> <span class='ocrx_word' id='word_1_728' title='bbox 2620 4917 2874 4988; x_wconf 83' lang='grc' dir='ltr'><strong>δύναμιν,</strong></span> <span class='ocrx_word' id='word_1_729' title='bbox 2911 4921 2973 4973; x_wconf 86' lang='grc' dir='ltr'><strong>ού</strong></span> <span class='ocrx_word' id='word_1_730' title='bbox 3037 4923 3151 4984; x_wconf 83' lang='grc' dir='ltr'><strong>τοῖς</strong></span> <span class='ocrx_word' id='word_1_731' title='bbox 3190 4923 3495 4994; x_wconf 76' lang='grc' dir='ltr'><strong>ἐπιτιμίοις</strong></span> <span class='ocrx_word' id='word_1_732' title='bbox 3529 4940 3694 4993; x_wconf 84' lang='grc' dir='ltr'><strong>μετα-</strong></span> 
     </span>
    </p>
   </div>
   <div class='ocr_carea' id='block_1_110' title="bbox 2129 5008 3692 5087">
    <p class='ocr_par' dir='ltr' id='par_1_110' title="bbox 2129 5008 3692 5087">
     <span class='ocr_line' id='line_1_110' title="bbox 2129 5008 3692 5087; baseline 0.006 -28"><span class='ocrx_word' id='word_1_733' title='bbox 2129 5008 2419 5078; x_wconf 84' lang='grc' dir='ltr'><strong>μελόμενοι</strong></span> <span class='ocrx_word' id='word_1_734' title='bbox 2452 5010 2987 5073; x_wconf 76' lang='grc' dir='ltr'><strong>καθυποϐἀλλονται,</strong></span> <span class='ocrx_word' id='word_1_735' title='bbox 3023 5014 3163 5067; x_wconf 84' lang='grc' dir='ltr'><strong>ἀλλὰ</strong></span> <span class='ocrx_word' id='word_1_736' title='bbox 3197 5016 3561 5087; x_wconf 83' lang='grc' dir='ltr'><strong>γυμνούμενοι</strong></span> <span class='ocrx_word' id='word_1_737' title='bbox 3592 5017 3692 5084; x_wconf 71' lang='grc' dir='ltr'><strong>τῆς</strong></span> 
     </span>
    </p>
   </div>
   <div class='ocr_carea' id='block_1_111' title="bbox 2128 5098 3691 5180">
    <p class='ocr_par' dir='ltr' id='par_1_111' title="bbox 2128 5098 3691 5180">
     <span class='ocr_line' id='line_1_111' title="bbox 2128 5098 3691 5180; baseline 0.008 -31"><span class='ocrx_word' id='word_1_738' title='bbox 2128 5098 2453 5169; x_wconf 77' lang='grc' dir='ltr'><strong>ἱερωσύνης,</strong></span> <span class='ocrx_word' id='word_1_739' title='bbox 2479 5102 2537 5153; x_wconf 81' lang='grc' dir='ltr'><strong>ἐν</strong></span> <span class='ocrx_word' id='word_1_740' title='bbox 2568 5104 2637 5172; x_wconf 79' lang='grc' dir='ltr'><strong>τῇ</strong></span> <span class='ocrx_word' id='word_1_741' title='bbox 2667 5102 2777 5155; x_wconf 80' lang='grc' dir='ltr'><strong>τῶν</strong></span> <span class='ocrx_word' id='word_1_742' title='bbox 2801 5103 3009 5158; x_wconf 82' lang='grc' dir='ltr'><strong>λαῖκῶν</strong></span> <span class='ocrx_word' id='word_1_743' title='bbox 3037 5106 3327 5161; x_wconf 81' lang='grc' dir='ltr'><strong>τάττονται</strong></span> <span class='ocrx_word' id='word_1_744' title='bbox 3372 5108 3537 5180; x_wconf 77' lang='grc' dir='ltr'><strong>χώρα.</strong></span> <span class='ocrx_word' id='word_1_745' title='bbox 3564 5110 3691 5171; x_wconf 78' lang='grc' dir='ltr'><strong>Τοῖς</strong></span> 
     </span>
    </p>
   </div>
   <div class='ocr_carea' id='block_1_112' title="bbox 2125 5189 3685 5268">
    <p class='ocr_par' dir='ltr' id='par_1_112' title="bbox 2125 5189 3685 5268">
     <span class='ocr_line' id='line_1_112' title="bbox 2125 5189 3685 5268; baseline 0.007 -28"><span class='ocrx_word' id='word_1_746' title='bbox 2125 5189 2183 5240; x_wconf 74' lang='grc' dir='ltr'><strong>δὲ.</strong></span> <span class='ocrx_word' id='word_1_747' title='bbox 2214 5190 2600 5260; x_wconf 81' lang='grc' dir='ltr'><strong>ἀπατηθεῖσιν,</strong></span> <span class='ocrx_word' id='word_1_748' title='bbox 2635 5192 2668 5261; x_wconf 80' lang='grc' dir='ltr'><strong>ἢ</strong></span> <span class='ocrx_word' id='word_1_749' title='bbox 2701 5192 2822 5261; x_wconf 83' lang='grc' dir='ltr'><strong>βίαν</strong></span> <span class='ocrx_word' id='word_1_750' title='bbox 2856 5194 3089 5248; x_wconf 79' lang='grc' dir='ltr'><strong>παθοῦσι</strong></span> <span class='ocrx_word' id='word_1_751' title='bbox 3129 5196 3363 5261; x_wconf 84' lang='grc' dir='ltr'><strong>λαῖκοῖς,</strong></span> <span class='ocrx_word' id='word_1_752' title='bbox 3397 5199 3685 5268; x_wconf 75' lang='grc' dir='ltr'><strong>συγγνώμη</strong></span> 
     </span>
    </p>
   </div>
   <div class='ocr_carea' id='block_1_113' title="bbox 2126 5282 3689 5358">
    <p class='ocr_par' dir='ltr' id='par_1_113' title="bbox 2126 5282 3689 5358">
     <span class='ocr_line' id='line_1_113' title="bbox 2126 5282 3689 5358; baseline 0.004 -22"><span class='ocrx_word' id='word_1_753' title='bbox 2126 5282 2354 5348; x_wconf 77' lang='grc' dir='ltr'><strong>δίδοται,</strong></span> <span class='ocrx_word' id='word_1_754' title='bbox 2412 5285 2714 5348; x_wconf 83' lang='grc' dir='ltr'><strong>κανονικῶς</strong></span> <span class='ocrx_word' id='word_1_755' title='bbox 2772 5285 3041 5357; x_wconf 81' lang='grc' dir='ltr'><strong>πρότερον</strong></span> <span class='ocrx_word' id='word_1_756' title='bbox 3095 5289 3542 5358; x_wconf 83' lang='grc' dir='ltr'><strong>επιτιμωμένοις,</strong></span> <span class='ocrx_word' id='word_1_757' title='bbox 3596 5293 3689 5342; x_wconf 81' lang='grc' dir='ltr'><strong>καὶ</strong></span> 
     </span>
    </p>
   </div>
   <div class='ocr_carea' id='block_1_114' title="bbox 2133 5377 3689 5451">
    <p class='ocr_par' dir='ltr' id='par_1_114' title="bbox 2133 5377 3689 5451">
     <span class='ocr_line' id='line_1_114' title="bbox 2133 5377 3689 5451; baseline 0.003 -24"><span class='ocrx_word' id='word_1_758' title='bbox 2133 5377 2382 5446; x_wconf 71' lang='grc' dir='ltr'><strong>φανερῶς</strong></span> <span class='ocrx_word' id='word_1_759' title='bbox 2413 5378 2849 5447; x_wconf 76' lang='grc' dir='ltr'><strong>ἁναθεματίσασι</strong></span> <span class='ocrx_word' id='word_1_760' title='bbox 2874 5381 2943 5431; x_wconf 75' lang='grc' dir='ltr'><strong>τά</strong></span> <span class='ocrx_word' id='word_1_761' title='bbox 2972 5379 3081 5432; x_wconf 83' lang='grc' dir='ltr'><strong>τῶν</strong></span> <span class='ocrx_word' id='word_1_762' title='bbox 3124 5382 3437 5451; x_wconf 84' lang='grc' dir='ltr'><strong>αἱρετικῶν,</strong></span> <span class='ocrx_word' id='word_1_763' title='bbox 3470 5384 3562 5435; x_wconf 79' lang='grc' dir='ltr'><strong>καὶ</strong></span> <span class='ocrx_word' id='word_1_764' title='bbox 3592 5385 3689 5448; x_wconf 73' lang='grc' dir='ltr'><strong>τὴν</strong></span> 
     </span>
    </p>
   </div>
   <div class='ocr_carea' id='block_1_115' title="bbox 2130 5468 3689 5543">
    <p class='ocr_par' dir='ltr' id='par_1_115' title="bbox 2130 5468 3689 5543">
     <span class='ocr_line' id='line_1_115' title="bbox 2130 5468 3689 5543; baseline 0.004 -24"><span class='ocrx_word' id='word_1_765' title='bbox 2130 5470 2187 5519; x_wconf 74' lang='grc' dir='ltr'><strong>ὲν</strong></span> <span class='ocrx_word' id='word_1_766' title='bbox 2219 5468 2426 5538; x_wconf 77' lang='grc' dir='ltr'><strong>Νικαίᾳ</strong></span> <span class='ocrx_word' id='word_1_767' title='bbox 2456 5468 2738 5538; x_wconf 80' lang='grc' dir='ltr'><strong>ὁρθόδοξον</strong></span> <span class='ocrx_word' id='word_1_768' title='bbox 2781 5470 2963 5523; x_wconf 82' lang='grc' dir='ltr'><strong>πίστιν</strong></span> <span class='ocrx_word' id='word_1_769' title='bbox 3013 5472 3340 5543; x_wconf 86' lang='grc' dir='ltr'><strong>πρεσϐεύειν</strong></span> <span class='ocrx_word' id='word_1_770' title='bbox 3408 5474 3689 5542; x_wconf 79' lang='grc' dir='ltr'><strong>ὑπισχνου-</strong></span> 
     </span>
    </p>
   </div>
   <div class='ocr_carea' id='block_1_116' title="bbox 2134 5562 3688 5638">
    <p class='ocr_par' dir='ltr' id='par_1_116' title="bbox 2134 5562 3688 5638">
     <span class='ocr_line' id='line_1_116' title="bbox 2134 5562 3688 5638; baseline 0.004 -25"><span class='ocrx_word' id='word_1_771' title='bbox 2134 5562 2337 5628; x_wconf 81' lang='grc' dir='ltr'><strong>μένοις.</strong></span> <span class='ocrx_word' id='word_1_772' title='bbox 2380 5562 2599 5633; x_wconf 82' lang='grc' dir='ltr'><strong>Ταύτην</strong></span> <span class='ocrx_word' id='word_1_773' title='bbox 2629 5564 2731 5617; x_wconf 82' lang='grc' dir='ltr'><strong>οὒκ</strong></span> <span class='ocrx_word' id='word_1_774' title='bbox 2779 5566 2912 5633; x_wconf 73' lang='grc' dir='ltr'><strong>ἐγὼ,</strong></span> <span class='ocrx_word' id='word_1_775' title='bbox 2958 5565 3114 5634; x_wconf 68' lang='grc' dir='ltr'><strong>φησὶ,</strong></span> <span class='ocrx_word' id='word_1_776' title='bbox 3153 5567 3313 5636; x_wconf 74' lang='grc' dir='ltr'><strong>μόνος</strong></span> <span class='ocrx_word' id='word_1_777' title='bbox 3360 5568 3452 5638; x_wconf 79' lang='grc' dir='ltr'><strong>τὴν</strong></span> <span class='ocrx_word' id='word_1_778' title='bbox 3486 5568 3688 5636; x_wconf 67' lang='grc' dir='ltr'><strong>ψῆφον,</strong></span> 
     </span>
    </p>
   </div>
   <div class='ocr_carea' id='block_1_117' title="bbox 2131 5654 3687 5730">
    <p class='ocr_par' dir='ltr' id='par_1_117' title="bbox 2131 5654 3687 5730">
     <span class='ocr_line' id='line_1_117' title="bbox 2131 5654 3687 5730; baseline 0.004 -25"><span class='ocrx_word' id='word_1_779' title='bbox 2131 5654 2248 5706; x_wconf 77' lang='grc' dir='ltr'><strong>ἁλλ’</strong></span> <span class='ocrx_word' id='word_1_780' title='bbox 2289 5655 2337 5706; x_wconf 82' lang='grc' dir='ltr'><strong>οἱ</strong></span> <span class='ocrx_word' id='word_1_781' title='bbox 2368 5655 2461 5707; x_wconf 72' lang='grc' dir='ltr'><strong>καὶ</strong></span> <span class='ocrx_word' id='word_1_782' title='bbox 2493 5657 2574 5715; x_wconf 82' lang='grc' dir='ltr'><strong>εἰς</strong></span> <span class='ocrx_word' id='word_1_783' title='bbox 2610 5658 2862 5720; x_wconf 80' lang='grc' dir='ltr'><strong>συνόδους</strong></span> <span class='ocrx_word' id='word_1_784' title='bbox 2896 5658 3130 5721; x_wconf 81' lang='grc' dir='ltr'><strong>τοπικὰς</strong></span> <span class='ocrx_word' id='word_1_785' title='bbox 3163 5659 3525 5730; x_wconf 80' lang='grc' dir='ltr'><strong>ἀθροισθέντες</strong></span> <span class='ocrx_word' id='word_1_786' title='bbox 3552 5660 3687 5711; x_wconf 74' lang='grc' dir='ltr'><strong>θεῖοι</strong></span> 
     </span>
    </p>
   </div>
   <div class='ocr_carea' id='block_1_118' title="bbox 2134 5745 2731 5816">
    <p class='ocr_par' dir='ltr' id='par_1_118' title="bbox 2134 5745 2731 5816">
     <span class='ocr_line' id='line_1_118' title="bbox 2134 5745 2731 5816; baseline 0.008 -18"><span class='ocrx_word' id='word_1_787' title='bbox 2134 5745 2375 5813; x_wconf 82' lang='grc' dir='ltr'><strong>Πατέρες</strong></span> <span class='ocrx_word' id='word_1_788' title='bbox 2404 5746 2731 5816; x_wconf 71' lang='grc' dir='ltr'><strong>ἐξήνεγκαν.</strong></span> 
     </span>
    </p>
   </div>
  </div>
