3880 6552
419 302 553 368 1031

1620 295 1986 360 ΜΑΤΤΗῘΕΙ
2022 295 2446 357 BLASTARIS

3519 294 3641 355 1032

417 417 642 479 ltibitus,
678 429 796 468 sese
826 412 1132 469 canonibus
1161 411 1483 466 submittere
1516 410 1751 471 recuset,
1780 420 1833 464 et
1863 424 1999 479 prac—

2111 410 2414 463 ὲπισκόπων
2455 408 2488 479 ἢ
2533 407 2943 479 πρεσϐυτέρων,
2983 403 3284 475 πταίσματι
3334 403 3511 468 ἁλοὺς,
3537 407 3647 459 ἐπε·-

416 510 655 563 sulatum
691 521 1015 576 sacrumque
1044 504 1405 559 ministerium
1437 502 1535 556 sibi
1568 502 1845 563 vindicet,
1872 518 2002 554 una-

415 616 521 669 que
554 598 646 667 qui
681 615 711 653 e
753 598 951 668 pOpnlo
983 596 1195 650 inscitia
1228 596 1498 661 laborant,
1535 594 1718 648 relicta
1755 592 2000 647 Ecclesia

415 691 681 744 catholica
707 705 832 747 cum
866 689 958 742 illo
984 687 1288 742 discedant.
1319 686 1571 740 Patrihus
1601 701 1730 756 ergo
1758 684 2001 754 antiquis

417 780 595 837 visum
627 790 731 842 est.
762 779 962 849 inquit,
991 778 1372 833 bzereticorum
1405 777 1738 846 baptismum
1773 776 1999 830 omnino

416 874 664 943 rejicerc,
693 882 886 941 utpote
920 872 1010 942 qui
1054 870 1123 925 de
1152 869 1270 941 ipsa
1301 870 1358 926 in
1389 874 1556 925 Deum
1595 868 1702 925 ﬁde
1739 869 2002 924 dissenti—

421 979 542 1029 ant,
574 964 1052 1019 schismaticorum
1085 977 1215 1017 vero
1244 962 1575 1032 baptismum
1614 962 1922 1027 admittere;
1950 970 2004 1013 et

418 1066 476 1109 ιιι
507 1055 540 1108 ii
572 1055 664 1122 qui
693 1052 1072 1107 conventicula
1103 1050 1402 1117 celebrant,
1424 1067 1523 1121 per
1561 1051 1850 1121 genuinam
1884 1063 2002 1119 pa:-

417 1146 702 1201 nitentiam
722 1144 1135 1199 conversionem
1163 1160 1316 1199 suam
1350 1143 1672 1202 indicantes.
1693 1158 1884 1198 rursus
1906 1141 2004 1194 Ec-

415 1239 596 1293 clesiae
636 1239 916 1296 uitiantur;
957 1249 1010 1291 et
1040 1235 1365 1304 quandoque
1395 1244 1454 1289 ut
1482 1236 1574 1305 qui
1604 1236 1661 1288 in
1689 1234 1855 1307 gradu
1892 1233 2007 1287 col-

418 1330 577 1385 locati
619 1345 742 1382 cum
772 1328 1063 1382 rebellibus
1095 1328 1370 1391 abierunt,
1403 1336 1589 1397 postea
1617 1337 1797 1380 autem
1828 1325 2004 1395 poeni-

415 1421 588 1476 tentia
619 1419 766 1473 ducti
804 1427 954 1480 sunt,
981 1417 1046 1470 ad
1085 1417 1319 1485 priorem
1351 1417 1602 1471 ordinem
1631 1425 2000 1471 revertantur.

419 1514 685 1569 Catharos
723 1522 927 1576 autem,
962 1509 1051 1579 qui
1089 1520 1218 1564 sunt
1244 1524 1313 1562 ex
1362 1508 1641 1573 abscissis,
1678 1518 1732 1563 et
1755 1509 2005 1564 Encrati-

421 1614 524 1667 tas,
554 1612 608 1658 et
635 1602 1144 1672 llydroparastatas,
1169 1600 1343 1654 visum
1371 1611 1475 1665 est,
1508 1599 1707 1670 inquit,
1734 1600 2005 1670 Cypriane

2106 502 2270 572 σχέθη
2302 504 2403 572 τῆς
2451 501 2824 571 λειτουργίας,
2851 501 2948 553 καὶ
2996 500 3109 563 τοῖς
3139 498 3356 552 κανόσιν
3395 497 3649 566 ύποκύψαι

2105 594 2181 664 μὴ
2211 593 2604 664 ἀνασχόμενος,
2632 593 2812 664 ἑαυτῷ
2834 592 2932 663 τὴν
2962 590 3253 661 προεδρίαν
3276 587 3543 660 ἐξεδίκησε
3571 593 3652 644 καί.

2102 683 2482 751 λειτουργίαν,
2518 683 2614 734 καὶ
2647 680 2822 750 τούτῳ
2850 680 3196 747 σνναπῆλοον
3229 680 3276 732 οἱ
3314 680 3652 734 ἀπαιδευσίαν

2103 774 2388 837 νοσοῦντες
2413 776 2478 829 ἑκ
2509 774 2606 828 τοῦ
2638 772 2790 835 λαοῦ,
2829 773 2931 842 τὴν
2959 770 3257 841 καθολικὴν
3294 770 3654 825 καταλελοιπό-

2103 885 2194 929 τες
2214 867 2563 937 Ἐκκλησίαν.
2588 866 2817 920 Δέδοκτο
2840 864 3026 918 τοίνυν
3047 904 3063 926 ,
3089 863 3273 933 φησιν,
3305 863 3365 927 ἐξ
3414 864 3579 933 ἀρχῆς
3603 864 3654 917 τὸ

2107 960 2208 1029 μὲν
2235 959 2345 1011 τῶν
2370 960 2666 1029 αἱρετικῶν
2699 959 2986 1031 βάπτισμα
3017 958 3299 1022 παντελῶς
3325 956 3651 1027 ἡθετηιιὲναι,

2107 1050 2238 1121 περὶ
2262 1051 2372 1120 γὰρ
2405 1051 2578 1121 αὐτὴν
2599 1051 2700 1121 τὴν
2732 1052 2815 1114 είς
2845 1049 2981 1104 Θεὸν
3006 1050 3191 1104 πίστιν
3224 1052 3438 1119 πέφυκε
3466 1050 3654 1114 τούτοις

2103 1144 2138 1214 ἡ
2158 1142 2393 1212 διαφορά
2415 1160 2429 1175 ’
2453 1143 2859 1216 παραδέχεσθαι
2887 1141 2946 1197 δὲ
2965 1143 3072 1195 τῶν
3094 1142 3505 1214 ἁποσχισάντων
3547 1143 3656 1206 τοὺς

2108 1235 2210 1302 μέν
2262 1251 2343 1288 τοι
2396 1235 2910 1306 παρασννάγοντας,
2959 1234 3226 1303 ἀξιολόγῳ
3279 1234 3533 1304 μετανοίᾳ
3571 1234 3655 1305 τὴν

2106 1328 2443 1397 ἐπιστροφὴν
2474 1326 2947 1399 ἐπιδειξαμένους,
2984 1326 3238 1383 ἑνοῦσθαι
3266 1326 3432 1380 πάλιν
3458 1330 3523 1399 τῇ
3550 1328 3657 1383 Ἐκ-

2105 1417 2341 1487 κληαίᾳ·
2372 1416 2491 1469 ἔστι
2542 1417 2590 1468 δ’
2617 1419 2706 1471 ὅτε
2750 1417 3009 1483 καὶτοὺς
3054 1417 3113 1471 ὲν
3169 1416 3363 1487 βαθμῷ
3417 1418 3658 1470 συναπελ-

2108 1508 2306 1571 θόντας
2366 1512 2481 1572 τοῖς
2531 1508 2957 1577 ἀνυποτάκτοις,
3004 1505 3124 1563 εἶτα
3175 1509 3656 1580 μεταμελομένους,

2107 1604 2188 1665 είς
2261 1602 2362 1671 τὴν
2448 1604 2725 1674 προτέραν
2792 1604 2948 1672 τάξιν
3010 1604 3319 1658 ἐπανιέναι.
3394 1604 3527 1666 Τούς
3602 1620 3658 1672 γε

424 1704 482 1749 et
515 1693 835 1748 Firmiliano
871 1700 1061 1746 nostro
1089 1704 1280 1745 omnes
1306 1691 1373 1745 de
1404 1691 1616 1763 integro
1647 1691 2003 1761 baptizandos

2111 1694 2218 1764 μὴν
2282 1693 2598 1767 Καθαροὺς,
2670 1695 2780 1749 τῶν
2830 1696 3250 1767 ἀπεσχισμένων
3324 1696 3421 1749 καὶ
3482 1696 3658 1761 αὐτοὺς

419 1801 562 1842 esse.
592 1784 917 1855 Carthagine
943 1783 1114 1851 enim,
1142 1783 1300 1851 cujus
1325 1785 1612 1853 episcopus
1633 1793 1750 1837 erat
1775 1797 2004 1854 magnus

2111 1784 2289 1848 ὗντας.
2350 1786 2447 1840 καὶ
2504 1768 2923 1856 Ἑγκρατίτας,
2977 1788 3074 1840 καὶ
3139 1786 3658 1857 ’Υδροπαραστάτας,

420 1875 757 1946 Cyprianus,‘
791 1874 1031 1944 synodus
1070 1875 1297 1926 Patrum
1327 1872 1571 1926 omnium
1620 1873 2004 1943 antiquissima

420 1966 870 2036 congregabatnr,
892 1965 1066 2033 iisque
1096 1978 1288 2017 omnes
1320 1962 1607 2017 haereticos
1636 1973 1690 2018 et
1726 1963 2003 2016 schisma-

327 2119 331 2121 λ
423 2055 582 2118 ticos,
612 2056 703 2123 qui
736 2055 804 2109 ad
834 2054 1137 2109 Ecclesiam
1165 2053 1454 2119 accedunt,
1485 2059 1683 2106 iterum
1727 2052 2008 2123 baptizan-

423 2147 524 2202 dos
566 2162 688 2201 esse
743 2161 809 2199 ex
860 2144 1141 2200 communi
1181 2158 1452 2198 consensu
1488 2144 1711 2217 placuit.
1748 2144 1825 2198 ita
1859 2144 2004 2198 enim

422 2237 732 2294 ratiocinati
757 2246 915 2292 sunt:
935 2236 1090 2292 Licet
1114 2237 1601 2292 schismaticicirca
1618 2236 1869 2306 dogmata
1898 2251 2005 2289 non

423 2340 634 2399 errent,
665 2331 792 2399 quia
821 2339 1003 2384 tamen
1031 2328 1289 2386 Christus
1321 2338 1488 2400 caput
1514 2341 1599 2384 est
1627 2328 1875 2398 corporis
1897 2326 2000 2381 Ec-

424 2422 633 2485 clesiae,
665 2422 965 2477 secundum
1014 2422 1259 2477 divinum
1307 2421 1665 2493 Apostolum,
1713 2435 1805 2489 per
1863 2419 2006 2491 quod

424 2516 670 2567 membra
701 2513 884 2567 omnia
928 2514 1264 2577 animantur,
1289 2522 1342 2567 et
1392 2515 1788 2566 incrementum
1838 2507 2006 2575 spiri-

423 2605 568 2657 tuale
606 2602 900 2673 recipiunt:
936 2604 990 2657 hi
1027 2615 1211 2658 autem
1255 2606 1505 2658 membra
1536 2612 1664 2657 sunt
1701 2618 1730 2656 a
1761 2602 2009 2672 corporis

426 2710 685 2766 compage
715 2696 964 2765 abrupta,
997 2695 1237 2766 Spiritus
1263 2696 1436 2751 sancti
1480 2694 1710 2765 gratiam
1740 2710 1850 2749 non
1884 2709 2001 2748 am-

427 2787 574 2857 plius
602 2788 657 2840 in
681 2788 748 2841 iis
780 2797 1189 2857 permanentem
1222 2788 1448 2843 habent.
1481 2789 1634 2854 Quod
1686 2790 1851 2858 igitur
1907 2786 2005 2857 ipsi

428 2894 538 2932 non
572 2878 794 2943 habent,
833 2880 1110 2948 quomodo
1147 2881 1269 2937 aliis
1318 2880 1588 2950 impertiri
1622 2879 1875 2949 possunt?
1909 2879 2005 2934 scd

427 2977 633 3034 tamen,
674 2971 1138 3041 quandoquidem.
1181 2974 1355 3043 inquit
1408 2974 1500 3029 hic
1530 2990 1764 3045 magnus
1821 2974 2002 3040 Pater,

2108 1874 2278 1941 ἔδοξε,
2347 1876 2508 1948 φησι,
2569 1877 2685 1940 τοίς
2733 1881 2864 1947 περὶ
2923 1877 3270 1947 Κυπριανδν,
3346 1878 3444 1931 καὶ
3487 1879 3695 1950 damn»

2106 1968 2288 2022 λιανὸν
2315 1968 2405 2022 τὸν
2447 1969 2738 2041 ἡμέτερον,
2786 1971 2998 2034 πάντας
3051 1968 3535 2033 ἀνασαπτίζεσθαι.
3580 1971 3660 2036 Εξς

2109 2063 2217 2132 γὰρ
2247 2062 2350 2134 τὴν
2389 2063 2741 2137 Καρχηδόνα,
2770 2057 2839 2137 ἦς
2871 2064 3173 2129 ἐπίσκοπος
3193 2066 3222 2118 ὁ
3259 2065 3436 2134 μέγας
3470 2067 3662 2135 Κυπρι-

2108 2154 2236 2217 ανὸς
2299 2149 2409 2225 ἦν,
2482 2154 2703 2219 σύνοδος
2765 2155 3028 2226 Πατὲριυν
3092 2156 3431 2228 ἀρχαιοτέρα
3492 2156 3661 2209 πασῶν

2108 2249 2386 2319 ἢθροιστο,
2420 2245 2503 2312 οἷς
2550 2248 2746 2321 ἤρεσεν
2782 2251 2847 2305 ὲκ
2878 2250 3067 2320 κοινῆς
3113 2251 3297 2322 ψήφου
3341 2250 3545 2315 πάντας
3590 2252 3662 2305 al-

2113 2342 2361 2412 ρετικούς
2408 2360 2467 2396 τε
2501 2343 2598 2396 καὶ
2649 2345 3052 2415 σχισματικοὺς
3102 2345 3429 2414 προσιόντας
3458 2349 3522 2414 τῇ
3554 2344 3664 2397 Ἐκ-

2108 2434 2308 2504 κλησίᾳ
2335 2434 2716 2505 βαπτίζεσθαι.
2749 2436 3160 2504 Συνελογίζοντο
3194 2436 3306 2505 γὰρ
3350 2435 3543 2489 οὑτωσί
3564 2451 3577 2466 ’
3606 2435 3660 2488 Εί

2111 2528 2205 2580 καὶ
2260 2528 2337 2597 μὴ
2387 2530 2515 2599 περὶ
2557 2529 2807 2599 δόγματα
2849 2529 2899 2583 οἱ
2939 2529 3293 2601 σχισματικοὶ
3344 2527 3659 2596 σφάλλοιντο,

2109 2616 2225 2674 ἀλλ’
2272 2620 2397 2673 ἐπεί
2429 2621 2510 2674 τοί
2541 2637 2606 2688 γε
2644 2620 2857 2691 κεφαλὴ
2897 2620 2992 2677 τοῦ
3022 2621 3279 2689 σώματος
3325 2619 3429 2688 τῆς
3455 2619 3661 2690 Ἐκκλη-

2112 2710 2233 2775 σίας
2259 2712 2288 2763 ό
2317 2711 2554 2782 Χριστός
2585 2712 2722 2775 ἔστι,
2752 2712 2895 2765 κατὰ
2937 2711 3029 2765 τὸν
3064 2710 3211 2765 οεϊον
3246 2712 3586 2776 Ἀπόστολον,
3608 2708 3659 2773 ἐξ

2108 2798 2169 2858 οὗ
2198 2804 2267 2857 τὰ
2303 2804 2442 2873 μέλη
2493 2802 2674 2858 πάντα
2715 2804 2972 2869 ζωοῦται,
3008 2804 3101 2857 καὶ
3151 2805 3252 2873 τὴν
3300 2802 3658 2874 πνευματικὴν

2109 2896 2339 2968 αῠξησιν
2370 2895 2610 2966 δέχεται,
2642 2889 2791 2950 οὗτοι
2821 2896 2878 2949 δὲ
2919 2897 3022 2968 τῆς
3058 2897 3328 2967 ἁρμονίας
3359 2897 3467 2951 τῶν
3502 2895 3659 2965 μελῶν

2108 2987 2202 3042 τοῦ
2249 2986 2501 3058 σώματος
2553 2988 2976 3059 ἀπερράγησαν,
3010 2988 3197 3041 οὐκέτι
3252 2986 3659 3058 παραμένουσαν

423 3061 603 3115 visum
636 3071 722 3117 est
755 3063 1030 3119 nonnullis
1064 3064 1322 3119 Asiaticis
1360 3064 1615 3136 prudenti
1646 3065 1876 3121 consilio
1899 3066 2004 3121 Ca-

2111 3081 2299 3146 αύτοῖς
2346 3079 2534 3151 ἔχουσι
2562 3080 2662 3153 τὴν
2691 3084 2852 3153 χάριν
2898 3079 2996 3137 τοῦ
3045 3081 3202 3150 ἁγίου
3251 3081 3594 3151 Πνεύματος·
3633 3077 3661 3131 ὃ

425 3157 709 3209 tharorum
754 3154 1084 3226 baptismum
1144 3158 1555 3228 suscipiendum
1604 3174 1747 3225 esse,
1833 3162 2004 3215 susci-

2111 3174 2291 3227 τοίνυν
2329 3175 2434 3226 οὐκ
2480 3173 2688 3245 ἔχουσι,
2718 3175 2834 3237 πῶς
2866 3175 2933 3229 ἂν
2988 3176 3100 3237 τοῖς
3129 3174 3310 3236 ἄλλοις
3367 3173 3658 3244 μεταδοῖενς

425 3244 629 3315 piatur.

1002 3504 1075 3557 De
1115 3503 1425 3559 Encratitis.

498 3595 900 3650 Encratitarum
924 3605 1103 3651 autem
1122 3595 1476 3667 [baptismum
1505 3600 1808 3671 admittere]
1833 3603 2009 3655 neuti-

429 3701 591 3756 quam
629 3686 812 3740 liccat.
851 3687 1050 3741 Eorum
1109 3697 1313 3742 autem
1362 3688 1586 3743 haeresis
1625 3690 1817 3743 eadem
1852 3692 2009 3759 plane

428 3789 512 3830 est
539 3792 662 3830 cum
696 3776 891 3832 hzercsi
933 3778 1429 3843 Marcionistarum,
1472 3795 1539 3833 ex
1593 3780 1780 3834 cadam
1823 3781 2008 3850 utique

428 3868 858 3937 germinascens.
924 3869 1141 3925 Etenim
1191 3864 1250 3941 Β
1314 3882 1371 3925 et
1414 3872 1469 3925 lii
1523 3873 1745 3941 nuptias
1787 3874 2006 3928 abomi-

440 3970 665 4027 nantur,
696 3976 897 4031 easque
953 3962 1236 4018 Satanicas
1275 3964 1590 4033 appellant;
1623 3967 1812 4021 vinum
1876 3967 2007 4035 reji-

428 4051 607 4113 ciunt,
654 4053 1018 4107 animatorunt
1061 4069 1214 4108 esum
1261 4056 1584 4125 prohibent,
1619 4067 1675 4110 et
1724 4056 1816 4111 Dei
1857 4075 2008 4113 crea-

431 4152 606 4197 turam
662 4141 927 4212 pollutam
974 4159 1093 4199 esse
1140 4144 1441 4201 delirantes
1491 4155 1770 4201 asserunt.
1815 4148 2006 4218 Neque

425 4235 610 4292 dicant
664 4238 890 4306 quodin
951 4238 1174 4293 nomine
1205 4237 1384 4292 Patris
1428 4247 1482 4292 et
1532 4236 1652 4292 Filii
1683 4248 1739 4292 et
1771 4240 2007 4310 Spiritus

428 4327 602 4381 sancti
648 4327 1019 4396 baptizantur,
1052 4329 1145 4398 qui
1195 4344 1319 4382 cum
1360 4327 1635 4384 Marciane
1693 4331 1859 4385 Deum
1895 4347 2010 4385 ma-

429 4416 604 4470 lorum
655 4428 933 4473 auctorem
967 4434 1091 4474 esse
1134 4419 1426 4475 alﬁrmant.
1458 4420 1532 4477 Nc
1579 4432 1760 4478 autem
1803 4427 1873 4479 ob
1925 4427 2012 4480 ni-

2068 3345 2075 3348 ,
2109 3261 2224 3316 ἀλλ’
2264 3262 2437 3331 ὅμως,
2468 3264 2635 3332 φησὶν
2669 3265 2697 3317 ὁ
2749 3264 2922 3334 μέγας
2965 3257 3121 3327 οὗτος
3151 3263 3368 3335 Πατὴρ,
3415 3265 3531 3318 ἐπεί
3564 3277 3660 3315 τισι

2107 3354 2218 3405 τῶν
2253 3356 2397 3407 κατὰ
2442 3356 2539 3424 τὴν
2563 3354 2751 3408 Ἀσίαν
2797 3355 2944 3419 ἔδοξε
2978 3353 3048 3409 δι’
3101 3357 3423 3426 οίκονομίαν
3464 3356 3519 3409 τὸ
3564 3353 3657 3407 τῶν

2109 3442 2385 3515 Καθαρῶν
2419 3444 2706 3515 βάπτισμα
2739 3445 3014 3515 δέχεσθαι,
3040 3445 3180 3500 ἔστω
3209 3446 3426 3500 δεκτόν.

2599 3538 2737 3605 Περὶ
2768 3537 3188 3607 Ἐγκρατιτῶν.

2182 3628 2253 3680 Τὸ
2280 3628 2390 3680 τῶν
2424 3628 2799 3698 Ἐγκρατιτῶν
2853 3633 3037 3699 μέντοι
3096 3631 3197 3683 ούκ
3224 3630 3356 3699 ἐξῆν
3380 3646 3394 3658 ο
3433 3630 3661 3699 Μαρκιω-

2111 3720 2307 3774 νιστῶν
2339 3721 2447 3789 γὰρ
2502 3722 2651 3773 ἐστιν
2704 3720 3025 3792 ἄντικρυςή
3061 3723 3185 3775 κατ’
3233 3722 3437 3786 αὐτοὺς
3475 3723 3659 3791 αἵρεσις

2111 3809 2421 3881 βλάστημα.
2475 3811 2611 3864 Κατ’
2642 3812 2886 3874 ἐκείνους
2929 3812 3039 3881 γὰρ
3072 3814 3168 3867 καὶ
3199 3808 3349 3868 οὗτοι
3388 3815 3477 3867 τὸν
3505 3814 3661 3882 γάμον

2112 3898 2516 3969 βδελύσσονται.
2553 3901 2646 3953 τοῦ
2679 3903 2895 3956 Σατανᾶ.
2930 3900 3070 3957 εἶναι
3116 3903 3278 3957 αὐτὸν
3308 3905 3662 3973 ἀποφαινόμε-

2110 4006 2190 4043 νοι
2225 4006 2238 4021 ο
2266 3990 2359 4044 τὸν
2405 3986 2551 4044 οἶνον
2603 3994 3065 4064 ἀποστρέφονται,
3116 3998 3217 4066 τὴν
3262 3995 3376 4049 τῶν
3427 3994 3659 4065 ἐμψύχων

2110 4082 2549 4155 ἀπαγορεύουσιν
2571 4084 2793 4156 ἐδωδὴν,
2826 4092 2921 4141 καὶ
2950 4089 3050 4158 τὴν
3084 4087 3264 4141 κτίσιν
3289 4088 3388 4143 τοῦ
3424 4087 3553 4142 Θεοῦ
3583 4102 3662 4155 με·

2114 4175 2425 4245 μιασμένην
2472 4172 2615 4230 εἶναι
2662 4176 2914 4249 ληροῦσι.
2968 4180 3063 4251 Μὴ
3110 4180 3216 4250 γὰρ
3246 4180 3571 4248 λεγέτωσαν,
3591 4178 3660 4231 ὅτι

2111 4266 2192 4329 είς
2226 4267 2468 4339 Πατέρα,
2506 4269 2601 4321 καὶ
2626 4269 2778 4332 Υίὸν,
2819 4274 2913 4324 καὶ
2945 4271 3103 4340 ἅγιον
3139 4271 3368 4341 Πνεῦμα
3394 4269 3660 4343 βαπτίζον·

2110 4376 2221 4423 ται,
2260 4360 2313 4412 οἵ
2338 4377 2402 4428 γε
2438 4362 2623 4415 κακῶν
2662 4364 2892 4435 ποιητὴν
2927 4364 3018 4417 τὶν
3060 4365 3193 4418 Θεὸν
3237 4361 3383 4419 εἶναι
3412 4366 3659 4433 λέγουσιν,

2040 4456 2087 4513 D
2113 4451 2428 4523 ἐφαμίλλως
2478 4454 2555 4525 τῷ
2604 4455 2912 4525 Μαρκίωνι.
2949 4457 3093 4512 Ἀλλ’
3134 4457 3222 4510 ῐνα
3258 4456 3335 4528 μὴ
3387 4456 3483 4523 τῆς
3522 4458 3661 4523 imp-.-

431 4510 598 4563 mium
646 4509 882 4581 rigorem
932 4512 1220 4582 segniores
1252 4527 1348 4567 eos
1400 4513 1469 4567 ad
1520 4518 1894 4572 accedendum
1937 4520 2004 4574 ad

2114 4509 2267 4605 δέξας
2304 4509 2552 4616 ὲχόμενοι
2585 4509 2980 4618 ὀκνηροτέρους
3017 4548 3215 4612 αὐτοὺς
3245 4509 3566 4620 ποίησαίμεν
3592 4509 3661 4604 ἓις

431 4601 731 4656 Ecclesiam
796 4602 1124 4657 catholicam
1201 4604 1514 4672 reddamus,
1583 4609 2006 4676 consuetudine,

316 4693 332 4751 ,ί
429 4690 627 4761 inquit,
658 4692 922 4748 utendum
972 4703 1077 4763 est,
1104 4702 1161 4748 et
1205 4697 1358 4767 sequi
1408 4706 1627 4768 oportet
1679 4700 2007 4772 l’atres,qui

430 4796 520 4838 res
580 4795 796 4840 nostras
822 4785 1301 4841 administrarunt.
1350 4788 1554 4855 Quare,
1594 4790 1670 4844 uti
1731 4790 1798 4844 iis
1830 4793 2008 4847 visum

430 4887 539 4938 est.
561 4892 717 4935 sacro
785 4880 905 4936 oleo
933 4881 1141 4937 inuueti
1187 4893 1661 4938 sacramentorum
1711 4886 2008 4956 participes

429 4966 557 5020 sint.

911 5081 987 5136 De
1029 5084 1521 5154 llydroparastatis.

498 5170 837 5226 Suntautetn
893 5173 1368 5246 Hydmparastatte
1408 5180 1580 5249 quiin
1629 5182 1768 5237 sacri
1820 5186 2005 5243 calicis

427 5263 900 5319 administratione
951 5282 1145 5334 aquam
1201 5272 1466 5326 duntaxat
1517 5273 2003 5340 offerunt,rinu:n

426 5371 547 5409 cum
583 5371 646 5410 ea
677 5355 912 5411 miscere
969 5374 1314 5431 nequaquam
1345 5365 1750 5435 permittentes.
1783 5368 1927 5434 Quin
1954 5381 2007 5424 et

426 5446 702 5515 legitimas
747 5447 972 5517 nuptias
1045 5467 1074 5505 a
1139 5452 1500 5511 fornicatione
1576 5458 1711 5513 nihil
1782 5454 2003 5515 dill‘erre

424 5538 763 5593 existimant.
792 5537 988 5595 I‘Iadcm
1039 5544 1202 5597 etiam
1241 5561 1383 5601 sun
1419 5548 1663 5621 ejusdem
1698 5566 1872 5607 canon
1904 5553 2000 5607 dc-

427 5626 621 5681 :ernit.
652 5626 843 5694 Quane
879 5632 948 5685 de
981 5629 1461 5704 liydroparastatis
1498 5650 1553 5697 et
1609 5641 1886 5698 Armeniis
1947 5644 1999 5698 in

432 5737 526 5779 vnt
563 5737 682 5792 cap.
718 5724 778 5778 lit
816 5724 881 5779 Κ.

2111 4637 2173 4689 τὸ
2225 4640 2509 4711 προσιέναι
2567 4642 2632 4711 τῇ
2692 4640 2955 4713 καθολικῇ
3016 4641 3338 4714 Ἐκκλησία,
3399 4643 3658 4713 χρηστέον,

2113 4730 2269 4800 φησὶ,
2306 4731 2384 4801 τῷ
2424 4731 2558 4795 ἔθει,
2590 4733 2685 4785 καὶ
2714 4733 2826 4795 τοῖς
2853 4732 2923 4783 τὰ
2952 4732 3073 4787 καθ’
3098 4734 3246 4803 ἡμᾶς
3290 4735 3659 4804 οίκονομησασι

2113 4822 2393 4893 Πατράσιν
2419 4823 2838 4893 ἀκολουθητέον,
2868 4826 2962 4877 καὶ
2989 4824 3064 4888 ὡς
3089 4824 3317 4888 ἐκείνοις
3342 4824 3507 4889 δοκεῖ,
3531 4820 3661 4893 χριό-

2115 4930 2271 4982 μενοι
2299 4913 2378 4984 τῷ
2418 4914 2558 4984 ἁγίῳ
2597 4912 2778 4986 μύρῳ,
2810 4913 2956 4968 οὕτω
2984 4915 3095 4969 τῶν
3123 4916 3485 4988 ἀγιασμάτων
3514 4929 3660 4985 μετα-

2112 5004 2566 5072 λαμϐανέτωσαν.

2509 5100 2650 5169 Περί
2684 5102 2699 5118 ⁸
2712 5099 3286 5171 Υδροπιιραστατῶν.

2191 5190 2704 5261 ’Υδροπαραστὰται
2761 5195 2807 5249 δ’
2852 5197 2991 5249 είσὶν
3020 5197 3070 5250 οἱ
3121 5196 3285 5263 μόνον
3330 5196 3471 5270 ὕδωρ
3518 5196 3570 5247 ἓν
3596 5194 3654 5261 τῇ

2111 5283 2399 5355 ἱερουργίᾳ
2434 5284 2531 5338 τοῦ
2575 5287 2732 5354 ἁγίου
2767 5288 3171 5360 προσφέροντες
3222 5291 3500 5361 ποτηρίου,
3531 5284 3655 5341 οἶνον

2109 5373 2166 5425 δὲ
2198 5375 2370 5445 τούτῳ
2418 5378 2674 5445 μιγνύναι
2710 5379 2784 5450 μὴ
2831 5381 3172 5451 ἀνεχόμενοι,
3200 5383 3295 5437 καὶ
3333 5385 3425 5435 τὸν
3452 5382 3652 5450 ἔννομον

2109 5465 2287 5535 γάμον
2338 5468 2507 5537 μηδὲν
2561 5469 2926 5541 διενηνοχέναι
2976 5473 3231 5545 πορνείας
3274 5475 3528 5545 οίόμενοι.
3581 5469 3651 5524 Τὰ

2110 5557 2253 5612 αὐτὰ
2295 5560 2386 5611 καὶ
2407 5561 2437 5612 ὁ
2472 5560 2558 5631 μζ⁰
2592 5562 2773 5616 κανὼν
2807 5566 2900 5616 τοῦ
2951 5566 3117 5620 αὑτοῦ
3170 5566 3481 5638 διορίζεται,
3510 5566 3652 5634 Ζήτει

2110 5654 2238 5723 περὶ
2304 5653 2832 5725 Ὑδροπαραστατῶν
2892 5658 2988 5711 καὶ
3038 5658 3346 5731 ’Δρμενίων
3400 5662 3456 5712 ἐν
3499 5656 3569 5727 τῷ
3605 5659 3648 5723 η’

2110 5763 2237 5812 κεφ.
2270 5746 2361 5800 τοῦ
2395 5749 2441 5801 Κ
2476 5750 2762 5819 στοιχείου.
