3880 6576
172 470 282 544 1033

1034 442 1478 563 sYNTAcMA
1512 461 2135 534 ALPHAuErtcuu.
2175 494 2243 506 -—
2290 467 2359 527 Α.

3222 460 3244 528 l
3257 469 3321 527 9?.
3334 466 3360 529 ι

228 589 364 644 Ἀλλὰ
403 587 506 655 γὰρ
549 587 640 640 καὶ
671 587 697 639 ὀ
752 586 796 649 ζ’
826 585 1005 640 κανὼν
1057 580 1156 656 τῆς
1210 568 1594 656 οίκουμενικῆς
1638 583 1672 652 β

1863 581 2033 635 Porro
2093 593 2292 634 canon.
2322 579 2351 630 7
2396 591 2515 649 syn.
2559 590 2595 631 ιι
2628 591 2903 633 oecumen.
2940 577 3087 634 clare
3116 578 3364 635 decernit

165 682 360 744 σονζδου,
387 680 530 742 ὅπως
561 679 669 750 χρὴ
697 680 948 749 δέχεσθαι
997 681 1122 740 τοὺς
1143 678 1213 744 ἐξ
1246 679 1514 748 αἱρέσεως
1554 680 1679 731 ἑπι-

163 772 443 842 στρέφοντάς
473 768 746 839 ἀριδὴλως
768 768 1070 836 νομοθετεῖ.
1100 769 1191 831 EE;
1218 768 1309 821 δύο
1343 769 1455 839 γὰρ
1478 768 1680 838 μοίρας

160 864 357 920 ἅπαντας
381 860 587 921 διελὼν,
620 861 747 918 τοὺς
808 859 905 927 μὲν
938 858 1097 929 μύρῳ
1129 857 1403 929 χρίεσθαι,
1442 859 1567 922 τοὺς
1621 858 1679 912 δὲ

158 946 573 1011 ἀνασαπτίζεσθαι
620 946 933 1019 διωρίσατο.
968 949 1282 1016 Ἀρειανοὺς
1314 951 1411 1016 μὲν
1447 948 1561 1012 οὖν,
1586 948 1680 1002 καὶ

158 1039 561 1101 Μακεδονιανοὺς,
582 1041 680 1091 καὶ
701 1038 1129 1105 Σαὸϐατιανοὺς,
1158 1042 1255 1095 καὶ
1276 1040 1675 1106 Ναυατιανοὺς,

158 1132 254 1194 τοὺς
280 1129 522 1197 λέγοντας
559 1131 789 1194 ἑαυτοὺς
822 1130 1262 1199 Καθαροὺς,’καὶ
1300 1125 1675 1201 Ἀριστεροὺς,

157 1222 232 1275 καὶ
276 1222 936 1295 Τεσσαρασκαιδεκατίτας
986 1224 1105 1295 ἦτοι
1161 1224 1536 1294 Τετραδίτας,
1584 1225 1679 1277 καὶ

165 1294 622 1380 Ἀπολλιναριστὰς,
650 1315 880 1384 ἐπείπερ
902 1313 1083 1384 ὲξίσης
1107 1314 1240 1385 ἡμῖν
1260 1313 1337 1384 τῷ
1358 1313 1486 1384 θείῳ
1514 1312 1682 1366 τελει-

154 1405 301 1459 οῦνται
320 1404 674 1474 βαπτίσματι,
695 1406 795 1457 οὒκ
816 1405 989 1458 οἴεται
1005 1404 1117 1457 δεῖν
1138 1404 1362 1468 τούτους
1381 1405 1683 1458 ἀνασαπτίά

154 1497 259 1560 ζειν,
281 1496 425 1559 ἀλλὰ,
465 1497 604 1565 μετὰ
636 1497 725 1549 τὸν
759 1497 853 1564 τῆς
886 1498 1155 1566 σφετέρας
1185 1496 1450 1567 αἱρέσεως
1482 1495 1683 1564 ἔγγρα-

152 1602 226 1658 φον
256 1587 707 1659 ἁναθεμτιτισμδν,
756 1588 832 1655 τῷ
863 1589 1004 1658 ἁγίῳ
1039 1590 1216 1657 χρίειν
1261 1590 1416 1660 μύρῳ
1462 1586 1680 1642 κελεύει

148 1682 259 1734 τότε
288 1681 533 1749 μέτωπον
580 1679 782 1745 αὐτῶν,
818 1681 914 1735 καὶ
939 1682 1065 1745 τοὺς
1084 1680 1421 1752 ὀφθαλμοὺς,
1448 1682 1547 1734 καὶ
1579 1681 1681 1744 τὰς

152 1774 288 1845 ῥίνας,
314 1773 371 1825 τὸ
396 1773 575 1839 στόμα
618 1788 703 1835 τε,
733 1772 827 1824 καὶ
862 1772 933 1824 τὰ
969 1766 1105 1836 ὦτα,
1144 1776 1238 1826 καὶ
1270 1773 1680 1844 σφραγίζοντας

147 1864 289 1933 λέγειν
305 1879 319 1896 ·
348 1864 600 1935 Σφραγὶς
631 1865 841 1932 δωρεᾶς
862 1863 1184 1935 Πνεύματος
1205 1864 1389 1933 ἁγίου.

181 1966 195 1978 ’
597 1975 733 2043 Περὶ
758 1976 1172 2043 Εὐνομιανῶν.

200 2068 542 2137 Εὖνομιανούς
574 2085 636 2137 γε
687 2068 816 2137 μὴν,
848 2071 974 2132 τοὺς
1017 2069 1097 2133 εἰς
1146 2069 1443 2124 κατάδυσιν
1474 2070 1678 2138 βαπτι-

147 2160 365 2229 ζομένους
404 2162 555 2230 μίαν,
590 2160 684 2215 καὶ
718 2162 1120 2225 Μοντανιστὰς,
1146 2165 1273 2225 τοὺς
1303 2163 1680 2234 καλουμένους

143 2254 340 2324 Φρύγας,
394 2256 488 2309 καὶ
542 2236 958 2320 Σαϐελλιανοῦς,
1011 2256 1139 2320 τοὺς
1174 2252 1530 2322 διδάσκοντας
1580 2257 1679 2328 τὴν

145 2348 445 2418 υίοτιατρίαν,
498 2352 595 2404 καὶ
650 2351 779 2413 τοὺς
838 2350 1267 2421 παραπλησίους
1318 2350 1553 2416 τούτοις,
1604 2353 1680 2414 ὡς

141 2441 259 2494 οὐδὲν
283 2442 507 2511 ἄμεινον
551 2441 661 2496 τῶν
702 2440 1056 2496 ἀϐαπτίστων
1106 2443 1375 2515 Ἑλλήνων
1420 2444 1679 2516 ἀληθείας

141 2533 429 2602 δικαζυύσης
479 2534 886 2605 διακειμένους,
922 2537 988 2606 τῇ
1037 2534 1299 2607 καθολικῇ
1350 2537 1680 2606 προσιόντας

149 2623 431 2696 Ἐκκλησία,
464 2627 625 2690 εὐθὺς
657 2626 872 2679 κελεύει
901 2625 1265 2696 βαπτίζεσθαι
1290 2641 1305 2656 ⁶
1340 2627 1373 2698 ἢ
1404 2629 1512 2698 γὰρ
1541 2628 1679 2691 ὅλως

140 2717 217 2769 οὐκ
243 2718 623 2782 ἐϐαπτίσαντο,
656 2718 689 2789 ἢ
724 2718 819 2771 καὶ
854 2718 1256 2788 βαπτισάμενοι
1282 2719 1344 2771 ού
1376 2718 1523 2771 κατὰ
1550 2720 1678 2781 τοὺς

141 2808 343 2879 θεσμοὺς
374 2812 472 2882 τῆς
520 2812 630 2865 τῶν
661 2811 956 2883 ὀρδοδόξων
1001 2810 1337 2880 Ἐκκλησίας
1375 2812 1679 2882 ἐνεσημάν-

141 2898 281 2970 θησαν
298 2920 313 2935 ο
334 2904 505 2975 ταύτῃ
527 2921 612 2958 τοι
644 2904 738 2957 καὶ
761 2902 1063 2974 ἀφώτιστοι
1093 2905 1206 2967 τοῖς
1231 2902 1402 2966 θείοις
1431 2903 1679 2975 Πατράσι

139 2988 427 3062 λογίζονται.

615 3109 756 3179 Περὶ
805 3108 1147 3179 Ἀρειανῶν.

200 3202 450 3273 ’Δρειανοὶ
485 3201 584 3274 μὲν
612 3198 702 3256 οῦν
734 3206 871 3257 εἰσιν
905 3205 954 3256 οί
980 3204 1048 3256 τὰ
1076 3202 1291 3274 Ἀρείου
1325 3204 1672 3278 φρονοῦντεὲν

1682 3176 1713 3185 ς

1784 670 2057 740 quomodo
2115 684 2210 725 eos
2258 670 2351 739 qui
2399 685 2463 724 ex
2522 668 2715 724 haeresi
2770 678 3144 734 revertuntur,
3171 672 3366 727 admit-

1786 771 1902 817 tere
1962 771 2231 832 oporteat.
2263 763 2481 817 Etenim
2537 763 2827 818 haereticos
2881 779 3074 817 omnes
3132 764 3187 819 in
3248 767 3361 820 duo

1784 868 1982 925 genera
2056 853 2423 924 distinguens.
2479 854 2615 908 alios
2658 850 2780 908 oleo
2842 855 3050 926 inungi,
3079 857 3213 912 alios
3268 875 3364 912 au.

1784 953 1893 1000 tem
1992 946 2315 1015 rebaptizari
2407 947 2670 1000 deﬁnivit.
2736 947 2969 1002 Arianos
3049 951 3234 1020 itaque
3305 964 3365 1007 et

1781 1032 2221 1101 Macedonianos,
2257 1045 2311 1090 et
2355 1033 2738 1101 Sabhatianos,
2795 1050 2849 1092 et
2881 1038 3214 1095 Novatianos
3264 1040 3359 1111 qui

1783 1143 1923 1194 sese,
1951 1127 2002 1181 bi
2032 1128 2319 1189 Catharos,
2358 1127 2430 1181 iili
2463 1127 2729 1184 Sinistros
2775 1131 3081 1195 nominant,
3113 1142 3169 1186 et
3195 1133 3363 1199 Quar-

1785 1224 2176 1277 tadecumanos
2240 1221 2357 1276 sive
2394 1221 2746 1287 Quartanos,
2814 1232 2869 1277 et
2922 1224 3359 1294 Apollinaristas,

1783 1313 2044 1384 quoniam
2114 1327 2183 1367 ex
2244 1326 2404 1382 aequo
2468 1314 2755 1368 nobiscum
2823 1320 2980 1369 sacro
3032 1316 3363 1385 baptismate

1784 1406 2165 1477 perﬁciuntur,
2201 1406 2382 1460 denuo
2429 1407 2712 1477 baptizare
2764 1409 3084 1476 neutiquam
3138 1424 3361 1464 necesse

1783 1497 2083 1564 existimat,
2135 1513 2328 1552 verum
2374 1513 2492 1561 eos,
2556 1510 2840 1569 postquam
2885 1494 3093 1570 scripto
3141 1516 3362 1556 omnem

1785 1605 1939 1644 suam
2009 1588 2261 1646 haeresim
2337 1592 2947 1658 auathematiza'verint,
3015 1608 3173 1648 sacro
3241 1592 3365 1649 oleo

1784 1678 2049 1751 inungere
2093 1681 2268 1750 jubet,
2298 1681 2535 1737 frontem
2569 1692 2626 1736 et
2667 1684 2856 1739 oculos
2913 1692 2970 1738 et
2999 1698 3162 1739 nares
3218 1692 3275 1740 et
3303 1701 3364 1741 os

1783 1783 1839 1826 et
1889 1787 2071 1839 aures,
2127 1781 2185 1827 et
2216 1772 2498 1840 signantes
2551 1774 2782 1839 dicere:
2828 1776 3199 1848 Stgnaculum'
3234 1777 3364 1833 doni

1784 1862 2021 1936 Spiritus
2090 1865 2287 1921 sancti.
3437 1864 3443 1869 ’

2310 1978 2386 2032 De
2449 1979 2822 2038 Eunomiam's.

1852 2069 2226 2125 Eunomianos
2275 2087 2426 2138 vero,
2488 2074 2581 2144 qui
2649 2090 2755 2130 una
2786 2077 3130 2134 demersioue
3186 2078 3367 2149 baptin-

1782 2170 1997 2227 zantur,
2045 2173 2100 2216 et
2142 2162 2522 2230 Montanistas,
2582 2161 2770 2237 qul'ct
2801 2169 3042 2241 Phryges
3082 2171 3364 2234 dicuntur.

1780 2266 1836 2311 et
1887 2250 2225 2314 Sabcltianos
2278 2261 2369 2331 qui
2420 2260 2636 2316 Patrem
2685 2262 2829 2319 idem
2871 2280 2991 2320 esse
3049 2284 3174 2323 cum
3227 2266 3367 2325 Filio

1781 2346 2002 2417 docent,
2066 2350 2240 2422 iisque
2295 2353 2633 2419 consimiles,
2679 2364 2736 2410 ut
2787 2356 2876 2426 qui
2946 2356 3117 2414 nihilo
3174 2363 3366 2417 melius

1780 2456 1987 2523 quaur
2041 2444 2239 2516 pagani
2309 2463 2420 2500 non
2514 2448 2796 2518 baptizati,
2859 2452 3086 2506 veritate
3156 2452 3362 2523 judice.

1781 2520 1987 2584 allecti
2030 2533 2162 2596 sint,
2225 2534 2290 2588 ad
2356 2532 2651 2590 Ecclesiam
2689 2538 3012 2594 catholicam
3044 2542 3368 2599 accedentes

1781 2621 1967 2672 statim
2042 2621 2303 2689 baptizari
2373 2625 2547 2693 jubet.
2602 2625 2698 2681 Vel
2757 2629 2901 2682 enim
2958 2646 3069 2686 non
3142 2635 3367 2688 omnino

1780 2711 2041 2781 baptizati
2091 2724 2269 2781 erant;
2309 2717 2391 2770 vel
2451 2717 2493 2771 si
2553 2719 2815 2789 baptizati
2880 2720 3113 2788 fuerant,
3165 2739 3367 2780 secuna

1780 2804 1909 2858 dum
1969 2806 2230 2887 Ecclesiae
2302 2811 2621 2868 orthodoxae
2685 2815 3108 2873 constitutiones
3149 2808 3257 2874 non
3291 2821 3367 2875 si-

1778 2897 2107 2977 gnabantur;
2160 2908 2214 2955 et
2290 2903 2361 2955 ob
2399 2919 2516 2957 eam
2583 2906 2850 2961 rationem
2918 2924 2946 2963 a
3007 2911 3213 2966 sanctis
3263 2909 3367 2969 Pa-

1784 2990 1953 3045 tribus
2006 3008 2102 3061 pro
2165 3008 2274 3047 non
2340 2994 2662 3051 illuminatis
2723 2998 2896 3054 habiti
2953 3009 3106 3056 sunt.

2391 3108 2466 3163 De
2516 3111 2755 3168 Arianis.

1852 3196 1991 3251 Sunt
2070 3207 2251 3255 autem
2320 3201 2505 3257 Ariani
2561 3204 2652 3273 qui
2719 3220 2843 3260 cum
2917 3190 3050 3262 Ario
3093 3184 3379 3275 sentiunt;

138 3292 184 3355 ὃς
203 3296 558 3369 πρεσϐύτερος
584 3293 659 3348 ὢν
689 3295 788 3361 τῆς
834 3294 954 3349 κατ’
990 3294 1404 3365 Ἀλεξάνδρειαν
1434 3290 1670 3367 Ἐκκλη-

1782 3284 2029 3343 Ενοιρείιυ
2091 3291 2474 3369 Alexandrinae
2538 3297 2877 3367 presbytero,
2927 3301 3020 3370 qui
3101 3302 3199 3356 Dt-i
3273 3299 3365 3358 Fl-

138 3386 249 3452 sing,
294 3387 380 3440 τὸν
412 3387 534 3441 Υίόν
566 3389 661 3440 τοῦ
698 3387 834 3440 Θεοῦ
866 3388 961 3440 καὶ
1008 3387 1067 3439 τὸ
1109 3387 1263 3447 ἅγιον
1296 3389 1526 3458 Πνεῦμα
1558 3391 1671 3442 ἑτε-

138 3478 295 3543 ρούσια
319 3477 393 3550 τῷ
438 3479 618 3550 Πατρὶ
649 3480 745 3532 καὶ
794 3479 1074 3547 κτίσματα
1105 3481 1131 3532 ὁ
1160 3479 1390 3550 βέϐηλος
1430 3476 1669 3550 ἐδογμὰο

135 3566 244 3633 τιζε,

293 3686 425 3754 Περὶ
460 3684 931 3740 Μακεδονιανῶν
959 3687 1059 3740 καὶ
1102 3685 1471 3755 ἸΙμιαρείων.

189 3776 566 3833 Μακεδονιανοὶ
599 3779 657 3832 δὲ
683 3780 732 3832 οἱ
765 3778 898 3847 περὶ
927 3778 1027 3846 μὲν
1049 3778 1144 3831 τοῦ
1174 3779 1304 3832 Υἱοῦ
1330 3781 1500 3849 ὑγιῶς
1530 3794 1668 3851 φρο-

134 3867 335 3937 νοῦντες,
360 3872 420 3926 τὸ
438 3872 496 3925 δὲ
524 3872 677 3939 ἅγιον
703 3870 927 3942 Πνεῦμα
948 3872 1169 3925 κτιστὸν
1190 3872 1663 3942 βλασφημοῦντες,

135 3961 209 4013 καὶ
229 3962 494 4033 ἀλλότριον
523 3964 624 4033 τῆς
667 3963 943 4033 θεότητος,
988 3964 1117 4035 παρ’
1151 3964 1185 4019 ὃ
1215 3965 1312 4019 καὶ¹
1352 3965 1667 4036 Ἦμιάρειοι

135 4054 388 4109 ἐκαλοῦντο
410 4072 425 4087 ·
451 4056 684 4126 ταυτησὶ
728 4056 786 4109 δὲ
815 4056 916 4124 τῆς
949 4056 1198 4125 κλήσεως
1223 4055 1319 4108 καὶ
1346 4055 1532 4126 -ὲτέρα
1557 4057 1667 4109 τῶν

133 4144 395 4213 ἐξαγίστων
441 4146 708 4217 αἱρέσεων
747 4146 939 4216 ἔτυχεν
962 4162 977 4177 ο
1004 4146 1054 4198 οἳ
1097 4147 1161 4215 δὴ
1191 4147 1283 4199 τὸν
1326 4145 1454 4198 Υίὸν
1483 4145 1578 4200 καὶ
1608 4146 1667 4198 τὸ

136 4234 325 4308 Πνεῦμα
349 4241 410 4294 τὸ
438 4238 617 4308 ἅγιον,
645 4237 768 4293 οὔτε
804 4238 1082 4307 κτίσματα
1103 4238 1178 4302 ὡς
1205 4240 1233 4291 ὁ
1269 4239 1507 4310 Ἄρειος,
1539 4237 1665 4291 οὔτε

134 4328 220 4399 μὴν
237 4331 486 4401 ὀμοούσια
517 4332 597 4403 τῷ
637 4332 810 4401 [largi
832 4329 1078 4395 δοξάζειν
1120 4329 1420 4400 ἠνείχοντο,
1450 4329 1586 4401 ξένῳ
1607 4331 1667 4385 δέ

130 4437 215 4475 τινι
242 4427 416 4497 τρόπῳ
455 4425 723 4495 δμοούσια
764 4424 844 4495 τῷ
873 4424 1080 4495 Πατρί’
1115 4424 1392 4478 ἐδεδίεσαν
1421 4425 1557 4495 γὰρ,
1587 4423 1663 4488 ὡς

131 4511 350 4584 ἔφασκον,
375 4516 453 4588 μὴ
478 4516 651 4581 πάθος
680 4516 816 4586 περὶ
848 4514 941 4569 τὸν
968 4514 1192 4587 Πατέρα
1224 4516 1315 4571 διὰ
1341 4515 1440 4586 τῆς
1472 4514 1666 4586 γεννή-

133 4620 242 4670 σεως
259 4610 509 4681 νομισθῇ.

645 4813 783 4880 Περὶ
817 4813 1113 4869 Ναϐάτου.

182 4898 408 4966 Ναδάτος
434 4902 495 4956 δὲ
546 4903 917 4975 πρεσϐύτερος
967 4901 1044 4954 ὢν
1095 4901 1193 4972 τῆς
1249 4901 1494 4967 παλαιᾶς
1530 4902 1670 4958 Ῥώ-

133 5006 231 5060 μης,
260 4996 352 5065 τῆς
398 4994 510 5048 τῶν
556 4994 867 5063 λεγομένων
905 4988 1178 5062 καθαρῶν
1212 4994 1480 5063 αἱρέσεως
1507 4990 1664 5065 ἦρξε,

132 5091 447 5158 σιισματικδς
469 5089 546 5143 ὢν
572 5090 800 5160 κυρίως,
828 5090 927 5158 οὐχ
957 5088 1270 5159 αίρετικός(
1300 5088 1360 5140 οὐ
1391 5088 1501 5160 γὰρ
1534 5088 1664 5160 περί

128 5194 165 5231 τι
185 5183 279 5236 τῶν
306 5184 484 5255 ὀρθῶν
511 5170 800 5252 δογμάτων
825 5185 936 5245 τοῖς
964 5183 1174 5245 πιστοῖς
1193 5180 1494 5249 διεφέρετο,
1526 5181 1666 5236 ἀλλὰ

127 5274 213 5336 τοῖς
238 5275 292 5328 ἐν
336 5276 416 5346 τῷ
448 5275 675 5347 διωγμῷ
711 5273 1025 5344 ὑποκύψασι
1061 5274 1153 5327 καὶ
1185 5273 1416 5327 θύσασιν
1456 5274 1666 5343 ἀπηγό-

129 5379 227 5430 ρευε
255 5368 347 5439 τὴν
379 5368 674 5440 μετάνοιαν
697 5385 712 5400 ⁸
742 5370 857 5431 τοῖς
898 5383 957 5420 τε
1005 5367 1260 5435 διγάμοις
1310 5368 1409 5419 οὐκ
1443 5366 1664 5419 ἐκοινώο

127 5472 220 5509 νει·
249 5460 361 5515 ἀνθ’
400 5455 499 5527 ὧν,
534 5463 583 5513 εί
629 5459 725 5513 καὶ
755 5460 829 5529 μὴ
862 5460 988 5529 περὶ
1032 5459 1132 5527 τὴν
1161 5459 1362 5526 ,πίστιν
1402 5457 1655 5527 ἔσφαλτο,

120 5545 192 5603 διὰ
234 5553 407 5621 μέντοι
455 5554 520 5608 τὸ
564 5553 893 5623 ἀσυμπαθὲς
943 5551 1108 5605 αὐτοῦ
1160 5551 1253 5603 καὶ
1306 5550 1656 5620 μισάδελφον,

120 5644 311 5698 συνόδου
366 5648 671 5718 γενομένης
725 5648 789 5699 ἐν’
822 5645 1011 5715 Ῥώμῃ
1069 5644 1163 5696 ἐπὶ
1217 5643 1521 5712 Κορνηλίου
1565 5641 1658 5694 τοῦ

119 5734 317 5801 πάππα,
348 5740 538 5793 Δεκίου
583 5738 986 5810 βασιλεύοντος,
1027 5735 1314 5807 ἀπεϐλήθη
1350 5737 1444 5788 καὶ
1473 5733 1662 5788 ἀνεθε-

120 5827 352 5901 ματίσθη,
379 5832 453 5897 ὡς
483 5836 510 5886 ὁ
540 5832 635 5887 τοῦ
680 5831 971 5902 Παμφίλου
999 5831 1257 5894 Εὐσέϐιος
1289 5832 1513 5897 ἱστορεῖ.

406 6015 675 6079 Parnm“
727 6016 842 6077 Gn.
879 6013 1141 6077 CXLIV.

1779 3379 1909 3433 lium
1995 3388 2049 3435 ct
2107 3380 2369 3451 Spiritum
2448 3395 2696 3445 sanctum
2773 3387 3039 3443 diversam
3107 3406 3136 3443 a
3203 3392 3364 3448 Patro

1777 3458 2071 3524 essentiam
2103 3472 2323 3538 habere,
2350 3483 2404 3528 et
2432 3456 2713 3531 creaturas
2742 3493 2863 3533 esse
2893 3478 3120 3549 profane
3150 3481 3358 3537 docuit.

1888 3732 1893 3745 Ι
2016 3665 2092 3719 De
2152 3667 2547 3726 Macedonianis
2609 3682 2659 3727 et
2724 3673 3097 3735 Semiariam’s.

1845 3756 2218 3815 Macedoniani
2290 3780 2443 3831 vero,
2471 3765 2563 3836 qui
2627 3766 2696 3822 de
2751 3767 2890 3824 Fdio
2930 3772 3151 3840 quidem
3206 3785 3357 3833 recte

1776 3861 2086 3916 senserunt,
2119 3854 2382 3923 Spiritum
2410 3865 2593 3913 autem
2626 3868 2875 3914 sanctum
2904 3874 3207 3919 creaturam
3238 3881 3358 3920 esse

1776 3952 1832 3997 et
1883 3958 1915 3997 a
1977 3940 2267 4001 divinitate
2339 3948 2580 4004 alienum
2641 3951 2960 4021 blaspheme
3009 3957 3354 4012 asserebant:

1776 4036 1922 4089 unde
1979 4045 2035 4090 et
2098 4037 2417 4094 Semiariani
2447 4041 2577 4098 dicti
2610 4052 2759 4098 sunt.
2792 4042 2934 4108 Quin
2984 4056 3039 4099 et
3100 4048 3353 4101 eamdem

1772 4128 2193 4198 appellationem
2232 4134 2338 4187 alia
2365 4138 2537 4189 etiam
2603 4151 2668 4191 ex
2700 4136 2881 4206 impiis
2911 4138 3210 4194 haeresibus
3238 4155 3358 4195 sor-

1774 4223 1874 4277 tita
1931 4231 2035 4287 est,
2089 4238 2280 4279 eorum
2332 4241 2528 4297 nempe
2587 4229 2681 4296 qui
2732 4228 2930 4283 Filium
2967 4239 3022 4285 et
3083 4231 3348 4301 Spiritum

1775 4308 2067 4389 sanctum;
2102 4330 2211 4370 non
2265 4324 2546 4373 creaturas
2572 4336 2696 4374 cum
2748 4322 2898 4387 Ario,
2940 4338 3043 4378 nec
3109 4325 3352 4393 ejusdem

1773 4421 1897 4460 cum
1931 4406 2090 4462 Patre
2136 4410 2473 4476 substantiae,
2501 4413 2595 4467 sed
2626 4415 2913 4484 peregrino
2940 4417 3169 4484 quodam
3202 4406 3372 4472 more

1773 4501 1968 4556 similis
2000 4518 2123 4556 cum
2152 4504 2311 4559 Patre
2332 4505 2650 4560 substantia:
2682 4507 3015 4563 sentiebant.
3040 4507 3356 4564 Metuebant

1773 4591 1944 4659 enim,
1974 4593 2050 4646 uti
2103 4594 2378 4657 dicebant,
2408 4612 2487 4663 ‘ue
2517 4598 2870 4653 atl‘ectionem
2911 4600 3147 4670 aliquam
3201 4600 3350 4657 Patri

1773 4699 1874 4754 per
1918 4686 2327 4756 generationem
2377 4690 2446 4742 ab
2497 4690 2566 4745 iis
2616 4692 2845 4747 attribui
2898 4693 3022 4763 quis
3075 4703 3315 4764 putaret.

2392 4802 2471 4856 De
2520 4804 2728 4858 Novato

1839 4888 2080 4948 Novatus
2132 4904 2314 4951 autem
2347 4898 2545 4953 veteris
2576 4898 2760 4952 Romae
2784 4901 3085 4973 presbyter,
3117 4903 3348 4961 baeresin

1768 4998 1979 5047 eorum,
2013 4987 2106 5056 qui
2159 4987 2380 5043 Catbari
2422 4990 2697 5059 dicuntur,
2746 4984 2975 5048 exorsus
3028 5005 3131 5063 est;
3170 4998 3349 5054 schis-

1769 5078 2005 5132 maticus
2050 5078 2107 5149 9
2162 5081 2401 5150 proprie,
2436 5094 2546 5136 non
2603 5082 2896 5139 haereticus
2952 5101 2967 5140 :
3029 5082 3134 5140 non
3199 5089 3345 5143 enim

1767 5170 1910 5224 circa
1964 5171 2155 5242 dogma
2207 5173 2426 5243 aliquod
2473 5190 2501 5227 a
2545 5175 2798 5231 ﬁdelibus
2850 5178 3346 5247 dissentiebat,sed

1768 5261 1835 5317 iis
1890 5262 1985 5332 qui
2034 5265 2088 5317 in
2148 5267 2530 5333 persecutione
2577 5269 2715 5338 lapsi
2780 5281 2928 5335 sunt,
2959 5280 3014 5326 et
3072 5268 3350 5328 sacriﬁca-

1766 5368 1914 5421 runt,
1952 5360 2328 5428 paenitentiam
2382 5364 2636 5433 negabat.
2661 5374 2717 5419 et
2763 5366 2992 5436 digamis
3039 5383 3147 5422 non
3197 5384 3350 5423 com-

1768 5453 2100 5509 municabat.
2157 5453 2339 5519 Quare
2398 5456 2523 5511 licet
2576 5458 2721 5513 circa
2773 5458 2933 5513 tidem
3010 5474 3119 5513 non
3189 5474 3347 5515 erra-

1767 5544 1925 5608 verit,
1960 5554 2141 5599 tamen
2201 5555 2425 5616 propter
2476 5550 2990 5607 immisericordiam
3021 5562 3074 5606 et
3113 5552 3343 5607 fratrum

1763 5634 1972 5697 odium,
2010 5636 2214 5706 synodo
2265 5636 2451 5692 Romae
2495 5640 2677 5695 habita
2727 5641 2829 5696 sub
2871 5641 3128 5697 Cornelio
3182 5656 3342 5712 papa,

1765 5729 1929 5783 Decio
1974 5731 2298 5801 imperante,
2329 5734 2535 5804 ejectus
2574 5746 2689 5789 erat
2739 5746 2795 5790 et
2829 5736 3179 5791 anathemate
3223 5752 3347 5806 per.

1762 5831 1985 5889 cussus,‘
2037 5834 2095 5881 ut
2161 5824 2774 5899 Eusebiuml’amphili
2830 5829 2886 5882 in
2952 5827 3184 5884 historia
3245 5843 3343 5885 sua

1766 5921 1973 5969 narrat.

2867 6008 2942 6070 33
3303 6013 3328 6039 ’
