3902 6592
548 438 688 504 1οἐλ5
1733 435 2089 496 ΜΛΤΤΗιΕΙ

2194 431 2568 502 LASI‘ARIS
3645 430 3735 494 1036

1153 548 1233 603 De
1263 547 1624 602 Sabbatianis.
2157 554 2198 608 Δ

2157 554 2198 608 Α
2709 541 2848 610 Περὶ
2882 539 3319 596 Σαϐϐατιανῶν.

609 647 752 701 Sunt
788 651 973 698 autem
1009 638 1350 703 Sabbatiaui,
1400 641 1601 708 quibus
1665 638 1886 710 praefuit
1913 638 2122 693 Sabina-

2294 636 2660 692 Σασὸατιανοὶ
2701 635 2778 700 δὲ,
2819 628 2895 688 ὧν
2924 635 3172 703 ἡγήσατο
3213 629 3517 694 Scaeam;
3562 649 3634 694 τις
3657 651 3740 705 πρε.

543 740 652 792 tius
690 737 910 807 quidam
953 734 1255 805 presbyter,
1284 731 1536 786 eamdem
1565 731 1815 786 haeresim
1843 746 1968 786 cum
2017 730 2084 784 Nc

2225 727 2515 796 σὸύτερος,
2549 729 2647 795 τῆς
2679 725 2947 796 αἱρέσεως
2983 721 3084 791 μὲν
3123 721 3376 781 κάκεῖνος
3403 717 3480 771 ῶν
3505 717 3600 770 τοῦ
3621 717 3741 774 Ναϐά·

539 843 664 886 vato
697 803 992 900 professus,
1020 803 1128 882 nisi
1155 826 1298 896 quod
1327 826 1570 896 peiorum
1605 825 1789 879 studio
1821 833 2080 878 teneretul

2223 839 2340 885 του,
2378 823 2445 890 τῇ
2492 819 2548 871 δὲ
2579 817 2710 887 περὶ
2747 817 2819 870 τά
2850 816 3017 887 χείρω
3059 811 3345 882 φιλοτιμίᾳ
3392 814 3490 865 καὶ
3521 803 3743 877 ίουδαῑκῶς

539 934 590 977 et
621 937 770 975 inore
795 920 1019 990 judaico
1065 916 1368 971 Sabbatum
1401 913 1626 976 coleret,
1653 916 1706 967 in
1737 929 1803 969 eo
1848 913 2080 983 jejuniui

2226 912 2578 977 σαϐϐατίζειν
2604 912 2810 982 ᾑρεῖτο,
2843 909 3101 978 νηστείαν
3147 907 3206 958 ἐν
3245 904 3424 975 τούτῳ
3456 903 3664 974 μετιὼν,
3683 908 3743 959 καὶ

539 1029 827 1085 peragens;
849 1023 904 1066 et
933 1011 1036 1065 alia
1093 1023 1282 1064 eorum
1337 1008 1567 1062 aemulus
1601 1006 1828 1072 Iaceret,
1886 1005 2030 1060 sicut
2069 1021 2080 1054 ι

2222 1004 2392 1058 τᾶλλα
2445 1003 2848 1073 παραπλησίως
2883 1001 3139 1062 ἐκείνοις,
3164 997 3349 1062 καθὼς
3376 998 3444 1068 δὴ
3487 995 3584 1050 καὶ
3611 997 3652 1050 οι
3671 997 3743 1051 Λα-

539 1125 684 1164 uuuc
713 1103 976 1174 temporis
1000 1102 1200 1158 Latini.

1041 1102 1200 1158 latini.
2223 1100 2359 1152 τῖνοι
2394 1096 2582 1152 τανῦν.

1216 1196 1288 1249 De
1317 1194 1592 1250 Sinistris.
2752 1229 2757 1240 .

2752 1185 2892 1255 Περὶ
2940 1181 3306 1255 Ἀριστερῶν.

605 1291 772 1346 Iidem
807 1291 972 1346 etiam
996 1289 1216 1345 Sinistri
1255 1299 1536 1353 vocantur,
1566 1287 1710 1357 quod
1746 1300 1966 1340 manum
1994 1285 2129 1340 sini-

2298 1284 2363 1338 Οί
2384 1283 2542 1338 αὐτοὶ
2564 1283 2622 1337 δὲ
2652 1281 2948 1337 καλοῦνται
2965 1283 3064 1335 καὶ
3089 1278 3421 1350 Ἀριστεροὶ,
3439 1276 3522 1328 ὅτι
3548 1276 3643 1343 τὴν
3660 1277 3741 1344 ἀρι-

537 1396 704 1438 stram
729 1382 1142 1446 abominentur,
1174 1397 1278 1437 non
1303 1381 1529 1436 omnino
1548 1379 1668 1448 ausi
1706 1393 1803 1448 per
1823 1393 1944 1434 eam
1972 1379 2078 1448 qui:

2228 1377 2427 1447 στεράν
2458 1377 2566 1429 είσι
2618 1374 3031 1447 βδελυττόμενοι
3062 1373 3247 1442 χεῖρα,
3295 1369 3362 1424 δι’
3391 1368 3563 1438 αὐτῆς
3589 1369 3749 1438 προσίε-

537 1490 698 1543 quam
719 1473 1083 1545 prehendere.

2229 1474 2357 1526 σθαι
2387 1473 2447 1526 τὸ
2477 1471 2685 1526 οίονοῦν
2721 1471 2796 1541 μὴ
2824 1468 3157 1539 τολμῶντες.

1101 1562 1179 1617 De
1208 1561 1757 1627 Quartodecumanis.
2540 1566 2642 1633 Πει

2540 1562 2681 1633 Περὶ
2724 1562 2766 1616 Τ
2768 1556 3487 1630 εσσαρεσκαιδεκατιτῶν.

610 1655 752 1712 Sunt
780 1671 945 1727 porro
969 1653 1571 1722 Quartodecunianiqui
1588 1653 1797 1708 Pascha
1826 1650 2126 1715 celebrant,

2302 1655 2964 1726 Τεσσαρεσκαιδεκατῖται
2998 1651 3076 1714 δὲ.
3107 1653 3160 1705 οί
3211 1651 3276 1704 τδ
3306 1653 3494 1720 πάσχα
3526 1648 3751 1710 τελοῦντες

537 1766 645 1804 non
677 1750 767 1804 die
795 1748 1096 1813 Dominica,
1142 1746 1440 1802 secundum
1485 1760 1668 1801 sacras
1700 1745 1958 1800 Ecclesia:
1993 1759 2078 1798 cor

2228 1749 2329 1801 οὐκ
2356 1749 2413 1800 ὲν
2445 1749 2630 1818 ἡμέρᾳ
2661 1748 2937 1816 Κυριακῇ.
2973 1743 3116 1799 κατὰ
3167 1746 3296 1806 τοὺς
3333 1743 3514 1814 ἱεροὺς
3557 1741 3753 1810 τῆςἚκ-

537 1841 873 1906 stitutiones,
913 1840 1008 1896 sed
1039 1855 1101 1895 ea
1135 1839 1222 1893 die
1253 1853 1360 1908 qua
1391 1837 1519 1891 luna
1558 1837 1966 1906 quartadecima
1989 1850 2078 1890 cor

2232 1839 2462 1909 κλησίας
2493 1837 2750 1908 θεσμοὺς,
2794 1839 2908 1890 ἀλλ’
2930 1841 2990 1889 ἐν
3100 1838 3166 1889 διν
3198 1835 3384 1906 ἡμέρᾳ
3411 1850 3753 1902 τεσσαρεσκαι·

537 1935 736 2005 tigerit;
768 1932 1027 2002 quodest
1074 1929 1316 1986 Iudaica:
1398 1928 1806 1998 superstitionis
1883 1926 2078 1982 maxim

2227 1932 2520 1986 δεκαταίαν
2576 1930 2716 2004 τύχῃ
2761 1931 2862 2000 τὴν
2915 1930 3145 2000 σελήνην
3194 1928 3470 1997 γενέσθαι,
3500 1927 3530 1980 ὃ
3561 1925 3657 1997 τῆς
3680 1925 3753 1981 τῶν

538 2025 842 2096 proprium.

2237 2021 2508 2076 Ἰουδαίων
2539 2023 2840 2098 θρησκείας
2870 2021 3019 2073 ἐστὶν
3045 2020 3353 2074 ἰδιαίτατον.

1101 2113 1176 2170 De
1214 2110 1526 2179 Quartanis.

2728 2115 2866 2181 Περὶ
2899 2112 3288 2182 Τετραδιτῶν.

608 2209 772 2261 Iidem
828 2209 992 2263 etiam
1035 2205 1298 2274 Quartani
1362 2201 1735 2262 nominantur,
1789 2201 1937 2270 quod
1995 2216 2119 2255 cum

2294 2211 2356 2262 Οί
2389 2209 2434 2261 δ’
2464 2207 2621 2261 αὐτοὶ
2648 2210 2742 2261 καὶ
2772 2205 3120 2276 Τετραδίται,
3152 2206 3236 2259 ὅτι
3279 2205 3340 2256 τὺ
3393 2204 3576 2271 πάσχα
3608 2203 3753 2271 ἑορτά·

539 2298 837 2356 Paschalis.
873 2297 1072 2351 festum
1123 2296 1421 2360 celebrant,
1451 2307 1722 2362 nusquam
1763 2292 1820 2346 in
1874 2292 2080 2348 diverso

2222 2299 2408 2362 ξοντες
2435 2287 2497 2352 οὐ
2533 2297 2846 2362 καταλύειν,
2888 2295 3024 2350 ἀλλὰ
3050 2295 3331 2366 νηστεύειν
3391 2294 3684 2366 αἱροῦνται.
3706 2294 3753 2356 ὡς

538 2390 678 2444 rium
717 2405 773 2445 se
803 2389 1110 2454 conferant,
1133 2389 1228 2444 sed
1249 2388 1498 2458 jejunare
1529 2384 1742 2450 malint,
1767 2383 2079 2454 quemadmc

2222 2393 2280 2443 ὲν
2301 2394 2420 2454 ταῖς
2451 2392 2702 2462 τετράσιν
2737 2391 2920 2461 ἡμεῖς,
2945 2388 3239 2451 Ἰουδαίους
3265 2391 3368 2443 κάν
3395 2389 3566 2457 τούτῳ
3592 2387 3753 2459 μιμού-

535 2481 663 2538 dum
692 2498 794 2538 nos
814 2482 1054 2553 qualibet
1083 2481 1212 2537 feria
1242 2489 1459 2550 quarta;
1489 2476 1544 2531 in
1571 2475 1673 2531 hoc
1699 2475 1862 2530 etiam
1892 2475 2076 2531 Iudam

2224 2500 2399 2554 μενοι,
2447 2484 2572 2546 τοὺς
2627 2483 2767 2553 μετὰ
2807 2482 2868 2536 τὸ
2918 2483 3100 2551 πάσχα
3161 2481 3349 2551 ἄζυμα
3394 2483 3493 2536 καὶ
3537 2479 3753 2549 πικρίδας

539 2591 659 2630 rum
710 2576 914 2638 aemuli,
946 2575 1039 2645 qui
1073 2583 1195 2646 post
1223 2572 1429 2628 Pascha
1458 2583 1629 2636 panes
1677 2583 1789 2624 non
1823 2566 2122 2623 fermenta-
2223 2577 2522 2640 ἐσθίοντας,

539 2678 623 2722 tos
649 2679 704 2722 et
731 2666 928 2721 herbas
954 2681 1175 2721 amaras
1203 2663 1587 2720 comedebant.

1069 2758 1148 2812 De
1197 2758 1617 2829 Apollinariuis.

2665 2761 2807 2826 Περὶ
2837 2756 3364 2828 Ἀπολιναριστῶν.

611 2854 750 2907 Sunt
776 2863 958 2908 autem
995 2851 1420 2922 Apollinaristae,
1450 2851 1646 2920 quibus
1677 2843 1896 2919 praefuit
1942 2843 2120 2901 scele-

2291 2853 2739 2923 Ἀπολιναρισταὶ
2796 2852 2878 2917 δὲ,
2919 2847 2993 2906 ῶν
3019 2848 3187 2922 ἦρχεν
3218 2855 3246 2905 6
3278 2852 3447 2914 πολὺς
3473 2850 3569 2923 τὴν
3596 2851 3756 2905 κακίαν

540 2945 844 3001 ηιιίεετιηιιε
903 2945 1313 3016 Apollinarius,
1383 2943 1436 2998 in
1487 2943 1746 2998 thronum
1814 2938 2081 2994 Laodicea

2223 2947 2622 3017 ’Λπολινάριος,
2680 2946 2759 3016 τῷ
2814 2947 2914 3016 τῆς
2961 2948 3019 3000 ὲν
3057 2943 3227 3018 Συρίᾳ
3280 2946 3594 3007 Λαοδικείας
3616 2945 3757 3014 θρόνῳ

536 3056 656 3104 quae
679 3038 846 3094 estin
875 3037 1047 3110 Syria,
1095 3037 1206 3092 Deo
1246 3035 1621 3106 permittente,
1693 3030 2006 3103 perniciose
2043 3029 2077 3083 il

2224 3039 2388 3108 ἀνοχῇ
2418 3037 2552 3091 Θεοῦ
2585 3038 2924 3109 εἰσφθαρείς,
2972 3039 3030 3101 ὃς
3070 3041 3198 3110 περὶ
3232 3039 3329 3109 τὴν
3350 3039 3653 3107 οἰκονομίαν
3681 3055 3757 3106 φας

536 3132 839 3192 troductus,
873 3131 964 3200 qui
985 3131 1128 3185 circa
1170 3128 1531 3185 oeconomiam
1605 3136 1794 3196 aperte
1851 3124 2077 3193 blasphe

2223 3129 2397 3200 νερῶς
2429 3130 2796 3201 ἐϐλασφήμει,
2845 3130 3022 3198 λέγων
3061 3131 3153 3184 τὸν
3187 3131 3314 3184 Υἱδν
3333 3131 3431 3184 τοῦ
3462 3131 3592 3185 Θεοῦ
3631 3132 3756 3198 aliqu

534 3239 658 3279 mus
687 3232 826 3286 erat,
853 3223 1042 3278 dicens
1068 3221 1264 3276 Filium
1298 3220 1393 3276 Dei
1428 3236 1628 3291 corpus
1657 3220 1879 3291 quidem
1907 3221 2075 3276 vivuir

2227 3222 2326 3292 μὲν
2381 3221 2645 3291 ἔμψυχον,
2709 3222 2800 3275 νοῦ
2847 3222 2906 3274 δὲ
2951 3224 3300 3276 παντάπασιν
3329 3223 3661 3294 aucupova
3683 3221 3755 3288 τῆς

537 3314 633 3369 sed
674 3313 870 3368 mentis
901 3314 1124 3367 omnino
1151 3328 1367 3382 expers,
1403 3325 1433 3366 a
1460 3321 1652 3366 sancta
1688 3309 1918 3383 Vitgine‘
1957 3328 2078 3367 accc

2223 3313 2384 3382 ἁγίας
2409 3313 2757 3384 ἀνειληφέναι
2797 3312 3097 3384 Παρθένου,
3131 3313 3225 3366 ᾰτε
3259 3314 3359 3382 τῆς
3381 3313 3626 3383 θεότητος
3648 3312 3755 3364 ἀπο-

536 3408 713 3477 pisse,
752 3407 1040 3462 divinitate
1087 3407 1299 3462 scilicet
1342 3405 1540 3460 mentis
1588 3406 1766 3461 locum
1810 3407 2077 3477 supplent:

2221 3408 2442 3478 χρώσης
2480 3407 2604 3461 ἀντὶ
2648 3405 2743 3459 τοῦ
2783 3405 2899 3469 νοῦ,
2925 3406 3121 3474 ἄλογον
3153 3405 3338 3477 ῶσπερ
3362 3405 3465 3475 τὴν
3495 3405 3660 3475 ψυχὴν
3683 3403 3756 3456 τοῦ

535 3509 594 3556 οι
622 3499 764 3554 sicut
791 3498 1026 3552 animam
1073 3498 1167 3552 Dei
1196 3497 1564 3552 irrationalem
1605 3496 1898 3557 sentiebat.
1960 3497 2033 3552 ita
2066 3515 2076 3550 ι

2221 3499 2427 3568 Κυρίου
2454 3499 2697 3568 φρονῶν·
2721 3498 2865 3553 ἀλλὰ
2892 3501 2988 3552 καὶ
3012 3499 3140 3569 μίαν
3165 3499 3328 3566 φύσιν
3351 3500 3447 3555 ἐπὶ
3469 3498 3560 3553 τοῦ
3587 3496 3758 3566 Κυρίου

540 3590 759 3646 unicam
807 3605 930 3644 esse
959 3590 1015 3644 in
1044 3605 1111 3645 eo
1137 3597 1387 3644 naturam
1412 3589 1652 3644 tradidit.
1674 3589 1737 3644 lli
1761 3604 1954 3645 omnes
1970 3600 2081 3661 post

2221 3591 2502 3645 ἐδίδασκεν
2521 3607 2538 3623 ·
2599 3583 2747 3650 οὗτοι
2806 3590 3008 3654 πάντες
3063 3589 3340 3661 ἐρρῶσθαι
3368 3588 3540 3643 πολλὰ
3569 3589 3676 3650 ταῖς
3701 3589 3758 3640 οξ-

535 3696 697 3753 quam
727 3681 1027 3737 haeresibus
1090 3681 1202 3737 suis
1263 3681 1490 3736 omnino
1542 3681 1927 3747 valedixerint,
1993 3684 2076 3740 ole

2221 3683 2397 3744 κείαις
2450 3683 2697 3753 αἱρέσεσι
2749 3684 3080 3754 φράσαντες.
3132 3681 3291 3754 μύρῳ
3327 3682 3479 3752 μόνῳ
3515 3681 3756 3753 χριόμενοι

536 3775 801 3830 duntaxat
827 3772 1032 3828 inuncti
1063 3773 1317 3828 Ecclesiae
1349 3773 1470 3830 [iliis
1507 3781 1958 3829 annumerantur.

1945 3815 1958 3829 .
2220 3777 2337 3837 τοῖς
2365 3774 2568 3844 Ἐκκλη
2578 3775 2698 3838 σίας
2729 3772 2916 3844 ἐναριο
2925 3772 3149 3844 μοῦνται
3170 3775 3481 3844 τροφίμοις.

604 3866 820 3922 Videsis
853 3875 1059 3930 autem,
1091 3863 1312 3936 quinam
1343 3875 1399 3922 et
1428 3868 1617 3938 quales
1646 3868 1922 3938 sint,quos
1990 3884 2120 3925 san-

2297 3867 2489 3936 ’Δθρει
2537 3866 2600 3937 δή
2637 3884 2730 3936 μοι
2756 3867 2870 3920 ὅσοι
2895 3884 2954 3920 τε
2980 3872 3075 3925 καὶ
3103 3861 3224 3932 οἷοι,
3252 3866 3349 3930 οὓς
3377 3866 3430 3920 οί
3455 3867 3585 3921 θεῖοι
3617 3865 3755 3921 Πατέ-

418 3985 425 3992 ~
533 3958 609 4028 eti
637 3957 826 4013 Patres
861 3958 1409 4029 rebaptizarivoluut.

2227 3975 2321 4031 ρες
2349 3957 2596 4024 ἀξιοῦσιν
2628 3959 3122 4023 ἁναϐαπτίζεσθαι.

1116 4050 1195 4105 De
1232 4051 1608 4110 Eunomiam's.

2704 4053 2848 4122 Περὶ
2901 4053 3293 4122 Εὑνομιανῶν

637 4144 960 4200 Eunomiaui
1006 4153 1136 4200 sunt
1162 4145 1359 4214 quibus
1393 4146 1612 4216 praefuit
1642 4146 1948 4204 Eunomius
1976 4167 1992 4216 ;
2027 4147 2120 4217 qui

2291 4144 2636 4215 Εὐνομιανοὶ,
2666 4138 2745 4198 ὧν
2791 4144 2981 4214 ἠγεῖτο
3010 4144 3297 4217 Εὑνόμιος.
3342 4143 3656 4217 Γαλάτηςδι
3679 4142 3756 4199 ὢν.

531 4248 599 4289 ex
627 4235 834 4290 Galatia
864 4235 1132 4290 oriundus
1181 4234 1360 4305 Cyzici
1417 4245 1535 4290 erat
1585 4237 1900 4308 episcopus,
1934 4239 2072 4308 pejot

2223 4237 2464 4300 Κυζίκου
2523 4238 2748 4305 γέγονεν
2808 4237 3127 4304 ἐπίσκοπος,
3184 4239 3409 4310 χείρονα
3469 4233 3760 4309 μακρῷτοῦ

518 4328 704 4396 multo
733 4343 894 4398 quam
929 4327 1092 4381 Arius
1139 4327 1406 4382 sentiens.
1436 4328 1651 4382 Etenim
1684 4329 1882 4384 Filium
1941 4341 2058 4386 mut

2233 4330 2290 4382 ‘A
2302 4329 2445 4400 ρείου
2471 4328 2685 4399 φρονῶν
2704 4345 2719 4360 ⁸
2757 4329 2990 4400 τρεπτδν
3019 4329 3128 4400 γὰρ
3152 4328 3248 4384 καὶ
3281 4329 3491 4394 δοῦλον,
3523 4329 3614 4382 καὶ
3643 4328 3761 4379 κατὰ

528 4421 716 4487 bilem,
739 4429 792 4475 et
817 4435 1055 4486 servum,
1079 4430 1133 4474 et
1150 4419 1202 4472 iu
1230 4420 1486 4474 omnibus
1507 4419 1650 4476 Patri
1673 4420 1984 4477 dissimilem
2005 4439 2069 4478 es:

2223 4425 2404 4479 πάντα
2434 4425 2687 4495 ἀνόμοιον
2711 4425 2788 4495 τῷ
2817 4426 2992 4496 Πατρὶ
3013 4425 3103 4479 τὸν
3129 4426 3259 4479 Υίδν
3279 4424 3599 4495 ὲδογμάτιζε
3618 4439 3635 4458 ⁸
3654 4420 3757 4481 τούς

527 4510 732 4563 docuit.
770 4510 876 4564 Eos
899 4509 1063 4562 etiam
1122 4509 1213 4578 qui
1251 4510 1430 4563 errori
1483 4509 1604 4580 ejus
1664 4512 2068 4568 assentiebautu

2225 4533 2287 4582 γε
2325 4517 2432 4584 μὴν
2479 4517 2548 4585 τῇ
2605 4516 2789 4587 ἀπάτῃ
2813 4514 3006 4568 τούτου
3056 4516 3522 4586 προστιθεμένους
3545 4517 3621 4577 είς
3649 4512 3759 4582 μίαν

527 4618 760 4672 nequam
794 4603 896 4657 iste
921 4603 1079 4656 unica
1103 4602 1454 4657 iminersione
1470 4603 1800 4674 baptizabat,
1817 4621 1990 4678 prono
2023 4622 2068 4661 c:

2221 4608 2514 4662 κατάδυσιν
2544 4607 2836 4673 ἐϐάπτιζεν
2857 4610 2886 4661 ὁ
2913 4608 3220 4677 ἐξάγιστος,
3243 4608 3389 4663 κατὰ
3423 4607 3654 4679 κεφαλῆς
3680 4605 3758 4658 αὖ·

528 4708 638 4765 pite
665 4707 720 4751 et
753 4697 979 4765 pedibus
1011 4711 1228 4750 sursum
1258 4696 1430 4751 versis
1457 4711 1553 4752 eos
1592 4696 1944 4768 immergens.
1973 4699 2069 4764 Qui

2217 4701 2344 4762 τοὺς
2371 4701 2654 4754 καταδύων
2673 4698 2785 4754 ἄνω
2811 4699 2921 4753 τῶν
2938 4700 3133 4765 ,ποδῶν
3157 4701 3343 4764 αὐτοῖς
3371 4699 3756 4771 τετραμμένων*

525 4795 582 4838 et
613 4786 792 4840 t‘utura
827 4785 1088 4856 supplicia
1119 4800 1226 4838 non
1255 4800 1380 4839 vera
1413 4800 1558 4850 esse,
1592 4786 1687 4841 sed
1711 4802 1903 4841 eorum
1941 4790 2066 4842 min:

2218 4791 2355 4845 ἀλλὰ
2388 4792 2478 4844 καὶ
2512 4792 2612 4854 τὰς
2655 4791 2957 4862 μελλούσας
2984 4791 3239 4854 κολάσεις
3274 4791 3350 4861 μὴ
3384 4791 3600 4861 ἀληθεῖς
3639 4784 3757 4841 εἶναι

527 4877 594 4930 ad
619 4890 881 4932 terrorem
915 4877 1176 4931 duntaxat
1199 4876 1522 4940 intentatas,
1548 4878 1834 4946 nugatorie
1856 4879 2067 4933 asserui

2098 4917 2114 4934 .
2216 4883 2580 4953 ἁπεφλυὰρει,
2611 4883 2680 4936 δι’
2712 4881 3012 4951 ὲκφόσησιν
3037 4883 3209 4953 μόνην
3236 4881 3638 4951 ἁπειληθείσας.

955 4967 1062 5038 lo
1094 4968 1165 5020 De
1194 4966 1245 5020 Μ
1256 4969 1552 5023 ontam‘stt'a.
2693 4972 2834 5040 Περὶ
2858 4971 3312 5026 Μοντανιστῶν.

598 5061 942 5117 Moulanistae
971 5071 1153 5116 autem
1184 5068 1334 5122 sunt,
1366 5061 1462 5130 qui
1489 5077 1519 5116 a
1575 5061 1826 5117 Montano
1879 5063 2113 5131 quodam

2284 5066 2673 5129 Movravwral.
2708 5067 2756 5118 oi
2793 5066 2902 5119 ἀπὸ
2949 5065 3229 5119 Μοντανοῦ
3257 5082 3406 5128 τινος
3439 5063 3648 5134 σχόντες
3674 5061 3754 5126 τὴν

528 5171 727 5209 nomen
759 5153 937 5208 sortiti
969 5163 1117 5207 sunt.
1175 5153 1338 5206 Iidem
1377 5152 1616 5225 Phryges
1662 5155 2069 5210 nominabautm

2215 5158 2429 5224 κλῆσιν,
2477 5158 2525 5213 οἳ
2557 5159 2620 5229 δὴ
2663 5161 2758 5212 καὶ
2793 5159 3004 5230 Φρύγες
3031 5157 3402 5229 ὠνομάζοντο,
3439 5159 3472 5229 ἦ
3502 5156 3592 5210 τοῦ
3625 5155 3751 5221 αἱρε-

527 5249 608 5302 vel
642 5248 787 5317 quod
823 5245 1206 5312 Interesiarcha,
1251 5246 1336 5300 vel
1392 5247 1536 5316 quod
1597 5246 1710 5316 ipsa
1766 5247 1990 5302 haeresis
2048 5263 2068 5301 e

2215 5253 2439 5323 σιάρχου
2464 5253 2669 5305 τούτων
2689 5253 2901 5323 Φρυγὸς
2922 5253 3096 5315 ὄντος,
3134 5252 3168 5320 ἢ
3208 5251 3308 5323 τὴν
3340 5251 3513 5321 ἀρχὴν
3543 5251 3602 5302 ὲκ
3627 5247 3748 5312 dipu-

523 5340 758 5412 I’brygia
783 5349 932 5395 esset
957 5339 1211 5393 oriunda.
1251 5338 1348 5394 Hic
1377 5355 1507 5395 vero
1545 5338 1836 5394 Montanus
1865 5356 1924 5394 se
1952 5339 2064 5394 Par:

2211 5342 2337 5409 γίας
2365 5342 2464 5412 τῆς
2491 5341 2744 5411 τοιαύτης
2775 5342 3002 5412 φυείσης
3024 5341 3311 5412 αἱρέσεως.
3349 5340 3411 5393 '0
3437 5342 3609 5393 τοίνυν
3631 5337 3751 5390 Μον-

525 5434 724 5487 eletum
753 5431 1081 5502 appellabat,
1145 5442 1202 5484 et
1234 5431 1580 5486 mulierculas
1620 5431 1757 5485 duas
1789 5446 1976 5485 secum
2010 5432 2062 5485 di

2210 5431 2367 5495 τανὸς
2399 5432 2583 5487 οὑτοσὶ
2618 5434 2974 5504 Παράκλητον
3007 5427 3199 5486 ἑαυτὸν
3253 5432 3642 5502 προσηγόρευε,
3669 5429 3749 5478 καὶ

525 5541 678 5587 cens,
708 5524 1006 5578 Priscillam
1032 5533 1087 5578 et
1125 5523 1498 5587 Maximillam,
1521 5524 1751 5579 easdem
1793 5526 2066 5595 prophetis

2210 5526 2304 5580 δύο
2333 5529 2598 5594 γυναῖκας
2628 5528 2964 5596 ἑπαγόμενος
2996 5526 3335 5597 Πρίσκιλλαν
3391 5528 3485 5580 καὶ
3511 5518 3751 5592 Μαξιμῐλ·

524 5631 612 5672 eas
641 5616 896 5672 vocabat.

2207 5621 2328 5683 λαν,
2359 5620 2696 5690 προφήτιδας
2733 5619 2900 5682 αὐτὰς
2926 5620 3132 5674 ἐκάλει.

1103 5707 1181 5762 De.
1220 5708 1538 5778 Pepuzenis.
2590 5760 2609 5779 ο

2590 5760 2609 5779 ,
2695 5711 2832 5780 Περὶ
2875 5707 3290 5774 Πεπουζηνῶν.

590 5799 759 5855 Iidem
799 5802 988 5864 etiam,
1025 5803 1170 5872 quod
1202 5801 1473 5872 Pepuzam
1537 5800 1785 5872 Phrygiae
1839 5801 2104 5871 Oppidum

2277 5800 2387 5854 Καὶ
2440 5803 2778 5874 Πεπουζηνοὶ
2829 5801 2885 5855 δὲ
2911 5804 2964 5855 ot
2995 5801 3230 5854 τοιοῦτοι
3273 5796 3750 5872 προσηγορεύοντο.

521 5891 716 5950 divinis
743 5894 1039 5951 honoribus
1069 5895 1408 5951 celebrantes
1435 5891 1861 5964 Hierosolymam
1893 5908 2062 5947 nime:

2211 5894 2494 5959 Πὲπουζαν
2545 5894 2653 5967 γὰρ
2697 5895 2804 5976 ’τῆς
2853 5895 3094 5967 Φρυγίας
3129 5893 3326 5969 κώμην
3381 5892 3749 5960 ἐπιθειάζοντες.
