3902 6580
210 445 332 516 1037

1001 438 1010 445 ’
1100 437 1514 502 SYNTAGMA
1544 434 2181 498 ALPHABETICUM.
2209 463 2280 474 -
2307 439 2377 499 A.

3270 442 3408 510 1338

209 555 522 628 Ἰερουσαλὴμ
543 555 710 624 αὐτὴν
731 555 1012 626 ὠνόμαζον
1031 572 1046 589 ο
1074 550 1220 611 οῦτοι
1249 559 1344 611 καὶ
1372 555 1496 616 τοὺς
1521 553 1723 622 γάμους

1835 560 2049 621 parent,
2078 551 2485 620 Pepuzcnorum
2513 566 2728 620 quoque
2757 569 2954 610 nomen
2981 558 3213 612 assecuti
3261 567 3409 613 sunt.

197 653 320 703 λύειν
345 650 658 719 ἐπέτρεπον,
689 651 784 704 καὶ
808 650 1112 720 βρωμάτων
1144 651 1293 703 ἔστιν
1326 642 1402 702 ὧν
1430 647 1730 717 ἀπέχεσθαι

195 743 470 797 ἐδίδασκον·
516 741 577 793 τὸ
624 741 808 811 πάσχα
844 743 1160 812 διέστρεφον
1182 758 1196 772 ·
1239 744 1318 804 εἰς
1353 741 1411 793 ἒν
1435 741 1728 810 πρόσωπον

193 835 274 903 τὴν
318 835 468 898 ἁγίαν
519 834 727 904 Τριάδα
762 834 1026 904 συνῄρουν
1078 851 1136 887 τε
1169 838 1262 886 καὶ
1317 833 1602 902 συνέχεον⁹
1633 831 1728 884 καὶ

193 920 310 993 αἷμα
350 924 533 986 παιδὸς
589 927 1043 994 ὲκκεντουμένου,
1102 926 1317 995 ἀλεύρῳ
1349 925 1728 994 συμφύροντες

193 1020 270 1070 καὶ
285 1015 685 1086 ἀρτοποιοῦντες
714 1019 1073 1088 προσέφερον,
1114 1018 1208 1070 καλ⁵
1243 1015 1410 1070 αὑτοῦ
1448 1013 1726 1085 μετελάμ-

193 1109 349 1162 σανον.

623 1291 762 1358 Περὶ
789 1290 1228 1347 Σαϐελλιανῶν.

245 1379 597 1446 Σαϐελλιανοὶ,
639 1383 838 1447 οἵτινες
898 1384 1004 1438 ἀπὸ
1059 1385 1348 1439 Σαὸελλίου
1403 1385 1497 1438 τοῦ
1527 1383 1726 1447 Λίϐυος

186 1473 593 1542 ὠνομάσθησαν,
650 1475 708 1539 ὃς
760 1477 1127 1546 Πτολεμαΐδος
1173 1477 1274 1548 τῆς
1327 1475 1724 1538 Πενταπόλεως

186 1566 445 1629 ἐπίσκοπος
503 1566 748 1636 γεγονὼς
777 1609 792 1634 ,
855 1571 1181 1642 συναλοιφὴν
1245 1571 1340 1626 ἐπὶ
1410 1570 1508 1640 τῆς
1561 1569 1726 1638 ἁγίας

185 1657 380 1728 Τριάδος
417 1659 510 1712 καὶ
574 1659 840 1732 σύγχυσιν
867 1662 1226 1732 ὲδογμάτιζε·
1259 1663 1356 1727 τὰς
1401 1665 1551 1732 τρεῖς
1593 1663 1722 1714 ὑπο-

186 1750 371 1813 στάσεις
398 1751 495 1818 τῆς
527 1753 659 1816 μιᾶς
685 1753 874 1814 οὐσίας
899 1754 994 1807 καὶ
1025 1754 1278 1823 θεότητος
1329 1756 1407 1819 εἰς
1450 1755 1510 1808 ἒν
1558 1756 1728 1826 πρόσ-

185 1857 308 1892 ωπον
329 1845 598 1912 συναιρῶν
632 1847 726 1897 καὶ
753 1848 1018 1916 συγχέων,
1051 1847 1355 1917 τριώνυμον
1413 1848 1506 1901 τὸν
1561 1848 1725 1901 αὐτὸν

185 1931 350 1999 λέγων,
401 1934 492 1986 νῦν
524 1935 626 2003 μὲν
654 1935 725 1998 ὡς
780 1939 1003 2006 Πατέρα
1057 1939 1366 2006 φαίνεσθαι,
1399 1939 1497 1993 νῦν
1553 1942 1610 1994 δὲ
1648 1942 1725 2004 ὡς

184 2023 306 2084 Υίὺν,
358 2024 471 2077 ἐστι
514 2026 566 2079 δ’
597 2029 686 2080 ὅτε
735 2026 812 2089 ὡς
865 2028 1021 2096 ἆγιον
1049 2031 1294 2100 Πνεῦμα,
1329 2031 1520 2086 ἄλλοτε
1548 2033 1725 2097 ἄλλως

187 2116 680 2186 μταμορφούμενον
712 2120 806 2172 καὶ
837 2122 1457 2192 μετασχηματιζόμενον
1478 2139 1494 2154 ·
1535 2124 1612 2188 ὡς
1660 2128 1725 2178 ἐκ

183 2206 263 2275 τῆς
287 2208 470 2275 καινῆς
523 2210 737 2281 ταύτης
787 2211 1104 2276 ἀναλύσεως
1150 2215 1183 2285 ἢ
1226 2215 1554 2280 συνθέσεως,
1585 2218 1724 2270 κατὰ

182 2296 256 2348 τὸν
284 2297 523 2366 θεολόγον
559 2301 882 2373 Γρηγόριον,
930 2302 1004 2371 μὴ
1045 2305 1246 2372 μᾶλλον
1277 2303 1336 2356 ἓν
1363 2306 1432 2358 τὰ
1461 2307 1664 2368 πάντα,
1689 2305 1721 2376 ἢ

186 2387 322 2455 μηδὲν
349 2388 578 2443 ἕκαστον
631 2386 768 2444 εἶναι
800 2392 1150 2462 ὁριζόμενος·
1209 2393 1404 2463 φεύγει
1435 2395 1546 2466 γὰρ
1583 2392 1722 2450 εἶναι

183 2479 295 2548 ὅπερ
323 2482 484 2547 ἐστὶν,
520 2485 608 2547 εἰς
636 2483 845 2555 ἄλληλα
868 2486 1150 2556 χωροῦντα
1170 2489 1264 2539 καὶ
1297 2488 1722 2557 μεταϐαίνοντα,

183 2567 327 2636 ψιλῶν
354 2572 840 2644 καταλειπομένων
859 2575 969 2628 τῶν
1002 2576 1306 2642 ὀνομάτων.

598 2751 736 2819 Περὶ
770 2755 1322 2814 Παυλιανισάντων.

251 2839 302 2893 Ὀ
326 2841 376 2893 δὲ
400 2843 496 2910 τῆς
517 2848 574 2895 α’
607 2845 829 2898 συνόδου
866 2844 930 2898 ιθ¹
960 2848 1158 2913 κανὼν,
1187 2850 1284 2903 καὶ
1317 2853 1445 2914 τοὺς
1480 2856 1723 2908 Παυλιαο

186 2930 428 2998 νίσαντας,
451 2931 577 2988 εἶτα
599 2937 666 3008 τῇ
695 2937 952 3010 καθολικῇ
979 2945 1469 3012 προσπεφευγὸτας
1492 2946 1726 3020 Ἐκκλη-

186 3023 280 3093 σίᾳ,
322 3029 650 3094 προστάττει
683 3030 1149 3097 άναὸαπτίζεσθαι
1171 3051 1185 3065 ⁸
1238 3041 1511 3109 σκοπῆσαι
1538 3040 1594 3093 δὲ
1619 3041 1720 3108 δεῖ,

184 3117 312 3178 τίνας
353 3119 380 3170 ὀ
427 3119 614 3174 κανὼν
667 3122 1066 3189 ἀναὸαπτίζειν
1099 3129 1409 3201 ἐπιτρέπει,
1461 3134 1588 3198 τοὺς
1614 3135 1722 3188 ἀπὸ

1833 642 1915 696 Ab
1943 641 2048 695 illis
2102 642 2336 697 divortia
2389 643 2678 712 coniugum
2735 645 3020 713 permissa,
3051 655 3107 701 et
3161 662 3193 700 a
3247 649 3414 703 certis

1831 732 2153 802 quibusdam
2207 733 2456 786 ciborum
2499 733 2794 801 generibus
2848 736 3177 792 abstinentia
3241 738 3414 806 impe-

1833 837 1968 896 rata,
1991 830 2269 883 Paschalis
2313 829 2430 886 dies
2458 830 2514 884 in
2544 830 2784 886 alienum
2835 839 3050 902 tempus
3098 833 3321 902 rejecta,
3352 843 3411 888 et

1831 921 1882 975 in
1911 937 2075 977 unam
2107 937 2392 991 personam
2426 934 2774 978 sacrosancta
2792 923 3031 980 Trinitas
3052 935 3331 982 contracta
3355 937 3414 982 et

1829 1012 2078 1067 confusa.
2116 1013 2189 1067 Illi
2232 1015 2394 1068 etiam
2423 1016 2745 1085 sanguinem
2776 1017 2930 1086 pueri
2963 1018 3231 1073 acnleolis
3258 1034 3412 1074 com-

1830 1107 2018 1172 puncti
2078 1120 2201 1160 cnm
2230 1106 2404 1160 farina
2439 1107 2758 1172 miscentes,
2790 1123 2855 1162 ac
2884 1125 3075 1178 panem
3098 1109 3224 1164 inde
3243 1111 3412 1165 conli-

1829 1195 2055 1260 cientes,
2090 1207 2202 1249 tum
2230 1195 2556 1264 ollerebant,
2591 1207 2703 1254 tum
2762 1212 2827 1253 ex
2872 1212 2939 1253 eo
2987 1199 3406 1270 participabant.

2405 1288 2479 1342 De
2512 1290 2861 1367 Sabelliam’s.

1899 1379 2192 1436 Sabelliani
2221 1390 2403 1438 autem
2467 1399 2498 1438 a
2542 1382 2780 1438 Sabellio
2815 1399 2882 1438 ex
2948 1384 3115 1455 Libya
3171 1381 3410 1442 oriundo

1826 1472 2161 1527 denominati
2213 1483 2363 1541 sunt,
2394 1474 2488 1543 qui
2555 1473 2932 1542 Ptolemaidis,
2979 1492 3104 1546 quae
3136 1477 3266 1532 urbs
3323 1485 3411 1532 est

1827 1561 2163 1633 Pentapolis,
2193 1565 2502 1636 episcopus,
2543 1567 2983 1623 commistionem
3031 1567 3322 1638 quamdam
3351 1576 3408 1624 et

1829 1657 2210 1713 confusionem
2245 1659 2299 1714 in
2325 1669 2678 1716 sacrosancta
2706 1661 2970 1718 Trinitate
3006 1665 3261 1729 asseruit,
3294 1674 3408 1719 tres

1827 1747 1948 1803 illas
1993 1749 2313 1820 hypostases
2347 1753 2507 1809 unius
2547 1755 2866 1810 substantia:
2908 1766 2963 1812 et
3017 1757 3318 1812 divinitatis
3348 1758 3404 1812 in

1828 1854 1988 1893 unam
2019 1857 2306 1911 personam
2339 1847 2674 1901 contrahens
2737 1857 2791 1902 et
2817 1847 3184 1910 confundens,
3240 1865 3404 1918 quam

1827 1932 1991 1988 trium
2043 1948 2164 1989 esse
2190 1933 2472 1990 nominum
2503 1937 2660 2003 dixit,
2706 1949 2756 1994 e'
2782 1940 3074 2009 aliquando
3106 1951 3166 1994 ut
3186 1943 3403 1996 Patrem

1826 2026 2168 2092 apparuisse,
2208 2027 2498 2097 aliquando
2527 2039 2586 2086 ut
2632 2031 2847 2097 Filium,
2883 2033 3174 2102 aliquando
3220 2043 3402 2089 autem

1827 2124 1886 2167 ut
1940 2113 2201 2182 Spiritum
2259 2127 2544 2183 sanctum,
2617 2130 2672 2176 et
2697 2122 2833 2176 alias
2853 2123 3010 2178 aliter
3046 2125 3405 2179 transforma-

1825 2215 1939 2260 tum
1978 2208 2560 2281 transﬁguratumque;
2593 2229 2691 2284 per
2746 2214 2984 2285 ineptam
3011 2217 3152 2272 hanc
3197 2219 3406 2274 resolu-

1825 2297 2030 2352 tionem
2060 2299 2177 2355 sive
2210 2303 2691 2374 compositionem,
2750 2310 3050 2365 secundum
3082 2311 3402 2382 Gregorium

1825 2387 2184 2462 Thenlogum,
2221 2409 2412 2450 omnes
2451 2412 2715 2465 personas
2748 2416 2860 2456 non
2907 2410 3015 2457 tam
3058 2419 3224 2458 unam
3280 2421 3403 2462 esse

1824 2499 1987 2552 quam
2022 2484 2265 2556 singulas
2299 2487 2437 2542 nihil
2479 2490 2767 2546 deﬁniens.
2802 2493 3069 2550 Desinunt
3103 2497 3246 2550 enim
3279 2513 3402 2553 esse

1824 2589 1945 2640 quae
1984 2575 2038 2628 in
2070 2591 2130 2632 se
2167 2577 2404 2632 invicem
2440 2581 2646 2636 cedunt
2676 2591 2733 2638 et
2788 2594 3186 2653 permutantur,
3239 2590 3402 2646 nudis

1826 2664 2086 2719 duntaxat
2113 2667 2424 2722 nominibus
2473 2669 2693 2726 relictis.

2357 2757 2437 2812 De
2472 2758 2844 2818 Paulidm‘slis.
3209 2809 3217 2816 .

1895 2845 2082 2901 Canon
2115 2855 2294 2903 autem
2347 2851 2414 2906 l9
2447 2853 2632 2921 prima:
2661 2857 2870 2925 synodi,
2918 2856 3275 2916 Paulianistas
3304 2862 3397 2932 qui

1827 2947 2016 3007 postea
2055 2941 2122 2995 ad
2179 2942 2472 2998 Ecclesiam
2523 2947 2844 3002 catholicam
2894 2951 3276 3022 confugerunt,
3307 2970 3398 3010 re-

1829 3031 2088 3101 baptizari
2113 3033 2289 3102 jubet.
2325 3033 2524 3090 Verum
2565 3037 2653 3093 hic
2675 3039 3058 3109 inquirendum
3097 3055 3201 3112 est,
3233 3061 3398 3116 quos-

1831 3137 1956 3176 nam
1987 3139 2160 3178 canon
2204 3125 2384 3179 denuo
2415 3127 2680 3196 baptizari
2723 3133 2988 3204 preecipit,
3046 3150 3116 3191 an
3149 3153 3244 3194 eos
3301 3141 3396 3210 qui

184 3203 444 3272 ὀρθοδὸξων
494 3210 988 3279 Παυλιανίσαντας,
1051 3216 1083 3285 ἢ
1136 3219 1266 3282 τοὺς
1313 3220 1371 3286 ἐξ
1423 3222 1597 3291 ἀρχῆς
1624 3224 1723 3294 τῆς

1832 3229 1889 3269 ex
1917 3206 2235 3271 orthodoxis
2263 3219 2332 3272 ad
2360 3218 2717 3278 Paulianistas
2770 3224 3105 3294 defecerunt,
3162 3232 3248 3286 vel
3299 3203 3396 3303 qui

185 3297 380 3360 ἐκείνων
397 3301 599 3366 ἐθάδας
628 3304 914 3375 αἱρέσεως.
944 3309 1005 3361 Et
1033 3309 1088 3362 δέ
1117 3326 1264 3372 τινες
1299 3312 1498 3377 αὐτῶν,
1531 3315 1719 3384 φησὶν,

185 3387 231 3438 ἐν
250 3389 318 3457 τῷ
341 3390 522 3463 κλήρῳ
557 3391 956 3467 ἐξητάσθησαν,
982 3399 1365 3470 ἀγνοησάντων
1411 3402 1539 3466 ῐσως
1573 3404 1722 3467 ὅπως

187 3471 307 3548 εῐχον
328 3482 582 3548 ἀσεϐείας
641 3487 751 3540 τῶν
801 3489 999 3554 αὐτοὺς
1048 3496 1562 3564 χειροτονησάντων,
1627 3498 1724 3552 καὶ

184 3571 372 3635 τούτους
408 3576 550 3644 μετά
599 3576 662 3630 τὸ
703 3579 1014 3649 γνωσθῆναι
1060 3581 1180 3636 δέον
1231 3585 1719 3654 άναὸαπτίξεσθαι,

188 3661 327 3730 μηδὲν
349 3665 409 3718 ὲκ
436 3667 540 3737 τῆς
599 3669 936 3739 χειροτονίας
977 3672 1380 3740 άποναμένους·
1417 3678 1512 3729 καὶ
1543 3679 1592 3730 εί
1621 3679 1722 3747 μὲν

185 3753 426 3823 εὑρεθεῖεν
452 3759 596 3829 μετά
619 3761 678 3814 τὸ
703 3759 986 3832 βάπτισμα
1012 3765 1106 3818 καὶ
1128 3767 1270 3820 κατὰ
1291 3768 1380 3822 τὸν
1402 3768 1519 3839 βίον
1543 3769 1725 3841 άμεμο

187 3861 305 3914 πτοι,
333 3853 754 3921 χειροτονεῖσθαι
782 3855 887 3909 ὑπὸ
911 3857 1005 3911 τοῦ
1035 3859 1335 3914 ἐπισκόπου
1393 3862 1500 3942 τῆς,
1519 3864 1720 3934 exm-

187 3941 306 4008 σίας,
335 3937 712 4017 ᾖπροσῆλθον,
744 3948 855 4002 τίδ’
874 3945 989 4017 οὖν,
1014 3951 1109 4006 τοῦ
1137 3953 1342 4026 κλήρου
1374 3937 1513 4009 εἶναί
1534 3958 1721 4010 ἀπεω-

188 4030 407 4099 σμένους.

648 4133 789 4201 Περὶ
820 4135 1262 4192 Παυλικιανῶν.

244 4215 587 4276 Παυλικιανοὶ
609 4223 666 4277 δὲ
691 4226 741 4278 οῖ
771 4227 1062 4296 Μανιχαῖοι
1085 4231 1584 4300 μετωνομάσθησαν
1613 4233 1723 4287 ἀπό

185 4321 320 4361 τινων
355 4311 600 4385 ἀδελφῶν
638 4314 752 4382 δύο,
791 4317 1004 4371 Παύλου
1039 4321 1132 4373 καὶ
1169 4321 1437 4388 Ἰωάννου,
1465 4323 1723 4394 ὀρμωμέ·

186 4412 273 4451 νων
289 4401 348 4454 ὲκ
371 4404 728 4474 Σαμοσάτων,
758 4409 892 4462 υἱῶν
922 4412 1179 4478 γυναικός
1208 4429 1355 4477 τινος
1386 4416 1719 4485 Μανιχαίας,

187 4489 492 4566 Καλλινίκης
540 4497 807 4570 τοῦνομα,
859 4501 1148 4573 δυσσεϐείᾳ
1181 4505 1384 4572 μᾶλλον
1420 4507 1453 4577 ἢ
1484 4508 1719 4576 γάλακτι

183 4583 292 4646 τοὺς
334 4589 477 4653 υἱοὺς
510 4590 882 4663 θρεψαμένης.
926 4589 1088 4648 Οὗτοι
1148 4596 1245 4650 ἕνα
1269 4594 1410 4651 εἶναι
1433 4598 1565 4653 Θεὸν
1591 4602 1723 4672 ἐκή-

188 4689 381 4741 ρυσσον,
415 4682 658 4752 Πατέρα,
696 4683 822 4736 Υίδν
871 4685 966 4738 καὶ
993 4685 1148 4754 ἅγιον
1182 4688 1410 4758 Πνεῦμα
1438 4689 1529 4743 τὸν
1559 4691 1724 4745 αὐτὸν

186 4773 702 4842 προσαγορευόμενον
721 4790 736 4806 ο
790 4770 870 4837 εἷς
902 4776 1012 4846 γὰρ
1037 4778 1192 4846 φησι,
1225 4778 1382 4841 Θεὸς,
1419 4781 1516 4834 καὶ
1537 4781 1566 4833 ό
1595 4781 1725 4844 Υἰδς

188 4857 329 4914 αὑτοῦ
360 4865 417 4916 ὲν
442 4863 613 4936 αὐτῷ,
646 4866 720 4930 ὡς
739 4869 766 4920 ὁ
789 4866 942 4937 λόγος
972 4870 1030 4921 ὲν
1057 4870 1348 4942 ἀνθρώπῳ.
1381 4872 1438 4926 Ὀ
1466 4872 1522 4927 δὲ
1550 4873 1725 4942 Λόγος

187 4942 317 5013 οὗτος
347 4955 434 5006 ἐπὶ
464 4957 569 5026 γῆς
598 4957 786 5020 ἐλθὼν,
839 4960 898 5011 ὲν
948 4959 1218 5032 ἀνθρώπῳ
1253 4961 1491 5033 ᾧκησεν,
1543 4964 1723 5033 Ἰησοῦ

186 5041 500 5118 καλουμένῳ,
553 5049 648 5101 καὶ
685 5049 783 5119 τὴν
808 5052 1118 5120 οἰκονομίαν
1168 5053 1486 5124 πληρώσας,
1524 5056 1723 5126 ἀνῆλθε

188 5130 304 5197 πρὸς
343 5134 430 5189 τὸν
468 5136 690 5205 Πατέρα
715 5153 730 5169 °
780 5140 808 5192 ό
833 5139 887 5192 δὲ
912 5139 1121 5211 Ἰησοῦς
1158 5137 1332 5205 οὗτος,
1377 5143 1624 5198 κάτωθεν
1655 5142 1724 5216 ἦν

190 5218 277 5273 ἀπὸ
300 5225 505 5296 Μαρίας
532 5229 838 5299 ἀρξάμενος
857 5247 872 5262 ο
901 5232 1010 5284 ἀπὸ
1039 5233 1218 5285 τοίνυν
1243 5233 1351 5286 τῶν
1376 5233 1469 5286 δύο
1494 5238 1724 5289 τουτωνὶ

191 5310 376 5368 Παύλου
423 5321 518 5372 καὶ
560 5321 834 5389 Ἰωάννου,
870 5326 986 5386 τοῖς
1037 5323 1186 5390 σφῶν
1218 5324 1490 5394 μαθηταῖς
1547 5329 1578 5396 ἡ
1614 5328 1723 5382 τῶν

191 5402 536 5464 Παυλικιανῶν
574 5413 802 5484 ἐπετέθη
829 5415 1207 5484 προσωνυμία,
1239 5415 1723 5488 βαρϐαρικώτερον

190 5499 517 5556 συντεθεῖσα⁶
567 5503 689 5558 ἀντὶ
741 5506 848 5576 γὰρ
885 5507 1307 5571 Παυλοῖωάννοι,
1365 5509 1723 5564 Παυλικιανοὶ

189 5578 658 5660 κατονομάζονταιο
699 5600 766 5652 τά
789 5598 845 5652 δὲ
880 5599 980 5668 τῆς
1016 5597 1222 5651 τούτων
1279 5601 1548 5669 αἱρέσεως
1603 5603 1722 5656 Φώ-

189 5691 288 5741 τιος
305 5683 330 5734 ὁ
347 5686 688 5759 πατριάρχης
710 5691 1118 5744 Κωνσταντινου
1127 5690 1327 5754 πόλεως
1349 5695 1698 5763 χρηματίσας
1707 5736 1721 5762 9

193 5769 241 5821 ἂν
267 5771 422 5841 ικανῷ
447 5780 744 5850 στηλιτεύει
771 5782 938 5854 λόγῳ.

251 5863 376 5933 Τοὺς
404 5865 496 5925 οὖν
533 5872 657 5946 ἄρτι
683 5877 777 5932 καὶ
803 5881 1088 5952 προσεχώς
1134 5882 1400 5954 ῥηθέντας
1425 5881 1593 5954 ἄμφω
1623 5898 1720 5936 κασ-

1826 3309 1895 3362 ab
1943 3309 2098 3364 initio
2129 3311 2319 3365 hzuresi
2357 3328 2544 3368 eorum
2587 3317 2788 3371 assueti
2843 3330 2990 3374 sunt.
3035 3321 3090 3376 Si
3117 3325 3210 3392 qui
3243 3340 3395 3389 vero,

1825 3398 2019 3468 inquit,
2052 3415 2115 3455 ex
2146 3401 2213 3458 iis
2250 3403 2304 3457 in
2332 3405 2654 3460 clericorum
2693 3423 2925 3468 numero
2953 3414 3398 3485 erant,ignoran-

1825 3491 1970 3546 tibus
2000 3493 2180 3547 forsan
2221 3494 2286 3548 iis
2319 3511 2351 3549 a
2381 3497 2581 3566 quibus
2606 3499 2840 3556 ordinati
2861 3512 3008 3570 sunt,
3059 3522 3218 3574 quam
3244 3510 3396 3580 impii

1823 3593 2029 3651 essent,
2060 3587 2220 3640 etiam
2254 3602 2314 3642 re
2345 3590 2560 3660 cognita
2602 3592 2930 3662 rebaptizari
2955 3597 3181 3666 debent,
3210 3602 3280 3656 ab
3303 3618 3397 3657 or-

1823 3675 2102 3732 dinatione
2142 3693 2240 3732 sua
2296 3681 2430 3736 nihil
2481 3684 2674 3752 adjuti.
2701 3684 2843 3752 Quin
2890 3688 3000 3743 imo
3034 3691 3079 3746 si
3114 3704 3238 3762 post
3265 3695 3399 3765 bap-

1827 3766 2139 3824 tismntnah
2199 3774 2348 3827 omni
2408 3776 2837 3845 reprehensione
2882 3780 3160 3838 immunes
3216 3787 3398 3854 quoad

1822 3859 2038 3915 vivendi
2068 3863 2341 3919 rationem
2374 3866 2581 3925 inventi
2610 3870 2830 3937 fuerint,
2869 3876 2939 3928 ab
2965 3875 3222 3947 episcopo
3253 3879 3397 3934 illius

1824 3953 2092 4020 ecclesiae,
2111 3955 2166 4010 in
2207 3973 2313 4026 qua
2361 3975 2563 4016 nomen
2613 3963 2900 4031 dederunt,
2922 3969 3282 4037 ordinentur;
3309 3975 3396 4028 sin
3441 3957 3448 3960 ’

1824 4042 2028 4108 minus,
2067 4060 2097 4099 a
2124 4046 2270 4102 clero
2299 4049 2610 4118 ejiciantur.

2331 4141 2408 4194 De
2442 4141 2795 4202 Paulicianis.

1894 4229 2062 4285 Porro
2087 4239 2142 4286 et
2162 4231 2447 4297 Manichaei
2482 4235 2780 4296 Pauliciani
2811 4242 2941 4298 dicti
3002 4253 3148 4310 sunt,
3175 4261 3207 4301 a
3260 4246 3398 4302 duo-

1825 4320 1928 4375 bus
1956 4320 2214 4379 fratribus
2243 4325 2413 4382 Paulo
2444 4338 2498 4384 et
2521 4330 2735 4388 Joanne
2760 4350 2826 4389 ex
2876 4335 3175 4393 Samosatis
3207 4339 3396 4394 oriun-

1825 4417 1933 4480 dis,
1963 4412 2086 4470 ﬁliis
2117 4416 2363 4474 mulieris
2391 4422 2675 4491 cujusdam
2702 4425 3028 4493 Manichaee,
3058 4428 3140 4482 cui
3189 4445 3411 4485 nomen

1829 4519 1946 4566 erat
1983 4507 2259 4574 Callinice,
2294 4525 2413 4578 quae
2438 4528 2544 4568 non
2575 4524 2681 4569 tam
2708 4516 2850 4572 lacte
2899 4534 3061 4586 qnam
3114 4521 3395 4591 impietate

1830 4602 1969 4657 ﬁlios
2006 4617 2135 4659 suos
2175 4599 2420 4658 enutriit.
2453 4604 2520 4658 lli
2575 4623 2742 4662 unum
2781 4624 2902 4664 esse
2928 4610 3095 4665 Deum
3126 4613 3394 4682 pr.edica-

1827 4701 1974 4760 runt,
2002 4696 2094 4765 qui
2123 4705 2179 4752 et
2234 4695 2395 4750 Pater
2442 4705 2498 4752 et
2565 4696 2734 4753 Filius
2760 4708 2816 4754 et
2868 4701 3104 4771 Spiritus
3170 4716 3396 4762 sanctus

1825 4785 1968 4840 idem
1984 4787 2200 4843 dicitur.
2220 4788 2377 4844 Unus
2394 4789 2562 4856 enim,
2598 4790 2872 4860 inquiunt,
2903 4803 2986 4848 est
3013 4795 3178 4862 Deus,
3211 4807 3266 4852 et
3301 4797 3393 4852 Fi-

1824 4878 1931 4932 lius
1955 4878 2072 4948 ejus
2105 4880 2161 4933 in
2199 4879 2318 4949 ipso
2366 4889 2470 4943 est,
2539 4883 2998 4949 quemadmodum
3061 4886 3112 4940 in
3172 4888 3394 4944 homine

1826 4985 2026 5025 sermo.
2083 4971 2187 5026 Iste
2219 4981 2397 5026 autem
2432 4972 2626 5028 Sermo
2658 4973 2712 5028 in
2749 4982 2921 5031 terras
2952 4979 3177 5036 veniens
3206 4982 3261 5036 in
3296 4985 3393 5038 ho-
3442 4976 3456 4988 ί

1824 5062 1974 5116 mine
2008 5063 2286 5129 habitavit,
2347 5064 2439 5134 qui
2469 5065 2644 5120 dictus
2697 5078 2814 5122 erat
2845 5068 3023 5136 Jesus,
3059 5083 3112 5127 et
3169 5089 3392 5129 meone-

1825 5153 1934 5208 mia
1965 5155 2234 5223 completa
2265 5156 2511 5210 ascendit
2540 5158 2606 5210 ad
2669 5159 2900 5216 Patrem.
2936 5163 3036 5219 llic
3088 5175 3268 5220 autem
3298 5167 3392 5223 Je-

1825 5260 1920 5299 sus
1944 5247 2012 5299 ab
2046 5245 2185 5300 infra
2221 5254 2359 5310 erat,
2383 5261 2411 5299 a
2438 5247 2605 5301 Maria
2636 5250 2898 5321 originem
2929 5255 3157 5311 ducens.
3184 5258 3227 5311 A
3250 5258 3391 5313 dun-

1824 5335 1930 5391 bus
1973 5335 2136 5408 igitur
2195 5338 2310 5392 istis
2344 5339 2509 5393 Paulo
2544 5349 2598 5394 et
2625 5340 2854 5411 Joanne,
2882 5345 3164 5416 discipulis
3196 5365 3388 5406 eorum

1824 5430 2260 5488 Panlicianornm
2285 5449 2483 5489 nomen
2506 5437 2738 5493 barbare
2757 5444 3118 5510 compositum
3147 5445 3244 5513 ιι
3285 5444 3390 5498 im-

1825 5524 2149 5593 ponebatur,
2197 5524 2488 5580 Pauliciam
2535 5534 2678 5584 enim
2719 5546 2818 5600 pro
2849 5533 3232 5588 Paulo-Joanni
3273 5536 3390 5590 die-

1824 5618 1862 5670 ti
1886 5624 2030 5668 sunt.
2077 5613 2276 5670 Eorum
2315 5627 2494 5673 autem
2538 5621 2787 5693 lia-resim
2821 5623 3043 5678 Photius
3085 5627 3388 5693 patriarcha

1821 5705 2456 5777 Constantinopolitanus
2485 5710 2629 5780 justa
2657 5713 2900 5769 oratione
2942 5715 3276 5787 perstringit.

1894 5885 2060 5941 Porro
2107 5899 2346 5944 canones
2387 5888 2578 5946 ambos
2620 5890 3014 5960 subsequentes
3040 5933 3055 5956 .
3126 5891 3386 5954 nimirum

3571 1253 3620 1273 ια
