3902 6558
517 422 658 487 Ῑυὲθ
1705 406 2073 469 ΜΛΤΤΙΙᾸΞΙ

2192 404 2537 467 .ASTARIS
3613 400 3728 468 1049

508 537 565 602 7,
601 533 792 606 synod.
842 549 902 598 tt,
938 540 992 584 et
1048 528 1130 592 I9,
1192 542 1317 598 syn.
1375 543 1417 582 ι.
1479 525 1573 583 95.
1629 540 1703 584 γι,
1769 539 1891 593 syn.
1948 534 2082 573 con-

2192 517 2365 579 μόνας.
2391 518 2480 569 τόν
2508 533 2563 568 τε
2607 513 2651 580 ζ’
2684 514 2779 585 τῆς
2821 513 2865 582 β’
2906 512 3148 574 συνόδου,
3186 511 3277 564 καὶ
3320 511 3414 580 τῆς
3465 516 3513 567 α’
3556 514 3642 567 τὸν
3674 514 3728 568 ιθ¹

502 604 757 698 iungens,
802 633 855 678 et
891 637 1082 677 eorum
1153 620 1268 674 fere
1300 613 1481 669 verbis
1526 627 1676 676 usus,
1713 609 1883 671 addit,
1926 623 2084 677 Opor-

2192 613 2211 665 ό
2248 608 2330 677 ιιιε’
2356 609 2452 678 τῆς
2489 605 2542 672 ς’
2578 607 2797 660 συνόδου
2836 606 3017 660 κανὼν
3045 604 3272 667 ἑνώσας,
3318 605 3549 664 καὶτοῖς
3574 606 3757 659 αὑτῶν⁶

508 695 621 774 tere
650 719 813 772 etiam
841 712 1165 783 rebaptizari
1197 710 1540 765 Manichuos.
1576 715 1633 759 et
1663 701 1997 763 Valentinos,
2028 710 2084 754 et

2192 703 2376 772 σχεδὸν
2402 701 2745 770 χρησάμενος
2768 699 3001 769 ῥήμασι,
3028 695 3393 766 προσεπάγει,
3411 695 3603 765 χρῆναι
3622 697 3731 770 ἀνα.

507 812 902 865 Marcionistas.
921 805 1274 863 Nestorianos
1297 812 1478 858 autem
1510 801 1721 857 libellos
1744 799 1896 863 dare,
1926 798 2083 852 sche-

507 906 663 960 dulas
707 903 822 958 sciti
846 913 911 956 ret
948 902 1177 955 hatresin
1232 912 1385 951 suam
1433 896 1654 950 infamia
1701 900 1974 953 notantes.
2023 899 2079 944 et

508 998 823 1054 nominatim
884 993 1190 1050 Nestorium
1248 1004 1553 1053 exsecrare,
1615 1002 1717 1040 nec
1764 1001 1874 1038 non
1917 984 2083 1050 Euty-

507 1094 745 1151 chetetn,
767 1098 822 1143 et
857 1088 1195 1146 Dioscornm,
1231 1093 1288 1137 et
1321 1081 1606 1144 Severum,
1635 1077 1729 1147 qui
1784 1076 1944 1129 aliam
1983 1074 2083 1127 im-

510 1188 767 1257 pietatem
797 1222 811 1247 ,
842 1197 905 1234 ex
957 1180 1225 1234 diametro
1261 1191 1293 1230 a
1337 1174 1663 1230 Nestoriana
1714 1168 2082 1228 tliﬂerentem,

510 1280 907 1349 excogitarunt.

579 1463 655 1517 De
703 1458 952 1514 Nestorio
984 1455 1224 1511 nondum
1262 1452 1503 1513 dicetur;
1540 1446 1609 1503 de
1665 1442 1965 1514 Eutychete
2021 1446 2083 1493 et

512 1549 770 1603 Dioscoro
800 1545 853 1599 in
883 1544 1135 1615 praesenti
1164 1540 1455 1595 dicendum
1484 1545 1593 1591 est.

918 1741 989 1796 De
1019 1740 1268 1794 υἱοπονο
1293 1746 1341 1790 et
1365 1733 1672 1805 Eutydtete.

581 1842 873 1898 Dioscorus
900 1832 1353 1909 sacrunrinelytue
1384 1827 1533 1881 urbis
1560 1821 1941 1879 Alexandrinae
1969 1820 2081 1875 cla-

2190 793 2552 856 ϐαπτίζεσθαι
2580 790 2705 854 τούς
2752 808 2811 843 τε
2840 790 3195 861 Μανιχαὼυς,
3227 791 3323 843 καὶ
3349 788 3730 856 Οὐαλεντίνους,

2187 884 2281 934 καὶ
2309 881 2733 947 Μαρκιωνιστάς
2758 894 2772 910 ο
2810 879 3215 946 Νεστοριανοὺς
3250 878 3327 941 δὲ,
3364 877 3635 942 λιϐἐλλους
3665 878 3729 930 δι-

2181 974 2351 1036 δόναι,
2393 973 2700 1041 γράμματα
2749 970 2951 1039 δηλαδὴ
2983 970 3080 1039 τὴν
3110 969 3262 1038 σφῶν
3321 969 3533 1039 αἰρεσιν
3570 970 3731 1039 στηλι-

2181 1064 2432 1126 τεύοντα,
2464 1064 2726 1132 ὀνομαστί
2762 1081 2818 1115 τε
2846 1065 2939 1115 τὸν
2969 1063 3263 1134 Νεστόριον
3291 1063 3593 1134 ἀναθέματι
3616 1064 3731 1116 καθ-

2185 1156 2547 1210 υποϐἀλλεινο
2574 1157 2633 1211 οὐ
2677 1156 2813 1226 μὴν,
2841 1156 2978 1209 ἀλλὰ
3028 1158 3122 1210 καὶ
3179 1156 3467 1227 Εὑτυχέαῖ,
3497 1159 3591 1210 καὶ
3632 1158 3731 1211 Διό-

2187 1265 2401 1319 σκορον,
2437 1248 2529 1301 καὶ
2560 1248 2818 1317 Σεὸἦρον,
2844 1250 2971 1312 τοὺς
3010 1251 3073 1301 ὲκ
3105 1248 3398 1318 διαμέτρου
3433 1247 3527 1304 τοῦ
3549 1248 3730 1302 Νεστο-

2188 1344 2308 1414 ρίου
2348 1342 2543 1413 ἑτέραν
2565 1343 2929 1418 ἐξευρηκότας
2957 1342 3293 1396 δυσσέϐειαν.

2251 1434 2335 1487 Τὰ
2365 1434 2466 1504 μὲν
2500 1430 2595 1487 οὖν
2624 1433 2765 1486 κατὰ
2795 1433 2884 1486 τδν
2914 1434 3212 1503 Νεστόριον
3245 1436 3370 1489 ὅσον
3400 1452 3553 1489 conto
3580 1437 3731 1509 ρηθίΓ

2178 1538 2366 1577 σεται-ο
2424 1524 2556 1591 περὶ
2608 1523 2706 1592 μέν
2742 1541 2823 1576 τοι
2880 1523 2976 1577 τοῦ
3008 1525 3284 1595 Εὐτυχοῦς
3334 1529 3432 1582 καὶ
3460 1529 3728 1600 Διοσκόρω

2175 1614 2276 1686 ἤδη
2310 1616 2523 1686 ῥητέον.

2461 1729 2603 1796 Περὶ
2634 1732 2965 1799 Διοσκόρου
3004 1732 3105 1787 καὶ
3134 1731 3469 1799 Εὐτυχοῦς.

2266 1816 2326 1873 '0
2354 1819 2535 1872 τοίνυν
2591 1820 2883 1889 Διόσκορος
2910 1860 2927 1886 ,
2980 1823 3079 1892 τῆς
3148 1822 3502 1893 περιωνύμου
3544 1822 3729 1885 πόλεως

509 1948 635 1988 vutn
659 1929 885 2001 profane
916 1906 1124 1987 tenuit;
1164 1931 1220 1977 et
1244 1919 1517 1991 Eutyches
1552 1918 1606 1970 in
1641 1914 1824 1985 regina
1858 1912 2077 1968 urbium

2194 1913 2609 1983 Ἀλεξανδρείας
2633 1914 2762 1976 τοὺς
2798 1915 2977 1983 ἱεροὺς
3024 1914 3260 1982 ἀνιέρως
3286 1914 3603 1985 διεχείριζεν
3627 1915 3729 1969 οἷα·

2180 2023 2311 2069 κας·
2351 2004 2602 2076 Εὐτυχὴς
2656 2005 2736 2070 δὲ,
2783 2006 2896 2059 τῶν
2927 2008 2986 2059 ἒν
3012 2010 3078 2078 τῇ
3124 2006 3361 2077 βασιλίδι
3407 2007 3515 2061 τῶν
3540 2007 3730 2059 πόλεων

508 2020 935 2080 archimandrila
967 2032 1064 2072 seu
1100 2011 1336 2069 cwnobii
1369 2010 1661 2081 pmfectus
1684 2015 1824 2063 erat.
1870 2006 1935 2059 lli
1964 2006 2076 2060 Do-

506 2116 714 2171 minum
747 2122 995 2165 nostrum
1013 2106 1200 2162 Jesum
1226 2102 1509 2158 Christum
1542 2098 1690 2153 Patri
1709 2097 1926 2167 quidem
1948 2110 2080 2150 con-

508 2204 919 2262 substantialem
945 2198 1259 2259 credebant,
1280 2194 1424 2249 circa
1441 2201 1619 2249 autem
1648 2189 2076 2244 incarnationem

508 2297 831 2364 blaspheme
877 2291 1038 2346 locuti
1088 2299 1234 2352 sunt,
1283 2296 1339 2340 et
1394 2283 1629 2338 ltaaresin
1677 2280 1935 2344 Nestor-ii,
1984 2278 2076 2347 qui

509 2389 649 2443 duos
707 2386 846 2443 ﬁlios
896 2380 1223 2442 introduxit,
1270 2376 1559 2437 evitantes,
1612 2374 1667 2427 in
1721 2369 2075 2442 przecipitium

511 2474 848 2531 contrarium
892 2470 1110 2542 impulsi
1146 2475 1301 2524 sunt.
1328 2467 1470 2520 Duas
1514 2464 1661 2518 enim
1712 2461 1925 2517 Dimini
1974 2475 2079 2514 na-

509 2582 680 2635 turas,
733 2565 1076 2623 divinitatem
1129 2559 1339 2615 scilicet
1388 2565 1443 2610 et
1484 2552 1903 2615 humanitatem,
1955 2562 2081 2619 post

509 2661 767 2717 unionem
801 2652 1080 2718 contundi,
1131 2659 1187 2706 et
1226 2649 1282 2702 in
1330 2660 1494 2718 unam
1527 2652 1778 2697 naturam
1827 2637 2080 2695 contrahi

509 2755 675 2825 impie
743 2744 1120 2808 tradiderunt,
1190 2743 1434 2809 adeoque
1485 2736 1701 2792 ditinas
1773 2734 2077 2802 passiones,

508 2823 705 2917 quibus
731 2840 1041 2896 humanitas
1069 2833 1302 2891 obnoxia
1339 2838 1477 2894 erat,
1516 2824 1789 2882 divinitati
1816 2823 2080 2917 attribue-

506 2912 655 2992 runt.
695 2936 835 3002 Quin
863 2941 918 2987 et
949 2929 1232 2984 Dominum
1267 2937 1373 2977 non
1411 2934 1631 2976 carnem
1673 2924 1873 2971 nostra:
1900 2912 2080 2968 simil-

507 3032 691 3085 limam
723 3023 1111 3094 assumpsisse,
1141 3034 1244 3075 nec
1280 3030 1400 3072 eam
1436 3029 1501 3069 ex
1540 3009 1781 3081 Virginis
1813 3007 2080 3077 Sanguine

2192 3017 2543 3087 ἀνθρωπότης
2577 3018 2788 3087 ὑπέστη
2820 3019 2941 3071 θεῖα
2981 3006 3495 3088 παθήματα.”Αλλὰ
3531 3026 3624 3077 καὶ
3644 3022 3729 3091 τήν

507 3118 799 3192 compingi,
833 3116 929 3172 sed
968 3111 1315 3169 ineﬂabiliter
1360 3115 1418 3161 et
1464 3101 1724 3159 diviniori
1761 3099 1924 3154 modo
1947 3112 2079 3153 eum

2192 3110 2365 3180 σάρκα
2396 3110 2495 3180 οὐχ
2524 3109 2814 3178 ὁμοούσιον
2852 3112 2986 3179 ἡμῖν
3024 3111 3376 3182 ἀνειληφέναι
3410 3114 3501 3166 τὸν
3545 3113 3730 3185 Κύριον

506 3216 846 3270 incarnatum
885 3209 1052 3264 fuisse
1081 3201 1374 3260 commenti
1405 3204 1552 3254 sunt.
1606 3197 1755 3259 Quos
1791 3192 1993 3246 idcirco
2029 3204 2082 3244 tv

2192 3201 2396 3269 ἔλεγον,
2430 3202 2542 3255 οὐδ’
2571 3203 2633 3255 ὲκ
2656 3203 2766 3276 τῷν
2813 3203 3164 3272 παρθενικῶν
3196 3209 3550 3276 συμπαγῆναι
3582 3207 3728 3274 αἱμάο

508 3304 749 3376 synodus
773 3297 1113 3356 mcumcnica
1146 3291 1491 3349 Chalcedone
1528 3287 1823 3348 celebrata,
1853 3298 2083 3339 sexcen-

2192 3310 2313 3358 των,
2346 3294 2461 3347 ἀλλ’
2490 3273 2749 3367 appr,sz
2784 3313 2903 3360 πως
2924 3297 3017 3351 καὶ
3046 3273 3335 3369 θειοτέρους
3381 3273 3730 3370 σεσαρκῶσθαι

507 3399 580 3452 tis
610 3405 665 3451 et
688 3393 906 3464 triginta
929 3387 1181 3443 Patribus
1203 3394 1480 3444 constans,
1513 3377 1788 3448 deposuit.

2192 3384 2351 3439 αὑτὸν
2401 3386 2776 3439 ἀνέπλαττονο
2820 3385 2916 3450 οὓς
2966 3387 3216 3441 καθεῖλεν
3266 3390 3301 3458 ἡ
3366 3390 3427 3442 ιν
3456 3390 3732 3461 Χαλκηδόνι

2182 2099 2344 2169 ῑερῷν
2364 2116 2420 2151 σε
2432 2098 2633 2168 μνείων
2670 2098 3103 2168 ἀρχιμανδρίτης
3133 2098 3434 2166 ὶτύγχανεν
3469 2098 3565 2154 ὢν.
3589 2090 3729 2151 Οὗτοι

2178 2191 2269 2245 τὸν
2301 2191 2506 2261 Κύριον
2559 2189 2717 2259 ἡμῶν
2771 2189 2987 2260 Ἰησοῦν
3033 2190 3271 2261 Χριστὸν
3329 2190 3617 2260 ὁμοούσιον
3644 2191 3730 2259 μὶν

2178 2282 2462 2335 ἐπίστευον
2485 2282 2564 2353 τῷ
2607 2284 2804 2352 Πατρὶ.
2854 2281 2989 2350 περὶ
3022 2281 3081 2336 δέ
3107 2299 3172 2351 γε
3213 2283 3311 2353 τὴν
3337 2283 3730 2355 ἑνανθρώπησιν

2181 2373 2501 2444 βλάσφημον
2528 2374 2782 2442 γλῶτταν
2812 2375 3050 2442 ἐκίνουν,
3110 2378 3207 2429 καὶ
3258 2377 3553 2445 φεύγοντες
3593 2376 3733 2445 δῆθεν

2178 2466 2278 2536 τὴν
2317 2467 2410 2519 τοῦ
2440 2467 2739 2533 Νεστορίου
2780 2466 3070 2537 διαίρεσιν,
3100 2467 3195 2520 δύο
3220 2470 3373 2531 υἱοὺς
3421 2470 3728 2535 εἰσάγοντος.

2179 2559 2260 2620 εἰς
2299 2559 2486 2630 ἕτερον
2539 2558 2785 2628 κρημνὸν
2824 2558 3158 2623 ἁπεναντίας
3191 2558 3471 2613 ὠθοῦντοο
3519 2561 3613 2624 τὰς
3638 2561 3732 2629 γὰρ

2179 2650 2273 2704 δύο
2307 2651 2399 2705 ἐπὶ
2431 2652 2525 2704 τοῦ
2559 2652 2767 2723 Κυρίου
2796 2651 3009 2720 φύσεις,
3037 2651 3135 2722 τῆς
3161 2669 3221 2705 τε
3248 2652 3505 2723 θεότητος
3535 2654 3731 2721 καὶτῆς

2181 2742 2624 2812 ὰνθρωπότητος,
2680 2743 2818 2811 μετὰ
2859 2744 2964 2815 τὴν
2996 2743 3196 2797 ἕνωσιν
3219 2747 3619 2815 συγκραθῆναι,
3649 2750 3730 2802 καὶ

2181 2836 2261 2898 είς
2286 2835 2415 2902 μίαν
2438 2835 2870 2903 ἀποτελεσθῆναι
2895 2833 3056 2903 φύσιν
3077 2836 3355 2899 δυσσεϐῶς
3376 2838 3730 2908 ὲδογμάτιζον,

2181 2926 2258 2988 ὡς
2278 2925 2530 2979 ἐντεῦθεν
2559 2927 2656 2980 καὶ
2683 2928 2751 2995 τῇ
2783 2926 3001 2997 θεότητι
3036 2926 3519 2998 προσαρμόξεσθαι
3549 2930 3726 3001 ἄπερή

1141 3583 1213 3637 De
1243 3580 1454 3637 Severo.

579 3682 710 3737 Erat
738 3689 917 3734 autent
963 3676 1197 3731 Severus
1226 3671 1534 3727 Antiochiae
1582 3664 1899 3739 episcopus,
1928 3666 2087 3722 Dios-

511 3790 637 3831 coro
688 3783 745 3829 et
800 3770 1102 3836 Eutychcte
1161 3768 1439 3837 impietate
1476 3779 1585 3819 non
1628 3761 1891 3828 inferior;
1955 3775 2087 3830 qua-

511 3875 732 3937 propter
760 3864 828 3917 ab
852 3860 1171 3917 ortltodoxis
1207 3862 1403 3914 throno
1437 3856 1600 3912 simul
1626 3870 1690 3911 ac
1720 3855 1858 3910 urbe
1897 3852 2089 3923 expul-

513 3976 619 4020 sns,
644 3957 709 4011 ad
731 3954 1108 4010 Alexandriam
1133 3951 1400 4021 pervenit,
1423 3949 1511 4003 ubi
1537 3948 1733 4003 librum
1759 3945 2087 4019 conscripsit

513 4050 656 4105 omni
696 4047 975 4116 impietate
1029 4044 1313 4108 refertum,
1363 4044 1417 4096 in
1448 4058 1556 4111 quo
1596 4050 1785 4096 contra
1823 4039 2087 4110 synodum

513 4151 752 4212 quartam
768 4135 1272 4192 Chalcedonensem
1294 4134 1597 4199 invehitur,
1614 4134 1914 4188 etltwresin
1942 4131 2087 4185 illam

513 4246 633 4301 qua:
673 4243 831 4284 unam
868 4226 923 4279 in
958 4225 1187 4280 Domino
1221 4233 1469 4278 naturam
1514 4232 1637 4292 post
1684 4223 1937 4277 unionem
1977 4230 2089 4275 sta-

514 4324 633 4388 tuit,
663 4324 988 4377 conﬁrmare
1018 4331 1306 4387 aggressus
1324 4324 1429 4371 est.
1459 4315 1686 4371 Librum
1719 4316 1885 4377 hunc,
1910 4314 2087 4383 phila-

515 4418 701 4478 tetlien,
728 4430 823 4469 seu
879 4413 1115 4467 veritatis
1149 4419 1417 4463 amantem
1442 4408 1735 4489 inscripsit,
1764 4406 1900 4477 patri
1938 4422 2090 4461 men-

2191 3477 2546 3547 οίκουμενικὴ
2583 3476 2625 3530 δ’
2661 3479 2880 3541 σύνοδος
2905 3478 3011 3532 τῶν
3036 3478 3118 3551 χλ¹
3146 3481 3425 3550 Πατέρων.

2739 3594 2876 3661 Περὶ
2906 3592 3192 3660 Σεσήρου.

2260 3681 2329 3735 ’Ὀ
2354 3698 2417 3749 γε
2448 3683 2555 3753 μὴν
2584 3680 3192 3752 Σεϐἦρος,Ἀντιοχεία;
3215 3683 3511 3749 ἐπίσκοπος
3530 3681 3732 3757 ἧν,κατ⁹

2188 3772 2343 3826 οὐδὲν
2369 3773 2562 3825 ἐνδέων
2584 3772 2655 3825 τά
2674 3789 2738 3840 γε
2770 3774 2853 3836 είς
2874 3772 3131 3829 ἀσέϐειαν
3156 3776 3451 3847 Διοσκόρου
3474 3782 3562 3833 καὶ
3587 3776 3730 3830 E510-

2190 3864 2318 3933 χοῦς
2336 3880 2350 3895 ο
2386 3863 2555 3936 ταύτῃ
2585 3881 2670 3917 τοι
2701 3865 2953 3937 καὶπρὸς
2988 3866 3097 3921 τῶν
3116 3867 3415 3937 opacae:ng
3439 3870 3531 3922 τοῦ
3557 3869 3723 3940 θρόνου

2192 3953 2309 4023 ἅμα
2335 3955 2431 4007 καὶ
2471 3955 2574 4024 τῆς
2629 3955 2840 4019 πόλεως
2881 3957 3346 4027 ἐξοστρακισθεὶς,
3379 3959 3479 4031 τήν
3508 3960 3727 4024 Ἀλεξίν-

2190 4046 2373 4116 δρειαν
2399 4047 2746 4118 κατειλήφει,
2769 4047 2898 4102 ἔνθα
2925 4050 3020 4102 καὶ⁸
3052 4050 3236 4120 βίϐλον
3264 4053 3542 4106 συντάττει
3574 4053 3728 4120 πάσης

2191 4138 2473 4204 γέμουσαν
2522 4138 2865 4205 δυσσεϐείας,
2911 4141 2968 4192 ἐν
3019 4134 3054 4213 ᾖ
3102 4142 3399 4212 κατέτρεχε
3450 4144 3543 4213 μὲν
3569 4143 3658 4214 τῆς
3682 4144 3730 4195 ἐν

2192 4229 2497 4297 Χαλκηδόνι
2550 4231 2593 4283 δ’
2629 4232 2881 4293 συνόδου,
2931 4232 3227 4302 κρατύνειν
3262 4234 3307 4287 δ’
3354 4238 3600 4306 ἐπειρᾶτο
3643 4236 3734 4306 τὴν

2192 4322 2625 4391 δογματίζουσαν
2653 4323 2883 4392 αἵρεσιν,
2917 4326 3048 4394 μίαν
3098 4325 3259 4393 φύσιν
3297 4327 3394 4381 ἐπὶ
3436 4328 3521 4381 τοῦ
3553 4326 3731 4397 Κυρίου

2198 4414 2336 4483 μετὰ
2365 4415 2463 4481 τὴν
2507 4412 2739 4467 ἕνωσινο
2786 4415 2993 4485 ταύτην
3027 4415 3084 4468 δὲ
3136 4416 3236 4487 τὴν
3271 4417 3453 4487 βίϐλον
3480 4417 3729 4490 ἐπέγραψε
3783 4434 3792 4461 ι

515 4508 790 4563 dacinrum
828 4505 1001 4558 nihilo
1040 4503 1218 4557 minus
1249 4503 1473 4555 charum
1512 4518 1525 4554 :
1573 4515 1733 4570 quem
1775 4499 1866 4569 qui
1910 4498 1979 4552 ab
2020 4511 2084 4552 eo

2200 4523 2217 4555 ι
2251 4506 2520 4576 φιλαλήθη
2552 4524 2570 4558 ν
2611 4507 2710 4566 τὴν
2740 4507 2839 4576 οὐχ
2869 4507 3069 4597 ἣκιστα
3104 4508 3185 4577 τῷ
3214 4508 3309 4561 τοῦ
3338 4509 3561 4579 ψεύδους
3591 4525 3730 4577 πεφι-

514 4600 769 4655 dicuntur
831 4595 1107 4651 Severiani
1185 4592 1491 4664 Evangeliis
1531 4591 1851 4661 prmferunt.
1916 4590 2084 4643 Iidem

2192 4597 2434 4668 λημένην
2463 4601 2651 4669 πατρὶ,
2679 4601 2745 4667 ἢν
2764 4600 2813 4651 οἱ
2835 4600 2929 4651 ἀπ’
2954 4590 3164 4652 ἐκείνου
3186 4600 3475 4671 λεγόμενοι
3496 4600 3727 4672 Σεϐηριαο

498 4694 674 4747 etiam
715 4689 968 4759 Acephali
1008 4695 1295 4749 vocantur,
1338 4701 1450 4740 non
1498 4684 1671 4740 solum
1713 4683 1861 4752 quod
1906 4681 2090 4750 plures

517 4783 717 4837 l‘nerint
743 4782 900 4852 hujus
925 4780 1149 4835 hmresis
1171 4778 1386 4848 patroni
1432 4776 1799 4843 fautoresque.
1824 4772 2090 4842 sedquod

520 4876 746 4930 diversis
776 4872 1061 4928 sententiis
1102 4872 1170 4926 ab
1200 4870 1431 4924 invicem
1461 4867 1737 4929 diil‘erant,
1771 4876 1825 4920 et
1856 4868 1998 4920 inter
2032 4879 2091 4919 se

521 4982 625 5023 non
673 4968 895 5022 omnino
930 4963 1282 5019 conveniant.

1086 5169 1159 5223 De
1192 5165 1520 5223 Manichceis.

593 5284 856 5338 Dicuntur
887 5283 1163 5341 Manichaei
1208 5285 1301 5356 qui
1350 5283 1521 5339 Manis
1556 5281 1742 5339 deliria
1783 5280 1838 5338 in
1880 5282 2090 5339 honore

524 5377 745 5431 trahent.
791 5375 978 5430 Manes
1000 5385 1179 5432 autem
1210 5391 1331 5433 sese
1366 5375 1706 5431 Paracletum
1739 5375 1990 5442 vocabat,
2035 5384 2091 5431 et

524 5470 791 5523 Christum
837 5482 936 5538 per
979 5468 1290 5536 Opinionem
1339 5476 1395 5523 et
1427 5466 1868 5539 imaginationem
1916 5482 2087 5538 appa-

524 5560 695 5615 ruisse
733 5559 941 5615 docuit.
984 5557 1095 5614 Duo
1128 5561 1404 5615 statuebat
1456 5559 1746 5630 principia,
1785 5559 1990 5614 bonum
2034 5568 2091 5615 et

526 5651 868 5715 malum,sive
893 5652 1054 5706 Deum
1081 5662 1135 5706 et
1165 5653 1463 5705 materiam.
1490 5650 1659 5707 Vetus
1677 5651 2087 5708 Tesmmentum

527 5744 824 5799 maledictis
853 5745 1097 5800 incessit.
1132 5742 1339 5797 Lunam
1365 5753 1421 5799 et
1460 5743 1637 5798 sidera
1667 5753 1923 5815 tanquam
1957 5744 2090 5801 deos

521 5835 735 5891 adorari
777 5837 1043 5906 permisit.
1089 5834 1281 5891 Cernis
1319 5837 1773 5893 resurrectionem
1830 5837 2081 5907 negabat.

2194 4689 2273 4740 νο“ι
2299 4688 2535 4756 τιμῶσιν
2556 4688 2694 4757 ὑπὲρ
2720 4688 2788 4740 τὰ
2814 4688 3125 4757 Εὖαγγέλια
3144 4707 3159 4722 ·
3184 4692 3242 4757 ,oi
3279 4692 3436 4747 αὐτοὶ
3484 4691 3538 4744 δὲ
3567 4689 3727 4755 λέγον-

2192 4794 2282 4831 ται
2315 4779 2627 4848 Ἀκέφαλοι,
2655 4779 2731 4847 τῷ
2759 4781 2837 4849 μὴ
2868 4779 3029 4848 μόνον
3058 4780 3289 4844 πολλοὺς
3323 4780 3726 4853 ἑσχηκέναιγεν-

2193 4873 2424 4940 νήτορας
2473 4870 2568 4922 καὶ
2627 4860 2907 4941 ἁρῇίηγοὺς
2960 4870 3062 4939 τῆς
3126 4872 3414 4940 αἱρέσεως.
3474 4873 3602 4927 ἀλλὰ
3646 4875 3728 4927 καὶ

2191 4962 2468 5033 διαφόροις
2493 4962 2675 5028 δόξαις
2726 4964 3143 5033 μεριζομένους,
3200 4967 3294 5017 καὶ
3327 4964 3576 5036 ἀλλήλοις
3611 4964 3725 5026 ὅλως

2198 5052 2273 5123 μὴ
2304 5053 2723 5121 συμϐαίνοντας.

2718 5164 2851 5231 Περὶ
2874 5168 3027 5218 Μανι
3035 5168 3243 5234 καίων.

2264 5280 2553 5350 Μανιχαῖοι
2613 5279 2668 5332 δὲ
2719 5280 2968 5348 λέγονται
3024 5282 3075 5335 οἱ
3110 5284 3509 5354 πρεσϐεύοντες
3558 5287 3625 5339 τὰ
3649 5283 3724 5338 τοῦ

2191 5369 2495 5431 Μάνεντοςσ
2552 5373 2579 5422 ὁ
2628 5370 2684 5422 δὲ
2716 5371 2904 5440 Μάνης
2959 5363 3136 5435 οὗτος,
3186 5374 3537 5446 παράκλητον
3566 5376 3726 5428 ἑαυτὸν

2192 5462 2396 5520 ἐκάλει,
2439 5462 2661 5531 δοκήσει
2690 5462 2744 5515 δὲ
2774 5467 2868 5517 καὶ
2898 5465 3172 5536 φαντασία
3198 5466 3289 5520 τὸν
3317 5466 3551 5536 Χριστὸν
3571 5468 3727 5537 ἠγεῖτο

2194 5555 2524 5624 πεφηνέναι.
2548 5555 2651 5608 Δύο
2683 5557 2859 5626 ἀρχὰς
2897 5559 3248 5627 ὲδογμάτιζε,
3302 5562 3541 5633 πονηράν
3568 5578 3627 5613 τε
3651 5558 3727 5612 καὶ

2192 5645 2425 5717 ἀγαθὴν.
2453 5647 2571 5717 ήτοι
2602 5647 2732 5699 Θεόν
2760 5665 2818 5699 τε
2858 5650 2952 5703 καὶ
3006 5648 3141 5719 ὕλην
3162 5665 3175 5679 ·
3209 5650 3308 5723 τὴν
3340 5651 3571 5706 παλαιὰν
3591 5649 3727 5703 ἐϐλα-

2196 5743 2403 5813 σφήμει
2433 5743 2700 5812 διαθήκην
2724 5758 2736 5771 ·
2771 5745 2998 5818 σελήνην
3028 5748 3121 5800 καὶ
3153 5748 3397 5819 ἀστέρας
3443 5746 3730 5819 προσκυνεῖν

2192 5830 2281 5888 οἷα
2339 5836 2494 5899 θεοὺς
2548 5838 2854 5907 ἐπέτρεπε·
2919 5840 3120 5910 σαρκὸς
3151 5841 3453 5897 ἀνάστασιν
3502 5840 3728 5911 ἠρνεῖτο·
