3902 6566
545 497 690 567 1063

1734 510 2105 571 ΜΑΤΤΠίΕί
2149 512 2578 572 BLASTARIS

3638 507 3753 576 Ῑθίί

539 612 778 683 itemque
818 610 1161 666 formidabi'e
1200 625 1412 666 sacrum
1463 612 1730 669 Dominici
1781 617 2029 685 corpm-is
2058 625 2102 670 el

2218 617 2366 670 τικοῦ
2421 617 2669 686 σώματος
2721 617 2813 670 καὶ
2865 617 3120 686 αἳματος,
3150 614 3257 667 τῶν
3290 613 3636 668 ἐνοικούντων
3659 621 3753 680 τοῖς

517 684 842 773 έσειιιειιῖιιῑε,
901 703 1047 772 quod
1093 703 1510 758 inhabitantium
1554 705 1750 774 templa
1800 684 2106 760 tltentonum

538 795 771 849 hostiam
817 795 1126 864 appellant;
1172 795 1329 849 aiunt
1375 796 1521 850 enim
1555 796 1607 849 in
1647 797 1904 853 omnibus
1934 797 2107 852 sacris

540 888 755 957 templis
807 886 1054 941 habitare
1100 887 1396 942 daemonas.
1463 887 1796 957 Baptismnm
1854 899 2104 942 nostrum

516 962 760 1037 gJoannis
781 979 1116 1050 baptismum
1133 988 1351 1041 vocant,
1375 995 1534 1034 suum
1557 989 1758 1043 autem,
1780 981 2104 1049 baptismum

516 1072 880 1134 .Servatoris;
917 1071 1136 1124 unicam
1178 1071 1551 1140 precationem
1593 1069 1739 1122 ilam
1779 1081 2103 1138 agnoscunt,

534 1163 701 1218 Pater
727 1171 930 1226 noster;
967 1169 1192 1215 caeteras
1224 1163 1509 1229 abrogant,
1553 1171 1608 1214 et
1634 1160 1880 1214 inutilem
1912 1175 2104 1229 garru-

533 1251 738 1306 litatem
765 1251 1058 1320 appellant.
1090 1250 1349 1319 Dciparos
1379 1259 1576 1304 vocant
1601 1265 1696 1304 eos
1720 1251 1809 1320 qui
1831 1251 2106 1305 exsisten-

535 1354 642 1396 tem
663 1345 804 1412 apud
854 1343 999 1412 ipsos
1052 1342 1286 1396 incolam
1333 1342 1612 1396 consecuti
1663 1351 1790 1396 sunt
1839 1343 2104 1412 Spiritum

533 1446 805 1498 sanctum,
838 1436 1004 1489 veluti
1037 1435 1128 1504 qui
1167 1450 1472 1489 sermonem
1494 1435 1546 1488 in
1579 1435 1826 1488 docendo
1855 1435 2101 1504 gignant.

449 1527 460 1559 -'
531 1525 648 1580 Non
689 1526 854 1581 modo
886 1543 982 1596 per
1029 1528 1296 1596 quietem,
1351 1542 1542 1581 verum
1588 1528 1754 1581 etiam
1819 1527 2104 1595 vigilantes

444 1604 454 1615 ’
531 1615 718 1670 videre
746 1629 804 1669 se
840 1616 1052 1670 Patrem
1081 1617 1392 1685 perhibent,
1425 1626 1486 1670 ut
1516 1631 1702 1671 senem
1736 1617 1891 1687 cujus
1915 1617 2104 1670 admo-

531 1705 660 1761 dum
689 1707 897 1777 prolixa
928 1709 1096 1763 barba
1123 1709 1214 1773 sit,
1245 1708 1441 1764 Filium
1473 1711 1710 1765 similem
1743 1711 1792 1764 ei
1830 1710 1922 1779 qui
1956 1709 2106 1763 lanu-

533 1799 714 1870 ginem
751 1799 976 1868 primam
1003 1814 1194 1854 recens
1216 1800 1530 1867 mutaverit,
1558 1801 1820 1870 Spiritum
1852 1808 2103 1855 sanctum

535 1899 594 1942 ut
611 1888 868 1958 juvenem
905 1891 1078 1946 nudas
1127 1891 1420 1946 admodum
1448 1892 1550 1962 13
1586 1907 1756 1963 genas
1786 1891 2100 1954 habentem,

2215 710 2364 771 ναοῖς
2408 709 2679 777 δαιμόνων
2744 706 2934 760 θυσίαν
2981 705 3186 776 ταύτην
3223 702 3658 764 ἀποκαλοῦντες·
3685 705 3754 757 λι.

2213 815 2368 866 γουσι
2419 798 2528 869 γάρ
2585 798 2644 850 ἐν
2672 798 2803 850 πᾶσι
2830 798 2947 860 τοῖς
2996 796 3157 864 ίεροίς
3187 797 3336 857 ναοῖς
3358 795 3484 856 τοὺς
3521 794 3754 861 δαίμοναε

2213 892 2523 943 κατοικεῖν·
2585 889 2682 940 καῖ
2735 889 2794 940 τὸ
2847 887 2947 956 μὲν
2991 886 3122 956 παρ’
3162 888 3296 957 ἡμῖν
3340 887 3621 956 βάπτισμα
3677 887 3754 939 τοῦ

2224 981 2471 1034 Ἰωάννου
2498 980 2766 1048 λέγοντες,
2796 979 2858 1032 τὸ
2887 980 2943 1034 δὲ
2980 978 3110 1048 παρ’
3139 980 3345 1041 αὐτοῖς,
3376 979 3472 1031 τοῦ
3505 979 3752 1048 Σωτῆρος·

2214 1075 2382 1142 μόνην
2413 1071 2740 1139 ὀνομάζουσι
2782 1071 3088 1140 προσευχὴν
3117 1070 3195 1133 τὸ,
3245 1069 3427 1138 Πάτερ
3453 1070 3637 1138 ἡμῶν,
3674 1073 3755 1128 τὰς

2209 1164 2255 1217 δ’
2281 1164 2447 1226 ἄλλας
2485 1161 2760 1225 άθετοῦσι,
2793 1161 3148 1230 βαττολογίαν
3175 1159 3599 1223 ἀποκαλοῦντες.
3639 1160 3754 1212 Oeo-

2209 1256 2400 1318 τόκους
2429 1255 2648 1322 λέγουσι
2704 1256 2829 1316 τοὺς
2861 1254 2989 1324 παρ’
3022 1253 3207 1314 αὐτοῖς
3257 1253 3466 1304 ἐνοικον
3501 1253 3756 1321 κτησαμέ-

2211 1364 2331 1410 νους
2359 1347 2418 1399 τὸ
2447 1347 2602 1413 ἅγιον
2633 1345 2874 1414 Πνεῦςια,
2930 1345 3006 1408 ὡς
3033 1346 3097 1398 ἂν
3117 1346 3206 1397 τὸν
3247 1345 3407 1411 λόγον
3437 1345 3496 1395 ἐν
3523 1343 3596 1411 τῷ
3628 1342 3755 1396 διδά-

2212 1455 2363 1492 σκειν
2393 1437 2716 1506 γεννῶντας.
2748 1437 3013 1504 Λέγουσιν
3045 1437 3105 1489 οὐ
3141 1437 3303 1505 μόνον
3330 1435 3486 1504 ὄναρ,
3528 1435 3656 1487 ἀλλὰ
3680 1437 3756 1486 καὶ

2211 1527 2360 1598 ῦπαρ
2393 1528 2630 1598 βλέπειν,
2655 1530 2744 1582 τὸν
2775 1528 2873 1598 μὲν
2904 1527 3146 1596 Πατέρα,
3191 1525 3268 1588 ὡς
3316 1527 3550 1594 γέροντα
3598 1526 3757 1578 καθει-

2213 1621 2373 1690 μένον
2403 1621 2602 1682 ίκανῶς
2622 1621 2720 1688 τὴν
2739 1619 2974 1689 ὑπήνην,
3010 1619 3102 1671 τὸν
3133 1619 3186 1674 δὲ
3217 1619 3366 1681 Υίδν,
3404 1619 3532 1687 άρτι
3556 1617 3644 1670 τὸν
3668 1618 3759 1668 ἴου.

2208 1713 2298 1766 λον
2319 1712 2714 1783 παραμείϐοντι
2762 1711 3006 1765 ἐοικότα·
3045 1711 3107 1765 τὺ
3153 1711 3212 1764 δὲ
3240 1709 3394 1779 άγιον
3426 1709 3666 1779 Πνεῦμα.
3693 1710 3756 1772 ὡς

2209 1805 2426 1857 νεανίαν
2445 1804 2632 1867 δεινῶς
2659 1803 2997 1874 ἐψιλωμένον
3024 1803 3126 1865 τὰς
3159 1803 3420 1872 παρειάς,
3455 1802 3565 1854 τῶν
3590 1802 3759 1868 δαιμό-

2208 1911 2316 1948 νων
2349 1894 2522 1958 οὖτως
2550 1894 2949 1958 ἐξαπατώντων
3003 1894 3224 1959 αὐτοὺς,
3265 1894 3360 1946 καὶ
3393 1892 3752 1951 διδασκόντων.

534 1981 872 2036 demonibus
905 1981 975 2036 ita
1017 1996 1112 2038 eos
1143 1982 1718 2046 circumvenientibus,
1780 1993 1835 2039 et
1866 1986 2102 2053 tumqua-

2218 1985 2389 2039 Ξνισον
2421 1981 2681 2056 εἶναιτὴν
2709 1986 2868 2054 ἁγίαν
2888 1985 3094 2056 Τριάδα
3122 1985 3266 2038 κατὰ
3295 1985 3394 2055 τὴν
3429 1985 3540 2036 τῶν
3567 1985 3751 2053 σχημά-

532 2072 640 2126 lem
699 2089 822 2129 esse
879 2084 1123 2130 sanctam
1173 2075 1494 2130 Trinitatem
1545 2075 1888 2139 docentibus,
1943 2075 2100 2141 juxta

531 2164 825 2221 discrimen
858 2167 1049 2220 harum
1085 2167 1402 2237 ﬁgurarum.
1448 2165 1656 2223 Omitto
1709 2166 1862 2237 plura
1911 2167 2102 2222 horum

533 2264 588 2310 et
644 2255 1099 2313 Massalianorum
1149 2259 1317 2329 impia
1370 2261 1647 2330 dogmata,
1712 2275 1784 2315 ne
1835 2259 2102 2315 lectorum

532 2362 696 2406 aures
733 2351 966 2420 amplius
995 2351 1291 2406 obtundam
1330 2369 1346 2407 :
1373 2351 1468 2422 qui
1503 2366 1633 2407 vero
1663 2351 1979 2408 eorumdem
2011 2352 2103 2408 de-

533 2441 652 2496 liria
679 2457 783 2497 non
816 2442 869 2496 in
910 2443 1162 2523 transitu,
1215 2443 1312 2499 sed
1349 2443 1565 2514 penitus
1591 2457 1918 2516 cognoscere
1946 2443 2100 2508 velit,

536 2531 731 2587 librum
760 2533 827 2588 de
853 2533 922 2590 iis
951 2542 1271 2592 tractantem
1301 2534 1563 2604 revolvat,
1596 2544 1655 2592 et
1679 2534 1884 2592 clarius
1908 2535 2102 2592 eadem

533 2627 845 2701 perspiciet.

602 2720 829 2788 Insuper
879 2720 910 2771 7
955 2735 1055 2777 nec
1105 2735 1211 2776 non
1260 2720 1294 2776 8
1333 2735 1504 2776 canon
1541 2721 1730 2794 synodi
1779 2721 2101 2778 Laodiceam

531 2829 629 2870 eos
681 2814 771 2882 qui
790 2829 855 2868 ex
884 2814 1077 2870 bmresi
1105 2812 1400 2886 Phrygum,
1421 2814 1488 2868 de
1501 2815 1701 2884 quibus
1715 2823 1873 2871 antea
1896 2815 2099 2869 dictum

530 2913 616 2962 est
642 2912 1055 2970 convertuntur,
1087 2904 1336 2974 quamvis
1381 2905 1431 2957 in
1470 2904 1616 2960 clero
1637 2919 1758 2960 esse
1782 2903 2103 2959 existimano

533 3006 642 3054 tur.
679 3005 734 3050 ct
774 2995 997 3052 maximi
1049 2999 1190 3064 apud
1252 2996 1374 3051 illos
1417 2995 1695 3060 dicuntur,
1743 3003 1802 3049 ut
1833 2995 1925 3064 qui
1965 2994 2102 3050 alios

499 3100 514 3118 ‘-
533 3086 888 3148 antecellant,
921 3098 975 3141 et
998 3087 1139 3143 inter
1165 3103 1260 3144 eos
1275 3089 1558 3144 doctorum
1585 3088 1836 3144 ordinem
1858 3094 2099 3152 teneant,

530 3177 855 3247 rebaptizari
876 3179 1080 3234 volunt.

608 3269 675 3324 Ut
716 3285 822 3322 uno
852 3271 1018 3325 verbo
1050 3271 1253 3336 dicam,
1285 3285 1476 3327 omnes
1520 3271 1614 3342 qui
1654 3272 1722 3327 ab
1753 3269 2100 3327 heterodoxis

2204 2093 2316 2130 των
2345 2076 2552 2130 τούτων
2591 2076 2877 2146 διαφοράν.
2927 2077 3037 2130 Καὶ
3062 2077 3132 2128 τὰ.
3160 2075 3331 2128 πλείω
3367 2074 3646 2144 παρείσθω
3678 2092 3754 2144 μοι

2203 2169 2302 2239 τῆς
2360 2167 2566 2223 τούτων
2608 2167 2702 2221 καὶ
2729 2168 2826 2237 τῆς
2875 2167 2986 2222 τῶν
3012 2166 3412 2222 Μασσαλιανῶν
3441 2166 3752 2232 δυσσεϐείας,

2203 2258 2293 2312 ἵνα
2328 2257 2403 2328 μὴ
2434 2259 2526 2310 ἐπὶ
2553 2257 2808 2310 πλεῖστον
2837 2258 2934 2320 τὰς
2982 2257 3090 2310 τῶν
3140 2257 3586 2327 ἐντυγχανόντων
3612 2257 3755 2310 ἀκοάς

2203 2351 2485 2405 άποκναίω
2509 2366 2523 2382 ·
2551 2350 2700 2412 ὅστις
2724 2350 2780 2404 δέ
2807 2351 2883 2419 μὴ
2907 2351 2965 2403 ἐν
2995 2349 3262 2420 παρέργῳ
3283 2351 3413 2413 τοὺς
3432 2349 3612 2402 αὐτῶν
3633 2349 3755 2416 γνῶο

2203 2459 2292 2498 ναι
2324 2442 2572 2515 βούλεται
2625 2443 2844 2514 λήρους,
2878 2443 2979 2513 τὴν
3025 2444 3154 2512 περὶ
3201 2442 3411 2497 τούτων
3475 2440 3754 2507 διεξιοῦσαν

2205 2535 2388 2609 βίϐλον
2413 2535 2752 2600 άνελιττότω,
2776 2537 2869 2590 καὶ
2909 2533 3240 2604 σαφέστερον
3273 2535 3506 2589 τίσεται.

2287 2711 2451 2766 Ἀλλὰ
2472 2714 2566 2767 καὶ
2603 2714 2631 2767 ό
2664 2710 2710 2777 ζ’
2737 2711 2938 2776 κανὼν,
2970 2713 3052 2767 ἐτι
3077 2714 3131 2768 δέ
3168 2715 3260 2768 καὶ
3282 2716 3310 2767 ό
3336 2721 3386 2786 η’
3413 2715 3516 2784 τῆς
3556 2717 3611 2769 ἐν
3636 2717 3753 2770 Λαο-

2201 2806 2381 2878 δικείᾳ
2411 2807 2652 2872 συνόδου,
2681 2807 2807 2868 τοὺς
2838 2808 3261 2878 ἐπιπρέςοντας
3290 2809 3404 2861 τῶν
3429 2809 3743 2883 προρρηθέν-

2201 2917 2311 2954 των
2358 2899 2608 2970 Φρυγῶν,
2645 2900 2694 2952 εί
2726 2899 2821 2953 καὶ
2848 2898 3098 2971 κληρικοὶ
3140 2901 3457 2971 νομίζονται
3489 2899 3641 2966 εἶναι,
3670 2904 3750 2956 καὶ

2206 2993 2454 3063 μέγιστοι
2492 2993 2623 3064 παρ’
2676 2991 2856 3045 αὐτῶν
2906 2992 3286 3063 ὀνομάζονται,
3339 2993 3419 3057 ὡς
3469 2995 3577 3047 τῶν
3600 2993 3751 3049 nam

2202 3085 2549 3156 προέχοντες,
2579 3086 2674 3139 καὶ
2699 3085 3035 3140 διδασκάλων
3087 3087 3145 3140 ὲν
3172 3089 3403 3152 ἐκείνοις
3444 3088 3750 3160 πληροῦντας

2201 3178 2380 3244 τάξιν,
2415 3175 2883 3235 ἀνασαπτίζεσθαι
2913 3177 3180 3242 ἀξιοῦσιν.

2277 3270 2368 3324 Ἐν
2394 3270 2676 3342 κεφαλαίῳ
2719 3270 2774 3324 δὲ
2825 3271 3020 3331 ιίπεῐν,
3076 3271 3322 3336 ἅπαντας
3366 3273 3499 3334 τοὺς
3544 3273 3620 3336 είς
3644 3271 3750 3342 μίαν

529 3375 638 3418 una
671 3359 1020 3415 itnmersinne
1040 3363 1404 3432 baptizantur,
1425 3374 1480 3418 et
1501 3365 1566 3418 ad
1594 3363 1889 3420 Ecclesiam
1909 3365 2102 3419 catho-

2218 3362 2502 3417 κατάδυσιν
2533 3362 2670 3429 πρὸς
2694 3361 2803 3415 τῶν
2827 3362 3148 3432 ἐτεροδόξων
3186 3362 3646 3433 βαπτισαμένους,
3674 3363 3752 3416 καὶ

532 3453 689 3506 licatn
722 3455 1010 3518 accedunt,
1062 3456 1204 3509 sacri
1235 3470 1474 3512 canones
1504 3457 1702 3513 iterum
1750 3456 2105 3526 baptizandos

530 3557 656 3599 esse
686 3543 1012 3602 decernunt.

603 3635 745 3703 Quin
796 3647 848 3691 et
892 3637 1179 3703 pra-dictus
1229 3652 1352 3708 syn.
1404 3653 1440 3692 tt
1486 3654 1611 3694 can.
1649 3641 1704 3704 l,
1741 3639 1794 3694 in
1823 3643 1999 3710 capite
2039 3641 2106 3696 de

530 3729 833 3783 orthodoxa
873 3730 997 3792 title,
1030 3730 1364 3784 anathemati
1400 3731 1623 3800 subjicit
1681 3741 1883 3786 sectam
1920 3733 2105 3789 Euno-

531 3821 836 3875 mianorum
865 3823 979 3876 sive
1011 3820 1476 3889 Eudoxianorum,
1508 3837 1608 3880 nec
1644 3839 1751 3878 non
1806 3822 2104 3882 Semiaria-

534 3927 726 3965 norum
783 3913 901 3966 sive
971 3913 1212 3982 Spiritus
1281 3915 1456 3970 sancti
1523 3916 1990 3979 adversariorum,
2050 3925 2107 3974 et

530 4003 988 4073 Sabellianorum,
1023 4017 1079 4061 et
1114 4007 1606 4076 Marcellianorum,
1657 4017 1714 4065 et
1749 4008 2107 4066 Pbotiniano-

531 4111 674 4158 rum,
711 4104 766 4151 et
792 4081 1326 4167 Apollinaristaru'm.
1577 4087 1580 4090 ’

1128 4189 1202 4242 De
1234 4187 1500 4248 Eudamo.

603 4277 681 4332 De
707 4278 1060 4336 Eunomianis
1083 4281 1287 4335 dictum
1315 4291 1419 4337 est.
1441 4282 1609 4336 [idem
1629 4292 1810 4337 autem
1837 4282 2108 4340 Eudoxia.

533 4370 589 4423 ni
633 4371 994 4438 vocabantur,
1053 4372 1121 4426 ab
1163 4373 1408 4433 Eudoxio
1455 4377 1716 4446 quodam,
1764 4376 1950 4430 eadem
2000 4391 2102 4445 qua

532 4461 838 4520 Eunomius
868 4463 1062 4518 haeresi
1093 4465 1363 4532 infectus;
1386 4469 1478 4538 qui
1511 4481 1636 4522 cum
1659 4477 1806 4522 esset
1835 4465 2106 4524 Constan-

2204 3456 2272 3522 τῇ
2300 3451 2559 3521 καθολικῇ
2588 3452 2914 3520 προσιόντας
2958 3451 3278 3524 Ἐκκλησία,
3331 3452 3495 3517 αὖθις
3523 3451 3751 3524 βαπτίζε-

2207 3543 2332 3597 σθαι
2355 3544 2404 3596 οί
2438 3541 2573 3597 θεῖοι
2600 3542 2824 3604 κανόνες
2851 3540 3189 3606 θεσπίζουσι.

2279 3634 2390 3688 Καὶ
2413 3635 2442 3686 ό
2473 3633 2896 3704 προδιαληφθεὶς
2919 3633 2972 3686 δὲ
3011 3633 3109 3700 τῆς
3157 3632 3202 3703 β’
3227 3635 3448 3687 συνόδου
3485 3641 3537 3690 α’
3575 3632 3750 3698 κανὼν,

2206 3729 2266 3780 ἐν
2293 3727 2373 3798 τῷ
2406 3730 2534 3798 περὶ
2572 3729 2671 3797 τῆς
2712 3725 2996 3797 όρθοδόξου
3045 3726 3282 3790 πίστεως
3339 3728 3640 3799 κεφαλαίῳ,
3667 3728 3752 3779 ὑπὸ

2207 3821 2455 3889 ἀνάθεμα
2483 3818 2665 3889 τίθησι
2693 3818 2792 3887 τὴν
2817 3819 2926 3870 τῶν
2951 3817 3303 3886 Εὑνομιανῶν
3330 3819 3572 3888 αἰρεσιν,
3604 3819 3752 3870 είτουν

2209 3911 2564 3978 Εὐδοξιανῶν,
2593 3911 2686 3963 καὶ
2717 3909 2814 3980 τὴν
2843 3909 2953 3962 τῶν
2985 3907 3344 3980 Ἥμιαρείων,
3367 3910 3492 3980 ἦτοι
3535 3911 3752 3978 Πνςυμα-

2206 4005 2481 4074 στομάχων,
2509 4001 2603 4056 καὶ
2624 4001 2724 4073 τὴν
2755 4001 2862 4054 τῶν
2894 4000 3290 4065 Σαὸελλιανῶν,
3313 4001 3408 4054 καὶ
3432 3999 3754 4073 Μαρκελλια-

2209 4097 2336 4162 νῶν,
2367 4094 2740 4150 Φωτεινιανῶν
2769 4111 2828 4146 τε
2883 4094 2976 4146 καὶ
3007 4092 3528 4164 Ἀπολλιναριστῶν.

2741 4185 2881 4254 Περὶ
2909 4185 3232 4248 Εὺδοξίου.

2280 4280 2390 4332 Kal.
2413 4279 2543 4347 περὶ
2597 4278 2695 4347 μὲν
2731 4277 2841 4333 τῶν
2877 4276 3227 4345 Εὑνομιανῶν
3266 4279 3481 4348 εἴρηται
3511 4293 3524 4307 ⁸
3552 4279 3597 4330 οί
3621 4277 3753 4330 αὐτοὶ

2207 4369 2265 4426 δὲ
2299 4369 2394 4423 καὶ
2453 4367 2764 4433 Εὐδοξιανοὶ
2801 4368 3108 4432 ἐκαλοῦντο,
3165 4368 3273 4420 άπό
3319 4386 3463 4431 τινος
3501 4367 3749 4432 Εὑδοξίου,

2209 4461 2630 4532 συναιρεσιώτου
2659 4461 2736 4531 τῷ
2763 4461 3028 4531 Εὐνομίῳ,
3057 4459 3115 4522 ὃς
3158 4460 3753 4520 Κωνσταντινουπόλεως

532 4552 926 4621 tinopolitanus
954 4553 1264 4626 episcOpus,
1296 4555 1628 4615 Eunomittm
1667 4553 1849 4629 αγιίεὶ
1875 4556 2102 4628 pontiﬁ-

2218 4553 2444 4621 γεγονὼς
2470 4551 2788 4620 ἐπίσκοπος,
2820 4553 2911 4606 τὸν
2939 4549 3204 4620 Εὐνόμιον
3251 4551 3493 4615 Κυζίκου
3520 4551 3752 4623 ἀρχιερέα

531 4658 648 4698 cem
668 4644 975 4704 constituit.

1125 4736 1204 4797 De
1229 4742 1513 4796 Anommis.

603 4826 669 4881 lli
705 4829 869 4882 etiam
922 4829 1174 4886 Anommi
1209 4834 1655 4897 nominabantur,
1683 4832 1827 4902 quod
1861 4831 2105 4892 dicerent

531 4917 726 4974 Filium
758 4931 812 4974 et
852 4920 1112 4992 Spiritum
1168 4933 1416 4977 sanctum
1477 4926 1678 4978 nullam
1737 4940 1859 4980 eum
1921 4925 2101 4988 Patre.

532 5011 708 5080 quoad
743 5010 1124 5077 substantiam,
1147 5015 1556 5069 similitudinem
1598 5017 1800 5072 habere

1062 5105 1140 5163 De
1188 5107 1574 5165 Marcellianis.

605 5191 766 5247 Secta
809 5203 988 5250 autem
1024 5194 1492 5251 Marcellianorum
1553 5199 1842 5269 quemdam
1873 5197 2101 5256 Marcel-

531 5283 640 5335 lum
692 5283 961 5338 haereseos
1021 5296 1298 5342 auctorem
1357 5287 1568 5352 habuit,
1634 5290 1724 5358 qui
1773 5305 1838 5343 ex
1887 5291 2099 5361 Ancyra

529 5374 763 5430 Galatiae
810 5378 942 5430 urbe
977 5379 1265 5440 oriundus,
1310 5379 1550 5446 ejusdem
1587 5384 1875 5451 episcopus
1925 5393 2040 5436 erat
2083 5400 2097 5438 :

531 5468 784 5536 idemque
808 5467 948 5535 quod
980 5470 1269 5542 prtedictus
1299 5471 1567 5530 Sabellius
1595 5475 1884 5530 sentiebat.

1128 5563 1206 5618 De
1258 5564 1501 5622 Pltotino.

603 5658 916 5715 Pbotiniani
969 5665 1148 5710 antem
1209 5671 1238 5709 a
1305 5657 1535 5712 Photino
1598 5659 2098 5715 denominationem

532 5751 858 5811 habuerunt,
901 5747 989 5816 qui
1029 5761 1095 5801 ex
1137 5746 1336 5801 Sirmio
1383 5750 1600 5816 quidem
1651 5749 1936 5812 oriundus,
1990 5751 2100 5805 illic

531 5843 900 5909 episcopatum
939 5841 1129 5907 gessit,
1164 5850 1218 5894 et
1251 5841 1302 5892 in
1335 5840 1523 5892 eadem
1557 5840 1812 5910 opinione
1863 5841 1960 5894 fuit
1991 5856 2094 5911 qua

535 5933 820 6003 pradictus
849 5930 1044 5990 Paulus
1071 5931 1476 5990 Samosatcnns.

2135 4665 2180 4724 ο
2209 4642 2567 4712 κατέστησεν.

2729 4733 2866 4803 Περὶ
2912 4733 3249 4804 Ἀνομοίων.

2281 4827 2346 4881 Οί
2367 4825 2412 4879 δ’
2443 4825 2600 4880 αὐτοὶ
2627 4826 2722 4879 καὶ⁵
2742 4826 3012 4894 ’Δνόμοιοι
3056 4827 3425 4896 ὠνομάζοντο,
3482 4827 3569 4880 διά
3603 4825 3659 4878 τὸ
3685 4823 3751 4874 λί-

2208 4934 2327 4986 γειν
2365 4919 2455 4970 τὸν
2488 4917 2614 4970 Υἰὸν
2643 4919 2737 4970 καὶ
2766 4917 2826 4969 τὸ
2856 4917 3010 4984 ἅγιον
3042 4916 3267 4986 Πνεῦμα
3299 4918 3569 4989 μηδεμίαν
3593 4912 3751 4985 ὁμοιό-

2205 5029 2343 5078 τητα
2367 5010 2488 5066 κατ’
2513 5009 2700 5064 οὐσίαν
2735 5009 2882 5080 ἔχειν
2913 5010 3048 5080 πρὸς
3079 5010 3172 5062 τὸν
3197 5013 3441 5082 Πατέρα.

2643 5103 2784 5170 Περὶ
2811 5101 3306 5172 Μαρκελλιανῶν.

2288 5197 2355 5249 Ἦ
2380 5195 2436 5249 δὲ
2468 5193 2576 5248 τῶν
2605 5193 3035 5265 Μαρκελλιανῶν
3112 5194 3432 5262 Μάρκελλόν
3467 5210 3587 5248 τινα
3614 5192 3746 5260 ἔσχεν

2195 5290 2590 5360 “αἱρεσιάρχην,
2619 5287 2676 5350 ὃς
2707 5286 2765 5353 ἐξ
2795 5285 3071 5355 ’Λγκύρας
3109 5287 3209 5355 μὲν
3236 5286 3464 5356 ῶρμητο
3486 5287 3582 5354 τῆς
3603 5283 3746 5337 Γαλαη

2205 5385 2348 5445 τίας,
2380 5382 2476 5436 καὶ
2500 5381 2667 5449 αὐτῆς
2715 5379 3009 5440 ἐπίσκοπος
3057 5381 3298 5446 ἐγεγόνει
3322 5393 3337 5408 ⁸
3389 5379 3650 5450 ἐπίσηςδέ
3681 5374 3745 5444 τῷ

2209 5472 2574 5545 προρῤηθὲντι
2609 5471 2929 5542 ὲδογμάτιζε
2959 5471 3248 5537 Σαϐελλίῳ.

2747 5564 2887 5631 Περί
2917 5562 3233 5616 Φωτεινοῦ.

2276 5658 2338 5709 0E
2371 5656 2425 5708 δὲ
2455 5655 2802 5708 Φωτεινιανοὶ
2826 5655 2936 5709 ἀπὸ
2981 5653 3252 5707 Φωτεινοῦ
3305 5649 3485 5707 εἷλκον
3514 5653 3610 5721 τὴν
3633 5648 3744 5715 κλῆ-

2206 5765 2310 5817 σιν,
2344 5748 2406 5799 ἐκ
2433 5747 2670 5816 Συρμίου
2713 5745 2812 5814 μὲν
2860 5745 3204 5815 ὁρμωμένου.
3238 5744 3510 5800 κάνταῦθα
3547 5746 3742 5795 ἐπισκο-

2204 5841 2498 5909 πήσαντος,
2522 5837 2591 5890 τά
2615 5838 2754 5890 αὐτά
2783 5836 2838 5890 δὲ
2870 5837 2944 5907 τῷ
2977 5836 3326 5910 προλεχθέντι
3356 5837 3540 5906 Παύλῳ
3561 5831 3738 5905 φρονή-

2207 5949 2303 5988 σαν
2314 5947 2395 5995 τος
2437 5929 2508 6003 τῷ
2539 5931 2858 6003 Σαμοσατεί.
