3902 6554
161 495 292 566 1065

281 609 482 678 Ὅπως
504 613 603 670 δεῖ
630 615 913 688 δέχεσθαι
941 605 1084 689 τοὺς
1111 624 1228 680 ἀπὸ
1264 622 1561 680 Ναϐάτου.

225 699 281 754 '0
304 701 360 756 δὲ
384 700 439 772 η’
461 706 562 776 τῆς
590 707 816 781 πρώτης
862 712 1083 768 συνόδου
1111 713 1316 783 κανὼν,
1351 715 1445 780 οὒς
1471 716 1705 786 φθάσαν-

147 805 228 852 τες
251 790 478 862 είπομεν
525 797 812 869 Καθαροὺς
841 802 960 872 ἦτοι
1007 804 1402 871 Ναϐατιανοὺς,
1439 811 1504 878 τῇ
1544 809 1704 862 καθο-

145 879 255 951 λικῇ
281 885 604 954 προσιόντας
627 890 946 966 Ἐκκλησία,
981 897 1278 968 ἐγγράφως
1323 899 1539 953 κελεύει
1570 901 1702 971 ὁμο-

145 971 324 1063 λογετν,
376 976 454 1039 ὡς
503 980 761 1051 ἀσφαλῶς
811 986 882 1040 τὰ
907 987 1156 1058 δόγματα
1186 991 1366 1044 πάντα
1396 994 1698 1063 τηρήσουσι

143 1061 346 1131 ταύτης,
369 1069 500 1132 τοὺς
521 1071 613 1124 τὸν
641 1071 875 1145 Χριστόν
905 1095 963 1131 τε
993 1080 1406 1151 ἀρνησαμένους
1432 1061 1693 1155 ἐπιστρέ-

142 1171 321 1224 φοντας
342 1158 611 1228 δέξονται,
645 1167 740 1220 καὶ¹
756 1171 898 1225 κατὰ
921 1173 1048 1235 τοὺς
1077 1174 1416 1244 ὡρισμένους
1435 1179 1500 1248 τῇ
1531 1193 1698 1246 μετα-

141 1248 243 1319 νοίᾳ
271 1251 380 1304 τῶν
409 1261 932 1325 παραπεπτωκότων
986 1268 1232 1336 καιροὺς,
1289 1269 1530 1345 ἐκείνους
1556 1270 1700 1324 οἶκο-

139 1342 440 1411 νομήσουσι,
472 1349 586 1409 τοῖς
635 1367 694 1401 τε
733 1352 989 1422 διγάμοις
1037 1358 1447 1430 κοινωνήσουσι.
1475 1342 1609 1416 ’Καὶ
1647 1361 1697 1415 εί

138 1433 338 1513 τούτοις.
381 1440 826 1508 συγκατάθοιντο,
871 1446 1000 1509 τοὺς
1023 1446 1258 1512 οἰκείους
1307 1445 1460 1514 αὖθις
1494 1451 1695 1523 ἐκκλη-

141 1527 438 1611 σιαστικοὺς
465 1529 875 1600 ἀπολαμϐάνειν
897 1536 1157 1607 βαθμοὺς,
1183 1538 1277 1603 οὓς
1309 1540 1501 1611 πρώην
1526 1559 1697 1599 κατα·

139 1610 423 1682 λελοίπασι,
466 1623 827 1695 πρεσϐύτεροι
863 1627 1039 1698 δήπου
1073 1610 1430 1700 τυγχάνοντες
1509 1633 1696 1688 διάκο-

140 1719 237 1754 νοι·
261 1707 306 1757 εί
333 1707 395 1759 δὲ
425 1711 522 1763 καὶ
547 1713 860 1779 ἐπίσκοποι,
888 1721 984 1772 καὶ
1005 1719 1215 1786 τούτοις
1233 1727 1351 1786 ταῖς
1383 1724 1539 1788 ίδίαις
1563 1726 1691 1780 ἑπι-

143 1800 354 1888 αοπαίς
385 1803 882 1872 ἀποκαθίστασθαι,
917 1811 1075 1882 εἴπερ
1129 1813 1204 1884 μή
1253 1815 1458 1879 ταύτας
1518 1816 1577 1869 ὲν
1610 1817 1688 1888 τῷ

142 1886 323 1951 μεταξὺ
363 1893 761 1962 μετειλήφασιν
783 1899 980 1964 ἕτεροι.

284 1984 489 2049 Ὅπως
515 1988 631 2054 χρὴ
659 1988 940 2058 δέχεσθαι
965 1993 1108 2060 τοὺς
1141 1997 1526 2066 Δονατιστάς.

205 2070 261 2124 '0
281 2073 338 2127 δὲ
369 2073 448 2138 νζ¹
473 2080 565 2130 καὶ
590 2080 618 2130 ὁ
647 2080 730 2147 ξη⁹
758 2084 858 2150 τῆς
889 2087 948 2137 ὲν
972 2087 1324 2160 Καρθαγένῃ,
1354 2090 1481 2154 τοὺς
1501 2093 1565 2145 ὲκ
1591 2093 1694 2164 τῆς

138 2165 385 2233 αἱρέσεως
420 2170 528 2222 τῶν
564 2174 902 2230 Δονατιστῶν
921 2180 987 2249 τῇ
1023 2179 1286 2253 ὀρθοδόξῳ
1312 2183 1492 2237 πίστει
1523 2202 1694 2254 προσ-

139 2259 472 2326 ερχομένους,
508 2265 671 2334 μήτε,
701 2267 752 2318 εί
775 2267 868 2321 τοῦ
899 2269 1028 2324 λαοῦ
1059 2267 1190 2338 εἷεν,
1223 2274 1692 2340 ἀναϐαπτίζεσθαι

137 2346 518 2417 διατάττονται,
573 2357 666 2409 καὶ
711 2361 836 2424 τοὺς
890 2361 1190 2433 κληρικοὺς
1214 2364 1358 2436 ἔχειν
1383 2365 1537 2430 αὖθις
1568 2370 1694 2432 τοὺς

139 2437 432 2507 ίερατικοὺς
462 2443 726 2514 βαθμοὺς,
781 2453 1007 2524 προνοίᾳ
1033 2455 1127 2508 τοῦ
1170 2456 1424 2521 πλείονας
1452 2457 1596 2512 οὕτω
1625 2461 1694 2532 τῇ

121 2525 387 2602 inﬁdum
415 2534 699 2604 προσιέναι
728 2538 930 2595 πίστει.

687 2631 828 2698 Περὶ
859 2634 1148 2692 Δονάτου.

195 2709 410 2807 ςΐούτων
435 2716 797 2807 αίρεσιάρχης
823 2721 891 2796 ἦν
915 2727 1145 2793 Δονάτος
1189 2747 1272 2795 τις
1302 2733 1497 2804 ὄνομα,
1521 2734 1580 2798 ὃς
1615 2735 1692 2807 μὴ

135 2798 298 2899 ἄλλως
327 2804 448 2899 τῶν,
488 2805 650 2864 θείων
706 2816 1144 2888 μεταλαμϐάνειν
1198 2798 1448 2878 ἐδίδασκε

140 2889 272 2990 piunt,
306 2897 354 2949 εί
497 2916 602 2967 τις,
653 2903 846 2960 ὀστοῦν
879 2910 1220 2980 ἀνθρώπινον
1272 2889 1515 2988 κατέχων
1538 2921 1596 2971 ἐν
1622 2889 1690 2990 cf;

139 2987 291 3055 χειρὶ,
325 2987 484 3044 τοῦτο
505 2993 721 3064 πρῶτον
747 2997 1065 3069 ἀσπάζοιτο,
1101 3006 1192 3058 καὶ
1230 3005 1374 3062 οὕτω
1407 2987 1692 3082 μεταλαμο

138 3073 324 3135 ϐἀνειν.

639 3185 779 3254 Περὶ
825 3186 1191 3258 Ἀγγελιτῶν.

205 3273 258 3328 '0
288 3275 345 3329 δὲ
381 3277 482 3347 τῆς
529 3278 590 3332 ὲν
641 3280 934 3352 Λαοδικείᾳ
986 3283 1080 3351 λε’,
1149 3287 1207 3340 Ὀ
1242 3287 1355 3361 ,τὴν
1403 3289 1499 3342 τοῦ
1530 3290 1688 3356 Θεοῦ,
1716 3317 1760 3375 C

139 3367 277 3434 φησὶ,
303 3370 731 3440 καταλιμπάνων
751 3373 1106 3447 Ἐκκλησίαν,
1151 3383 1246 3433 καὶ
1269 3383 1535 3451 ἀγγέλους
1561 3386 1688 3438 ἑπο-

139 3459 372 3526 νομάζων
421 3463 516 3515 καὶ
551 3464 1005 3534 ἐπικαλούμενος,
1071 3469 1322 3536 συνάξεις
1367 3490 1428 3526 τε
1477 3475 1690 3540 τούτοις

137 3548 403 3616 ἑπιτελῶν,
431 3555 525 3606 καὶ
549 3557 617 3624 τῇ
643 3559 999 3629 κεκρυμμένῃ
1015 3560 1189 3632 ταύτῃ
1231 3564 1506 3633 σχολάζων
1536 3567 1690 3621 εἰδω-

137 3638 426 3714 λολατρείᾳ,
449 3643 590 3699 ἔστω
609 3647 878 3718 ἀνάθεμα,
905 3652 1004 3723 οὐχ
1030 3651 1104 3716 ὡς
1135 3655 1232 3724 τῆς
1264 3657 1400 3725 πρὸς
1421 3658 1687 3727 ἀγγέλους

137 3734 291 3805 τιμῆς
345 3737 790 3810 είδωλολατρείας
840 3741 1032 3814 οὔσης,
1085 3745 1222 3800 ἀλλὰ
1274 3749 1438 3821 τέχνη
1494 3767 1578 3815 τις
1619 3747 1688 3821 ἦν

138 3823 277 3878 τοῦτο
322 3828 623 3899 τηνικαῦτα
647 3831 741 3886 τοῦ
773 3833 1037 3906 πονηροῦ,
1074 3837 1328 3906 ἀγγέλοις
1359 3841 1540 3910 μόνοις
1569 3848 1689 3900 πεί-

137 3911 302 3978 θοντος
356 3919 737 3990 προσανέχειν,
785 3924 879 3977 καὶ
934 3927 1010 3996 μὴ
1036 3927 1127 3980 τὸν
1153 3928 1387 3998 Χριστὸν
1407 3934 1689 3988 ἐπικαλεῖ-

140 4003 265 4069 σθαι,
304 4006 392 4059 ῐνα
419 4009 545 4071 τοὺς
578 4011 937 4082 πειθομένους
978 4015 1121 4070 κατὰ
1143 4019 1337 4089 μικρὸν
1388 4023 1468 4085 είς
1497 4024 1558 4078 τὸ
1588 4026 1688 4094 τῆς

137 4091 560 4183 εἰδωλολατρείας
609 4099 788 4183 λαθὼν
841 4105 1107 4178 ὲκκυλίσῃ
1166 4107 1476 4181 βάραθρον
1543 4091 1690 4183 φιλεῖ

137 4178 249 4248 γὰρ,
272 4180 344 4243 ὡς
373 4184 598 4251 ἐπίπαν,
632 4180 696 4240 ὲκ
723 4188 831 4242 τῶν
846 4189 1032 4256 δεξιῶν
1052 4178 1411 4252 ὑποκλέπτειν
1443 4202 1470 4254 ὀ
1489 4178 1684 4267 δόλιος.

138 4271 395 4342 Ἕφασκον
415 4281 522 4350 γὰρ
549 4282 597 4334 oi
627 4283 828 4352 μύσται
846 4286 938 4340 τοῦ
963 4288 1187 4358 πλάνου,
1210 4293 1285 4364 μὴ
1299 4294 1408 4348 δεῖν
1433 4296 1526 4350 τὸν
1548 4300 1591 4352 Χ
1600 4319 1686 4372 ρι-

136 4365 263 4458 «rev,
293 4369 416 4432 τοὺς
443 4371 501 4423 δὲ
555 4373 822 4442 ἀγγέλους
850 4380 930 4441 είς
978 4380 1232 4450 βοήθειαν
1283 4365 1682 4458 ἐπικαλεῖσθαι,

137 4456 221 4550 καὶ
243 4459 318 4522 είς
349 4459 450 4530 τήν
496 4468 868 4538 προσαγωγὴν
904 4469 1006 4540 τὴν
1034 4473 1171 4542 πρὸς
1191 4475 1284 4530 τὸν
1330 4477 1548 4550 Πατέρα
1570 4497 1587 4513 ⁶
1622 4456 1684 4536 τδ

137 4547 230 4648 γὰρ
256 4550 629 4609 ὲπικαλεϊσθαι
659 4557 754 4612 τὸν
795 4560 1030 4630 Χριστὸν
1067 4565 1125 4618 ἐν
1149 4567 1383 4636 τούτοις,
1432 4547 1616 4642 μεῖζον
1647 4575 1680 4648 ἢ

1066 510 1480 573 SYNTAGMA
1528 506 2153 572 ALPHABETICUM.
2194 510 2351 570 -Α,

1722 1976 1770 2036 Β

3243 507 3381 574 1046

1982 618 2254 685 Quomodo
2287 619 2615 676 Novatianos
2641 620 2920 677 admittere
2942 630 3200 691 oporteat.

1888 710 2081 766 Primae
2121 713 2310 783 synodi
2331 727 2505 768 canon
2537 713 2569 768 8
2594 713 2860 769 Catharos
2882 713 2997 768 sive
3025 711 3378 777 Novatianos,

1813 803 1883 860 de
1903 804 2104 873 quibus
2122 804 2372 874 superius
2401 805 2604 860 dictum
2633 814 2739 868 est.
2773 805 2838 859 ad
2870 803 3168 860 Ecclesiam
3190 807 3380 860 catho-

1811 896 1970 951 licam
2003 896 2342 962 accedentes,
2384 896 2438 950 in
2490 897 2708 966 scriptis
2747 897 2987 966 proﬁteri
3034 898 3204 964 jubet,
3236 896 3379 965 quod

1808 986 1992 1042 omnia
2047 985 2290 1056 ejusdem
2342 985 2561 1042 decreta
2619 1004 2716 1055 pro
2774 997 2927 1043 certo
2986 988 3379 1052 observabant,

1809 1090 2014 1148 eosque
2053 1077 2148 1147 qui
2177 1077 2458 1132 Christum
2493 1088 2788 1149 negarunt,
2833 1088 2889 1133 et
2926 1077 3181 1134 conversi
3231 1087 3376 1141 sunt,

1809 1169 2145 1237 suscipient;
2186 1169 2374 1238 utique
2403 1172 2546 1240 quod
2582 1171 2736 1240 juxta
2770 1181 3012 1241 tempora
3046 1169 3380 1238 pmnitentia:

1807 1259 1977 1330 lapsis
2009 1262 2294 1327 prmtiuita,
2325 1278 2410 1317 res
2441 1277 2627 1318 eorum
2660 1264 3141 1329 administrabant,
3173 1272 3225 1316 et
3253 1278 3376 1316 cum

1807 1351 2034 1420 digamis
2086 1355 2592 1409 communicahunt.
2624 1353 2679 1410 Si
2716 1355 2896 1424 itaque
2933 1355 3017 1408 his
3048 1355 3376 1414 assentiant.

1804 1442 2004 1511 gradus
2041 1457 2170 1498 suos
2203 1444 2602 1499 ecclesiasticos
2642 1460 2782 1514 quos
2816 1453 2976 1499 antea
3013 1445 3373 1510 reliquerunt.

1803 1530 2003 1586 iterum
2053 1548 2331 1590 resumere
2368 1535 2542 1604 jubet,
2586 1537 2630 1590 si
2675 1537 2978 1607 presbyteri
3030 1535 3243 1591 scilicet
3294 1535 3374 1587 vel

1803 1624 2016 1682 diaconi
2053 1625 2255 1680 fuerint
2287 1643 2303 1682 :
2335 1628 2420 1681 sitt
2467 1637 2650 1682 autem
2684 1627 2947 1700 episcopi,
2981 1627 3142 1680 etiam
3187 1632 3241 1678 et
3282 1641 3377 1679 eos

1802 1717 1918 1772 suis
1938 1717 2342 1787 episcopatibus
2371 1719 2741 1781 restituendos
2758 1732 2902 1783 esse,
2929 1717 3034 1774 nisi
3054 1717 3142 1772 alii
3170 1719 3376 1772 interea

1797 1807 2017 1864 eosdem
2042 1810 2446 1878 occupaverint.

1910 1984 2015 2057 14
2046 1983 2330 2058 ριιοιιιοάο⁵
2349 1986 2656 2044 Donatistae
2686 1987 2967 2042 admittere
3007 1993 3269 2055 oporteat.

1873 2076 2125 2134 Canones
2171 2089 2352 2134 autem
2383 2079 2448 2134 57
2496 2090 2552 2135 et
2579 2080 2650 2135 68
2703 2081 2890 2152 synodi
2937 2079 3193 2148 Carthag.
3241 2095 3376 2148 prse-

1799 2171 2032 2238 cipiunt,
2063 2179 2123 2225 ut
2153 2171 2249 2240 qui
2279 2187 2345 2226 ex
2377 2184 2522 2227 secta
2557 2173 2962 2228 Donatistarum
2997 2169 3154 2225 ﬁdem
3187 2171 3376 2224 ortho-

1797 2262 1993 2317 doxam
2029 2263 2458 2333 amplectuntur,
2493 2265 2537 2321 si
2570 2265 2693 2320 laici
2719 2265 2853 2330 sint,
2889 2279 2999 2318 non
3034 2261 3377 2330 rebaptizan-

1801 2361 1928 2417 tur;
1963 2362 2020 2408 et
2043 2361 2100 2407 ut
2129 2353 2311 2408 clerici
2337 2371 2523 2411 sacros
2549 2357 2748 2427 gradus
2773 2356 3078 2420 obtineant,
3114 2353 3373 2408 nimirum

1802 2453 1856 2497 ttt
1889 2445 1991 2500 hac
2027 2445 2238 2502 ratione
2272 2446 2455 2517 plures
2477 2449 2558 2518 ,ad
2610 2449 2767 2504 ﬁdem
2792 2446 3116 2504 catholicam
3145 2446 3372 2501 accede-

1803 2544 1944 2592 rent.

2416 2633 2493 2686 De
2527 2631 2758 2686 Donato.

1867 2723 2072 2781 Horum
2112 2733 2319 2782 sectam
2367 2741 2597 2782 exorsus
2642 2735 2726 2782 est
2759 2725 3004 2796 quidam.
3045 2724 3132 2780 cui
3171 2739 3371 2779 nomen

1793 2828 1911 2872 erat
1940 2817 2201 2885 Donatus,
2234 2819 2327 2888 qui
2374 2835 2480 2875 non
2512 2819 2674 2875 aliter
2713 2820 2890 2875 sacris
2921 2817 3197 2888 mySteriis
3224 2832 3324 2872 coit
3346 2845 3374 2860 -ι

1796 2909 2182 2963 mttuicandum
2237 2923 2360 2965 esse
2407 2911 2610 2976 docuit,
2669 2908 2774 2963 nisi
2823 2909 2946 2978 quis
2973 2923 3035 2962 os
3071 2907 3369 2962 humanum

1796 3016 1960 3054 manu
1998 3011 2212 3066 tenens,
2256 3002 2306 3055 id
2341 3003 2513 3072 ipsum
2551 3004 2704 3072 prius
2733 3001 3166 3070 exoscularetur,
3207 3009 3372 3071 atque

1797 3090 1896 3145 hoc
1927 3093 2086 3146 modo
2118 3105 2458 3148 sacramenta
2494 3093 2820 3164 perciperet.

2385 3183 2462 3238 De
2497 3185 2780 3256 Angelicis.

1863 3274 2050 3331 Conon
2093 3286 2272 3331 autem
2303 3278 2372 3332 35
2401 3278 2589 3349 synodi
2635 3278 2980 3343 Laodicenaa.
3011 3278 3141 3346 Qui,
3169 3280 3373 3350 inquit,

1794 3367 2096 3422 Ecclesiam
2134 3368 2228 3424 Dei
2265 3370 2550 3439 relinquit,
2582 3380 2637 3425 et
2673 3373 2894 3443 angelos
2915 3375 3168 3429 nominat
3212 3374 3367 3429 invo-

1792 3463 2006 3525 catque,
2058 3465 2113 3512 et
2157 3463 2609 3529 congregationes
2650 3462 2717 3516 iis
2762 3463 2995 3533 peragit,
3041 3473 3098 3519 et
3144 3465 3370 3519 occultze

1791 3547 2114 3604 idololatriae
2144 3559 2322 3615 vacat,
2352 3553 2423 3606 sit
2445 3551 2760 3610 anathema.
2789 3552 2906 3608 Non
2933 3556 3078 3624 quod
3104 3555 3284 3613 honor
3314 3558 3368 3610 in

1789 3641 2012 3708 angelos
2041 3641 2115 3697 sit
2145 3643 2476 3706 idololatria.
2496 3648 2590 3700 sed
2619 3647 2766 3722 quod
2797 3647 2927 3702 mali
2959 3648 3249 3703 artiﬁcium
3273 3647 3366 3712 sit,

1790 3731 1883 3801 qui
1913 3732 2046 3788 solis
2072 3734 2281 3806 angelis
2319 3735 2613 3799 conﬁdere,
2641 3744 2698 3792 et
2730 3735 3008 3792 Christum
3053 3754 3164 3794 non
3209 3741 3368 3794 invo-

1790 3837 1917 3877 care
1961 3824 2272 3891 persuadet,
2316 3835 2375 3877 ut
2420 3839 2514 3879 eos
2541 3823 2714 3899 quiei
2751 3837 2967 3898 parent,
3003 3830 3262 3897 paulatim
3299 3835 3367 3885 ad
3416 3895 3425 3899 _

1792 3914 2112 3971 idololatriae
2151 3916 2470 3972 barathrum
2517 3898 2657 3972 clatri
2689 3919 2964 3977 devolvat.
3003 3921 3178 3978 Malus
3217 3925 3363 3979 enim

1792 4007 2143 4077 utplurimum
2189 4023 2291 4064 nos
2341 4024 2371 4063 a
2403 4011 2608 4065 dextris
2631 4013 2832 4068 adoriri
2879 4024 3052 4072 amat.
3104 4015 3368 4073 Dicebant

1789 4099 1937 4152 enim
2000 4099 2164 4170 hujus
2216 4099 2421 4162 erroris
2470 4103 2745 4173 discipuli,
2797 4107 2941 4175 quod
2984 4121 3094 4162 non
3149 4121 3368 4179 oportet

1791 4193 2096 4260 Christum,
2129 4199 2224 4250 sed
2254 4199 2476 4266 angelos
2510 4197 2576 4253 ad
2609 4199 2867 4256 auxilium
2912 4202 3191 4272 invocare,
3220 4215 3274 4259 et
3305 4215 3366 4258 ut

1789 4285 1996 4340 aditum
2025 4285 2092 4340 ad
2119 4286 2338 4342 Patrem
2365 4289 2682 4345 habeamus.
2701 4290 2978 4348 Christum
3001 4296 3146 4349 enim
3171 4310 3362 4353 eorum

1790 4389 1953 4430 causa
1981 4376 2341 4447 interpellare
2373 4378 2548 4446 majus
2575 4381 2833 4449 quiddam
2858 4392 2960 4448 est,
2987 4400 3150 4454 quam
3183 4395 3240 4442 ttt
3262 4402 3363 4441 nos

1789 4468 2107 4524 homunculi
2141 4471 2191 4525 id
2221 4479 2575 4529 attentemus.
2608 4471 2785 4544 Hujus
2818 4476 3088 4534 haereseos
3117 4479 3362 4550 (antiqua

1788 4561 1936 4614 enim
1969 4560 2109 4630 erat)
2135 4562 2355 4618 divinus
2403 4565 2566 4620 etiam
2606 4565 2900 4635 Apostolus
2935 4567 2989 4623 in
3022 4567 3260 4637 Episto'a
3292 4573 3360 4626 ad

136 4638 430 4739 καθ’ήμάς.
468 4646 688 4719 Ταύτης
719 4650 819 4721 τῆς
849 4653 1114 4723 αἱρέσεως
1152 4660 1383 4728 (παλαιά
1418 4638 1680 4739 γάρλινί

1799 4651 2143 4708 Colossenses
2161 4655 2428 4720 meminit,
2448 4656 2636 4712 dicens
2663 4673 2676 4712 :
2708 4675 2727 4710 ι
2751 4657 2924 4714 Nemo
2942 4675 3037 4714 vos
3055 4662 3304 4725 seducet,
3333 4681 3354 4714 ι

136 4729 220 4782 καὶ
242 4735 267 4785 ὸ
312 4734 453 4800 θεῖος
494 4739 816 4805 Ἀπόστολος
855 4744 914 4796 ὲν
939 4748 1006 4816 τῇ
1035 4748 1171 4819 πρὸς
1201 4729 1538 4818 Κολασσαείς
1566 4729 1685 4810 ἐπιί-

137 4821 273 4915 στολῇ
301 4828 599 4899 μέμνηται,
632 4830 808 4900 λέγων
826 4849 841 4864 ·
869 4836 1076 4906 Μηδεὶς
1097 4841 1246 4909 ἡμᾶς
1277 4844 1684 4915 καταϐραϐευέ-

135 4922 202 5002 τω
226 4913 277 4966 ὲν
305 4920 774 4993 ταπεινοφροσύνῃ
803 4925 895 4976 καὶ
946 4925 1208 4999 θρησκείᾳ
1253 4931 1362 4986 τῶν
1405 4913 1678 5002 ἀγγέλων,

135 4996 252 5097 ξιμὴ
270 5003 515 5078 ἑώρακεν
531 5010 853 5080 ἐμϐατεύων
872 5030 888 5046 ο
916 4996 1046 5088 ἦτοι
1068 4996 1254 5090 μηδεὶς
1281 5023 1410 5092 ὑμῖν
1439 4996 1679 5097 ἐπηρεαλ

137 5089 274 5192 (ista,
299 5100 523 5154 νικῶσιν
557 5104 614 5155 ὲν
636 5107 700 5175 τῇ
733 5107 1018 5180 ἀμωμήτῳ
1051 5113 1230 5166 πίστει
1281 5089 1376 5169 καὶ
1407 5089 1676 5192 πολιτείᾳ,

139 5185 254 5253 μηδὲ
281 5190 370 5243 τοῦ
395 5190 656 5263 βραϐείου
691 5195 1084 5268 ἀποστερείτω,
1119 5204 1209 5256 ἐπὶ
1253 5205 1412 5271 ξένας
1442 5185 1678 5280 παραδο-

137 5291 233 5370 σεις
257 5286 574 5356 μεταφέρων
601 5289 767 5358 ὑμᾶς,
795 5291 859 5344 ἐκ
1007 5293 1176 5366 ὀρθῆς
1214 5297 1411 5370 δηλαδὴ
1444 5303 1676 5368 πίστεως

135 5368 205 5433 εἰς
232 5377 322 5445 τήν
342 5377 451 5432 τῶν
494 5379 742 5448 ἀγγέλων
778 5383 1076 5455 θρησκείαν
1103 5389 1191 5443 διά
1248 5368 1674 5467 ταπεινοφροσύο

135 5475 234 5532 νης,
271 5467 344 5530 ὥς
383 5470 523 5542 ὕπὲρ
550 5474 701 5542 ἡμᾶς
729 5474 881 5539 ὄντος
907 5480 998 5532 τοῦ
1034 5480 1411 5538 ἐπικαλεῖσθαι
1443 5488 1532 5542 τὸν
1561 5490 1673 5542 Κύ-

137 5569 252 5621 ριον,
301 5562 392 5631 καὶ
445 5565 598 5635 αὐτῷ
632 5569 936 5639 κεχρῆσθαι
978 5574 1114 5642 πρὸς
1145 5575 1234 5627 τὸν
1259 5578 1425 5633 αὑτοῦ
1457 5581 1674 5650 Πατέρα

136 5657 438 5724 προσαγωγῇ
464 5669 476 5683 ’
520 5657 953 5726 καταϐραϐεύειν
985 5661 1030 5714 δ’
1057 5662 1174 5716 ἔστι
1223 5666 1284 5717 τὸ
1319 5667 1394 5737 μὴ
1418 5667 1496 5737 τῷ
1520 5671 1674 5739 νικήο

137 5749 271 5830 σοντι
296 5742 353 5793 τὸ
379 5746 649 5815 βραϐεῖον,
672 5748 788 5801 ἀλλ’
833 5751 1006 5823 ἑτέρῳ
1040 5753 1265 5820 διδόναι,
1311 5759 1670 5830 ἀδικουμένου

135 5823 217 5918 τοῦ
237 5828 518 5918 ἀριστέως.
559 5837 647 5900 Ὠς
679 5837 737 5890 δὲ
773 5839 801 5891 ὁ
830 5839 987 5908 ἅγιος
1033 5843 1352 5912 Ἑπιφάνιος
1383 5823 1585 5918 ίστορεί
1613 5854 1670 5904 ἐν

136 5911 201 5983 τῷ
227 5916 400 5993 βιϐλίῳ
419 5925 526 5980 τῶν
559 5929 868 6002 ηαναρίων,
910 5933 1122 6004 αἵρεσιν
1151 5931 1292 5990 εἶναι
1335 5939 1530 6008 ἑτέραν
1559 5942 1668 5998 τῶν

1787 4741 1839 4795 in
1879 4743 2187 4799 humilitate
2229 4753 2283 4800 et
2313 4745 2460 4800 cultu
2497 4749 2839 4818 angelorum,
2867 4753 2919 4805 in
2952 4767 3014 4806 ea
3072 4768 3193 4823 quae
3249 4747 3375 4810 non'
3467 4777 3472 4781 υ

1784 4833 1918 4886 vidit
1961 4833 2154 4903 pedem
2207 4834 2632 4904 inferens;sive
2678 4855 2840 4896 nemo
2873 4843 3030 4898 vobis
3070 4846 3360 4900 insidietur

1784 4925 1836 4978 iu
1863 4925 1964 4980 ﬁde
1997 4935 2050 4980 et
2093 4929 2502 4996 dispensatione
2535 4931 2810 5002 inculpata
2854 4937 3222 4999 vincentibus.
3259 4954 3359 4994 nec

1783 5017 2008 5084 prmutio
2041 5019 2240 5088 privet,
2283 5022 2336 5075 in
2376 5025 2694 5102 peregrinas
2718 5026 3035 5084 traditiones
3058 5044 3150 5082 vos
3178 5031 3354 5085 addu-

1781 5125 1934 5176 cens,
1975 5127 2005 5164 a
2046 5128 2175 5167 vera
2232 5115 2444 5171 scilicet
2495 5117 2603 5172 ﬁde
2657 5119 2724 5173 ad
2775 5119 2981 5186 cultum
3035 5125 3353 5194 angelorum

1781 5214 2002 5274 propter
2031 5205 2416 5274 humilitatem,
2459 5211 2612 5280 quasi
2643 5227 2804 5282 supra
2854 5230 2952 5270 nos
2987 5226 3130 5271 esset
3168 5218 3352 5273 Domi-

1782 5312 1910 5350 nutn
1938 5298 2215 5363 invocare,
2244 5315 2418 5369 eoque
2443 5305 2582 5372 apud
2616 5302 2834 5359 Patrem
2867 5309 3218 5363 conciliatum
3251 5315 3350 5366 ttti.

1780 5385 1872 5441 Est
1892 5400 2070 5442 autem
2095 5391 2548 5461 καταϐραϐεύειν,
2575 5398 2856 5464 praemium
2888 5415 2992 5452 non
3015 5401 3228 5467 victori,
3255 5403 3350 5455 sed

1779 5481 1850 5534 illi
1897 5497 1991 5550 per
2033 5482 2292 5552 injuriatn
2323 5497 2570 5556 ereptum
2607 5488 2765 5543 alteri
2797 5492 3052 5561 cuiquam
3104 5495 3346 5564 elargiri.

1777 5571 1966 5627 Tradit
1995 5585 2176 5629 autem
2210 5575 2267 5630 S.
2300 5576 2640 5647 Epiphanius
2676 5579 2730 5634 in
2758 5581 2919 5645 libro,
2952 5587 3040 5653 qui
3077 5583 3348 5639 Panorioit

1773 5669 2002 5730 dicitur.
2033 5671 2197 5725 aliam
2234 5688 2354 5728 esse
2390 5675 2777 5745 Angelicorum
2827 5679 3029 5733 dictam
3086 5681 3343 5743 baeresin.

1772 5761 1864 5829 qui
1901 5777 1958 5816 se
1984 5762 2057 5817 ita
2084 5765 2459 5832 nominabant,
2487 5770 2572 5824 vel
2589 5773 2732 5840 quod
2756 5786 2816 5825 se
2845 5773 3162 5842 angelorum
3192 5790 3348 5829 more

1771 5854 1973 5917 vivere,
2017 5855 2096 5910 vel
2138 5855 2207 5912 ab
2253 5859 2458 5928 angelis
2499 5859 2550 5913 in
2585 5864 2748 5916 rebus
2795 5862 2996 5922 dit'ittis
3045 5864 3344 5924 ἱιιειιιιειυε

1771 5945 2078 6002 crederent.

3023 6036 3069 6077 Ο
