3902 6548
289 378 422 438 ιοςιυ

1159 370 1167 378 ’
1238 380 1640 442 SYNTAGMA
1676 379 2294 441 ALPIIABETICUM.
2334 325 2405 415 ξ-
2443 381 2507 439 Α.

3413 377 3546 442 illo

277 490 353 548 si;
380 487 599 556 ἔλεγχον
641 488 742 556 μὲν
780 487 881 558 τῆς
912 489 1212 558 Νεστορίου
1242 490 1583 556 κακοδοξίας,
1619 505 1845 559 στηριγ-

1982 474 2209 543 uiandos
2232 489 2470 543 Nestorii
2494 504 2711 544 errores
2734 487 3004 559 iidemque
3027 487 3404 544 stabiliendam
3430 489 3547 543 edi-

280 580 377 649 μὸν
406 580 463 635 δὲ
491 581 590 645 τῆς
621 578 904 649 ὀρθοδόξου
935 582 1193 645 πίστεως,
1229 582 1502 651 κεφάλαια
1529 580 1692 650 ἕτερα
1722 596 1850 631 τοσ-

276 672 416 725 αῦτα
444 672 734 737 ἐκδέδωκε,
766 674 863 725 καὶ
887 676 913 724 ό
947 674 1099 738 Ἴδας
1140 675 1341 743 ὁμοίως
1386 674 1676 744 ἐπιστολήν
1698 688 1713 702 ·
1757 671 1852 724 καὶ

279 762 512 832 μεγίστη
558 765 753 831 γέγονε
808 765 1012 835 μεταξὺ
1042 765 1310 836 τούτω-δή
1350 765 1604 834 διαφορὰ,
1648 763 1723 825 ὡς
1754 765 1851 816 καὶ

277 852 596 923 καθαίρεσιν
623 855 779 918 αὖθις
799 856 899 926 τὴν
924 857 1137 910 σύνοδον
1158 858 1267 910 τῶν
1290 857 1589 927 ἀρχιερέων
1623 857 1852 911 ἐκείνων

278 946 789 1015 καταψηφίσασθαι,
846 944 934 1001 οἷα
985 948 1049 1017 δὴ
1089 951 1199 1011 τοῖς
1250 948 1341 1000 τοῦ
1392 947 1688 1017 Νεπορίου
1721 948 1856 1001 ὐπο-

277 1038 622 1094 πτευθέντων
652 1043 908 1110 στοιχεῖν.
940 1041 1094 1094 Ἐπεὶ
1121 1036 1216 1094 οὖν
1248 1041 1391 1094 οὕτω
1424 1041 1492 1094 δι’
1533 1041 1777 1109 ἀλλήλων
1799 1041 1850 1094 oi

278 1130 557 1200 ἀρχιερεῖς
582 1132 955 1202 κεχωρήκασι,
1005 1137 1098 1185 καὶ
1126 1133 1332 1202 σχίσμα
1356 1128 1425 1201 ἦν
1475 1133 1603 1202 παρ’
1645 1132 1849 1196 αὐτοῖς,

277 1224 306 1275 ὁ
336 1221 591 1289 βασιλεὺς
620 1224 843 1286 πάντας
865 1226 946 1287 είς
977 1226 1076 1292 τὴν
1104 1224 1501 1295 βασιλεύουσαν
1553 1224 1855 1293 μετακαλε-

281 1314 540 1382 σάμενος,
572 1316 641 1367 τὰ
661 1316 757 1385 τῆς
791 1317 1170 1386 ὁμοφροσύνης
1224 1317 1318 1368 καὶ
1368 1318 1535 1383 ἄμφω
1586 1319 1651 1369 τὰ
1711 1315 1851 1385 μέρη

282 1406 638 1459 ἀσπάσασθαι
677 1408 1090 1475 παρεσκεύασεν
1117 1423 1130 1438 ·
1166 1410 1194 1461 ὁ
1247 1408 1427 1477 μέντοι
1488 1408 1855 1477 Θεοδὼρητος,

285 1497 420 1568 πρὸς
441 1496 558 1566 ἔριν
587 1500 680 1550 καὶ
711 1497 774 1567 ιβ’
799 1500 1068 1567 κεφαλαια
1095 1499 1482 1567 συντεταχέναι
1515 1500 1589 1568 μὴ
1611 1500 1850 1568 ἀρνησά·

289 1604 471 1656 μενος,
500 1593 567 1659 τῇ
623 1591 863 1660 ἀποϐολῇ
913 1589 1118 1643 τούτων
1147 1591 1241 1643 καὶ
1282 1591 1538 1657 ἁθετήσει
1573 1590 1765 1644 ἑαυτόν
1794 1606 1854 1643 τε

282 1679 385 1746 τῆς
418 1681 597 1744 αίτίας
652 1683 1029 1752 παρῃτήσατο.
1083 1684 1178 1736 καὶ
1227 1682 1328 1748 τῆς
1373 1682 1649 1752 προτέρας
1696 1680 1854 1751 ἔτυχε

281 1770 451 1839 τιμῆς
472 1789 534 1823 τε
580 1774 674 1824 καὶ
722 1773 951 1837 τάξεως,
981 1774 1268 1840 ἀγαπήσας
1307 1790 1366 1825 τε
1398 1776 1505 1833 τοῖς
1536 1771 1861 1842 πεπραγμέ-

230 1924 249 1935 κ
280 1879 392 1925 νοις
424 1864 494 1933 τῇ
537 1864 669 1932 ἁγία
705 1865 931 1934 συνόδῳ,
961 1867 1027 1935 τῇ
1079 1866 1396 1933 καθαιρέσει
1435 1863 1733 1934 Νεστορίου
1765 1865 1860 1917 καὶ

285 1944 444 2017 οὗτος
470 1953 873 2022 ἐπεψηφίσατο.

806 2048 945 2116 Περὶ
990 2050 1343 2104 Κελεστίου.

367 2136 430 2188 Ὀ
453 2136 511 2190 δὲ
550 2138 843 2201 Κελέστιος
915 2140 1160 2209 μαθητὴς
1186 2136 1252 2210 ἦν
1281 2140 1549 2208 Πελαγίου
1599 2139 1741 2205 τινὸς
1766 2158 1863 2210 μο-

289 2227 456 2298 ναχοῢ
478 2245 493 2260 ⁸
531 2228 792 2299 ὥρμηντο
820 2230 876 2283 δὲ
908 2232 1000 2284 καὶ
1043 2232 1210 2301 ἄμφω
1234 2231 1333 2300 τῆς
1371 2233 1754 2302 Καρθαγένης,
1788 2235 1864 2297 ὡς

285 2322 314 2373 ὁ
345 2316 976 2385 Κωνσταντινούπόλεως
1002 2322 1205 2385 Φώτιος
1240 2324 1461 2394 ίστορεί,
1497 2326 1590 2377 καὶ
1626 2326 1866 2378 καινότε-

288 2430 361 2484 ρα
423 2416 718 2483 ἐπεισῆγον
771 2417 837 2484 τῇ
868 2414 1171 2485 Ἐκκλησία
1206 2415 1473 2485 δόγματα.
1519 2417 1725 2487 Θνητδν
1755 2418 1864 2487 γὰρ

289 2506 600 2574 πλασθῆναι
623 2507 714 2559 τὸν
750 2503 922 2576 Ἀδὰμ
939 2506 1038 2577 τὴν
1065 2508 1241 2578 ἀρχὴν
1260 2508 1597 2570 διετείνοντο,
1626 2507 1761 2561 ἀλλά
1789 2511 1864 2578 μὴ

293 2598 359 2649 ἐκ
390 2598 754 2665 παραὸἀσεως
779 2598 952 2667 τούτῳ
978 2590 1448 2668 καταδικασθῆναι
1471 2616 1484 2629 ·
1512 2600 1582 2653 τά
1606 2617 1667 2652 τε
1714 2600 1868 2669 ἀρτί-

292 2705 427 2742 mea
448 2689 627 2759 βρέφη
663 2698 740 2758 μὴ
786 2692 976 2760 χρείαν
1021 2691 1166 2760 ἔχειν
1221 2691 1621 2761 βαπτίσματος,
1659 2692 1722 2743 οὑ
1759 2693 1867 2760 γὰρ

296 2782 615 2849 ἐφέλκονται
632 2783 726 2853 τὴν
751 2784 1088 2854 προγονικὴν
1109 2784 1169 2848 ἐξ
1189 2784 1316 2836 Ἀδὲ
1326 2803 1363 2853 μ
1388 2784 1682 2852 ἁμαρτίαν*
1703 2785 1868 2849 τόπον

295 2892 352 2927 τε
368 2872 507 2928 εῖναι
536 2876 737 2944 μεταξὺ
764 2875 859 2930 τοῦ
879 2877 1212 2945 παραδείσου
1234 2877 1441 2944 καὶτῆς
1466 2875 1766 2940 κολάσεως,
1789 2878 1869 2937 εἰς

295 2966 353 3031 δν
377 2968 447 3019 ea
476 2970 549 3037 μὴ
572 2968 907 3036 φωτισθέντα
937 2970 1115 3038 βρέφη
1157 2969 1554 3037 μετατιθέμενα
1582 2968 1870 3039 μακαρίως

302 3058 421 3129 ζῇν.
449 3059 636 3115 Ταῦτα
666 3062 759 3113 καὶ
782 3060 944 3129 ἐτερα
977 3059 1037 3125 ἓξ
1067 3059 1424 3129 παραπλήσια
1460 3061 1673 3121 τούτοις
1701 3059 1871 3126 κεφά-

1968 590 2168 645 torum,
2213 581 2438 635 totidem
2480 580 2582 634 alia
2627 580 2803 649 capita
2848 580 2971 635 luce
3014 579 3266 643 donavit;
3311 579 3443 647 quin
3491 589 3548 633 et

1963 672 2085 726 lbas
2119 674 2281 727 etiam
2317 673 2599 742 epistolam
2638 672 2999 742 conscripsit;
3034 672 3235 742 diuque
3271 671 3546 729 discordi-

1964 764 2066 818 bus
2106 764 2306 818 animis
2340 765 2597 833 utrinque
2630 771 2898 818 certatum
2924 805 2938 823 ,
2972 763 3147 817 donec
3179 778 3209 816 a
3245 763 3453 833 synodo
3492 764 3543 814 in

1964 872 2060 909 eos
2092 856 2399 918 antistites,
2434 865 2620 925 utpote
2650 854 2957 910 Nestoriani
2990 852 3195 909 erroris
3225 854 3418 907 merito
3449 871 3545 908 su-

1964 959 2200 1019 spectus.
2226 949 2566 1017 depositione
2588 949 3048 1002 animadversum.
3076 946 3344 1012 Quoniam
3368 960 3547 1000 autem

1966 1041 2237 1094 antistites
2267 1055 2325 1093 se
2358 1039 2589 1093 invicem
2624 1039 2693 1092 ita
2725 1037 2898 1092 adorti
2933 1044 3125 1091 essent
3148 1077 3164 1101 ,
3204 1044 3258 1090 et
3288 1035 3431 1090 inter
3457 1052 3552 1089 eos

1969 1131 2206 1186 schisma
2230 1131 2432 1185 factum
2455 1140 2622 1197 esset,
2648 1128 3245 1199 imperator,onmibus
3298 1128 3364 1181 ad
3413 1130 3553 1195 regi-

1974 1240 2100 1277 nam
2153 1224 2368 1277 nrbinm
2412 1224 2747 1286 convocatis,
2788 1231 2846 1276 ut
2883 1229 3115 1290 utraque
3157 1235 3281 1286 pars
3322 1235 3557 1273 consen-

1977 1316 2244 1374 tire::t.ct
2277 1331 2397 1369 sese
2433 1312 3139 1384 amplecterentur,ell‘ecit.
3174 1310 3555 1365 Theodoretus

1974 1426 2138 1481 porro
2171 1424 2228 1462 se
2249 1408 2618 1462 contentionis
2644 1406 2824 1461 studio
2849 1405 3025 1474 capita
3072 1400 3362 1457 duodecim
3422 1417 3556 1456 cono

1972 1501 2412 1571 sciipsisse‘non
2444 1500 2742 1565 inliciatus,
2771 1515 2870 1569 per
2895 1512 3083 1551 eorum
3114 1495 3553 1564 rcpudiationvm

1969 1594 2493 1665 abrogationemque
2525 1593 2579 1647 in
2612 1608 2669 1647 se
2713 1590 2922 1645 crimen
2955 1587 3194 1657 recepit,
3226 1595 3281 1640 et
3312 1590 3553 1656 priorem

1971 1688 2233 1741 honorem
2287 1686 2647 1753 ordinemque
2719 1683 2948 1737 sortitus
3002 1690 3108 1735 est.
3143 1680 3284 1747 Quin
3325 1691 3380 1733 et
3418 1678 3556 1732 actis

1970 1787 2173 1832 sanctae
2227 1777 2418 1847 synodi
2469 1774 3005 1844 acquiescens,ipse
3033 1773 3195 1828 etiam
3257 1770 3557 1841 depositio-

1969 1886 2094 1923 nem
2124 1866 2359 1948 Nestorii
2402 1868 2743 1938 approbavit.

2580 2046 2655 2101 De
2694 2046 2935 2101 Celestio.

2034 2147 2165 2200 Erat
2205 2152 2384 2197 autem
2419 2141 2693 2197 Celestius
2729 2140 2931 2210 Pelagii
2968 2140 3245 2207 cujusdam
3287 2138 3540 2192 monachi

1965 2238 2288 2305 discipulus,
2314 2250 2545 2303 quorum
2579 2243 2812 2301 uterque
2838 2247 2899 2286 ex
2924 2231 3254 2300 Carthagine
3277 2231 3380 2284 orti
3408 2238 3554 2309 suut.

1968 2339 2026 2383 ut
2058 2328 2285 2382 Photius
2313 2325 2959 2393 Constantinopolitanus
2993 2322 3298 2390 patriarcha
3338 2329 3550 2381 narrat.

1966 2430 2022 2473 et
2053 2434 2190 2472 nova
2223 2418 2474 2486 dogmata
2506 2416 2561 2469 in
2596 2414 2898 2469 Ecclesiam
2933 2414 3381 2468 introduxerunt.
3412 2412 3557 2465 Ada-

1968 2528 2116 2566 mum
2155 2511 2302 2566 enim
2342 2509 2627 2564 mortalem
2662 2508 2730 2562 ab
2764 2507 2921 2560 initio
2956 2517 3203 2561 creatum
3241 2520 3367 2559 esse
3402 2503 3553 2558 allir-

1969 2605 2211 2669 mabant,
2238 2614 2292 2657 et
2318 2617 2427 2657 non
2457 2610 2677 2671 propter
2705 2600 3195 2669 transgressionem
3221 2596 3557 2653 mortalitate

1971 2696 2207 2750 multari.
2250 2696 2317 2749 Et
2355 2693 2657 2747 inlantibus
2694 2705 2889 2746 recens
2924 2691 3069 2745 natis
3105 2705 3217 2743 non
3254 2703 3393 2757 opus
3431 2702 3557 2741 esse

1970 2790 2273 2857 baptismo,
2302 2789 2506 2857 quippe
2532 2785 2622 2856 qui
2652 2793 2935 2855 peccatum
2964 2783 3225 2852 originale
3252 2784 3320 2834 ah
3346 2779 3557 2834 Adamo

1970 2880 2289 2947 neutiquam
2323 2879 2543 2932 trahant
2576 2895 2587 2930 :
2622 2890 2787 2947 porro
2818 2877 2997 2930 locum
3029 2888 3153 2928 esse
3189 2871 3431 2927 medium
3466 2870 3520 2923 in
3543 2899 3555 2908 -

1974 2981 2055 3024 ter
2082 2970 2397 3041 paradisum
2454 2978 2509 3023 et
2538 2969 2918 3023 damnatorum
2948 2967 3279 3037 gehennam,
3310 2964 3363 3016 in
3392 2978 3555 3031 quem

1974 3064 2209 3118 infantes
2236 3080 2343 3117 non
2374 3062 2660 3116 illuminati
2689 3061 2919 3130 conjecti
2953 3069 3102 3121 sunt,
3130 3058 3314 3127 ibique
3341 3056 3558 3111 felicem

296 3150 422 3203 λαια
441 3154 555 3211 τοῖς
584 3154 709 3220 περὶ
748 3153 1013 3219 Πελάγιον
1043 3152 1139 3204 καὶ
1169 3152 1457 3203 Κελέστιον
1476 3149 1861 3217 ἐπρεσϐεύετο,

1982 3157 2135 3211 vitam
2168 3157 2494 3227 transigunt.
2526 3153 2651 3207 llaec
2678 3163 2734 3207 et
2760 3154 2854 3207 sex
2882 3154 2986 3205 alia
3015 3151 3190 3220 capita
3221 3150 3371 3203 hisce
3396 3147 3557 3202 simi-

297 3241 334 3294 ἃ
357 3241 421 3311 δὴ
453 3244 547 3295 καὶ
570 3244 603 3312 ἡ
638 3242 893 3312 παροῦσα
948 3243 1301 3310 οίκουμενικὴ
1343 3240 1497 3310 τρίτη
1535 3239 1750 3297 σύνοδος
1788 3239 1864 3308 τῷ

298 3331 603 3398 ἀναθέματι
648 3331 1053 3396 κλθυπέϐαλεν,
1088 3332 1223 3384 ἀλλά
1250 3349 1313 3399 γε
1344 3335 1436 3384 καὶ
1472 3333 1504 3402 ἡ
1539 3333 1597 3383 ἐν
1646 3330 1867 3399 Καρθα-

298 3427 427 3495 γένῃ
462 3423 700 3488 σύνοδος.
719 3423 831 3477 Kal
860 3423 1014 3492 ζήτει
1035 3424 1161 3485 τοὺς
1187 3439 1251 3474 πε
1263 3424 1315 3490 pl
1348 3422 1551 3475 τούτων
1574 3422 1865 3487 διεξιόντας

297 3516 500 3586 ταύτης
525 3516 760 3580 κανόνας
793 3515 851 3568 ἐν
892 3514 970 3585 τῷ
1007 3514 1053 3589 αξ
1086 3530 1214 3582 κεφ.
1249 3514 1345 3566 τοῦ
1384 3514 1426 3566 Β
1469 3513 1755 3583 στοιχείου,
1776 3511 1869 3563 τὸν

303 3604 377 3675 ρθ⁹
399 3609 542 3677 φημὶ
595 3608 689 3661 καὶ
715 3608 855 3672 τοὺς
873 3608 1108 3678 καθεξῆς
1147 3610 1300 3679 τρεῖς
1349 3607 1571 3677 ἐτέρους
1596 3624 1608 3637 ·
1642 3606 1777 3660 ἀλλὰ
1806 3605 1868 3675 δὴ

300 3699 393 3751 καὶ
426 3699 485 3752 ἐν
512 3698 589 3769 τῷ
620 3700 695 3752 λε’
717 3700 999 3771 κεφαλαίῳ
1020 3700 1113 3755 τοῦ
1143 3701 1179 3752 E
1218 3690 1489 3770 ’στοιχείου
1515 3697 1743 3760 κανόνας
1770 3698 1871 3766 τῆς

301 3790 471 3859 αὐτῆς
494 3790 711 3844 συνόδου
739 3782 845 3861 ριδί
866 3794 958 3844 καὶ
988 3798 1105 3861 pte"
1136 3792 1282 3862 ἅπερ
1313 3792 1421 3859 γὰρ
1447 3786 1594 3844 οὗτοι
1620 3789 1716 3842 τοῦ
1743 3790 1872 3842 ἀνα-

300 3883 536 3950 θέματος
575 3882 813 3950 ἀξιοῦσι,
873 3885 1003 3952 παρ’
1039 3884 1271 3946 ἐκείνοις
1302 3881 1551 3951 ἀφρόνως
1581 3881 1871 3949 ἐδογματί-

303 3971 445 4037 ζετο.
505 3975 613 4027 Καὶ
646 3975 675 4026 ὁ
732 3975 905 4043 μέγας
958 3975 1014 4028 δὲ
1065 3975 1220 4028 Λέων
1245 3975 1274 4025 ὁ
1302 3974 1554 4038 πάππας,
1583 3974 1712 4035 τοὺς
1747 3973 1873 4043 περὶ⁸

303 4066 571 4132 Πελάγιον
613 4067 707 4121 καὶ
758 4068 1051 4120 Κελέστιον
1094 4067 1524 4136 ἐπιστρέφοντας
1577 4065 1873 4135 ἐγγράφως

303 4157 728 4227 ἀναθεματίζειν
756 4158 817 4211 τὸ
848 4159 996 4228 σφῶν
1024 4160 1283 4211 ἐθέσπισε
1307 4158 1584 4227 φρόνημα.

383 4247 443 4302 Ὀ
474 4250 529 4301 δὲ
554 4249 637 4318 με’
660 4250 768 4302 τῶν
791 4250 963 4318 ἀγίων
1003 4250 1315 4303 ἀποστόλων
1364 4249 1545 4302 κανὼν
1595 4249 1721 4310 τοὺς
1750 4265 1875 4300 συν-

303 4337 635 4407 ευξαμένους
670 4340 967 4410 αἱρετικοτς
1007 4341 1343 4403 ἐπισκόπους
1392 4338 1426 4410 ἢ
1468 4338 1873 4410 πρεσϐυτέρους

305 4430 587 4500 ἁφορίζειο
618 4430 1021 4502 ἐπιτρέψαντας
1045 4431 1103 4484 δέ
1137 4448 1248 4485 τισι
1289 4430 1498 4485 τούτων
1526 4430 1594 4483 τὰ
1615 4429 1722 4482 τῶν
1746 4430 1876 4496 κλη-

307 4522 473 4590 ρικῶν
504 4522 797 4592 ἐνεργῆσαι
854 4523 1131 4592 καθαιρεῖ.

385 4614 446 4668 '0
479 4614 537 4668 δὲ
570 4613 667 4685 μς¹
692 4619 786 4668 καὶ
823 4617 951 4677 τοὺς
979 4615 1309 4686 δεξαμένους
1338 4615 1398 4669 τδ
1426 4616 1654 4669 ἐκείνων
1686 4616 1879 4687 βάπτι-

310 4723 438 4777 σμα,
474 4710 602 4771 τοὺς
632 4708 726 4763 ὑπ’
758 4710 983 4762 ἐκείνων
1020 4709 1222 4780 δηλαδὴ
1254 4710 1676 4779 βαπτισθέντας,
1708 4709 1741 4781 ἢ
1774 4710 1875 4764 ὅσα

309 4800 386 4861 είς
418 4800 609 4853 θυσίαν
643 4801 1007 4869 προσάγουσι,
1040 4800 1311 4869 καθαιρεῖ.

388 4892 447 4946 '0
470 4892 528 4946 δὲ
566 4890 641 4957 ξδ’
673 4892 761 4945 τὸν
787 4894 1173 4965 εισερχόμενον
1203 4894 1465 4962 κληρικδν
1493 4895 1526 4966 ἢ
1581 4895 1769 4949 λαῖκδν
1796 4897 1875 4967 είς

309 4986 637 5055 συναγωγὴν
674 4985 948 5039 Ἰουδαίων
976 4986 1009 5057 ἢ
1036 4987 1328 5055 αἱρετικῶν
1351 4988 1659 5057 προσευχῆς
1692 4989 1873 5057 χάριν,

304 5078 394 5131 τὸν
423 5079 525 5148 μὲν
564 5077 837 5149 καθαιρεῖ,
887 5079 981 5134 τὸν
1023 5080 1079 5131 δὲ
1113 5078 1385 5149 ἀφορίζει.
1418 5079 1514 5143 Τίς
1554 5081 1683 5149 γὰρ,
1718 5084 1872 5149 φησὶ,

310 5173 667 5241 συμφώνησις
704 5173 927 5243 Χριστῷ
956 5172 1092 5243 πρὸς
1127 5174 1361 5243 Βελίαρ;
1406 5174 1487 5235 τίς
1509 5173 1565 5225 δὲ
1598 5177 1754 5245 μερὶς
1784 5191 1877 5227 πι-

308 5264 415 5333 στῷ
450 5265 591 5333 μετὰ
621 5266 852 5318 ἀπίστου
875 5281 890 5330 ;
1865 5278 1869 5285 -

376 5358 489 5413 Kal
519 5358 548 5410 ό
582 5357 680 5425 μὲν
703 5357 803 5426 τῆς
834 5360 891 5412 ἐν
913 5357 1205 5429 Λαοδικείᾳ
1241 5364 1292 5423 ς’
1320 5359 1446 5421 τοὺς
1477 5358 1874 5429 περιπεσόντας

309 5448 575 5531 αἱρέσεσι,
599 5450 691 5502 καὶ
719 5450 800 5503 ἔτι
824 5450 1048 5514 ταύταις
1076 5452 1497 5521 ἐνεσχημένους,
1530 5451 1877 5523 πόρρωβάλ-

310 5539 388 5592 ὶει
412 5542 507 5611 τῆς
536 5541 888 5610 Ἐκκλησίας,
942 5542 1038 5595 καὶ
1077 5544 1158 5606 είς
1194 5539 1343 5595 οἷκον
1392 5543 1529 5596 Θεοῦ
1559 5545 1783 5597 εἰσιέναι
1812 5545 1872 5598 ού

310 5636 604 5703 συγχωρεῖ.

385 5724 444 5778 ὐ
478 5726 535 5778 δέ
572 5723 651 5796 λβ¹
704 5726 826 5780 οὐδὲ
863 5726 963 5791 τὰς
1011 5728 1120 5780 τῶν
1189 5726 1488 5799 αίρετικῶν
1542 5729 1789 5798 εὐλογίας
1839 5728 1869 5799 ἢ

312 5816 533 5886 ἀλογίας
564 5819 739 5873 εἰπεῖν
769 5819 1125 5892 οἰκειότερον,
1155 5820 1456 5895 λαμϐάνειν
1486 5821 1726 5894 ἐφίησιν.

1971 3252 2039 3316 [ia
2065 3268 2091 3302 a
2124 3248 2339 3318 Pelagio
2365 3257 2419 3301 et
2443 3246 2682 3302 Celestio
2709 3245 3218 3315 promulgabantnr,
3244 3258 3364 3311 quae
3390 3242 3553 3295 tertia

1970 3342 2087 3395 ιιιεο
2117 3338 2454 3395 tecumenica
2485 3336 2754 3408 synodus,
2787 3350 2891 3389 nec
2922 3349 3031 3388 non
3058 3331 3299 3401 synodus
3326 3329 3561 3385 Cartha-

1971 3432 2229 3503 gineusis,
2275 3428 2607 3483 anathemati
2654 3427 3032 3496 subjecerunt.
3076 3424 3271 3490 Quaere
3317 3435 3562 3477 canones

1970 3526 2214 3595 ejusdem
2253 3538 2419 3591 super
2455 3520 2542 3575 his
2577 3520 2914 3575 disserentes
2951 3520 3004 3571 in
3044 3534 3057 3571 I
3094 3532 3212 3587 cap.
3248 3514 3445 3569 litterae
3481 3511 3551 3576 Β,

1973 3619 2230 3672 nimirum
2264 3616 2362 3668 109
2391 3623 2446 3667 et
2478 3626 2589 3666 tres
2633 3611 2895 3679 deinceps
2939 3618 3237 3679 sequentes
3276 3623 3291 3659 :
3328 3605 3462 3674 quin
3507 3613 3563 3656 et

1973 3723 2211 3762 canones
2261 3706 2508 3775 ejusdem
2546 3704 2735 3774 synodi
2779 3702 2875 3767 116
2903 3711 2958 3755 et
2993 3700 3116 3760 115,
3150 3699 3205 3753 in
3240 3713 3362 3768 cap.
3396 3709 3563 3759 xxxv,

1973 3803 2168 3855 littera:
2202 3796 2277 3859 E;
2312 3812 2433 3864 qua:
2464 3794 2609 3849 enim
2636 3793 2707 3845 illi
2743 3792 3089 3845 anathemate
3119 3789 3277 3858 digna
3307 3796 3561 3850 censent,

1973 3892 2042 3945 ab
2080 3890 2147 3943 iis
2182 3888 2417 3941 absurde
2453 3888 2645 3940 educta
2686 3898 2834 3938 sunt.
2875 3883 3046 3937 Porro
3080 3894 3134 3935 et
3176 3896 3407 3951 magnus
3445 3878 3562 3932 Leo

1977 3997 2136 4051 papa,
2173 3995 2268 4041 eos
2306 3977 2397 4048 qni
2438 3993 2468 4031 a
2509 3976 2728 4045 Pelagio
2766 3982 2821 4029 et
2858 3972 3099 4028 Celestio
3139 3978 3563 4033 convertuntur,

1976 4056 2288 4141 opinionem
2329 4083 2481 4122 suam
2518 4069 2724 4138 scripto
2761 4063 3233 4119 anathematizare
3264 4061 3445 4132 jubet.

2052 4248 2156 4319 16
2193 4247 2366 4302 Porro
2416 4261 2594 4302 canon
2652 4246 2723 4301 45
2811 4254 3126 4303 sanctorum
3183 4238 3557 4311 apostolorum

1976 4341 2266 4411 episcopos
2295 4341 2378 4394 vel
2404 4338 2632 4394 clericos
2656 4338 2749 4407 qui
2781 4354 2888 4392 una
2919 4352 3043 4391 cum
3075 4334 3347 4390 haereticis
3374 4339 3566 4394 orant,

1980 4431 2452 4496 excounnnnicat;
2480 4431 2565 4485 sin
2596 4441 2777 4485 autem
2810 4430 2877 4483 iis
2909 4439 3161 4500 tanquam
3191 4424 3411 4481 clericis
3441 4442 3566 4497 ope-

1907 4510 1954 4562 Ῐ)
1985 4527 2094 4581 rari
2128 4524 2497 4593 permiserint.
2528 4524 2706 4593 depou
2731 4529 2773 4578 ι.

2053 4624 2238 4675 (Sanun
2279 4629 2459 4673 autem
2492 4618 2560 4673 46
2596 4632 2691 4672 eos
2728 4616 2817 4686 qui
2857 4630 3047 4670 eorum
3074 4614 3405 4686 baptismum
3430 4628 3559 4668 sus-

1984 4716 2211 4784 cipiunt.
2250 4713 2303 4767 id
2351 4721 2457 4776 est,
2500 4712 2568 4765 ab
2603 4710 2669 4765 iis
2705 4709 3076 4781 baptizantur,
3108 4708 3192 4764 vel
3225 4722 3569 4778 quaecunque

1988 4812 2051 4866 ad
2083 4806 2412 4863 sacriﬁcium
2445 4805 2701 4865 alierum,
2733 4802 2979 4873 deponit.

2058 4903 2245 4959 l’orro.
2271 4916 2446 4955 canon
2474 4899 2541 4952 6.5
2572 4897 2829 4952 clericum
2858 4896 2940 4948 vel
2966 4893 3164 4949 laicum
3194 4892 3285 4959 qui
3320 4890 3375 4944 in
3405 4906 3568 4962 syna-

1985 5010 2175 5064 gogam
2224 4991 2536 5046 Judaeorum
2585 4987 2669 5043 vel
2728 4986 3110 5040 haereticorum
3165 4980 3442 5036 introierit
3495 4982 3563 5035 ad

1984 5086 2273 5144 orandum,
2313 5084 2543 5135 alterum
2579 5079 2797 5149 quidem
2831 5076 3077 5145 deponit,
3109 5074 3339 5128 alterum
3376 5081 3563 5126 autem

1983 5174 2440 5231 excommunicat.
2471 5170 2728 5236 Quasnam
2757 5168 2903 5221 enim
2934 5175 3017 5220 est
3042 5164 3330 5220 concordia
3359 5162 3566 5219 Christi

1984 5283 2107 5321 enm
2139 5265 2326 5328 Belial,
2363 5274 2456 5317 aut
2484 5280 2602 5332 que
2635 5278 2757 5332 pars
2790 5260 2932 5314 ﬁdeli
2966 5276 3088 5314 cum
3123 5257 3370 5312 inﬁdeli?
3407 5304 3412 5309 .

2056 5360 2243 5412 Canon
2283 5356 2445 5410 etiam
2482 5355 2515 5409 6
2550 5370 2671 5425 syn.
2709 5353 2929 5407 Laodic.
2967 5366 3062 5406 eos
3098 5350 3190 5419 qui
3226 5349 3292 5403 ad
3330 5349 3569 5401 haereses

1986 5452 2121 5505 ullas
2153 5450 2287 5519 lapsi
2328 5459 2487 5513 sunt,
2520 5448 2823 5512 iisdemque
2857 5445 3188 5505 detinentur,
3221 5458 3287 5496 ex
3322 5440 3567 5494 Ecclesia

1986 5543 2157 5613 ejieit,
2188 5553 2244 5596 et
2274 5543 2329 5595 in
2359 5542 2581 5594 domum
2617 5539 2709 5594 Dei
2743 5538 2953 5610 ingredi
2985 5551 3095 5590 non
3129 5530 3421 5604 permittit.

2053 5723 2237 5778 Canon
2281 5729 2461 5774 autem
2505 5718 2748 5789 ejusdem
2792 5717 2861 5771 32
2926 5710 3306 5769 haereticorum
3349 5708 3574 5763 benedi-

1988 5816 2198 5870 ctiones
2225 5814 2328 5880 vel,
2359 5823 2414 5868 ut
2444 5811 2623 5883 aptius
2651 5811 2858 5881 loquar,
2890 5804 3290 5875 maledictiones
3317 5801 3567 5874 accipere

1992 5922 2101 5963 11011
2134 5919 2285 5961 811111.
