3902 6564
305 440 462 507 ’1051

315 659 472 700 orare
503 645 726 699 omnino
761 644 1037 714 prohibet.

393 736 456 790 Et
489 736 555 790 157
616 750 724 788 non
762 736 1031 805 permittit.
1063 751 1182 804 quas
1217 752 1243 790 a
1276 734 1478 791 Judazis
1511 734 1593 789 vel
1631 731 1901 786 haereticis

319 830 612 884 mittuntur
644 826 834 882 festiva
868 829 1150 899 accipere,
1184 837 1278 882 aut
1311 844 1414 882 una
1447 843 1569 882 cum
1603 826 1670 880 iis
1700 827 1898 878 festum

319 939 501 994 agere.

396 1017 583 1072 Nonus
615 1026 794 1070 autem
832 1023 888 1069 et
951 1016 1020 1069 δι
1060 1013 1127 1068 iis
1159 1014 1248 1083 qui
1285 1011 1486 1066 Christi
1526 1022 1789 1082 martyras
1823 1024 1906 1062 re-

322 1113 600 1179 linquunt,
624 1119 678 1162 et
701 1108 764 1162 ad
790 1107 958 1161 falsos
985 1106 1364 1160 hatreticorum
1391 1115 1656 1174 martyras
1679 1102 1900 1165 abeunt,

323 1211 378 1255 et
412 1201 466 1254 in
503 1216 563 1253 ea
599 1215 717 1268 ιιυτι·
752 1197 1008 1252 dicuntur
1041 1196 1295 1266 martyria
1334 1194 1410 1247 νυ]
1446 1192 1777 1256 cmmeteria,
1814 1208 1904 1246 se-

325 1295 590 1362 metipsos
617 1309 646 1346 a
675 1291 786 1345 Deo
811 1291 964 1360 quasi
995 1291 1329 1352 alienantes,
1358 1290 1494 1343 alter
1520 1289 1905 1342 communione

325 1385 716 1456 aliquantisper
746 1385 1054 1446 interdicit,
1085 1383 1221 1436 alter
1245 1393 1422 1436 autem
1456 1397 1551 1435 eos
1584 1381 1904 1433 anathema-

327 1483 486 1541 tizat;
514 1477 788 1546 probabile
813 1477 961 1530 enim
985 1483 1069 1530 est
1093 1475 1352 1544 quosdam
1383 1475 1668 1526 haereticos
1693 1474 1746 1524 in
1773 1481 1906 1524 tem-

324 1572 551 1640 poribus
591 1569 989 1638 persecutionis
1025 1569 1092 1622 ad
1131 1577 1360 1621 mortem
1403 1580 1573 1634 usque
1613 1565 1906 1618 reluctatus

329 1664 517 1728 fuisse,
538 1679 673 1732 quos
694 1663 858 1732 igitur
873 1671 1138 1732 martyras
1156 1668 1421 1714 vocarunt
1441 1659 1532 1728 qui
1555 1673 1678 1712 cum
1701 1658 1905 1711 eisdem

329 1758 661 1819 sentiebant,
697 1764 752 1809 et
783 1755 973 1809 domos
1009 1753 1064 1808 iu
1097 1753 1296 1824 quibus
1330 1765 1557 1820 corpora
1589 1763 1780 1804 eorum
1815 1763 1904 1803 se-

329 1850 480 1920 pulta
511 1858 690 1910 erant,
725 1847 1009 1914 martyria.

401 1942 584 1994 Canou
640 1947 820 1992 autem
858 1938 891 1991 9
927 1936 1200 1990 Timothei
1236 1932 1591 1989 Alexandrini
1637 1931 1813 2001 jubet,
1850 1941 1906 1984 ut

333 2032 596 2095 hmretici,
619 2032 747 2086 dum
771 2030 956 2085 divina
983 2029 1039 2083 tit
1063 2029 1285 2089 oblatio.
1313 2026 1568 2097 precibus
1594 2039 1702 2078 non
1732 2023 1905 2077 inter-

331 2126 460 2189 sint,
499 2122 606 2178 nisi
650 2137 710 2177 se
753 2121 1126 2192 paenitentiam
1167 2128 1386 2174 acturos
1427 2116 1804 2187 polliceantur.
1847 2113 1905 2166 Si

331 2217 476 2269 enim
514 2201 919 2270 catechumenis
956 2216 1058 2268 hoc
1091 2228 1200 2267 non
1234 2212 1559 2282 permissum
1594 2207 1701 2272 sit,
1735 2207 1907 2261 multo

333 2309 517 2364 minus
549 2309 840 2364 haereticis.
863 2307 1006 2374 Quin
1035 2315 1087 2362 et
1119 2305 1502 2376 promittentes
1531 2303 1584 2356 in
1616 2302 1735 2356 loco
1764 2313 1907 2354 cate-

331 2400 621 2455 chumeuis
655 2400 928 2455 destinato
965 2399 1212 2463 stabunt;
1254 2397 1399 2468 quod
1437 2397 1482 2452 si
1526 2393 1904 2466 paenitentiam

334 2509 496 2564 agere
558 2493 772 2558 nolunt,
833 2490 999 2546 etiam
1054 2490 1123 2545 ab
1153 2505 1218 2545 eo
1248 2489 1368 2544 loco
1393 2487 1753 2559 expellentur.

336 2691 490 2758 Quod
527 2691 795 2745 hwreticos
839 2689 929 2759 qui
972 2689 1026 2741 in
1066 2703 1283 2768 excessu
1325 2703 1352 2740 ε
1397 2687 1503 2741 vita
1549 2686 1909 2756 paenitentiam

723 2771 926 2830 agunt,
961 2766 1224 2824 suscipere
1258 2766 1522 2821 oporteat.

404 2852 630 2923 Magnus
658 2861 838 2906 autem
873 2849 1136 2912 Basilius,
1166 2850 1220 2904 in
1249 2863 1460 2904 canone
1487 2849 1548 2911 5,
1583 2861 1774 2902 omnes
1801 2846 1910 2900 lue-

336 2947 534 2998 reticos
575 2943 667 3013 qui
712 2943 764 2996 in
812 2957 1042 2996 excessu
1080 2956 1111 2996 e
1150 2940 1260 2995 vita
1299 2937 1679 3010 penitentiam
1719 2946 1911 3007 agunt,

338 3034 623 3086 admittere
643 3033 813 3098 jubet,
837 3031 1212 3086 examinantes
1233 3045 1301 3083 an
1325 3043 1504 3083 veram
1533 3027 1910 3097 paenitentiam

338 3125 650 3187 ostendant,
675 3135 726 3178 et
753 3139 822 3178 an
847 3123 1057 3179 fructus
1082 3121 1314 3176 habeant
1340 3119 1432 3190 qui
1455 3119 1644 3175 salutis
1671 3117 1910 3174 studium

340 3217 722 3272 testiﬁceutur.

409 3391 577 3446 Porro
609 3406 783 3445 canon
812 3389 883 3444 22
912 3389 1106 3461 synodi
1161 3387 1605 3459 Carthaginensis
1643 3386 1913 3456 episcOpis

339 3486 423 3538 vel
460 3482 676 3537 clericis
709 3480 776 3534 ad
809 3482 1080 3536 bonorum
1123 3495 1346 3534 suorum
1389 3479 1756 3534 haereditatem
1794 3476 1914 3530 inii-

338 3574 515 3628 delem
537 3575 618 3627 vel
645 3573 956 3626 haereticqu
981 3572 1204 3626 omnino
1228 3569 1489 3625 inducere
1511 3578 1676 3634 vetat,
1701 3568 1915 3623 etiamsi

340 3663 556 3734 cognati
589 3677 777 3716 eorum
809 3661 938 3716 sint.

409 3756 598 3808 Canon
632 3763 814 3807 autem
846 3753 940 3820 84,
1001 3753 1301 3824 Episcopo,
1338 3753 1550 3823 inquit.
1582 3753 1674 3822 qui
1708 3752 1762 3806 in
1796 3751 1919 3806 vitae

341 3850 488 3902 exitu
517 3854 896 3899 testamentum
920 3846 1164 3899 condens
1191 3845 1474 3901 hzereticos
1499 3845 1762 3898 bonorum
1791 3859 1920 3898 suo-

341 3956 461 3992 rum
508 3940 746 3994 haeredes
784 3938 1195 4007 conscripserit,
1233 3938 1361 3992 licet
1399 3938 1448 3992 ei
1487 3938 1747 4007 sanguine
1787 3953 1920 3991 con-

340 4030 518 4100 juncti
561 4030 690 4098 sint,
730 4031 894 4086 etiam
938 4038 1062 4102 post
1104 4040 1335 4084 mortem
1379 4031 1666 4085 anathema
1705 4029 1916 4084 denun-

344 4122 469 4175 tiari
489 4163 504 4185 ,
537 4131 594 4177 et
623 4137 824 4178 nomen
855 4121 976 4192 ejus
1007 4137 1039 4176 e
1071 4125 1414 4176 sacerdotum
1451 4119 1714 4177 memoria
1749 4119 1917 4175 deleri

342 4212 523 4269 debet.

857 4307 960 4378 17
997 4305 1153 4375 Leges
1187 4308 1390 4361 civiles.

417 4396 585 4452 Porro
615 4406 669 4453 et
697 4415 724 4452 a
751 4397 985 4455 diversis
1016 4400 1224 4468 legibus
1258 4401 1419 4458 basil.
1445 4416 1554 4456 non
1585 4401 1910 4472 permissum

346 4500 429 4545 est
462 4501 517 4544 ut
543 4493 781 4546 haeretici
814 4491 1055 4547 heredes
1091 4495 1243 4556 liaut,
1279 4508 1386 4548 non
1419 4495 1595 4548 solum
1645 4495 1912 4549 bonorum

1519 436 1885 498 MATTIIJEI
1936 437 2070 496 BLA
2083 435 2358 495 STARIS

385 555 517 607 item
554 554 624 608 53
665 566 768 607 nos
837 567 944 606 una
981 566 1104 607 cum
1141 551 1401 608 haeretica
1434 551 1519 608 vel
1554 550 1902 607 schismatico
1934 557 1975 612 Α

3425 424 3560 492 1052

2089 548 2148 601 Ὀ
2183 548 2238 600 δὲ
2264 545 2628 616 λγἀίρετικῷ
2660 546 2692 617 ἦ
2730 543 3077 616 σχισματικῷ
3121 545 3253 608 ὅλως
3291 545 3442 614 ἡμᾶς
3476 547 3574 600 οὐκ

2004 639 2291 708 ἐπιτρέπει
2327 637 2704 708 συνεύχεσθαι.

2086 729 2144 781 Ὀ
2170 729 2226 781 δέ
2253 727 2328 791 λζ’
2352 727 2477 782 οὗτε
2506 731 2574 782 τὰ
2600 729 2753 798 παρά
2776 727 2886 780 τῶν
2926 727 3196 782 Ἰουδαίων
3220 728 3252 798 ἢ
3280 728 3576 797 αίρετικῶν

2006 821 2343 889 πεμπόμενα
2379 819 2714 891 ἑορταστικά
2748 819 3068 886 λαμϐάνειν,
3114 820 3147 890 ἢ
3195 819 3575 889 συνεορτάζειν

2003 911 2212 973 τούτοις
2239 912 2484 981 ἐφίησιν.

2084 1003 2142 1056 Ὀ
2177 1003 2232 1056 δὲ
2265 1002 2308 1056 θ’
2351 1006 2442 1056 καὶ
2475 1003 2570 1068 λό’,
2610 1006 2736 1069 τοὺς
2772 1001 3294 1074 καταλιμπάνοντας
3321 1003 3450 1065 τοὺς
3480 1002 3576 1056 τοῦ

2003 1095 2241 1166 Χριστοῦ
2277 1097 2588 1166 μάρτυρας,
2614 1100 2706 1150 καὶ
2731 1096 2997 1157 ἀπιόντας
3024 1097 3104 1157 είς
3132 1094 3258 1158 τοὺς
3291 1095 3401 1147 τῶν
3423 1096 3577 1160 αἱρε-

2003 1181 2172 1233 τικῶν
2207 1181 2684 1252 ψευδομάρτυρας,
2728 1185 2822 1236 κα)⁸
2852 1185 2932 1245 είς
2968 1185 3038 1235 τά
3064 1183 3333 1252 λεγόμενα
3367 1183 3576 1237 τούτων

2009 1273 2285 1342 μαρτύρια
2309 1277 2400 1326 καὶ
2432 1277 2788 1346 κοιμητήρια,
2808 1276 2882 1338 ὡς
2907 1276 3326 1344 ἀλλοτριοῦντας
3351 1277 3580 1337 ἑαυτοὺς

2003 1363 2099 1416 τοῦ
2125 1365 2279 1428 Θεοῦ,
2313 1367 2340 1417 ό
2371 1366 2468 1435 μέν
2488 1366 2589 1436 τῆς
2616 1369 2894 1428 κοινωνίας
2932 1365 3094 1435 μέχρι
3120 1365 3266 1428 τινὸς
3297 1365 3582 1435 ἀπείργει,

2004 1456 2032 1507 ὁ
2065 1456 2123 1508 δὲ
2153 1456 2563 1526 ἁναθεματίζει.
2609 1459 2773 1520 Εἰκὸς
2831 1459 2937 1528 γάρ
2989 1475 3142 1520 τινας
3188 1457 3582 1526 ὑποκειμένους

2007 1549 2308 1618 αἱρέσεσιν,
2345 1553 2403 1602 ὲν
2428 1552 2541 1613 τοῖς
2588 1550 2876 1620 διωγμοῖς,
2925 1551 3176 1613 ἐνστῆναι
3211 1549 3375 1619 μέχρι
3419 1550 3584 1602 θανά-

2007 1657 2123 1702 του,
2157 1639 2250 1704 οὒς
2280 1643 2372 1694 καὶ
2406 1643 2692 1714 μάρτυρας
2723 1643 2773 1696 οί
2803 1641 3187 1713 ὁμοδοξοῦντες
3229 1641 3418 1700 αὐτοῖς
3450 1641 3581 1694 ἑκά·

2007 1731 2153 1798 λουν,
2188 1733 2464 1805 μαρτύριά
2494 1752 2554 1787 τε
2597 1735 2726 1798 τοὺς
2759 1736 2966 1804 οῖκους,
3004 1735 3062 1788 ἐν
3108 1728 3190 1797 οἷς
3237 1734 3304 1787 τά
3353 1731 3583 1785 ἐκείνων

2011 1825 2276 1878 ἐτέθαπτο
2308 1826 2556 1896 σώματα.

2091 1916 2150 1970 '0
2182 1917 2239 1970 δέ
2272 1918 2317 1971 θ’
2351 1919 2617 1989 Τιμοθέου
2680 1919 3111 1990 Ἀλεξανδρείας.
3156 1918 3258 1986 τῆς
3292 1917 3446 1980 θείας
3490 1933 3582 1970 τε·

2013 2008 2284 2081 λουμένης
2317 2013 2652 2083 ἱερουργίας,
2694 2016 2762 2084 τῇ
2796 2015 2928 2084 εὐχῇ
2959 2013 3170 2068 κελεύει
3210 2012 3338 2075 τοὺς
3371 2014 3586 2081 αἱρετι-

2013 2098 2147 2161 κοὺς
2175 2101 2250 2170 μὴ
2277 2103 2554 2172 παρεῖναι,
2575 2102 2626 2154 εί
2646 2103 2722 2173 μή
2747 2119 2848 2155 που
2889 2105 3172 2172 μετανοεῖν
3196 2101 3588 2171 ἐπαγγέλλων-

2012 2204 2096 2243 το.
2144 2189 2205 2242 El
2242 2189 2352 2260 γάρ
2379 2193 2491 2254 τοῖς
2520 2193 2948 2262 κατηχουμένοις
2991 2191 3152 2246 τοῦτο
3198 2192 3299 2245 οὺκ
3344 2193 3584 2260 ἐφεῖται,

2013 2281 2210 2336 πολλοῦ
2234 2299 2298 2351 γε
2326 2283 2408 2336 δεῖ
2433 2286 2546 2348 τοῖς
2575 2285 2873 2355 αίρετικοῖς
2890 2298 2907 2315 ⁶
2941 2284 3076 2338 ἀλλά
3101 2285 3196 2339 καὶ
3224 2285 3275 2338 οί
3306 2283 3584 2352 ἐπαγγελ-

2013 2376 2253 2446 λόμενοι,
2289 2378 2348 2430 ἐν
2393 2377 2567 2447 τόπῳ,
2607 2375 2666 2438 δς
2713 2377 2929 2430 ἀνεῖται
2974 2377 3090 2438 τοῖς
3127 2377 3582 2445 κατηχουμένοις,

2014 2469 2320 2540 ἐστήξουσι,
2360 2468 2436 2540 μὴ
2480 2468 2795 2540 βουλόμενοι
2828 2469 2884 2522 δὲ
2921 2469 3224 2539 μετανοεῖν,
3270 2470 3364 2522 καὶ
3392 2468 3584 2522 τούτου

2014 2561 2469 2631 ἐκϐληθήσονται.

2016 2669 2148 2723 Ὀτι
2176 2669 2320 2736 τοὺς
2349 2671 2418 2724 ἐν
2447 2669 2635 2736 ἐξόδῳ
2657 2671 3104 2739 μετανοοῦντας
3133 2671 3250 2724 τῶν
3271 2671 3588 2739 αιρετικῶν

2573 2740 2854 2809 δέχεσθαι
2883 2742 3022 2812 χρή.

2099 2830 2158 2884 '0
2190 2831 2247 2884 δὲ
2280 2830 2454 2902 μέγας
2508 2831 2808 2897 Βασίλειος,
2845 2835 2903 2888 ἐν
2955 2833 3035 2904 τῷ
3087 2835 3324 2904 πέμπτῳ
3380 2834 3589 2898 κανόνι,

2019 2920 2344 2992 σύμπαντας
2373 2924 2499 2988 τοὺς
2533 2926 2590 2977 ἐν
2621 2923 2789 2996 ἐξόδῳ
2821 2925 3220 2996 μετανοοῦντας
3246 2927 3355 2981 τῶν
3386 2929 3592 2997 αίρετι-

2017 3015 2128 3070 κῶν
2157 3015 2438 3069 ἐπιτάττει
2480 3017 2894 3088 προσδέχεσθαι,
2947 3018 3344 3090 δοκιμάζοντας
3393 3019 3497 3088 μέν
3544 3020 3592 3072 εί

2017 3105 2192 3177 άληθῆ
2239 3106 2337 3178 τὴν
2395 3110 2687 3178 μετάνοιαν
2728 3111 3170 3177 ἐπιδείκνυνται,
3225 3113 3320 3166 καὶ
3369 3113 3421 3165 εί
3463 3114 3592 3175 τοὺς

2019 3201 2270 3271 καρποὺς
2314 3201 2496 3273 ἔχουσι
2529 3202 2940 3273 μαρτυροῦντας
2973 3207 3039 3276 τῇ
3075 3206 3208 3276 πρὸς
3241 3206 3301 3259 τὸ
3344 3206 3592 3276 σωθῆναι

2017 3295 2249 3366 σπουδῇ.

2093 3389 2230 3458 Ὀγε
2266 3389 2372 3462 μὴν
2404 3391 2490 3461 κβ¹
2509 3393 2606 3462 τῆς
2633 3393 2691 3446 ἐν
2721 3393 3052 3466 Καρθαγένῃ
3091 3393 3332 3451 συνόδου.
3361 3391 3593 3445 ἐπισκό-

2017 3496 2143 3542 ποις
2177 3481 2210 3551 il
2264 3481 2546 3552 κληρικοῖς
2586 3485 2894 3555 ἀπείρηκεν,
2933 3485 3015 3548 είς
3064 3484 3434 3554 κληρονομίαν
3481 3483 3594 3536 τῶν

2020 3567 2166 3622 ίδίων
2187 3572 2532 3640 πραγμάτων
2556 3571 2691 3635 ὅλως
2710 3573 2953 3641 εἰσάγειν
2973 3573 3199 3627 ἄπιστον
3223 3573 3256 3645 ἢ
3285 3572 3590 3642 αίρετικὺν,

2018 3661 2068 3714 εί
2098 3664 2193 3715 καὶ
2219 3663 2430 3726 τούτοις
2462 3663 2602 3717 κατὰ
2635 3664 2790 3732 γένος
2813 3663 3140 3736 ᾠκείωνται.

2101 3752 2161 3807 '0
2191 3753 2248 3807 δὲ
2277 3753 2390 3819 πα⁹,
2434 3757 2773 3827 Ἐπισκόπῳ,
2804 3757 2960 3826 φησὶ,
3001 3755 3080 3824 τῷ
3109 3755 3200 3808 ἐπὶ
3229 3756 3374 3808 τέλει
3415 3757 3591 3811 διατιο

2019 3844 2230 3915 οεμένῳ
2265 3844 2360 3898 τοῦ
2393 3845 2534 3916 βίου,
2574 3847 2890 3918 αἱρετικοὺς
2933 3846 3044 3901 τῶν
3087 3847 3278 3901 τούτου
3321 3831 3588 3919 κληρονο-

2023 3938 2166 4006 μεῖν,
2195 3937 2290 3990 καὶ
2321 3937 2371 3990 εί
2394 3938 2520 3992 καθ’
2552 3935 2694 4008 αἷμα
2723 3938 2898 4007 τούτῳ
2933 3941 3294 4008 προσήκουσι,
3330 3941 3422 3992 καὶ
3449 3941 3587 4010 μετὰ

2019 4027 2256 4082 θάνατον
2285 4029 2534 4099 ἀνάθεμα
2568 4029 2689 4084 δέον
2727 4030 2806 4100 τῷ
2839 4031 3066 4098 τοιούτῳ
3094 4031 3373 4100 λεχθῆναι,
3402 4035 3497 4085 καὶ
3525 4033 3586 4086 τὸ

2019 4118 2194 4189 δνομα
2241 4120 2409 4175 αὐτοῦ
2455 4121 2556 4190 τῆς
2604 4121 2713 4175 τῶν
2762 4122 2952 4192 ἱερέων
2984 4125 3210 4196 μνήμης
3253 4124 3586 4192 ἀπολειφθῆ-

2019 4230 2131 4267 ναι.

2539 4309 2720 4376 Νόμοι
2746 4310 3062 4364 πολιτικοί.

2093 4398 2201 4451 Καὶ
2229 4399 2380 4464 παρὰ
2409 4396 2684 4466 διαφόρων
2714 4399 2771 4450 δέ
2800 4415 2863 4465 γε
2893 4399 3188 4467 βασιλικῶν
3219 4399 3402 4470 νόμων
3430 4402 3581 4471 αίρε-

2019 4492 2190 4552 τικοῖς
2229 4490 2328 4542 οὑκ
2353 4491 2751 4560 ἐπιτέτραπται
2779 4492 3158 4562 κληρονομεῖν,
3185 4495 3260 4566 μὴ
3283 4495 3366 4548 ὅτι
3387 4511 3450 4562 γε
3478 4495 3583 4548 τῶν

345 4597 468 4650 qua:
500 4583 564 4636 ad
596 4583 881 4652 episcopos
924 4593 979 4638 et
1032 4585 1285 4649 clericos,
1329 4587 1422 4639 sed
1476 4602 1653 4656 neque
1701 4598 1913 4649 eorum,

2033 4585 2136 4644 τοῖς
2181 4583 2499 4644 ἐπισκόποις
2536 4583 2849 4650 προσόντων
2879 4585 2912 4654 ἢ
2949 4585 3254 4654 κληρικοῖς,
3310 4586 3430 4640 ἀλλ’
3466 4585 3582 4640 οὐδὲ

346 4689 467 4742 qum
511 4677 576 4727 ad
623 4676 970 4731 Christianos
1015 4677 1191 4731 laicos
1236 4679 1528 4745 pertinent,
1565 4678 1782 4733 etiamsi
1823 4677 1917 4732 lilii

345 4779 535 4817 eorum
556 4763 778 4820 (iuerint.
818 4765 1210 4820 llazreticmum
1235 4777 1414 4820 autem
1444 4767 1597 4822 liberi
1617 4767 1917 4821 Christiani

349 4856 502 4918 facti,
535 4867 792 4925 parentes
825 4873 978 4918 suos,
1016 4861 1218 4912 victum
1259 4859 1360 4914 sibi
1394 4871 1449 4914 et
1495 4860 1750 4913 vestitum
1788 4875 1921 4928 sup-

349 4949 617 5016 peditare,
656 4960 707 5000 et
741 4951 922 5004 dotem
969 4951 1100 5004 dare
1122 4950 1279 5016 juxta
1311 4950 1588 5005 facultatis
1617 4965 1732 5006 sua:
1767 4965 1922 5005 men-

350 5055 534 5091 suram
569 5052 788 5107 cogunt.
933 5021 936 5024 ί
1385 5025 1392 5028 ξ

424 5219 526 5284 Qui
571 5236 678 5272 non
731 5219 906 5274 credit
959 5232 1205 5275 sanctam
1240 5219 1565 5274 Trinitatem
1618 5221 1816 5278 habere
1868 5225 1920 5278 in

354 5327 460 5366 una
501 5309 706 5365 Deitate
746 5313 1006 5380 aequalem
1065 5312 1360 5380 potentiam
1390 5353 1404 5374 ,
1458 5329 1525 5368 ne
1574 5313 1922 5370 Christianus

354 5403 573 5470 quidem
624 5402 843 5465 dicitur,
885 5402 980 5457 sed
1013 5417 1253 5458 vesanus
1283 5411 1392 5469 est,
1423 5415 1478 5458 et
1533 5403 1843 5470 haereticus,
1867 5417 1922 5462 et

355 5495 598 5555 infamis.
623 5505 678 5550 et
711 5497 954 5564 punitur.

430 5586 727 5643 Har-relictis
777 5598 896 5653 est,
948 5597 1004 5642 et
1053 5586 1262 5655 legibus
1328 5587 1590 5640 adversus
1638 5587 1926 5642 liaarctiros

357 5680 481 5733 latis
511 5681 802 5746 obnoxius,
834 5681 926 5750 qui
956 5680 1023 5733 ab
1054 5678 1363 5731 orthodoxa
1398 5677 1501 5731 [ide
1530 5679 1610 5731 Vel
1645 5695 1676 5747 p
1697 5679 1922 5733 .ululum

357 5771 611 5828 ilvclinat.
645 5772 785 5838 Quin
817 5781 872 5826 et
917 5771 1200 5825 haereticos
1264 5769 1464 5822 nullam
1506 5769 1792 5834 ιιιὶιὶιὲςιιιι,
1829 5784 1924 5823 nec

360 5862 627 5930 publicam
687 5864 1024 5918 curationem
1100 5875 1481 5932 qtlatncunuuc
1558 5861 1708 5913 obire
1766 5876 1925 5930 posse

2021 4673 2131 4724 τῶν
2165 4674 2277 4733 τοῖς
2308 4671 2516 4734 λαῖκοῖς
2553 4670 2926 4740 Χριστιανοῖς,
2963 4675 3012 4725 εί
3047 4674 3142 4725 καὶ
3186 4672 3377 4734 παῖδες
3405 4671 3581 4730 αὐτῶν

2022 4760 2235 4831 τύχοιεν
2269 4762 2420 4824 ὄντες
2441 4775 2454 4790 ·
2480 4762 2531 4813 oi
2557 4761 2614 4813 δέ
2645 4777 2706 4828 γε
2734 4760 2842 4814 τὼν
2881 4763 3177 4830 αίρετικῶν
3209 4763 3418 4826 παῖδες,
3446 4763 3583 4833 Χρι-

2025 4857 2230 4906 στιανοὶ
2267 4855 2571 4923 γενόμενοι,
2609 4855 2977 4920 ἀναγκάζουσι
3028 4855 3154 4917 τοὺς
3210 4855 3377 4917 ίδίους
3407 4857 3581 4923 γονεῖς

2023 4947 2328 5015 γενόμενοι.
2371 4947 2742 5010 ἀναγκάζουσι
2775 4948 2898 5007 τοὺς
2943 4947 3104 5008 ἰδίους
3147 4950 3326 5014 γονεῖς
3365 4949 3582 5017 τρέφειν

2025 5036 2224 5098 αὐτοὺς
2253 5037 2346 5089 καὶ
2377 5036 2604 5097 ἐνδύειν,
2640 5035 2733 5088 καὶ
2762 5039 2965 5105 προῖκα
2995 5036 3202 5098 τούτοις
3228 5035 3426 5089 διδόναι
3444 5036 3582 5088 κατά

2023 5129 2085 5180 τὸ
2119 5130 2319 5198 μέτρον
2342 5127 2444 5196 τῆς
2474 5127 2654 5181 αὐτῶν
2687 5127 3029 5194 περιουσίας.

2107 5221 2169 5273 ὐ
2199 5221 2275 5290 μὴ
2303 5218 2538 5284 δοξάζων
2571 5219 2669 5288 τὴν
2697 5219 2859 5282 ἁγίαν
2885 5219 2927 5270 Τ
2933 5218 3092 5288 ριάδα
3121 5220 3180 5270 ἐν
3231 5219 3333 5290 μιᾷ
3374 5217 3584 5286 Θεότητι

2029 5314 2374 5382 ίσοδύναμον,
2425 5311 2551 5364 οὔτε
2597 5311 2926 5382 Χριστιανὸς
2966 5311 3211 5377 λέγεται,
3253 5314 3350 5364 καὶ
3397 5309 3584 5379 ἄφρων

2027 5407 2163 5470 ἐστὶ,
2191 5406 2285 5457 καὶ
2309 5401 2602 5473 αίρετικδς,
2635 5403 2726 5456 καὶ⁸
2758 5403 2976 5473 ἄτιμος,
3011 5402 3106 5455 καῖ¹
3135 5403 3481 5472 τιμωρεῖται.

2097 5579 2381 5650 Λὶρετικός
2412 5580 2528 5630 ἐστι
2555 5581 2648 5631 καὶ
2677 5579 2787 5641 τοῖς
2808 5576 2951 5630 κατὰ
2989 5575 3097 5630 τῶν
3131 5576 3423 5648 αἱρετικῶν
3458 5575 3584 5628 ὑπό·

2027 5691 2208 5727 κειται
2240 5673 2423 5740 νόμοις
2453 5673 2481 5724 ό
2515 5671 2708 5740 μικρὸν
2734 5669 2862 5738 γοῦν
2891 5671 3156 5721 ἐκκλίνων
3182 5669 3281 5737 τῆς
3308 5668 3583 5738 ὀρθοδόξου

2028 5766 2262 5826 πίστεως
2283 5779 2299 5795 ο
2326 5763 2462 5815 αλλὰ
2496 5766 2590 5815 καὶ
2623 5762 2892 5830 μηδεμίαν
2929 5761 3233 5832 στρατείαν,
3259 5761 3404 5830 ἧτὴν
3441 5761 3582 5812 olu-

2029 5860 2132 5914 οὖν’
2179 5859 2433 5926 δημόσιον
2490 5853 2750 5926 φροντίδα
2802 5853 3043 5925 μετιέναι
3101 5852 3228 5914 τοὺς
3277 5849 3582 5921 αίρετικους
