3902 6612
301 494 439 562 1053

1257 495 1667 557 SYNTAGMA
1709 495 2336 564 ALPIIABETICUM.
2377 527 2445 540 —
2489 501 2555 565 Α.

3415 492 3552 560 1'54

298 612 658 683 θεσπίζομεν,
694 611 830 684 μήτε
861 607 1276 682 ἀξιωματικοὺς
1303 613 1575 680 γίνεσθαι,
1615 611 1690 683 μὴ
1732 612 1875 666 διδά-

1989 615 2373 684 decernimus;
2418 620 2609 690 utique
2652 633 2756 676 nec
2787 619 3084 691 dignitates
3110 616 3328 685 assequi
3363 630 3547 684 posse,

298 722 447 758 σκειν
472 704 729 769 τούτους,
759 705 833 774 μὴ
857 705 1192 775 χειροτονίας
1215 706 1412 770 ποιεῖν,
1447 708 1522 776 μὴ
1546 703 1869 758 λιτανεύεινο

293 790 620 866 αἱρετικοὺς
654 798 710 851 δέ
741 797 974 866 λέγομεν
1005 781 1217 862 πάντας
1248 794 1390 851 εἶναι
1422 797 1550 859 τοὺς
1595 797 1669 866 μὴ
1710 814 1874 866 μετα-

292 888 686 957 λαμϐάνοντας
710 889 818 942 τῶν
843 890 1199 958 ἀγιασμάτων
1215 888 1370 962 παρὰ
1390 889 1504 948 τῶν.
1523 889 1567 942 ίε
1578 889 1714 959 ρέων
1731 889 1873 942 κατὰ

292 979 392 1048 τὴν
421 979 596 1047 ἁγίαν
620 979 715 1033 τοῦ
738 980 876 1033 Θεοῦ
919 979 1275 1048 Ἐκκλησίαν.

359 1054 670 1141 Μανιχαῖοι
721 1072 816 1125 καὶ
849 1073 1174 1125 Δονατισταὶ
1229 1071 1304 1141 μὴ
1358 1072 1630 1142 ἐχέτωσαν
1662 1073 1730 1126 τὰ
1764 1075 1873 1128 τῶν

291 1163 599 1233 ὀρθιιδὸξων
621 1167 914 1234 προνόμια,
941 1163 1080 1218 ἀλλὰ
1103 1164 1197 1218 καὶ
1224 1166 1468 1234 ἐσχάτως
1491 1165 1872 1237 τιμωρείσθω-

292 1272 427 1308 σανο
465 1256 742 1320 ὡσαύτως
791 1256 881 1310 καὶ
920 1257 970 1308 οί
1016 1257 1515 1327 Ἀπολλιναρισταὶ,
1564 1259 1660 1312 καὶ
1706 1259 1758 1311 οἱ
1784 1258 1873 1330 μὴ

289 1350 411 1411 ταῖς
447 1348 646 1416 ἁγίαις
694 1351 958 1418 τέσσαρσι
993 1348 1236 1411 συνόδοις
1285 1349 1625 1419 πειθόμενοι,
1678 1353 1771 1404 καὶ
1825 1353 1874 1405 οἱ

290 1441 434 1494 κατὰ
457 1444 568 1512 τῆς
603 1440 766 1510 ἁγίας
810 1439 853 1495 δ’
893 1441 1116 1495 συνόδου
1155 1440 1188 1511 ἢ
1222 1440 1403 1512 λέγειν
1443 1461 1496 1496 τι
1537 1444 1875 1512 ἢδιδάσκειν

289 1532 634 1597 τολμῶντες.

349 1622 698 1694 Μανιχαῖος,
742 1626 792 1680 εί
822 1627 882 1681 ἐν
918 1625 1213 1699 Ῥωμαῖκῷ
1247 1627 1397 1700 τόπῳ
1427 1629 1618 1702 ὀφθείη
1649 1630 1872 1699 διάγων,

290 1716 461 1771 ἀποτε
471 1717 718 1785 μνέσθω.

359 1811 745 1866 Μοντανισταὶ
784 1811 1086 1882 ἐξαιρέτως
1141 1812 1344 1882 μηδένα
1385 1813 1494 1867 τῶν
1533 1816 1666 1886 παρ’
1691 1813 1874 1878 αὐτοῖς

1977 723 2079 763 nec
2112 708 2345 776 docere,
2391 725 2490 765 nec
2519 709 2899 767 ordinationes
2935 710 3138 775 facere,
3173 721 3275 762 nee
3325 707 3546 774 litanias

1975 800 2274 854 celebrare.
2305 799 2544 855 Dicimus
2593 810 2772 856 autem
2809 801 3104 855 haereticos
3149 813 3271 853 esse
3327 812 3564 867 omnes,~

1975 890 2064 956 qui
2101 890 2474 955 sacramentis,
2510 905 2628 958 qua:
2653 889 2857 944 dantur
2887 903 2915 943 a
2950 887 3328 944 sacerdotibus
3365 887 3419 940 in
3450 885 3542 939 Dei

1974 985 2242 1049 Ecclesia,
2276 1001 2383 1040 non
2422 995 2851 1041 communicant.

2047 1077 2327 1133 Manichaei
2358 1086 2411 1132 et
2441 1079 2734 1132 Donatista;
2770 1076 3204 1132 orthodoxorum
3243 1073 3545 1143 privilegiis

1975 1186 2044 1225 ne
2083 1170 2356 1236 fruantur,
2412 1186 2600 1225 verum
2632 1171 2796 1226 etiam
2843 1180 3087 1224 extremo
3129 1167 3397 1237 supplicio
3429 1164 3549 1219 afﬁ-

1975 1263 2218 1321 ciantur.
2265 1261 2532 1318 Similiter
2561 1274 2615 1318 et
2646 1264 3081 1334 Apollinaristaa,
3115 1262 3260 1332 iique
3290 1260 3382 1329 qui
3409 1276 3546 1328 qna-

1977 1364 2102 1410 tuor
2157 1359 2364 1411 sanctis
2402 1356 2654 1412 εοιιείιίἱε
2683 1371 2789 1410 non
2823 1355 3120 1420 obediunt;
3152 1362 3207 1409 et
3236 1352 3546 1422 quicunque

1975 1461 2164 1500 contra
2223 1461 2474 1518 quartum
2543 1457 2797 1504 sanctum
2859 1447 3154 1503 concilium
3217 1446 3306 1503 vel
3362 1446 3546 1501 dicere

1975 1539 2283 1606 quidpiam,
2321 1539 2403 1591 vel
2436 1539 2634 1593 docere
2660 1540 2777 1594 ausi
2811 1546 2962 1592 sunt.
3372 1537 3376 1540 ’

2051 1629 2403 1695 Manichacus,
2439 1630 2484 1682 si
2541 1630 2595 1684 in
2642 1630 2764 1685 loco
2813 1629 3065 1685 Romano
3111 1628 3308 1698 degere
3349 1623 3548 1695 depre-

1977 1721 2185 1776 hensus
2221 1720 2408 1786 fuerit,
2434 1721 2758 1776 decolletur.

2050 1813 2397 1868 Montanistae
2465 1814 2739 1884 praecipue
2801 1812 3008 1868 nullum
3055 1826 3272 1879 eorum,
3318 1809 3415 1879 qui
3463 1807 3552 1862 di-

289 1901 660 1970 καλουμένων
688 1905 1053 1975 Πατριαρχῶν
1076 1905 1109 1976 ἢ
1134 1905 1411 1978 κληρικῶν
1431 1905 1581 1969 ἐντὸς
1601 1906 1875 1976 ἐχέτωσαν

1989 1917 2202 1970 cuntur,
2265 1906 2745 1976 patriarcharum,
2787 1905 2874 1960 vel
2930 1904 3256 1959 clericorum
3317 1903 3553 1976 habeant

289 1991 980 2058 Κωνσταντινουπόλεως’
1030 1995 1428 2051 κωλυέσθωσαν
1477 1997 1536 2052 δὲ
1583 1997 1682 2052 καὶ
1721 1999 1873 2061 ἐντὸς

289 2083 465 2152 αὐτῆς
499 2087 923 2156 στρατεύεσθαι,
947 2087 982 2159 ἢ
1013 2088 1265 2144 συσσίτια
1285 2091 1481 2155 ποιεῖν,
1506 2089 1540 2161 ἦ
1564 2089 1872 2160 ἀνδράποδα

293 2175 735 2246 ἐμπορεύεσθαι.

357 2270 660 2342 Δῖρετικδς
698 2271 842 2328 κατὰ
880 2271 1167 2344 ὀρθοδὸξου
1203 2273 1279 2345 μὴ
1321 2274 1692 2346 μαρτυρείτω.

372 2446 873 2504 Ἐκϐαλλέσθωσαν
897 2450 957 2504 δέ
981 2448 1079 2505 καὶ
1105 2452 1163 2505 αῖ
1189 2452 1468 2522 αἱρετικαὶ
1487 2457 1746 2523 γυναῖκες
1765 2456 1874 2510 τῶν

291 2538 602 2609 δεδομένων
634 2541 945 2612 προνομίων
975 2545 1103 2607 ταῖς
1132 2543 1469 2612 ὁρθοδόξοις*
1510 2546 1569 2599 οὐ
1601 2547 1711 2617 γὰρ
1741 2548 1873 2618 περὶ⁵

291 2631 390 2702 τὴν
421 2632 695 2687 ἱκάνωσιν
736 2634 840 2705 τῆς
873 2636 1101 2706 προικὸς
1131 2635 1315 2690 αὐτῶν
1363 2638 1458 2691 καὶ
1506 2639 1616 2691 τῶν
1667 2656 1876 2708 προγα-

299 2725 502 2794 μιαίων
527 2726 749 2795 δωρεῶν
782 2730 1292 2800 προτιμηθὴσονται
1322 2730 1434 2783 τῶν
1462 2734 1745 2803 προτέρων
1782 2733 1876 2787 δα-

294 2818 531 2872 νειστῶν
586 2822 683 2873 τοῦ
730 2821 944 2892 ἀνδρὸς,
992 2821 1181 2893 ὥσπερ
1227 2821 1284 2876 al
1327 2823 1616 2891 ὀρθόδοξοι.
1651 2824 1873 2898 Ἐπειδὴ

296 2908 405 2978 γὰρ
468 2910 659 2981 φησὶν,
688 2911 886 2974 ἑαυτὰς
913 2913 1022 2966 τῶν
1042 2913 1137 2968 τοῦ
1170 2914 1303 2969 Θεοῦ
1330 2916 1618 2986 χωρίζουσι
1634 2919 1872 2988 δωρεῶν,

295 3003 523 3072 καὶτῆς
556 3003 826 3072 ἀχρὰντου
863 3005 1152 3069 κοινωνίας
1181 3006 1282 3073 τῆς
1318 3006 1876 3080 ωθολικῆςιἚκκλη-

298 3089 419 3155 σίας
448 3093 820 3166 ἀλλοτριοῦσι,
868 3094 1079 3151 δίκαιον
1111 3098 1177 3152 ἂν
1201 3100 1284 3170 εἴη
1317 3099 1540 3153 καὶτῶν
1560 3100 1695 3170 παρ’
1716 3102 1875 3171 ἡμῶν

296 3185 699 3257 δεδωρημένων
729 3190 852 3250 ταῖς
890 3189 1142 3242 εὐσεϐέσι
1191 3190 1303 3244 τῶν
1336 3191 1616 3258 γυναικῶν
1652 3191 1873 3246 δικαίων

1981 1999 2124 2052 intra
2167 1996 2724 2066 Constantinopolim.
2750 1993 3160 2050 Probibeantur
3191 2002 3373 2048 autem
3406 1993 3551 2047 intra

1979 2108 2100 2150 eam
2141 2092 2388 2147 militiam
2441 2105 2720 2156 exercere,
2753 2089 2835 2145 vel
2865 2089 3296 2146 comessationes
3344 2086 3549 2148 facere,

1979 2184 2062 2240 vel
2093 2184 2363 2254 mancipia
2389 2197 2593 2239 emere.

2052 2273 2352 2330 Haereticus
2410 2271 2780 2328 testimonium
2823 2282 3016 2328 contra
3058 2269 3423 2328 orthodoxum
3484 2279 3552 2319 ne

1979 2364 2146 2422 dicat.
2521 2407 2534 2416 .

2051 2458 2191 2524 Quin
2227 2465 2284 2512 et
2312 2457 2582 2514 haeretica:
2609 2455 2874 2512 mulieres
2907 2453 3216 2526 privilegiis
3266 2467 3386 2523 qua
3417 2451 3552 2508 dan-

1984 2558 2071 2604 tur
2092 2549 2414 2605 orthodoxis
2445 2549 2722 2604 excidant.
2757 2545 2875 2602 Non
2905 2548 3050 2602 enim
3079 2547 3228 2601 circa
3261 2544 3407 2601 dotis
3441 2558 3555 2599 sum

1978 2651 2036 2696 et
2071 2641 2426 2698 donationum
2475 2649 2603 2696 ante
2655 2640 2872 2710 nuptias
2916 2637 3301 2693 sufﬁcientiam
3356 2635 3556 2705 priori-

1981 2738 2082 2789 bus
2115 2733 2214 2788 viri
2269 2733 2632 2788 creditoribus
2679 2731 3060 2801 preferentur,
3089 2726 3550 2797 quemadmodum

1982 2825 2234 2896 mulieres
2255 2825 2593 2879 ortlmdoxze.
2617 2822 2888 2889 Quoniam
2918 2823 3064 2876 enim
3091 2822 3322 2890 seipsas.
3349 2819 3548 2888 inquit,

1978 2932 2011 2972 a
2057 2916 2148 2970 Dei
2211 2916 2369 2970 donis
2405 2925 2686 2984 separant,
2738 2923 2795 2968 et
2841 2914 2908 2966 ab
2944 2912 3233 2982 impolluta
3287 2909 3550 2966 Ecclesia:

1979 3008 2263 3063 catholica
2291 3006 2682 3061 communione
2711 3006 2974 3068 alienant,
2995 3021 3213 3073 aequum
3244 3005 3407 3058 etiam
3442 3010 3549 3066 est,

1979 3110 2040 3155 ut
2079 3115 2106 3152 a
2136 3099 2350 3168 juribns
2378 3108 2430 3151 et
2474 3098 2773 3167 privilegiis
2812 3097 2914 3166 piis
2967 3097 3294 3150 mulieribus
3328 3110 3356 3148 a
3391 3095 3551 3149 nobis

1980 3194 2257 3252 concessis
2289 3195 2618 3248 alicnentur.
2652 3193 2866 3248 Etenim
2890 3192 3128 3260 religiosi
3162 3190 3545 3260 religiosorum

295 3279 393 3332 καὶ
451 3279 774 3350 προνομίων
839 3280 1274 3350 ἁλλοτριοῦσθαι.
1309 3282 1430 3336 Τῶν
1471 3284 1579 3354 γὰρ
1633 3284 1874 3338 εὐσεϐῶν

1989 3286 2354 3343 henel‘actores
2382 3296 2436 3340 et
2468 3285 2807 3354 legislatores
2835 3299 2865 3338 a
2888 3285 2995 3338 Deo
3015 3283 3300 3338 constituti
3331 3296 3550 3345 sumus,

299 3371 555 3434 εὐσεϐεῖς
605 3374 758 3437 ὄντες
791 3374 1076 3444 εὐεργέται
1112 3377 1208 3429 καὶ
1239 3376 1530 3446 νομοθέται
1561 3378 1698 3447 πρὸς
1722 3378 1872 3440 ξΘεοῦ

298 3466 747 3537 καθεστήκαμεν,
776 3467 838 3519 οὐ
865 3467 974 3519 τῶν
998 3471 1125 3539 περὶ
1147 3470 1435 3540 ἐλαχίστου
1466 3470 1534 3522 τὰ
1559 3471 1659 3538 τῆς
1687 3470 1875 3538 ὑγιοῦς

299 3561 540 3625 πίστεως
574 3561 902 3629 τιθεμένων·
955 3566 1133 3614 κοινὸν
1181 3563 1287 3632 γὰρ
1345 3563 1478 3632 ἡμῖν
1533 3548 1686 3615 οὐδὲν
1740 3562 1876 3632 πρὸς

300 3654 567 3716 ἐκείνους.
599 3653 733 3715 Ταῖς
768 3652 1019 3723 νομίμοις
1043 3670 1106 3722 γε
1139 3653 1244 3724 μὴν
1276 3655 1404 3717 τοὺς
1441 3653 1753 3724 αίρετικοὺς
1778 3671 1874 3709 τας

301 3748 433 3814 φαῖς
467 3743 861 3817 παραδίδοσθαι
901 3744 1321 3817 συγχωροῦμεν.

367 3859 624 3913 ΚΕΦΑΛ.
660 3856 736 3912 Γ’.
781 3856 1040 3929 Πῶςῌδεῖ
1070 3858 1174 3922 τὰς
1207 3858 1535 3926 λεγομένας
1563 3857 1802 3929 ardua;-

657 3928 872 3989 ποιεῖν,
914 3927 1047 3996 ἦτοι
1084 3929 1156 3980 τὰ
1185 3931 1521 3997 συμπόσια.

380 4016 444 4070 '0
484 4015 584 4086 μὲν
625 4013 692 4070 ια’
726 4017 826 4086 τῆς
864 4018 922 4069 ἐν
985 4015 1211 4086 Γάγγρᾳ
1258 4017 1478 4071 συνόδου
1523 4017 1727 4081 κανὼν,
1751 4020 1878 4084 τοὺς

304 4108 584 4160 κοινωνεῖν
618 4105 691 4176 μὴ
741 4105 1106 4176 ἀνεχομένους
1137 4109 1250 4170 τοῖς
1285 4109 1346 4161 ἐκ
1387 4109 1626 4171 πίστεως
1655 4111 1750 4162 καὶ
1783 4109 1877 4164 eti-

303 4195 524 4260 λαδείας
554 4196 652 4259 τὰς
677 4195 975 4264 λεγομένας
1005 4197 1226 4264 ἀγάπας
1255 4197 1625 4269 ἐνἘκκλησίᾳ
1643 4199 1876 4266 ποιοῦσ.,

305 4292 396 4342 καὶ
429 4290 512 4351 είς
549 4287 712 4359 τιμὴν
743 4287 841 4341 τοῦ
875 4287 1082 4360 Κυρίου
1115 4289 1251 4351 τοὺς
1291 4289 1554 4357 ἀδελφοὺς
1585 4291 1665 4354 είς
1698 4291 1879 4344 ἑστία-

310 4397 392 4433 σιν
441 4379 980 4450 προσλαμϐάνουσιν,
1021 4381 1096 4440 ὼς
1128 4381 1592 4450 βδελυσσομένους
1626 4382 1688 4434 τὸ
1728 4382 1878 4450 γινό-

309 4487 491 4538 μενον,
519 4467 928 4538 τῷἆναθέματι
963 4472 1344 4536 παραπέμπει.
1399 4468 1460 4520 El
1499 4469 1608 4538 γὰρ
1645 4470 1877 4531 καὶτοῖς

1982 3394 2086 3433 non
2123 3387 2304 3432 autem
2341 3391 2528 3430 eorum
2563 3377 2652 3444 qui
2674 3390 2864 3429 sanam
2897 3374 3055 3428 Iidem
3082 3372 3236 3442 parvi
3264 3371 3550 3442 pendunt:

1984 3471 2118 3526 nihil
2150 3470 2296 3524 enim
2331 3469 2487 3524 nobis
2526 3483 2650 3522 cum
2685 3467 2751 3522 iis
2781 3480 3073 3522 commune
3116 3474 3220 3520 est.
3257 3463 3554 3520 llatreticos

1984 3573 2164 3618 autem
2199 3563 2452 3632 legitimis
2493 3559 2765 3630 sepulcris
2815 3560 2954 3614 tradi
3001 3555 3397 3629 permittimus.

1976 3853 2130 3910 CAP.
2160 3853 2251 3910 lli.
2288 3853 2565 3920 Quomodo
2591 3870 2815 3922 agapas,
2841 3868 2959 3924 qua:
2983 3859 3260 3917 vocantur,
3287 3865 3379 3904 seu
3421 3865 3552 3905 con-

2405 3924 2540 3976 vicia
2573 3923 2859 3978 celebrare
2878 3923 3084 3977 deceat.

2051 4012 2385 4070 Undecimus
2414 4031 2535 4085 syn.
2562 4014 2866 4083 Gaugrena:
2899 4029 3074 4068 canon
3126 4013 3195 4068 iis
3233 4013 3325 4083 qui
3358 4027 3549 4068 eorum

1978 4104 2422 4161 communionem
2463 4121 2570 4161 nou
2609 4107 2812 4171 ferunt,
2851 4105 2946 4175 qui
3005 4118 3074 4158 ex
3130 4103 3236 4158 (ide
3266 4115 3320 4157 et
3351 4105 3549 4171 pietate

1979 4212 2177 4266 agapas
2197 4195 2373 4252 dictas
2413 4197 2468 4251 in
2515 4197 2756 4252 ecclesia
2784 4204 3071 4267 peragunt,
3103 4205 3159 4250 et
3193 4193 3246 4248 iu
3284 4194 3547 4248 honorent

1980 4289 2194 4343 Domini
2235 4287 2431 4344 fratres
2463 4290 2529 4344 ad
2563 4289 2875 4344 convivium
2909 4288 3206 4358 accipiunt,
3243 4284 3311 4340 ab
3347 4297 3414 4337 eo
3445 4283 3550 4336 uti-

1980 4401 2086 4455 que
2122 4387 2266 4454 quod
2317 4386 2517 4440 factum
2553 4392 2635 4436 est
2687 4381 3071 4444 abhorrentes,
3121 4378 3409 4432 anathema
3454 4376 3551 4428 de-

1984 4477 2220 4532 nuntiat.
2274 4477 2422 4530 Licet
2475 4475 2621 4529 euim
2657 4489 2687 4527 a
2729 4472 3034 4527 canonibus
3083 4466 3551 4538 subsequentibus

312 4560 710 4631 ῥηθησομένοις
760 4561 949 4612 κανόσι
1002 4559 1175 4613 ταῦτα
1246 4559 1493 4626 γίνεσθαι
1544 4559 1875 4630 ἀπείρηται,

1989 4571 2090 4625 tale
2119 4570 2396 4640 quidpiam
2452 4567 2567 4622 ﬁeri
2617 4567 2841 4620 vetitum
2880 4568 2980 4629 sit,
3019 4562 3319 4633 aliquando
3354 4569 3540 4614 tamen

310 4653 422 4705 ἀλλ’
451 4647 545 4705 οὖν
579 4653 693 4715 τοῖς
721 4651 899 4723 ἀγαθῇ
930 4649 1128 4723 γνώμη
1158 4651 1316 4704 τοῦτο
1346 4649 1551 4721 δρῶσιν
1595 4649 1745 4702 ἔστιν
1773 4651 1880 4720 ὅπη

311 4745 540 4811 ἐφεῖται.
1407 4727 1410 4730 ’

391 4836 451 4886 Ὀ
481 4837 535 4887 δὲ
571 4832 649 4888 οδ’
683 4834 782 4903 τῆς
815 4839 868 4899 ς’
903 4833 1120 4887 συνόδου
1167 4834 1368 4900 κανὼν,
1405 4835 1501 4887 καὶ
1529 4836 1556 4888 ὁ
1587 4831 1674 4904 κη’
1700 4835 1797 4904 τῆς
1821 4835 1879 4886 ἐν

312 4926 636 4996 Λαοδικείᾳ,
680 4926 990 4996 ἀφορισμδν
1061 4927 1514 4979 ἐπανατείνονται
1564 4928 1674 4987 τοῖς
1733 4925 1879 4977 ἐνεὸν

315 5017 606 5085 ἐκκλησίας
656 5015 690 5086 ἢ
741 5015 836 5069 τοῦ
882 5016 1160 5086 Κυριακοῦ
1191 5017 1488 5082 δειπνοῦσι,
1525 5019 1618 5069 καὶ
1658 5017 1879 5085 ἀγάπην

313 5108 472 5176 δῆθεν
515 5108 779 5170 ἐσθίουσι,
816 5109 911 5162 καὶ
958 5109 1266 5178 ἀκούμϐιτα
1309 5109 1635 5177 στρωννύειν
1665 5109 1878 5177 τολμῶ-

317 5215 436 5254 σιν⁰
478 5201 615 5254 ἀλλὰ
645 5200 754 5270 γὰρ
782 5199 926 5264 ἅπας
957 5202 1122 5263 τόπος
1161 5201 1236 5268 τῷ
1273 5201 1390 5270 Θεῷ
1459 5200 1878 5268 ἀνατεθειμέος

317 5292 575 5362 κυριακδς
597 5291 834 5358 λέγεται.
870 5292 1123 5361 ’Δρχαῖον
1150 5291 1204 5342 δὲ
1229 5287 1296 5360 ἧν
1317 5291 1460 5358 ἔθος,
1488 5291 1626 5359 μετὰ
1649 5292 1747 5361 τὴν
1771 5291 1877 5341 τῶν

319 5385 480 5437 θείων
524 5384 810 5436 κοινωνίαν
861 5382 1178 5452 μυστηρίων
1225 5382 1408 5449 κοινὴν
1441 5383 1720 5449 τράπεζαν
1752 5382 1878 5443 τοὺς

319 5474 608 5537 πλουσίους
631 5476 741 5534 τοῖς
767 5475 962 5543 πένησι
996 5473 1328 5543 προτιθέναι.
1367 5475 1569 5525 Τούτου
1601 5473 1693 5526 τοῦ
1724 5473 1878 5535 ἔθους

319 5564 410 5616 καὶ
447 5565 475 5616 ὁ
507 5557 1029 5630 μέγας,ἶὰπόστολος
1070 5561 1278 5625 Παῦλος
1318 5564 1372 5613 ἐν
1402 5566 1468 5631 τῇ
1508 5562 1640 5631 πρὸς
1685 5563 1881 5631 Κορινο

320 5655 464 5719 ϐίους
502 5657 775 5725 μέμνηται
823 5655 905 5707 α’·
939 5656 1142 5712 ἐκεῖνος
1172 5656 1278 5725 γὰρ
1315 5655 1408 5707 καὶ
1454 5654 1671 5724 ἀγάπην
1719 5653 1878 5706 τοῦτο

321 5746 496 5809 καλεῖ,
525 5747 558 5816 ἢ
601 5745 674 5805 ὡς
703 5747 782 5808 είς
831 5745 1058 5815 ἀγάπην
1091 5747 1342 5814 συνάγον,
1378 5746 1410 5816 ἢ
1445 5747 1517 5808 ὡς
1559 5745 1626 5798 δι’
1655 5745 1877 5812 ἀγάπην

321 5839 644 5906 γενόμενον
691 5837 806 5890 ἀλλ’
845 5839 918 5900 ὡς
967 5841 1258 5909 παραίτιον
1310 5838 1606 5897 σκανδάλου
1656 5839 1878 5904 γεγονός

324 5925 568 5999 ὕστερον,
616 5933 661 5980 oi
698 5931 828 5984 om
863 5933 1096 6000 [111395;
1141 5935 1200 5982 ἐκ
1226 5930 1450 5982 ἔλυσα-λ’
1490 5929 1788 5998 ἁκούμὸιτα
1820 5930 1873 5980 δέ

1977 4662 2168 4730 iisqui
2207 4662 2352 4714 hono
2387 4657 2636 4712 instituto
2670 4657 2720 4711 id
2754 4657 2982 4720 faciunt,
3008 4655 3334 4724 permissum
3371 4660 3475 4706 est.

2054 4833 2160 4903 18
2209 4833 2416 4886 Canon.
2454 4842 2632 4884 autem
2683 4831 2749 4883 7b
2815 4846 2936 4901 syn.
2991 4845 3065 4891 vt,
3135 4844 3236 4884 nec
3291 4845 3401 4884 non
3476 4829 3549 4884 28

1978 4941 2099 4996 syn.
2137 4923 2474 4983 Laodicena),
2505 4921 2572 4975 iis
2599 4923 2690 4990 qui
2743 4921 2889 4975 intus
2924 4922 3210 4986 ecclesiam
3255 4922 3336 4976 vel
3367 4923 3549 4976 locum

1982 5013 2322 5068 lioutinicum
2383 5027 2593 5066 «mnam
2657 5021 2913 5077 sumunt,
2981 5013 3291 5082 ibidemque
3348 5028 3552 5083 agapas

1978 5107 2294 5168 emnedunt,
2319 5115 2372 5157 et
2406 5105 2694 5158 accubitus
2725 5114 2972 5159 sternere
3002 5107 3122 5160 ausi
3151 5117 3302 5166 sunt.
3327 5122 3550 5161 excom-

1980 5188 2400 5253 u’tunicationem
2453 5199 2707 5252 intentat.
2761 5198 2952 5254 Omnis
3010 5210 3192 5254 autem
3243 5200 3398 5253 locus
3443 5199 3552 5252 Deo

1979 5301 2342 5346 cautSeeratus
2381 5291 2695 5344 Dominicus
2733 5293 2956 5345 dicitur.
3005 5292 3128 5345 Erat
3187 5293 3374 5360 utique
3429 5305 3552 5343 mos

1978 5383 2256 5450 antiquus,
2295 5394 2351 5434 ut
2383 5399 2502 5450 post
2546 5383 2854 5436 divinorum
2911 5385 3290 5455 mysteriorum
3326 5383 3514 5451 partiri
3540 5409 3551 5422 σ

1977 5477 2274 5541 patioucut,
2307 5473 2501 5527 divites
2534 5489 2880 5528 communem
2927 5491 3172 5530 mensam
3216 5474 3552 5544 pauperibus

1977 5575 2330 5631 apponet-ent.
2365 5563 2537 5632 Hujus
2581 5567 2998 5621 consuetudinis
3033 5566 3281 5621 tneminit
3312 5580 3545 5632 magnus

1977 5656 2257 5723 apostolus
2285 5655 2488 5712 Paulus
2521 5657 2573 5710 in
2617 5662 2788 5727 prima
2818 5657 3058 5726 Epistola
3094 5659 3160 5710 ad
3198 5656 3546 5719 CuriltllJus;

1975 5762 2206 5816 eamque
2234 5748 2555 5804 (-haritatem
2599 5752 2866 5820 appellat,
2905 5751 2984 5804 vel
3025 5760 3083 5803 ut
3118 5750 3184 5804 ad
3215 5750 3543 5804 cbaritalem

1976 5839 2392 5902 conducentem,
2444 5841 2525 5895 Vel
2573 5849 2631 5894 ut
2676 5851 2900 5910 propter
2952 5841 3274 5896 cltaritatcm
3323 5841 3546 5907 factum,

1983 5927 2177 5981 Verum
2229 5946 2352 5984 cunt
2405 5939 2594 5999 postea
2628 5929 2874 5986 scandali
2915 5930 3131 5984 occasio
3165 5936 3328 5995 esset,
3360 5943 3390 5984 a
3420 5941 3544 5983 san-
