3902 6560
324 410 469 481 1055

1516 410 1883 472 MATTILEI
1932 407 2356 470 BLASTARIS

3439 396 3574 461 1056

319 532 421 584 etis
475 527 727 583 Palribus
790 525 1065 596 prohibita
1115 533 1255 579 erat.
1316 519 1654 591 ’Ᾱκούμδιτα
1712 531 1891 573 autem

2044 517 2291 580 ιιιινικῶς
2357 510 2653 588 στρωμνὰς
2711 511 2795 576 είς
2864 509 3002 583 ὕψος
3064 504 3314 581 ὴρμένας
3384 505 3568 575 δηλοῖ.

322 618 515 672 Latine
576 617 746 670 lectos
786 616 840 669 in
893 614 1064 668 altum
1122 615 1365 668 elevatos
1410 613 1721 683 signiﬁcant
1759 628 1771 663 :
1810 627 1900 662 ac-

324 712 508 764 cumba
542 710 686 764 enim
727 709 871 778 apud
907 723 1005 762 eos
1051 707 1191 762 idem
1216 707 1476 775 estquod
1514 707 1824 759 ἁναπίπτω.

399 802 595 856 Eadem
654 801 816 854 etiam
884 800 1077 870 synodi
1129 799 1575 867 Carthaginensis
1628 813 1799 851 canon
1834 795 1902 850 6‘3

329 894 555 955 statuit,
597 895 843 947 convivia
876 893 928 946 in
962 890 1194 946 ecclesia
1227 893 1489 946 celebrari
1516 890 1742 943 omnino
1776 906 1903 960 pro-

328 984 520 1036 hibens
575 985 730 1037 :uisi
771 984 1061 1052 quisquam
1120 997 1348 1051 peregre
1406 983 1509 1035 iter
1552 981 1793 1041 iaciens,
1849 987 1903 1034 et

327 1077 631 1127 diversorio
686 1077 956 1143 indigens,
1015 1091 1124 1143 prae
1163 1076 1490 1154 necessitate
1522 1074 1575 1127 in
1616 1072 1900 1127 ecclesiam

329 1167 612 1236 ingressus
644 1165 827 1248 fuerit.

544 1278 697 1333 CAP.
727 1278 816 1333 IV.
889 1279 965 1332 De
986 1280 1245 1346 emptione
1276 1295 1338 1330 ac
1365 1278 1679 1332 venditione.

932 1349 1091 1417 Leges
1118 1351 1314 1402 civiles.

401 1438 618 1508 Emptio
650 1448 703 1492 et
733 1439 971 1491 venditio
997 1441 1214 1497 llt.cmu
1252 1449 1484 1506 utraque
1507 1435 1901 1505 paciscendum

329 1546 460 1600 pars
490 1532 554 1583 de
582 1533 756 1600 pretio
798 1532 1140 1585 consenserit
1178 1547 1191 1583 :
1235 1530 1324 1582 hic
1358 1530 1590 1597 pretium
1624 1529 1901 1590 solvendo,

331 1624 425 1679 ille
480 1625 621 1693 quod
675 1624 953 1677 venditum
1005 1634 1088 1677 est
1118 1623 1406 1677 tradendo.
1440 1621 1575 1676 Data
1607 1632 1786 1675 autem
1820 1638 1907 1675 ar-

334 1715 456 1777 rba.
488 1725 543 1769 et
598 1714 911 1769 venditione
936 1714 1195 1776 rescissa,
1233 1713 1278 1767 si
1323 1713 1540 1781 quidem
1580 1722 1794 1782 emptor
1828 1713 1900 1767 sit

334 1805 429 1873 qui
462 1821 581 1860 eam
634 1808 968 1871 dissolverit,
993 1806 1214 1859 arrham
1248 1805 1479 1869 amittit;
1515 1804 1558 1859 si
1592 1820 1722 1858 vero
1776 1820 1901 1856 ven-

336 1899 502 1964 ditor,
546 1900 723 1954 arrlttn
776 1909 1011 1965 accepta:
1065 1898 1288 1968 duplum
1333 1897 1625 1952 restituere
1667 1897 1904 1964 cogitur.

411 2168 512 2232 Qui
570 2167 812 2220 ofﬁcium
864 2168 1093 2235 adeptus
1140 2174 1226 2219 est
1273 2164 1329 2217 in‘
1394 2161 1701 2232 provincia.
1740 2162 1794 2216 in
1849 2176 1911 2216 ea

274 2292 297 2304 -
343 2272 459 2311 rem
491 2258 759 2311 mobilem
791 2258 875 2311 vel
921 2257 1281 2321 immobilem,
1311 2258 1395 2311 vel
1435 2273 1528 2327 per
1570 2273 1630 2313 se
1682 2258 1764 2312 vel
1819 2273 1916 2328 per

343 2352 531 2413 alimn,
579 2368 760 2405 (‘lllcre
809 2368 916 2405 non
976 2360 1192 2419 potest,
1256 2360 1613 2420 praeterquam
1658 2366 1686 2404 a
1748 2350 1911 2417 ﬁsco;

343 2460 470 2497 nam
526 2451 577 2498 et
617 2459 732 2498 rem
785 2443 1006 2507 amittit,
1047 2452 1101 2497 et
1142 2446 1324 2497 datum
1376 2445 1612 2513 pretium
1660 2456 1770 2496 non
1823 2458 1914 2497 re-

344 2536 501 2604 petit.

417 2626 516 2690 Qui
577 2640 691 2679 rem
743 2626 1009 2695 rapuerit.
1042 2626 1126 2681 vel
1184 2642 1282 2696 per
1314 2624 1423 2679 vim
1479 2625 1789 2687 abstulerit,
1810 2623 1914 2679 nisi

343 2731 463 2772 eam
501 2719 775 2781 restituat,
804 2717 1077 2772 inutiliter
1099 2720 1348 2772 eamdem
1384 2717 1537 2771 emit.

419 2808 477 2862 Si
516 2811 678 2862 liscus
731 2808 800 2862 ob
838 2807 1021 2863 debita
1070 2808 1275 2863 iiscaiia
1338 2823 1425 2861 res
1482 2806 1749 2860 debitoris
1798 2805 1916 2860 dis-

345 2902 600 2966 traxerit,
631 2915 728 2956 nec
766 2903 877 2969 ipse
931 2901 1142 2955 debitor
1181 2914 1281 2955 nec
1323 2901 1559 2954 creditor
1593 2897 1788 2953 oil'erre
1819 2900 1915 2953 de-

351 2996 547 3057 bitum,
604 3008 799 3063 resque
850 2993 1134 3048 vindicare
1199 3001 1398 3063 potest.
1456 2993 1723 3047 Omnibus
1769 2993 1916 3046 enim

349 3087 532 3157 potior
558 3097 641 3141 est
676 3085 861 3141 ﬁscus.

356 3296 361 3303 -
427 3268 482 3322 Si
516 3269 845 3322 tributorum
882 3278 1105 3321 exactor
1146 3282 1307 3338 JllSStt
1338 3268 1691 3338 magistratus
1722 3286 1915 3339 agrum

351 3376 471 3431 eius
501 3363 593 3428 qui
627 3361 679 3414 in
700 3361 1047 3415 ‘lt‘ibntnrttm
1082 3362 1354 3414 solutione
1374 3373 1573 3428 cessat,
1594 3363 1917 3427 vendiderit,

351 3455 593 3507 venditio
641 3471 750 3507 non
790 3454 1122 3507 rescinditur
1171 3454 1363 3521 :-qnod
1416 3454 1461 3507 si
1506 3457 1713 3522 absque
1759 3459 1918 3526 jussu

354 3545 705 3613 magistratus
739 3545 829 3597 ﬁat
858 3544 1123 3609 venditio,
1155 3545 1238 3599 vel
1293 3546 1443 3611 dolo,
1492 3545 1573 3599 vel
1613 3547 1733 3602 siue
1770 3549 1921 3619 justo

356 3636 553 3703 pretio,
591 3634 937 3688 rescinditur.

427 3727 647 3781 Minoris
702 3742 789 3779 res
844 3725 1145 3782 immobilis
1199 3726 1341 3781 bene
1386 3728 1643 3782 venditur
1704 3739 1924 3800 propter

357 3818 637 3888 proprium
682 3817 856 3885 ipsius
883 3816 1150 3883 debitum,
1184 3818 1267 3872 vel
1298 3829 1518 3889 propter
1549 3820 1790 3875 debitmn
1828 3838 1923 3891 pa-

358 3910 483 3972 tris,
514 3909 594 3963 vel
631 3918 848 3977 propter
878 3909 1093 3973 iiscnm,
1128 3908 1377 3964 videlicet
1420 3921 1544 3979 post
1577 3912 1921 3967 manifestam

351 3999 551 4067 iudici!
584 4000 932 4053 sententiam.

424 4091 685 4157 Quamvis
745 4091 926 4145 minor
973 4086 1162 4146 tetatis'
1209 4092 1421 4145 veniam
1476 4096 1752 4163 postulet,
1810 4111 1922 4150 rem

355 4184 692 4238 immobilem
751 4185 960 4252 absque
1009 4184 1229 4237 decreto
1292 4199 1400 4237 non
1469 4186 1695 4251 vendit,
1750 4202 1927 4255 neque

357 4277 570 4347 pignori
626 4276 741 4330 dat.
793 4276 947 4342 Quod
993 4275 1039 4329 si
1084 4275 1417 4340 vendiderit,
1447 4293 1556 4331 non
1590 4280 1767 4332 solum
1814 4280 1928 4348 ipse

356 4367 451 4421 sed
483 4373 536 4420 et
568 4366 810 4420 barredes
841 4365 1121 4419 venditum
1160 4379 1489 4432 recuperare
1526 4378 1758 4436 possunt
1788 4370 1925 4424 intra

356 4468 559 4513 annum
591 4466 714 4527 post
743 4471 919 4511 annos
943 4456 1034 4513 ‘25.
1072 4456 1336 4511 Similiter
1387 4460 1533 4527 quod
1588 4461 1725 4514 male
1773 4462 1921 4529 emit,

2003 610 2268 680 ἀκούμὸω
2308 609 2414 680 γάρ
2448 606 2580 677 παρ’
2619 607 2871 669 ἐκείνοις,
2903 602 2965 658 τδ
3003 601 3314 659 ἀναπίπτω.

2076 794 2155 845 Τὰ
2185 794 2323 845 αύτά
2354 792 2448 844 καὶ
2473 793 2500 844 6
2530 790 2628 859 τῆς
2659 792 2715 843 ἐν
2741 786 3071 858 Καρθαγένῃ
3099 782 3186 854 μβ⁹
3205 783 3576 845 διατάττεται,
3612 806 3623 815 ·

2004 884 2230 937 κωλύων
2267 884 2402 945 ὅλως
2432 884 2496 936 ὲν
2564 882 2832 951 ἐκκλησίᾳ
2887 879 3166 948 συμπόσια
3201 874 3487 951 γίνεσθᾳι³
3532 873 3579 926 εἰ

2008 979 2191 1048 μήπου
2239 995 2322 1040 τις
2357 980 2414 1028 ἐν
2467 976 2743 1045 ἀλλοδαπῇ
2800 972 3025 1036 ὁδεύων,
3081 971 3172 1024 καὶ⁸
3224 966 3578 1035 καταγωγίου

2004 1070 2250 1139 ἀπορῶν,
2285 1070 2365 1131 εἰς
2408 1068 2738 1140 Ἐκκλησίαν
2781 1066 2842 1132 ἐξ
2866 1065 3113 1133 ἀνάγκης
3142 1061 3395 1115 εἰσέλθοι.

2181 1275 2433 1330 ΚΕΦΑΛ.
2465 1275 2538 1328 Δ’.
2571 1274 2709 1342 Περὶ
2734 1273 2956 1342 ἀγορᾶς
2978 1272 3073 1325 καὶ
3100 1268 3401 1338 πράσεως.

2522 1346 2706 1414 Νόμοι
2733 1345 3053 1397 πολιτικοί.

2013 1427 2043 1440 ﬂ
2089 1440 2393 1509 Ἀγορασία
2423 1437 2517 1493 καί⁵
2547 1438 2751 1508 πρᾶσις
2789 1435 3130 1499 συνίσταται,
3160 1435 3322 1504 ἡνίκα
3360 1435 3429 1487 ἂν
3455 1433 3586 1504 περὶ

2007 1532 2102 1585 τοῦ
2131 1534 2449 1601 τιμήματος
2485 1531 2749 1601 ἑκάτερον
2784 1528 2893 1581 τῶν
2924 1526 3362 1593 συμφωνούντων
3393 1542 3586 1579 συναι-

2009 1624 2183 1678 νέσειε
2229 1624 2429 1695 μέρος*
2460 1624 2489 1675 6
2536 1624 2636 1692 μὲν
2719 1620 2817 1689 τὴν
2864 1618 3171 1687 καταϐολὴν
3214 1616 3589 1688 ποιησάμενος

2006 1716 2101 1770 τοῦ
2129 1718 2463 1786 τιμήματος,
2497 1716 2527 1769 6
2575 1715 2631 1768 δὲ
2703 1712 2977 1783 παραδοὺς
3016 1711 3074 1765 τὸ
3105 1710 3589 1780 πιπρασκόμενονο

2007 1788 2327 1878 ἀβραϐὦνος
2360 1804 2416 1859 δὲ
2460 1805 2729 1869 δοθέντος,
2762 1804 2855 1858 καὶ
2899 1802 3256 1871 διαλυομένης
3308 1802 3408 1869 τῆς
3453 1804 3593 1871 ττρά-

2016 1917 2174 1963 σεως,
2216 1902 2265 1952 εί
2303 1900 2400 1966 μὲν
2444 1900 2473 1950 6
2516 1895 2830 1967 ἀγοραστὴς
2861 1896 2947 1962 εἴη
2975 1898 3001 1946 6
3039 1892 3292 1955 διαλύων,
3326 1892 3592 1946 ἀπόλλυσι

2015 1992 2103 2043 τὸν
2149 1991 2446 2061 ἀρραϐῶνα
2471 2008 2484 2022 ο
2514 1991 2562 2043 εἰ
2607 1989 2664 2042 δὲ
2700 1992 2726 2042 6
2764 1992 3000 2057 πράτης,
3031 1984 3251 2039 διπλοῦν
3296 1984 3356 2037 6v
3394 1983 3593 2037 ἐλαῦεν

2015 2083 2313 2153 ἀρραϐῶνα
2346 2082 2655 2151 παρασχεῖν
2684 2080 3079 2147 ἀναγκάζεται.

2093 2176 2157 2228 Ὀ
2190 2173 2410 2244 κρατῶν
2440 2173 2695 2241 ὀφφίκιον
2728 2176 2785 2225 ὲν
2817 2171 3057 2241 ἐπαρχίᾳ
3091 2169 3400 2223 οὗδύηται
3433 2186 3597 2235 κινη-

2015 2267 2113 2319 τὸν
2155 2267 2187 2336 ἢ
2238 2266 2494 2331 ἀκίνητον
2528 2266 2584 2317 ὲν
2640 2263 2778 2331 αὐτῇ
2811 2262 3107 2331 ἀγοράζειν
3162 2261 3417 2331 πρᾶγμα,
3453 2258 3489 2329 ῆ
3528 2259 3595 2311 δι’

2016 2357 2208 2413 ἑαυτοῦ
2239 2358 2271 2427 ἦ
2304 2358 2374 2410 δι’
2404 2357 2615 2428 ἐτέρου,
2649 2356 2696 2408 εί
2735 2354 2810 2425 μὴ
2844 2354 2998 2423 παρά
3030 2353 3123 2406 τοῦ
3163 2352 3456 2422 δημοσίουζ*
3503 2353 3598 2405 καὶ

2016 2455 2125 2522 γὰρ
2175 2452 2271 2504 καὶ
2312 2449 2408 2505 τοῦ
2452 2451 2782 2522 πράγματος
2809 2449 3086 2512 ἐκπίπτει,
3114 2447 3289 2500 καὶτὸ
3319 2445 3479 2499 δοθὲν
3514 2447 3597 2498 τί·

2021 2563 2092 2614 μη
2104 2562 2177 2613 μα
2215 2544 2313 2597 οὐκ
2352 2541 2751 2611 ἀναλαμϐάνει.

2097 2638 2156 2689 '0
2185 2636 2440 2706 ἀρπάσας
2480 2618 2715 2704 πρᾶγμα
2763 2634 2794 2706 ἦ
2850 2631 2941 2704 βίᾳ
2974 2632 3335 2703 ἀφελόμενος,
3388 2633 3490 2684 ἐὰν
3524 2631 3599 2704 μὴ

2017 2727 2449 2797 ἀποκαταστήσῃ
2484 2725 2666 2789 τοῦτο,
2698 2724 3010 2795 ἀνισχύρως
3046 2725 3179 2777 αὐτὸ
3210 2723 3509 2794 ἀγοράζει.

2099 2819 2225 2872 Ἐἀν
2255 2821 2282 2871 6
2307 2818 2568 2888 δημόσιος
2596 2818 2687 2871 διὰ
2725 2817 2963 2888 δημόσια
3006 2818 3142 2889 χρέη
3194 2816 3426 2888 πωλήσῃ
3459 2817 3600 2887 πρί-

2018 2928 2206 2981 γματα
2231 2911 2327 2965 τοῦ
2359 2908 2658 2981 χρεώστου,
2702 2909 2824 2964 οὐδὲ
2867 2910 3029 2972 αὐτὸς
3061 2910 3088 2960 6
3129 2906 3440 2979 χρεώστης,
3478 2909 3598 2961 οὐδὲ

2018 3004 2046 3057 6
2077 3005 2363 3072 δανειστὴς
2396 3003 2623 3057 δύναται
2667 3005 3045 3074 προσαγαγεῖν
3071 3001 3132 3054 τὸ
3163 3000 3345 3071 χρέος,
3382 3000 3481 3053 καὶ
3512 3002 3601 3052 Ex-

2019 3095 2241 3167 δικῆσαι
2270 3097 2341 3149 τά
2381 3095 2724 3167 πράγματα·
2776 3093 2997 3149 πάντων
3032 3092 3144 3164 γὰρ
3190 3090 3599 3162 προτιμότερις

1948 3205 1991 3263 ρ
2025 3188 2173 3240 ἐστιν
2206 3190 2233 3242 6
2263 3188 2545 3258 δημόσιος.

2103 3279 2229 3333 Ἐὰν
2256 3282 2284 3333 6
2312 3281 2423 3333 τῶν
2452 3280 2732 3350 δημοσίων
2778 3279 3111 3350 ἀπαιτητὴς,
3160 3276 3301 3331 κατὰ
3346 3273 3604 3328 κέλευσιν

2021 3370 2116 3423 τοῦ
2155 3371 2416 3441 ἄρχοντος
2445 3370 2677 3442 πωλήση
2710 3371 2804 3427 τὸν
2833 3370 3005 3439 ἀγρὸν
3025 3368 3120 3422 τοῦ
3150 3364 3605 3437 ἀγνωμονοῦντος

2023 3464 2081 3515 ὲν
2102 3466 2212 3526 τοῖς
2244 3464 2549 3532 δημοσίοις,
2592 3464 2690 3516 οὐκ
2724 3463 3099 3534 ἀνατρέπεται
3148 3463 3181 3532 ὴ
3232 3462 3475 3531 πρᾶσις·
3511 3458 3604 3510 ἐὰν

2022 3557 2079 3609 δὲ
2109 3559 2279 3626 χωρὶς
2309 3556 2615 3618 κελεύσεως
2645 3555 2740 3608 τοῦ
2769 3556 3033 3629 ἄρχοντος
3084 3554 3334 3622 γένηται,
3381 3553 3416 3619 ἢ
3460 3550 3605 3603 κατά

2023 3648 2194 3709 δόἓον,
2220 3649 2251 3716 ἢ
2280 3650 2399 3717 δίχα
2427 3650 2757 3717 τιμήματος,
2785 3649 3177 3716 ἀνατρέπεται.

2094 3737 2167 3789 T6
2189 3737 2279 3788 τοῦ
2302 3738 2569 3807 ἀφήλικος
2594 3737 2849 3807 ἀκίνητον
2868 3737 3313 3808 πρᾶγμαίκαλῶς
3337 3735 3605 3788 πωλεῖται

2024 3827 2093 3880 δι’
2119 3828 2251 3882 ἴδιον
2280 3829 2446 3880 αὑτοῦ
2475 3830 2651 3900 χρέος,
2688 3829 2721 3899 ἢ
2769 3830 2858 3881 διὰ
2891 3830 3171 3900 πατρῷον,
3222 3830 3255 3898 ἢ
3292 3828 3386 3883 διὰ
3425 3829 3607 3897 δημό-

2028 3935 2166 3985 σιον,
2202 3920 2444 3990 δηλονότι
2471 3922 2565 3973 ἐπὶ
2597 3922 2838 3992 φανερᾶς
2867 3922 3055 3989 κριτοῦ
3098 3921 3449 3990 αποφάσεως.

2100 4089 2219 4143 Κᾶν
2261 4089 2589 4160 συγγνώμην
2624 4090 2843 4159 ἡλικίας
2888 4092 3172 4163 ἀπαιτήσῃ
3224 4092 3255 4143 6
3302 4093 3507 4161 ἥττων,
3540 4097 3603 4149 ού

2029 4182 2200 4232 πωλεί
2236 4180 2496 4249 ἀκίνητον
2529 4181 2765 4250 πρᾶγμα
2812 4182 2984 4251 χωρὶς
3016 4183 3301 4250 δεκρέτου,
3338 4181 3457 4236 ἀλλ’
3480 4186 3604 4239 οὐδὲ

2033 4268 2377 4320 ὗποτίθεταν
2415 4270 2463 4321 εί
2491 4268 2548 4321 δὲ
2580 4271 2848 4339 πωλήσει,
2879 4270 3103 4324 δύναται
3132 4272 3193 4324 ού
3232 4272 3393 4342 μόνον
3410 4273 3604 4339 αὐτὸς,

2028 4362 2167 4415 ἀλλὰ
2201 4366 2296 4416 καὶ
2341 4365 2391 4417 οί
2426 4365 2755 4435 κληρονόμοι
2802 4368 2864 4419 τὸ
2896 4365 3104 4437 πραθὲν
3132 4367 3439 4437 ἀνατρέψαι
3469 4368 3606 4420 εἴσω

2029 4456 2282 4509 ἐνιαυτοῦ
2320 4457 2459 4525 μετά
2509 4463 2585 4509 κε’
2638 4458 2756 4526 ἔτη.
2792 4458 3072 4521 Ὡσαύτως
3119 4458 3176 4512 δὲ
3217 4460 3312 4513 καὶ
3358 4459 3387 4512 6
3419 4458 3607 4522 κακῶς

359 4549 444 4603 vel
466 4549 817 4617 permutavit,
847 4562 1173 4615 recuperare
1207 4557 1409 4617 potest.
1433 4548 1573 4603 intra
1608 4552 1914 4619 praedictum

2044 4549 2307 4620 ἠγόρασεν
2336 4550 2369 4621 ἢ
2412 4549 2673 4621 ἐνήλλαξε
2696 4591 2711 4615 ,
2742 4550 2968 4604 δύναται
3007 4552 3139 4605 αὐτὸ
3172 4553 3497 4623 ἀνατρέψαι,
3545 4552 3608 4605 τὸ

360 4647 598 4708 tempus,
648 4640 881 4709 pretium
926 4639 1233 4707 depositum
1279 4648 1553 4707 repetens.
1601 4642 1781 4696 Debita
1823 4660 1925 4698 au-

362 4741 470 4785 tem
527 4730 797 4785 resdtntio
850 4730 1012 4783 etiam
1051 4731 1117 4782 ad
1166 4729 1408 4784 ha-redes
1463 4729 1581 4797 ejus
1643 4738 1926 4789 transmit-

362 4828 511 4876 Hnr.

439 4913 658 4966 Veniam
720 4923 898 4965 autem
958 4913 1136 4967 a-tatis
1202 4917 1464 4982 postulat,
1514 4917 1592 4968 vir
1628 4917 1926 4985 Quidema

361 5007 622 5061 vicesimo
669 5010 844 5061 artatis
900 5018 1080 5067 anno.
1138 5008 1337 5061 femina
1388 5019 1569 5062 autem
1630 5026 1659 5064 a
1716 5012 1931 5064 decimo

363 5111 579 5154 octavo.
613 5098 766 5153 Scias
812 5111 994 5153 autem
1034 5102 1249 5169 plenam
1278 5111 1491 5157 aetatem
1532 5117 1654 5158 esse
1685 5107 1752 5159 ab
1787 5122 1932 5161 anno

363 5193 624 5245 vicesimo
655 5192 868 5260 qttintn.

440 5285 547 5353 19
580 5281 785 5347 Tutor,
825 5284 901 5338 vel
937 5293 1175 5349 curator,
1216 5287 1297 5339 vel
1340 5299 1660 5357 procurator
1706 5292 1932 5357 orphani

366 5396 478 5432 rem
511 5393 689 5429 emere
718 5385 1014 5444 nequeunt.

438 5466 672 5523 Minores
740 5469 873 5522 bene
942 5469 1259 5523 rescindunt
1342 5460 1723 5527 venditionem,
1771 5490 1933 5546 quam

367 5567 647 5612 curatores
681 5572 865 5611 eorum
906 5572 1001 5626 per
1029 5559 1210 5612 dolum
1252 5561 1391 5614 male
1428 5554 1688 5617 fecerunt.

439 5649 598 5703 Parta
625 5652 743 5704 sine
768 5652 890 5703 dolo
919 5660 1205 5717 conventa,
1231 5668 1456 5722 qumque
1485 5654 1694 5723 legibus
1720 5666 1937 5709 contra-

372 5739 451 5793 ria
484 5756 590 5794 non
625 5748 773 5807 stmt,
812 5742 1008 5795 valent.

380 5862 385 5869 ν
438 5830 540 5895 Qui
591 5848 813 5886 annonae
865 5833 1211 5898 insidiantur,
1275 5832 1400 5887 dntn
1431 5835 1637 5887 venalia
1689 5845 1941 5890 coeuuut

2028 4641 2370 4713 καταϐληθὲν
2412 4642 2889 4712 ὲπαναλαμὸἀνων
2917 4646 3137 4714 τίμημα
3163 4644 3297 4697 εἴσω
3328 4644 3421 4698 τοῦ
3450 4646 3608 4714 εἰρη-

2034 4735 2194 4801 μένου
2226 4734 2421 4803 χρόνου
2444 4749 2458 4765 ο
2494 4735 2526 4804 ἠ
2561 4732 2618 4786 δὲ
2648 4733 2967 4803 ἁρμόζουσά
2988 4751 3094 4787 τινι
3158 4736 3608 4796 ἀποκατάστασις

2032 4827 2466 4894 παραπέμπεται
2496 4826 2587 4877 καὶ
2626 4826 2720 4877 ἐπὶ
2744 4826 2872 4888 τοὺς
2901 4824 3068 4879 αὐτοῦ
3099 4827 3497 4897 κληρονόμους.

2105 4918 2450 4987 Συγγνώμην
2479 4917 2535 4970 δὲ
2564 4918 2779 4987 ἡλικίας
2828 4918 2989 4979 αίτεῖ,
3023 4919 3050 4970 6
3085 4917 3186 4987 μὲν
3228 4918 3371 4988 ἀνὴρ
3411 4917 3515 4969 ἀπὸ
3554 4924 3603 4971 κ’

2035 5008 2208 5071 ἔτους.
2235 5012 2266 5079 ἡ
2296 5010 2349 5061 δὲ
2376 5010 2560 5079 θήλεια
2604 5009 2715 5063 ἀπὸ
2760 5006 2851 5079 ιη’.
2901 5010 2971 5063 Σὺ
2994 5007 3050 5062 δὲ
3080 5008 3248 5078 γνῶθι
3279 5010 3379 5078 τὴν
3398 5008 3608 5065 τελείαν

2034 5101 2251 5169 ἡλικίαν
2282 5098 2423 5153 εἶναι
2455 5102 2560 5153 ἀπὸ
2599 5098 2679 5154 κε’
2705 5100 2879 5164 ἔτους.

2121 5279 2447 5348 Ἐπίτροπος
2467 5279 2526 5331 οὗ
2552 5278 2776 5333 δύναται
2798 5278 3037 5350 ὀρφανοῦ
3061 5280 3331 5351 ἀγοράσαι
3352 5282 3605 5353 πρᾶγμα,

2038 5372 2070 5441 ἢ
2110 5372 2417 5441 κουράτωρ,
2462 5372 2493 5443 ἢ
2532 5374 2956 5446 προκουράτωρ.

2117 5465 2313 5527 Καλῶς
2344 5466 2745 5535 ἀνατρέπουσιν
2768 5468 2817 5519 οἱ
2848 5468 3070 5538 ἥττονες
3111 5470 3256 5539 ἅπερ
3284 5471 3427 5523 κατά
3459 5472 3605 5523 δόλον

2043 5558 2225 5619 κακῶς
2262 5554 2550 5626 ὲπὼλησαν
2579 5559 2627 5610 οἱ
2652 5556 2845 5621 αὐτῶν,
2864 5556 3185 5629 κηδεμόνες.

2114 5650 2195 5703 Τὰ
2244 5648 2415 5719 χωρἰς
2458 5648 2612 5701 δόλου
2650 5648 2943 5718 σύμφωνα,
2992 5650 3088 5702 καὶ
3136 5650 3210 5721 μὴ
3271 5656 3385 5715 τοῖς
3428 5656 3608 5726 νόμους

2046 5741 2457 5806 ἐναντιούμενα,
2487 5741 2747 5809 ἔρρωται.

2120 5832 2181 5882 Ol
2211 5833 2280 5901 τῇ
2308 5829 2530 5899 εὐθηνία
2561 5829 3000 5893 ὲπιὸνιυλεὺοντες
3032 5829 3119 5884 διὰ
3149 5829 3243 5884 τοῦ
3305 5834 3607 5905 προαγορά-
