3902 6566
394 424 530 489 ιοξιεδ

1579 417 1951 481 MATTH/El
1998 415 2427 477 BLASTARIS

3505 411 3661 475 1060

387 549 568 592 autem
604 545 797 608 praeter
849 533 952 590 hoc
987 531 1169 588 facere
1198 531 1442 603 aggressi
1489 530 1716 598 fuerint,
1748 545 1971 586 excom-

2090 530 2169 584 ἐπὶ
2220 529 2315 583 τοῦ
2362 528 2616 599 άμϐωνος
2659 528 2978 598 ίστάμενος·
3033 526 3161 590 τοὺς
3205 525 3264 580 δέ
3317 524 3474 595 παρά
3508 523 3669 577 τοῦτο

387 627 748 683 municationi
775 625 1158 697 suhjicianlur.

461 719 714 776 Decimus
749 728 978 789 quartus
1005 729 1184 771 autem
1226 732 1347 787 syn.
1372 715 1404 769 6
1431 731 1630 778 canon,
1689 732 1865 786 neque
1925 716 1973 772 ei

387 812 531 883 quia
555 813 840 880 juventute
863 819 1074 873 tonsus,
1104 809 1182 863 vel
1209 811 1379 876 nigris
1395 809 1660 872 vestibus,
1682 809 1763 862 vel
1791 809 1974 863 habitu

396 896 712 959 monachal't
737 905 964 956 indutus
1001 902 1186 961 fuerit.
1225 901 1328 956 hoc
1356 903 1531 956 facere
1557 903 1838 970 permittit,
1873 902 1976 955 nisi

387 995 711 1050 abantistite
729 995 1098 1064 ad0ptionem.
1129 993 1242 1048 sive
1276 1009 1536 1048 manuum
1567 995 1972 1062 impositinnem

386 1088 679 1158 acceperit.
736 1086 879 1153 Quin
922 1098 974 1142 et
1024 1087 1296 1157 praefectis
1342 1087 1665 1142 sarci-dotali
1716 1087 1978 1154 dignitate

385 1181 594 1234 ornatis
624 1178 704 1232 fas
744 1194 865 1233 esse
896 1179 1027 1232 dicit
1052 1180 1103 1232 in
1138 1180 1373 1249 propriis
1425 1178 1774 1232 monasteriis
1812 1177 1979 1229 lecto-

388 1285 474 1323 res
495 1269 770 1330 ordinare,
791 1269 835 1324 si
857 1271 1188 1323 monasteria
1221 1271 1434 1324 scilicet
1458 1270 1510 1323 in
1557 1269 1789 1322 desertis
1806 1265 1979 1321 aediﬁ-

385 1369 508 1414 cata
537 1362 666 1416 sint.
701 1360 846 1414 Idem
883 1360 1049 1414 etiam
1086 1359 1268 1414 facere.
1303 1361 1710 1428 chorepiscopis
1750 1357 1981 1429 permis-

387 1468 509 1508 sum
534 1461 638 1507 est.
683 1451 875 1516 Quaere
908 1461 1070 1520 caput
1123 1453 1157 1506 4
1214 1452 1401 1506 littera:
1437 1453 1474 1504 Γ
1503 1462 1555 1505 et
1585 1451 1647 1506 21
1680 1450 1873 1504 litterae
1905 1449 1977 1515 X,

385 1551 442 1600 et
473 1545 528 1600 in
563 1559 682 1614 cap.
725 1543 761 1598 5
803 1543 994 1601 litterae
1030 1544 1068 1594 Δ
1113 1558 1376 1599 cauonem
1406 1545 1464 1598 5t
1507 1543 1690 1614 magni
1720 1541 1927 1596 Basilii.

1107 1732 1234 1786 Lex.

459 1825 626 1881 Jubct
655 1837 835 1881 autem
887 1826 1179 1882 Jnstiniani
1215 1828 1454 1894 novella,
1506 1838 1566 1882 ut
1595 1843 1756 1884 nemo
1805 1831 1974 1884 lector

2081 623 2260 673 ποιεῖν
2294 621 2611 690 τολμῶντας
2636 619 2928 691 ἀφορισμῷ
2957 616 3376 672 ύποόάλλεσθαι.

2164 711 2224 765 Ὀ
2256 711 2311 763 δέ
2338 711 2437 780 τῆς
2483 712 2526 776 ζ’
2558 711 2777 763 συνόδου
2831 710 2890 763 ιδ’
2920 709 3042 762 ούδέ
3081 708 3174 760 τὸν
3221 706 3577 776 κεκαρμένον
3606 706 3671 760 ἐκ

2059 801 2373 869 ’μειρακίου
2427 801 2460 870 ἢ
2514 802 2647 870 φαιά
2687 801 3012 868 ἐνημμένον,
3054 800 3087 871 ἢ
3135 801 3431 867 μοναχικὶν
3463 800 3672 867 ἠμφιε-

2081 892 2278 960 σμένον
2309 893 2517 962 σχῆμα,
2551 895 2712 947 τοῦτο
2751 897 2925 947 ποιεῖν
2975 893 3183 962 ἐφίησι,
3249 891 3325 962 μὴ
3373 892 3514 960 πρὸς
3571 889 3666 942 τοῦ

2080 985 2384 1055 ἀρχιερέως
2404 986 2500 1055 τὴν
2521 985 2862 1055 χειροθεσίαν
2885 985 3199 1055 δεξάμενον.
3231 983 3470 1050 Ἐξεῖναι
3492 984 3547 1037 δέ
3574 983 3673 1038 καὶ

2077 1076 2401 1145 ἡγουμένοις
2446 1079 2610 1145 φησὶν
2661 1077 2933 1148 ἱερωσύνῃ
3012 1077 3460 1146 σεμνυνομένοις,
3538 1078 3674 1128 ἁνα-

2080 1167 2331 1233 γνώττας
2362 1171 2420 1220 ἐν
2447 1171 2560 1231 τοῖς
2605 1169 2823 1234 οἰκείοις
2867 1170 3261 1240 μοναστηρίοις
3304 1169 3669 1240 χειροτονεῖν,

2080 1258 2129 1310 εἰ
2189 1256 2277 1309 ἐπ’
2337 1258 2574 1328 ἐρημίας
2625 1257 2779 1330 οἶμαι
2836 1261 2906 1312 τὰ
2949 1261 3290 1331 μοναστήρια
3325 1261 3673 1328 τυγχάνουσι

2081 1348 2331 1418 κείμενα.
2363 1351 2532 1403 Τοῦτο
2557 1351 2613 1405 δέ
2643 1351 2738 1405 καλ⁸
2761 1352 3205 1422 χωρεπισκόποις
3234 1352 3409 1404 ποιεῖν
3428 1352 3670 1419 ἐφεῖται.

2086 1442 2248 1511 Ζήτει
2276 1441 2372 1496 καὶ
2403 1441 2464 1494 τδ
2495 1443 2538 1495 δ’
2576 1460 2702 1512 κεφ.
2737 1443 2830 1496 τοῦ
2859 1443 2899 1496 Γ
2933 1442 3218 1512 στοιχείου,
3246 1443 3342 1495 καὶ
3363 1445 3425 1496 τδ
3454 1449 3544 1496 κα⁹
3575 1441 3672 1496 τοῦ

2079 1535 2124 1588 Χ
2170 1535 2462 1606 στοιχείου,
2503 1534 2597 1588 καὶ
2626 1537 2684 1589 ἐν
2715 1535 2792 1606 τῷ
2822 1533 2866 1588 ε’
2892 1535 3176 1607 κεφαλαίῳ
3203 1533 3298 1588 τοῦ
3324 1537 3363 1588 Δ
3392 1532 3672 1606 στοιχείου

2079 1627 2283 1678 κανόνα
2314 1625 2408 1680 τοῦ
2453 1627 2694 1697 μεγάλου
2723 1627 3006 1681 Βασιλείου
3041 1633 3144 1683 va’.

2758 1719 2978 1789 Νόμος.
3364 1775 3372 1782 .

2163 1811 2230 1864 Ἥ
2258 1810 2313 1863 δέ
2351 1809 2781 1876 ’1ουστινιάνειος
2823 1812 3016 1882 Νεαρά
3058 1809 3271 1864 κελεύει
3306 1808 3381 1880 μὴ
3412 1807 3673 1876 γίνεσθαί

389 1916 507 1982 ﬁat,
541 1918 646 1974 nisi
673 1919 764 1988 qui
798 1919 869 1973 sit
900 1919 965 1972 l8
1023 1935 1198 1974 annos
1229 1931 1412 1976 natus.
1440 1891 1639 1988 ‘Quaare
1684 1923 1850 1978 etiam
1909 1924 1971 1978 l3

2090 1919 2204 1956 τινα
2235 1903 2590 1970 ἀναγνώστην
2622 1905 2670 1957 εί
2699 1905 2773 1975 μὴ
2812 1909 2882 1976 ιη’
2915 1903 3053 1958 ἐτῶν
3095 1903 3328 1971 γένοιτο.
3377 1901 3547 1973 Ζήτει
3578 1901 3674 1955 καὶ

388 2027 514 2082 cap.
554 2011 743 2067 litterae
777 2010 842 2065 K.

783 2103 939 2161 CAP.
975 2103 1083 2158 VII.
1120 2103 1192 2158 De
1232 2107 1588 2160 anathemate.

458 2195 654 2260 Quaere
679 2211 846 2264 super
883 2196 987 2249 hoc
1020 2196 1073 2249 in
1117 2197 1476 2265 inscriptione
1510 2196 1702 2268 synodi
1733 2196 1974 2266 Gangre-

387 2302 494 2350 ηαξ,
525 2302 647 2355 qua:
679 2287 733 2339 in
789 2286 1058 2356 principio
1091 2286 1422 2354 reliquarum
1457 2287 1792 2358 synodorum
1820 2297 1974 2342 cata-

387 2377 510 2446 logo
535 2391 950 2434 annumeratur.

440 2470 595 2525 CAP.
634 2471 765 2526 V'lll.
807 2473 882 2526 De
937 2468 1278 2528 Antimr’nsiis
1313 2490 1404 2527 seu
1466 2471 1920 2526 Promensalibus.

467 2564 849 2620 Promensalia
885 2567 994 2620 vim
1030 2567 1400 2620 sanctilicandi
1435 2576 1616 2628 nacta,
1641 2579 1804 2634 quam
1838 2574 1973 2617 tetu-

387 2659 604 2729 plorum
638 2659 706 2712 de
741 2674 885 2712 novo
917 2668 1322 2712 exstructorum
1357 2658 1721 2718 consecratio,
1763 2665 1816 2709 ct
1845 2671 1971 2724 sep-

389 2765 496 2804 tem
526 2752 738 2805 dierum
763 2737 1140 2805 (ministerium
1191 2750 1260 2804 iis
1297 2749 1493 2804 ibidem
1525 2748 1754 2802 servatis
1777 2745 1974 2816 elargi-

386 2854 498 2908 tur,
548 2843 862 2910 ubicunque
917 2841 984 2896 iis
1031 2857 1169 2910 Opus
1222 2844 1406 2903 luerit,
1439 2843 1558 2893 sine
1610 2839 1975 2908 prohibitione

389 2938 863 2989 transmittuntur:
929 2940 984 2987 et
1036 2949 1144 2987 nun
1187 2932 1241 2986 in
1295 2933 1396 2988 hac
1435 2931 1515 2985 vel
1550 2930 1638 2984 illa
1693 2930 1972 3000 provincia

386 3027 918 3084 circumscribuntur
951 3065 967 3090 ,
1004 3025 1100 3080 sed
1142 3034 1197 3079 et
1261 3033 1414 3080 trans
1468 3039 1621 3078 mare
1681 3022 1975 3078 mittuntur

387 3120 532 3176 sicut
565 3128 620 3174 et
652 3119 834 3173 oleum
864 3127 920 3172 et
977 3119 1185 3188 reliqua
1236 3133 1414 3173 sacra.
1455 3117 1532 3172 lta
1589 3129 1770 3171 autem
1829 3115 1973 3169 dicta

387 3220 536 3276 sunt,
594 3211 738 3280 quod
794 3210 995 3265 multas
1072 3210 1341 3279 ejusmodi
1388 3224 1609 3264 mensas
1667 3208 1976 3276 exprimant

388 3305 761 3373 relerantque,
826 3318 947 3372 qua:
1017 3312 1264 3357 sanctam
1342 3301 1677 3356 Dominicam
1730 3315 1976 3354 mensam

389 3395 705 3466 perﬁciunt.
737 3393 880 3460 Quin
941 3403 997 3448 ct
1056 3409 1260 3448 nomen
1322 3394 1443 3464 ejus
1509 3409 1540 3449 a
1599 3389 1976 3448 Romanorum

387 3501 581 3542 mensa
648 3486 922 3540 ducitur:
979 3486 1201 3556 pr0prie
1261 3495 1445 3538 autem
1531 3484 1585 3538 in
1653 3499 1748 3539 eas
1821 3499 1975 3537 men-

389 3593 482 3632 sas
527 3585 833 3646 ponuntur,
868 3590 1008 3646 quas
1041 3577 1385 3648 consecratio
1433 3575 1675 3629 nondum
1734 3575 1979 3630 sanctiﬁ-

389 3669 572 3724 cavit.

386 3871 543 3928 CAP.
576 3831 684 3929 'IX.
743 3869 822 3926 De
883 3870 1300 3952 peregrinatione
1349 3870 1709 3939 episcoporum
1760 3877 1812 3922 et
1866 3870 1978 3924 cle-

1093 3957 1345 3994 "eorum.

457 4036 632 4092 Porro
661 4050 765 4090 nec
837 4035 1220 4105 episcoporum
1266 4042 1321 4087 et
1370 4033 1694 4087 clericorum
1732 4031 1980 4102 pcregri-

389 4128 538 4182 natio
575 4143 606 4181 a
640 4125 894 4182 PatribUs
946 4113 1409 4196 praetermitt'enda
1446 4125 1752 4178 videbatur.
1786 4123 1976 4178 Cauon

386 4221 536 4276 enim
582 4219 646 4274 16
673 4218 864 4288 synodi
897 4233 1017 4287 quae
1047 4218 1222 4288 prima
1283 4227 1340 4271 et
1386 4217 1628 4272 secunda
1687 4215 1832 4270 diota
1872 4224 1976 4282 est,

386 4315 714 4385 Episcopus,
766 4312 968 4381 inqttit,
1003 4311 1094 4380 qui
1131 4310 1424 4380 plusquam
1457 4325 1550 4364 sex
1586 4309 1871 4364 mensibus
1909 4310 1979 4365 ab

385 4407 617 4460 crclesia
671 4419 769 4460 sua
821 4403 1080 4467 abfuerit,
1145 4410 1200 4456 et
1241 4401 1296 4456 in
1327 4401 1432 4456 alia
1461 4401 1682 4471 regione
1730 4411 1978 4457 versatus

387 4497 574 4561 fuerit,
614 4512 712 4552 nec
741 4497 884 4568 regis
916 4504 1011 4550 aut
1039 4495 1364 4565 patriarcha;
1390 4494 1549 4562 jussu
1581 4495 1856 4555 detentus.
1884 4503 1979 4548 aut

2081 2000 2141 2054 τὸ
2176 2007 2244 2071 ιγ’
2275 2019 2400 2072 κεφ.
2428 2002 2522 2056 τοῦ
2552 2005 2600 2057 Κ
2636 2020 2809 2074 στοιχ.

2387 2096 2641 2152 ΚΕΦΔΛ.
2677 2099 2753 2152 Z'.
2793 2097 2936 2166 Περί
2958 2098 3354 2166 ἀναθέματος.

2153 2187 2317 2257 Ζήτει
2348 2189 2417 2242 τά
2445 2190 2576 2259 περὶ
2595 2188 2792 2244 τούτου
2825 2190 2884 2244 ἐν
2902 2193 2970 2261 τῇ
2989 2191 3268 2262 ἐπιγραφῇ
3302 2195 3402 2262 τῆς
3433 2193 3495 2246 ἐν
3524 2193 3676 2264 Γάγ-

2079 2294 2189 2349 γρα
2220 2280 2464 2346 συνόδου,
2503 2282 2625 2352 ἣτις
2671 2283 2750 2353 τῷ
2784 2283 3069 2355 καταλόγῳ
3098 2283 3208 2338 τῶν
3256 2284 3466 2340 λοιπῶν
3511 2287 3674 2340 συνόο

2029 2434 2036 2440 ,
2078 2369 2188 2424 δων
2221 2371 2280 2424 ἐν
2311 2375 2376 2442 τῇ
2406 2374 2547 2444 ἀρχῇ
2588 2375 3016 2446 συνηρίθμηται.

2371 2466 2623 2523 ΚΕΦΔΛ.
2665 2469 2747 2522 H'.
2780 2468 2919 2537 Περὶ
2949 2469 3365 2537 ἀντιμινσίων.

2152 2563 2600 2633 Τάἀντιμίνσια,
2649 2561 2746 2631 τῆς
2793 2562 3123 2632 ἁγιαστικῆς
3158 2564 3460 2632 μετέχοντα
3505 2563 3674 2618 δυνά-

2083 2674 2252 2726 μεως,
2295 2656 2362 2726 ἢν
2415 2655 2600 2717 αὐτοῖς
2639 2654 2674 2724 ἠ
2727 2653 2827 2721 τῆς
2881 2654 3271 2726 καθιερώσεως
3303 2655 3414 2707 τῶν
3470 2656 3674 2709 νεωστὶ

2079 2747 2513 2818 ἀνεγειρομένων
2541 2745 2686 2800 ναῶν
2715 2745 3010 2801 ἀκολουθία
3044 2748 3138 2800 καὶ
3163 2749 3196 2816 ἡ
3229 2747 3589 2816 ἐπταήμερος
3616 2749 3674 2799 ἐν

2081 2843 2158 2908 τῷ
2192 2844 2306 2894 ἐκεῖ
2329 2841 2708 2910 θυσιαστηρίῳ
2732 2839 3010 2910 κειμένοις
3040 2839 3323 2910 ίερουργία
3356 2839 3674 2910 χαρίζεται,

2082 2933 2211 2986 ἔνθα
2243 2934 2310 2987 ἂν
2364 2932 2526 3003 χρεία
2582 2932 2812 2999 γένηται
2861 2930 3088 2997 τούτων,
3134 2931 3431 2995 ἀκωλύτως
3488 2949 3676 3004 παρα-

2081 3026 2415 3095 πέμπονται,
2445 3023 2540 3076 καὶ
2572 3023 2632 3076 ού
2661 3022 3068 3093 περιγράφεται
3103 3022 3162 3075 ἐν
3195 3023 3320 3094 τῇδε
3353 3027 3416 3093 τῇ
3452 3024 3672 3094 ἐνορία,

2082 3116 2114 3186 ἢ
2147 3118 2204 3168 ἐν
2238 3116 2444 3185 ἐκείνῃ,
2477 3114 2616 3168 ἀλλά
2653 3113 2750 3167 καὶ
2787 3114 3058 3186 ὑπερόρια
3109 3113 3372 3182 γίνονται,
3409 3115 3561 3169 καθά
3610 3115 3675 3187 δὴ

2083 3211 2176 3262 καὶ
2209 3207 2270 3260 τὸ
2303 3207 2461 3275 ἆγιον
2498 3207 2692 3278 μύρον,
2730 3208 2822 3260 καὶ
2855 3207 3022 3277 ἕτερα
3056 3207 3188 3276 ἅγια
3209 3223 3222 3238 ⁶
3267 3208 3590 3279 ἐκλήθησαν
3618 3207 3677 3262 δέ

2078 3299 2272 3374 οὕτως,
2300 3298 2376 3359 ὡς
2423 3296 2818 3367 ἀντιπρόσωπα
2863 3297 2960 3350 καὶ
2993 3299 3266 3352 ἀντίτυπα
3307 3298 3416 3351 τῶν
3456 3299 3675 3353 πολλῶν

2081 3390 2340 3444 τοιούτων
2377 3390 2605 3459 μίνσων,
2638 3390 2746 3443 τῶν
2783 3390 3220 3460 καταρτιζόντων
3256 3390 3356 3463 τὴν
3385 3392 3553 3458 άγίαν
3588 3393 3678 3446 δεσ

2083 3483 2349 3554 σποτικὴν
2373 3481 2658 3554 τράπεζαν
2679 3497 2694 3512 ⁸
2727 3481 2862 3535 ἀλλὰ
2889 3483 2984 3536 καὶ
3015 3483 3124 3538 ἀπὸ
3147 3482 3243 3538 τοῦ
3269 3483 3391 3536 κατ’
3427 3483 3674 3548 Ἰταλοὺς

2083 3573 2338 3644 μίνσουή
2381 3572 2590 3626 τούτων
2641 3571 2899 3644 παρήχθη
2939 3573 3318 3647 προσηγορίαι
3354 3575 3566 3649 κυρίως
3614 3576 3673 3629 δὲ

2080 3664 2167 3718 ἐπ’
2195 3663 2421 3717 ἐκείνων
2450 3663 2562 3717 τῶν
2607 3663 2904 3732 τραπεζῶν
2930 3665 3194 3732 τίθενται,
3233 3667 3301 3730 ἃς
3331 3667 3673 3739 καθιέρωσις

2079 3755 2181 3824 οὐχ
2215 3754 2466 3824 ἡγίασεν.

2152 3869 2406 3924 ΚΕΦΛΛ.
2441 3868 2517 3924 Θσ.
2552 3870 2693 3940 Περὶ
2731 3872 3078 3938 ἀποδημίας
3107 3872 3466 3927 ἐπισκόπων
3492 3873 3598 3928 καὶ

2704 3942 3030 4010 κληρικῶν.

2154 4034 2287 4088 Οὐδὲ
2312 4033 2380 4086 τά
2406 4035 2506 4102 τῆς
2538 4033 2856 4104 ἀποδημίας
2895 4034 3006 4085 τῶν
3049 4034 3369 4087 ἐπισκόπων
3399 4035 3431 4106 ἢ
3475 4040 3671 4107 κληρι-

2082 4126 2197 4180 κῶν
2225 4127 2518 4196 παροπτέα
2545 4128 2659 4188 τοῖς
2690 4125 2976 4196 ιῖατράσιν
3003 4127 3196 4198 ἐκρίθη
3221 4143 3235 4157 ο
3264 4129 3293 4180 ό
3318 4129 3425 4198 γὰρ
3469 4136 3546 4194 ις’
3571 4132 3673 4199 τῆς

2080 4217 2383 4290 λεγομένης
2418 4216 2466 4272 α’
2487 4219 2582 4272 καὶ
2608 4219 2653 4287 β’
2685 4218 2906 4272 συνόδου
2938 4219 3138 4284 κανὼν,
3185 4221 3247 4274 Ὀ
3277 4223 3436 4275 πλέον
3467 4225 3579 4278 τῶν
3611 4225 3673 4288 ἐξ

2087 4310 2293 4379 μηνῶν,
2354 4310 2509 4382 φησὶ,
2562 4309 2664 4377 τῆς
2721 4307 2914 4362 ἐαυτοῦ
2998 4310 3296 4382 ἐκκλησίας
3363 4314 3673 4384 ἀποδημῶν

2083 4401 2402 4464 ἐπίσκοπος,
2437 4403 2534 4454 καὶ
2583 4403 2640 4454 ἐν
2673 4401 2948 4474 ἀλλοδαπῇ
2979 4403 3294 4473 διατρίϐων,
3326 4408 3404 4477 μὴ
3452 4409 3668 4477 βασιλι-

2086 4493 2186 4547 κοῦ
2217 4493 2248 4562 ἢ
2301 4493 2708 4563 πατριαργικοῦ
2758 4495 3035 4564 εἴργοντος
3067 4497 3231 4549 αὑτὸν
3260 4499 3665 4568 ἐπιτάγματος,

386 4605 416 4644 a
473 4590 621 4659 gravi
648 4589 860 4652 morbo,
909 4597 968 4642 ut
996 4588 1220 4643 omnino
1249 4587 1482 4658 pedibus
1513 4588 1590 4641 uti
1634 4600 1742 4640 non
1775 4587 1967 4655 possit,

2090 4585 2109 4656 ἣ
2167 4585 2395 4656 βαρείας
2432 4585 2590 4639 νόσου
2645 4585 2942 4656 κλινοπετῆ
2997 4586 3172 4642 διόλου
3228 4590 3528 4662 ποιούσης,
3585 4594 3664 4660 ὡς

386 4677 530 4732 lecto
562 4675 773 4739 aﬂixus,
810 4692 840 4730 a
888 4677 1199 4731 sacerdotio
1257 4677 1612 4742 alienabitur,
1645 4685 1698 4730 et
1748 4677 1888 4732 alius
1923 4679 1976 4731 in

386 4767 758 4837 episcopatum
797 4767 918 4839 ejus
950 4768 1347 4826 introducetur.
1877 4773 1924 4853 χ

455 4943 560 5014 21
597 4943 872 5013 Septimus
900 4954 1081 5000 autem
1108 4946 1302 5015 synodi
1326 4947 1538 5005 Sardic.
1590 4966 1791 5016 canon,
1841 4951 1971 5022 Epi-

385 5052 611 5106 scopus,
647 5037 844 5104 inquit,
888 5037 990 5092 nisi
1055 5038 1249 5092 litteris
1300 5041 1465 5109 regiis
1538 5054 1872 5108 accersatur,
1907 5045 1975 5100 ad

388 5146 570 5200 regem
610 5131 879 5199 proﬁcisci
940 5145 1008 5185 ne
1100 5130 1319 5197 audeat,
1391 5137 1690 5205 praesertim
1752 5148 1976 5210 pr0pter

385 5223 678 5294 dignitates
710 5238 830 5292 quze
863 5223 1216 5279 saecularibus
1249 5241 1356 5279 non
1417 5228 1600 5284 minus
1663 5246 1822 5300 quam
1855 5232 1976 5300 cpio

386 5313 571 5381 scapis
611 5312 967 5366 conveniunt.
1001 5314 1157 5380 Quod
1187 5315 1232 5370 si
1271 5318 1429 5386 plane
1448 5330 1672 5392 prepter
1709 5323 1971 5379 auxilium

388 5406 590 5474 injuria
655 5405 972 5458 alfectorum
1059 5407 1454 5481 viduarumque
1485 5422 1540 5467 et
1597 5415 1971 5484 orphanorum

382 5500 450 5555 ad
483 5515 664 5568 regem
719 5500 932 5555 mittere
971 5501 1024 5556 iu
1090 5503 1276 5560 animo
1333 5505 1552 5571 habeat,
1590 5517 1688 5562 aut
1753 5509 1966 5562 veniant

381 5604 710 5648 exoraturus
753 5594 824 5648 sit
857 5609 954 5664 pro
993 5595 1059 5650 iis
1102 5599 1195 5666 qui
1249 5597 1320 5652 ob
1380 5599 1576 5654 delicta
1622 5601 1677 5655 in
1715 5601 1970 5656 exsilium

274 5760 283 5769 .
381 5686 675 5754 deportati,
711 5696 806 5740 aut
863 5687 984 5741 aliis
1027 5689 1204 5757 poenis
1241 5690 1463 5745 obnoxii
1537 5694 1756 5757 fuerint,
1789 5708 1818 5746 a
1878 5710 1969 5749 sa-

383 5781 470 5833 nis
503 5779 812 5832 hominibus
849 5780 1063 5837 laudem
1113 5780 1512 5863 potius_quam
1579 5786 1967 5856 reprehensioo

387 5886 514 5927 “CIII
552 5881 812 5926 meretur.

2080 4677 2352 4747 ἀκινήτως
2397 4677 2534 4747 πρὸς
2585 4677 2885 4748 μετάϐασιν
2936 4677 3104 4748 ἔχειν,
3157 4680 3661 4756 ἀλλοτριωθήσεται

2079 4769 2178 4838 τῆς
2213 4769 2540 4839 ἱερωσύνης,
2584 4774 2676 4824 καὶ
2715 4771 2904 4842 ἕτερος
2934 4772 3013 4834 είς
3045 4771 3143 4842 τὴν
3172 4775 3486 4849 ἐπισκοπὴν
3517 4780 3665 4834 ἐκεί.

2080 4877 2173 4912 νου
2207 4861 2717 4930 ἀντεισαχθήσεται.

2165 4953 2223 5005 '0
2250 4953 2304 5005 δὲ
2333 4953 2430 5023 τῆς
2461 4956 2516 5006 ἐν
2543 4954 2780 5026 Σαρδικῇ
2813 4956 2878 5023 ζ’,
2907 4959 2968 5012 Et
3003 4961 3078 5032 μὴ
3113 4961 3410 5032 γράμμασι
3449 4961 3661 5033 βασιλι-

2078 5048 2196 5108 κοῖς
2230 5046 2675 5118 μεταπεμφθείη,
2735 5052 2926 5120 φησὶν,
2983 5053 3012 5104 ὁ
3063 5056 3388 5120 ἐπίσκοπος,
3438 5056 3661 5110 ἀπιέναι

2082 5143 2157 5210 μὴ
2187 5140 2442 5210 τολμάτω
2473 5141 2609 5210 πρὸς
2653 5142 2900 5212 βασιλέα,
2935 5145 3264 5216 ἀξιωμάτων
3298 5149 3461 5202 ἕνεκα
3502 5148 3660 5218 μάλι-

2081 5247 2202 5294 στα,
2234 5231 2270 5285 ἃ
2310 5231 2372 5302 δὴ
2411 5237 2698 5302 κωμικοῖς
2740 5236 2836 5304 οὐχ
2875 5231 3039 5308 ἦττον
3070 5238 3101 5309 ἢ
3137 5240 3456 5304 ἐπισκόποις
3491 5257 3660 5310 προσ-

2078 5326 2224 5395 ήκει.
2264 5323 2327 5377 El
2378 5325 2434 5378 δὲ
2481 5325 2550 5378 δι’
2590 5328 2914 5398 ἐπικουρίαν
2957 5331 3254 5401 προψανῶς
3285 5332 3658 5402 ἀδικουμένων

2078 5418 2352 5488 πενήτων,
2379 5418 2567 5490 χηρῶν
2606 5437 2666 5473 τε
2710 5421 2804 5474 καὶ
2838 5421 3116 5490 ὀρφανῶν,
3152 5422 3250 5492 τὴν
3282 5423 3358 5486 ὡς
3382 5425 3470 5477 τὸν
3502 5425 3658 5494 βασι-

2075 5508 2171 5561 λέα
2199 5509 2512 5563 στείλασθαι
2541 5510 2945 5582 προθυμηθείη,
2970 5511 3002 5582 ἢ
3030 5514 3503 5585 παραιτησόμενος
3521 5514 3652 5575 τοὺς

2077 5599 2170 5652 ἐπὶ
2204 5599 2549 5670 πταίσμασιν
2582 5601 2768 5673 ἐξορίᾳ
2803 5604 3332 5674 παραπεμφθέντας,
3368 5605 3400 5675 ἦ
3437 5604 3651 5674 ἑτέραις

2075 5693 2502 5763 ἐξεταζομένους
2526 5694 2834 5759 κολάσεσιν,
2865 5696 3180 5761 ἐπαινετάος
3215 5697 3413 5767 μᾶλλον
3443 5697 3474 5767 ἦ
3509 5715 3652 5769 μεμ-

2077 5789 2242 5851 πτέος
2265 5787 2375 5851 τοῖς
2399 5803 2462 5855 γε
2499 5786 2624 5842 νοῦν
2656 5786 2896 5858 ἔχουσιν.
