3902 6578
285 397 419 464 1061

1249 399 1664 462 SYNTAGMA
1699 396 2331 458 ALPHABETICUM.
2375 423 2443 433 -
2483 399 2558 459 Δ.

3387 395 3525 462 1062

357 517 418 567 Ὀ
462 513 521 566 δὲ
565 518 614 582 η’
657 511 885 579 ταύτης,
922 511 985 563 Ei
1029 507 1215 580 μέντοι
1249 511 1316 564 δι’
1353 513 1649 582 ὑπηρέτου,
1690 513 1839 579 φησὶ,

2027 513 2262 562 Octavus
2296 518 2477 562 autem
2512 507 2760 577 ejusdem
2806 521 2926 578 syn.
2963 523 3161 570 canon,
3199 510 3254 564 Si
3291 519 3536 579 quidem.

275 607 372 674 τὴν
396 603 783 672 δεδηλωμένην
816 601 1029 655 ἱκεσίαν
1073 601 1212 672 ὑπὲρ
1243 602 1354 655 τῶν
1389 605 1852 672 προσφευγόντων

274 699 336 767 τῇ
393 694 662 765 ἐκκλησίᾳ
710 693 804 746 καὶ
831 693 1104 753 δεομένων
1144 693 1467 761 ἐπικουρίας
1496 696 1522 746 ὁ
1551 696 1852 755 ἐπίσκοπος

274 788 601 858 ποιήσαιτο,
652 787 747 839 καὶ
785 788 850 857 τῇ
891 785 1000 838 τῶν
1051 783 1266 838 πολλῶν
1319 786 1418 855 οὐχ
1483 786 1848 840 ύποπεσεῖται

276 878 502 947 μέμψει,
559 878 656 931 καὶ
710 878 810 948 τὴν
845 879 904 930 ἐν
951 876 1029 946 τῷ
1064 877 1418 948 στρατοπέδῳ
1470 879 1849 949 ταλαιπωρίαν

270 968 620 1036 ἐκφεύξεται.
1039 1026 1044 1031 _

349 1061 406 1114 ’0
435 1061 490 1114 δὲ
520 1060 586 1125 θ’,
617 1061 731 1123 Τάς
762 1062 920 1126 ςμετά
950 1061 1257 1132 συνοδικῆς,
1309 1049 1848 1132 φησὶάδιαγνώσεως

271 1153 402 1218 πρὸς
452 1151 548 1206 τὸν
593 1151 823 1222 βασιλέα
851 1152 944 1205 τοῦ
976 1153 1278 1206 ἐπισκόπου
1319 1153 1684 1222 πεμπομένας
1729 1154 1850 1206 ἐπι-

271 1242 463 1305 στολὰς
521 1244 630 1296 ὑπὸ
664 1242 758 1296 τοῦ
794 1243 893 1312 τῆς
922 1243 1132 1307 πόλεως
1162 1245 1378 1314 ἐκείνης
1415 1244 1845 1316 μητροπολίτου,

270 1335 326 1386 ἐν
421 1333 524 1396 τὰς
570 1333 855 1404 διατριῦὰς
886 1337 914 1388 ό
941 1335 1195 1405 βασιλεὺς
1222 1336 1302 1406 τῷ
1348 1338 1648 1410 τηνικαῦτα
1678 1341 1849 1392 ποιεῖ-

269 1441 377 1484 ται,
413 1424 810 1493 ἀνακρίνεσθαι
840 1426 942 1493 δεῖ,
999 1429 1093 1481 καὶ
1143 1429 1191 1481 εί
1241 1427 1318 1499 μὴ
1371 1430 1628 1498 φορτικαὶ
1668 1429 1845 1501 τούτῳ

267 1515 542 1579 δοκοῦσιν,
571 1517 906 1572 ἐπιδίδοσθαι
927 1535 940 1550 ·
973 1520 1022 1572 εί
1048 1518 1093 1572 δ’
1115 1517 1230 1584 οῦν,
1262 1523 1397 1592 πρὸς
1426 1521 1519 1576 τὸν
1551 1521 1844 1594 πέμψαντα

267 1607 472 1670 ταύτας
501 1606 803 1676 άνακομίζε
812 1606 958 1665 σθαι.

345 1698 409 1754 Ὀ
434 1699 496 1753 δὲ
525 1705 594 1764 κ’,
632 1699 746 1769 Τῆς
776 1699 937 1754 ἐνίων
967 1702 1348 1773 ἀναισχυντίας
1381 1703 1612 1768 εἵνεκεν,
1647 1704 1734 1758 ἴνα
1766 1704 1841 1776 μὴ

266 1795 330 1844 τὰ
352 1791 454 1860 τῆς
480 1792 790 1864 ἱερωσύνης
810 1793 1171 1859 διαϐάλλοιτο,
1197 1797 1294 1850 καὶ
1319 1795 1476 1867 παρὰ
1513 1797 1622 1850 τῶν
1649 1799 1706 1850 ἐν
1726 1801 1845 1862 ταῖς

265 1884 528 1954 παρόδοις
578 1884 1001 1954 καθεστηκότων
1051 1887 1391 1955 ἐπισκόπων,
1449 1889 1845 1960 ἀνακρίνεσθαι

265 1977 389 2040 τοὺς
418 1977 686 2038 ἀπιόντας
716 1995 809 2030 ποι
840 1978 950 2031 τῶν
983 1980 1291 2050 ἀρχιερέων
1335 1981 1464 2052 χρὴ,
1495 1983 1604 2038 τῶν
1641 2000 1846 2054 μητρο-

268 2069 525 2132 ττολιτῶν,
559 2065 734 2138 οἶμαι,
766 2065 848 2134 οἷς
869 2072 919 2125 oi
955 2072 1187 2126 τοιοῦτοι
1238 2074 1461 2139 πάντως
1499 2076 1840 2134 ὑπόκεινται.

267 2159 403 2227 Πρὸς
431 2161 661 2214 ἐκείνων
704 2161 812 2232 γὰρ
842 2162 938 2216 καὶ
984 2163 1146 2232 μόνον
1191 2166 1318 2229 τοὺς
1366 2166 1459 2220 ὑπ’
1485 2168 1672 2232 αὐτοῖς
1709 2171 1844 2224 ἀνα-

264 2253 551 2319 κρίνεσθαι
599 2255 778 2324 χρεὼν
811 2257 1170 2320 ἐπισκόπους,
1207 2258 1326 2312 ἔστι
1359 2259 1405 2312 δ’
1438 2259 1527 2313 ὅτε
1577 2264 1672 2316 καὶ
1713 2264 1842 2328 τοὺς

265 2345 337 2414 μὴ
370 2347 768 2416 ὑποκειμένους
803 2349 1014 2416 αὐτοῖς,
1049 2353 1146 2406 καὶ
1172 2353 1385 2415 τούτοις
1412 2355 1564 2425 παρὰ
1611 2357 1842 2420 κανόνας

261 2454 312 2489 τι
374 2439 608 2506 πράξειν
658 2440 1029 2511 ὡρμημένοις,
1073 2443 1170 2514 οὐχ
1208 2444 1359 2510 ὅπως
1415 2445 1490 2516 μὴ
1540 2451 1840 2515 συναινεῖν,

261 2532 399 2585 ἀλλὰ
424 2536 520 2588 καὶ
545 2532 894 2606 ἀπελέγχειν,
931 2539 1026 2592 καὶ
1047 2536 1124 2602 ὡς
1153 2533 1266 2592 οἷόν
1292 2555 1373 2604 τε,
1400 2539 1742 2596 διακωλύειν.
1778 2543 1837 2596 Ei

264 2627 362 2694 μὲν
403 2628 514 2695 γὰρ
543 2627 755 2681 ἀπίοιεν
807 2631 949 2700 πρὸς
1002 2631 1254 2702 βασιλέα,
1287 2633 1321 2703 ἢ
1346 2635 1443 2688 ὑπ’
1471 2636 1638 2695 αὑτοῦ
1672 2654 1841 2708 προσ-

262 2716 575 2785 κληθέντες,
609 2717 640 2788 ῆ
666 2719 776 2773 τῶν
804 2721 1304 2792 προδεδηλωμένων
1333 2726 1576 2795 εὐλόγων
1635 2728 1839 2782 ὑποθέ-

262 2826 401 2862 σεων
431 2811 614 2882 χάριν,
645 2812 855 2881 ἐφεῖναι
899 2815 1110 2880 τούτοις
1137 2817 1236 2885 τὴν
1264 2817 1522 2888 πάροδον,
1549 2820 1647 2882 τὰς
1686 2821 1839 2890 είρη-

261 2901 417 2962 Vixit;
447 2901 628 2955 αὐτῶν
667 2906 1152 2972 σημειωσαμένους
1204 2908 1516 2972 ἐπιστολάς.
1569 2912 1630 2965 Εἰ
1665 2912 1719 2964 δὲ
1766 2912 1837 2965 δι’

261 2990 522 3055 ἐπίδειξιν
573 2991 770 3060 ἄλογον
815 2995 895 3056 εἰς
935 2994 1228 3064 ἀλλοτρίαν
1275 2998 1430 3050 πόλιν
1477 3001 1830 3071 ἀπέρχονται,

259 3081 470 3144 διδάξαι
492 3083 582 3136 τὸν
612 3083 849 3137 ἐνταῦθα
885 3085 1016 3140 λαὸν
1044 3087 1304 3156 οἰόμενοι,
1342 3092 1436 3142 καὶ
1470 3092 1832 3162 καταισχῦναι

262 3173 354 3224 τὸν
399 3172 601 3242 ταύτης
634 3173 959 3240 ἐπίσκοπον,
998 3177 1031 3246 ἢ
1068 3178 1203 3249 πρὸς
1238 3177 1464 3248 βασιλέα
1496 3179 1631 3240 ιδίας
1677 3199 1836 3252 ποιη-

262 3265 479 3335 σόμενοι
529 3265 784 3331 ἀξιώσεις
814 3308 830 3333 ,
885 3267 962 3341 μὴ
1002 3269 1336 3340 κοινωνῆσαι
1379 3270 1612 3337 τούτοις,
1650 3271 1726 3336 ὡς
1774 3275 1838 3327 ἐκ

263 3357 358 3410 τοῦ
398 3361 621 3422 κανόνος
648 3355 769 3414 οὖσι
803 3361 1238 3434 καθῃρημένοις.

348 3449 558 3517 ὀγὰρ
581 3451 682 3520 τῆς
725 3454 783 3505 ἐν
825 3454 1130 3526 Ἀντιοχείᾳ
1164 3454 1235 3510 ια’
1275 3459 1370 3511 καὶ
1408 3458 1512 3528 τῆς
1555 3459 1838 3524 κοινωνίας

267 3541 678 3611 ἀποκηρύττει,
740 3546 836 3596 καὶ
891 3544 994 3614 τῆς
1064 3545 1224 3610 ἀξίας
1286 3547 1595 3621 ἁπόόλητον
1649 3549 1837 3622 τίθησι

266 3633 443 3684 πάντα
472 3633 776 3689 ἐπίσκοπον
822 3635 856 3707 ἢ
907 3638 1302 3710 πρεσϐύτερον,
1343 3641 1375 3712 ἢ
1417 3641 1554 3707 ὅλως
1579 3643 1706 3698 ὄντα
1742 3644 1837 3698 τοῦ

259 3722 508 3784 κανόνος,
560 3723 654 3776 τὸν
699 3726 830 3779 ἄνευ
865 3725 1087 3798 γνώμης
1121 3730 1217 3783 καὶ
1261 3733 1610 3802 γραμμάτων
1638 3735 1749 3788 τῶν
1778 3737 1837 3787 ἐν

260 3816 324 3881 τῇ
364 3814 604 3886 ἐπαρχίᾳ
644 3816 982 3882 ἐπισκόπων,
1019 3819 1117 3872 καὶ
1158 3820 1394 3890 μάλιστα
1423 3822 1519 3876 τοῦ
1553 3841 1837 3896 μητροπο-

263 3905 430 3967 λίτου,
456 3907 678 3961 ἀπιέναι
709 3908 846 3978 πρὸς
894 3908 1146 3979 βασιλέα,
1187 3913 1283 3964 καὶ
1310 3913 1453 3985 ὑπὲρ
1493 3916 1830 3985 ἀναγκαίων,

264 3999 426 4066 φημὶ,
460 4000 824 4068 πραγμάτων,
858 4001 1233 4073 τολμήσαντα.

347 4090 482 4142 Ἀλλ’
503 4091 624 4142 οὐδὲ
657 4092 684 4143 ό
710 4088 787 4156 ις’
822 4092 926 4160 τῆς
955 4095 1012 4146 ἐν
1042 4094 1381 4166 Καρθαγένη
1434 4095 1523 4150 διὰ
1557 4097 1833 4169 θαλάσσης

275 4186 488 4254 μακρὰν
514 4184 632 4237 ὁδὸν
658 4185 976 4238 στέλλεσθαι
1000 4187 1091 4240 τὸν
1119 4187 1419 4242 ἐπίσκοπον
1448 4191 1757 4260 ἐπιτρέπει,
1784 4193 1832 4244 εἰ

272 4277 340 4344 μή
367 4276 450 4328 τοί
483 4292 546 4343 γε
577 4277 714 4344 μετὰ
745 4277 928 4331 κοινοῦ
974 4278 1330 4350 ψηφίσματος
1373 4281 1486 4337 τῶν
1533 4283 1633 4354 τῆς
1666 4285 1864 4355 ἐπαρ-Δ

267 4368 383 4436 χίας
415 4368 753 4435 ἐπισκόπων,
783 4369 906 4423 κατ’
945 4369 1224 4440 ἐξαίρετον
1248 4371 1306 4424 δὲ
1341 4372 1435 4426 τοῦ
1483 4373 1582 4444 τῆς
1611 4375 1830 4428 συνόδου

265 4459 328 4511 τά
382 4460 576 4529 πρῶτα
629 4460 893 4530 φέροντος
950 4463 1368 4537 πατριάρχουῆ
1426 4468 1829 4539 μητροπολίτου

1969 598 2170 666 inquit,
2205 597 2496 667 episcopus
2529 596 2841 664 petitionem
2891 611 3045 650 suam
3103 613 3200 666 pro
3249 599 3314 654 iis
3344 602 3432 668 qui
3471 601 3537 657 ad

1950 692 2242 744 ecclesiam
2297 689 2647 758 confugiunt.
2676 698 2730 742 et
2760 689 2966 742 auxilio
2997 698 3195 757 egent,
3246 707 3340 760 per
3376 695 3536 746 mini—

1956 791 2130 837 strum
2170 791 2354 834 notam
2397 779 2611 844 fecerit,
2649 789 2760 834 tum
2823 780 3060 848 plurium
3125 784 3537 850 reprehensioni

1957 888 2065 926 non
2097 872 2202 926 erit
2234 871 2528 933 obnoxius,
2558 881 2668 925 tum
2701 873 2988 943 angustias
3053 873 3110 926 in
3169 873 3370 929 castris
3402 877 3542 930 eﬂ'tt-

1955 965 2087 1036 girl.

2023 1056 2210 1113 Nonus
2251 1072 2432 1113 autem
2458 1074 2655 1120 canon,
2722 1056 2967 1122 Litterze,
3021 1057 3219 1125 inquit,
3256 1055 3322 1110 ad
3357 1072 3534 1126 regem

1953 1149 2024 1204 ab
2077 1151 2338 1220 episeopo
2401 1166 2526 1205 cum
2597 1151 2842 1222 synodali
2899 1149 3211 1219 cognitioiie
3259 1151 3536 1204 mittenda»

1953 1243 2022 1298 ab
2055 1244 2209 1298 urbis
2254 1245 2402 1300 illius
2447 1244 2890 1315 metropolitano,
2947 1243 3000 1298 in
3063 1258 3170 1312 qua
3241 1259 3334 1298 rex
3403 1253 3536 1297 tunc

1955 1338 2218 1404 temporis
2245 1345 2514 1401 versatur,
2551 1337 2655 1405 legi
2683 1338 2919 1403 debent;
2956 1352 3100 1406 (pne,
3127 1337 3171 1389 si
3212 1353 3322 1392 nou
3371 1338 3536 1390 mole-

1953 1435 2054 1482 stae
2083 1429 2209 1482 visa:
2239 1429 2375 1491 sint,
2399 1430 2687 1482 tradantur
2715 1445 2729 1493 ;
2763 1444 2920 1484 secus
2953 1439 3158 1495 autem,
3190 1430 3256 1484 ad
3286 1445 3409 1485 eum
3437 1429 3530 1499 qui

1952 1517 2170 1573 easdem
2199 1520 2375 1585 misit,
2415 1529 2779 1591 reportentur.

2020 1694 2208 1749 Canon
2240 1707 2419 1752 autem
2451 1698 2546 1762 20,
2615 1698 2694 1753 Ne
2720 1708 2938 1768 propter
2968 1715 3264 1770 paucorum
3295 1742 3307 1760 .
3331 1700 3529 1771 inquit,

1951 1787 2345 1858 impudentiam
2380 1793 2750 1847 sacerdotium
2812 1794 3228 1859 condemnetur,
3258 1795 3530 1848 antistites

1949 1883 2042 1952 qui
2073 1884 2256 1953 aliquo
2295 1885 2518 1948 abeunt,
2543 1887 2611 1941 ab
2639 1887 2911 1956 episcopis
2943 1889 3035 1958 qui
3067 1889 3348 1944 constituti
3378 1898 3531 1954 sunt,

1948 1973 2002 2028 in
2043 1979 2273 2032 transitu
2305 1979 2605 2033 examinari
2659 1980 2882 2046 debent,
2907 1996 2936 2035 a
2983 1982 3439 2049 metropolitanis,
3473 1992 3534 2036 ut

1947 2067 2079 2121 mihi
2099 2069 2333 2133 videtur,
2361 2073 2560 2138 quibus
2588 2070 3069 2141 ejusmodiomnes
3095 2073 3325 2143 subjecti
3359 2083 3524 2140 sunt,

1945 2158 2013 2215 iis
2043 2161 2187 2215 enim
2259 2162 2392 2217 solis
2433 2163 2719 2232 episcopos
2748 2165 2851 2220 sibi
2897 2166 3176 2234 subjectos
3209 2165 3528 2222 examinare

1946 2252 2029 2307 fas
2057 2267 2158 2315 est,
2192 2263 2245 2309 et
2280 2258 2608 2326 quandoque
2662 2257 2767 2311 sibi
2806 2273 2913 2312 non
2967 2259 3264 2326 subjectos,
3305 2260 3529 2327 quando

1943 2345 2148 2414 aliquid
2201 2355 2394 2412 praeter
2426 2361 2690 2401 canonem
2720 2345 2900 2402 facere
2938 2349 3327 2418 aggrediantur
3363 2365 3377 2401 :
3413 2364 3522 2401 nou

1946 2435 2108 2489 modo
2140 2447 2198 2488 ut
2231 2438 2376 2505 quod
2405 2436 2608 2491 factum
2638 2447 2728 2492 .est
2757 2454 2867 2492 non
2924 2439 3170 2502 laudent,
3203 2439 3298 2494 sed
3325 2449 3382 2495 ut
3436 2455 3526 2492 rc-

1942 2526 2309 2597 preheudant,
2353 2535 2403 2581 et
2437 2544 2534 2596 pro
2568 2528 2776 2584 viribus
2822 2529 3144 2598 impediant.
3184 2530 3240 2584 Si
3277 2531 3421 2584 enim
3457 2530 3522 2583 ad

1942 2632 2127 2688 regem
2155 2617 2593 2688 proficiscantur,
2628 2622 2710 2675 vel
2741 2622 2810 2676 ab
2866 2637 2930 2676 eo
2958 2622 3326 2687 accersiti,vel
3356 2637 3526 2692 prep-

1941 2716 2024 2762 ter
2075 2711 2369 2778 petitiones
2417 2711 2710 2766 manifesto
2759 2713 3079 2779 rationales,
3115 2715 3382 2769 transitus
3429 2714 3527 2768 iis-

1865 2821 1870 2826 ε
1940 2799 2062 2853 dem
2096 2799 2306 2855 dandus
2337 2810 2440 2866 est,
2488 2802 2649 2856 modo
2682 2802 2888 2858 litteras
2917 2803 3174 2872 paciﬁcas
3211 2804 3526 2860 ostendant.

1941 2892 2097 2958 Quod
2132 2893 2177 2948 si
2218 2905 2438 2963 propter
2470 2893 2766 2948 absurdam
2810 2897 3236 2950 ostentationem
3261 2897 3326 2949 ad
3358 2895 3521 2948 aliam

1940 2985 2217 3040 civitatem
2269 2987 2481 3051 abeant,
2509 2988 2768 3057 populum
2841 2988 2954 3042 illic
2995 2989 3194 3042 docere
3234 2988 3288 3041 in
3337 2989 3524 3042 animo

1941 3075 2223 3139 habentes,
2259 3087 2313 3132 et
2337 3077 2456 3147 ejus
2486 3079 2800 3147 episcopum
2834 3080 3040 3150 pudore
3069 3078 3403 3140 suﬂ'undere,
3439 3075 3524 3130 vel

1940 3169 2006 3221 ad
2049 3183 2253 3238 regem,
2291 3182 2348 3224 ut
2382 3186 2510 3225 snas
2541 3169 2829 3239 petitiones
2882 3171 3135 3236 oli‘erant,
3184 3187 3308 3225 cum
3338 3173 3426 3231 iis,
3465 3179 3527 3224 nt

1947 3263 2038 3332 qui
2080 3278 2342 3320 acauone
2371 3263 2605 3334 depositi
2660 3265 2790 3328 sint,
2821 3277 2930 3318 non
2977 3271 3062 3318 est
3108 3263 3524 3318 communicau-

1947 3357 2100 3411 dum.

2021 3446 2237 3502 Etenim
2295 3462 2418 3518 syn.
2453 3446 2803 3502 Antiochenae
2835 3428 3013 3502 canon
3052 3447 3113 3502 Η
3153 3463 3370 3504 omnem
3409 3451 3524 3519 epi-

1945 3555 2174 3610 scopum
2202 3540 2283 3594 vel
2311 3539 2711 3610 presbyterum,
2735 3540 2820 3595 vel
2848 3540 2941 3609 qui
2973 3540 3199 3595 omnino
3227 3556 3296 3596 ex
3311 3557 3524 3597 canone

1945 3629 2035 3693 sit,
2066 3631 2161 3701 qui
2188 3631 2325 3686 citra
2353 3632 2679 3686 sententiam
2713 3638 2769 3685 et
2831 3629 3044 3686 litteras
3099 3631 3520 3702 provincialium

1947 3724 2328 3793 episcoporqu
2398 3732 2455 3778 et
2506 3723 2807 3795 praesertim
2868 3723 3316 3792 metropolitani,
3351 3739 3522 3780 ausus

1945 3817 2108 3870 fuerit
2162 3818 2228 3870 ad
2279 3831 2482 3884 regem,
2534 3816 2694 3870 etiam
2756 3823 2982 3884 prOpter
3032 3830 3120 3870 res
3162 3816 3524 3885 necessarias,

1944 3906 2238 3976 proficisci,
2273 3907 2489 3960 abdicat
2548 3914 2653 3959 eta
2683 3905 2948 3975 dignitate
2993 3905 3162 3976 ejicit.

2012 4093 2183 4147 Porro
2214 4105 2310 4144 nec
2339 4087 2528 4158 synodi
2578 4087 2906 4158 Carthagen.
2936 4103 3146 4144 canone
3177 4089 3244 4144 16
3289 4091 3523 4160 permis-

1939 4199 2061 4238 sum
2093 4191 2195 4246 est,
2225 4189 2281 4236 ut
2319 4180 2606 4251 episc0pus
2635 4189 2786 4234 trans
2824 4194 2972 4234 mare
3001 4178 3214 4251 longius
3251 4182 3517 4244 mittatur,

1941 4273 2046 4329 nisi
2106 4290 2230 4329 cum
2298 4273 2578 4328 communi
2645 4269 3068 4341 provincialium
3128 4271 3513 4341 episcoporum

1941 4366 2320 4422 consensu.Et
2347 4375 2461 4418 tum
2514 4363 2709 4419 melius
2754 4373 2917 4430 esset,
2954 4363 2998 4418 si
3052 4378 3082 4417 a
3135 4363 3328 4434 synodi
3378 4379 3516 4433 prte-

1943 4459 2104 4521 {ecto,
2141 4458 2449 4528 patriarcha
2481 4458 2692 4514 scilicet
2721 4457 2806 4511 vel
2862 4455 3308 4524 metropolitano,
3370 4455 3517 4508 litte-

264 4551 707 4622 ἐντετυπωμένης
735 4555 834 4607 καλ⁹
855 4562 1280 4628 σεσημασμένης
1302 4561 1541 4629 γραφῆς,
1574 4562 1830 4615 συνιστά-

1951 4567 2030 4604 ras
2051 4559 2303 4605 exat-atas
2331 4550 2687 4618 signatasque
2735 4548 2952 4613 haheat,
2987 4561 3108 4617 quae
3165 4544 3234 4601 iis
3283 4545 3348 4600 ad
3372 4560 3514 4614 quos

267 4659 362 4712 σης
409 4643 599 4697 τοῦτον
653 4646 792 4716 πρὸς
850 4645 944 4711 οὒς
993 4649 1203 4714 ἄπεισι,
1249 4652 1344 4705 καὶ
1393 4650 1654 4723 ἀξιούσης
1703 4656 1834 4724 περὶ

1951 4642 2306 4709 proﬁciscitur
2356 4659 2480 4697 eum
2537 4641 2942 4708 commendent,
3004 4648 3061 4694 et
3109 4641 3273 4711 digne
3329 4639 3397 4694 de
3445 4654 3512 4694 eo

263 4752 442 4790 αυτ-ου.

339 4827 396 4881 ’0
453 4829 510 4882 δὲ
563 4828 640 4883 οα¹
693 4831 917 4904 ταύτης,
959 4834 1082 4888 ούδέ
1125 4835 1265 4906 πρὸς
1319 4834 1516 4907 ἐτέραν
1561 4835 1832 4906 ύπάύτῷ

261 4921 520 4975 τελοῦσαν
553 4925 850 4994 παροικίαν
902 4927 1230 4998 εὐπρόσοδον
1267 4929 1572 4998 ἀποδημεῖν
1609 4929 1829 4992 δικαιοῖ,

260 5015 416 5066 κάκεῖ
449 5015 748 5086 διατρίὸειν
781 5021 874 5071 ἐπὶ
904 5020 1061 5086 πολὺ,
1084 5024 1186 5090 τὴν
1232 5023 1590 5091 πρωτότυπον
1633 5020 1834 5091 ὲκκλη-

261 5107 382 5160 σίαν
422 5111 932 5180 καταλιμπάνοντα,
983 5114 1078 5165 καὶ
1135 5111 1247 5165 τῶν
1295 5112 1659 5184 σωτηριωδών
1689 5113 1826 5184 αὐτῇ

261 5203 739 5273 παραγγελμάτων
795 5205 1187 5277 ὀλιγωροῦντα,
1247 5207 1475 5278 κέρδους
1546 5207 1678 5260 ἰδίου
1730 5207 1831 5280 τὴν

261 5297 535 5365 σωτηρίαν
564 5298 657 5349 τοῦ
685 5298 814 5351 λαοῦ
847 5300 1194 5371 προῖέμενον.

325 5388 690 5457 Βαλσαμών.
740 5391 834 5443 Ἐκ
897 5391 1087 5444 τούτου
1125 5391 1269 5453 τινὲς
1309 5391 1712 5461 συλλογίζονται
1755 5391 1830 5462 μὴ

259 5477 475 5542 ἐξεῖναι,
507 5483 646 5551 μήτε
681 5482 771 5536 τὸν
809 5483 914 5535 ὑπὸ
944 5483 1115 5536 ἐθνῶν
1154 5484 1251 5552 τῆς
1281 5485 1492 5548 οἰκείας
1521 5486 1829 5553 ἐπισκοπῆς

259 5568 612 5640 ἐκϐληθέντα,
647 5573 705 5623 ἐν
753 5573 918 5645 ἑτέρᾳ
968 5573 1058 5626 ὑπ’
1090 5574 1240 5644 αὐτῷ
1282 5574 1514 5646 τελούσῃ
1552 5577 1829 5628 κατοικεῖν
1860 5612 1868 5623 ,

259 5665 540 5733 παροικίᾳ,
573 5665 710 5734 μήτε
760 5666 853 5717 τὸν
898 5666 1108 5738 φαύλης
1147 5666 1246 5720 καὶ¹
1287 5668 1493 5737 μικρᾶς
1523 5665 1828 5734 ἐπισκοπῆς

259 5756 681 5824 προϊστάμενον,
726 5758 805 5819 εἰς
850 5757 1043 5825 ἑτέραν
1086 5757 1660 5830 πολυανθρωποτέραν
1721 5756 1828 5827 χώ·-

262 5838 378 5916 ρὶν,
413 5847 649 5920 ὑποτελῆ
691 5849 783 5902 καὶ
836 5850 1038 5924 ταύτην
1088 5853 1237 5924 αὐτῷ
1275 5851 1650 5922 τυγχάνουσαν
1674 5889 1690 5917 ,
1729 5850 1826 5905 αύ-

1937 4737 2252 4805 loquantur.

2005 4827 2190 4882 Cauon
2241 4836 2423 4880 autem
2457 4823 2515 4877 7i
2567 4823 2808 4894 ejusdem
2863 4823 3055 4895 synodi
3133 4837 3242 4878 non
3291 4837 3510 4891 mqnum

1934 4937 2055 4976 esse
2083 4929 2291 4984 censet,
2323 4929 2382 4974 ut
2443 4921 2736 4990 episcopus
2790 4917 3066 4987 primitiva
3115 4931 3215 4970 sua
3269 4913 3510 4986 ecclesia

1933 5014 2022 5067 diu
2081 5013 2360 5072 derelicta,
2397 5012 2460 5066 ad
2513 5011 2672 5065 aliam
2739 5009 2991 5064 ditiorem
3077 5008 3391 5078 parochiam
3453 5007 3555 5060 in-

1934 5107 2152 5160 dioecesi
2185 5122 2282 5160 sua
2311 5105 2667 5158 constitutam
2723 5101 3123 5178 proﬁciscatur,
3152 5109 3207 5154 et
3243 5100 3352 5154 illic
3381 5115 3512 5154 ver-

1932 5209 2105 5264 setur,
2159 5201 2378 5264 proprio
2405 5195 2775 5265 uliquclucro
2833 5193 3015 5263 populi
3063 5194 3294 5248 salutem
3365 5200 3514 5262 post-

1970 5305 2156 5342 Ottetts.

1934 5306 2156 5360 petteus.

2008 5384 2316 5438 Balsamon.
2355 5382 2492 5436 lliuc
2547 5378 2806 5448 colligunt
2868 5376 3139 5436 nonnulli.
3200 5374 3345 5445 quod
3398 5388 3508 5428 non

1931 5481 2060 5534 licet
2093 5477 2139 5531 ei
2165 5476 2254 5545 qui
2288 5491 2316 5527 a
2347 5471 2568 5542 proprio
2593 5472 2908 5540 episcopatu
2953 5483 2980 5520 a
3016 5465 3241 5536 paganis
3297 5465 3511 5528 eiectus

1933 5569 2116 5631 fuerit,
2145 5567 2196 5618 in
2227 5565 2328 5616 alia
2359 5561 2614 5631 parochia
2685 5559 2750 5615 ad
2785 5573 2844 5612 se
2879 5558 3182 5627 pertinente
3238 5553 3508 5617 habitare;

1932 5677 2032 5716 nec
2055 5661 2101 5713 ei
2138 5658 2229 5729 qui
2265 5673 2430 5727 parvo
2467 5664 2520 5706 et
2551 5652 2772 5722 pauperi
2800 5645 3136 5719 episcopatui
3200 5655 3415 5714 praest,
3453 5643 3510 5698 in

1929 5757 2092 5810 aliam
2151 5753 2426 5820 regionem
2489 5743 2890 5817 pepuiosiorem
2953 5739 3172 5808 sibique
3237 5736 3506 5791 tributum

1932 5848 2230 5907 solventem
2298 5838 2652 5899 desultatorie
2702 5831 3058 5898 descendere,
3093 5830 3198 5889 nisi
3237 5845 3331 5887 rex
3366 5843 3502 5888 con-
