3902 6566
392 426 533 489 1063

1609 430 1988 492 MATTII/EI
2013 434 2438 496 BLASTARIS

3531 438 3666 501 inﬁt

390 541 647 607 senserit,
678 551 731 596 et
767 540 1047 612 synodalis
1103 542 1346 611 cognitio
1403 546 1455 600 id
1501 546 1814 604 faciendum
1862 567 1969 607 (εει

2089 553 2363 624 οόρμητον
2400 557 2797 626 μεταϐαίνοντα
2854 558 3150 616 κατοικεῖν,
3191 555 3255 625 ἦν
3290 555 3364 625 μὴ
3416 554 3665 617 βασιιεξκ

385 631 730 704 judicaverit.

460 725 567 793 22
604 723 791 777 Canon
836 733 1017 779 autem
1054 723 1119 777 12
1150 713 1342 796 synodi
1377 728 1718 785 Sardieensis
1772 730 1988 801 episco-

392 830 547 882 pum,
578 813 671 882 qui
696 814 763 866 ad
804 813 1113 867 immobiles
1136 830 1263 869 suas
1308 820 1687 886 possessiones
1718 837 1836 890 qua»
1860 832 1986 875 sunt

392 903 448 957 in
485 906 691 958 exteris
723 904 1042 973 regiOuibus
1088 920 1313 973 peregre
1347 908 1481 969 abit,
1514 918 1569 961 ιιι
1606 908 1814 963 fructus
1854 927 1985 965 suos

391 995 634 1064 colligat,
684 984 989 1064 habeatque
1055 998 1201 1051 unde
1267 1000 1603 1068 panpcribus
1650 1003 1982 1072 suppelitet,

391 1085 568 1140 tribus
602 1094 813 1141 tantum
869 1086 1166 1141 Dominicis
1197 1089 1409 1156 abesse,
1463 1091 1741 1146 etinterea
1808 1094 1985 1162 regio-

390 1177 663 1234 nis'istius
720 1180 1104 1250 presbyterum
1145 1181 1319 1241 adire,
1362 1194 1417 1236 et
1448 1183 1648 1237 ibidem
1673 1201 1782 1239 una
1842 1202 1969 1240 cum

393 1269 645 1326 ﬁdelibus
674 1286 836 1325 orare
870 1282 926 1327 et
949 1271 1183 1341 psallere
1230 1273 1406 1341 jubet;
1464 1291 1532 1328 ne
1593 1276 1646 1328 in
1712 1292 1977 1332 canoncm

391 1361 679 1434 impingat,
727 1362 821 1433 qui
878 1373 1124 1432 segregat
1163 1379 1287 1417 eum
1320 1365 1410 1435 qui
1472 1367 1650 1420 tribus
1681 1366 1979 1423 Dominicis

391 1455 719 1510 abccclesia
752 1471 848 1510 sua
884 1456 1144 1514 abfuerit.
1172 1448 1319 1513 Idem
1357 1459 1491 1514 dicit
1516 1462 1573 1513 Η
1596 1476 1720 1515 can.
1751 1462 1978 1533 hujusce

391 1547 609 1617 synodi.
655 1546 797 1614 Quin
834 1557 887 1601 et
912 1548 1251 1620 frequentius
1284 1551 1561 1605 civitatem
1599 1555 1759 1608 istius
1800 1556 1978 1626 regio-

391 1640 477 1694 nis
519 1654 586 1693 ne
633 1640 827 1705 adeat;
862 1641 933 1695 ita
989 1643 1157 1705 enim.
1191 1643 1333 1697 bona
1381 1659 1477 1698 sua
1505 1646 1724 1701 assidue
1750 1662 1976 1703 conser-

388 1746 551 1797 vans,
592 1732 731 1786 nihil
765 1733 1079 1788 detrimenti
1106 1735 1366 1803 patietur,
1441 1746 1495 1791 et
1552 1737 1671 1807 ejus
1734 1741 1974 1811 regionis

387 1823 679 1893 episcopus
709 1839 832 1878 eum
897 1824 1076 1882 inanis
1135 1826 1327 1896 glorite
1356 1837 1411 1882 et
1474 1830 1805 1900 arrogantia:
1860 1848 1971 1886 non

389 1916 745 1983 insimulabit,
803 1927 1060 1986 tanquam
1111 1922 1201 1975 cui
1257 1920 1540 1977 insanimo
1586 1932 1752 1989 esset,
1800 1940 1977 1994 popu-
2011 1922 2051 1974 Β

388 2011 500 2066 lum
585 2010 634 2065 ei
710 2011 1020 2081 subjectum
1089 2013 1442 2079 erudiendo,
1510 2016 1688 2086 ipsum
1771 2017 1976 2087 pudore

385 2102 726 2158 suffundere.

458 2193 766 2250 Balsama».
856 2194 916 2248 lu
985 2196 1364 2253 immobilibus
1449 2201 1596 2255 enim
1671 2203 1973 2260 alienarum

382 2286 742 2341 ecclesiarum
812 2288 1294 2358 possessionibus,
1355 2291 1505 2347 illius
1560 2294 1800 2361 regionis
1857 2299 1976 2366 epi-

384 2393 587 2448 erpus
630 2377 754 2449 jura
789 2379 1114 2452 episcopalia
1144 2392 1383 2449 exercet,
1424 2385 1531 2441 nisi
1563 2386 1708 2455 quod
1748 2388 1850 2442 soli
1877 2404 1972 2456 pa-

385 2469 644 2524 triarcha:
678 2470 1375 2542 Constantiuopolitanoex
1407 2474 1563 2545 longa
1582 2478 1977 2531 consuetudine

387 2560 715 2629 permissum
734 2561 826 2627 sit,
845 2561 976 2617 dare
1004 2563 1096 2632 jus
1131 2564 1327 2633 ﬁgendi
1366 2580 1584 2620 crucem
1614 2606 1629 2631 ,
1661 2577 1715 2622 et
1746 2568 1977 2623 oblatio-

386 2667 510 2708 nem
557 2653 903 2723 nominisque
955 2657 1286 2711 mentionem
1341 2657 1586 2724 babere;
1645 2659 1809 2730 idque
1871 2678 1974 2715 non

386 2744 564 2798 solum
595 2746 648 2799 in
710 2747 928 2815 praediis
995 2751 1109 2803 suis
1167 2764 1291 2819 quae
1338 2751 1607 2820 possidet,
1663 2752 1976 2823 ubicunque

387 2835 491 2890 sita
511 2835 732 2901 fuerint,
769 2848 823 2892 et
855 2839 1299 2908 possessionibus
1346 2842 1722 2897 immobilibus
1777 2860 1974 2898 mona-

389 2927 689 2982 steriorum
729 2929 831 2984 sibi
903 2931 1302 3002 subjectorutn,
1354 2934 1446 2987 sed
1478 2934 1610 2987 etin
1675 2937 1973 3004 provinciis

387 3019 764 3088 metropoleon
797 3035 1048 3083 suarum,
1082 3021 1397 3092 ubicunque
1425 3024 1635 3078 scilicet
1668 3027 1735 3078 ab
1761 3025 1968 3095 aliquo,

384 3110 481 3179 qui
519 3112 807 3165 ecclesiam
857 3112 1114 3175 exstruit,
1146 3126 1376 3168 vocatus
1409 3115 1594 3172 fuerit.

530 3205 671 3267 Quid
723 3206 790 3259 sit
834 3205 1139 3267 translalio,
1187 3207 1437 3261 discessio
1479 3214 1529 3261 et
1570 3209 1791 3264 iiwasio.

450 3294 509 3349 Si
546 3305 728 3351 autem
766 3299 1092 3367 quidquam,
1124 3301 1264 3353 ultra
1317 3301 1813 3371 peregrinationem
1856 3318 1963 3358 non

387 3389 744 3456 laboriosam,
777 3390 849 3445 ab
900 3391 1194 3460 'ep‘iscOpis
1245 3392 1613 3459 inuovctur,id
1648 3395 1730 3449 vel
1788 3406 1970 3453 trans-

387 3481 519 3535 latio
571 3481 792 3547 dicitur,
847 3485 927 3537 vel
979 3484 1268 3549 discessio,
1334 3488 1417 3540 vel
1474 3486 1714 3542 invasio.

454 3572 521 3627 Et
570 3575 858 3629 translatio
909 3576 1129 3643 quidem
1172 3576 1252 3642 lit,
1321 3578 1539 3647 quando
1582 3579 1784 3649 aliquis
1815 3581 1969 3635 ami-

390 3667 513 3721 nori
561 3667 789 3720 ecclesia
840 3668 906 3720 ad
984 3668 1243 3736 majorem
1305 3670 1521 3722 viduam
1610 3672 1964 3738 transfertur,

386 3759 736 3829 quiscilich
784 3761 951 3815 verbo
1019 3768 1074 3814 et
1124 3760 1393 3831 sapientia
1450 3763 1686 3830 excellit,
1764 3767 1968 3837 quique

387 3853 644 3921 pietatem
724 3854 1123 3921 periclitantem
1210 3857 1534 3911 conﬁrmare
1602 3860 1798 3928 possit.
1877 3861 1963 3916 Uti

389 3962 589 4015 magno
641 3945 904 4016 Gregorio
935 3949 1031 4017 qni
1080 3948 1391 4018 Tltcologus
1439 3952 1620 4005 dictus
1654 3962 1794 4015 erat,
1829 3970 1961 4007 con-

385 4037 529 4104 tigit,
597 4054 759 4107 quem
818 4054 980 4092 nemo
1065 4055 1237 4095 sanus
1312 4042 1485 4095 virum
1553 4059 1676 4098 esse
1749 4061 1962 4100 summa

385 4130 546 4185 laude
597 4130 818 4200 dignum
860 4131 1160 4200 negaverit.

460 4223 574 4278 lloc
612 4233 926 4278 sanctorum
979 4226 1351 4293 apostolorum
1416 4242 1591 4281 canon
1654 4229 1719 4283 14
1771 4247 1964 4288 ncces-

383 4318 595 4373 sarium
648 4333 772 4372 esse
827 4319 1051 4387 iudicat,
1103 4309 1291 4371 dicens
1335 4335 1440 4373 non
1466 4321 1629 4376 licere
1681 4324 1960 4394 episeoim,
2028 4336 2034 4342 ‘

386 4412 578 4467 relicta
632 4427 734 4466 sua
789 4412 1029 4480 parmeia
1102 4413 1261 4466 alteri
1326 4412 1573 4478 insilire,
1630 4416 1845 4471 etiarnsi
1930 4434 1960 4472 a

384 4506 637 4573 pluribus
687 4514 911 4560 coactus
947 4506 1037 4570 sit,
1109 4505 1214 4557 nisi
1298 4505 1457 4559 detur
1534 4522 1699 4562 causa
1778 4510 1958 4581 aliqua

2096 650 2224 717 ἐψῇ,
2263 650 2357 701 καὶ¹
2395 650 2687 717 διάγνωσις
2733 649 2990 721 ἐπικρίνῃ
3043 648 3205 700 τοῦτο
3247 646 3527 714 συνοδική.

2180 742 2237 793 ’0
2263 742 2319 795 δὲ
2352 743 2417 810 ιβ⁴
2461 742 2558 811 τῆς
2592 744 2649 793 ἐν
2697 742 2959 812 Σαρδικῇ,
2988 742 3094 793 Τὸν
3128 741 3207 804 εἰς
3255 740 3551 806 ἀκινήτους
3574 739 3667 790 αύ-

2092 832 2187 885 τοῦ
2226 836 2449 901 κτήσεις
2501 834 2732 886 ἀπιόντα
2785 836 3107 893 ἐπίσκοπον,
3151 831 3477 900 ὑπερορίους
3506 827 3666 890 οὔσας

2091 923 2192 991 τῆς
2222 924 2390 976 αὐτοῦ
2439 924 2737 993 ἐπαρχίας,
2776 926 2871 977 ἐπὶ¹
2924 924 3002 993 τῷ
3052 920 3393 991 συγκομίσαι
3433 919 3562 982 τοὺς
3586 919 3665 971 ol-

2092 1016 2273 1074 κείους
2316 1019 2584 1085 καρποὺς,
2632 1018 2708 1080 ὡς
2767 1018 2834 1071 ἂν
2884 1017 2985 1089 ἔχῃ
3030 1018 3143 1078 τοῖς
3177 1016 3458 1083 δεομένοις
3493 1013 3666 1079 ἐπαρ-

2090 1111 2229 1170 κεῖν,
2259 1104 2350 1163 ἐπὶ
2374 1111 2519 1180 τρισὶ
2542 1113 2637 1165 καὶ
2667 1112 2862 1181 μόναις
2900 1110 3211 1181 Κυριακατς
3236 1105 3452 1160 κελεύει
3479 1104 3666 1160 τοῦτον

2087 1199 2165 1269 τῷ
2195 1202 2294 1270 τῆς
2326 1201 2598 1271 ἐπαρχίας
2635 1202 2852 1267 ἐκείνης
2885 1200 3244 1270 πρεσϐυτέρῳ
3278 1195 3667 1265 συνέρχεσθαι,

2087 1293 2184 1349 καὶ
2232 1295 2347 1356 τοῖς
2385 1293 2621 1348 ἐνταῦθα
2682 1297 2895 1357 πιστοῖς
2959 1292 3317 1363 συνεύχεσθαι
3403 1290 3502 1341 καὶ
3537 1305 3668 1358 συμ-

2085 1380 2351 1450 ψάλλειν,
2393 1384 2478 1435 ἵνα
2521 1384 2596 1455 μὴ
2653 1384 3119 1454 προσκεκρουκὼς
3172 1381 3315 1456 ᾖτῷ
3351 1381 3665 1452 ἀφορίζοντι

2086 1476 2271 1530 κανόνι
2324 1478 2418 1530 τὸν
2468 1479 2562 1531 ἐπὶ⁸
2624 1479 2773 1547 τρισὶ
2821 1478 3131 1548 Κυριακαῖς
3192 1476 3292 1543 τῆς
3366 1475 3666 1545 ἐκκλησίας

2083 1569 2648 1640 ἀπολιμπανόμενον’
2703 1571 2819 1625 ἔστι
2871 1572 2927 1624 δὲ
2983 1572 3080 1625 καὶ
3130 1563 3288 1634 οὗτος
3325 1568 3541 1638 ταύτης
3576 1566 3662 1621 ια’·

2081 1661 2145 1713 οὐ
2182 1660 2288 1732 μὴν
2315 1662 2453 1716 ἀλλά
2502 1663 2598 1717 καὶ
2632 1664 2854 1727 πυκνῶς
2900 1666 2979 1726 εἰς
3026 1663 3124 1733 τὴν
3153 1663 3306 1715 πόλιν
3340 1661 3443 1726 τῆς
3482 1659 3665 1731 χώρας

2081 1754 2301 1826 ἐκείνης
2342 1757 2417 1825 μὴ
2472 1756 2729 1811 ἀπιέναι·
2786 1756 2930 1810 οὕτω
2980 1759 3090 1827 γὰρ
3147 1756 3244 1809 καὶ
3297 1755 3512 1825 ζημίαν
3566 1754 3663 1825 οὐκ

2081 1847 2496 1918 ὑποστήσεται,
2549 1849 2943 1922 συνεχέστερον
3018 1849 3298 1919 ἐπιτηρῶν
3343 1849 3413 1901 τὰ
3464 1849 3661 1913 οἰκεῖα,

2083 1939 2177 1992 καὶ
2225 1941 2252 1992 ὁ
2295 1937 2560 2010 ἐγχώριος
2608 1943 2911 2007 ἐπίσκοπος
2964 1943 3129 2010 κενῆς
3163 1941 3323 2012 δόξης
3368 1944 3465 1994 καὶ
3498 1942 3664 2011 ὑπερε

2081 2029 2241 2097 οψίας
2269 2032 2434 2085 αὐτὸν
2466 2033 2527 2085 οὐ
2562 2034 2858 2106 γράψεται,
2890 2035 2965 2097 ὼς
2997 2034 3063 2087 ἂν
3090 2038 3167 2097 εἰς
3195 2034 3362 2088 αὐτοῦ
3395 2032 3664 2104 αἰσχύνην

2081 2121 2170 2173 τὸν
2195 2122 2288 2175 ὑπ’
2319 2124 2469 2189 αὐτῷ
2498 2126 2625 2178 λαὸν
2650 2126 2923 2180 διδάσκειν
2959 2127 3232 2181 ἐθέλοντα.

2152 2214 2517 2284 Βαλσαμών.
2551 2218 2643 2281 Εἰς
2680 2218 2790 2288 γὰρ
2828 2219 2929 2281 τὰς
2959 2221 3255 2289 ἀκινήτους
3289 2219 3521 2288 κτήσεις
3558 2219 3664 2271 τῶν

2079 2305 2377 2377 ἀλλοτρίων
2448 2310 2761 2379 ἐκκλησιῶν
2818 2312 2847 2364 ὁ
2906 2314 3173 2384 ἐγχώριος
3231 2314 3540 2377 ἐπίσκοπος
3597 2315 3664 2367 ea

2080 2400 2448 2471 ἀρχιερατικὰ
2483 2405 2698 2477 ἐνεργεῖ
2728 2404 2935 2459 δίκαια.
2965 2406 3128 2477 Μόνῳ
3149 2405 3204 2459 δέ
3232 2406 3309 2474 τῷ
3335 2406 3664 2477 πατριάρχῃ

2081 2492 2713 2557 Κωνσταντινουπόλεως
2774 2499 2838 2550 ἐκ
2862 2484 3387 2568 συνηθείαςξέφείται
3416 2501 3661 2570 μακρᾶς,

2081 2586 2461 2656 σταυροπήγιά
2514 2604 2575 2640 τε
2621 2589 2860 2655 διδόναι,
2917 2591 3013 2644 καὶ⁴
3064 2592 3163 2663 τὴν
3220 2594 3510 2665 ἀναφορὰν
3574 2595 3664 2648 καὶ

2082 2680 2304 2748 μνήμην
2332 2679 2427 2733 τοῦ
2458 2680 2728 2751 ὀνόματος
2767 2683 2934 2737 αὑτοῦ
2969 2685 3136 2755 ἔχειν,
3165 2685 3225 2738 ού
3261 2688 3427 2757 μόνον
3458 2686 3553 2757 ἐφ’
3584 2683 3663 2750 οἷς

2081 2769 2350 2839 κέκτηται
2383 2770 2536 2833 ἰδίοις
2581 2772 2804 2843 χωρίοις
2835 2776 3175 2845 ὁπουδήποτε
3222 2781 3536 2848 κειμένοις,
3568 2784 3661 2834 καὶ

2076 2862 2191 2922 τοῖς
2240 2861 2523 2933 ἀκινήτοις
2592 2866 2837 2935 κτήμασι
2889 2868 2999 2920 τῶν
3047 2870 3429 2940 ὑποκειμένων
3482 2875 3661 2947 τούτῳ

2080 2955 2493 3025 μοναστηρίων,
2523 2956 2661 3011 ἀλλὰ
2698 2960 2794 3012 καὶ
2841 2963 2899 3012 ἐν
2949 2964 3069 3026 ταῖς
3121 2964 3230 3018 τῶν
3265 2967 3661 3035 μητροπόλεων

2079 3045 2246 3099 αὑτοῦ
2283 3048 2542 3116 ἐνορίαις,
2580 3049 2711 3102 ἔνθα
2739 3049 2804 3104 ἂν
2833 3053 2983 3123 παρά
3029 3054 3124 3107 τοῦ
3155 3059 3247 3109 τὸν
3282 3057 3418 3110 νεὼν
3443 3061 3662 3129 ἀνεγεί-

2080 3153 2267 3205 ροντος
2296 3139 2498 3210 δηλαδὴ
2529 3142 2923 3215 προσκληθείη.

1996 3262 2041 3322 c
2082 3229 2144 3282 Τί
2196 3230 2330 3284 ἐστι
2382 3232 2732 3301 μετάθεσις,
2801 3236 3156 3305 μετάϐασις,
3195 3240 3296 3294 καὶ
3345 3241 3657 3311 ἐπίδοσις.

2148 3323 2208 3375 Εἰ
2248 3322 2304 3375 δέ
2350 3341 2405 3376 τι
2442 3326 2757 3399 περαιτέρω
2790 3332 2891 3400 τῆς
2927 3331 3405 3403 ἀπραγματεύτου
3443 3339 3656 3407 ἀποδη-

2076 3411 2206 3479 μίας
2239 3417 2670 3488 καινοτομηϐείη
2729 3425 2843 3485 τοῖς
2897 3424 3249 3493 ἐπισκόποις,
3289 3429 3322 3499 ἢ
3357 3430 3658 3497 μετάθεσις

2072 3500 2286 3569 λέγεται
2319 3507 2499 3574 τοῦτο,
2534 3509 2565 3582 ἢ
2616 3513 2945 3581 μετάϐασις,
2980 3516 3010 3588 ἢ
3055 3519 3325 3584 ἐπίϐασις.

2146 3597 2256 3650 Καὶ
2292 3599 2583 3666 μετάθεσις
2610 3603 2710 3672 μέν
2738 3606 2877 3669 ἐστι,
2907 3608 2967 3659 τὸ
2990 3607 3051 3671 ἐξ
3092 3608 3379 3673 ἐλάττονος
3449 3612 3655 3684 ἐκκλη-

2076 3688 2201 3752 σίας
2237 3690 2318 3759 είς
2355 3692 2581 3759 μείζονα
2632 3698 2981 3765 χηρεύουσαν
3034 3700 3341 3771 ἀναχθῆναι
3387 3720 3520 3756 τινα
3549 3703 3654 3757 τῶν

2070 3781 2213 3850 λόγῳ
2269 3784 2368 3837 καὶ
2408 3787 2574 3858 σοφία
2621 3790 3036 3859 διαφερόντωνι,
3082 3795 3177 3846 καὶ
3211 3794 3310 3864 τὴν
3363 3795 3654 3851 εύσέὄειαν

2071 3873 2497 3930 κινδυνεύουσαν
2526 3878 2844 3947 δυναμένων
2871 3884 3148 3953 στηρίξαι,
3182 3880 3270 3939 οἷα
3296 3889 3483 3942 καὶτὰ
3512 3894 3654 3946 κατά

2068 3965 2164 4017 τὸν
2197 3967 2374 4035 μέγαν
2421 3968 2548 4039 ἔσχε
2591 3972 2923 4044 Γρηγόριον,
2962 3976 3053 4029 τὸν
3085 3977 3185 4047 τῆς
3234 3977 3526 4047 θεολογίας
3557 3986 3653 4037 ἐπ-

2067 4056 2305 4125 ώνυμον,
2348 4059 2415 4128 ἢν
2453 4060 2554 4112 οὐκ
2590 4061 2658 4115 ἄν
2711 4081 2796 4126 τις
2843 4065 2903 4119 εὖ
2958 4068 3171 4138 φρονῶν
3225 4071 3355 4143 εἴπῃ
3414 4073 3494 4143 μὴ
3543 4075 3651 4128 τῶν

2069 4149 2275 4219 σφόδρα
2310 4152 2720 4222 ἐπαινουμένων
2742 4152 2903 4213 εἶναι.

2140 4241 2312 4295 Τοῦτο
2354 4245 2450 4297 καὶ
2483 4244 2511 4295 ό
2536 4246 2595 4298 ιδ’
2626 4249 2735 4301 τῶν
2761 4250 2935 4316 ἁγίων
2961 4252 3272 4308 ἀποστόλων
3299 4257 3489 4311 κανὼν
3541 4259 3652 4312 τῶν

2068 4333 2384 4402 ἀναγκαίων
2419 4330 2563 4391 εἷναι
2601 4340 2799 4409 κρίνει,
2845 4343 2921 4411 μὴ
2974 4346 3175 4409 ἐξεῖναι
3213 4348 3391 4414 λέγων
3427 4350 3652 4404 ἐπίσκο-

2069 4440 2171 4477 πον
2202 4427 2579 4482 καταλιπόντα
2602 4430 2703 4501 τὴν
2735 4434 2931 4487 ἐαυτοῦ
2968 4439 3285 4509 παροικίαν,
3322 4441 3496 4513 ἑτέρᾳ
3533 4446 3653 4497 ἐπι·-

2050 4517 2267 4587 ’πηὸᾷν,
2306 4521 2407 4573 κᾶν
2470 4524 2576 4575 ὑπὸ
2629 4526 2893 4580 πλειόνων
2928 4530 3333 4601 ἀναγκάζηται,
3365 4536 3414 4587 εἰ
3450 4539 3525 4605 μή
3567 4554 3650 4598 τις

383 4598 728 4653 necessaria'
764 4613 886 4666 rpite
930 4612 1055 4650 eum
1112 4597 1179 4650 ad
1212 4597 1265 4650 id
1333 4598 1641 4653 iacientium
1726 4615 1958 4659 moveat:

2084 4612 2347 4679 Ιιναγκαία
2380 4617 2473 4683 εἴη
2511 4617 2661 4669 αἰτία
2713 4622 2745 4688 ή
2794 4620 2953 4674 τοῦτο
2982 4628 3157 4677 ποιεῖν
3186 4628 3351 4680 αὐτὸν
3380 4628 3648 4683 κατεπεί-

382 4690 462 4742 uti
498 4689 643 4757 quod
690 4704 877 4741 eorum
907 4688 999 4755 qui
1055 4689 1253 4743 ibidem
1281 4689 1508 4758 degunt,
1542 4692 1796 4761 pietatem
1832 4710 1961 4763 pro-

382 4794 604 4834 movere
633 4782 822 4848 possit.
867 4782 1038 4834 Porro
1106 4797 1211 4834 non
1252 4782 1502 4850 privatim
1541 4785 1824 4863 Ciigt‘dldus
1853 4797 1957 4851 est,

380 4874 475 4926 sed
522 4889 644 4925 cum
689 4873 985 4928 multorum
1018 4875 1404 4943 episcoporum
1442 4875 1651 4945 judicio
1682 4892 1735 4932 et
1766 4879 1961 4936 idonea

379 4964 787 5019 adhortatione.

460 5057 554 5111 Est
585 5069 767 5111 autem
825 5058 1116 5123 discessio,
1149 5060 1368 5128 quando
1400 5062 1689 5132 episcopus
1738 5066 1961 5136 aliquis,

378 5152 613 5209 ecclesia
650 5168 746 5205 sua
768 5169 795 5205 ιι
822 5152 1049 5222 paganis
1064 5156 1355 5221 prehensa.
1378 5170 1499 5208 cum
1524 5172 1794 5213 consensu
1815 5161 1965 5217 illius

382 5245 623 5311 regionis
655 5242 1064 5312 episcoporum,
1114 5244 1180 5297 ad
1214 5244 1375 5298 aliam
1428 5262 1653 5300 vacuam
1692 5250 1960 5320 discedit;

377 5337 527 5406 quod
558 5351 690 5390 sana
715 5335 861 5390 circa
895 5336 1053 5390 tidem
1077 5338 1435 5391 orthodoxam
1460 5342 1771 5407 cognitione
1798 5355 1849 5397 et
1882 5346 1960 5398 le-

378 5444 507 5499 gum
540 5428 1038 5482 ecclesiasticarum
1098 5429 1555 5501 decretorutnque
1596 5434 1825 5490 scientia
1859 5437 1962 5490 im-

378 5520 601 5575 buatur.
650 5520 791 5587 Quin
816 5532 871 5575 et
909 5522 1023 5576 haec
1076 5522 1209 5576 nulli
1271 5526 1683 5592 reprehensioni
1723 5529 1959 5584 obnoxia

375 5621 482 5668 est:
517 5614 597 5668 uti
631 5615 855 5669 disserit
887 5615 1130 5683 synodus
1195 5617 1452 5671 Antioch.
1505 5620 1560 5674 in
1594 5619 1734 5674 15οι
1763 5621 1834 5675 22
1865 5637 1961 5678 ca-

380 5721 547 5771 none,
579 5707 792 5765 dicens.
829 5722 934 5758 non
967 5716 1219 5772 oportere
1238 5708 1555 5776 episcopum
1575 5711 1640 5763 ad
1664 5709 1822 5766 aliain
1845 5728 1964 5783 pro-

384 5795 617 5851 vinciam
662 5795 958 5864 proﬁcisci,
1012 5806 1071 5850 et
1107 5796 1487 5852 ordinationes
1527 5797 1733 5864 facere,
1762 5802 1865 5856 nisi
1892 5803 1961 5857 ab

384 5888 550 5945 istius
575 5888 816 5954 regionis
851 5890 1106 5957 episeopo
1142 5889 1195 5945 id
1254 5892 1302 5946 ei
1354 5906 1679 5947 concessum
1750 5894 1957 5963 fuerit;

2066 4720 2264 4769 γουσα,
2300 4702 2390 4760 οἶα
2425 4709 2729 4778 δυνάμενον
2765 4716 2874 4776 τοῖς
2907 4716 3023 4768 ἐκεῖ
3052 4719 3122 4770 τά
3154 4737 3212 4785 γε
3246 4722 3325 4782 εἰς
3356 4723 3647 4779 εὐσέϐειαν

2067 4796 2454 4853 συλλαϐέσθαι
2489 4804 2582 4854 καὶ
2618 4805 2779 4857 τοῦτο
2815 4808 2871 4859 δέ
2923 4809 3022 4861 ούκ
3053 4813 3266 4864 οἴκοθεν
3294 4814 3516 4871 ἑλέσθαι
3542 4821 3644 4888 δεῖ,

2065 4887 2200 4940 ἀλλὰ
2224 4892 2315 4942 καὶ
2347 4893 2526 4962 κρίσει
2578 4897 2792 4951 πολλῶν
2823 4901 3163 4969 ἐπισκόπων,
3196 4909 3291 4960 καὶ
3336 4911 3500 4981 ίκανῇ
3542 4931 3647 4966 πα-

2068 4980 2330 5050 ρακλήσει
3328 4984 3332 4988 ’

2142 5073 2458 5131 Μετάϐασις
2509 5074 2608 5138 δὲ,
2660 5077 2790 5129 ὃταν
2842 5097 2924 5142 τις
2997 5084 3106 5137 τῶν
3162 5088 3502 5157 ἐπισκόπων,
3546 5097 3645 5167 τῆς

2064 5162 2359 5231 ἐκκλησίας
2402 5166 2567 5218 αὑτοῦ
2632 5171 3073 5242 καταληςοοείσης
3139 5179 3245 5231 ὑπὸ
3277 5182 3472 5247 ἐθνῶν,
3501 5188 3645 5254 γνῶ-

2067 5272 2141 5325 μῃ
2177 5255 2287 5307 τῶν
2321 5259 2459 5309 κατὰ
2487 5258 2584 5327 τὴν
2630 5260 2816 5331 χώραν
2862 5268 3179 5323 ἐπισκόπων
3214 5274 3295 5336 εἰς
3340 5280 3643 5346 σχολάζον.

2066 5364 2164 5398 σαν
2195 5347 2389 5417 ἑτέραν
2427 5352 2661 5421 μεταόᾔ,
2731 5354 2816 5406 διά
2856 5374 2913 5408 τε
2964 5359 3026 5410 τὸ
3073 5363 3203 5431 περὶ
3275 5365 3374 5435 τήν
3421 5369 3642 5437 ὀρθοδο-

2064 5436 2181 5502 ξίαν
2224 5439 2388 5490 αὑτοῦ
2442 5441 2617 5505 ὑγιὲς,
2688 5446 2782 5497 καὶ
2832 5448 2930 5515 τὴν
2981 5453 3091 5504 τῶν
3163 5456 3642 5527 ἐκκλησιαστικῶν

2062 5531 2374 5599 ἐπιστήμην
2449 5535 2632 5603 νόμων
2691 5554 2750 5590 τε
2827 5541 2923 5592 καῖ
2972 5544 3278 5612 δογμάτων.
3358 5552 3512 5622 Ἔχει
3580 5558 3640 5609 δὲ

2063 5622 2157 5676 καὶ
2216 5622 2353 5694 αὕτη
2386 5625 2603 5692 πάντως
2631 5629 2689 5682 τὸ
2744 5634 3126 5705 ἀνεπίκλητον,
3172 5638 3248 5703 ὡς
3298 5644 3330 5712 ή
3398 5648 3458 5698 ἐν
3517 5647 3640 5701 Ἀν-

2062 5717 2271 5787 τιοχεῖᾳ
2338 5718 2554 5784 σύνοδος
2610 5724 2668 5775 ἐν
2724 5724 2801 5795 τῷ
2863 5725 2929 5794 ιγ’
2987 5730 3170 5783 κανόνι
3232 5734 3330 5787 καὶ⁵
3400 5735 3483 5804 »ιβ’
3529 5740 3637 5794 διέ-

2065 5804 2224 5873 ξεισι,
2266 5809 2343 5880 μὴ
2377 5812 2506 5877 δεῖν,
2562 5814 2821 5882 λέγουσα,
2887 5820 3021 5888 πρὸς
3081 5823 3279 5893 ἑτέραν
3335 5828 3635 5886 ἐπίσκοπόν

2067 5899 2335 5969 ἐπαρχίαν
2366 5903 2586 5959 ἀπιέναι
2620 5908 2711 5960 καὶ
2741 5909 3073 5979 χειροτονίας
3114 5918 3312 5986 ποιεῖν,
3342 5920 3389 5973 εί
3423 5921 3497 5991 μή
3528 5936 3632 5975 που
