3902 6578
214 452 336 515 1063

1174 434 1575 504 SYNTAGMA
1626 428 2249 498 ALPIIABETlCUM.
2291 457 2360 469 -’
2392 434 2461 493 Α.

3288 426 3424 491 ἰυύό

212 557 608 631 παραλιυρηθεξη
663 556 797 627 πρὸς
849 554 943 612 τοῦ
997 556 1295 611 ἐπισκόπου
1344 556 1442 626 τῆς
1482 553 1751 625 ἐπαρχίας

1879 570 2036 617 ecus,
2068 551 2446 607 ordinationes
2472 553 2527 602 et
2584 543 2688 599 alia
2724 560 2846 615 quae
2886 544 2953 599 ab
2990 557 3056 599 eo
3100 542 3239 599 iacta
3276 555 3427 613 sunt,

208 655 401 722 ἐκείνης
418 669 431 682 ⁸
459 654 506 704 εἰ
530 650 574 703 δ’
603 649 717 711 οὖν,
745 650 838 702 καὶ
863 649 959 714 τὰς
985 649 1339 719 χειροτονίας,
1366 650 1459 702 καὶ
1484 647 1552 701 τὰ
1576 647 1749 730 ἄλλως

1854 647 2009 703 irrita
2044 659 2188 708 esse,
2228 656 2468 714 eumque
2503 636 2836 709 depositioni
2905 634 3335 705 subjiciendum,
3369 646 3429 692 ut

210 750 291 802 ὑπ’
322 747 480 802 αὐτοῦ
510 745 856 817 πραττόμενα
894 744 1189 815 τυγχάνειν
1220 743 1423 813 ἄκυρα,
1463 741 1559 795 καὶ
1586 739 1751 794 αὑτὸν

1879 738 1948 811 ιιιί
1980 726 2222 793 scandali
2262 742 2315 789 et
2376 728 2804 803 perturbationis
2863 742 3033 784 causa
3071 727 3322 785 evaserit.

207 838 508 908 καθαιρέσει
565 837 1111 905 καθυπδὰλλεσθαι,
1170 837 1249 901 ὡς
1305 834 1603 890 σκανδάλου
1659 836 1753 888 καὶ

209 929 437 998 τεραχῆς
473 928 559 982 αῖτ
568 946 647 981 ιον
678 927 1018 999 ὑπάρξαντα.

280 1020 552 1081 Ἐπίσασις
590 1019 648 1072 δέ
685 1021 834 1072 ἐστιν
879 1019 913 1088 ἡ
968 1016 1112 1071 κατὰ
1148 1012 1499 1085 αὐτονομίαν,
1612 1014 1754 1069 κατά

207 1129 315 1164 τινα
340 1109 549 1181 φαύλην
595 1110 908 1178 οἰκονομίαν
943 1107 1039 1163 τοῦ
1067 1108 1265 1179 σχολὴν
1301 1108 1561 1176 ἄγοντος,
1596 1108 1630 1178 ἢ
1662 1107 1757 1161 καὶ

206 1201 287 1255 τοῦ
327 1200 537 1272 ἔχοντος
601 1202 897 1274 ἐκκλησίαν
951 1203 1259 1257 ἐπισκόπου
1310 1201 1447 1273 πρὸς
1495 1200 1758 1273 χηρεύου-

209 1310 294 1346 σαν
346 1292 642 1366 ἐκκλησίαν
694 1294 1005 1367 παράλογος
1056 1294 1434 1363 ἐπεισαγωγὴ,
1464 1294 1530 1363 ἣν
1568 1291 1758 1346 τοσοῦ-

206 1402 286 1438 τον
313 1384 664 1451 ἐδδελύξαντο
698 1387 748 1439 οἰ
778 1386 835 1439 ἐν
864 1385 1104 1458 Σαρδικῇ
1136 1385 1270 1439 θεῖοι
1319 1384 1583 1455 Πατὲρες,
1615 1383 1759 1437 ὥστε

208 1474 286 1525 καὶ
310 1472 671 1545 ἀκοινώνητον
701 1472 843 1529 εἶναι
891 1477 1059 1528 παντὶ
1111 1474 1428 1546 Χριστιανῷ
1461 1474 1551 1526 τόν
1587 1474 1759 1545 ἐργά-

208 1580 294 1635 την
337 1566 539 1633 ταύτης
589 1566 934 1641 διωρίσαντο,
969 1566 1063 1620 καὶ
1124 1565 1257 1636 μηδέ
1291 1567 1349 1618 ἐν
1399 1567 1517 1630 ταῖς
1570 1565 1759 1618 τελευ-

208 1655 371 1718 ταίαις
399 1654 701 1720 ἀναπνοαῖς
735 1656 935 1727 λαῖκῆς
962 1655 1097 1726 γοῦν
1134 1656 1419 1721 κοινωνίας
1450 1656 1760 1724 ἀξιοῦσθαι.

272 1744 440 1809 Εὐθὺς
477 1748 589 1818 γὰρ
615 1748 674 1801 ἐν
711 1748 787 1818 τῷ
820 1748 869 1800 α’
896 1748 1105 1808 κανόνι.
1133 1750 1229 1803 καὶ
1258 1750 1444 1819 μέντοι
1472 1749 1564 1802 καὶ
1588 1748 1664 1818 τῷ
1693 1744 1760 1819 β’,

208 1836 333 1892 οὕτω
356 1840 519 1907 φασί’
560 1840 749 1910 μηδενί
787 1841 899 1894 τῶν
948 1843 1267 1896 ἐπισκόπων
1298 1841 1498 1907 ἐξεῖναι
1533 1841 1631 1912 τὴν
1666 1842 1764 1895 πό·

207 1928 301 1995 λιν,
334 1924 444 2002 ἐνῇ
494 1907 938 2001 κεάειροτόνητο,
978 1932 1374 1997 καταλιπόντα,
1402 1932 1539 2002 πρὸς
1566 1907 1759 2003 ἑτέραν
1792 1907 1841 1967 Β

211 2020 495 2089 μεταϐῆναι
518 2037 533 2050 ·
562 2022 862 2092 τεκμήριον
888 2022 997 2093 γὰρ
1045 2022 1363 2089 ἀλαζονείας
1396 2028 1492 2080 καί
1542 2025 1762 2077 πλεονε-

211 2111 316 2177 ξίας
341 2114 588 2185 ἀτέχνως
645 2114 987 2185 καθέστηκεν
1025 2115 1058 2185 ἡ
1093 2114 1272 2169 τοιάδε
1314 2116 1637 2185 μετάϐασις,
1671 2118 1765 2171 καὶ

208 2204 348 2276 δίξης
385 2207 551 2277 κενῆς
602 2206 828 2276 ἔφεσις,
880 2207 977 2261 καὶ
1026 2206 1119 2260 τοῦ
1174 2206 1396 2262 πλείονα
1460 2209 1765 2281 κτήσασθαι

212 2300 514 2370 πράγματα’
553 2300 677 2353 ἐπεί
726 2299 809 2353 τοί
856 2317 919 2369 γε
948 2301 1063 2365 πῶς
1100 2301 1200 2372 οὔχ
1233 2296 1465 2372 εὕρηταί
1503 2299 1588 2368 τίς
1630 2322 1763 2359 ποτε

214 2391 268 2441 ἐκ
319 2389 564 2458 μεὲζονος
616 2390 829 2453 πόλεως
874 2392 956 2455 εἰς
1006 2391 1276 2446 ἐλάσσονα
1333 2392 1763 2465 μεταϐεϐηκὼς;

212 2478 349 2530 ταῦτ’
392 2480 499 2550 ἄρα
553 2479 649 2533 καὶ
703 2480 914 2557 δίκαιος
944 2480 1012 2535 ἂν
1046 2481 1074 2533 ὀ
1113 2482 1354 2546 τοιοῦτος
1384 2482 1492 2555 εἴη,
1520 2484 1617 2554 τῆς
1658 2486 1765 2541 τῶν

214 2570 403 2624 πιστῶν
436 2571 808 2626 ἐκκόπτεσθαι
841 2573 1205 2644 ὀμηγύρεως*
1237 2574 1287 2627 εἰ
1331 2573 1389 2627 δέ
1439 2577 1533 2628 καὶ
1581 2575 1766 2640 δόλους

214 2662 352 2732 ἁλοίη
392 2665 640 2733 βάπτων,
676 2666 833 2738 φησί,
893 2667 989 2720 καὶ
1030 2666 1574 2736 κατασκευαζόμενος
1603 2707 1618 2730 ,
1671 2672 1766 2723 καὶ

217 2753 442 2823 χρήμασί
475 2772 631 2818 τινας
658 2755 1008 2828 ὑποφθείρων
1037 2757 1348 2824 ἀναπείθει,
1382 2758 1604 2822 στάσεις
1625 2759 1767 2813 κατά

217 2844 302 2911 τὴν
350 2846 644 2918 ἐκκλησίαν
705 2848 981 2918 ἐγείρειν,
1051 2848 1150 2920 τὴν
1204 2850 1369 2904 αὐτοῦ
1427 2848 1765 2922 προστασίαν

219 2936 610 3008 ἐπιζητοῦντας,
640 2939 772 3011 μηδὲ
800 2936 1046 3013 θνήσκων
1078 2942 1177 3014 τῆς
1207 2943 1316 2996 τῶν
1345 2942 1552 2997 λαῖκῶν
1582 2941 1767 3005 ἀξιού-

221 3029 318 3082 σθω
348 3032 651 3096 κοινωνίας
686 3034 783 3088 καὶ
808 3034 918 3087 τῶν
940 3034 1149 3088 πιστῶν
1182 3036 1289 3108 γὰρ
1308 3034 1444 3100 ὅλως
1472 3034 1766 3108 ἐνάριθμον

220 3117 341 3175 εἶναι
366 3124 554 3178 τοῦτον
580 3124 680 3178 οὐκ
711 3125 985 3198 ἀνέχεται.

293 3212 346 3266 '0
382 3214 438 3268 δέ
464 3216 565 3285 τῆς
595 3215 855 3288 δευτέρας
885 3217 1105 3271 συνόδου
1156 3216 1201 3288 β’
1236 3218 1363 3281 τοὺς
1399 3216 1539 3288 ὑπὲρ
1566 3214 1769 3289 διοίκη-
1796 3257 1841 3320 c

226 3319 298 3357 σιν
318 3305 673 3370 ἐπισκόπους,
727 3309 848 3371 ταῖς
899 3307 1221 3379 ὑπερορίαις
1268 3306 1608 3378 ἐκκλησίαις,
1648 3309 1769 3372 ταῖς

226 3394 347 3467 ὑπὲρ
384 3401 451 3451 τὰ
524 3399 732 3473 ἑκάστῃ
792 3398 991 3469 δηλαδὴ
1048 3398 1411 3471 ἁφωρισμένα
1488 3399 1772 3468 κειμέναις

223 3486 347 3559 όρια,
376 3490 647 3562 ἀκλήτους
696 3490 943 3555 θεσπίζει
997 3490 1072 3562 μὴ
1117 3491 1327 3545 ἐπιέναι
1358 3533 1371 3556 ,
1407 3488 1506 3562 τὴν
1539 3489 1773 3545 ἄτακτον

225 3581 382 3637 αὐτῶν
402 3584 817 3656 καὶλῃστρικὴν
838 3583 1022 3653 ἔφοδον
1043 3582 1293 3638 ἐντεῦθεν
1312 3584 1610 3653 ἐμφαίνων·
1638 3582 1774 3655 μηδέ

226 3674 426 3741 ταύταις
468 3677 754 3746 ἐπιδημεῖν
788 3677 880 3730 ἐπὶ
905 3677 1207 3749 χειροτονίᾳ.
1239 3677 1274 3749 ἢ
1320 3676 1483 3747 ἑτέρα
1529 3676 1773 3747 onssz

230 3762 453 3834 ίερατικῇ
480 3767 783 3838 διοικήσειε
825 3767 924 3829 τὰς
965 3767 1151 3837 μέντοι
1186 3765 1312 3820 καθ’
1338 3767 1577 3837 ἑκάστην
1604 3766 1777 3838 ἐπαρ-

228 3859 337 3923 χίαν
379 3858 841 3928 ἐκκλησιαστικέις
879 3858 1195 3930 διοικήσεις,
1221 3858 1458 3930 ψήφους,
1494 3860 1659 3930 φημὶ,
1678 3858 1776 3913 καὶ

228 3949 560 4014 χειροτονίας,
607 3948 703 4001 καὶ
746 3948 1088 4019 ἀμφιϐολιῶν
1116 3949 1321 4014 λύσεις,
1350 3950 1408 4002 ἐν
1447 3950 1774 4020 ἀφορισμοῖς

229 4034 576 4109 δεικνυμένας
617 4039 717 4093 καὶ
754 4038 1056 4110 ἐπιτιμίοις
1077 4080 1093 4105 ,
1125 4040 1221 4093 καὶ
1247 4039 1454 4101 λοιποῖς
1485 4037 1772 4101 τοιούτοις,

229 4129 313 4196 τὴν
337 4128 569 4201 ἐκάστης
612 4132 882 4203 ἐπαρχίας
918 4131 1228 4201 οἰκονομεῖν
1261 4129 1502 4184 σύνοδον*
1534 4128 1598 4182 τὸ
1623 4128 1680 4183 δέ
1708 4143 1774 4198 γε

231 4218 333 4283 ἔθος
357 4225 581 4292 κρατεῖν
609 4223 718 4276 τῶν
749 4224 806 4276 ἐν
831 4225 944 4283 τοῖς
971 4220 1266 4294 βαρϐάροις
1299 4219 1480 4275 ἔθνεσι
1502 4222 1776 4292 κειμένων

231 4311 533 4385 ἐκκλησιῶν,
582 4315 722 4369 ὥστε
757 4315 1149 4378 ἁνενδοιάστως
1189 4314 1479 4385 ἐπιφοιτᾷν
1528 4314 1628 4368 καὶ
1656 4316 1777 4380 ταῖς

231 4407 323 4459 τῶν
366 4409 539 4463 ἄλλων
589 4409 898 4478 ἐκκλησιῶν
938 4408 1273 4480 παροικίαις,
1304 4406 1358 4460 εί
1390 4424 1476 4472 τις
1529 4407 1589 4460 ἐν
1632 4407 1777 4479 λόγῳ

233 4498 572 4570 διαὶάμπων,
627 4501 754 4564 τοὺς
825 4500 1046 4566 λοιποὺς
1097 4499 1474 4572 ἐπιστηρίζειν
1532 4498 1778 4555 δύναιτω

1928 1006 2024 1062 Est
2065 1005 2302 1076 denique
2348 998 2564 1058 invasio
2605 998 2848 1071 episcOpl
2897 1001 3027 1056 sede
3078 1000 3317 1075 carentis
3346 1005 3430 1055 vel

1857 1098 2147 1157 ecclesiam
2179 1094 2454 1158 habentis,
2485 1092 2542 1148 in
2583 1092 2800 1147 viduam
2851 1089 3166 1158 ecclesiam,
3214 1100 3435 1161 propter

1861 1189 2233 1247 autonomiam
2277 1186 2360 1240 rel
2422 1185 2624 1240 malum
2680 1184 2900 1255 aliquod
2956 1184 3291 1250 institutum,
3339 1185 3434 1240 al;-

1860 1282 2029 1339 surda
2084 1278 2437 1336 introductio.
2495 1278 2668 1345 Quam
2726 1274 2951 1349 quidem
2995 1276 3171 1333 saneti
3244 1275 3435 1332 Patres

1861 1376 1917 1430 iu
1961 1367 2172 1429 Sardic.
2202 1371 2412 1444 synodo
2451 1369 2587 1425 adeo
2650 1369 3062 1434 abominarunt,
3099 1378 3157 1423 ut
3222 1378 3434 1424 statue-

1861 1475 2002 1534 rent,
2032 1481 2157 1521 eum
2191 1463 2284 1535 qui
2320 1464 2423 1518 hoc
2460 1462 2674 1526 iecerit,
2707 1463 2774 1517 ab
2800 1461 2948 1516 omni
2986 1460 3433 1517 Clit‘iStianortttii

1861 1550 2249 1614 communione
2279 1555 2519 1610 alienum
2573 1568 2716 1618 esse,
2746 1562 2802 1609 et
2858 1569 3036 1624 neque
3103 1553 3156 1607 in
3190 1566 3436 1609 extremo

1863 1651 2057 1722 spizitu
2092 1649 2355 1704 laicorum
2390 1639 2781 1703 communione
2812 1646 3042 1716 dignum
3098 1646 3436 1701 habendum.

1934 1743 2040 1814 23
2067 1742 2262 1798 Statim
2295 1741 2441 1796 enim
2483 1741 2538 1795 in
2582 1741 2602 1793 l
2660 1748 2719 1795 et
2756 1739 2792 1793 2
2847 1754 3058 1795 canone
3104 1740 3187 1797 sic
3226 1740 3437 1801 dicunt.

1865 1835 2001 1890 nulli
2035 1834 2291 1904 episcopo
2353 1830 2537 1897 licere,
2572 1832 2811 1887 eivitate'
2843 1832 2899 1887 in
2943 1848 3048 1904 qua
3087 1833 3438 1889 ordinabatur
3482 1870 3485 1873 ι

1871 1920 2078 1990 relicta,
2106 1925 2172 1979 ad
2222 1924 2384 1979 aliam
2416 1923 2682 1991 transire;
2706 1924 2907 1979 etenim
2936 1923 3248 1995 liujusmodi
3284 1925 3439 1980 inva-

1871 2018 1973 2086 sio,
2003 2025 2057 2072 et
2078 2015 2256 2071 inanis
2277 2015 2463 2087 gloriae
2488 2017 2751 2086 pluraque
2770 2016 3083 2086 possidendi
3104 2017 3439 2073 desiderium

1870 2107 2235 2164 certissimum
2265 2116 2349 2164 est
2390 2107 2661 2178 superbia:
2690 2116 2743 2163 et
2775 2107 3104 2179 arrogantiae
3157 2108 3439 2164 iudicium.

1870 2196 2026 2253 Unde
2060 2197 2206 2254 enim
2236 2196 2317 2261 iit,
2356 2196 2501 2266 quod
2548 2211 2713 2251 nemo
2761 2212 3000 2267 unquam
3052 2196 3310 2252 inventus
3336 2206 3439 2261 est,

1871 2282 1962 2360 qui
2020 2303 2051 2342 a
2099 2287 2291 2359 majori
2353 2288 2421 2343 ad
2476 2286 2743 2344 minorem
2808 2289 3087 2345 civitatem
3131 2289 3445 2345 transierit?

1871 2379 2052 2446 Quare
2078 2395 2289 2451 aequum
2316 2391 2400 2435 cst
2432 2389 2511 2441 ut.
2537 2382 2629 2451 qui
2662 2381 2976 2450 hujusmodi
3002 2391 3103 2448 est,
3135 2398 3166 2438 a
3202 2382 3440 2437 ﬁdeliqu

1873 2482 2018 2527 metu
2068 2472 2438 2527 abscindatur.
2493 2471 2650 2539 Quod
2685 2473 2727 2526 si
2777 2472 2951 2540 dolos,
2991 2473 3186 2544 inquit,
3230 2483 3444 2528 struere

1871 2572 1927 2617 et
1951 2563 2249 2618 machinari
2292 2564 2672 2633 deprehensus
2726 2563 2913 2629 fuerit,
2946 2573 3002 2619 et
3048 2563 3293 2635 pecuniis
3344 2565 3442 2620 ali-

1872 2670 2011 2725 quos
2062 2670 2417 2727 corrumpere
2445 2656 2497 2709 in
2530 2656 2774 2711 animum
2808 2655 3104 2723 induxerit,
3136 2667 3191 2711 ut
3220 2656 3446 2713 seditio.

1873 2762 1971 2803 nes
2001 2748 2054 2801 in
2098 2749 2326 2804 ecclesia
2362 2755 2615 2803 moveant
2640 2748 2884 2820 ejusdem
2934 2748 3299 2820 principatum
3351 2766 3448 2822 ap-

1874 2847 2140 2910 petentes,
2170 2839 2215 2893 is
2246 2854 2424 2912 neque
2448 2841 2746 2897 moriturus
2774 2841 3030 2898 laicorum
3059 2842 3446 2899 communione

1873 2930 2069 3003 dignus
2097 2932 2401 2999 habeatur;
2433 2942 2492 2987 ut
2516 2933 2662 2989 enim
2688 2934 2783 3004 qui
2815 2942 2898 2988 est
2920 2934 3188 3006 ejusmodi
3219 2935 3445 2991 omnino

1873 3024 1930 3079 in
1962 3038 2193 3081 numero
2218 3024 2464 3081 tldelium
2494 3025 2564 3081 sit
2592 3041 2702 3081 non
2729 3031 2813 3082 est
2842 3027 3148 3082 ferendum.

1944 3212 2132 3268 Canon
2157 3216 2338 3267 autem
2363 3212 2399 3266 9.
2426 3229 2543 3285 531i.
2574 3228 2610 3267 ιι
2640 3212 2855 3279 statuit,
2900 3222 2961 3269 ut
3004 3212 3247 3285 episcopi
3301 3213 3442 3269 ultra

1871 3305 2135 3362 ditecesin
2184 3305 2443 3361 ecclesias
2472 3313 2620 3361 extra
2653 3321 2782 3361 suos
2810 3304 3095 3370 terminos,
3134 3322 3256 3378 quze
3304 3307 3447 3363 scili-

1872 3409 1961 3455 cet
1996 3410 2145 3455 extra
2184 3401 2321 3454 lines
2358 3393 2581 3455 cuilibet
2617 3395 2871 3455 delinitos
2915 3400 3105 3471 posita
3134 3409 3285 3465 sunt,
3334 3417 3444 3458 non

1874 3492 2047 3548 vocati
2072 3507 2413 3563 nequaquam
2455 3495 2691 3558 adeant;
2740 3490 3109 3548 inordinatum
3168 3492 3364 3549 exinde
3392 3502 3447 3548 et

1872 3583 2256 3658 praedatorium
2291 3594 2479 3639 eorum
2529 3598 2805 3641 accessum
2862 3582 3143 3650 indicans;
3208 3600 3311 3639 nec
3353 3600 3448 3640 eas

1873 3674 1942 3731 ad
1964 3674 2323 3729 ordinandum
2352 3682 2444 3729 aut
2468 3674 2631 3729 aliam
2656 3674 2954 3745 quamlibet
2973 3690 3181 3731 sacram
3214 3675 3449 3731 iunctio-

1876 3780 2001 3820 nem
2033 3763 2392 3819 esercendam
2443 3763 2847 3835 ingrediantur.
2880 3762 3107 3834 insuper
3164 3774 3223 3819 ut
3268 3764 3448 3821 cccle-

1876 3855 2095 3912 siastiea
2127 3856 2391 3925 cujusque
2421 3856 2717 3927 provincia:
2747 3856 2981 3928 negotia,
3035 3856 3297 3913 nimirum
3331 3859 3448 3914 ele-

1873 3944 2104 4015 ctiones,
2129 3947 2521 4013 ordinationes,
2566 3952 2621 4003 et
2653 3947 2721 4003 de
2767 3948 3446 4019 excommunicationibus,

1874 4040 2073 4112 poenis,
2113 4039 2341 4110 aliisque
2397 4039 2688 4109 ejusmodi,
2750 4040 3246 4097 controversiarum
3304 4042 3450 4100 deci-

1875 4133 2077 4200 siones,
2139 4132 2326 4205 synodi
2380 4134 2647 4205 cujusque
2719 4132 3070 4205 provincialis
3125 4134 3449 4191 auctoritate

1876 4222 2339 4279 administrentur.
2369 4221 2540 4279 Porro
2583 4234 2644 4279 ut
2672 4224 2814 4295 quod
2859 4223 2927 4280 ad
2963 4223 3220 4280 ecclesias
3256 4224 3451 4281 attinet

1876 4331 1998 4387 quae
2022 4317 2166 4371 inter
2185 4317 2442 4373 barbaras
2471 4326 2661 4388 gentes
2696 4317 2888 4387 positae
2916 4327 3066 4384 sunt,
3104 4318 3449 4374 consuetudo

1877 4418 2131 4465 set-retur
2166 4425 2179 4463 τ
2218 4418 2279 4465 ιιι
2323 4410 2530 4475 absque
2556 4410 2705 4464 omni
2757 4410 3094 4474 difﬁcultate,
3138 4411 3181 4467 si
3213 4411 3335 4482 quis
3363 4410 3451 4466 di-

1881 4501 2042 4555 cendi
2072 4500 2330 4555 facultate
2370 4500 2581 4571 pollens
2609 4500 2850 4571 reliquos
2905 4499 3228 4557 conﬁrmare
3252 4501 3447 4572 possit.

232 4591 371 4645 τοῦτο
417 4593 473 4646 δέ
519 4592 939 4665 συγκεχώρηται
995 4592 1147 4663 παρὰ
1191 4592 1252 4645 τὸ
1302 4590 1377 4662 μὴ
1419 4586 1559 4645 εῖναι
1614 4592 1771 4646 κὰκεί

1880 4588 1938 4644 in
2029 4589 2331 4644 alienarum
2408 4588 2760 4645 ecclesiarum
2824 4588 3091 4661 partecias
3159 4599 3447 4647 commeat.

235 4686 541 4750 ἐπισκόπους
574 4686 930 4759 ἀποχρῶντας
958 4685 1039 4749 εἰς
1083 4683 1299 4738 συνόδου
1331 4683 1624 4753 πλήρωμα.

307 4868 359 4924 '0
397 4870 449 4924 δέ
495 4870 592 4940 τῆς
624 4869 791 4938 ἐκτης
847 4867 1068 4922 συνόδου
1099 4864 1147 4921 κ’
1186 4866 1473 4939 ἐπισκόπῳ
1504 4866 1778 4920 διδάσκειν

238 4959 289 5013 ἐν
322 4963 466 5015 πόλει
502 4962 737 5032 δημοσίᾳ
764 4961 866 5014 οὐκ
910 4960 1200 5031 ἐπιτρέπει
1224 4961 1290 5028 τῇ
1324 4958 1501 5029 τούτῳ
1539 4957 1613 5029 μὴ
1644 4959 1778 5011 ὑπο-

240 5056 446 5127 κειμένη
470 5071 486 5087 ο
546 5054 653 5125 ἰδίᾳ
709 5053 892 5121 μέντοι
922 5057 1013 5106 τὸν
1082 5052 1140 5104 ἐν
1195 5050 1334 5121 αὐτῇ
1376 5049 1665 5120 ἐρωτῶντα
1698 5049 1778 5103 δι-

240 5142 400 5209 δάξαι,
429 5147 520 5200 καὶ
562 5147 749 5215 μέντοι
798 5145 893 5196 καὶ
932 5143 1171 5214 δημοσίᾳ
1206 5141 1304 5195 τοῦ
1342 5141 1613 5213 ἐγχωρίου
1658 5142 1781 5194 ἐπι-

242 5236 515 5305 τρέψαντος
535 5235 860 5302 ἐπισκόπου,
884 5234 962 5288 ἐτι
986 5234 1043 5288 δέ
1075 5234 1171 5287 καὶ
1198 5232 1532 5304 χειροτονίας
1555 5232 1783 5303 ποιῆσαι

245 5322 296 5373 ού
341 5324 658 5379 κεκώλυται.
703 5323 766 5377 Εἰ
794 5322 851 5376 δέ
894 5340 978 5387 τις
1013 5322 1163 5394 παρά
1191 5323 1389 5389 ταῦτα,
1422 5326 1579 5392 φησι,
1612 5324 1785 5394 πράτ-

245 5426 336 5465 των
365 5414 661 5484 φωραθείη,
691 5413 792 5481 τῆς
838 5412 935 5482 μέν
979 5412 1288 5484 ἐπισκοπῆς
1314 5412 1593 5482 παυέσθω,
1632 5412 1700 5468 τὰ
1726 5413 1784 5468 δέ

248 5502 327 5555 τοῦ
388 5490 759 5577 πρεσϐυτέρου
821 5504 1160 5577 ἐνεργείτω,
1211 5505 1539 5578 ἀντίρροπον
1600 5505 1680 5578 τῷ
1727 5503 1787 5571 ἐξ

250 5596 506 5666 ἐπάρσεως
540 5600 847 5671 πταίσματι
875 5599 975 5671 τὴν
1015 5600 1074 5654 ἐν
1111 5598 1189 5670 τῷ
1231 5598 1641 5671 πρεσϐυτερείῳ
1685 5615 1787 5652 τα-

252 5687 481 5744 πείνωσιν
506 5691 845 5761 ὑπενεγκών’
877 5691 1000 5745 ἐπεὶ
1038 5693 1134 5745 καί
1157 5690 1227 5744 τὰ
1254 5690 1475 5744 ἐναντία
1499 5690 1609 5744 τῶν
1633 5691 1789 5744 ἐναν-

253 5780 366 5832 τίων
393 5783 542 5854 ῖσμεν
573 5784 780 5853 ἰάματα
803 5800 818 5816 ·
851 5784 914 5837 ού
944 5783 1053 5856 γὰρ
1092 5782 1220 5838 ἄλλο
1250 5801 1304 5837 τι
1336 5781 1508 5855 τούτῳ
1536 5782 1789 5855 ἡμάρτη-

257 5883 336 5924 ται
368 5874 567 5941 τελείας
604 5876 756 5941 ἄξιον
788 5874 1191 5945 καθαιρέσεως.

544 5972 812 6032 Ρετιιοι..
861 5970 976 6030 Gn.
1023 5962 1283 6047 CXLIV.

1879 4679 1994 4735 Hoc
2019 4688 2198 4734 autem
2226 4679 2272 4754 ei
2297 4693 2615 4735 concessum
2645 4685 2750 4745 est,
2796 4680 2938 4751 quod
2961 4696 3070 4736 non
3107 4680 3216 4736 sint
3248 4679 3449 4737 ibidem

1881 4771 2120 4842 episcopi
2136 4769 2226 4841 qui
2245 4772 2416 4843 plenae
2441 4773 2642 4844 synodo
2657 4773 2909 4844 c03end.e
2931 4773 3064 4830 satis
3085 4788 3205 4830 esse
3221 4772 3449 4846 possint.

1951 4864 2140 4932 Porro,
2174 4863 2247 4919 ει)
2276 4880 2327 4921 \‘l
2357 4882 2475 4938 syn.
2511 4881 2686 4921 canon
2742 4866 2999 4937 episcopo
3028 4866 3084 4920 in
3136 4866 3356 4923 civitate
3384 4867 3451 4922 ad

1882 4971 1943 5012 se
1971 4971 2081 5011 non
2132 4958 2440 5028 pertinente
2480 4958 2696 5030 publice
2745 4959 2943 5014 docere
2992 4974 3103 5013 non
3145 4959 3449 5030 permittit;

1883 5044 2133 5117 privatim
2168 5056 2350 5102 autem
2412 5045 2839 5120 interrogantem
2874 5048 3092 5115 docere,
3139 5058 3192 5105 et
3236 5049 3453 5120 publice

1883 5137 2049 5192 etiam
2070 5152 2193 5193 cum
2224 5137 2460 5211 regionis
2489 5137 2649 5195 istius
2674 5138 2917 5211 episcopi
2950 5138 3327 5209 permissione,
3352 5156 3457 5194 nec

1886 5243 1999 5284 non
2030 5228 2405 5285 ordinationes
2452 5228 2632 5286 facere
2688 5245 2796 5287 non
2825 5231 3171 5302 prohibetur.
3231 5230 3287 5286 Si
3335 5231 3457 5303 quis

1890 5328 2072 5376 autem
2120 5326 2318 5392 prater
2364 5321 2482 5377 haec
2528 5320 2705 5378 facere
2729 5321 3107 5394 deprehensus
3150 5321 3335 5386 fuerit,
3388 5320 3457 5373 ab

1890 5412 2204 5484 episcopatu
2244 5423 2443 5477 cesset,
2488 5415 2791 5486 presbyteri
2823 5432 2952 5471 vero
2982 5430 3207 5471 munere
3262 5413 3457 5484 iunga-

1890 5513 2022 5574 tur;
2056 5505 2489 5562 liumiliationem
2547 5508 2756 5564 scilicet
2804 5508 2861 5563 in
2899 5507 3238 5580 presbyterio
3283 5504 3458 5576 ςιιινιο

1891 5612 1958 5652 ex
1988 5599 2243 5669 superbia
2272 5599 2468 5672 genitae
2496 5602 2799 5673 oppositam
2831 5617 3047 5672 passus.
3078 5599 3292 5656 Scimus
3313 5601 3455 5652 enim

1894 5690 2169 5745 contraria
2228 5692 2517 5749 contrariis
2565 5693 2769 5749 sanari.
2820 5691 3008 5763 Neque
3030 5691 3177 5747 enim
3208 5688 3355 5744 aliud
3391 5689 3459 5743 ab

1892 5793 1960 5837 eo
1991 5790 2272 5851 peccatum
2312 5792 2396 5841 est
2421 5784 2659 5857 perlecta
2692 5784 3028 5857 depositione
3060 5781 3303 5854 dignum.

2904 5967 2974 6031 34
