3902 6600
383 465 522 538 106⁵1

375 676 655 748 Episcopi,
693 674 893 745 inquit,
927 676 1021 744 qui
1050 674 1337 731 ordinibus
1388 676 1629 746 insigniti
1687 677 1751 731 ad
1789 693 1945 747 paro-

373 770 550 826 chiam
584 768 639 822 in
691 782 851 837 quam
905 767 1349 834 nominabantur,
1407 768 1632 833 abeunt,
1668 785 1697 823 a
1749 770 1948 839 pepulo

375 873 554 916 autem
583 860 781 915 ibidem
812 859 1041 929 degente
1077 859 1339 916 terminos
1397 860 1518 929 ejus
1576 859 1785 930 ingredi
1836 874 1946 914 non

373 950 645 1022 permissi,
681 951 747 1003 ad
773 948 908 1004 alias
929 948 1128 1005 exinde
1157 950 1448 1018 proﬁcisci,
1468 959 1519 1005 et
1542 949 1815 1019 episc0pis
1834 949 1948 1003 illa-

372 1058 492 1096 rum
525 1041 630 1095 vim
664 1039 887 1105 inferre,
922 1050 976 1095 et
1015 1040 1313 1096 seditiones
1359 1052 1579 1095 movere
1617 1039 1732 1093 ausi
1796 1048 1946 1103 sunt,

370 1140 741 1203 segregentur.
774 1130 926 1197 Quod
976 1131 1020 1185 si
1048 1130 1165 1185 solo
1192 1131 1400 1185 honore
1424 1140 1478 1184 et
1507 1129 1765 1183 cathedra
1792 1142 1946 1198 pres-

368 1223 682 1296 byterorum
723 1224 963 1278 οοιιῑοιιιί
1008 1238 1131 1279 esse
1178 1222 1470 1289 voluerint,
1506 1223 1559 1277 in
1595 1237 1661 1276 eo
1696 1223 1816 1275 loco
1853 1220 1947 1274 ubi

370 1318 522 1389 prius
560 1327 715 1372 erant
743 1318 1046 1388 presbyteri
1075 1325 1352 1385 maneant,
1388 1314 1742 1386 tranquillam
1779 1314 1945 1368 vitam

370 1418 615 1484 agentes.
644 1410 799 1478 Quod
833 1411 875 1465 si
913 1411 967 1465 in
1018 1412 1303 1489 episcopos
1336 1410 1437 1466 sibi
1466 1409 1750 1479 praefectos
1798 1407 1943 1461 sedi-

374 1502 495 1555 tiosi
531 1503 903 1568 inveniantur,
954 1503 1250 1573 presbyteri
1304 1517 1522 1573 quoque
1578 1501 1787 1556 honore
1837 1499 1948 1570 pri-

371 1602 591 1659 ventur,
615 1604 669 1649 ct
698 1595 954 1666 gradibus
975 1594 1360 1652 ecclesiasticis
1385 1595 1663 1651 excidant.

442 1783 631 1839 Canon
658 1793 839 1839 autem
864 1781 928 1837 l6
965 1781 1153 1855 synodi
1178 1781 1552 1847 Antiochenar,
1575 1779 1678 1848 Qui
1699 1795 1945 1850 prorsus,

368 1876 567 1944 inquit,
596 1891 661 1930 ex
693 1874 1008 1944 episcopatu
1035 1889 1136 1929 suo
1159 1889 1190 1928 a
1228 1874 1484 1945 gentibus
1509 1873 1721 1943 ejectus
1750 1870 1937 1938 fuerit,

1571 470 1938 535 MATTHAEI
1986 465 2413 536 BLASTARIS

451 587 653 642 Decim.
686 594 909 641 octavus
949 592 1129 640 autem
1187 586 1377 658 synodi
1404 584 1701 659 Ancyrame
1745 603 1943 653 canon,
1974 602 2021 654 Α

3490 474 3629 540 tres

2141 587 2200 641 Ὀ
2229 588 2285 642 δέ
2315 589 2414 658 τῆς
2449 589 2506 641 ἐν
2536 587 2784 660 ’Δγκύρᾳ
2809 586 2900 659 ιη’,
2929 587 2991 642 Οί
3018 589 3357 659 χειροτονίαν
3397 588 3629 640 ἐπισκό-

2056 700 2182 749 που,
2214 684 2373 753 φησὶ,
2406 682 2713 751 δεξάμενοι,
2746 682 2838 735 καὶ
2878 682 3015 752 πρὸς
3049 679 3147 751 τὴν
3197 679 3495 749 παροικίαν
3521 681 3631 732 ἀπο

2055 772 2248 836 ιόντες,
2272 773 2329 825 ἐν
2423 770 2916 841 ἐπωνομάσθησαν,
2947 768 3285 840 κωλυόμενοι
3309 769 3489 822 δέικαὶ
3519 766 3627 821 τῶν

2050 864 2279 928 ἐκείνοις
2328 864 2581 934 ἐπιϐῆναι
2625 866 2793 934 ὁρίων
2828 865 2963 935 πρὸς
3013 864 3109 918 τοῦ
3174 864 3408 918 ἐνταῦθα
3468 863 3623 927 λαοῦ,

2048 957 2146 1011 καὶ
2195 954 2449 1009 ἐντεῦθεν
2488 956 2704 1025 ἑτέραις
2733 956 2949 1010 ἐπιέναι
3001 955 3335 1025 τολμῶντες,
3367 957 3465 1008 καὶ
3500 956 3626 1017 τοὺς

2047 1047 2108 1099 ἐν
2137 1046 2331 1107 αὑταῖς
2360 1048 2694 1113 ἐπισκόπους
2727 1047 3034 1118 βιάζεσθαι,
3055 1050 3150 1102 καὶ
3174 1050 3392 1111 στάσεις
3422 1050 3622 1108 κινεῖν.

2048 1138 2523 1210 ἀφοριζέσθωσαν.
2553 1140 2615 1193 Εἰ
2645 1140 2832 1210 μέντοι
2876 1139 3134 1210 ἀποχρῶν
3175 1140 3480 1210 ἡγήσαιντο
3526 1139 3627 1206 τῆς

2046 1232 2215 1302 τιμῆς
2256 1234 2350 1284 καὶ
2391 1232 2659 1300 καθέδρας
2700 1230 2968 1301 ἠξιῶσθαι
3026 1231 3195 1301 μόνης
3231 1231 3338 1284 τῶν
3380 1230 3628 1302 πρεσϐυ-

2046 1322 2243 1393 τέρων,
2278 1321 2409 1377 ἔνθα
2446 1321 2541 1375 καὶ
2581 1321 2850 1393 πρότερον
2878 1319 3090 1391 ὑπῆρξε
3131 1318 3342 1383 τούτοις
3379 1316 3624 1388 πρεσϐυ-

2046 1415 2226 1486 τέροις
2274 1407 2438 1477 εἶναι,
2482 1416 2793 1483 μενέτωσαν
2817 1412 2995 1483 ἡσυχῆ
3029 1410 3294 1482 βιοῦντες·
3328 1410 3377 1462 εί
3404 1409 3463 1461 δέ
3491 1407 3627 1483 πρὸς

2047 1510 2173 1572 τοὺς
2234 1506 2590 1570 καθεστῶτας
2643 1507 2975 1569 ἐπισκόπους
3054 1502 3358 1573 φωραθεῖεν
3399 1498 3628 1553 στασιά-

2049 1602 2256 1667 ζοντες,
2287 1601 2385 1653 καὶ
2405 1599 2504 1669 τὴν
2533 1597 2702 1669 τιμὴν
2731 1598 3086 1667 ἀφαιρεῖσθαι
3117 1595 3341 1659 τούτους
3368 1593 3464 1646 τοῦ
3490 1608 3627 1662 πρε·

2048 1691 2337 1760 σϐυτέρου,
2368 1691 2467 1745 καὶ
2502 1692 2599 1762 τῆς
2634 1687 2964 1758 Ἐκκλησίας
3003 1686 3316 1749 ἐκπτώτους
3349 1684 3624 1759 γίνεσθαι.

2127 1787 2187 1838 ’0
2224 1784 2279 1838 δὲ
2322 1784 2421 1854 τῆς
2476 1785 2533 1838 ἐν
2572 1781 2876 1854 Ἀντιοχείᾳ
2913 1778 3009 1847 ις’,
3047 1780 3107 1834 '0
3158 1778 3352 1840 τελέως
3380 1818 3396 1843 ,
3429 1777 3621 1847 φησὶν,

2046 1877 2449 1948 ἐκϐεϐλημένος
2494 1876 2600 1930 ὑπὸ
2630 1875 2802 1934 ἐθνῶν
2852 1875 2953 1943 τῆς
2996 1874 3132 1935 ἰδίας
3164 1874 3492 1937 ἐπισκοπῆς,
3526 1870 3626 1922 καὶ

368 1981 421 2026 et
441 1982 493 2024 ut
517 1984 712 2025 vacans
736 1969 788 2023 in
823 1969 1105 2024 ecclesiam
1128 1979 1404 2023 vacantem
1425 1966 1698 2038 irruperit,
1718 1965 1946 2036 ejusque

2059 1972 2125 2035 ioc
2185 1967 2463 2042 σχολάζων
2516 1972 2596 2034 είς
2652 1967 3020 2039 σχολάζουσαν
3070 1964 3368 2039 ἐπιρῤίψας
3425 1961 3627 2016 ἑαυτὸν

370 2064 628 2117 thronum
662 2062 1013 2130 surripuerit,
1047 2059 1166 2115 sine
1194 2058 1449 2130 perfectae
1480 2056 1670 2131 synodi
1705 2055 1942 2126 permis-

368 2155 546 2218 sione,
591 2151 899 2207 sacerdotio
949 2162 1200 2214 exuctur,
1260 2148 1472 2205 etiamsi
1527 2147 1812 2203 universus
1841 2161 1943 2218 po-

368 2245 533 2315 pulus
568 2259 729 2313 quem
782 2243 984 2298 invasit
1035 2242 1285 2296 eumdem
1315 2241 1558 2313 elegerit.
1592 2238 1685 2294 illa
1737 2248 1942 2303 autem.

370 2338 566 2410 inquit,
620 2337 858 2408 perfecta
885 2346 971 2397 est
1008 2336 1266 2410 synodus,
1297 2336 1383 2391 cui
1429 2351 1533 2389 una
1564 2333 1802 2389 adfuerit
1833 2324 1939 2389 me-

367 2431 751 2502 tropolitanus.
784 2430 972 2501 Neque
1023 2430 1167 2485 enim
1218 2429 1347 2486 solis
1375 2429 1798 2500 provincialibus
1827 2429 1944 2500 epi-

367 2523 550 2594 sc0pis
586 2524 701 2579 haec
729 2521 908 2579 facere
940 2521 1267 2593 permissum
1299 2535 1406 2579 est.

442 2615 745 2673 Vicesimus
768 2617 977 2685 primus
1009 2632 1139 2670 vero
1169 2615 1437 2683 decernit,
1462 2632 1571 2670 non
1603 2614 1803 2671 debere
1827 2616 1945 2686 epi-

364 2725 590 2781 scepum
633 2725 663 2765 a
693 2725 789 2765 sua
816 2710 1050 2781 parmcia
1076 2711 1130 2766 in
1166 2710 1326 2767 aliam
1373 2711 1627 2777 transire,
1678 2726 1857 2781 neque
1885 2726 1944 2767 se

367 2819 465 2858 sua
495 2812 691 2874 sponte
720 2802 1082 2875 ingerentem,
1120 2804 1229 2878 24
1258 2820 1358 2860 nec
1386 2820 1415 2858 a
1466 2804 1668 2876 populo
1695 2806 1749 2859 ri
1796 2819 1945 2861 com-

367 2896 605 2969 pulsum,
643 2912 744 2953 nec
769 2897 838 2952 ab
891 2896 1168 2971 episcopis
1196 2906 1469 2962 coactum,
1511 2897 1607 2952 sed
1648 2896 1705 2951 in
1738 2912 1801 2951 ea
1852 2911 1944 2952 ec-

365 2991 533 3045 clesia
560 3006 719 3061 quam
750 3007 777 3044 a
807 2988 918 3045 Deo
944 2989 1013 3046 ab
1060 2989 1217 3047 initio
1277 2992 1502 3047 sortitus
1544 3000 1651 3057 est,
1696 3005 1940 3056 manere,

365 3091 421 3137 et
449 3083 517 3138 ab
541 3081 734 3137 eadem
763 3095 1107 3153 nequaquam
1145 3083 1422 3138 recedere.

438 3175 608 3233 Porro
661 3189 836 3251 canon
881 3176 915 3230 5
960 3175 1151 3246 synodi
1208 3174 1570 3251 Sardiccnsis,
1622 3172 1678 3228 Si
1734 3172 1941 3245 plures.

2048 2063 2366 2133 ἐκκλησίαν,
2421 2060 2518 2116 καὶ
2556 2061 2646 2116 τδν
2667 2060 2873 2131 ταύτης
2923 2058 3256 2130 ὑφαρπάσας
3287 2056 3502 2127 θρόνον,
3540 2053 3622 2124 μὴ

2046 2156 2258 2219 τελείας
2308 2154 2680 2225 ἐπιτρεψάσης
2736 2152 2959 2211 συνόδου
2983 2192 3000 2218 ,
3032 2150 3341 2219 ἀπόϐλητος
3390 2145 3489 2200 καὶ
3518 2146 3626 2217 τῆς

2050 2245 2349 2321 ἱερωσύνης
2399 2245 2560 2311 ἔστω,
2612 2244 2719 2299 κᾶν
2751 2244 2899 2308 ἀπας
2926 2245 2955 2297 ό
2994 2242 3121 2305 λαὸς
3142 2283 3156 2303 ,
3187 2240 3246 2294 δν
3279 2240 3579 2309 ὑφήρπασε
3602 2280 3619 2299 ,

2045 2339 2236 2395 τοῦτον
2267 2339 2516 2410 αίροῖτο·
2564 2336 2745 2392 τελεία
2808 2336 2865 2392 δέ
2920 2336 3062 2400 ἐστι,
3110 2334 3265 2405 φησι,
3315 2326 3623 2403 σύνοδος,ᾖ

2050 2433 2269 2486 σύνεστι
2307 2431 2404 2484 καὶ
2428 2433 2455 2486 ὁ
2489 2428 2917 2501 μητροπολίτης’
2945 2427 3005 2481 οὐ
3052 2426 3163 2497 γάρ
3204 2425 3417 2493 ἐφεῖται
3444 2421 3625 2476 ταῦτα

2047 2525 2308 2597 πράττειν
2341 2524 2526 2594 μόνοις
2555 2524 2667 2585 τοῖς
2704 2520 2803 2593 τῆς
2850 2520 3119 2594 ἐπαρχίας
3166 2517 3509 2580 ἐπισκόποις.

2129 2618 2189 2670 Ὀ
2238 2615 2295 2669 δὲ
2328 2613 2412 2669 κα⁹
2465 2613 2542 2686 μὴ
2605 2612 2957 2685 μεταϐαίνειν
3008 2610 3308 2664 ἐπίσκοπον
3354 2608 3465 2661 ἀπὸ
3518 2607 3623 2674 τῆς

2050 2707 2185 2772 ιδίας
2218 2706 2516 2778 παροικίας
2564 2706 2643 2769 είς
2673 2704 2870 2775 ἑτέραν
2904 2701 3219 2774 διορίζεται,
3251 2700 3380 2769 μήτ’
3427 2698 3623 2751 αὑθαι-

2049 2802 2223 2871 ρέτως
2276 2800 2674 2872 ἐπιρρίπτοντα
2719 2797 2934 2861 ἑαυτόν,
2981 2796 3120 2865 μήτε
3167 2792 3274 2864 μὴν
3322 2792 3428 2844 ὑπὸ
3472 2791 3622 2844 λαῶν

2046 2891 2460 2961 ἐκϐιαζόμενον,
2502 2890 2632 2962 μήθ’
2660 2888 2764 2942 ὑπὸ
2797 2887 3115 2941 ἐπισκόπων
3149 2883 3622 2954 ἀναγκαζόμενον⁸

2050 2987 2233 3058 μένειν
2258 2985 2313 3040 δέ
2349 2989 2407 3043 ἐν
2514 2986 2832 3056 κεκλήρωτο
2863 2984 2921 3055 ἐξ
2957 2982 3150 3054 ἀρχῆς,
3183 2978 3291 3034 ὑπὸ
3329 2979 3424 3033 τοῦ
3459 2975 3621 3044 Θεοῦ,

2048 3080 2145 3133 καὶ
2171 3078 2247 3150 μὴ
2282 3077 2669 3149 μεθίστασθαι.

2132 3173 2191 3226 '0
2248 3171 2306 3226 δὲ
2342 3170 2441 3241 τῆς
2493 3170 2553 3223 ἐν
2593 3169 2833 3241 Σαρδικῇ
2861 3166 2929 3239 γ).
2961 3167 3025 3221 Εἰ
3061 3163 3159 3220 καὶ
3198 3160 3622 3233 συνεληλύθασι,

366 3267 567 3338 inquit.
590 3248 834 3338 episcopi
867 3266 919 3322 in
938 3248 1270 3341 provinciam
1295 3266 1533 3338 aliquam
1558 3266 1940 3330 convenerint,

2059 3265 2238 3336 φησὶν,
2289 3266 2371 3328 είς
2422 3260 2711 3332 ἡντιανοῦν
2763 3259 3060 3331 ἐπαρχίαν,
3092 3257 3309 3319 πλείους
3352 3253 3463 3308 τῶν
3496 3254 3625 3305 ὲπι-

370 3367 629 3425 tanquam
685 3356 1116 3413 ecclesiasticum
1169 3356 1387 3426 aliquod
1426 3358 1643 3424 acturi,
1701 3356 1939 3427 episcopi

366 3450 435 3502 ub
460 3449 566 3502 alia
598 3448 883 3519 provincia
922 3465 991 3507 ne
1022 3449 1262 3505 invocati
1331 3464 1428 3505 cos
1475 3449 1718 3518 adeant;
1767 3447 1944 3505 vocati

367 3550 552 3595 autem
609 3540 813 3596 aditum
873 3557 944 3599 ne
1009 3541 1313 3609 dili‘erant,
1378 3553 1600 3614 propter
1652 3542 1946 3599 fraternam

367 3634 519 3687 citari
529 3640 722 3687 tatem.

440 3724 626 3781 (Ianon
658 3731 842 3795 autem
882 3723 969 3791 ll,
1007 3721 1064 3779 Si
1095 3724 1239 3795 quis,
1281 3723 1479 3796 inquit,
1506 3726 1795 3798 episcopus
1824 3740 1946 3780 ver-

369 3819 564 3875 borum
603 3816 797 3887 peritia
839 3816 1008 3887 probe
1034 3817 1340 3874 instructus
1369 3817 1436 3874 ad
1463 3818 1625 3874 aliam
1673 3818 1945 3873 civitatem

373 3909 457 3964 \cl
516 3908 852 3977 provinciam
903 3910 1083 3975 abeat,
1147 3911 1195 3966 si
1258 3913 1326 3966 de
1380 3912 1641 3985 religione
1677 3920 1733 3966 et.
1797 3911 1949 3966 cultu

369 4013 559 4055 nostro
588 4001 818 4070 quaestio
840 4002 1069 4077 oriatur,
1110 4019 1181 4059 ne
1226 4002 1479 4075 protinus
1527 4021 1651 4063 cum
1700 4011 1948 4060 ostenta-

373 4096 523 4149 tione
545 4105 599 4149 et
628 4108 769 4149 vano
800 4103 998 4152 ornatu
1037 4095 1183 4150 inter
1214 4095 1472 4167 populum
1531 4104 1797 4161 versetur,
1853 4110 1951 4166 pa-

370 4198 570 4241 storem
610 4188 847 4258 regionis
878 4186 1157 4257 despectui
1202 4191 1427 4251 habens,
1452 4204 1692 4258 eumque
1739 4187 1947 4259 pudore

371 4279 717 4345 sullundens,
748 4277 992 4333 diliiciles
1017 4295 1299 4337 sermones
1322 4279 1649 4351 proferendo
1677 4298 1691 4336 :
1728 4280 1778 4335 id
1802 4280 1947 4341 enim

371 4370 800 4442 perturbationis
836 4384 999 4425 causa
1053 4380 1156 4433 est,
1199 4382 1253 4426 et
1301 4372 1669 4444 suspicionem
1722 4373 1939 4443 praebet,

369 4464 633 4534 quodqui
675 4463 749 4519 ita
778 4462 909 4520 facit
964 4465 1280 4519 cathedram
1332 4465 1491 4520 istius
1545 4467 1698 4521 urbis
1740 4481 1947 4521 concu-

367 4559 562 4629 piscat.
593 4556 829 4630 Oportet
861 4557 1048 4628 igitur,
1083 4559 1282 4628 inquit,
1322 4557 1633 4614 inordinate
1673 4575 1795 4613 cum
1842 4557 1947 4612 im-

2051 3361 2293 3424 σκόπων,
2317 3357 2392 3421 ὥς
2423 3375 2476 3411 τι
2509 3356 2818 3417 τελέσοντες
2842 3348 3319 3420 ἐκκλησιαστικὸν,
3353 3384 3375 3399 ..
3392 3343 3430 3417 ὴ
3452 3342 3624 3414 ἀκλήο

2045 3469 2169 3517 τους
2201 3450 2338 3522 πρὸς
2367 3448 2567 3515 αὐτοὺς
2616 3446 2836 3501 ἀπιέναι
2893 3441 3021 3505 τοὺς
3071 3441 3166 3509 ἀφ’
3197 3438 3392 3501 ἐτέρας
3441 3438 3621 3505 ἐπαρ-

2047 3547 2191 3616 χίαςο
2222 3542 2589 3612 καλουμένους
2620 3555 2686 3606 γε
2737 3538 2845 3610 μὴν
2880 3534 2958 3609 μὴ
2989 3531 3316 3590 ἀναδύεσθαι
3352 3529 3453 3602 τὴν
3491 3530 3621 3600 ἀφι-

2050 3640 2130 3705 ξιν
2153 3637 2242 3691 διὰ
2268 3637 2328 3690 τὸ
2359 3632 2702 3704 φιλάδελφον.

2131 3732 2190 3787 Ὀ
2218 3731 2276 3789 δὲ
2312 3736 2403 3795 ια’,
2452 3728 2578 3782 Ἐάν
2604 3743 2687 3791 τις
2720 3723 2832 3779 τῶν
2872 3722 3227 3786 ἐπισκόπων,
3260 3717 3420 3789 φησὶ,
3446 3714 3625 3784 λόγων

2048 3822 2299 3879 παιδείαν
2325 3819 2525 3881 ἱκανῶς
2547 3815 2882 3888 ἠσκημένος,
2914 3811 3052 3884 πρὸς
3079 3810 3275 3881 ἐτέραν
3302 3808 3443 3880 ἀπίῃ
3469 3807 3626 3859 πόλιν

2048 3915 2082 3986 ἢ
2124 3911 2417 3983 ἐπαρχίαν,
2453 3909 2735 3981 ζητήσεως
2782 3909 2899 3960 ἐκεῖ
2927 3904 3223 3975 γενομένης
3276 3902 3409 3970 περὶ
3438 3900 3538 3967 τῆς
3567 3900 3626 3950 ἐν

2050 4009 2185 4079 ἡμῖν
2220 4005 2544 4077 θρησκείας,
2577 4001 2700 4074 ἦτοι
2747 3999 3155 4069 λατρευομένης
3202 3992 3507 4057 εὐσεϐείας,
3546 3990 3623 4062 μὴ

2048 4100 2169 4156 κατ’
2203 4097 2465 4169 ἐπίδειξιν
2517 4096 2612 4153 καὶ
2645 4095 2856 4165 κόμπον
2904 4090 3190 4157 ἀλόγιστον
3232 4084 3475 4155 συνεχῶς
3508 4089 3621 4151 τοῖς

2049 4194 2196 4256 λαοῖς
2224 4170 2506 4260 όμιλείτω,
2531 4189 2588 4243 ἐν
2617 4183 3014 4256 περιφρονήσει
3044 4181 3137 4234 τὸν
3166 4179 3267 4246 τῆς
3293 4178 3477 4249 χώρας
3506 4192 3625 4228 ποι-

2052 4288 2189 4357 μένα
2232 4284 2537 4353 τιθέμενος,
2569 4278 2948 4349 καταισχύνων
2984 4274 3168 4338 αὑτὸν,
3206 4274 3304 4326 καὶ
3334 4271 3620 4341 προφέρων

2048 4378 2111 4433 το
2138 4375 2268 4448 περὶ
2308 4374 2497 4443 λόγους
2546 4372 2875 4440 ἀνάσκητον·
2914 4368 3087 4421 αῐτιον
3125 4365 3236 4435 γὰρ
3265 4361 3422 4415 τοῦτο
3446 4376 3621 4427 ταρα-

2048 4471 2150 4540 χῆς
2185 4469 2281 4523 καὶ
2329 4464 2587 4527 ὑπονοίας
2615 4463 2716 4517 οὑκ
2750 4460 3060 4529 ἐλεύθερον,
3103 4454 3191 4511 οἷα
3234 4454 3408 4507 ταῦτα
3453 4449 3623 4504 ποιῶν

2052 4559 2368 4631 ἐξεπίτηδες
2402 4557 2480 4627 τῷ
2519 4554 2903 4624 ὲποφθαλμιᾷν
2944 4554 3013 4619 τῇ
3041 4550 3137 4620 τῆς
3172 4546 3381 4608 πόλεως
3407 4544 3620 4613 ἐκείνης

368 4659 500 4720 petu
527 4649 825 4711 irruentem
865 4649 1219 4721 propulsare.
1248 4660 1305 4706 et
1358 4650 1651 4709 fraternam
1705 4649 1943 4705 cbarita-

2059 4650 2315 4721 καθέδρα.
2346 4650 2438 4706 Δεῖ
2462 4646 2659 4711 τοίνυν,
2697 4645 2857 4714 φησι,
2888 4642 2983 4695 καὶ
3018 4639 3110 4692 τδν
3150 4638 3404 4699 ἀτάκτως
3430 4635 3620 4707 ᾄττον-

370 4751 480 4797 tem
513 4740 748 4796 sancire.
769 4738 850 4797 Ne
877 4742 1042 4814 igitur
1070 4742 1360 4813 episcopus
1382 4742 1762 4811 coepiscopum
1791 4756 1947 4812 pror-

369 4847 462 4887 sus
490 4833 748 4903 expellat,
782 4833 834 4889 id
876 4834 1024 4889 enim
1074 4835 1435 4905 inhumanum
1470 4844 1555 4890 est
1583 4843 1638 4890 et
1699 4834 1944 4904 ineptum

369 4931 430 4976 et
450 4922 648 4977 malum
679 4935 734 4978 et
766 4924 1017 4995 impium.
1048 4923 1158 4981 Nec
1181 4925 1270 4980 ille
1309 4924 1594 4995 plusquam
1622 4925 1798 4979 tribus
1820 4939 1948 4995 sepe

371 5011 588 5067 timanis
611 5013 722 5069 illic
747 5026 1015 5084 versetur,
1041 5030 1307 5088 suamque
1334 5014 1624 5075 ecclesiam
1653 5015 1941 5087 relinquat.

372 5102 431 5157 Si
471 5103 613 5158 enim
648 5120 823 5160 canon
847 5123 956 5161 non
1012 5106 1247 5177 scriptus
1277 5107 1476 5161 laicutn
1504 5120 1534 5161 a
1563 5107 1949 5163 communione

369 5204 540 5261 arcet,
589 5197 683 5269 qui
743 5198 797 5252 in
856 5199 1077 5254 civitate
1134 5208 1526 5265 commoratur,
1566 5210 1624 5254 et
1680 5213 1780 5269 per
1836 5207 1950 5254 tres

370 5283 703 5353 septimanas
736 5286 1013 5343 communi
1063 5286 1305 5355 ecclesia:
1335 5290 1522 5361 synaxi
1556 5304 1665 5345 non
1698 5289 1947 5352 interest,

369 5371 542 5426 multo
568 5373 739 5445 magis
789 5378 1077 5447 episc0pus
1135 5387 1284 5433 tanto
1340 5389 1584 5448 tempore
1622 5379 1692 5433 ab
1721 5382 1951 5435 ecclesia

371 5477 469 5518 sua
495 5464 686 5521 abesse
716 5484 822 5521 non
856 5468 1035 5530 debet.
1063 5469 1179 5526 sine
1210 5471 1358 5543 gravi
1389 5470 1570 5543 aliqua
1598 5471 1947 5538 necessitate,

370 5566 427 5609 et
458 5573 675 5627 gregem
707 5576 863 5617 suum
898 5563 1295 5634 derelinquere.
1327 5564 1525 5619 Verum
1555 5575 1743 5636 pes-tea
1771 5581 1943 5620 canon

374 5648 463 5704 hic
493 5664 598 5705 non
632 5652 869 5723 scriptus
901 5653 1075 5710 factus
1100 5667 1181 5710 est
1219 5671 1391 5712 canon
1424 5654 1493 5711 80
1529 5667 1697 5713 sextae
1726 5657 1942 5728 synodi.

2050 4762 2119 4800 τα
2175 4738 2530 4797 καταστεῖλαι
2558 4776 2574 4800 .
2604 4738 2700 4792 καὶ
2753 4733 3115 4806 νομοθετῆσαι
3148 4731 3211 4784 τό
3255 4727 3578 4797 φιλάδελφον
3600 4739 3616 4755 ο

2053 4838 2194 4908 μήτε
2250 4833 2345 4888 οὖν
2384 4834 2413 4886 ό
2443 4831 2743 4893 ἐπίσκοπος
2799 4825 3152 4885 παντάπασιν
3186 4822 3482 4876 ἀπωθείτω
3529 4817 3620 4871 τὸν

2052 4927 2494 4987 συνεπίσκοπον,
2545 4920 2919 4990 ἀπάνθρωπον
2991 4919 3099 4987 γὰρ
3162 4913 3323 4969 τοῦτό
3394 4930 3457 4981 γε
3527 4912 3618 4963 καὶ

2054 5020 2264 5085 σκαιὸν,
2307 5017 2403 5073 καὶ
2442 5015 2671 5087 φαῦλον,
2718 5015 2813 5069 καὶ
2856 5011 3113 5081 πονηρόν·
3155 5011 3293 5082 μήτε
3333 5008 3441 5077 μὴν
3469 5021 3616 5068 ουτος

2051 5110 2304 5165 ἐνταυθοῖ
2370 5107 2686 5179 διατρίϐων,
2734 5106 2897 5161 πλέον
2952 5105 3063 5157 τῶν
3096 5103 3265 5175 τριῶν
3310 5098 3617 5169 ἑϐδομάδων

2050 5204 2150 5274 τῆς
2201 5201 2413 5267 οἰκείας
2464 5200 2762 5269 ἐκκλησίας
2812 5195 3316 5268 ἀπολιμπανέσθω’
3355 5195 3409 5257 εἰ
3459 5190 3616 5261 γάρὸ

2054 5295 2319 5365 ἀγράφως
2356 5293 2662 5367 φερόμενος
2690 5290 2873 5346 κανὼν
2901 5289 3001 5361 τῆς
3032 5287 3322 5348 κοινωνίας
3367 5285 3616 5352 ἀπείργει

2051 5388 2144 5453 τὸν
2191 5389 2251 5440 ἐν
2300 5387 2452 5443 πόλει
2498 5387 2753 5455 διάγοντα
2785 5383 2995 5446 λαῖκδν,
3024 5385 3118 5434 καὶ
3155 5382 3251 5434 ἐπὶ
3277 5380 3432 5451 τρεῖς
3473 5375 3614 5430 ἐϐδο-

2059 5478 2234 5549 μάδας
2276 5479 2343 5547 τῇ
2398 5480 2552 5547 κοινῇ
2588 5476 2807 5542 συνάξει
2858 5474 2963 5543 τῆς
3009 5470 3307 5543 ἐκκλησίας
3365 5470 3445 5541 μὴ
3501 5484 3615 5519 cov-

2060 5571 2227 5634 ιόντα,
2265 5566 2446 5640 πολλῷ
2489 5586 2552 5637 γε
2602 5568 2775 5636 δήπου
2821 5566 2919 5623 τὸν,
2949 5566 3247 5620 ἐπίσκοπον
3279 5563 3339 5617 οὑ
3381 5562 3498 5618 δέον
3520 5558 3612 5627 τῆς

2053 5658 2248 5713 ἐαυτοῦ
2302 5660 2599 5730 ἐκκλησίας
2662 5659 2964 5731 ἀποδημεῖν
2997 5657 3093 5713 ἐπὶ
3121 5654 3376 5709 τοσοῦτον
3410 5653 3609 5725 χρόνον,

375 5739 684 5813 βαρυτάτης
719 5744 847 5803 ἄνευ
883 5746 1148 5818 ἀνάγκης,
1181 5753 1272 5801 καὶ
1300 5747 1630 5819 παραλιπεῖν
1660 5749 1722 5801 τὸ
1764 5749 2129 5817 ἐμπιστευοὲν
2164 5750 2314 5820 αὑτῴ
2366 5728 2633 5821 ποίμνιον·
2676 5728 2841 5803 1ἀλλὶι
2903 5749 3011 5819 γὰρ
3047 5745 3279 5818 ὕστερον
3350 5746 3380 5797 ὁ
3447 5742 3608 5810 ἀγρά·

376 5846 488 5897 φως
524 5836 822 5905 φερόμενος
847 5832 1029 5892 οὑτοσὶ
1061 5839 1241 5892 κανὼν
1264 5841 1624 5910 ὀγδοηκοστὸς
1655 5843 1993 5911 ἐχρημάτισε
2022 5840 2118 5911 τῆς
2149 5841 2315 5910 ἕκτης
2357 5841 2598 5896 συνόδου.

449 5925 701 5984 Decimus
732 5933 997 6000 septimus
1031 5946 1210 5988 autem
1239 5950 1359 6004 syn.
1414 5931 1776 5999 Sardicensis,
1836 5930 1941 5998 Qui

2135 5932 2196 5986 ὐ
2245 5933 2303 5987 δὲ
2358 5930 2422 6001 ις’
2481 5930 2635 5997 αὖθις
2693 5933 2790 6005 τῆς
2856 5938 2915 5989 ἐν
2970 5935 3207 6009 Σαρδικῇ
3281 5934 3371 5987 τον
3418 5931 3606 5987 ἀδίκως
