3902 6578
165 506 331 590 tam

1192 497 1590 564 SYNTAGMA
1627 497 2339 563 ALPIIABETICUM."-
2374 499 2443 557 A;

3305 502 3442 567 1070

196 619 322 687 φησι
385 617 486 685 τῆς
545 610 677 674 ἰδίας
732 617 1129 688 ἐκϐεϐλημένον
1187 619 1517 687 ἐπισκοπῆς,
1573 616 1755 688 ἣύπὸ

1880 613 2083 681 ujuste,
2115 612 2313 682 inquit,
2343 630 2372 666 a
2406 612 2626 682 proprio
2664 613 2984 683 episcopatu
3010 613 3216 683 ejectus
3249 614 3438 683 fuerit,

193 710 471 778 αίρετικῆς
506 709 823 772 δυναστείας
882 711 1007 781 περὶ
1057 710 1298 774 πλείονος
1338 711 1406 764 τὰ
1451 713 1552 781 τῆς
1592 709 1762 779 ὀρθῆς

195 803 427 862 πίστεως
461 799 780 869 ποιούμενον
821 801 1089 872 δόγματα,
1142 803 1174 871 ἢ
1227 803 1306 871 τῷ
1343 803 1444 874 τὴν
1497 803 1761 874 ἕνσαρκον

193 894 504 962 οἰκονομίαν
535 893 844 962 ὁμολογεῖν,
881 896 1034 964 παρὰ
1057 894 1462 966 είδωλολατρῶν
1493 894 1757 960 ἐξωσθέν-

193 1006 275 1050 τα,
309 988 342 1055 ἢ
382 988 484 1055 τῆς
526 987 786 1056 ἀληθείας
827 987 924 1040 καὶ
957 987 1305 1059 δικαιοσύνης
1359 986 1760 1056 μεταποιούμε-

195 1096 299 1142 νον,
336 1079 442 1132 one
481 1078 590 1131 τῶν
623 1079 812 1142 κακῶς
843 1079 933 1132 τὸν
977 1079 1208 1150 πλησίον
1249 1082 1422 1132 ποιεῖν
1455 1078 1759 1142 ἐίωθότων,

195 1171 265 1231 ὡς
325 1170 774 1240 καθωσιωμένον,
833 1173 927 1224 καὶ
977 1173 1057 1234 εἰς
1105 1170 1328 1225 κόλασιν
1375 1168 1762 1239 ἀφωρισμένον

196 1263 654 1330 ἀπελαυνόμενον,
681 1262 860 1316 ἀθῶόν
888 1279 950 1328 γε
987 1261 1093 1332 μην
1123 1261 1284 1314 αύτδν
1315 1261 1577 1330 ἀληθείας
1603 1261 1761 1313 δικα-

195 1353 389 1421 ζούσης
453 1354 766 1423 ὑπάρχοντα
803 1395 818 1420 ,
875 1355 966 1407 τὸν
1034 1355 1097 1423 δὴ
1196 1354 1436 1408 τοιοῦτον
1488 1355 1546 1406 ὲν
1597 1354 1764 1424 ἑτέρᾳ

193 1449 488 1517 διατρίϐειν
527 1449 681 1501 πόλει
717 1450 790 1519 μὴ
838 1448 1168 1511 κωλύεσθαι,
1205 1447 1402 1519 μέχρις
1446 1445 1514 1500 ἂν
1540 1447 1620 1508 είς
1661 1447 1762 1514 τὴν

194 1537 397 1590 οἰκείαν
432 1539 684 1610 ἐπανήκη
707 1578 720 1602 ,
751 1538 843 1590 τὸν
893 1537 1060 1606 φόϐον
1105 1538 1330 1608 διαδρὰς
1363 1536 1458 1590 τοῦ
1491 1535 1760 1600 κινδύνου,

196 1632 284 1683 καὶ
340 1631 443 1702 τὴν
505 1631 772 1685 δοκοῦσαν
823 1633 887 1684 ἐκ
960 1633 1060 1698 τῆς
1118 1630 1335 1702 ἐξορίας
1395 1628 1764 1700 ἀποτρίψηται

197 1720 378 1791 ύὸριν·
430 1722 666 1792 σκληρὸν
721 1723 826 1790 γάρ
877 1724 972 1777 καὶ
1006 1722 1397 1794 ἀπάνθρωπον,
1427 1719 1518 1773 τὸν
1563 1718 1766 1781 ἀδίκως

195 1814 286 1880 τῆς
321 1812 492 1864 αὑτοῦ
516 1812 722 1874 πόλεως
755 1811 1167 1882 ἀπεληλαμένον
1205 1811 1280 1882 μὴ
1329 1813 1467 1880 πρὸς
1496 1808 1604 1862 τῶν
1639 1824 1768 1860 συν-

197 1903 508 1957 επισκόπων
541 1903 744 1973 ίλαρῶς
770 1905 864 1956 καὶ
895 1904 1237 1973 φιλοφρόνως
1261 1901 1585 1968 ξενίζεσθαι.

1866 705 1948 758 vel
1980 719 2079 773 per
2108 703 2417 759 ha~reticam
2446 705 2766 775 potentiam,
2792 707 2935 774 quod
2962 716 3121 760 rertze
3161 707 3280 761 ﬁdei
3309 708 3444 778 dog-

1867 810 2011 852 mata
2068 797 2121 850 in
2163 798 2341 867 pretio
2398 798 2613 862 habeat,
2655 809 2749 853 aut
2788 798 3184 855 incarnationis
3221 817 3442 857 mcotto-

1865 890 2029 944 miam
2073 889 2420 954 conﬁteatur,
2469 891 2537 944 ab
2579 890 2849 945 idolorum
2897 893 3199 947 cultoribus
3249 897 3438 965 expel-

1867 982 2044 1037 latur:
2075 982 2161 1036 vel
2192 981 2336 1051 quod
2365 982 2609 1037 veritatis
2634 993 2690 1037 et
2737 983 2966 1052 justitiae
3016 986 3236 1040 decreta
3275 989 3438 1053 colat,

1867 1073 1936 1128 ab
1964 1073 2029 1129 iis
2068 1074 2160 1142 qui
2195 1074 2373 1128 vicino
2401 1090 2502 1129 suo
2541 1075 2864 1131 malefacere
2906 1077 3107 1142 solent,
3169 1090 3229 1132 ut
3287 1097 3444 1134 οκδιμη

1863 1165 2094 1220 orationi
2130 1165 2429 1234 subjectus,
2455 1176 2511 1221 et
2543 1167 2608 1222 ad
2638 1183 2854 1237 poenam
2917 1179 3230 1240 segregatus
3263 1171 3442 1242 abiga-

1869 1267 1974 1320 tur,
2013 1273 2137 1312 cum
2170 1273 2356 1312 revera
2413 1258 2676 1314 innocens
2701 1260 2900 1326 fuerit;
2960 1262 3014 1315 in
3064 1262 3164 1315 alia
3223 1264 3442 1318 civitate

1874 1349 2080 1404 versari
2112 1339 2186 1404 ne.
2205 1349 2584 1419 prohibeatur,
2615 1352 2792 1406 donec
2817 1353 3040 1422 periculi
3073 1365 3276 1408 metum
3309 1356 3441 1409 cliu-

1865 1438 2021 1508 giens
2061 1439 2127 1493 ad
2188 1452 2343 1492 suam
2395 1426 2718 1507 revertatur,
2786 1452 2840 1495 et
2900 1446 3313 1511 contumeliam,
3373 1448 3442 1499 ab

1866 1528 2057 1582 exsilio
2089 1528 2290 1596 justam
2329 1540 2706 1600 apparentem,
2757 1531 2967 1586 diluere
3000 1532 3191 1602 possit.
3233 1533 3436 1588 Durum

1867 1621 2013 1674 enim
2045 1630 2129 1675 est
2155 1629 2209 1675 et
2242 1620 2314 1674 ab
2373 1621 2521 1676 omni
2552 1622 2890 1678 humanitate
2938 1623 3198 1691 alienum,
3230 1635 3288 1679 ut
3349 1627 3439 1695 qui

1869 1713 2074 1783 injuSte
2113 1713 2181 1767 ab
2218 1712 2350 1768 urbe
2378 1730 2473 1770 sua
2506 1719 2771 1785 expulsus
2797 1715 2888 1782 sit,
2925 1731 2955 1770 a
2990 1717 3316 1787 coepiscolto
3344 1733 3441 1772 suo

1867 1823 1978 1862 non
2021 1808 2330 1864 humaniter
2351 1820 2404 1864 et
2429 1810 2692 1865 benevole
2725 1809 3050 1880 excipiatur.

271 1995 332 2049 Ὀ
357 1997 415 2049 δὲ
451 1997 550 2062 τῆς
589 1995 754 2066 ἕκτης
803 1997 1022 2050 συνόδου
1066 1994 1245 2049 κανὼν
1277 2003 1345 2066 ιη’
1393 1997 1518 2059 τοὺς
1553 1997 1764 2065 προφά-

1931 1992 2115 2047 Cauon
2148 2000 2327 2047 autetn
2361 1992 2429 2046 18
2454 2002 2622 2049 sexta:
2645 2008 2768 2065 syn.
2801 1994 3094 2065 episcopos
3153 1996 3234 2049 vel
3287 1996 3443 2051 cleri-

201 2107 274 2142 σει
317 2089 660 2160 βαρϐαρικῆς
693 2089 964 2160 ἐφόδου,ἢ
1005 2087 1312 2160 φορολόγων
1341 2088 1763 2161 ἀπανθρωπίας,

197 2182 228 2251 ἦ
259 2180 422 2251 λιμοῦ
458 2181 730 2250 ἀνάγκης,
759 2180 792 2250 ἢ
844 2179 1184 2250 ήσόηποτοῦν
1215 2180 1385 2250 ἄλλης
1420 2181 1602 2243 αἰτίας
1630 2181 1766 2250 πρὸς

200 2275 504 2340 ἀλλοδαπὴν
553 2275 872 2343 ἀπάραντας
917 2273 1289 2338 ἐπισκόπους,
1349 2273 1380 2341 ἢ
1430 2273 1762 2343 κληρικούς,

202 2368 420 2435 καὶτῆς
460 2365 642 2428 αἰτίας
695 2364 1066 2432 διαλυθείσης,
1115 2364 1190 2434 μὴ
1238 2366 1536 2435 ἐπανήκειν
1567 2364 1767 2436 προθυ-

205 2459 528 2530 μουμένους,
567 2456 922 2528 ἀφορίζεσθαι
950 2456 1186 2519 κελεύει,
1221 2456 1414 2526 μέχρις
1445 2456 1512 2510 ἀν
1558 2457 1638 2520 εἰς
1667 2456 1765 2526 τὴν

203 2550 497 2617 ἐκκλησίαν
537 2548 924 2615 ἐπανέλθωσιν,
958 2543 1027 2621 ἦς
1071 2549 1408 2618 μετανάσται
1455 2549 1764 2616 γεγόνασιν·

199 2642 261 2694 ού
291 2643 420 2712 μὴν,
458 2641 596 2694 ἀλλά
619 2640 717 2694 κοιλ⁸
741 2641 831 2694 τὸν
861 2640 1261 2711 ὑποδεξάμενον
1290 2641 1516 2703 τούτους
1545 2641 1769 2693 ἐπίσκο-

210 2752 326 2802 πον,
363 2736 460 2788 καὶ
515 2736 684 2788 είσὲτι
740 2733 996 2806 κατέχειν
1056 2736 1430 2807 πειρώμενον,
1475 2733 1768 2804 ἀφορισμῷ

206 2827 540 2896 ὑποτίθησιν.

279 2921 341 2972 Ὅ
387 2919 443 2973 δὲ
477 2919 566 2987 κγ’
588 2920 686 2990 τῆς
714 2921 984 2992 τετάρτης
1041 2919 1282 2982 συνόδου,
1313 2919 1438 2980 τοὺς
1465 2917 1769 2986 ἀποδημεῖν

208 3010 490 3080 ἑλομένους
549 3004 624 3064 ὧν
689 3011 1062 3080 κεκλήρωνται
1108 3009 1414 3079 ἐκκλησιῶν
1470 3007 1769 3078 κληρικούς

207 3120 260 3156 τε
287 3106 382 3157 καὶ
413 3103 705 3174 μονίιχοῦς,
729 3104 883 3173 παρά
911 3103 1135 3172 γνώμην
1161 3101 1254 3155 τοῦ
1286 3101 1414 3154 ίδίου
1445 3102 1766 3166 ἐπισκόπου,

211 3193 477 3264 προφάσει
521 3193 600 3257 ὡς
643 3195 717 3264 μὴ
747 3193 881 3264 παρ’
916 3193 1081 3248 αὑτοῦ
1138 3192 1406 3262 διοίκησιν
1461 3193 1770 3261 ἐγκεχειρι-

213 3285 432 3353 σμένους
460 3283 605 3349 τινὰ,
634 3283 762 3347 ἴσως
800 3283 874 3354 μὴ
900 3280 1220 3353 ἐπιτηδείως
1249 3282 1393 3352 ἔχειν
1423 3281 1617 3344 αύτούς
1641 3281 1770 3345 περὶ

211 3377 271 3427 τὰ
303 3373 528 3429 τοιαῦτα
564 3374 876 3445 κρίναντος,
907 3373 1024 3428 ἐστι
1051 3375 1098 3428 δ’
1127 3375 1215 3428 ὅτε
1244 3375 1340 3428 καὶ
1363 3374 1768 3445 ἀκοινωνήτους

213 3468 339 3536 πρὸς
377 3466 541 3520 αὑτοῦ
571 3467 920 3537 γενομένους,
954 3468 1049 3521 καὶ
1079 3469 1158 3532 είς
1191 3466 1582 3537 βασιλεύουσαν
1618 3468 1652 3538 ἦ
1691 3469 1770 3531 είς

213 3560 398 3629 ἑτέραν
449 3561 711 3622 ἀπιόντας
763 3559 942 3622 πόλιν,
995 3560 1089 3614 καὶ
1135 3561 1229 3613 ἐπὶ
1285 3561 1537 3615 πλεῖστον
1580 3559 1770 3614 αύτόθι

210 3648 596 3719 διατρίόοντας,
629 3650 724 3705 καὶ
766 3649 867 3721 τὴν
899 3649 999 3719 τῆς
1044 3649 1342 3720 ἐκκλησίας
1395 3651 1771 3721 ταράσσοντας

215 3743 304 3794 καὶ
341 3741 707 3811 θορυϐοῦντας
756 3742 1119 3806 κατάστασιν,
1152 3742 1561 3811 ἀνατρέποντας
1595 3743 1656 3795 τε
1684 3759 1770 3795 τι·

215 3851 313 3888 νων
356 3833 537 3898 οἴκους
585 3833 665 3904 τῷ
714 3833 1081 3904 ἠμελημένως
1121 3834 1336 3903 βιῶναι,
1397 3835 1493 3888 καὶ
1540 3833 1772 3896 ἄκοντας

217 3927 519 3993 ἐξωθεῖσθαι
549 3926 848 3996 διορίζεται
884 3925 1036 3997 παρά
1075 3926 1178 3996 τῆς
1221 3927 1280 3979 ἐν
1323 3928 1390 3998 τῇ
1441 3926 1592 3980 πόλει
1646 3942 1771 3979 συν-

218 4019 350 4084 όδου,
376 4020 516 4074 ὥστε
550 4023 676 4084 τοὺς
704 4022 938 4085 οἰκείους
971 4021 1172 4090 τόπους
1211 4019 1560 4073 καταλαϐεῖν.

293 4109 348 4164 '0
391 4110 449 4162 δὲ
499 4110 596 4181 τῆς
648 4109 692 4174 ζ’
729 4110 950 4163 συνόδου
986 4107 1016 4164 ι’
1071 4108 1325 4178 καθαιρεί
1369 4107 1430 4160 ού
1486 4105 1647 4176 μόνον
1682 4104 1773 4158 τὸν

219 4201 316 4254 ἀπ’)
345 4201 549 4265 πόλεως
589 4203 670 4264 είς
699 4202 858 4256 πόλιν
892 4202 1286 4272 μεταϐαίνοντα
1315 4200 1490 4270 ίερέα,
1515 4199 1652 4253 ἀλλά
1677 4199 1774 4252 καὶ

219 4289 301 4341 τὸν
329 4291 407 4353 είς
435 4290 534 4360 τὴν
567 4289 963 4360 βασιλεύουσαν
990 4290 1250 4357 εἰσιόντα,
1280 4289 1378 4344 καὶ
1423 4290 1482 4342 ἐν
1522 4289 1634 4351 τοῖς
1680 4288 1774 4341 εύ-

223 4385 445 4452 κτηρίοις
495 4383 664 4444 οίιιοις
711 4382 820 4438 τῶν
852 4384 1130 4454 ἀρχόντων
1179 4379 1600 4452 λειτουργοῦντα
1645 4381 1775 4435 ἀνευ

223 4474 426 4546 γνώμης
457 4474 552 4528 τοῦ
588 4473 716 4528 ἰδίου
749 4476 1053 4530 ἐπισκόπου
1079 4476 1176 4531 καὶ
1203 4477 1300 4528 τού
1332 4476 1777 4528 Κωνσταντινουο

227 4566 439 4628 πόλεως.

296 4656 348 4708 '0
371 4657 424 4710 δὲ
463 4655 504 4710 δ’
548 4656 647 4726 τῆς
686 4657 955 4727 τετάρτης
996 4656 1215 4711 συνόδου
1269 4656 1583 4727 κληρικούς,

227 4746 313 4815 τῆς
357 4748 571 4802 οίασοῦν
627 4748 923 4818 ἐκκλησίας
975 4751 1051 4819 μὴ
1111 4747 1314 4812 ἐξεῖναι
1359 4749 1440 4812 είς
1471 4748 1638 4818 ἄλλης
1677 4749 1777 4802 πό-

227 4838 348 4896 1am;
384 4840 673 4894 τάττεσθαι
711 4840 1031 4910 ἐκκλησίαν,
1063 4840 1200 4894 ἀλλά
1248 4840 1501 4912 στέργειν
1532 4841 1776 4910 ἐκείνην,

229 4932 278 4983 ἐν
387 4933 721 5002 λειτουργεῖν
777 4932 839 4997 ἐξ
874 4932 1049 5003 ἀρχῆς
1095 4932 1428 5004 ἠξιώθησαν,
1465 4932 1624 4995 ἐκτὸς
1663 4935 1774 4987 τῶν

231 5025 334 5076 κατ’
359 5026 606 5094 ἀνάγκην
651 5027 751 5094 τῆς
803 5023 936 5086 ιδίας
994 5023 1252 5093 πατρίδος
1298 5024 1770 5078 ἐκπεπτωκότων·

231 5117 501 5182 ἐπίσκοπος
527 5117 584 5172 δὲ
631 5117 722 5169 τὸν
748 5117 936 5188 ἑτέρου
977 5114 1268 5186 δεξάμενος
1298 5114 1584 5186 κληρικὸν,
1621 5115 1776 5169 ἀκοι-

233 5211 443 5279 νώνητος
471 5211 636 5272 ἔστω,
669 5209 773 5272 ἕως
801 5208 870 5262 ἀν
896 5209 923 5261 ὁ
954 5207 1219 5278 κληρικὸς
1251 5209 1331 5270 είς
1368 5208 1434 5276 ην
1466 5206 1776 5262 καταλέλοι-

232 5312 314 5351 πεν
338 5300 632 5369 ἐκκλησίαν
663 5299 992 5373 ἐπιστρέψῃ.

293 5389 351 5442 ’0
374 5391 427 5443 δὲ
457 5397 523 5458 ιγ’
547 5391 646 5460 τῆς
670 5391 730 5444 ἐν
757 5390 1163 5461 Νεοκαισαριίᾳ
1209 5388 1431 5442 συνόδου
1467 5391 1594 5452 τοὺς
1620 5390 1777 5453 ἐκτὸς
1809 5455 1816 5461 .

233 5479 523 5545 ἡστινοσοῦν
557 5483 762 5545 πόλεως
787 5482 1202 5554 πρεσϐυτέρους
1252 5485 1333 5545 είς
1362 5482 1566 5546 ταύτας
1598 5483 1779 5554 είσέρ-

233 5579 400 5642 χεσθαι
431 5582 526 5630 καὶ
579 5579 952 5648 προσφέρειν,
997 5579 1032 5648 ἢ
1087 5579 1187 5647 τῆς
1221 5577 1374 5642 θείας
1430 5578 1778 5647 μεταδιδόναι

233 5672 322 5720 τινὶ
343 5672 622 5733 κοινωνίας
653 5675 754 5724 οὐκ
780 5671 1086 5740 ἐπιτρέπει,
1116 5671 1385 5740 παρόντος
1429 5669 1526 5723 τοῦ
1555 5671 1655 5742 τῆς
1681 5671 1776 5724 πό-

235 5755 350 5822 λεως
399 5762 696 5816 ἐπισκόπου
751 5761 784 5832 ἢ
839 5761 1209 5831 πμσόυτέρου
1234 5777 1249 5792 ·
1309 5761 1406 5814 ἐὰν
1456 5761 1514 5815 δέ
1562 5763 1775 5815 ἀπῶσιν

237 5845 382 5915 οὗτοι,
412 5857 503 5908 καὶ
543 5856 625 5918 είς
670 5854 835 5926 εύχὴν
867 5853 1042 5926 κληθῇ
1082 5855 1264 5924 μόνος,
1307 5854 1572 5908 είσελθεῖν
1607 5857 1772 5910 αὑτὸν

238 5943 288 5992 ού
313 5945 516 6013 κωλύει,
541 5951 633 6001 καὶ
665 5948 776 6001 τῶν
810 5948 1170 6017 ἀγιασμάτων
1199 5949 1308 6000 τισὶ
1345 5949 1687 6017 μεταδοῦναι,
1730 5953 1777 6004 εί

1867 2098 1958 2140 cos
1985 2085 2077 2153 qui
2113 2084 2407 2140 barbaricae
2434 2084 2766 2140 incursionis
2796 2096 3086 2157 praetextu,
3137 2089 3220 2142 vel
3279 2089 3443 2142 inim-

1867 2175 2127 2228 manitate
2153 2187 2346 2229 eorum
2377 2173 2470 2244 qui
2505 2173 2706 2228 tributa
2733 2175 2979 2246 exigunt,
3025 2175 3106 2230 vel
3150 2175 3312 2230 famis
3345 2192 3440 2229 nc-

1866 2271 2142 2334 cessitate,
2171 2269 2253 2324 vel
2276 2271 2345 2324 ob
2375 2271 2532 2325 aliam
2568 2271 2840 2340 ejusmodi
2872 2285 3094 2326 causam
3124 2273 3176 2326 in
3208 2272 3440 2328 alienam

1868 2362 2142 2433 regionem
2167 2364 2387 2428 abeunt,
2419 2372 2472 2419 et
2503 2365 2593 2418 ubi
2623 2365 2858 2435 primum
2897 2379 3060 2420 causa
3088 2365 3178 2419 illa
3233 2368 3441 2420 sublato

1869 2453 2053 2521 fuerit,
2083 2457 2280 2510 reverti
2319 2456 2372 2510 in
2407 2456 2649 2511 animum
2687 2473 2794 2510 non
2842 2458 3130 2522 inducunt,
3170 2460 3442 2529 segregari

1863 2545 2035 2613 jubet,
2070 2548 2242 2602 donec
2265 2549 2331 2602 ad
2371 2551 2679 2615 ecclesiam,
2722 2565 2785 2603 ex
2819 2565 2922 2622 qua
2951 2553 3307 2621 emigraruut,
3361 2568 3445 2603 re.

1867 2648 2188 2694 vertantur:
2239 2641 2369 2710 quin
2403 2651 2456 2697 et
2483 2642 2800 2711 episcopum
2832 2642 2922 2712 qui
2960 2658 3053 2697 cos
3099 2642 3357 2712 suscepit,
3393 2655 3447 2695 ιιι

1870 2728 2116 2786 detinere
2146 2743 2398 2798 conatur,
2423 2733 2785 2804 segregationi
2812 2734 3056 2805 subjicit.

1940 2915 2109 2970 Porro
2175 2931 2350 2970 canon
2389 2917 2462 2971 93
2497 2932 2619 2988 syn.
2653 2934 2706 2972 tv
2755 2917 2986 2972 clericos
3035 2928 3090 2972 et
3126 2920 3442 2985 monachos,

1870 3007 1962 3078 qui
1989 3009 2056 3063 ab
2087 3009 2334 3063 ecclesiis
2364 3009 2419 3062 in
2443 3011 2641 3080 quibus
2669 3009 2906 3064 ordinati
2937 3018 3094 3064 erant
3122 3050 3139 3075 ,
3208 3018 3450 3082 peregri-

1872 3109 2072 3154 nantur
2101 3114 2300 3170 praeter
2326 3101 2531 3171 proprii
2560 3102 2802 3171 episcopi
2837 3103 3186 3167 sententiam,
3241 3103 3443 3156 nullam

1872 3189 1973 3244 sibi
2007 3190 2076 3244 ab
2109 3205 2176 3244 eo
2229 3190 2492 3245 dimcesin
2525 3187 2836 3246 mandatam
2890 3192 3150 3250 habentes
3215 3195 3234 3264 (
3266 3193 3446 3248 forsan

1875 3282 2019 3352 quod
2041 3282 2110 3338 ab
2141 3281 2397 3353 episcopo
2425 3282 2476 3336 ei
2526 3283 2972 3338 administrandae
3028 3283 3208 3339 minus
3263 3284 3445 3338 idonei

1869 3370 2203 3440 judicentur,
2235 3383 2290 3425 et
2335 3373 2660 3443 quandoque
2695 3374 2766 3427 ab
2821 3373 3011 3428 eodem
3068 3377 3448 3430 excommuni-

1869 3461 1976 3514 cati
2015 3461 2219 3517 fuerint
2245 3461 2287 3531 ),
2321 3471 2377 3516 et
2402 3463 2469 3517 ad
2504 3463 2694 3518 urbem
2728 3465 3134 3534 imperatoriam
3169 3467 3254 3522 vel
3289 3468 3446 3523 aliam

1869 3551 2107 3621 aliquam
2143 3553 2367 3614 abeunt,
2407 3563 2460 3608 et
2497 3551 2695 3609 ibidem
2747 3554 2837 3608 diu
2880 3565 3304 3621 commorantes,
3335 3566 3451 3611 tur.

1869 3643 1971 3699 bas
2011 3643 2271 3709 excitant,
2306 3653 2618 3714 statumque
2637 3645 3068 3701 ecclesiastit-um
3106 3649 3448 3717 pertutbant,

1875 3742 1932 3788 et
1961 3734 2322 3804 quorumdam
2352 3734 2546 3790 domos
2583 3735 2926 3801 subvertunt,
2968 3752 3089 3800 eos,
3126 3749 3186 3791 ut
3226 3740 3319 3808 qui
3350 3754 3452 3792 ne-

1872 3824 2087 3894 glectim
2119 3825 2325 3890 vivant,
2355 3827 2423 3880 ab
2447 3827 2602 3881 urbis
2621 3829 2830 3898 synodo
2863 3829 3068 3884 invitos
3105 3831 3302 3900 expelli
3352 3833 3450 3887 de-
3481 3869 3486 3872 -

1871 3916 2070 3981 cernit,
2104 3927 2164 3970 ιιι
2193 3917 2251 3972 in
2283 3918 2504 3988 propria
2529 3919 2647 3974 loca
2680 3930 3044 3976 tevertantur.

1943 4101 2051 4172 25
2071 4101 2259 4156 Canon
2287 4111 2470 4156 autem
2497 4102 2564 4156 l0
2587 4119 2660 4158 vu
2685 4105 2900 4175 synodi,
2929 4122 3037 4160 non
3070 4107 3243 4162 solum
3268 4124 3421 4164 sacer
3438 4141 3452 4151 ο

1873 4195 2060 4251 dotem
2088 4196 2334 4266 deponit,
2359 4198 2449 4267 qui
2479 4198 2547 4251 ab
2572 4198 2706 4253 urbe
2745 4199 2798 4252 in
2826 4199 3014 4254 urbem
3043 4202 3335 4267 transierit,
3359 4205 3451 4257 sed

1873 4298 1930 4343 et
1956 4288 2085 4343 eum
2120 4289 2282 4343 etiam
2317 4290 2407 4358 qui
2443 4290 2509 4344 ad
2544 4289 2878 4360 imperialem
2911 4291 3100 4346 urbem
3161 4292 3455 4363 proﬂcisci~

1875 4395 2006 4447 tur,
2065 4393 2117 4440 et
2165 4386 2220 4438 in
2298 4386 2609 4456 principum
2667 4387 2922 4448 oratoriis
2993 4402 3145 4442 sacra
3204 4390 3450 4460 peragit,

1874 4477 2077 4544 absque
2138 4476 2292 4530 venia
2343 4477 2586 4547 episcOpi
2631 4477 2835 4546 proprii
2887 4487 2942 4531 et
2989 4476 3454 4550 Constantinopo-

1878 4569 2050 4624 litani.

1641 4675 1774 4727 φησι
1805 4671 1852 4726 ι)
1946 4660 2134 4715 Cauou
2163 4675 2299 4724 vero
2333 4659 2362 4712 4
2395 4675 2512 4730 syn.
2547 4675 2621 4724 tv,
2671 4659 2747 4714 Nc
2791 4660 2975 4726 liceat,
3010 4660 3206 4730 inquit,
3238 4661 3454 4718 clericis

1875 4755 2254 4820 cujuscunque
2281 4750 2525 4806 ecclesiae
2559 4750 2786 4816 fuerint,
2821 4751 2875 4804 in
2907 4753 3133 4807 alterius
3169 4753 3322 4807 urbis
3367 4769 3446 4807 ec-

1875 4842 2099 4900 clesiam
2159 4842 2424 4908 ordinari,
2490 4842 2586 4896 sed
2622 4857 2686 4895 ea
2743 4843 2983 4896 contenti
3020 4843 3127 4897 sint
3161 4845 3214 4898 in
3243 4860 3348 4914 qua
3387 4847 3456 4900 ab

1879 4936 2014 4990 intio
2045 4949 2204 4990 sacra
2240 4949 2502 5005 peragere
2525 4934 2674 5004 digni
2701 4935 3058 5000 habebantur,
3094 4938 3335 5008 exceptis
3388 4939 3455 4994 iis

1877 5027 1970 5098 qui
2005 5042 2114 5098 pne
2141 5026 2472 5082 necessitate
2498 5025 2730 5097 patriam
2763 5041 2914 5080 suam
2939 5027 3264 5083 amiserunt.
3335 5028 3457 5101 Epi-

1877 5134 2076 5190 scopus
2113 5127 2298 5174 autem
2320 5119 2414 5186 qui
2444 5118 2681 5173 alienum
2716 5118 2976 5172 clericum
3020 5122 3339 5191 susceperit,
3361 5141 3458 5179 ex-

1873 5213 2327 5273 communicetur,
2367 5212 2542 5266 donec
2584 5210 2824 5266 clericus
2882 5209 2949 5264 ad
2997 5211 3282 5268 ecclesiam
3334 5215 3460 5268 rcli-

1875 5314 2016 5358 ctam
2050 5317 2309 5358 reversus
2333 5303 2520 5357 fuerit.

1945 5395 2134 5449 Canon
2207 5405 2389 5449 autem
2450 5395 2516 5447 15
2569 5409 2691 5465 syn.
2753 5393 3055 5452 Neoczesar.
3131 5398 3457 5468 presbyteris

1874 5499 2023 5543 extra
2056 5489 2359 5558 quamlibet
2385 5489 2665 5542 civitatem
2704 5489 2988 5554 ordinatis,
3035 5491 3087 5545 in
3121 5506 3212 5544 eas
3244 5491 3455 5552 isgredi

1880 5581 2197 5650 ibidemque
2222 5581 2443 5646 oﬂ'erre,
2471 5581 2557 5634 vel
2578 5595 2790 5635 sacram
2816 5581 3261 5636 communionem
3293 5581 3456 5637 alieni

1877 5673 2157 5742 impertire
2189 5683 2300 5726 non
2352 5673 2642 5742 permittit,
2693 5683 2964 5743 praesente
2998 5673 3146 5727 urbis
3197 5674 3460 5744 epia't'OpO

1875 5765 1958 5820 vel
1985 5764 2321 5835 presbytero.
2352 5762 2508 5829 Quod
2541 5763 2591 5818 si
2616 5765 2778 5818 iidem
2820 5765 3115 5828 abfuerint,
3150 5765 3370 5820 etsoius
3393 5769 3459 5822 ad

1877 5857 2246 5927 precationem
2287 5865 2516 5912 vocatus
2545 5856 2728 5921 fuerit,
2759 5871 2888 5910 eum
2917 5857 3151 5928 ingredi,
3179 5867 3233 5912 et
3277 5873 3461 5913 sacra-

1877 5963 2058 6006 menta
2088 5950 2248 6005 alicui
2305 5949 2592 6019 impertire.
2635 5961 2743 6003 non
2773 5949 3055 6018 prohibet,
3089 5951 3134 6004 si
3199 5952 3362 6006 modo
3393 5968 3460 6008 ex
