  <div class='ocr_page' id='page_1' title='image "/cluster/home/n/w/nwhite01/storage/ocr_20150623/144/hvd.32044019208339/544.png"; bbox 0 0 3902 6578; ppageno 0'>
   <div class='ocr_carea' id='block_1_1' title="bbox 289 428 420 492">
    <p class='ocr_par' dir='ltr' id='par_1_1' title="bbox 289 428 420 492">
     <span class='ocr_line' id='line_1_1' title="bbox 289 428 420 492; baseline -0.008 -1"><span class='ocrx_word' id='word_1_1' title='bbox 289 428 420 492; x_wconf 76' lang='grc' dir='ltr'><strong>1οἸ3</strong></span> 
     </span>
    </p>
   </div>
   <div class='ocr_carea' id='block_1_2' title="bbox 1262 403 2546 493">
    <p class='ocr_par' dir='ltr' id='par_1_2' title="bbox 1262 403 2546 493">
     <span class='ocr_line' id='line_1_2' title="bbox 1262 403 2546 493; baseline -0.008 -6"><span class='ocrx_word' id='word_1_2' title='bbox 1262 423 1673 493; x_wconf 74' lang='lat' dir='ltr'><strong>SYXTAGMA</strong></span> <span class='ocrx_word' id='word_1_3' title='bbox 1710 403 2334 483; x_wconf 73' lang='lat' dir='ltr'><strong>ALPIIABETICUM.</strong></span> <span class='ocrx_word' id='word_1_4' title='bbox 2378 438 2447 452; x_wconf 89' lang='lat'><strong><em>—</em></strong></span> <span class='ocrx_word' id='word_1_5' title='bbox 2478 414 2546 477; x_wconf 76' lang='grc' dir='ltr'><strong>Α.</strong></span> 
     </span>
    </p>
   </div>
   <div class='ocr_carea' id='block_1_3' title="bbox 3362 375 3511 468">
    <p class='ocr_par' dir='ltr' id='par_1_3' title="bbox 3362 375 3511 468">
     <span class='ocr_line' id='line_1_3' title="bbox 3362 375 3511 468; baseline 0.007 -2"><span class='ocrx_word' id='word_1_6' title='bbox 3362 375 3511 468; x_wconf 67' lang='grc' dir='ltr'><strong>’ως-ι</strong></span> 
     </span>
    </p>
   </div>
   <div class='ocr_carea' id='block_1_4' title="bbox 280 518 1856 611">
    <p class='ocr_par' dir='ltr' id='par_1_4' title="bbox 280 534 1841 611">
     <span class='ocr_line' id='line_1_4' title="bbox 280 534 1841 611; baseline -0.004 -16"><span class='ocrx_word' id='word_1_7' title='bbox 280 540 673 608; x_wconf 73' lang='grc' dir='ltr'><strong>διακομίζοντος</strong></span> <span class='ocrx_word' id='word_1_8' title='bbox 701 539 892 595; x_wconf 80' lang='grc' dir='ltr'><strong>αἴτιον.</strong></span> <span class='ocrx_word' id='word_1_9' title='bbox 931 541 1023 594; x_wconf 81' lang='grc' dir='ltr'><strong>Δεῖ</strong></span> <span class='ocrx_word' id='word_1_10' title='bbox 1050 534 1166 605; x_wconf 80' lang='grc' dir='ltr'><strong>οὗν,</strong></span> <span class='ocrx_word' id='word_1_11' title='bbox 1200 540 1290 595; x_wconf 81' lang='grc' dir='ltr'><strong>τὸν</strong></span> <span class='ocrx_word' id='word_1_12' title='bbox 1317 541 1621 611; x_wconf 76' lang='grc' dir='ltr'><strong>ἀποδημεῖν</strong></span> <span class='ocrx_word' id='word_1_13' title='bbox 1647 536 1841 608; x_wconf 78' lang='grc' dir='ltr'><strong>ἑλόμε-</strong></span> 
     </span>
    </p>
   </div>
   <div class='ocr_carea' id='block_1_5' title="bbox 1966 518 3514 611">
    <p class='ocr_par' dir='ltr' id='par_1_5' title="bbox 1966 518 3514 599">
     <span class='ocr_line' id='line_1_5' title="bbox 1966 518 3514 599; baseline -0.008 -13"><span class='ocrx_word' id='word_1_14' title='bbox 1966 534 2201 589; x_wconf 80' lang='lat' dir='ltr'><strong>iabente.</strong></span> <span class='ocrx_word' id='word_1_15' title='bbox 2263 529 2514 586; x_wconf 82' lang='lat' dir='ltr'><strong>Clericus</strong></span> <span class='ocrx_word' id='word_1_16' title='bbox 2561 525 2756 599; x_wconf 82' lang='lat' dir='ltr'><strong>igitur,</strong></span> <span class='ocrx_word' id='word_1_17' title='bbox 2813 524 2901 579; x_wconf 89' lang='lat' dir='ltr'><strong>cui</strong></span> <span class='ocrx_word' id='word_1_18' title='bbox 2966 534 3189 597; x_wconf 83' lang='lat' dir='ltr'><strong>pen-gre</strong></span> <span class='ocrx_word' id='word_1_19' title='bbox 3243 518 3514 591; x_wconf 78' lang='lat' dir='ltr'><strong>proﬁcisci</strong></span> 
     </span>
    </p>
   </div>
   <div class='ocr_carea' id='block_1_6' title="bbox 281 624 1834 704">
    <p class='ocr_par' dir='ltr' id='par_1_6' title="bbox 281 624 1834 704">
     <span class='ocr_line' id='line_1_6' title="bbox 281 624 1834 704; baseline -0.003 -19"><span class='ocrx_word' id='word_1_20' title='bbox 281 653 365 687; x_wconf 90' lang='grc' dir='ltr'><strong>νον</strong></span> <span class='ocrx_word' id='word_1_21' title='bbox 388 632 667 704; x_wconf 70' lang='grc' dir='ltr'><strong>κληρικδν,</strong></span> <span class='ocrx_word' id='word_1_22' title='bbox 696 632 881 696; x_wconf 69' lang='grc' dir='ltr'><strong>διττὰς</strong></span> <span class='ocrx_word' id='word_1_23' title='bbox 918 624 1206 702; x_wconf 59' lang='grc' dir='ltr'><strong>’ἐπιφέρειν</strong></span> <span class='ocrx_word' id='word_1_24' title='bbox 1238 631 1549 694; x_wconf 73' lang='grc' dir='ltr'><strong>ἐπιστολὰς,</strong></span> <span class='ocrx_word' id='word_1_25' title='bbox 1575 645 1834 684; x_wconf 86' lang='grc' dir='ltr'><strong>συστατι-</strong></span> 
     </span>
    </p>
   </div>
   <div class='ocr_carea' id='block_1_7' title="bbox 1946 612 3518 689">
    <p class='ocr_par' dir='ltr' id='par_1_7' title="bbox 1946 612 3518 689">
     <span class='ocr_line' id='line_1_7' title="bbox 1946 612 3518 689; baseline -0.01 -10"><span class='ocrx_word' id='word_1_26' title='bbox 1946 623 2003 679; x_wconf 90' lang='lat' dir='ltr'><strong>in</strong></span> <span class='ocrx_word' id='word_1_27' title='bbox 2033 624 2219 679; x_wconf 88' lang='lat' dir='ltr'><strong>animo</strong></span> <span class='ocrx_word' id='word_1_28' title='bbox 2246 631 2354 688; x_wconf 90' lang='lat' dir='ltr'><strong>est,</strong></span> <span class='ocrx_word' id='word_1_29' title='bbox 2409 621 2546 676; x_wconf 88' lang='lat' dir='ltr'><strong>duas</strong></span> <span class='ocrx_word' id='word_1_30' title='bbox 2575 617 2857 689; x_wconf 74' lang='lat' dir='ltr'><strong>epistolas.</strong></span> <span class='ocrx_word' id='word_1_31' title='bbox 2913 612 3425 672; x_wconf 75' lang='lat' dir='ltr'><strong>commendatitiam.</strong></span> <span class='ocrx_word' id='word_1_32' title='bbox 3462 621 3518 665; x_wconf 79' lang='lat' dir='ltr'><strong>ct</strong></span> 
     </span>
    </p>
   </div>
   <div class='ocr_carea' id='block_1_8' title="bbox 282 704 1856 794">
    <p class='ocr_par' dir='ltr' id='par_1_8' title="bbox 282 722 1839 794">
     <span class='ocr_line' id='line_1_8' title="bbox 282 722 1839 794; baseline -0.005 -15"><span class='ocrx_word' id='word_1_33' title='bbox 282 726 379 793; x_wconf 69' lang='grc' dir='ltr'><strong>κήν</strong></span> <span class='ocrx_word' id='word_1_34' title='bbox 409 739 467 776; x_wconf 84' lang='grc' dir='ltr'><strong>τε</strong></span> <span class='ocrx_word' id='word_1_35' title='bbox 504 724 602 778; x_wconf 68' lang='grc' dir='ltr'><strong>καὶ</strong></span> <span class='ocrx_word' id='word_1_36' title='bbox 640 724 1003 794; x_wconf 78' lang='grc' dir='ltr'><strong>ἀπολυτικὴν,</strong></span> <span class='ocrx_word' id='word_1_37' title='bbox 1033 723 1110 788; x_wconf 85' lang='grc' dir='ltr'><strong>ῶς</strong></span> <span class='ocrx_word' id='word_1_38' title='bbox 1143 724 1210 778; x_wconf 82' lang='grc' dir='ltr'><strong>ἂν</strong></span> <span class='ocrx_word' id='word_1_39' title='bbox 1235 725 1302 794; x_wconf 81' lang='grc' dir='ltr'><strong>τῇ</strong></span> <span class='ocrx_word' id='word_1_40' title='bbox 1334 722 1434 793; x_wconf 81' lang='grc' dir='ltr'><strong>μὲν</strong></span> <span class='ocrx_word' id='word_1_41' title='bbox 1466 723 1547 786; x_wconf 84' lang='grc' dir='ltr'><strong>είς</strong></span> <span class='ocrx_word' id='word_1_42' title='bbox 1576 722 1839 775; x_wconf 85' lang='grc' dir='ltr'><strong>σύστασιν</strong></span> 
     </span>
    </p>
   </div>
   <div class='ocr_carea' id='block_1_9' title="bbox 1966 704 3516 794">
    <p class='ocr_par' dir='ltr' id='par_1_9' title="bbox 1966 704 3516 777">
     <span class='ocr_line' id='line_1_9' title="bbox 1966 704 3516 777; baseline -0.008 -8"><span class='ocrx_word' id='word_1_43' title='bbox 1966 714 2309 770; x_wconf 74' lang='lat' dir='ltr'><strong>limissoriam</strong></span> <span class='ocrx_word' id='word_1_44' title='bbox 2377 712 2523 769; x_wconf 78' lang='lat' dir='ltr'><strong>ferre</strong></span> <span class='ocrx_word' id='word_1_45' title='bbox 2597 710 2794 775; x_wconf 87' lang='lat' dir='ltr'><strong>debet;</strong></span> <span class='ocrx_word' id='word_1_46' title='bbox 2855 718 2912 763; x_wconf 90' lang='lat' dir='ltr'><strong>ut</strong></span> <span class='ocrx_word' id='word_1_47' title='bbox 2959 709 3127 763; x_wconf 85' lang='lat' dir='ltr'><strong>altera</strong></span> <span class='ocrx_word' id='word_1_48' title='bbox 3174 706 3390 777; x_wconf 79' lang='lat' dir='ltr'><strong>quidem</strong></span> <span class='ocrx_word' id='word_1_49' title='bbox 3449 704 3516 758; x_wconf 88' lang='lat' dir='ltr'><strong>ad</strong></span> 
     </span>
    </p>
   </div>
   <div class='ocr_carea' id='block_1_10' title="bbox 279 811 1841 887">
    <p class='ocr_par' dir='ltr' id='par_1_10' title="bbox 279 811 1841 887">
     <span class='ocr_line' id='line_1_10' title="bbox 279 811 1841 887; baseline -0.003 -19"><span class='ocrx_word' id='word_1_50' title='bbox 279 817 568 886; x_wconf 79' lang='grc' dir='ltr'><strong>χρήσηται,</strong></span> <span class='ocrx_word' id='word_1_51' title='bbox 621 814 717 869; x_wconf 81' lang='grc' dir='ltr'><strong>τοῦ</strong></span> <span class='ocrx_word' id='word_1_52' title='bbox 763 832 823 868; x_wconf 88' lang='grc' dir='ltr'><strong>τε</strong></span> <span class='ocrx_word' id='word_1_53' title='bbox 868 815 1000 887; x_wconf 70' lang='grc' dir='ltr'><strong>περὶ</strong></span> <span class='ocrx_word' id='word_1_54' title='bbox 1047 813 1145 885; x_wconf 75' lang='grc' dir='ltr'><strong>τὴν</strong></span> <span class='ocrx_word' id='word_1_55' title='bbox 1197 814 1361 886; x_wconf 76' lang='grc' dir='ltr'><strong>ὀρθὴν</strong></span> <span class='ocrx_word' id='word_1_56' title='bbox 1408 814 1592 868; x_wconf 89' lang='grc' dir='ltr'><strong>πίστιν</strong></span> <span class='ocrx_word' id='word_1_57' title='bbox 1651 811 1841 880; x_wconf 78' lang='grc' dir='ltr'><strong>ὑγιοῦς</strong></span> 
     </span>
    </p>
   </div>
   <div class='ocr_carea' id='block_1_11' title="bbox 277 904 1843 979">
    <p class='ocr_par' dir='ltr' id='par_1_11' title="bbox 277 904 1843 979">
     <span class='ocr_line' id='line_1_11' title="bbox 277 904 1843 979; baseline -0.004 -19"><span class='ocrx_word' id='word_1_58' title='bbox 277 907 437 960; x_wconf 79' lang='grc' dir='ltr'><strong>αὐτοῦ</strong></span> <span class='ocrx_word' id='word_1_59' title='bbox 468 907 841 977; x_wconf 80' lang='grc' dir='ltr'><strong>φρονήματος,</strong></span> <span class='ocrx_word' id='word_1_60' title='bbox 893 906 990 962; x_wconf 81' lang='grc' dir='ltr'><strong>καὶ</strong></span> <span class='ocrx_word' id='word_1_61' title='bbox 1016 907 1112 960; x_wconf 84' lang='grc' dir='ltr'><strong>τοῦ</strong></span> <span class='ocrx_word' id='word_1_62' title='bbox 1146 908 1276 979; x_wconf 78' lang='grc' dir='ltr'><strong>περὶ</strong></span> <span class='ocrx_word' id='word_1_63' title='bbox 1317 906 1407 961; x_wconf 64' lang='grc' dir='ltr'><strong>τὸν</strong></span> <span class='ocrx_word' id='word_1_64' title='bbox 1436 905 1552 976; x_wconf 84' lang='grc' dir='ltr'><strong>βίον</strong></span> <span class='ocrx_word' id='word_1_65' title='bbox 1581 904 1843 974; x_wconf 75' lang='grc' dir='ltr'><strong>ἀνεπιλή-</strong></span> 
     </span>
    </p>
   </div>
   <div class='ocr_carea' id='block_1_12' title="bbox 278 995 1840 1071">
    <p class='ocr_par' dir='ltr' id='par_1_12' title="bbox 278 995 1840 1071">
     <span class='ocr_line' id='line_1_12' title="bbox 278 995 1840 1071; baseline -0.002 -20"><span class='ocrx_word' id='word_1_66' title='bbox 278 1016 431 1062; x_wconf 88' lang='grc' dir='ltr'><strong>πτου,</strong></span> <span class='ocrx_word' id='word_1_67' title='bbox 460 996 545 1050; x_wconf 71' lang='grc' dir='ltr'><strong>ἔτι</strong></span> <span class='ocrx_word' id='word_1_68' title='bbox 581 1016 639 1052; x_wconf 86' lang='grc' dir='ltr'><strong>τε</strong></span> <span class='ocrx_word' id='word_1_69' title='bbox 662 996 758 1052; x_wconf 84' lang='grc' dir='ltr'><strong>τοῦ</strong></span> <span class='ocrx_word' id='word_1_70' title='bbox 790 999 1087 1071; x_wconf 73' lang='grc' dir='ltr'><strong>προσόντος</strong></span> <span class='ocrx_word' id='word_1_71' title='bbox 1118 997 1266 1070; x_wconf 81' lang='grc' dir='ltr'><strong>αύτῷ</strong></span> <span class='ocrx_word' id='word_1_72' title='bbox 1302 997 1574 1067; x_wconf 82' lang='grc' dir='ltr'><strong>ἱερατικοῦ</strong></span> <span class='ocrx_word' id='word_1_73' title='bbox 1607 995 1840 1068; x_wconf 70' lang='grc' dir='ltr'><strong>βαθμοῦ*</strong></span> 
     </span>
    </p>
   </div>
   <div class='ocr_carea' id='block_1_13' title="bbox 278 1088 1846 1161">
    <p class='ocr_par' dir='ltr' id='par_1_13' title="bbox 278 1088 1846 1161">
     <span class='ocr_line' id='line_1_13' title="bbox 278 1088 1846 1161; baseline -0.009 -16"><span class='ocrx_word' id='word_1_74' title='bbox 278 1094 340 1159; x_wconf 77' lang='grc' dir='ltr'><strong>τῇ</strong></span> <span class='ocrx_word' id='word_1_75' title='bbox 378 1088 457 1151; x_wconf 75' lang='grc' dir='ltr'><strong>δὲ,</strong></span> <span class='ocrx_word' id='word_1_76' title='bbox 488 1090 572 1152; x_wconf 84' lang='grc' dir='ltr'><strong>είς</strong></span> <span class='ocrx_word' id='word_1_77' title='bbox 605 1090 669 1143; x_wconf 79' lang='grc' dir='ltr'><strong>τὸ</strong></span> <span class='ocrx_word' id='word_1_78' title='bbox 713 1091 1124 1161; x_wconf 75' lang='grc' dir='ltr'><strong>ἀνεμποδίστως</strong></span> <span class='ocrx_word' id='word_1_79' title='bbox 1153 1091 1247 1145; x_wconf 74' lang='grc' dir='ltr'><strong>καὶ</strong></span> <span class='ocrx_word' id='word_1_80' title='bbox 1296 1090 1381 1159; x_wconf 74' lang='grc' dir='ltr'><strong>ἐφ’</strong></span> <span class='ocrx_word' id='word_1_81' title='bbox 1412 1091 1602 1161; x_wconf 79' lang='grc' dir='ltr'><strong>ἐτέρας</strong></span> <span class='ocrx_word' id='word_1_82' title='bbox 1647 1090 1846 1160; x_wconf 78' lang='grc' dir='ltr'><strong>ἐκκλη-</strong></span> 
     </span>
    </p>
   </div>
   <div class='ocr_carea' id='block_1_14' title="bbox 281 1181 1846 1259">
    <p class='ocr_par' dir='ltr' id='par_1_14' title="bbox 281 1181 1846 1259">
     <span class='ocr_line' id='line_1_14' title="bbox 281 1181 1846 1259; baseline 0 -22"><span class='ocrx_word' id='word_1_83' title='bbox 281 1184 392 1245; x_wconf 86' lang='grc' dir='ltr'><strong>σίας</strong></span> <span class='ocrx_word' id='word_1_84' title='bbox 422 1181 625 1248; x_wconf 76' lang='grc' dir='ltr'><strong>ἐξεῖναι</strong></span> <span class='ocrx_word' id='word_1_85' title='bbox 680 1185 1007 1258; x_wconf 70' lang='grc' dir='ltr'><strong>ἱερουργεῖν,</strong></span> <span class='ocrx_word' id='word_1_86' title='bbox 1051 1184 1214 1256; x_wconf 81' lang='grc' dir='ltr'><strong>ῆκαὶ</strong></span> <span class='ocrx_word' id='word_1_87' title='bbox 1268 1183 1347 1254; x_wconf 76' lang='grc' dir='ltr'><strong>τῷ</strong></span> <span class='ocrx_word' id='word_1_88' title='bbox 1401 1183 1594 1256; x_wconf 76' lang='grc' dir='ltr'><strong>κλήρῳ</strong></span> <span class='ocrx_word' id='word_1_89' title='bbox 1639 1184 1846 1259; x_wconf 81' lang='grc' dir='ltr'><strong>ταύτης</strong></span> 
     </span>
    </p>
   </div>
   <div class='ocr_carea' id='block_1_15' title="bbox 282 1274 784 1345">
    <p class='ocr_par' dir='ltr' id='par_1_15' title="bbox 282 1274 784 1345">
     <span class='ocr_line' id='line_1_15' title="bbox 282 1274 784 1345; baseline 0.002 -15"><span class='ocrx_word' id='word_1_90' title='bbox 282 1274 784 1345; x_wconf 79' lang='grc' dir='ltr'><strong>συγκαταλεγῆναι.</strong></span> 
     </span>
    </p>
   </div>
   <div class='ocr_carea' id='block_1_16' title="bbox 357 1363 1848 1437">
    <p class='ocr_par' dir='ltr' id='par_1_16' title="bbox 357 1363 1848 1437">
     <span class='ocr_line' id='line_1_16' title="bbox 357 1363 1848 1437; baseline 0 -18"><span class='ocrx_word' id='word_1_91' title='bbox 357 1364 415 1419; x_wconf 84' lang='grc' dir='ltr'>Ὀ</span> <span class='ocrx_word' id='word_1_92' title='bbox 438 1365 494 1419; x_wconf 85' lang='grc' dir='ltr'><strong>δέ</strong></span> <span class='ocrx_word' id='word_1_93' title='bbox 526 1382 592 1433; x_wconf 88' lang='grc' dir='ltr'><strong>γε</strong></span> <span class='ocrx_word' id='word_1_94' title='bbox 625 1364 691 1436; x_wconf 78' lang='grc' dir='ltr'><strong>ιβ’</strong></span> <span class='ocrx_word' id='word_1_95' title='bbox 722 1366 802 1421; x_wconf 75' lang='grc' dir='ltr'><strong>ἔτι</strong></span> <span class='ocrx_word' id='word_1_96' title='bbox 838 1366 895 1420; x_wconf 77' lang='grc' dir='ltr'><strong>δὲ</strong></span> <span class='ocrx_word' id='word_1_97' title='bbox 928 1368 1024 1421; x_wconf 69' lang='grc' dir='ltr'><strong>καὶ</strong></span> <span class='ocrx_word' id='word_1_98' title='bbox 1065 1363 1135 1437; x_wconf 88' lang='grc' dir='ltr'><strong>ιγ’</strong></span> <span class='ocrx_word' id='word_1_99' title='bbox 1162 1366 1271 1421; x_wconf 89' lang='grc' dir='ltr'><strong>τῶν</strong></span> <span class='ocrx_word' id='word_1_100' title='bbox 1302 1367 1484 1421; x_wconf 77' lang='grc' dir='ltr'><strong>αὐτῶν</strong></span> <span class='ocrx_word' id='word_1_101' title='bbox 1512 1367 1682 1436; x_wconf 82' lang='grc' dir='ltr'><strong>ἁγίων</strong></span> <span class='ocrx_word' id='word_1_102' title='bbox 1711 1367 1848 1420; x_wconf 78' lang='grc' dir='ltr'><strong>ἀπο-</strong></span> 
     </span>
    </p>
   </div>
   <div class='ocr_carea' id='block_1_17' title="bbox 281 1455 1849 1533">
    <p class='ocr_par' dir='ltr' id='par_1_17' title="bbox 281 1455 1849 1533">
     <span class='ocr_line' id='line_1_17' title="bbox 281 1455 1849 1533; baseline 0.002 -24"><span class='ocrx_word' id='word_1_103' title='bbox 281 1455 496 1521; x_wconf 82' lang='grc' dir='ltr'><strong>στόλων,</strong></span> <span class='ocrx_word' id='word_1_104' title='bbox 525 1456 589 1510; x_wconf 81' lang='grc' dir='ltr'><strong>ὅν</strong></span> <span class='ocrx_word' id='word_1_105' title='bbox 617 1461 646 1511; x_wconf 99' lang='lat'><strong>6</strong></span> <span class='ocrx_word' id='word_1_106' title='bbox 682 1457 813 1523; x_wconf 83' lang='grc' dir='ltr'><strong>ῐδιος</strong></span> <span class='ocrx_word' id='word_1_107' title='bbox 849 1459 1148 1522; x_wconf 79' lang='grc' dir='ltr'><strong>ἐπίσκοπος</strong></span> <span class='ocrx_word' id='word_1_108' title='bbox 1176 1461 1561 1533; x_wconf 80' lang='grc' dir='ltr'><strong>χειροτονῆσαι</strong></span> <span class='ocrx_word' id='word_1_109' title='bbox 1583 1460 1683 1514; x_wconf 79' lang='grc' dir='ltr'><strong>οὐκ</strong></span> <span class='ocrx_word' id='word_1_110' title='bbox 1707 1459 1849 1525; x_wconf 60' lang='lat' dir='ltr'><strong>dinei</strong></span> 
     </span>
    </p>
   </div>
   <div class='ocr_carea' id='block_1_18' title="bbox 281 1546 1851 1621">
    <p class='ocr_par' dir='ltr' id='par_1_18' title="bbox 281 1546 1851 1621">
     <span class='ocr_line' id='line_1_18' title="bbox 281 1546 1851 1621; baseline 0.003 -21"><span class='ocrx_word' id='word_1_111' title='bbox 281 1546 568 1618; x_wconf 82' lang='grc' dir='ltr'><strong>κληρικδν,</strong></span> <span class='ocrx_word' id='word_1_112' title='bbox 603 1547 762 1603; x_wconf 77' lang='grc' dir='ltr'><strong>τοῦτο</strong></span> <span class='ocrx_word' id='word_1_113' title='bbox 802 1550 931 1613; x_wconf 74' lang='grc' dir='ltr'><strong>ἴσως</strong></span> <span class='ocrx_word' id='word_1_114' title='bbox 983 1550 1049 1606; x_wconf 83' lang='grc' dir='ltr'><strong>δι’</strong></span> <span class='ocrx_word' id='word_1_115' title='bbox 1091 1549 1271 1615; x_wconf 85' lang='grc' dir='ltr'><strong>αίτίας</strong></span> <span class='ocrx_word' id='word_1_116' title='bbox 1298 1551 1452 1615; x_wconf 75' lang='grc' dir='ltr'><strong>τινὰς</strong></span> <span class='ocrx_word' id='word_1_117' title='bbox 1490 1550 1851 1621; x_wconf 81' lang='grc' dir='ltr'><strong>ὑπερτιθέμε-</strong></span> 
     </span>
    </p>
   </div>
   <div class='ocr_carea' id='block_1_19' title="bbox 280 1639 1849 1715">
    <p class='ocr_par' dir='ltr' id='par_1_19' title="bbox 280 1639 1849 1715">
     <span class='ocr_line' id='line_1_19' title="bbox 280 1639 1849 1715; baseline 0.004 -25"><span class='ocrx_word' id='word_1_118' title='bbox 280 1656 384 1705; x_wconf 82' lang='grc' dir='ltr'><strong>νος,</strong></span> <span class='ocrx_word' id='word_1_119' title='bbox 415 1639 617 1711; x_wconf 80' lang='grc' dir='ltr'><strong>μέχρις</strong></span> <span class='ocrx_word' id='word_1_120' title='bbox 643 1639 709 1694; x_wconf 80' lang='grc' dir='ltr'><strong>ἂν</strong></span> <span class='ocrx_word' id='word_1_121' title='bbox 731 1640 1050 1708; x_wconf 78' lang='grc' dir='ltr'><strong>διαλυθῶσι,</strong></span> <span class='ocrx_word' id='word_1_122' title='bbox 1081 1643 1344 1714; x_wconf 82' lang='grc' dir='ltr'><strong>μηδαμῶς</strong></span> <span class='ocrx_word' id='word_1_123' title='bbox 1368 1643 1540 1715; x_wconf 77' lang='grc' dir='ltr'><strong>ἑτέρῳ</strong></span> <span class='ocrx_word' id='word_1_124' title='bbox 1560 1642 1849 1715; x_wconf 82' lang='grc' dir='ltr'><strong>προσιέναι</strong></span> 
     </span>
    </p>
   </div>
   <div class='ocr_carea' id='block_1_20' title="bbox 279 1730 1847 1808">
    <p class='ocr_par' dir='ltr' id='par_1_20' title="bbox 279 1730 1847 1808">
     <span class='ocr_line' id='line_1_20' title="bbox 279 1730 1847 1808; baseline 0.003 -23"><span class='ocrx_word' id='word_1_125' title='bbox 279 1731 365 1785; x_wconf 80' lang='grc' dir='ltr'><strong>διὰ</strong></span> <span class='ocrx_word' id='word_1_126' title='bbox 393 1730 565 1785; x_wconf 81' lang='grc' dir='ltr'><strong>ταῦτα</strong></span> <span class='ocrx_word' id='word_1_127' title='bbox 617 1734 708 1787; x_wconf 62' lang='grc' dir='ltr'><strong>τὶν</strong></span> <span class='ocrx_word' id='word_1_128' title='bbox 742 1733 1004 1808; x_wconf 81' lang='grc' dir='ltr'><strong>κληρικδν</strong></span> <span class='ocrx_word' id='word_1_129' title='bbox 1047 1735 1336 1807; x_wconf 76' lang='grc' dir='ltr'><strong>ὲπισκόπῳ</strong></span> <span class='ocrx_word' id='word_1_130' title='bbox 1382 1736 1735 1791; x_wconf 75' lang='grc' dir='ltr'><strong>κελεύουσινο</strong></span> <span class='ocrx_word' id='word_1_131' title='bbox 1785 1735 1847 1790; x_wconf 81' lang='grc' dir='ltr'><strong>οὐ</strong></span> 
     </span>
    </p>
   </div>
   <div class='ocr_carea' id='block_1_21' title="bbox 283 1823 1844 1901">
    <p class='ocr_par' dir='ltr' id='par_1_21' title="bbox 283 1823 1844 1901">
     <span class='ocr_line' id='line_1_21' title="bbox 283 1823 1844 1901; baseline 0.003 -26"><span class='ocrx_word' id='word_1_132' title='bbox 283 1823 382 1893; x_wconf 76' lang='grc' dir='ltr'><strong>μὴν</strong></span> <span class='ocrx_word' id='word_1_133' title='bbox 410 1823 522 1877; x_wconf 82' lang='grc' dir='ltr'><strong>οὐδ’</strong></span> <span class='ocrx_word' id='word_1_134' title='bbox 549 1825 743 1901; x_wconf 76' lang='grc' dir='ltr'><strong>ἐκείνῳ</strong></span> <span class='ocrx_word' id='word_1_135' title='bbox 768 1826 861 1880; x_wconf 73' lang='grc' dir='ltr'><strong>τὸν</strong></span> <span class='ocrx_word' id='word_1_136' title='bbox 884 1827 1162 1896; x_wconf 85' lang='grc' dir='ltr'><strong>ἀλλότριον</strong></span> <span class='ocrx_word' id='word_1_137' title='bbox 1198 1829 1388 1900; x_wconf 74' lang='grc' dir='ltr'><strong>ἐφιᾶσι</strong></span> <span class='ocrx_word' id='word_1_138' title='bbox 1421 1829 1685 1901; x_wconf 74' lang='grc' dir='ltr'><strong>κληρικδν</strong></span> <span class='ocrx_word' id='word_1_139' title='bbox 1712 1828 1844 1882; x_wconf 80' lang='grc' dir='ltr'><strong>ὐπο-</strong></span> 
     </span>
    </p>
   </div>
   <div class='ocr_carea' id='block_1_22' title="bbox 281 1912 1851 1991">
    <p class='ocr_par' dir='ltr' id='par_1_22' title="bbox 281 1912 1851 1991">
     <span class='ocr_line' id='line_1_22' title="bbox 281 1912 1851 1991; baseline 0.004 -24"><span class='ocrx_word' id='word_1_140' title='bbox 281 1914 554 1984; x_wconf 79' lang='grc' dir='ltr'><strong>δέχεσθαι,</strong></span> <span class='ocrx_word' id='word_1_141' title='bbox 588 1917 931 1976; x_wconf 81' lang='grc' dir='ltr'><strong>συστατικῶν</strong></span> <span class='ocrx_word' id='word_1_142' title='bbox 955 1920 1085 1975; x_wconf 76' lang='grc' dir='ltr'><strong>ἄνευ</strong></span> <span class='ocrx_word' id='word_1_143' title='bbox 1127 1920 1475 1991; x_wconf 71' lang='grc' dir='ltr'><strong>γραμμάτων</strong></span> <span class='ocrx_word' id='word_1_144' title='bbox 1503 1920 1598 1973; x_wconf 74' lang='grc' dir='ltr'><strong>τοῦ</strong></span> <span class='ocrx_word' id='word_1_145' title='bbox 1644 1920 1776 1989; x_wconf 86' lang='grc' dir='ltr'><strong>παρ’</strong></span> 
     </span>
    </p>
   </div>
   <div class='ocr_carea' id='block_1_23' title="bbox 281 2006 1851 2086">
    <p class='ocr_par' dir='ltr' id='par_1_23' title="bbox 281 2006 1851 2086">
     <span class='ocr_line' id='line_1_23' title="bbox 281 2006 1851 2086; baseline 0.008 -27"><span class='ocrx_word' id='word_1_146' title='bbox 281 2006 576 2076; x_wconf 71' lang='grc' dir='ltr'><strong>ἐξητάζετο</strong></span> <span class='ocrx_word' id='word_1_147' title='bbox 607 2011 929 2065; x_wconf 72' lang='grc' dir='ltr'><strong>ἐπισκόπου*</strong></span> <span class='ocrx_word' id='word_1_148' title='bbox 963 2013 1090 2075; x_wconf 78' lang='grc' dir='ltr'><strong>τοὺς</strong></span> <span class='ocrx_word' id='word_1_149' title='bbox 1139 2013 1195 2067; x_wconf 82' lang='grc' dir='ltr'><strong>δὲ</strong></span> <span class='ocrx_word' id='word_1_150' title='bbox 1245 2012 1397 2086; x_wconf 75' lang='grc' dir='ltr'><strong>παρὰ</strong></span> <span class='ocrx_word' id='word_1_151' title='bbox 1443 2014 1618 2069; x_wconf 71' lang='grc' dir='ltr'><strong>ταῦτα</strong></span> <span class='ocrx_word' id='word_1_152' title='bbox 1646 2013 1851 2084; x_wconf 74' lang='grc' dir='ltr'><strong>πρᾶξαι</strong></span> 
     </span>
    </p>
   </div>
   <div class='ocr_carea' id='block_1_24' title="bbox 281 2098 1852 2180">
    <p class='ocr_par' dir='ltr' id='par_1_24' title="bbox 281 2098 1852 2180">
     <span class='ocr_line' id='line_1_24' title="bbox 281 2098 1852 2180; baseline 0.006 -30"><span class='ocrx_word' id='word_1_153' title='bbox 281 2098 682 2170; x_wconf 74' lang='grc' dir='ltr'><strong>τολμήσαντας,</strong></span> <span class='ocrx_word' id='word_1_154' title='bbox 715 2104 782 2173; x_wconf 81' lang='grc' dir='ltr'><strong>τῇ</strong></span> <span class='ocrx_word' id='word_1_155' title='bbox 817 2103 918 2175; x_wconf 81' lang='grc' dir='ltr'><strong>μιᾷ</strong></span> <span class='ocrx_word' id='word_1_156' title='bbox 964 2102 1059 2157; x_wconf 83' lang='grc' dir='ltr'><strong>τοῦ</strong></span> <span class='ocrx_word' id='word_1_157' title='bbox 1101 2105 1410 2177; x_wconf 78' lang='grc' dir='ltr'><strong>ἀφορισμοῦ</strong></span> <span class='ocrx_word' id='word_1_158' title='bbox 1443 2107 1711 2180; x_wconf 76' lang='grc' dir='ltr'><strong>καταδὲκῃ</strong></span> <span class='ocrx_word' id='word_1_159' title='bbox 1757 2107 1852 2161; x_wconf 66' lang='grc' dir='ltr'><strong>καὶ</strong></span> 
     </span>
    </p>
   </div>
   <div class='ocr_carea' id='block_1_25' title="bbox 281 2191 1853 2270">
    <p class='ocr_par' dir='ltr' id='par_1_25' title="bbox 281 2191 1853 2270">
     <span class='ocr_line' id='line_1_25' title="bbox 281 2191 1853 2270; baseline 0.004 -25"><span class='ocrx_word' id='word_1_160' title='bbox 281 2191 627 2263; x_wconf 68' lang='grc' dir='ltr'><strong>ἀμφοτέρους</strong></span> <span class='ocrx_word' id='word_1_161' title='bbox 664 2193 994 2264; x_wconf 77' lang='grc' dir='ltr'><strong>ὑπάγεσθαι,</strong></span> <span class='ocrx_word' id='word_1_162' title='bbox 1032 2196 1123 2251; x_wconf 86' lang='grc' dir='ltr'><strong>τόν</strong></span> <span class='ocrx_word' id='word_1_163' title='bbox 1160 2215 1217 2251; x_wconf 90' lang='grc' dir='ltr'><strong>τε</strong></span> <span class='ocrx_word' id='word_1_164' title='bbox 1250 2197 1535 2270; x_wconf 83' lang='grc' dir='ltr'><strong>κληρικδν,</strong></span> <span class='ocrx_word' id='word_1_165' title='bbox 1560 2201 1725 2269; x_wconf 76' lang='grc' dir='ltr'><strong>φημὶ,</strong></span> <span class='ocrx_word' id='word_1_166' title='bbox 1757 2198 1853 2253; x_wconf 71' lang='grc' dir='ltr'><strong>καὶ</strong></span> 
     </span>
    </p>
   </div>
   <div class='ocr_carea' id='block_1_26' title="bbox 280 2282 1850 2362">
    <p class='ocr_par' dir='ltr' id='par_1_26' title="bbox 280 2282 1850 2362">
     <span class='ocr_line' id='line_1_26' title="bbox 280 2282 1850 2362; baseline 0.004 -23"><span class='ocrx_word' id='word_1_167' title='bbox 280 2282 367 2339; x_wconf 71' lang='grc' dir='ltr'><strong>τὸν</strong></span> <span class='ocrx_word' id='word_1_168' title='bbox 403 2285 846 2356; x_wconf 78' lang='grc' dir='ltr'><strong>προσδεξάμενον</strong></span> <span class='ocrx_word' id='word_1_169' title='bbox 890 2289 1191 2344; x_wconf 78' lang='grc' dir='ltr'><strong>ἐπίσκοπον</strong></span> <span class='ocrx_word' id='word_1_170' title='bbox 1216 2307 1230 2325; x_wconf 74' lang='grc'><strong><em>²</em></strong></span> <span class='ocrx_word' id='word_1_171' title='bbox 1274 2292 1323 2345; x_wconf 84' lang='grc' dir='ltr'><strong>εἰ</strong></span> <span class='ocrx_word' id='word_1_172' title='bbox 1368 2291 1425 2346; x_wconf 80' lang='grc' dir='ltr'><strong>δὲ</strong></span> <span class='ocrx_word' id='word_1_173' title='bbox 1470 2308 1850 2362; x_wconf 72' lang='grc' dir='ltr'><strong>κεχειροτονηο</strong></span> 
     </span>
    </p>
   </div>
   <div class='ocr_carea' id='block_1_27' title="bbox 286 2373 1856 2453">
    <p class='ocr_par' dir='ltr' id='par_1_27' title="bbox 286 2373 1856 2453">
     <span class='ocr_line' id='line_1_27' title="bbox 286 2373 1856 2453; baseline 0.007 -27"><span class='ocrx_word' id='word_1_174' title='bbox 286 2373 438 2443; x_wconf 72' lang='grc' dir='ltr'><strong>μένος</strong></span> <span class='ocrx_word' id='word_1_175' title='bbox 470 2376 577 2444; x_wconf 79' lang='grc' dir='ltr'><strong>μὲν</strong></span> <span class='ocrx_word' id='word_1_176' title='bbox 627 2378 712 2448; x_wconf 74' lang='grc' dir='ltr'><strong>εἴη</strong></span> <span class='ocrx_word' id='word_1_177' title='bbox 742 2379 801 2432; x_wconf 82' lang='grc' dir='ltr'><strong>ὃν</strong></span> <span class='ocrx_word' id='word_1_178' title='bbox 833 2381 1198 2451; x_wconf 81' lang='grc' dir='ltr'><strong>προσεδέξατο</strong></span> <span class='ocrx_word' id='word_1_179' title='bbox 1251 2382 1513 2453; x_wconf 78' lang='grc' dir='ltr'><strong>κληρικδν</strong></span> <span class='ocrx_word' id='word_1_180' title='bbox 1564 2384 1593 2437; x_wconf 90' lang='lat'><strong>6</strong></span> <span class='ocrx_word' id='word_1_181' title='bbox 1635 2384 1856 2437; x_wconf 72' lang='grc' dir='ltr'><strong>ἐπίσκο-</strong></span> 
     </span>
    </p>
   </div>
   <div class='ocr_carea' id='block_1_28' title="bbox 284 2466 1854 2545">
    <p class='ocr_par' dir='ltr' id='par_1_28' title="bbox 284 2466 1854 2545">
     <span class='ocr_line' id='line_1_28' title="bbox 284 2466 1854 2545; baseline 0 -18"><span class='ocrx_word' id='word_1_182' title='bbox 284 2479 400 2527; x_wconf 84' lang='grc' dir='ltr'><strong>πος.</strong></span> <span class='ocrx_word' id='word_1_183' title='bbox 434 2466 823 2540; x_wconf 75' lang='grc' dir='ltr'><strong>ἀφωρισμένος</strong></span> <span class='ocrx_word' id='word_1_184' title='bbox 854 2472 912 2525; x_wconf 83' lang='grc' dir='ltr'><strong>δὲ</strong></span> <span class='ocrx_word' id='word_1_185' title='bbox 943 2470 1037 2526; x_wconf 83' lang='grc' dir='ltr'><strong>ὲπί</strong></span> <span class='ocrx_word' id='word_1_186' title='bbox 1066 2491 1172 2527; x_wconf 87' lang='grc' dir='ltr'><strong>τινι</strong></span> <span class='ocrx_word' id='word_1_187' title='bbox 1206 2474 1535 2545; x_wconf 80' lang='grc' dir='ltr'><strong>πταίσματι,</strong></span> <span class='ocrx_word' id='word_1_188' title='bbox 1572 2472 1854 2544; x_wconf 82' lang='grc' dir='ltr'><strong>αύτῷμὲν</strong></span> 
     </span>
    </p>
   </div>
   <div class='ocr_carea' id='block_1_29' title="bbox 284 2553 1856 2636">
    <p class='ocr_par' dir='ltr' id='par_1_29' title="bbox 284 2553 1856 2636">
     <span class='ocr_line' id='line_1_29' title="bbox 284 2553 1856 2636; baseline 0.008 -30"><span class='ocrx_word' id='word_1_189' title='bbox 284 2553 651 2611; x_wconf 62' lang='grc' dir='ltr'><strong>ἐπιτείνεσθαι</strong></span> <span class='ocrx_word' id='word_1_190' title='bbox 700 2560 793 2613; x_wconf 74' lang='grc' dir='ltr'><strong>τὸν</strong></span> <span class='ocrx_word' id='word_1_191' title='bbox 835 2561 1163 2632; x_wconf 75' lang='grc' dir='ltr'><strong>ἀφορισμδν,</strong></span> <span class='ocrx_word' id='word_1_192' title='bbox 1196 2564 1288 2617; x_wconf 88' lang='grc' dir='ltr'><strong>τόν</strong></span> <span class='ocrx_word' id='word_1_193' title='bbox 1314 2581 1378 2634; x_wconf 82' lang='grc' dir='ltr'><strong>γε</strong></span> <span class='ocrx_word' id='word_1_194' title='bbox 1418 2564 1524 2636; x_wconf 81' lang='grc' dir='ltr'><strong>μὴν</strong></span> <span class='ocrx_word' id='word_1_195' title='bbox 1557 2563 1856 2635; x_wconf 73' lang='grc' dir='ltr'><strong>προσδεξᾶ-</strong></span> 
     </span>
    </p>
   </div>
   <div class='ocr_carea' id='block_1_30' title="bbox 286 2649 1195 2722">
    <p class='ocr_par' dir='ltr' id='par_1_30' title="bbox 286 2649 1195 2722">
     <span class='ocr_line' id='line_1_30' title="bbox 286 2649 1195 2722; baseline 0.015 -26"><span class='ocrx_word' id='word_1_196' title='bbox 286 2662 442 2715; x_wconf 85' lang='grc' dir='ltr'><strong>μενον</strong></span> <span class='ocrx_word' id='word_1_197' title='bbox 471 2649 779 2705; x_wconf 74' lang='grc' dir='ltr'><strong>ἐπίσκοπον</strong></span> <span class='ocrx_word' id='word_1_198' title='bbox 810 2653 1195 2722; x_wconf 68' lang='grc' dir='ltr'><strong>ἀφορίζεσθαι.</strong></span> 
     </span>
    </p>
   </div>
   <div class='ocr_carea' id='block_1_31' title="bbox 362 2738 1856 2818">
    <p class='ocr_par' dir='ltr' id='par_1_31' title="bbox 362 2738 1856 2818">
     <span class='ocr_line' id='line_1_31' title="bbox 362 2738 1856 2818; baseline 0.009 -27"><span class='ocrx_word' id='word_1_199' title='bbox 362 2738 420 2791; x_wconf 85' lang='grc' dir='ltr'>Ὀ</span> <span class='ocrx_word' id='word_1_200' title='bbox 462 2740 525 2793; x_wconf 79' lang='grc' dir='ltr'><strong>δὲ</strong></span> <span class='ocrx_word' id='word_1_201' title='bbox 578 2740 640 2794; x_wconf 86' lang='grc' dir='ltr'><strong>ιε’</strong></span> <span class='ocrx_word' id='word_1_202' title='bbox 698 2742 833 2812; x_wconf 78' lang='grc' dir='ltr'><strong>πρὸς</strong></span> <span class='ocrx_word' id='word_1_203' title='bbox 882 2743 937 2796; x_wconf 78' lang='grc' dir='ltr'><strong>δὲ</strong></span> <span class='ocrx_word' id='word_1_204' title='bbox 993 2746 1087 2800; x_wconf 76' lang='grc' dir='ltr'><strong>καὶ</strong></span> <span class='ocrx_word' id='word_1_205' title='bbox 1145 2747 1174 2798; x_wconf 84' lang='lat'><strong>6</strong></span> <span class='ocrx_word' id='word_1_206' title='bbox 1233 2744 1306 2811; x_wconf 83' lang='grc' dir='ltr'><strong>ις’</strong></span> <span class='ocrx_word' id='word_1_207' title='bbox 1353 2746 1455 2816; x_wconf 84' lang='grc' dir='ltr'><strong>τῆς</strong></span> <span class='ocrx_word' id='word_1_208' title='bbox 1507 2747 1856 2818; x_wconf 75' lang='grc' dir='ltr'><strong>λειτουργίας</strong></span> 
     </span>
    </p>
   </div>
   <div class='ocr_carea' id='block_1_32' title="bbox 291 2830 1856 2909">
    <p class='ocr_par' dir='ltr' id='par_1_32' title="bbox 291 2830 1856 2909">
     <span class='ocr_line' id='line_1_32' title="bbox 291 2830 1856 2909; baseline 0.008 -27"><span class='ocrx_word' id='word_1_209' title='bbox 291 2830 627 2903; x_wconf 82' lang='grc' dir='ltr'><strong>ἀπείργουσι</strong></span> <span class='ocrx_word' id='word_1_210' title='bbox 657 2835 748 2888; x_wconf 65' lang='grc' dir='ltr'><strong>τὶν</strong></span> <span class='ocrx_word' id='word_1_211' title='bbox 780 2836 886 2888; x_wconf 69' lang='grc' dir='ltr'><strong>ἀπὸ</strong></span> <span class='ocrx_word' id='word_1_212' title='bbox 922 2837 1211 2906; x_wconf 80' lang='grc' dir='ltr'><strong>παροικίας</strong></span> <span class='ocrx_word' id='word_1_213' title='bbox 1238 2839 1316 2900; x_wconf 82' lang='grc' dir='ltr'><strong>είς</strong></span> <span class='ocrx_word' id='word_1_214' title='bbox 1347 2838 1540 2909; x_wconf 77' lang='grc' dir='ltr'><strong>ἑτέραν</strong></span> <span class='ocrx_word' id='word_1_215' title='bbox 1565 2840 1856 2908; x_wconf 85' lang='grc' dir='ltr'><strong>παροικίαν</strong></span> 
     </span>
    </p>
   </div>
   <div class='ocr_carea' id='block_1_33' title="bbox 290 2923 1854 3000">
    <p class='ocr_par' dir='ltr' id='par_1_33' title="bbox 290 2923 1854 3000">
     <span class='ocr_line' id='line_1_33' title="bbox 290 2923 1854 3000; baseline 0.008 -27"><span class='ocrx_word' id='word_1_216' title='bbox 290 2923 683 2988; x_wconf 73' lang='grc' dir='ltr'><strong>μεταϐαίνοντα</strong></span> <span class='ocrx_word' id='word_1_217' title='bbox 711 2926 998 2998; x_wconf 84' lang='grc' dir='ltr'><strong>κληρικὸν,</strong></span> <span class='ocrx_word' id='word_1_218' title='bbox 1029 2928 1253 2999; x_wconf 81' lang='grc' dir='ltr'><strong>γνώμης</strong></span> <span class='ocrx_word' id='word_1_219' title='bbox 1302 2929 1435 2983; x_wconf 80' lang='grc' dir='ltr'><strong>ἄνευ</strong></span> <span class='ocrx_word' id='word_1_220' title='bbox 1465 2929 1561 2982; x_wconf 82' lang='grc' dir='ltr'><strong>τοῦ</strong></span> <span class='ocrx_word' id='word_1_221' title='bbox 1603 2947 1854 3000; x_wconf 71' lang='grc' dir='ltr'><strong>κεχειρο-</strong></span> 
     </span>
    </p>
   </div>
   <div class='ocr_carea' id='block_1_34' title="bbox 286 3017 1860 3091">
    <p class='ocr_par' dir='ltr' id='par_1_34' title="bbox 286 3017 1860 3091">
     <span class='ocr_line' id='line_1_34' title="bbox 286 3017 1860 3091; baseline 0.006 -25"><span class='ocrx_word' id='word_1_222' title='bbox 286 3017 572 3083; x_wconf 70' lang='grc' dir='ltr'><strong>τονηκότες</strong></span> <span class='ocrx_word' id='word_1_223' title='bbox 607 3017 771 3070; x_wconf 77' lang='grc' dir='ltr'><strong>αὐτὸν</strong></span> <span class='ocrx_word' id='word_1_224' title='bbox 798 3020 1123 3083; x_wconf 78' lang='grc' dir='ltr'><strong>ἐπισκόπου,</strong></span> <span class='ocrx_word' id='word_1_225' title='bbox 1168 3021 1264 3074; x_wconf 78' lang='grc' dir='ltr'><strong>καὶ</strong></span> <span class='ocrx_word' id='word_1_226' title='bbox 1298 3021 1557 3091; x_wconf 81' lang='grc' dir='ltr'><strong>μάλιστα,</strong></span> <span class='ocrx_word' id='word_1_227' title='bbox 1584 3022 1634 3075; x_wconf 82' lang='grc' dir='ltr'><strong>εἰ</strong></span> <span class='ocrx_word' id='word_1_228' title='bbox 1663 3021 1860 3077; x_wconf 86' lang='grc' dir='ltr'><strong>καλού-</strong></span> 
     </span>
    </p>
   </div>
   <div class='ocr_carea' id='block_1_35' title="bbox 291 3107 1857 3185">
    <p class='ocr_par' dir='ltr' id='par_1_35' title="bbox 291 3107 1857 3185">
     <span class='ocr_line' id='line_1_35' title="bbox 291 3107 1857 3185; baseline 0.007 -28"><span class='ocrx_word' id='word_1_229' title='bbox 291 3122 442 3180; x_wconf 88' lang='grc' dir='ltr'><strong>μενος</strong></span> <span class='ocrx_word' id='word_1_230' title='bbox 490 3107 637 3177; x_wconf 75' lang='grc' dir='ltr'><strong>πρὸς</strong></span> <span class='ocrx_word' id='word_1_231' title='bbox 689 3108 856 3163; x_wconf 81' lang='grc' dir='ltr'><strong>αὐτοῦ</strong></span> <span class='ocrx_word' id='word_1_232' title='bbox 909 3110 1009 3164; x_wconf 75' lang='grc' dir='ltr'><strong>οὐκ</strong></span> <span class='ocrx_word' id='word_1_233' title='bbox 1061 3112 1331 3165; x_wconf 75' lang='grc' dir='ltr'><strong>ἐπάνεισιο</strong></span> <span class='ocrx_word' id='word_1_234' title='bbox 1366 3116 1642 3167; x_wconf 78' lang='grc' dir='ltr'><strong>κοινωνεῖν</strong></span> <span class='ocrx_word' id='word_1_235' title='bbox 1674 3114 1857 3185; x_wconf 84' lang='grc' dir='ltr'><strong>μέντοι</strong></span> 
     </span>
    </p>
   </div>
   <div class='ocr_carea' id='block_1_36' title="bbox 284 3199 1926 3288">
    <p class='ocr_par' dir='ltr' id='par_1_36' title="bbox 284 3199 1926 3288">
     <span class='ocr_line' id='line_1_36' title="bbox 284 3199 1926 3288; baseline 0.007 -40"><span class='ocrx_word' id='word_1_236' title='bbox 284 3200 391 3288; x_wconf 59' lang='lat' dir='ltr'><strong>eoi;</strong></span> <span class='ocrx_word' id='word_1_237' title='bbox 422 3200 549 3252; x_wconf 73' lang='grc' dir='ltr'><strong>ἐκεῖ</strong></span> <span class='ocrx_word' id='word_1_238' title='bbox 570 3199 646 3263; x_wconf 86' lang='grc' dir='ltr'><strong>ῶς</strong></span> <span class='ocrx_word' id='word_1_239' title='bbox 677 3217 739 3269; x_wconf 89' lang='grc' dir='ltr'><strong>γε</strong></span> <span class='ocrx_word' id='word_1_240' title='bbox 771 3200 837 3273; x_wconf 79' lang='grc' dir='ltr'><strong>δὴ</strong></span> <span class='ocrx_word' id='word_1_241' title='bbox 856 3201 1069 3267; x_wconf 79' lang='grc' dir='ltr'><strong>λαῐκδν,</strong></span> <span class='ocrx_word' id='word_1_242' title='bbox 1105 3203 1164 3257; x_wconf 85' lang='grc' dir='ltr'><strong>ού</strong></span> <span class='ocrx_word' id='word_1_243' title='bbox 1197 3204 1529 3259; x_wconf 79' lang='grc' dir='ltr'><strong>κωλύουσιν·</strong></span> <span class='ocrx_word' id='word_1_244' title='bbox 1554 3206 1582 3259; x_wconf 90' lang='lat'><strong>6</strong></span> <span class='ocrx_word' id='word_1_245' title='bbox 1603 3205 1659 3259; x_wconf 81' lang='grc' dir='ltr'><strong>δὲ</strong></span> <span class='ocrx_word' id='word_1_246' title='bbox 1689 3223 1857 3277; x_wconf 86' lang='grc' dir='ltr'><strong>προσ·</strong></span> <span class='ocrx_word' id='word_1_247' title='bbox 1883 3229 1926 3288; x_wconf 76' lang='lat' dir='ltr'><strong>c</strong></span> 
     </span>
    </p>
   </div>
   <div class='ocr_carea' id='block_1_37' title="bbox 286 3286 1856 3368">
    <p class='ocr_par' dir='ltr' id='par_1_37' title="bbox 286 3286 1856 3368">
     <span class='ocr_line' id='line_1_37' title="bbox 286 3286 1856 3368; baseline 0.007 -28"><span class='ocrx_word' id='word_1_248' title='bbox 286 3286 579 3359; x_wconf 78' lang='grc' dir='ltr'><strong>δεξάμενος</strong></span> <span class='ocrx_word' id='word_1_249' title='bbox 625 3291 787 3344; x_wconf 79' lang='grc' dir='ltr'><strong>αὑτὸν</strong></span> <span class='ocrx_word' id='word_1_250' title='bbox 838 3294 1157 3356; x_wconf 78' lang='grc' dir='ltr'><strong>ἐπίσκοπος,</strong></span> <span class='ocrx_word' id='word_1_251' title='bbox 1192 3296 1242 3348; x_wconf 85' lang='grc' dir='ltr'><strong>εί</strong></span> <span class='ocrx_word' id='word_1_252' title='bbox 1287 3295 1358 3347; x_wconf 71' lang='grc' dir='ltr'><strong>τὰ</strong></span> <span class='ocrx_word' id='word_1_253' title='bbox 1407 3296 1527 3350; x_wconf 80' lang='grc' dir='ltr'><strong>κατ’</strong></span> <span class='ocrx_word' id='word_1_254' title='bbox 1569 3296 1733 3350; x_wconf 80' lang='grc' dir='ltr'><strong>αὐτὸν</strong></span> <span class='ocrx_word' id='word_1_255' title='bbox 1781 3299 1856 3368; x_wconf 84' lang='grc' dir='ltr'><strong>μὴ</strong></span> 
     </span>
    </p>
   </div>
   <div class='ocr_carea' id='block_1_38' title="bbox 287 3379 1861 3459">
    <p class='ocr_par' dir='ltr' id='par_1_38' title="bbox 287 3379 1861 3459">
     <span class='ocr_line' id='line_1_38' title="bbox 287 3379 1861 3459; baseline 0.008 -28"><span class='ocrx_word' id='word_1_256' title='bbox 287 3379 563 3452; x_wconf 72' lang='grc' dir='ltr'><strong>ἀγνοήσας</strong></span> <span class='ocrx_word' id='word_1_257' title='bbox 615 3382 691 3453; x_wconf 83' lang='grc' dir='ltr'><strong>τῷ</strong></span> <span class='ocrx_word' id='word_1_258' title='bbox 745 3384 933 3456; x_wconf 81' lang='grc' dir='ltr'><strong>οἰκείῳ</strong></span> <span class='ocrx_word' id='word_1_259' title='bbox 1001 3385 1190 3458; x_wconf 84' lang='grc' dir='ltr'><strong>κλήρῳ</strong></span> <span class='ocrx_word' id='word_1_260' title='bbox 1242 3386 1660 3459; x_wconf 84' lang='grc' dir='ltr'><strong>συναριθμήσειε</strong></span> <span class='ocrx_word' id='word_1_261' title='bbox 1691 3427 1706 3455; x_wconf 87' lang='grc'><strong>,</strong></span> <span class='ocrx_word' id='word_1_262' title='bbox 1767 3392 1861 3444; x_wconf 76' lang='grc' dir='ltr'><strong>καὶ</strong></span> 
     </span>
    </p>
   </div>
   <div class='ocr_carea' id='block_1_39' title="bbox 289 3472 1862 3552">
    <p class='ocr_par' dir='ltr' id='par_1_39' title="bbox 289 3472 1862 3552">
     <span class='ocr_line' id='line_1_39' title="bbox 289 3472 1862 3552; baseline 0.006 -27"><span class='ocrx_word' id='word_1_263' title='bbox 289 3472 453 3537; x_wconf 73' lang='grc' dir='ltr'><strong>ἀδεῶς</strong></span> <span class='ocrx_word' id='word_1_264' title='bbox 498 3476 751 3544; x_wconf 74' lang='grc' dir='ltr'><strong>ἐνεργεῖν</strong></span> <span class='ocrx_word' id='word_1_265' title='bbox 783 3476 1152 3551; x_wconf 77' lang='grc' dir='ltr'><strong>ἐπιτρέψειεν,</strong></span> <span class='ocrx_word' id='word_1_266' title='bbox 1180 3478 1517 3550; x_wconf 80' lang='grc' dir='ltr'><strong>ἀπολυτικῆς</strong></span> <span class='ocrx_word' id='word_1_267' title='bbox 1548 3479 1678 3534; x_wconf 80' lang='grc' dir='ltr'><strong>ἄνευ</strong></span> <span class='ocrx_word' id='word_1_268' title='bbox 1721 3498 1862 3552; x_wconf 82' lang='grc' dir='ltr'><strong>γρα-</strong></span> 
     </span>
    </p>
   </div>
   <div class='ocr_carea' id='block_1_40' title="bbox 290 3565 1857 3644">
    <p class='ocr_par' dir='ltr' id='par_1_40' title="bbox 290 3565 1857 3644">
     <span class='ocr_line' id='line_1_40' title="bbox 290 3565 1857 3644; baseline 0.006 -26"><span class='ocrx_word' id='word_1_269' title='bbox 290 3566 388 3635; x_wconf 76' lang='grc' dir='ltr'><strong>φῆς</strong></span> <span class='ocrx_word' id='word_1_270' title='bbox 418 3565 515 3619; x_wconf 77' lang='grc' dir='ltr'><strong>τοῦ</strong></span> <span class='ocrx_word' id='word_1_271' title='bbox 543 3568 743 3621; x_wconf 80' lang='grc' dir='ltr'><strong>οἰκείου</strong></span> <span class='ocrx_word' id='word_1_272' title='bbox 774 3568 1099 3637; x_wconf 76' lang='grc' dir='ltr'><strong>ἐπισκόπου,</strong></span> <span class='ocrx_word' id='word_1_273' title='bbox 1125 3570 1418 3644; x_wconf 77' lang='grc' dir='ltr'><strong>ἀφορισμῷ</strong></span> <span class='ocrx_word' id='word_1_274' title='bbox 1445 3571 1857 3640; x_wconf 80' lang='grc' dir='ltr'><strong>ὑποϐαλλέσθω,</strong></span> 
     </span>
    </p>
   </div>
   <div class='ocr_carea' id='block_1_41' title="bbox 291 3658 1858 3735">
    <p class='ocr_par' dir='ltr' id='par_1_41' title="bbox 291 3658 1858 3735">
     <span class='ocr_line' id='line_1_41' title="bbox 291 3658 1858 3735; baseline 0.007 -27"><span class='ocrx_word' id='word_1_275' title='bbox 291 3658 475 3735; x_wconf 68' lang='grc' dir='ltr'><strong>φησὶν,</strong></span> <span class='ocrx_word' id='word_1_276' title='bbox 510 3659 588 3722; x_wconf 86' lang='grc' dir='ltr'><strong>ὡς</strong></span> <span class='ocrx_word' id='word_1_277' title='bbox 619 3660 843 3735; x_wconf 72' lang='grc' dir='ltr'><strong>ἀταξίας</strong></span> <span class='ocrx_word' id='word_1_278' title='bbox 874 3661 967 3716; x_wconf 70' lang='grc' dir='ltr'><strong>καὶ</strong></span> <span class='ocrx_word' id='word_1_279' title='bbox 995 3661 1402 3727; x_wconf 74' lang='grc' dir='ltr'><strong>ἀκαταστασίας</strong></span> <span class='ocrx_word' id='word_1_280' title='bbox 1425 3664 1766 3727; x_wconf 81' lang='grc' dir='ltr'><strong>διδάσκαλος·</strong></span> <span class='ocrx_word' id='word_1_281' title='bbox 1809 3666 1858 3720; x_wconf 84' lang='grc' dir='ltr'><strong>εί</strong></span> 
     </span>
    </p>
   </div>
   <div class='ocr_carea' id='block_1_42' title="bbox 289 3738 1858 3827">
    <p class='ocr_par' dir='ltr' id='par_1_42' title="bbox 289 3738 1858 3827">
     <span class='ocr_line' id='line_1_42' title="bbox 289 3738 1858 3827; baseline 0.006 -27"><span class='ocrx_word' id='word_1_282' title='bbox 289 3749 341 3801; x_wconf 76' lang='lat'><strong>6‘2</strong></span> <span class='ocrx_word' id='word_1_283' title='bbox 370 3751 462 3805; x_wconf 76' lang='grc' dir='ltr'><strong>καὶ</strong></span> <span class='ocrx_word' id='word_1_284' title='bbox 514 3751 605 3803; x_wconf 72' lang='grc' dir='ltr'><strong>ἐπὶ</strong></span> <span class='ocrx_word' id='word_1_285' title='bbox 663 3738 885 3822; x_wconf 72' lang='grc' dir='ltr'><strong>μείζονα</strong></span> <span class='ocrx_word' id='word_1_286' title='bbox 927 3753 1137 3825; x_wconf 64' lang='grc' dir='ltr'><strong>βαθμὸν</strong></span> <span class='ocrx_word' id='word_1_287' title='bbox 1165 3754 1354 3819; x_wconf 73' lang='grc' dir='ltr'><strong>τοῦτον</strong></span> <span class='ocrx_word' id='word_1_288' title='bbox 1388 3757 1858 3827; x_wconf 77' lang='grc' dir='ltr'><strong>κεχειροτόνηκεν,</strong></span> 
     </span>
    </p>
   </div>
   <div class='ocr_carea' id='block_1_43' title="bbox 292 3837 1860 3921">
    <p class='ocr_par' dir='ltr' id='par_1_43' title="bbox 292 3837 1860 3921">
     <span class='ocr_line' id='line_1_43' title="bbox 292 3837 1860 3921; baseline 0.006 -27"><span class='ocrx_word' id='word_1_289' title='bbox 292 3842 492 3909; x_wconf 83' lang='grc' dir='ltr'><strong>ἄκυρον</strong></span> <span class='ocrx_word' id='word_1_290' title='bbox 539 3837 679 3899; x_wconf 75' lang='grc' dir='ltr'><strong>εἶναι</strong></span> <span class='ocrx_word' id='word_1_291' title='bbox 706 3843 802 3915; x_wconf 74' lang='grc' dir='ltr'><strong>τὴν</strong></span> <span class='ocrx_word' id='word_1_292' title='bbox 835 3844 1094 3914; x_wconf 78' lang='grc' dir='ltr'><strong>τοιαύτην</strong></span> <span class='ocrx_word' id='word_1_293' title='bbox 1123 3848 1494 3919; x_wconf 77' lang='grc' dir='ltr'><strong>χειροτονίαν⁵</strong></span> <span class='ocrx_word' id='word_1_294' title='bbox 1523 3846 1665 3902; x_wconf 83' lang='grc' dir='ltr'><strong>ὥστε</strong></span> <span class='ocrx_word' id='word_1_295' title='bbox 1698 3851 1747 3902; x_wconf 77' lang='grc' dir='ltr'><strong>εἰ</strong></span> <span class='ocrx_word' id='word_1_296' title='bbox 1784 3849 1860 3921; x_wconf 77' lang='grc' dir='ltr'><strong>μὴ</strong></span> 
     </span>
    </p>
   </div>
   <div class='ocr_carea' id='block_1_44' title="bbox 293 3932 1862 4014">
    <p class='ocr_par' dir='ltr' id='par_1_44' title="bbox 293 3932 1862 4014">
     <span class='ocr_line' id='line_1_44' title="bbox 293 3932 1862 4014; baseline 0.006 -29"><span class='ocrx_word' id='word_1_297' title='bbox 293 3932 625 4013; x_wconf 69' lang='grc' dir='ltr'><strong>ἁπολυτικὴν</strong></span> <span class='ocrx_word' id='word_1_298' title='bbox 667 3936 984 4006; x_wconf 63' lang='grc' dir='ltr'><strong>ὲπιφέροιτο</strong></span> <span class='ocrx_word' id='word_1_299' title='bbox 1017 3938 1233 4008; x_wconf 80' lang='grc' dir='ltr'><strong>γραφὴν</strong></span> <span class='ocrx_word' id='word_1_300' title='bbox 1277 3942 1305 3992; x_wconf 92' lang='lat'><strong>6</strong></span> <span class='ocrx_word' id='word_1_301' title='bbox 1339 3939 1621 4010; x_wconf 71' lang='grc' dir='ltr'><strong>κληρικδς,</strong></span> <span class='ocrx_word' id='word_1_302' title='bbox 1656 3941 1862 4014; x_wconf 79' lang='grc' dir='ltr'><strong>ἱερουρο</strong></span> 
     </span>
    </p>
   </div>
   <div class='ocr_carea' id='block_1_45' title="bbox 293 4025 1410 4103">
    <p class='ocr_par' dir='ltr' id='par_1_45' title="bbox 293 4025 1410 4103">
     <span class='ocr_line' id='line_1_45' title="bbox 293 4025 1410 4103; baseline 0.007 -28"><span class='ocrx_word' id='word_1_303' title='bbox 293 4026 405 4093; x_wconf 84' lang='grc' dir='ltr'><strong>γεῖν</strong></span> <span class='ocrx_word' id='word_1_304' title='bbox 429 4025 609 4095; x_wconf 87' lang='grc' dir='ltr'><strong>τούτῳ</strong></span> <span class='ocrx_word' id='word_1_305' title='bbox 649 4028 708 4081; x_wconf 75' lang='grc' dir='ltr'><strong>ἐν</strong></span> <span class='ocrx_word' id='word_1_306' title='bbox 741 4027 1020 4100; x_wconf 83' lang='grc' dir='ltr'><strong>ἀλλοδαπῇ</strong></span> <span class='ocrx_word' id='word_1_307' title='bbox 1048 4030 1149 4083; x_wconf 73' lang='grc' dir='ltr'><strong>οὐκ</strong></span> <span class='ocrx_word' id='word_1_308' title='bbox 1178 4031 1410 4103; x_wconf 63' lang='grc' dir='ltr'><strong>ἐφεῖται.</strong></span> 
     </span>
    </p>
   </div>
   <div class='ocr_carea' id='block_1_46' title="bbox 362 4119 1864 4195">
    <p class='ocr_par' dir='ltr' id='par_1_46' title="bbox 362 4119 1864 4195">
     <span class='ocr_line' id='line_1_46' title="bbox 362 4119 1864 4195; baseline 0.003 -24"><span class='ocrx_word' id='word_1_309' title='bbox 362 4119 442 4171; x_wconf 78' lang='grc' dir='ltr'><strong>Τὰ</strong></span> <span class='ocrx_word' id='word_1_310' title='bbox 470 4120 615 4172; x_wconf 84' lang='grc' dir='ltr'><strong>αὐτὰ</strong></span> <span class='ocrx_word' id='word_1_311' title='bbox 652 4120 746 4173; x_wconf 71' lang='grc' dir='ltr'><strong>καὶ</strong></span> <span class='ocrx_word' id='word_1_312' title='bbox 777 4120 804 4172; x_wconf 89' lang='grc' dir='ltr'><strong>ό</strong></span> <span class='ocrx_word' id='word_1_313' title='bbox 835 4127 909 4195; x_wconf 77' lang='grc' dir='ltr'><strong>ις’</strong></span> <span class='ocrx_word' id='word_1_314' title='bbox 932 4123 1031 4191; x_wconf 79' lang='grc' dir='ltr'><strong>τῆς</strong></span> <span class='ocrx_word' id='word_1_315' title='bbox 1056 4120 1103 4187; x_wconf 87' lang='grc' dir='ltr'><strong>α’</strong></span> <span class='ocrx_word' id='word_1_316' title='bbox 1145 4123 1366 4186; x_wconf 74' lang='grc' dir='ltr'><strong>συνόδου</strong></span> <span class='ocrx_word' id='word_1_317' title='bbox 1397 4120 1669 4188; x_wconf 79' lang='grc' dir='ltr'><strong>διέξεισιν,</strong></span> <span class='ocrx_word' id='word_1_318' title='bbox 1707 4123 1782 4186; x_wconf 81' lang='grc' dir='ltr'><strong>ὡς</strong></span> <span class='ocrx_word' id='word_1_319' title='bbox 1806 4123 1864 4176; x_wconf 75' lang='grc' dir='ltr'><strong>δὲ</strong></span> 
     </span>
    </p>
   </div>
   <div class='ocr_carea' id='block_1_47' title="bbox 296 4208 1865 4285">
    <p class='ocr_par' dir='ltr' id='par_1_47' title="bbox 296 4208 1865 4285">
     <span class='ocr_line' id='line_1_47' title="bbox 296 4208 1865 4285; baseline 0.005 -25"><span class='ocrx_word' id='word_1_320' title='bbox 296 4211 385 4263; x_wconf 74' lang='grc' dir='ltr'><strong>καὶ</strong></span> <span class='ocrx_word' id='word_1_321' title='bbox 405 4209 433 4261; x_wconf 92' lang='lat'><strong>6</strong></span> <span class='ocrx_word' id='word_1_322' title='bbox 467 4208 569 4285; x_wconf 71' lang='grc' dir='ltr'><strong>τῆς</strong></span> <span class='ocrx_word' id='word_1_323' title='bbox 602 4211 660 4263; x_wconf 79' lang='grc' dir='ltr'><strong>ἐν</strong></span> <span class='ocrx_word' id='word_1_324' title='bbox 693 4211 995 4283; x_wconf 68' lang='grc' dir='ltr'><strong>Ἀντιοχείᾳ</strong></span> <span class='ocrx_word' id='word_1_325' title='bbox 1019 4211 1087 4281; x_wconf 87' lang='grc' dir='ltr'><strong>γ’.</strong></span> <span class='ocrx_word' id='word_1_326' title='bbox 1116 4214 1262 4282; x_wconf 77' lang='grc' dir='ltr'><strong>Πλὴν</strong></span> <span class='ocrx_word' id='word_1_327' title='bbox 1292 4215 1385 4274; x_wconf 81' lang='grc' dir='ltr'><strong>ἐπὶ</strong></span> <span class='ocrx_word' id='word_1_328' title='bbox 1415 4214 1548 4268; x_wconf 81' lang='grc' dir='ltr'><strong>πολὺ</strong></span> <span class='ocrx_word' id='word_1_329' title='bbox 1572 4215 1865 4284; x_wconf 76' lang='grc' dir='ltr'><strong>ἐπιμένον-</strong></span> 
     </span>
    </p>
   </div>
   <div class='ocr_carea' id='block_1_48' title="bbox 295 4300 1864 4377">
    <p class='ocr_par' dir='ltr' id='par_1_48' title="bbox 295 4300 1864 4377">
     <span class='ocr_line' id='line_1_48' title="bbox 295 4300 1864 4377; baseline 0.004 -26"><span class='ocrx_word' id='word_1_330' title='bbox 295 4315 360 4352; x_wconf 85' lang='grc' dir='ltr'><strong>τα</strong></span> <span class='ocrx_word' id='word_1_331' title='bbox 400 4304 469 4377; x_wconf 68' lang='grc' dir='ltr'><strong>τῇ</strong></span> <span class='ocrx_word' id='word_1_332' title='bbox 523 4300 777 4375; x_wconf 74' lang='grc' dir='ltr'><strong>ἀπειθείᾳ</strong></span> <span class='ocrx_word' id='word_1_333' title='bbox 809 4303 899 4357; x_wconf 67' lang='grc' dir='ltr'><strong>τδν</strong></span> <span class='ocrx_word' id='word_1_334' title='bbox 955 4304 1219 4376; x_wconf 73' lang='grc' dir='ltr'><strong>κληρικδν</strong></span> <span class='ocrx_word' id='word_1_335' title='bbox 1245 4307 1446 4371; x_wconf 83' lang='grc' dir='ltr'><strong>τελέως</strong></span> <span class='ocrx_word' id='word_1_336' title='bbox 1479 4305 1864 4376; x_wconf 84' lang='grc' dir='ltr'><strong>καθαιρεῖσθαι</strong></span> 
     </span>
    </p>
   </div>
   <div class='ocr_carea' id='block_1_49' title="bbox 298 4391 1866 4472">
    <p class='ocr_par' dir='ltr' id='par_1_49' title="bbox 298 4391 1866 4472">
     <span class='ocr_line' id='line_1_49' title="bbox 298 4391 1866 4472; baseline 0.006 -31"><span class='ocrx_word' id='word_1_337' title='bbox 298 4391 642 4459; x_wconf 79' lang='grc' dir='ltr'><strong>προστάττει,</strong></span> <span class='ocrx_word' id='word_1_338' title='bbox 676 4393 771 4446; x_wconf 78' lang='grc' dir='ltr'><strong>καὶ</strong></span> <span class='ocrx_word' id='word_1_339' title='bbox 822 4393 1010 4448; x_wconf 82' lang='grc' dir='ltr'><strong>ἐλπίδα</strong></span> <span class='ocrx_word' id='word_1_340' title='bbox 1060 4397 1260 4466; x_wconf 79' lang='grc' dir='ltr'><strong>μηκέτι</strong></span> <span class='ocrx_word' id='word_1_341' title='bbox 1291 4397 1435 4472; x_wconf 72' lang='grc' dir='ltr'><strong>ἔχειν</strong></span> <span class='ocrx_word' id='word_1_342' title='bbox 1478 4397 1866 4461; x_wconf 81' lang='grc' dir='ltr'><strong>ἀποκαταστὰ-</strong></span> 
     </span>
    </p>
   </div>
   <div class='ocr_carea' id='block_1_50' title="bbox 301 4499 458 4547">
    <p class='ocr_par' dir='ltr' id='par_1_50' title="bbox 301 4499 458 4547">
     <span class='ocr_line' id='line_1_50' title="bbox 301 4499 458 4547; baseline 0.025 -13"><span class='ocrx_word' id='word_1_343' title='bbox 301 4499 458 4547; x_wconf 80' lang='grc' dir='ltr'><strong>σεως.</strong></span> 
     </span>
    </p>
   </div>
   <div class='ocr_carea' id='block_1_51' title="bbox 1945 796 3516 870">
    <p class='ocr_par' dir='ltr' id='par_1_51' title="bbox 1945 796 3516 870">
     <span class='ocr_line' id='line_1_51' title="bbox 1945 796 3516 870; baseline -0.01 -7"><span class='ocrx_word' id='word_1_344' title='bbox 1945 806 2476 863; x_wconf 76' lang='lat' dir='ltr'><strong>commendationem</strong></span> <span class='ocrx_word' id='word_1_345' title='bbox 2516 819 2669 860; x_wconf 87' lang='lat' dir='ltr'><strong>suam</strong></span> <span class='ocrx_word' id='word_1_346' title='bbox 2716 808 2923 864; x_wconf 84' lang='lat' dir='ltr'><strong>utatur,</strong></span> <span class='ocrx_word' id='word_1_347' title='bbox 2977 799 3120 870; x_wconf 86' lang='lat' dir='ltr'><strong>quod</strong></span> <span class='ocrx_word' id='word_1_348' title='bbox 3172 799 3315 854; x_wconf 89' lang='lat' dir='ltr'><strong>circa</strong></span> <span class='ocrx_word' id='word_1_349' title='bbox 3356 796 3516 850; x_wconf 79' lang='lat' dir='ltr'><strong>ﬁdem</strong></span> 
     </span>
    </p>
   </div>
   <div class='ocr_carea' id='block_1_52' title="bbox 1946 888 3519 966">
    <p class='ocr_par' dir='ltr' id='par_1_52' title="bbox 1946 888 3519 966">
     <span class='ocr_line' id='line_1_52' title="bbox 1946 888 3519 966; baseline -0.008 -13"><span class='ocrx_word' id='word_1_350' title='bbox 1946 908 2096 954; x_wconf 90' lang='lat' dir='ltr'><strong>recte</strong></span> <span class='ocrx_word' id='word_1_351' title='bbox 2127 898 2350 963; x_wconf 84' lang='lat' dir='ltr'><strong>sentiat,</strong></span> <span class='ocrx_word' id='word_1_352' title='bbox 2384 906 2440 952; x_wconf 90' lang='lat' dir='ltr'><strong>et</strong></span> <span class='ocrx_word' id='word_1_353' title='bbox 2468 894 2645 966; x_wconf 81' lang='lat' dir='ltr'><strong>quoad</strong></span> <span class='ocrx_word' id='word_1_354' title='bbox 2677 892 2899 949; x_wconf 70' lang='lat' dir='ltr'><strong>vivendi</strong></span> <span class='ocrx_word' id='word_1_355' title='bbox 2959 892 3224 946; x_wconf 85' lang='lat' dir='ltr'><strong>r.uionem</strong></span> <span class='ocrx_word' id='word_1_356' title='bbox 3271 888 3519 957; x_wconf 83' lang='lat' dir='ltr'><strong>inculpa-</strong></span> 
     </span>
    </p>
   </div>
   <div class='ocr_carea' id='block_1_53' title="bbox 1950 981 3519 1059">
    <p class='ocr_par' dir='ltr' id='par_1_53' title="bbox 1950 981 3519 1059">
     <span class='ocr_line' id='line_1_53' title="bbox 1950 981 3519 1059; baseline -0.01 -13"><span class='ocrx_word' id='word_1_357' title='bbox 1950 1000 2035 1046; x_wconf 89' lang='lat' dir='ltr'><strong>tus</strong></span> <span class='ocrx_word' id='word_1_358' title='bbox 2072 992 2176 1059; x_wconf 87' lang='lat' dir='ltr'><strong>sit;</strong></span> <span class='ocrx_word' id='word_1_359' title='bbox 2213 991 2380 1047; x_wconf 77' lang='lat' dir='ltr'><strong>altera</strong></span> <span class='ocrx_word' id='word_1_360' title='bbox 2411 996 2617 1053; x_wconf 86' lang='lat' dir='ltr'><strong>autem,</strong></span> <span class='ocrx_word' id='word_1_361' title='bbox 2655 996 2713 1043; x_wconf 90' lang='lat' dir='ltr'><strong>ut</strong></span> <span class='ocrx_word' id='word_1_362' title='bbox 2751 985 2870 1041; x_wconf 89' lang='lat' dir='ltr'><strong>sine</strong></span> <span class='ocrx_word' id='word_1_363' title='bbox 2923 984 3071 1038; x_wconf 87' lang='lat' dir='ltr'><strong>omni</strong></span> <span class='ocrx_word' id='word_1_364' title='bbox 3123 981 3519 1052; x_wconf 84' lang='lat' dir='ltr'><strong>impedimento</strong></span> 
     </span>
    </p>
   </div>
   <div class='ocr_carea' id='block_1_54' title="bbox 1911 1071 3520 1153">
    <p class='ocr_par' dir='ltr' id='par_1_54' title="bbox 1911 1071 3520 1153">
     <span class='ocr_line' id='line_1_54' title="bbox 1911 1071 3520 1153; baseline -0.006 -16"><span class='ocrx_word' id='word_1_365' title='bbox 1911 1083 2003 1138; x_wconf 88' lang='lat' dir='ltr'><strong>‘in</strong></span> <span class='ocrx_word' id='word_1_366' title='bbox 2035 1084 2142 1138; x_wconf 88' lang='lat' dir='ltr'><strong>alia</strong></span> <span class='ocrx_word' id='word_1_367' title='bbox 2185 1082 2417 1140; x_wconf 81' lang='lat' dir='ltr'><strong>ecclesia</strong></span> <span class='ocrx_word' id='word_1_368' title='bbox 2449 1081 2499 1140; x_wconf 89' lang='lat' dir='ltr'><strong>ei</strong></span> <span class='ocrx_word' id='word_1_369' title='bbox 2529 1094 2683 1137; x_wconf 84' lang='lat' dir='ltr'><strong>sacra</strong></span> <span class='ocrx_word' id='word_1_370' title='bbox 2718 1094 2974 1153; x_wconf 83' lang='lat' dir='ltr'><strong>peragere</strong></span> <span class='ocrx_word' id='word_1_371' title='bbox 2994 1078 3174 1142; x_wconf 87' lang='lat' dir='ltr'><strong>liceat,</strong></span> <span class='ocrx_word' id='word_1_372' title='bbox 3205 1074 3287 1131; x_wconf 73' lang='lat' dir='ltr'><strong>vel</strong></span> <span class='ocrx_word' id='word_1_373' title='bbox 3314 1073 3365 1128; x_wconf 88' lang='lat' dir='ltr'><strong>in</strong></span> <span class='ocrx_word' id='word_1_374' title='bbox 3398 1071 3520 1143; x_wconf 79' lang='lat' dir='ltr'><strong>ejus</strong></span> 
     </span>
    </p>
   </div>
   <div class='ocr_carea' id='block_1_55' title="bbox 1948 1176 2409 1234">
    <p class='ocr_par' dir='ltr' id='par_1_55' title="bbox 1948 1176 2409 1234">
     <span class='ocr_line' id='line_1_55' title="bbox 1948 1176 2409 1234; baseline -0.002 -2"><span class='ocrx_word' id='word_1_375' title='bbox 1948 1177 2155 1234; x_wconf 89' lang='lat' dir='ltr'><strong>clerum</strong></span> <span class='ocrx_word' id='word_1_376' title='bbox 2187 1176 2409 1232; x_wconf 82' lang='lat' dir='ltr'><strong>ascribi.</strong></span> 
     </span>
    </p>
   </div>
   <div class='ocr_carea' id='block_1_56' title="bbox 2019 1348 3522 1427">
    <p class='ocr_par' dir='ltr' id='par_1_56' title="bbox 2019 1348 3522 1427">
     <span class='ocr_line' id='line_1_56' title="bbox 2019 1348 3522 1427; baseline -0.011 -10"><span class='ocrx_word' id='word_1_377' title='bbox 2019 1360 2271 1417; x_wconf 87' lang='lat' dir='ltr'><strong>Canoues</strong></span> <span class='ocrx_word' id='word_1_378' title='bbox 2304 1368 2485 1416; x_wconf 78' lang='lat' dir='ltr'><strong>autem</strong></span> <span class='ocrx_word' id='word_1_379' title='bbox 2520 1367 2838 1415; x_wconf 85' lang='lat' dir='ltr'><strong>sanctorum</strong></span> <span class='ocrx_word' id='word_1_380' title='bbox 2867 1354 3237 1427; x_wconf 76' lang='lat' dir='ltr'><strong>apostolorum</strong></span> <span class='ocrx_word' id='word_1_381' title='bbox 3278 1351 3341 1406; x_wconf 68' lang='grc' dir='ltr'><strong>ιε</strong></span> <span class='ocrx_word' id='word_1_382' title='bbox 3366 1358 3421 1405; x_wconf 88' lang='lat' dir='ltr'><strong>et</strong></span> <span class='ocrx_word' id='word_1_383' title='bbox 3456 1348 3522 1402; x_wconf 78' lang='lat' dir='ltr'><strong>l3</strong></span> 
     </span>
    </p>
   </div>
   <div class='ocr_carea' id='block_1_57' title="bbox 1949 1444 3522 1523">
    <p class='ocr_par' dir='ltr' id='par_1_57' title="bbox 1949 1444 3522 1523">
     <span class='ocr_line' id='line_1_57' title="bbox 1949 1444 3522 1523; baseline -0.009 -16"><span class='ocrx_word' id='word_1_384' title='bbox 1949 1452 2210 1507; x_wconf 84' lang='lat' dir='ltr'><strong>clericum</strong></span> <span class='ocrx_word' id='word_1_385' title='bbox 2244 1468 2406 1523; x_wconf 84' lang='lat' dir='ltr'><strong>quem</strong></span> <span class='ocrx_word' id='word_1_386' title='bbox 2459 1450 2713 1521; x_wconf 87' lang='lat' dir='ltr'><strong>proprius</strong></span> <span class='ocrx_word' id='word_1_387' title='bbox 2768 1447 3061 1519; x_wconf 86' lang='lat' dir='ltr'><strong>episcopus</strong></span> <span class='ocrx_word' id='word_1_388' title='bbox 3107 1444 3357 1499; x_wconf 86' lang='lat' dir='ltr'><strong>ordinare</strong></span> <span class='ocrx_word' id='word_1_389' title='bbox 3409 1455 3522 1495; x_wconf 90' lang='lat' dir='ltr'><strong>non</strong></span> 
     </span>
    </p>
   </div>
   <div class='ocr_carea' id='block_1_58' title="bbox 1949 1539 3526 1609">
    <p class='ocr_par' dir='ltr' id='par_1_58' title="bbox 1949 1539 3526 1609">
     <span class='ocr_line' id='line_1_58' title="bbox 1949 1539 3526 1609; baseline -0.008 -9"><span class='ocrx_word' id='word_1_390' title='bbox 1949 1543 2086 1609; x_wconf 84' lang='lat' dir='ltr'><strong>vult,</strong></span> <span class='ocrx_word' id='word_1_391' title='bbox 2115 1542 2375 1600; x_wconf 74' lang='lat' dir='ltr'><strong>diﬂerens</strong></span> <span class='ocrx_word' id='word_1_392' title='bbox 2406 1542 2546 1599; x_wconf 80' lang='lat' dir='ltr'><strong>forte</strong></span> <span class='ocrx_word' id='word_1_393' title='bbox 2603 1539 3004 1598; x_wconf 84' lang='lat' dir='ltr'><strong>ordinationem</strong></span> <span class='ocrx_word' id='word_1_394' title='bbox 3035 1546 3282 1609; x_wconf 81' lang='lat' dir='ltr'><strong>‘prOpter</strong></span> <span class='ocrx_word' id='word_1_395' title='bbox 3330 1548 3526 1591; x_wconf 80' lang='lat' dir='ltr'><strong>causas</strong></span> 
     </span>
    </p>
   </div>
   <div class='ocr_carea' id='block_1_59' title="bbox 1951 1630 3525 1707">
    <p class='ocr_par' dir='ltr' id='par_1_59' title="bbox 1951 1630 3525 1707">
     <span class='ocr_line' id='line_1_59' title="bbox 1951 1630 3525 1707; baseline -0.006 -15"><span class='ocrx_word' id='word_1_396' title='bbox 1951 1635 2187 1707; x_wconf 88' lang='lat' dir='ltr'><strong>aliquas,</strong></span> <span class='ocrx_word' id='word_1_397' title='bbox 2231 1637 2406 1693; x_wconf 85' lang='lat' dir='ltr'><strong>donec</strong></span> <span class='ocrx_word' id='word_1_398' title='bbox 2433 1636 2640 1692; x_wconf 75' lang='lat' dir='ltr'><strong>eaedem</strong></span> <span class='ocrx_word' id='word_1_399' title='bbox 2679 1634 2872 1690; x_wconf 67' lang='lat' dir='ltr'><strong>solutae</strong></span> <span class='ocrx_word' id='word_1_400' title='bbox 2925 1630 3148 1696; x_wconf 80' lang='lat' dir='ltr'><strong>fuerint,</strong></span> <span class='ocrx_word' id='word_1_401' title='bbox 3179 1642 3525 1700; x_wconf 76' lang='lat' dir='ltr'><strong>nequaquam</strong></span> 
     </span>
    </p>
   </div>
   <div class='ocr_carea' id='block_1_60' title="bbox 1950 1723 3525 1801">
    <p class='ocr_par' dir='ltr' id='par_1_60' title="bbox 1950 1723 3525 1801">
     <span class='ocr_line' id='line_1_60' title="bbox 1950 1723 3525 1801; baseline -0.004 -18"><span class='ocrx_word' id='word_1_402' title='bbox 1950 1738 2238 1801; x_wconf 86' lang='lat' dir='ltr'><strong>propterea</strong></span> <span class='ocrx_word' id='word_1_403' title='bbox 2284 1728 2352 1786; x_wconf 89' lang='lat' dir='ltr'><strong>ad</strong></span> <span class='ocrx_word' id='word_1_404' title='bbox 2400 1729 2568 1784; x_wconf 88' lang='lat' dir='ltr'><strong>alium</strong></span> <span class='ocrx_word' id='word_1_405' title='bbox 2631 1728 2949 1799; x_wconf 89' lang='lat' dir='ltr'><strong>episcopum</strong></span> <span class='ocrx_word' id='word_1_406' title='bbox 2998 1724 3265 1781; x_wconf 86' lang='lat' dir='ltr'><strong>accedere</strong></span> <span class='ocrx_word' id='word_1_407' title='bbox 3306 1723 3525 1793; x_wconf 87' lang='lat' dir='ltr'><strong>jubent.</strong></span> 
     </span>
    </p>
   </div>
   <div class='ocr_carea' id='block_1_61' title="bbox 1952 1811 3528 1890">
    <p class='ocr_par' dir='ltr' id='par_1_61' title="bbox 1952 1811 3528 1890">
     <span class='ocr_line' id='line_1_61' title="bbox 1952 1811 3528 1890; baseline -0.003 -18"><span class='ocrx_word' id='word_1_408' title='bbox 1952 1819 2094 1886; x_wconf 86' lang='lat' dir='ltr'><strong>Quin</strong></span> <span class='ocrx_word' id='word_1_409' title='bbox 2127 1820 2238 1874; x_wconf 90' lang='lat' dir='ltr'><strong>imo</strong></span> <span class='ocrx_word' id='word_1_410' title='bbox 2269 1833 2447 1890; x_wconf 86' lang='lat' dir='ltr'><strong>neque</strong></span> <span class='ocrx_word' id='word_1_411' title='bbox 2491 1818 2566 1873; x_wconf 90' lang='lat' dir='ltr'><strong>illi</strong></span> <span class='ocrx_word' id='word_1_412' title='bbox 2620 1818 2861 1873; x_wconf 89' lang='lat' dir='ltr'><strong>alienum</strong></span> <span class='ocrx_word' id='word_1_413' title='bbox 2922 1814 3183 1872; x_wconf 73' lang='lat' dir='ltr'><strong>clericum</strong></span> <span class='ocrx_word' id='word_1_414' title='bbox 3246 1811 3528 1883; x_wconf 83' lang='lat' dir='ltr'><strong>suscipere</strong></span> 
     </span>
    </p>
   </div>
   <div class='ocr_carea' id='block_1_62' title="bbox 1878 1884 3527 1981">
    <p class='ocr_par' dir='ltr' id='par_1_62' title="bbox 1878 1884 3527 1981">
     <span class='ocr_line' id='line_1_62' title="bbox 1878 1884 3527 1981; baseline -0.005 -16"><span class='ocrx_word' id='word_1_415' title='bbox 1878 1884 1923 1939; x_wconf 68' lang='grc' dir='ltr'><strong><em>Β</em></strong></span> <span class='ocrx_word' id='word_1_416' title='bbox 1953 1884 2294 1981; x_wconf 78' lang='lat' dir='ltr'><strong>permittunt,</strong></span> <span class='ocrx_word' id='word_1_417' title='bbox 2337 1884 2455 1965; x_wconf 78' lang='lat' dir='ltr'><strong>sine</strong></span> <span class='ocrx_word' id='word_1_418' title='bbox 2483 1909 2677 1966; x_wconf 86' lang='lat' dir='ltr'><strong>litteris</strong></span> <span class='ocrx_word' id='word_1_419' title='bbox 2714 1908 3050 1966; x_wconf 90' lang='lat' dir='ltr'><strong>dimissoriis</strong></span> <span class='ocrx_word' id='word_1_420' title='bbox 3089 1903 3333 1977; x_wconf 88' lang='lat' dir='ltr'><strong>episcopi</strong></span> <span class='ocrx_word' id='word_1_421' title='bbox 3359 1919 3389 1958; x_wconf 89' lang='lat' dir='ltr'><strong>a</strong></span> <span class='ocrx_word' id='word_1_422' title='bbox 3413 1917 3527 1974; x_wconf 88' lang='lat' dir='ltr'><strong>quo</strong></span> 
     </span>
    </p>
   </div>
   <div class='ocr_carea' id='block_1_63' title="bbox 1950 1993 3529 2071">
    <p class='ocr_par' dir='ltr' id='par_1_63' title="bbox 1950 1993 3529 2071">
     <span class='ocr_line' id='line_1_63' title="bbox 1950 1993 3529 2071; baseline -0.005 -15"><span class='ocrx_word' id='word_1_423' title='bbox 1950 2000 2380 2056; x_wconf 81' lang='lat' dir='ltr'><strong>examinabatur.</strong></span> <span class='ocrx_word' id='word_1_424' title='bbox 2422 2000 2527 2067; x_wconf 85' lang='lat' dir='ltr'><strong>Qui</strong></span> <span class='ocrx_word' id='word_1_425' title='bbox 2564 2009 2747 2056; x_wconf 89' lang='lat' dir='ltr'><strong>autem</strong></span> <span class='ocrx_word' id='word_1_426' title='bbox 2802 2008 2999 2071; x_wconf 83' lang='lat' dir='ltr'><strong>praeter</strong></span> <span class='ocrx_word' id='word_1_427' title='bbox 3029 1999 3141 2053; x_wconf 84' lang='lat' dir='ltr'><strong>haec</strong></span> <span class='ocrx_word' id='word_1_428' title='bbox 3171 1996 3349 2052; x_wconf 80' lang='lat' dir='ltr'><strong>facere</strong></span> <span class='ocrx_word' id='word_1_429' title='bbox 3408 1993 3529 2049; x_wconf 88' lang='lat' dir='ltr'><strong>ausi</strong></span> 
     </span>
    </p>
   </div>
   <div class='ocr_carea' id='block_1_64' title="bbox 1951 2085 3532 2163">
    <p class='ocr_par' dir='ltr' id='par_1_64' title="bbox 1951 2085 3532 2163">
     <span class='ocr_line' id='line_1_64' title="bbox 1951 2085 3532 2163; baseline -0.004 -16"><span class='ocrx_word' id='word_1_430' title='bbox 1951 2091 2180 2156; x_wconf 65' lang='lat' dir='ltr'><strong>liter-int,</strong></span> <span class='ocrx_word' id='word_1_431' title='bbox 2207 2092 2426 2163; x_wconf 87' lang='lat' dir='ltr'><strong>utrique</strong></span> <span class='ocrx_word' id='word_1_432' title='bbox 2452 2091 2632 2149; x_wconf 90' lang='lat' dir='ltr'><strong>eidem</strong></span> <span class='ocrx_word' id='word_1_433' title='bbox 2673 2090 3068 2163; x_wconf 77' lang='lat' dir='ltr'><strong>segregatinnis</strong></span> <span class='ocrx_word' id='word_1_434' title='bbox 3126 2103 3302 2160; x_wconf 60' lang='lat' dir='ltr'><strong>paena;</strong></span> <span class='ocrx_word' id='word_1_435' title='bbox 3354 2085 3532 2157; x_wconf 79' lang='lat' dir='ltr'><strong>subji-</strong></span> 
     </span>
    </p>
   </div>
   <div class='ocr_carea' id='block_1_65' title="bbox 1951 2181 3531 2255">
    <p class='ocr_par' dir='ltr' id='par_1_65' title="bbox 1951 2181 3531 2255">
     <span class='ocr_line' id='line_1_65' title="bbox 1951 2181 3531 2255; baseline -0.003 -15"><span class='ocrx_word' id='word_1_436' title='bbox 1951 2187 2190 2249; x_wconf 87' lang='lat' dir='ltr'><strong>ciantur,</strong></span> <span class='ocrx_word' id='word_1_437' title='bbox 2232 2186 2468 2241; x_wconf 88' lang='lat' dir='ltr'><strong>clericus</strong></span> <span class='ocrx_word' id='word_1_438' title='bbox 2519 2184 2775 2240; x_wconf 88' lang='lat' dir='ltr'><strong>nimirum</strong></span> <span class='ocrx_word' id='word_1_439' title='bbox 2803 2194 2859 2240; x_wconf 89' lang='lat' dir='ltr'><strong>et</strong></span> <span class='ocrx_word' id='word_1_440' title='bbox 2909 2183 3202 2255; x_wconf 85' lang='lat' dir='ltr'><strong>episcopus</strong></span> <span class='ocrx_word' id='word_1_441' title='bbox 3252 2181 3348 2255; x_wconf 85' lang='lat' dir='ltr'><strong>qui</strong></span> <span class='ocrx_word' id='word_1_442' title='bbox 3400 2194 3531 2245; x_wconf 81' lang='lat' dir='ltr'><strong>eum</strong></span> 
     </span>
    </p>
   </div>
   <div class='ocr_carea' id='block_1_66' title="bbox 1951 2271 3531 2348">
    <p class='ocr_par' dir='ltr' id='par_1_66' title="bbox 1951 2271 3531 2348">
     <span class='ocr_line' id='line_1_66' title="bbox 1951 2271 3531 2348; baseline -0.001 -18"><span class='ocrx_word' id='word_1_443' title='bbox 1951 2277 2217 2348; x_wconf 80' lang='lat' dir='ltr'><strong>suscepit.</strong></span> <span class='ocrx_word' id='word_1_444' title='bbox 2257 2277 2411 2344; x_wconf 83' lang='lat' dir='ltr'><strong>Quod</strong></span> <span class='ocrx_word' id='word_1_445' title='bbox 2438 2277 2483 2332; x_wconf 94' lang='lat' dir='ltr'><strong>si</strong></span> <span class='ocrx_word' id='word_1_446' title='bbox 2505 2276 2741 2333; x_wconf 88' lang='lat' dir='ltr'><strong>clericus</strong></span> <span class='ocrx_word' id='word_1_447' title='bbox 2770 2289 2938 2346; x_wconf 85' lang='lat' dir='ltr'><strong>quem</strong></span> <span class='ocrx_word' id='word_1_448' title='bbox 2966 2281 3285 2344; x_wconf 83' lang='lat' dir='ltr'><strong>susceperat</strong></span> <span class='ocrx_word' id='word_1_449' title='bbox 3311 2271 3531 2343; x_wconf 83' lang='lat' dir='ltr'><strong>episeo-</strong></span> 
     </span>
    </p>
   </div>
   <div class='ocr_carea' id='block_1_67' title="bbox 1955 2365 3539 2440">
    <p class='ocr_par' dir='ltr' id='par_1_67' title="bbox 1955 2365 3539 2440">
     <span class='ocr_line' id='line_1_67' title="bbox 1955 2365 3539 2440; baseline -0.003 -17"><span class='ocrx_word' id='word_1_450' title='bbox 1955 2385 2077 2440; x_wconf 88' lang='lat' dir='ltr'><strong>pus,</strong></span> <span class='ocrx_word' id='word_1_451' title='bbox 2110 2371 2394 2425; x_wconf 88' lang='lat' dir='ltr'><strong>ordinatus</strong></span> <span class='ocrx_word' id='word_1_452' title='bbox 2425 2368 2611 2433; x_wconf 76' lang='lat' dir='ltr'><strong>fuerit,</strong></span> <span class='ocrx_word' id='word_1_453' title='bbox 2647 2375 2705 2424; x_wconf 85' lang='lat' dir='ltr'><strong>et</strong></span> <span class='ocrx_word' id='word_1_454' title='bbox 2733 2368 2803 2423; x_wconf 89' lang='lat' dir='ltr'><strong>ob</strong></span> <span class='ocrx_word' id='word_1_455' title='bbox 2829 2367 3036 2423; x_wconf 86' lang='lat' dir='ltr'><strong>crimen</strong></span> <span class='ocrx_word' id='word_1_456' title='bbox 3069 2365 3286 2436; x_wconf 87' lang='lat' dir='ltr'><strong>aliquod</strong></span> <span class='ocrx_word' id='word_1_457' title='bbox 3311 2377 3539 2422; x_wconf 77' lang='lat' dir='ltr'><strong>excom-</strong></span> 
     </span>
    </p>
   </div>
   <div class='ocr_carea' id='block_1_68' title="bbox 1952 2455 3530 2532">
    <p class='ocr_par' dir='ltr' id='par_1_68' title="bbox 1952 2455 3530 2532">
     <span class='ocr_line' id='line_1_68' title="bbox 1952 2455 3530 2532; baseline -0.001 -15"><span class='ocrx_word' id='word_1_458' title='bbox 1952 2463 2296 2530; x_wconf 89' lang='lat' dir='ltr'><strong>municatus,</strong></span> <span class='ocrx_word' id='word_1_459' title='bbox 2330 2463 2378 2519; x_wconf 86' lang='lat' dir='ltr'><strong>ei</strong></span> <span class='ocrx_word' id='word_1_460' title='bbox 2415 2463 2632 2532; x_wconf 85' lang='lat' dir='ltr'><strong>quidem</strong></span> <span class='ocrx_word' id='word_1_461' title='bbox 2665 2460 2983 2521; x_wconf 87' lang='lat' dir='ltr'><strong>intendatur</strong></span> <span class='ocrx_word' id='word_1_462' title='bbox 3010 2455 3530 2524; x_wconf 58' lang='lat' dir='ltr'><strong>«communicatio.</strong></span> 
     </span>
    </p>
   </div>
   <div class='ocr_carea' id='block_1_69' title="bbox 1954 2551 3248 2626">
    <p class='ocr_par' dir='ltr' id='par_1_69' title="bbox 1954 2551 3248 2626">
     <span class='ocr_line' id='line_1_69' title="bbox 1954 2551 3248 2626; baseline -0.004 -15"><span class='ocrx_word' id='word_1_463' title='bbox 1954 2564 2011 2611; x_wconf 83' lang='lat' dir='ltr'><strong>et</strong></span> <span class='ocrx_word' id='word_1_464' title='bbox 2033 2554 2329 2626; x_wconf 84' lang='lat' dir='ltr'><strong>episcOpus</strong></span> <span class='ocrx_word' id='word_1_465' title='bbox 2358 2555 2451 2626; x_wconf 90' lang='lat' dir='ltr'><strong>qui</strong></span> <span class='ocrx_word' id='word_1_466' title='bbox 2480 2568 2605 2611; x_wconf 92' lang='lat' dir='ltr'><strong>cum</strong></span> <span class='ocrx_word' id='word_1_467' title='bbox 2645 2551 2888 2623; x_wconf 85' lang='lat' dir='ltr'><strong>suscepit</strong></span> <span class='ocrx_word' id='word_1_468' title='bbox 2913 2558 3248 2623; x_wconf 77' lang='lat' dir='ltr'><strong>segregetur.</strong></span> 
     </span>
    </p>
   </div>
   <div class='ocr_carea' id='block_1_70' title="bbox 2026 2731 3534 2805">
    <p class='ocr_par' dir='ltr' id='par_1_70' title="bbox 2026 2731 3534 2805">
     <span class='ocr_line' id='line_1_70' title="bbox 2026 2731 3534 2805; baseline -0.003 -13"><span class='ocrx_word' id='word_1_469' title='bbox 2026 2736 2171 2805; x_wconf 85' lang='lat' dir='ltr'><strong>Quin</strong></span> <span class='ocrx_word' id='word_1_470' title='bbox 2202 2744 2257 2791; x_wconf 87' lang='lat' dir='ltr'><strong>et</strong></span> <span class='ocrx_word' id='word_1_471' title='bbox 2295 2736 2361 2791; x_wconf 82' lang='lat' dir='ltr'><strong>l5</strong></span> <span class='ocrx_word' id='word_1_472' title='bbox 2399 2751 2610 2790; x_wconf 89' lang='lat' dir='ltr'><strong>necnon</strong></span> <span class='ocrx_word' id='word_1_473' title='bbox 2644 2734 2707 2790; x_wconf 85' lang='lat' dir='ltr'><strong><em>l6</em></strong></span> <span class='ocrx_word' id='word_1_474' title='bbox 2736 2749 2912 2790; x_wconf 90' lang='lat' dir='ltr'><strong>canon</strong></span> <span class='ocrx_word' id='word_1_475' title='bbox 2968 2732 3227 2789; x_wconf 86' lang='lat' dir='ltr'><strong>clericum</strong></span> <span class='ocrx_word' id='word_1_476' title='bbox 3266 2731 3360 2804; x_wconf 91' lang='lat' dir='ltr'><strong>qui</strong></span> <span class='ocrx_word' id='word_1_477' title='bbox 3392 2744 3534 2802; x_wconf 61' lang='lat' dir='ltr'><strong>pra-</strong></span> 
     </span>
    </p>
   </div>
   <div class='ocr_carea' id='block_1_71' title="bbox 1957 2824 3534 2899">
    <p class='ocr_par' dir='ltr' id='par_1_71' title="bbox 1957 2824 3534 2899">
     <span class='ocr_line' id='line_1_71' title="bbox 1957 2824 3534 2899; baseline -0.004 -13"><span class='ocrx_word' id='word_1_478' title='bbox 1957 2840 2041 2887; x_wconf 90' lang='lat' dir='ltr'><strong>ter</strong></span> <span class='ocrx_word' id='word_1_479' title='bbox 2062 2830 2388 2885; x_wconf 78' lang='lat' dir='ltr'><strong>sententiam</strong></span> <span class='ocrx_word' id='word_1_480' title='bbox 2416 2828 2662 2899; x_wconf 76' lang='lat' dir='ltr'><strong>cpiscOpi</strong></span> <span class='ocrx_word' id='word_1_481' title='bbox 2712 2828 2804 2898; x_wconf 88' lang='lat' dir='ltr'><strong>qni</strong></span> <span class='ocrx_word' id='word_1_482' title='bbox 2838 2843 2961 2883; x_wconf 88' lang='lat' dir='ltr'><strong>eum</strong></span> <span class='ocrx_word' id='word_1_483' title='bbox 3021 2825 3294 2880; x_wconf 81' lang='lat' dir='ltr'><strong>ordinavit</strong></span> <span class='ocrx_word' id='word_1_484' title='bbox 3326 2824 3394 2879; x_wconf 85' lang='lat' dir='ltr'><strong>ab</strong></span> <span class='ocrx_word' id='word_1_485' title='bbox 3425 2838 3534 2879; x_wconf 84' lang='lat' dir='ltr'><strong>una</strong></span> 
     </span>
    </p>
   </div>
   <div class='ocr_carea' id='block_1_72' title="bbox 1956 2916 3536 2993">
    <p class='ocr_par' dir='ltr' id='par_1_72' title="bbox 1956 2916 3536 2993">
     <span class='ocr_line' id='line_1_72' title="bbox 1956 2916 3536 2993; baseline -0.005 -17"><span class='ocrx_word' id='word_1_486' title='bbox 1956 2922 2217 2993; x_wconf 84' lang='lat' dir='ltr'><strong>parochia</strong></span> <span class='ocrx_word' id='word_1_487' title='bbox 2249 2922 2315 2976; x_wconf 85' lang='lat' dir='ltr'><strong>ad</strong></span> <span class='ocrx_word' id='word_1_488' title='bbox 2372 2921 2532 2974; x_wconf 82' lang='lat' dir='ltr'><strong>aliam</strong></span> <span class='ocrx_word' id='word_1_489' title='bbox 2597 2919 2813 2982; x_wconf 84' lang='lat' dir='ltr'><strong>transit,</strong></span> <span class='ocrx_word' id='word_1_490' title='bbox 2846 2916 3210 2973; x_wconf 81' lang='lat' dir='ltr'><strong>aministerio</strong></span> <span class='ocrx_word' id='word_1_491' title='bbox 3266 2925 3434 2980; x_wconf 86' lang='lat' dir='ltr'><strong>arcet,</strong></span> <span class='ocrx_word' id='word_1_492' title='bbox 3478 2918 3536 2969; x_wconf 80' lang='lat' dir='ltr'><strong>et</strong></span> 
     </span>
    </p>
   </div>
   <div class='ocr_carea' id='block_1_73' title="bbox 1959 3008 3536 3086">
    <p class='ocr_par' dir='ltr' id='par_1_73' title="bbox 1959 3008 3536 3086">
     <span class='ocr_line' id='line_1_73' title="bbox 1959 3008 3536 3086; baseline -0.008 -19"><span class='ocrx_word' id='word_1_493' title='bbox 1959 3015 2233 3086; x_wconf 68' lang='lat' dir='ltr'><strong>praecipue</strong></span> <span class='ocrx_word' id='word_1_494' title='bbox 2272 3014 2318 3069; x_wconf 91' lang='lat' dir='ltr'><strong>si</strong></span> <span class='ocrx_word' id='word_1_495' title='bbox 2350 3014 2419 3068; x_wconf 89' lang='lat' dir='ltr'><strong>ab</strong></span> <span class='ocrx_word' id='word_1_496' title='bbox 2440 3027 2505 3068; x_wconf 90' lang='lat' dir='ltr'><strong>eo</strong></span> <span class='ocrx_word' id='word_1_497' title='bbox 2529 3020 2755 3067; x_wconf 85' lang='lat' dir='ltr'><strong>vocatus</strong></span> <span class='ocrx_word' id='word_1_498' title='bbox 2802 3015 2913 3064; x_wconf 82' lang='lat' dir='ltr'><strong>non</strong></span> <span class='ocrx_word' id='word_1_499' title='bbox 2963 3008 3224 3064; x_wconf 74' lang='lat' dir='ltr'><strong>redierit:</strong></span> <span class='ocrx_word' id='word_1_500' title='bbox 3287 3021 3536 3062; x_wconf 63' lang='lat' dir='ltr'><strong>comma.</strong></span> 
     </span>
    </p>
   </div>
   <div class='ocr_carea' id='block_1_74' title="bbox 1957 3099 3538 3175">
    <p class='ocr_par' dir='ltr' id='par_1_74' title="bbox 1957 3099 3538 3175">
     <span class='ocr_line' id='line_1_74' title="bbox 1957 3099 3538 3175; baseline -0.004 -14"><span class='ocrx_word' id='word_1_501' title='bbox 1957 3107 2143 3161; x_wconf 86' lang='lat' dir='ltr'><strong>nicare</strong></span> <span class='ocrx_word' id='word_1_502' title='bbox 2168 3114 2349 3160; x_wconf 86' lang='lat' dir='ltr'><strong>autem</strong></span> <span class='ocrx_word' id='word_1_503' title='bbox 2379 3122 2503 3161; x_wconf 89' lang='lat' dir='ltr'><strong>cum</strong></span> <span class='ocrx_word' id='word_1_504' title='bbox 2536 3105 2606 3160; x_wconf 92' lang='lat' dir='ltr'><strong>iis</strong></span> <span class='ocrx_word' id='word_1_505' title='bbox 2652 3105 2749 3175; x_wconf 89' lang='lat' dir='ltr'><strong>qui</strong></span> <span class='ocrx_word' id='word_1_506' title='bbox 2782 3103 2982 3159; x_wconf 83' lang='lat' dir='ltr'><strong>ibidem</strong></span> <span class='ocrx_word' id='word_1_507' title='bbox 3034 3112 3185 3159; x_wconf 90' lang='lat' dir='ltr'><strong>sunt.</strong></span> <span class='ocrx_word' id='word_1_508' title='bbox 3213 3115 3363 3156; x_wconf 87' lang='lat' dir='ltr'><strong>more</strong></span> <span class='ocrx_word' id='word_1_509' title='bbox 3407 3099 3538 3155; x_wconf 83' lang='lat' dir='ltr'><strong>laici</strong></span> 
     </span>
    </p>
   </div>
   <div class='ocr_carea' id='block_1_75' title="bbox 1959 3188 3533 3267">
    <p class='ocr_par' dir='ltr' id='par_1_75' title="bbox 1959 3188 3533 3267">
     <span class='ocr_line' id='line_1_75' title="bbox 1959 3188 3533 3267; baseline -0.006 -17"><span class='ocrx_word' id='word_1_510' title='bbox 1959 3211 2071 3250; x_wconf 92' lang='lat' dir='ltr'><strong>non</strong></span> <span class='ocrx_word' id='word_1_511' title='bbox 2107 3196 2421 3267; x_wconf 86' lang='lat' dir='ltr'><strong>prohibent.</strong></span> <span class='ocrx_word' id='word_1_512' title='bbox 2452 3194 2757 3265; x_wconf 85' lang='lat' dir='ltr'><strong>Episcopus</strong></span> <span class='ocrx_word' id='word_1_513' title='bbox 2822 3208 2954 3248; x_wconf 68' lang='lat' dir='ltr'><strong>vero</strong></span> <span class='ocrx_word' id='word_1_514' title='bbox 2998 3190 3092 3261; x_wconf 92' lang='lat' dir='ltr'><strong>qui</strong></span> <span class='ocrx_word' id='word_1_515' title='bbox 3141 3205 3267 3246; x_wconf 91' lang='lat' dir='ltr'><strong>eum</strong></span> <span class='ocrx_word' id='word_1_516' title='bbox 3316 3188 3533 3260; x_wconf 87' lang='lat' dir='ltr'><strong>reeipit,</strong></span> 
     </span>
    </p>
   </div>
   <div class='ocr_carea' id='block_1_76' title="bbox 1957 3283 3534 3357">
    <p class='ocr_par' dir='ltr' id='par_1_76' title="bbox 1957 3283 3534 3357">
     <span class='ocr_line' id='line_1_76' title="bbox 1957 3283 3534 3357; baseline -0.006 -14"><span class='ocrx_word' id='word_1_517' title='bbox 1957 3286 2027 3352; x_wconf 83' lang='lat' dir='ltr'><strong>si,</strong></span> <span class='ocrx_word' id='word_1_518' title='bbox 2059 3301 2167 3340; x_wconf 88' lang='lat' dir='ltr'><strong>non</strong></span> <span class='ocrx_word' id='word_1_519' title='bbox 2202 3285 2468 3357; x_wconf 79' lang='lat' dir='ltr'><strong>ignoratis</strong></span> <span class='ocrx_word' id='word_1_520' title='bbox 2491 3285 2556 3340; x_wconf 91' lang='lat' dir='ltr'><strong>iis</strong></span> <span class='ocrx_word' id='word_1_521' title='bbox 2590 3300 2711 3356; x_wconf 76' lang='lat' dir='ltr'><strong>qua:</strong></span> <span class='ocrx_word' id='word_1_522' title='bbox 2747 3293 2935 3339; x_wconf 57' lang='lat' dir='ltr'><strong>contra</strong></span> <span class='ocrx_word' id='word_1_523' title='bbox 2966 3283 3115 3337; x_wconf 89' lang='lat' dir='ltr'><strong>illum</strong></span> <span class='ocrx_word' id='word_1_524' title='bbox 3139 3283 3355 3337; x_wconf 82' lang='lat' dir='ltr'><strong>decrcta</strong></span> <span class='ocrx_word' id='word_1_525' title='bbox 3383 3286 3534 3347; x_wconf 84' lang='lat' dir='ltr'><strong>sunt,</strong></span> 
     </span>
    </p>
   </div>
   <div class='ocr_carea' id='block_1_77' title="bbox 1957 3372 3536 3442">
    <p class='ocr_par' dir='ltr' id='par_1_77' title="bbox 1957 3372 3536 3442">
     <span class='ocr_line' id='line_1_77' title="bbox 1957 3372 3536 3442; baseline -0.005 -10"><span class='ocrx_word' id='word_1_526' title='bbox 1957 3378 2209 3433; x_wconf 91' lang='lat' dir='ltr'><strong>eumdem</strong></span> <span class='ocrx_word' id='word_1_527' title='bbox 2270 3377 2418 3432; x_wconf 87' lang='lat' dir='ltr'><strong>clero</strong></span> <span class='ocrx_word' id='word_1_528' title='bbox 2482 3390 2583 3431; x_wconf 88' lang='lat' dir='ltr'><strong>suo</strong></span> <span class='ocrx_word' id='word_1_529' title='bbox 2643 3375 3142 3436; x_wconf 80' lang='lat' dir='ltr'><strong>connumeraverit.</strong></span> <span class='ocrx_word' id='word_1_530' title='bbox 3193 3381 3249 3428; x_wconf 89' lang='lat' dir='ltr'><strong>et</strong></span> <span class='ocrx_word' id='word_1_531' title='bbox 3312 3372 3536 3442; x_wconf 87' lang='lat' dir='ltr'><strong>impune</strong></span> 
     </span>
    </p>
   </div>
   <div class='ocr_carea' id='block_1_78' title="bbox 1959 3462 3535 3541">
    <p class='ocr_par' dir='ltr' id='par_1_78' title="bbox 1959 3462 3535 3541">
     <span class='ocr_line' id='line_1_78' title="bbox 1959 3462 3535 3541; baseline -0.005 -16"><span class='ocrx_word' id='word_1_532' title='bbox 1959 3484 2114 3525; x_wconf 84' lang='lat' dir='ltr'><strong>sacra</strong></span> <span class='ocrx_word' id='word_1_533' title='bbox 2148 3484 2404 3540; x_wconf 80' lang='lat' dir='ltr'><strong>peragere</strong></span> <span class='ocrx_word' id='word_1_534' title='bbox 2459 3467 2774 3541; x_wconf 87' lang='lat' dir='ltr'><strong>permiserit</strong></span> <span class='ocrx_word' id='word_1_535' title='bbox 2825 3467 3033 3538; x_wconf 84' lang='lat' dir='ltr'><strong>absque</strong></span> <span class='ocrx_word' id='word_1_536' title='bbox 3079 3466 3277 3521; x_wconf 86' lang='lat' dir='ltr'><strong>litteris</strong></span> <span class='ocrx_word' id='word_1_537' title='bbox 3329 3462 3535 3534; x_wconf 86' lang='lat' dir='ltr'><strong>proprii</strong></span> 
     </span>
    </p>
   </div>
   <div class='ocr_carea' id='block_1_79' title="bbox 1958 3557 3537 3633">
    <p class='ocr_par' dir='ltr' id='par_1_79' title="bbox 1958 3557 3537 3633">
     <span class='ocr_line' id='line_1_79' title="bbox 1958 3557 3537 3633; baseline -0.003 -15"><span class='ocrx_word' id='word_1_538' title='bbox 1958 3562 2223 3633; x_wconf 78' lang='lat' dir='ltr'><strong>episcopi,</strong></span> <span class='ocrx_word' id='word_1_539' title='bbox 2261 3562 2650 3633; x_wconf 79' lang='lat' dir='ltr'><strong>segregationi,</strong></span> <span class='ocrx_word' id='word_1_540' title='bbox 2685 3559 2881 3631; x_wconf 90' lang='lat' dir='ltr'><strong>inquit,</strong></span> <span class='ocrx_word' id='word_1_541' title='bbox 2912 3557 3260 3630; x_wconf 87' lang='lat' dir='ltr'><strong>subjiciatur,</strong></span> <span class='ocrx_word' id='word_1_542' title='bbox 3295 3565 3355 3611; x_wconf 88' lang='lat' dir='ltr'><strong>ut</strong></span> <span class='ocrx_word' id='word_1_543' title='bbox 3398 3573 3537 3614; x_wconf 86' lang='lat' dir='ltr'><strong>con-</strong></span> 
     </span>
    </p>
   </div>
   <div class='ocr_carea' id='block_1_80' title="bbox 1958 3653 3531 3729">
    <p class='ocr_par' dir='ltr' id='par_1_80' title="bbox 1958 3653 3531 3729">
     <span class='ocr_line' id='line_1_80' title="bbox 1958 3653 3531 3729; baseline -0.003 -17"><span class='ocrx_word' id='word_1_544' title='bbox 1958 3658 2190 3713; x_wconf 83' lang='lat' dir='ltr'><strong>fusionis</strong></span> <span class='ocrx_word' id='word_1_545' title='bbox 2216 3667 2272 3714; x_wconf 89' lang='lat' dir='ltr'><strong>et</strong></span> <span class='ocrx_word' id='word_1_546' title='bbox 2301 3657 2594 3714; x_wconf 69' lang='lat' dir='ltr'><strong>seditionis</strong></span> <span class='ocrx_word' id='word_1_547' title='bbox 2631 3658 2908 3729; x_wconf 83' lang='lat' dir='ltr'><strong>magister.</strong></span> <span class='ocrx_word' id='word_1_548' title='bbox 2942 3656 3040 3712; x_wconf 89' lang='lat' dir='ltr'><strong>Sin</strong></span> <span class='ocrx_word' id='word_1_549' title='bbox 3067 3663 3251 3711; x_wconf 89' lang='lat' dir='ltr'><strong>autem</strong></span> <span class='ocrx_word' id='word_1_550' title='bbox 3286 3669 3411 3710; x_wconf 89' lang='lat' dir='ltr'><strong>eum</strong></span> <span class='ocrx_word' id='word_1_551' title='bbox 3461 3653 3531 3708; x_wconf 89' lang='lat' dir='ltr'><strong>ad</strong></span> 
     </span>
    </p>
   </div>
   <div class='ocr_carea' id='block_1_81' title="bbox 1957 3744 3543 3821">
    <p class='ocr_par' dir='ltr' id='par_1_81' title="bbox 1957 3744 3543 3821">
     <span class='ocr_line' id='line_1_81' title="bbox 1957 3744 3543 3821; baseline -0.004 -18"><span class='ocrx_word' id='word_1_552' title='bbox 1957 3750 2215 3818; x_wconf 80' lang='lat' dir='ltr'><strong>majorem</strong></span> <span class='ocrx_word' id='word_1_553' title='bbox 2238 3750 2465 3821; x_wconf 82' lang='lat' dir='ltr'><strong>gradum</strong></span> <span class='ocrx_word' id='word_1_554' title='bbox 2482 3749 2840 3811; x_wconf 68' lang='lat' dir='ltr'><strong>ordinat-erit,</strong></span> <span class='ocrx_word' id='word_1_555' title='bbox 2868 3746 3138 3819; x_wconf 77' lang='lat' dir='ltr'><strong>ejusmodi</strong></span> <span class='ocrx_word' id='word_1_556' title='bbox 3162 3745 3435 3801; x_wconf 90' lang='lat' dir='ltr'><strong>ordinatio</strong></span> <span class='ocrx_word' id='word_1_557' title='bbox 3466 3744 3543 3797; x_wconf 87' lang='lat' dir='ltr'><strong>ir-</strong></span> 
     </span>
    </p>
   </div>
   <div class='ocr_carea' id='block_1_82' title="bbox 1958 3833 3542 3906">
    <p class='ocr_par' dir='ltr' id='par_1_82' title="bbox 1958 3833 3542 3906">
     <span class='ocr_line' id='line_1_82' title="bbox 1958 3833 3542 3906; baseline -0.003 -13"><span class='ocrx_word' id='word_1_558' title='bbox 1958 3840 2063 3894; x_wconf 87' lang='lat' dir='ltr'><strong>rita</strong></span> <span class='ocrx_word' id='word_1_559' title='bbox 2096 3840 2382 3906; x_wconf 85' lang='lat' dir='ltr'><strong>habeatur,</strong></span> <span class='ocrx_word' id='word_1_560' title='bbox 2405 3840 2543 3895; x_wconf 88' lang='lat' dir='ltr'><strong>adeo</strong></span> <span class='ocrx_word' id='word_1_561' title='bbox 2565 3846 2647 3903; x_wconf 88' lang='lat' dir='ltr'><strong>ut,</strong></span> <span class='ocrx_word' id='word_1_562' title='bbox 2663 3838 2769 3892; x_wconf 91' lang='lat' dir='ltr'><strong>nisi</strong></span> <span class='ocrx_word' id='word_1_563' title='bbox 2794 3837 3028 3893; x_wconf 83' lang='lat' dir='ltr'><strong>clericus</strong></span> <span class='ocrx_word' id='word_1_564' title='bbox 3057 3837 3268 3891; x_wconf 79' lang='lat' dir='ltr'><strong>litteras</strong></span> <span class='ocrx_word' id='word_1_565' title='bbox 3286 3833 3542 3889; x_wconf 80' lang='lat' dir='ltr'><strong>dimisso-</strong></span> 
     </span>
    </p>
   </div>
   <div class='ocr_carea' id='block_1_83' title="bbox 1961 3927 3538 3999">
    <p class='ocr_par' dir='ltr' id='par_1_83' title="bbox 1961 3927 3538 3999">
     <span class='ocr_line' id='line_1_83' title="bbox 1961 3927 3538 3999; baseline -0.002 -15"><span class='ocrx_word' id='word_1_566' title='bbox 1961 3930 2072 3985; x_wconf 89' lang='lat' dir='ltr'><strong>rias</strong></span> <span class='ocrx_word' id='word_1_567' title='bbox 2121 3930 2332 3996; x_wconf 58' lang='lat' dir='ltr'><strong>amarat,</strong></span> <span class='ocrx_word' id='word_1_568' title='bbox 2372 3930 2422 3984; x_wconf 92' lang='lat' dir='ltr'><strong>ei</strong></span> <span class='ocrx_word' id='word_1_569' title='bbox 2456 3930 2510 3985; x_wconf 93' lang='lat' dir='ltr'><strong>in</strong></span> <span class='ocrx_word' id='word_1_570' title='bbox 2559 3929 2736 3984; x_wconf 88' lang='lat' dir='ltr'><strong>aliena</strong></span> <span class='ocrx_word' id='word_1_571' title='bbox 2793 3927 3014 3999; x_wconf 77' lang='lat' dir='ltr'><strong>regione</strong></span> <span class='ocrx_word' id='word_1_572' title='bbox 3073 3940 3227 3982; x_wconf 75' lang='lat' dir='ltr'><strong>Sacra</strong></span> <span class='ocrx_word' id='word_1_573' title='bbox 3279 3939 3538 3999; x_wconf 73' lang='lat' dir='ltr'><strong>peragere</strong></span> 
     </span>
    </p>
   </div>
   <div class='ocr_carea' id='block_1_84' title="bbox 1962 4020 2399 4075">
    <p class='ocr_par' dir='ltr' id='par_1_84' title="bbox 1962 4020 2399 4075">
     <span class='ocr_line' id='line_1_84' title="bbox 1962 4020 2399 4075; baseline -0.002 -1"><span class='ocrx_word' id='word_1_574' title='bbox 1962 4022 2187 4075; x_wconf 87' lang='lat' dir='ltr'><strong>minime</strong></span> <span class='ocrx_word' id='word_1_575' title='bbox 2218 4020 2399 4075; x_wconf 82' lang='lat' dir='ltr'><strong>liceat.</strong></span> 
     </span>
    </p>
   </div>
   <div class='ocr_carea' id='block_1_85' title="bbox 2033 4109 3540 4182">
    <p class='ocr_par' dir='ltr' id='par_1_85' title="bbox 2033 4109 3540 4182">
     <span class='ocr_line' id='line_1_85' title="bbox 2033 4109 3540 4182; baseline -0.001 -16"><span class='ocrx_word' id='word_1_576' title='bbox 2033 4112 2233 4167; x_wconf 86' lang='lat' dir='ltr'><strong>Eadem</strong></span> <span class='ocrx_word' id='word_1_577' title='bbox 2272 4111 2438 4166; x_wconf 84' lang='lat' dir='ltr'><strong>etiam</strong></span> <span class='ocrx_word' id='word_1_578' title='bbox 2499 4126 2621 4167; x_wconf 87' lang='lat' dir='ltr'><strong>can.</strong></span> <span class='ocrx_word' id='word_1_579' title='bbox 2651 4110 2720 4167; x_wconf 83' lang='lat' dir='ltr'><strong>l6</strong></span> <span class='ocrx_word' id='word_1_580' title='bbox 2751 4126 2912 4182; x_wconf 82' lang='lat' dir='ltr'><strong>rsyn.</strong></span> <span class='ocrx_word' id='word_1_581' title='bbox 2949 4109 3210 4176; x_wconf 88' lang='lat' dir='ltr'><strong>disserit;</strong></span> <span class='ocrx_word' id='word_1_582' title='bbox 3248 4109 3435 4179; x_wconf 86' lang='lat' dir='ltr'><strong>utique</strong></span> <span class='ocrx_word' id='word_1_583' title='bbox 3481 4116 3540 4164; x_wconf 86' lang='lat' dir='ltr'><strong>et</strong></span> 
     </span>
    </p>
   </div>
   <div class='ocr_carea' id='block_1_86' title="bbox 1962 4197 3538 4273">
    <p class='ocr_par' dir='ltr' id='par_1_86' title="bbox 1962 4197 3538 4273">
     <span class='ocr_line' id='line_1_86' title="bbox 1962 4197 3538 4273; baseline -0.003 -17"><span class='ocrx_word' id='word_1_584' title='bbox 1962 4217 2089 4257; x_wconf 90' lang='lat' dir='ltr'><strong>can.</strong></span> <span class='ocrx_word' id='word_1_585' title='bbox 2118 4201 2152 4256; x_wconf 78' lang='lat'><strong>3</strong></span> <span class='ocrx_word' id='word_1_586' title='bbox 2175 4202 2367 4273; x_wconf 81' lang='lat' dir='ltr'><strong>synodi</strong></span> <span class='ocrx_word' id='word_1_587' title='bbox 2431 4201 2803 4257; x_wconf 68' lang='lat' dir='ltr'><strong>Antiochense.</strong></span> <span class='ocrx_word' id='word_1_588' title='bbox 2857 4202 3059 4262; x_wconf 77' lang='lat' dir='ltr'><strong>Verum</strong></span> <span class='ocrx_word' id='word_1_589' title='bbox 3092 4200 3186 4270; x_wconf 90' lang='lat' dir='ltr'><strong>qui</strong></span> <span class='ocrx_word' id='word_1_590' title='bbox 3240 4197 3445 4254; x_wconf 90' lang='lat' dir='ltr'><strong>diutius</strong></span> <span class='ocrx_word' id='word_1_591' title='bbox 3478 4198 3538 4254; x_wconf 90' lang='lat' dir='ltr'><strong>in</strong></span> 
     </span>
    </p>
   </div>
   <div class='ocr_carea' id='block_1_87' title="bbox 1966 4288 3543 4365">
    <p class='ocr_par' dir='ltr' id='par_1_87' title="bbox 1966 4288 3543 4365">
     <span class='ocr_line' id='line_1_87' title="bbox 1966 4288 3543 4365; baseline -0.005 -15"><span class='ocrx_word' id='word_1_592' title='bbox 1966 4294 2259 4350; x_wconf 87' lang='lat' dir='ltr'><strong>insolentia</strong></span> <span class='ocrx_word' id='word_1_593' title='bbox 2296 4294 2618 4364; x_wconf 88' lang='lat' dir='ltr'><strong>perstiterit,</strong></span> <span class='ocrx_word' id='word_1_594' title='bbox 2645 4295 2872 4356; x_wconf 87' lang='lat' dir='ltr'><strong>omnino</strong></span> <span class='ocrx_word' id='word_1_595' title='bbox 2918 4291 3117 4365; x_wconf 68' lang='lat' dir='ltr'><strong>deponi</strong></span> <span class='ocrx_word' id='word_1_596' title='bbox 3173 4291 3346 4361; x_wconf 79' lang='lat' dir='ltr'><strong>iubet,</strong></span> <span class='ocrx_word' id='word_1_597' title='bbox 3387 4288 3543 4351; x_wconf 44' lang='lat' dir='ltr'><strong>nulla.</strong></span> 
     </span>
    </p>
   </div>
   <div class='ocr_carea' id='block_1_88' title="bbox 1966 4383 2965 4459">
    <p class='ocr_par' dir='ltr' id='par_1_88' title="bbox 1966 4383 2965 4459">
     <span class='ocr_line' id='line_1_88' title="bbox 1966 4383 2965 4459; baseline 0.001 -21"><span class='ocrx_word' id='word_1_598' title='bbox 1966 4383 2204 4459; x_wconf 76' lang='lat' dir='ltr'><strong>amplius</strong></span> <span class='ocrx_word' id='word_1_599' title='bbox 2230 4399 2328 4455; x_wconf 85' lang='lat' dir='ltr'><strong>spe</strong></span> <span class='ocrx_word' id='word_1_600' title='bbox 2360 4384 2726 4442; x_wconf 74' lang='lat' dir='ltr'><strong>restitutionis</strong></span> <span class='ocrx_word' id='word_1_601' title='bbox 2756 4384 2965 4445; x_wconf 87' lang='lat' dir='ltr'><strong>relicta.</strong></span> 
     </span>
    </p>
   </div>
   <div class='ocr_carea' id='block_1_89' title="bbox 379 4564 1856 4651">
    <p class='ocr_par' dir='ltr' id='par_1_89' title="bbox 379 4574 1856 4651">
     <span class='ocr_line' id='line_1_89' title="bbox 379 4574 1856 4651; baseline 0.003 -22"><span class='ocrx_word' id='word_1_602' title='bbox 379 4577 541 4631; x_wconf 70' lang='grc' dir='ltr'><strong>Ἀλλὰ</strong></span> <span class='ocrx_word' id='word_1_603' title='bbox 574 4580 667 4631; x_wconf 77' lang='grc' dir='ltr'><strong>καὶ</strong></span> <span class='ocrx_word' id='word_1_604' title='bbox 690 4580 718 4633; x_wconf 87' lang='grc' dir='ltr'>ὁ</span> <span class='ocrx_word' id='word_1_605' title='bbox 748 4577 815 4646; x_wconf 86' lang='grc' dir='ltr'><strong>ιγ’</strong></span> <span class='ocrx_word' id='word_1_606' title='bbox 838 4579 937 4647; x_wconf 79' lang='grc' dir='ltr'><strong>τῆς</strong></span> <span class='ocrx_word' id='word_1_607' title='bbox 961 4580 1005 4633; x_wconf 82' lang='grc' dir='ltr'><strong>δ’</strong></span> <span class='ocrx_word' id='word_1_608' title='bbox 1034 4574 1275 4645; x_wconf 85' lang='grc' dir='ltr'><strong>συνόδου,</strong></span> <span class='ocrx_word' id='word_1_609' title='bbox 1323 4581 1419 4635; x_wconf 75' lang='grc' dir='ltr'><strong>καὶ</strong></span> <span class='ocrx_word' id='word_1_610' title='bbox 1452 4581 1479 4644; x_wconf 76' lang='grc' dir='ltr'><strong>ό</strong></span> <span class='ocrx_word' id='word_1_611' title='bbox 1509 4581 1604 4651; x_wconf 76' lang='grc' dir='ltr'><strong>τῆς</strong></span> <span class='ocrx_word' id='word_1_612' title='bbox 1638 4582 1697 4635; x_wconf 81' lang='grc' dir='ltr'><strong>ὲν</strong></span> <span class='ocrx_word' id='word_1_613' title='bbox 1742 4580 1856 4634; x_wconf 82' lang='grc' dir='ltr'><strong>Ἀν·</strong></span> 
     </span>
    </p>
   </div>
   <div class='ocr_carea' id='block_1_90' title="bbox 1966 4564 3537 4651">
    <p class='ocr_par' dir='ltr' id='par_1_90' title="bbox 2038 4569 3537 4644">
     <span class='ocr_line' id='line_1_90' title="bbox 2038 4569 3537 4644; baseline -0.001 -15"><span class='ocrx_word' id='word_1_614' title='bbox 2038 4571 2182 4638; x_wconf 85' lang='lat' dir='ltr'><strong>Quin</strong></span> <span class='ocrx_word' id='word_1_615' title='bbox 2211 4580 2267 4631; x_wconf 88' lang='lat' dir='ltr'><strong>et</strong></span> <span class='ocrx_word' id='word_1_616' title='bbox 2308 4572 2454 4627; x_wconf 75' lang='lat' dir='ltr'><strong>151v</strong></span> <span class='ocrx_word' id='word_1_617' title='bbox 2500 4586 2621 4644; x_wconf 90' lang='lat' dir='ltr'><strong>syn.</strong></span> <span class='ocrx_word' id='word_1_618' title='bbox 2662 4585 2789 4626; x_wconf 86' lang='lat' dir='ltr'><strong>ean.</strong></span> <span class='ocrx_word' id='word_1_619' title='bbox 2831 4579 2888 4626; x_wconf 92' lang='lat' dir='ltr'><strong>ct</strong></span> <span class='ocrx_word' id='word_1_620' title='bbox 2938 4569 3291 4626; x_wconf 73' lang='lat' dir='ltr'><strong>Antiocheam</strong></span> <span class='ocrx_word' id='word_1_621' title='bbox 3323 4573 3353 4625; x_wconf 85' lang='grc'>7</span> <span class='ocrx_word' id='word_1_622' title='bbox 3401 4588 3537 4642; x_wconf 76' lang='lat' dir='ltr'><strong>prae-</strong></span> 
     </span>
    </p>
   </div>
   <div class='ocr_carea' id='block_1_91' title="bbox 298 4667 1867 4745">
    <p class='ocr_par' dir='ltr' id='par_1_91' title="bbox 298 4667 1867 4745">
     <span class='ocr_line' id='line_1_91' title="bbox 298 4667 1867 4745; baseline 0.004 -28"><span class='ocrx_word' id='word_1_623' title='bbox 298 4667 503 4745; x_wconf 70' lang='grc' dir='ltr'><strong>τιοχεξα</strong></span> <span class='ocrx_word' id='word_1_624' title='bbox 533 4667 578 4732; x_wconf 78' lang='grc' dir='ltr'><strong>ζ’</strong></span> <span class='ocrx_word' id='word_1_625' title='bbox 602 4668 786 4741; x_wconf 81' lang='grc' dir='ltr'><strong>ξένους</strong></span> <span class='ocrx_word' id='word_1_626' title='bbox 833 4670 1131 4741; x_wconf 82' lang='grc' dir='ltr'><strong>κληρικοὺς</strong></span> <span class='ocrx_word' id='word_1_627' title='bbox 1181 4671 1279 4724; x_wconf 71' lang='grc' dir='ltr'><strong>καὶ</strong></span> <span class='ocrx_word' id='word_1_628' title='bbox 1318 4672 1631 4740; x_wconf 83' lang='grc' dir='ltr'><strong>ἀγνώστους</strong></span> <span class='ocrx_word' id='word_1_629' title='bbox 1680 4670 1867 4723; x_wconf 79' lang='grc' dir='ltr'><strong>κελεύ-</strong></span> 
     </span>
    </p>
   </div>
   <div class='ocr_carea' id='block_1_92' title="bbox 299 4760 1867 4836">
    <p class='ocr_par' dir='ltr' id='par_1_92' title="bbox 299 4760 1867 4836">
     <span class='ocr_line' id='line_1_92' title="bbox 299 4760 1867 4836; baseline 0.002 -25"><span class='ocrx_word' id='word_1_630' title='bbox 299 4775 415 4814; x_wconf 70' lang='grc' dir='ltr'><strong>ουσι</strong></span> <span class='ocrx_word' id='word_1_631' title='bbox 448 4764 523 4833; x_wconf 81' lang='grc' dir='ltr'><strong>μὴ</strong></span> <span class='ocrx_word' id='word_1_632' title='bbox 581 4762 918 4836; x_wconf 79' lang='grc' dir='ltr'><strong>λειτουργεῖν</strong></span> <span class='ocrx_word' id='word_1_633' title='bbox 974 4760 1317 4816; x_wconf 76' lang='grc' dir='ltr'><strong>συστατικῶν</strong></span> <span class='ocrx_word' id='word_1_634' title='bbox 1370 4761 1501 4816; x_wconf 75' lang='grc' dir='ltr'><strong>ἄνευ</strong></span> <span class='ocrx_word' id='word_1_635' title='bbox 1536 4760 1632 4826; x_wconf 70' lang='grc' dir='ltr'><strong>τοῦ</strong></span> <span class='ocrx_word' id='word_1_636' title='bbox 1662 4761 1867 4815; x_wconf 72' lang='grc' dir='ltr'><strong>οἰκείου</strong></span> 
     </span>
    </p>
   </div>
   <div class='ocr_carea' id='block_1_93' title="bbox 299 4853 621 4918">
    <p class='ocr_par' dir='ltr' id='par_1_93' title="bbox 299 4853 621 4918">
     <span class='ocr_line' id='line_1_93' title="bbox 299 4853 621 4918; baseline 0 -13"><span class='ocrx_word' id='word_1_637' title='bbox 299 4853 489 4911; x_wconf 70' lang='grc' dir='ltr'><strong>ἑπισκό</strong></span> <span class='ocrx_word' id='word_1_638' title='bbox 533 4871 621 4918; x_wconf 59' lang='grc' dir='ltr'><strong>ου,</strong></span> 
     </span>
    </p>
   </div>
   <div class='ocr_carea' id='block_1_94' title="bbox 378 4938 1869 5019">
    <p class='ocr_par' dir='ltr' id='par_1_94' title="bbox 378 4938 1869 5019">
     <span class='ocr_line' id='line_1_94' title="bbox 378 4938 1869 5019; baseline 0.002 -20"><span class='ocrx_word' id='word_1_639' title='bbox 378 4945 439 5005; x_wconf 80' lang='lat' dir='ltr'><strong>&#39;U</strong></span> <span class='ocrx_word' id='word_1_640' title='bbox 473 4945 530 5005; x_wconf 75' lang='grc' dir='ltr'><strong>δὲ</strong></span> <span class='ocrx_word' id='word_1_641' title='bbox 566 4946 665 5015; x_wconf 85' lang='grc' dir='ltr'><strong>τῆς</strong></span> <span class='ocrx_word' id='word_1_642' title='bbox 695 4944 862 5016; x_wconf 73' lang='grc' dir='ltr'><strong>ἕκτης</strong></span> <span class='ocrx_word' id='word_1_643' title='bbox 897 4945 962 5010; x_wconf 73' lang='grc' dir='ltr'><strong>ιζ’</strong></span> <span class='ocrx_word' id='word_1_644' title='bbox 994 4947 1095 5018; x_wconf 83' lang='grc' dir='ltr'><strong>μιᾷ</strong></span> <span class='ocrx_word' id='word_1_645' title='bbox 1130 4938 1329 5016; x_wconf 76' lang='grc' dir='ltr'><strong>ὑπάγει</strong></span> <span class='ocrx_word' id='word_1_646' title='bbox 1362 4949 1427 5019; x_wconf 79' lang='grc' dir='ltr'><strong>τῇ</strong></span> <span class='ocrx_word' id='word_1_647' title='bbox 1469 4948 1736 5019; x_wconf 77' lang='grc' dir='ltr'><strong>καταδίκῃ</strong></span> <span class='ocrx_word' id='word_1_648' title='bbox 1765 4948 1869 5017; x_wconf 80' lang='grc' dir='ltr'><strong>τῆς</strong></span> 
     </span>
    </p>
   </div>
   <div class='ocr_carea' id='block_1_95' title="bbox 303 5034 1870 5107">
    <p class='ocr_par' dir='ltr' id='par_1_95' title="bbox 303 5034 1870 5107">
     <span class='ocr_line' id='line_1_95' title="bbox 303 5034 1870 5107; baseline 0.003 -21"><span class='ocrx_word' id='word_1_649' title='bbox 303 5034 675 5103; x_wconf 71' lang='grc' dir='ltr'><strong>καθαιρέσεως</strong></span> <span class='ocrx_word' id='word_1_650' title='bbox 731 5035 823 5089; x_wconf 73' lang='grc' dir='ltr'><strong>τὸν</strong></span> <span class='ocrx_word' id='word_1_651' title='bbox 873 5036 1160 5106; x_wconf 84' lang='grc' dir='ltr'><strong>ὲπισκόπῳ</strong></span> <span class='ocrx_word' id='word_1_652' title='bbox 1214 5053 1273 5089; x_wconf 86' lang='grc' dir='ltr'><strong>τε</strong></span> <span class='ocrx_word' id='word_1_653' title='bbox 1334 5037 1870 5107; x_wconf 75' lang='grc' dir='ltr'><strong>προσελθόντα,καὶ</strong></span> 
     </span>
    </p>
   </div>
   <div class='ocr_carea' id='block_1_96' title="bbox 301 5127 1869 5198">
    <p class='ocr_par' dir='ltr' id='par_1_96' title="bbox 301 5127 1869 5198">
     <span class='ocr_line' id='line_1_96' title="bbox 301 5127 1869 5198; baseline 0.003 -21"><span class='ocrx_word' id='word_1_654' title='bbox 301 5128 464 5183; x_wconf 75' lang='grc' dir='ltr'><strong>αὐτὸν</strong></span> <span class='ocrx_word' id='word_1_655' title='bbox 494 5127 585 5181; x_wconf 73' lang='grc' dir='ltr'><strong>τὸν</strong></span> <span class='ocrx_word' id='word_1_656' title='bbox 617 5127 1049 5198; x_wconf 22' lang='grc' dir='ltr'><strong>προσδιξάμενον</strong></span> <span class='ocrx_word' id='word_1_657' title='bbox 1079 5129 1414 5183; x_wconf 76' lang='grc' dir='ltr'><strong>συστατικῶν</strong></span> <span class='ocrx_word' id='word_1_658' title='bbox 1444 5129 1574 5182; x_wconf 76' lang='grc' dir='ltr'><strong>ἄνευ</strong></span> <span class='ocrx_word' id='word_1_659' title='bbox 1607 5131 1701 5182; x_wconf 70' lang='grc' dir='ltr'><strong>καὶ</strong></span> <span class='ocrx_word' id='word_1_660' title='bbox 1728 5130 1869 5182; x_wconf 80' lang='grc' dir='ltr'><strong>ἀποο</strong></span> 
     </span>
    </p>
   </div>
   <div class='ocr_carea' id='block_1_97' title="bbox 301 5212 1869 5289">
    <p class='ocr_par' dir='ltr' id='par_1_97' title="bbox 301 5212 1869 5289">
     <span class='ocr_line' id='line_1_97' title="bbox 301 5212 1869 5289; baseline 0.003 -24"><span class='ocrx_word' id='word_1_661' title='bbox 301 5212 530 5273; x_wconf 82' lang='grc' dir='ltr'><strong>λυτικῶν</strong></span> <span class='ocrx_word' id='word_1_662' title='bbox 576 5218 945 5286; x_wconf 73' lang='grc' dir='ltr'><strong>γραμμάτων,</strong></span> <span class='ocrx_word' id='word_1_663' title='bbox 995 5216 1069 5280; x_wconf 83' lang='grc' dir='ltr'><strong>ὡς</strong></span> <span class='ocrx_word' id='word_1_664' title='bbox 1110 5218 1591 5289; x_wconf 82' lang='grc' dir='ltr'><strong>καταισχύνοντας,</strong></span> <span class='ocrx_word' id='word_1_665' title='bbox 1643 5219 1767 5271; x_wconf 80' lang='grc' dir='ltr'><strong>ὅσον</strong></span> <span class='ocrx_word' id='word_1_666' title='bbox 1805 5217 1869 5275; x_wconf 80' lang='grc' dir='ltr'><strong>τὸ</strong></span> 
     </span>
    </p>
   </div>
   <div class='ocr_carea' id='block_1_98' title="bbox 302 5303 1761 5383">
    <p class='ocr_par' dir='ltr' id='par_1_98' title="bbox 302 5303 1761 5383">
     <span class='ocr_line' id='line_1_98' title="bbox 302 5303 1761 5383; baseline 0.005 -28"><span class='ocrx_word' id='word_1_667' title='bbox 302 5304 386 5356; x_wconf 79' lang='grc' dir='ltr'><strong>ἐπ’</strong></span> <span class='ocrx_word' id='word_1_668' title='bbox 416 5308 624 5371; x_wconf 78' lang='grc' dir='ltr'><strong>αὐτοῖς,</strong></span> <span class='ocrx_word' id='word_1_669' title='bbox 654 5309 746 5362; x_wconf 66' lang='grc' dir='ltr'><strong>τὸν</strong></span> <span class='ocrx_word' id='word_1_670' title='bbox 770 5326 810 5360; x_wconf 85' lang='grc' dir='ltr'><strong>π</strong></span> <span class='ocrx_word' id='word_1_671' title='bbox 850 5308 897 5383; x_wconf 84' lang='grc' dir='ltr'><strong>ρ’</strong></span> <span class='ocrx_word' id='word_1_672' title='bbox 921 5303 983 5362; x_wconf 77' lang='grc' dir='ltr'><strong>οὗ</strong></span> <span class='ocrx_word' id='word_1_673' title='bbox 1006 5311 1105 5380; x_wconf 70' lang='grc' dir='ltr'><strong>τὴν</strong></span> <span class='ocrx_word' id='word_1_674' title='bbox 1129 5310 1466 5381; x_wconf 82' lang='grc' dir='ltr'><strong>χειροτονίαν</strong></span> <span class='ocrx_word' id='word_1_675' title='bbox 1490 5308 1761 5377; x_wconf 73' lang='grc' dir='ltr'><strong>ἐδέξαντο.</strong></span> 
     </span>
    </p>
   </div>
   <div class='ocr_carea' id='block_1_99' title="bbox 383 5489 1867 5565">
    <p class='ocr_par' dir='ltr' id='par_1_99' title="bbox 383 5489 1867 5565">
     <span class='ocr_line' id='line_1_99' title="bbox 383 5489 1867 5565; baseline 0.01 -26"><span class='ocrx_word' id='word_1_676' title='bbox 383 5489 528 5545; x_wconf 67' lang='grc' dir='ltr'><strong>Ἀλλ’</strong></span> <span class='ocrx_word' id='word_1_677' title='bbox 556 5491 675 5552; x_wconf 67' lang='grc' dir='ltr'><strong>οὐδὲ</strong></span> <span class='ocrx_word' id='word_1_678' title='bbox 719 5492 747 5543; x_wconf 83' lang='grc' dir='ltr'><strong>ό</strong></span> <span class='ocrx_word' id='word_1_679' title='bbox 784 5496 875 5560; x_wconf 77' lang='grc' dir='ltr'><strong>μα’</strong></span> <span class='ocrx_word' id='word_1_680' title='bbox 904 5491 997 5562; x_wconf 77' lang='grc' dir='ltr'><strong>τῆς</strong></span> <span class='ocrx_word' id='word_1_681' title='bbox 1038 5492 1095 5551; x_wconf 80' lang='grc' dir='ltr'><strong>ἐν</strong></span> <span class='ocrx_word' id='word_1_682' title='bbox 1145 5492 1457 5565; x_wconf 75' lang='grc' dir='ltr'><strong>Λαοδικείᾳ,</strong></span> <span class='ocrx_word' id='word_1_683' title='bbox 1488 5495 1570 5549; x_wconf 78' lang='grc' dir='ltr'><strong>ἔτι</strong></span> <span class='ocrx_word' id='word_1_684' title='bbox 1611 5497 1668 5550; x_wconf 78' lang='grc' dir='ltr'><strong>δὲ</strong></span> <span class='ocrx_word' id='word_1_685' title='bbox 1716 5501 1810 5553; x_wconf 75' lang='grc' dir='ltr'><strong>καὶ</strong></span> <span class='ocrx_word' id='word_1_686' title='bbox 1837 5503 1867 5555; x_wconf 91' lang='lat'><strong>6</strong></span> 
     </span>
    </p>
   </div>
   <div class='ocr_carea' id='block_1_100' title="bbox 311 5579 1868 5655">
    <p class='ocr_par' dir='ltr' id='par_1_100' title="bbox 311 5579 1868 5655">
     <span class='ocr_line' id='line_1_100' title="bbox 311 5579 1868 5655; baseline 0.01 -25"><span class='ocrx_word' id='word_1_687' title='bbox 311 5579 411 5645; x_wconf 56' lang='grc' dir='ltr'><strong>μζ,</strong></span> <span class='ocrx_word' id='word_1_688' title='bbox 449 5583 714 5655; x_wconf 61' lang='grc' dir='ltr'><strong>κλῂρικδν</strong></span> <span class='ocrx_word' id='word_1_689' title='bbox 762 5584 793 5654; x_wconf 87' lang='grc' dir='ltr'><strong>ῆ</strong></span> <span class='ocrx_word' id='word_1_690' title='bbox 845 5585 1123 5653; x_wconf 75' lang='grc' dir='ltr'><strong>ἱερατικὸν</strong></span> <span class='ocrx_word' id='word_1_691' title='bbox 1167 5584 1304 5649; x_wconf 76' lang='grc' dir='ltr'><strong>ὅλως</strong></span> <span class='ocrx_word' id='word_1_692' title='bbox 1335 5586 1543 5641; x_wconf 77' lang='grc' dir='ltr'><strong>ὁδεύειν</strong></span> <span class='ocrx_word' id='word_1_693' title='bbox 1570 5591 1670 5643; x_wconf 82' lang='grc' dir='ltr'><strong>ούκ</strong></span> <span class='ocrx_word' id='word_1_694' title='bbox 1695 5593 1868 5655; x_wconf 77' lang='grc' dir='ltr'><strong>οἴεται</strong></span> 
     </span>
    </p>
   </div>
   <div class='ocr_carea' id='block_1_101' title="bbox 306 5671 1861 5752">
    <p class='ocr_par' dir='ltr' id='par_1_101' title="bbox 306 5671 1861 5752">
     <span class='ocr_line' id='line_1_101' title="bbox 306 5671 1861 5752; baseline 0.01 -29"><span class='ocrx_word' id='word_1_695' title='bbox 306 5671 408 5724; x_wconf 72' lang='grc' dir='ltr'><strong>δεῖν</strong></span> <span class='ocrx_word' id='word_1_696' title='bbox 440 5674 562 5742; x_wconf 81' lang='grc' dir='ltr'><strong>δίχα</strong></span> <span class='ocrx_word' id='word_1_697' title='bbox 595 5674 895 5737; x_wconf 64' lang='grc' dir='ltr'><strong>κελεὶσεως</strong></span> <span class='ocrx_word' id='word_1_698' title='bbox 925 5675 1017 5728; x_wconf 77' lang='grc' dir='ltr'><strong>τοῦ</strong></span> <span class='ocrx_word' id='word_1_699' title='bbox 1052 5677 1182 5739; x_wconf 75' lang='grc' dir='ltr'><strong>ἰδίου</strong></span> <span class='ocrx_word' id='word_1_700' title='bbox 1225 5678 1548 5744; x_wconf 75' lang='grc' dir='ltr'><strong>ἐπισκόπου,</strong></span> <span class='ocrx_word' id='word_1_701' title='bbox 1584 5681 1861 5752; x_wconf 81' lang='grc' dir='ltr'><strong>ῆκανονι-</strong></span> 
     </span>
    </p>
   </div>
   <div class='ocr_carea' id='block_1_102' title="bbox 312 5763 979 5820">
    <p class='ocr_par' dir='ltr' id='par_1_102' title="bbox 312 5763 979 5820">
     <span class='ocr_line' id='line_1_102' title="bbox 312 5763 979 5820; baseline 0.006 -6"><span class='ocrx_word' id='word_1_702' title='bbox 312 5763 415 5815; x_wconf 84' lang='grc' dir='ltr'><strong>κῶν</strong></span> <span class='ocrx_word' id='word_1_703' title='bbox 441 5765 631 5819; x_wconf 89' lang='grc' dir='ltr'><strong>τούτου</strong></span> <span class='ocrx_word' id='word_1_704' title='bbox 657 5768 979 5820; x_wconf 72' lang='grc' dir='ltr'><strong>ἐπιστολῶν.</strong></span> 
     </span>
    </p>
   </div>
   <div class='ocr_carea' id='block_1_103' title="bbox 388 5855 1864 5938">
    <p class='ocr_par' dir='ltr' id='par_1_103' title="bbox 388 5855 1864 5938">
     <span class='ocr_line' id='line_1_103' title="bbox 388 5855 1864 5938; baseline 0.008 -30"><span class='ocrx_word' id='word_1_705' title='bbox 388 5855 447 5908; x_wconf 86' lang='lat'><strong>&#39;0</strong></span> <span class='ocrx_word' id='word_1_706' title='bbox 480 5857 533 5910; x_wconf 81' lang='grc' dir='ltr'><strong>δὲ</strong></span> <span class='ocrx_word' id='word_1_707' title='bbox 563 5856 653 5938; x_wconf 63' lang='grc' dir='ltr'><strong>ρξ’</strong></span> <span class='ocrx_word' id='word_1_708' title='bbox 685 5858 782 5929; x_wconf 79' lang='grc' dir='ltr'><strong>τῆς</strong></span> <span class='ocrx_word' id='word_1_709' title='bbox 828 5861 884 5911; x_wconf 71' lang='grc' dir='ltr'><strong>ιν</strong></span> <span class='ocrx_word' id='word_1_710' title='bbox 932 5859 1258 5933; x_wconf 68' lang='grc' dir='ltr'><strong>Καοθαγέντι</strong></span> <span class='ocrx_word' id='word_1_711' title='bbox 1327 5867 1466 5932; x_wconf 75' lang='grc' dir='ltr'><strong>μετὰ</strong></span> <span class='ocrx_word' id='word_1_712' title='bbox 1531 5864 1864 5935; x_wconf 72' lang='grc' dir='ltr'><strong>ἀπιλυτικῆς</strong></span> 
     </span>
    </p>
   </div>
   <div class='ocr_carea' id='block_1_104' title="bbox 1971 4661 3536 4739">
    <p class='ocr_par' dir='ltr' id='par_1_104' title="bbox 1971 4661 3536 4739">
     <span class='ocr_line' id='line_1_104' title="bbox 1971 4661 3536 4739; baseline 0.001 -19"><span class='ocrx_word' id='word_1_713' title='bbox 1971 4662 2200 4733; x_wconf 88' lang='lat' dir='ltr'><strong>cipiunt,</strong></span> <span class='ocrx_word' id='word_1_714' title='bbox 2230 4672 2290 4718; x_wconf 90' lang='lat' dir='ltr'><strong>ut</strong></span> <span class='ocrx_word' id='word_1_715' title='bbox 2327 4661 2514 4717; x_wconf 88' lang='lat' dir='ltr'><strong>clerici</strong></span> <span class='ocrx_word' id='word_1_716' title='bbox 2557 4662 2835 4734; x_wconf 78' lang='lat' dir='ltr'><strong>peregrini</strong></span> <span class='ocrx_word' id='word_1_717' title='bbox 2868 4670 2924 4719; x_wconf 89' lang='lat' dir='ltr'><strong>et</strong></span> <span class='ocrx_word' id='word_1_718' title='bbox 2951 4661 3121 4733; x_wconf 87' lang='lat' dir='ltr'><strong>ignoti</strong></span> <span class='ocrx_word' id='word_1_719' title='bbox 3146 4663 3265 4719; x_wconf 83' lang='lat' dir='ltr'><strong>sine</strong></span> <span class='ocrx_word' id='word_1_720' title='bbox 3294 4664 3536 4739; x_wconf 68' lang='lat' dir='ltr'><strong>episcopi</strong></span> 
     </span>
    </p>
   </div>
   <div class='ocr_carea' id='block_1_105' title="bbox 1969 4754 3403 4827">
    <p class='ocr_par' dir='ltr' id='par_1_105' title="bbox 1969 4754 3403 4827">
     <span class='ocr_line' id='line_1_105' title="bbox 1969 4754 3403 4827; baseline 0.004 -16"><span class='ocrx_word' id='word_1_721' title='bbox 1969 4757 2054 4811; x_wconf 88' lang='lat' dir='ltr'><strong>sui</strong></span> <span class='ocrx_word' id='word_1_722' title='bbox 2082 4754 2550 4814; x_wconf 88' lang='lat' dir='ltr'><strong>commendatitiis</strong></span> <span class='ocrx_word' id='word_1_723' title='bbox 2580 4754 2897 4826; x_wconf 86' lang='lat' dir='ltr'><strong>neutiquam</strong></span> <span class='ocrx_word' id='word_1_724' title='bbox 2921 4769 3074 4811; x_wconf 81' lang='lat' dir='ltr'><strong>sacra</strong></span> <span class='ocrx_word' id='word_1_725' title='bbox 3102 4766 3403 4827; x_wconf 82' lang='lat' dir='ltr'><strong>peragant.,</strong></span> 
     </span>
    </p>
   </div>
   <div class='ocr_carea' id='block_1_106' title="bbox 2037 4938 3534 5012">
    <p class='ocr_par' dir='ltr' id='par_1_106' title="bbox 2037 4938 3534 5012">
     <span class='ocr_line' id='line_1_106' title="bbox 2037 4938 3534 5012; baseline -0.001 -16"><span class='ocrx_word' id='word_1_726' title='bbox 2037 4943 2221 5008; x_wconf 81' lang='lat' dir='ltr'><strong>Canon</strong></span> <span class='ocrx_word' id='word_1_727' title='bbox 2284 4950 2465 4998; x_wconf 84' lang='lat' dir='ltr'><strong>autem</strong></span> <span class='ocrx_word' id='word_1_728' title='bbox 2520 4940 2587 4996; x_wconf 85' lang='lat' dir='ltr'><strong>l7</strong></span> <span class='ocrx_word' id='word_1_729' title='bbox 2640 4956 2694 4995; x_wconf 80' lang='lat' dir='ltr'><strong>vr</strong></span> <span class='ocrx_word' id='word_1_730' title='bbox 2752 4939 2944 5011; x_wconf 81' lang='lat' dir='ltr'><strong>synodi</strong></span> <span class='ocrx_word' id='word_1_731' title='bbox 3008 4952 3114 4993; x_wconf 89' lang='lat' dir='ltr'><strong>una</strong></span> <span class='ocrx_word' id='word_1_732' title='bbox 3177 4938 3534 5012; x_wconf 72' lang='lat' dir='ltr'><strong>depositionis</strong></span> 
     </span>
    </p>
   </div>
   <div class='ocr_carea' id='block_1_107' title="bbox 1970 5030 3537 5107">
    <p class='ocr_par' dir='ltr' id='par_1_107' title="bbox 1970 5030 3537 5107">
     <span class='ocr_line' id='line_1_107' title="bbox 1970 5030 3537 5107; baseline -0.002 -15"><span class='ocrx_word' id='word_1_733' title='bbox 1970 5050 2130 5107; x_wconf 70' lang='lat' dir='ltr'><strong>pinna</strong></span> <span class='ocrx_word' id='word_1_734' title='bbox 2182 5034 2368 5097; x_wconf 85' lang='lat' dir='ltr'><strong>allicit,</strong></span> <span class='ocrx_word' id='word_1_735' title='bbox 2425 5044 2538 5088; x_wconf 89' lang='lat' dir='ltr'><strong>tum</strong></span> <span class='ocrx_word' id='word_1_736' title='bbox 2584 5047 2711 5087; x_wconf 89' lang='lat' dir='ltr'><strong>eum</strong></span> <span class='ocrx_word' id='word_1_737' title='bbox 2765 5031 2860 5102; x_wconf 90' lang='lat' dir='ltr'><strong>qui</strong></span> <span class='ocrx_word' id='word_1_738' title='bbox 2916 5030 2984 5088; x_wconf 89' lang='lat' dir='ltr'><strong>ad</strong></span> <span class='ocrx_word' id='word_1_739' title='bbox 3040 5032 3357 5103; x_wconf 84' lang='lat' dir='ltr'><strong>episcopum</strong></span> <span class='ocrx_word' id='word_1_740' title='bbox 3417 5036 3537 5089; x_wconf 86' lang='lat' dir='ltr'><strong>sine</strong></span> 
     </span>
    </p>
   </div>
   <div class='ocr_carea' id='block_1_108' title="bbox 1969 5113 3535 5188">
    <p class='ocr_par' dir='ltr' id='par_1_108' title="bbox 1969 5113 3535 5188">
     <span class='ocr_line' id='line_1_108' title="bbox 1969 5113 3535 5188; baseline -0.003 -7"><span class='ocrx_word' id='word_1_741' title='bbox 1969 5125 2424 5185; x_wconf 86' lang='lat' dir='ltr'><strong>commendatitiis</strong></span> <span class='ocrx_word' id='word_1_742' title='bbox 2442 5113 2498 5178; x_wconf 85' lang='lat' dir='ltr'><strong>et</strong></span> <span class='ocrx_word' id='word_1_743' title='bbox 2515 5122 2842 5178; x_wconf 89' lang='lat' dir='ltr'><strong>dimissoriis</strong></span> <span class='ocrx_word' id='word_1_744' title='bbox 2864 5121 3062 5186; x_wconf 76' lang='lat' dir='ltr'><strong>litteris</strong></span> <span class='ocrx_word' id='word_1_745' title='bbox 3081 5123 3397 5188; x_wconf 73' lang='lat' dir='ltr'><strong>accesserit,</strong></span> <span class='ocrx_word' id='word_1_746' title='bbox 3422 5132 3535 5178; x_wconf 84' lang='lat' dir='ltr'><strong>tum</strong></span> 
     </span>
    </p>
   </div>
   <div class='ocr_carea' id='block_1_109' title="bbox 1969 5214 3536 5288">
    <p class='ocr_par' dir='ltr' id='par_1_109' title="bbox 1969 5214 3536 5288">
     <span class='ocr_line' id='line_1_109' title="bbox 1969 5214 3536 5288; baseline -0.002 -15"><span class='ocrx_word' id='word_1_747' title='bbox 1969 5217 2065 5287; x_wconf 90' lang='lat' dir='ltr'><strong>qui</strong></span> <span class='ocrx_word' id='word_1_748' title='bbox 2092 5233 2216 5273; x_wconf 86' lang='lat' dir='ltr'><strong>eum</strong></span> <span class='ocrx_word' id='word_1_749' title='bbox 2250 5216 2356 5287; x_wconf 78' lang='grc'><strong>27</strong></span> <span class='ocrx_word' id='word_1_750' title='bbox 2390 5215 2694 5285; x_wconf 76' lang='lat' dir='ltr'><strong>susceperit</strong></span> <span class='ocrx_word' id='word_1_751' title='bbox 2718 5214 3070 5287; x_wconf 78' lang='lat' dir='ltr'><strong>episcopum;</strong></span> <span class='ocrx_word' id='word_1_752' title='bbox 3110 5224 3298 5288; x_wconf 76' lang='lat' dir='ltr'><strong>utpote</strong></span> <span class='ocrx_word' id='word_1_753' title='bbox 3337 5232 3459 5272; x_wconf 88' lang='lat' dir='ltr'><strong>eum</strong></span> <span class='ocrx_word' id='word_1_754' title='bbox 3506 5235 3536 5271; x_wconf 78' lang='grc' dir='ltr'><strong>ιι</strong></span> 
     </span>
    </p>
   </div>
   <div class='ocr_carea' id='block_1_110' title="bbox 1969 5308 3538 5381">
    <p class='ocr_par' dir='ltr' id='par_1_110' title="bbox 1969 5308 3538 5381">
     <span class='ocr_line' id='line_1_110' title="bbox 1969 5308 3538 5381; baseline 0.003 -21"><span class='ocrx_word' id='word_1_755' title='bbox 1969 5324 2078 5380; x_wconf 86' lang='lat' dir='ltr'><strong>quo</strong></span> <span class='ocrx_word' id='word_1_756' title='bbox 2104 5310 2374 5365; x_wconf 88' lang='lat' dir='ltr'><strong>ordinatio</strong></span> <span class='ocrx_word' id='word_1_757' title='bbox 2399 5308 2523 5363; x_wconf 83' lang='lat' dir='ltr'><strong>data</strong></span> <span class='ocrx_word' id='word_1_758' title='bbox 2554 5315 2693 5372; x_wconf 85' lang='lat' dir='ltr'><strong>erat,</strong></span> <span class='ocrx_word' id='word_1_759' title='bbox 2719 5318 2984 5378; x_wconf 82' lang='lat' dir='ltr'><strong>quantum</strong></span> <span class='ocrx_word' id='word_1_760' title='bbox 3016 5308 3088 5370; x_wconf 70' lang='lat' dir='ltr'><strong>in,-</strong></span> <span class='ocrx_word' id='word_1_761' title='bbox 3129 5308 3262 5381; x_wconf 84' lang='lat' dir='ltr'><strong>ipsis</strong></span> <span class='ocrx_word' id='word_1_762' title='bbox 3310 5318 3411 5376; x_wconf 87' lang='lat' dir='ltr'><strong>est,</strong></span> <span class='ocrx_word' id='word_1_763' title='bbox 3442 5310 3538 5365; x_wconf 53' lang='lat' dir='ltr'><strong>dco</strong></span> 
     </span>
    </p>
   </div>
   <div class='ocr_carea' id='block_1_111' title="bbox 1969 5402 2518 5459">
    <p class='ocr_par' dir='ltr' id='par_1_111' title="bbox 1969 5402 2518 5459">
     <span class='ocr_line' id='line_1_111' title="bbox 1969 5402 2518 5459; baseline -0.002 -2"><span class='ocrx_word' id='word_1_764' title='bbox 1969 5402 2167 5458; x_wconf 83' lang='lat' dir='ltr'><strong>dceorc</strong></span> <span class='ocrx_word' id='word_1_765' title='bbox 2199 5403 2518 5459; x_wconf 79' lang='lat' dir='ltr'><strong>allicientes.</strong></span> 
     </span>
    </p>
   </div>
   <div class='ocr_carea' id='block_1_112' title="bbox 2043 5491 3535 5565">
    <p class='ocr_par' dir='ltr' id='par_1_112' title="bbox 2043 5491 3535 5565">
     <span class='ocr_line' id='line_1_112' title="bbox 2043 5491 3535 5565; baseline 0.001 -20"><span class='ocrx_word' id='word_1_766' title='bbox 2043 5492 2242 5548; x_wconf 76' lang='lat' dir='ltr'><strong>Verum</strong></span> <span class='ocrx_word' id='word_1_767' title='bbox 2284 5511 2383 5550; x_wconf 80' lang='lat' dir='ltr'><strong>nec</strong></span> <span class='ocrx_word' id='word_1_768' title='bbox 2420 5495 2738 5555; x_wconf 65' lang='lat' dir='ltr'><strong>LROtiiCOIIm</strong></span> <span class='ocrx_word' id='word_1_769' title='bbox 2788 5508 2908 5565; x_wconf 65' lang='grc' dir='ltr'><strong>ειμι.</strong></span> <span class='ocrx_word' id='word_1_770' title='bbox 2961 5491 3025 5546; x_wconf 76' lang='grc' dir='ltr'>Η</span> <span class='ocrx_word' id='word_1_771' title='bbox 3087 5506 3264 5562; x_wconf 81' lang='lat' dir='ltr'><strong>neque</strong></span> <span class='ocrx_word' id='word_1_772' title='bbox 3296 5494 3365 5548; x_wconf 68' lang='lat'><strong><em>67</em></strong></span> <span class='ocrx_word' id='word_1_773' title='bbox 3411 5509 3535 5547; x_wconf 88' lang='lat' dir='ltr'><strong>can.</strong></span> 
     </span>
    </p>
   </div>
   <div class='ocr_carea' id='block_1_113' title="bbox 1968 5584 3534 5656">
    <p class='ocr_par' dir='ltr' id='par_1_113' title="bbox 1968 5584 3534 5656">
     <span class='ocr_line' id='line_1_113' title="bbox 1968 5584 3534 5656; baseline -0.001 -15"><span class='ocrx_word' id='word_1_774' title='bbox 1968 5587 2170 5641; x_wconf 83' lang='lat' dir='ltr'><strong>clerico</strong></span> <span class='ocrx_word' id='word_1_775' title='bbox 2219 5588 2301 5641; x_wconf 73' lang='lat' dir='ltr'><strong>vel</strong></span> <span class='ocrx_word' id='word_1_776' title='bbox 2349 5600 2593 5652; x_wconf 77' lang='lat' dir='ltr'><strong>sacrato,</strong></span> <span class='ocrx_word' id='word_1_777' title='bbox 2637 5586 2756 5648; x_wconf 81' lang='lat' dir='ltr'><strong>sine</strong></span> <span class='ocrx_word' id='word_1_778' title='bbox 2805 5584 3052 5656; x_wconf 86' lang='lat' dir='ltr'><strong>episcopi</strong></span> <span class='ocrx_word' id='word_1_779' title='bbox 3102 5584 3188 5639; x_wconf 90' lang='lat' dir='ltr'><strong>sui</strong></span> <span class='ocrx_word' id='word_1_780' title='bbox 3232 5585 3414 5654; x_wconf 83' lang='lat' dir='ltr'><strong>jussu,</strong></span> <span class='ocrx_word' id='word_1_781' title='bbox 3451 5586 3534 5640; x_wconf 75' lang='lat' dir='ltr'><strong>v.l</strong></span> 
     </span>
    </p>
   </div>
   <div class='ocr_carea' id='block_1_114' title="bbox 1969 5672 3536 5752">
    <p class='ocr_par' dir='ltr' id='par_1_114' title="bbox 1969 5672 3536 5752">
     <span class='ocr_line' id='line_1_114' title="bbox 1969 5672 3536 5752; baseline 0 -24"><span class='ocrx_word' id='word_1_782' title='bbox 1969 5677 2247 5732; x_wconf 84' lang='lat' dir='ltr'><strong>canonicis</strong></span> <span class='ocrx_word' id='word_1_783' title='bbox 2277 5677 2525 5749; x_wconf 87' lang='lat' dir='ltr'><strong>ejusdem</strong></span> <span class='ocrx_word' id='word_1_784' title='bbox 2562 5675 2830 5752; x_wconf 72' lang='lat' dir='ltr'><strong>epistolis,</strong></span> <span class='ocrx_word' id='word_1_785' title='bbox 2869 5672 2977 5733; x_wconf 87' lang='lat' dir='ltr'><strong>iter</strong></span> <span class='ocrx_word' id='word_1_786' title='bbox 3013 5673 3238 5729; x_wconf 87' lang='lat' dir='ltr'><strong>omnino</strong></span> <span class='ocrx_word' id='word_1_787' title='bbox 3267 5672 3446 5731; x_wconf 78' lang='lat' dir='ltr'><strong>facere</strong></span> <span class='ocrx_word' id='word_1_788' title='bbox 3470 5675 3536 5728; x_wconf 80' lang='grc' dir='ltr'><strong>Ιί-</strong></span> 
     </span>
    </p>
   </div>
   <div class='ocr_carea' id='block_1_115' title="bbox 1969 5770 2435 5834">
    <p class='ocr_par' dir='ltr' id='par_1_115' title="bbox 1969 5770 2435 5834">
     <span class='ocr_line' id='line_1_115' title="bbox 1969 5770 2435 5834; baseline 0.015 -12"><span class='ocrx_word' id='word_1_789' title='bbox 1969 5784 2093 5829; x_wconf 85' lang='lat' dir='ltr'><strong>cere</strong></span> <span class='ocrx_word' id='word_1_790' title='bbox 2129 5770 2435 5834; x_wconf 57' lang='grc' dir='ltr'><strong>εχίειίιιιιιιι</strong></span> 
     </span>
    </p>
   </div>
   <div class='ocr_carea' id='block_1_116' title="bbox 2039 5858 3537 5935">
    <p class='ocr_par' dir='ltr' id='par_1_116' title="bbox 2039 5858 3537 5935">
     <span class='ocr_line' id='line_1_116' title="bbox 2039 5858 3537 5935; baseline -0.007 -12"><span class='ocrx_word' id='word_1_791' title='bbox 2039 5864 2210 5923; x_wconf 74' lang='lat' dir='ltr'><strong>Porro</strong></span> <span class='ocrx_word' id='word_1_792' title='bbox 2240 5881 2415 5922; x_wconf 85' lang='lat' dir='ltr'><strong>canon</strong></span> <span class='ocrx_word' id='word_1_793' title='bbox 2450 5864 2548 5921; x_wconf 74' lang='lat' dir='ltr'><strong>ltiti</strong></span> <span class='ocrx_word' id='word_1_794' title='bbox 2597 5880 2718 5935; x_wconf 76' lang='lat' dir='ltr'><strong>syn.</strong></span> <span class='ocrx_word' id='word_1_795' title='bbox 2748 5860 3062 5934; x_wconf 76' lang='lat' dir='ltr'><strong>Carthagin.</strong></span> <span class='ocrx_word' id='word_1_796' title='bbox 3097 5858 3308 5932; x_wconf 84' lang='lat' dir='ltr'><strong>statuit,</strong></span> <span class='ocrx_word' id='word_1_797' title='bbox 3335 5868 3392 5918; x_wconf 92' lang='lat' dir='ltr'><strong>ut</strong></span> <span class='ocrx_word' id='word_1_798' title='bbox 3422 5858 3537 5935; x_wconf 75' lang='lat' dir='ltr'><strong>cpi.</strong></span> 
     </span>
    </p>
   </div>
  </div>
