3902 6616
311 409 439 470 illi?

1310 412 1712 472 SYNTAGMA
1757 411 2371 472 ALl’ll.~\liE'l'lCU.‘cl.
2411 436 2480 446 -ο
2521 413 2584 471 Λ.

3389 402 3534 467 1078

300 529 384 580 κον
423 527 708 597 ἀλλότριον
747 528 848 580 ούκ
873 528 1059 598 ἐφίησι
1088 528 1360 598 δέχεσθαι,
1408 529 1502 582 καὶ
1535 531 1853 598 χειροτονεῖ-ι

1969 528 2078 582 litis
2105 527 2359 581 clericum
2395 527 2632 581 alienum
2667 525 2970 594 suscipere,
2992 537 3225 594 euntque
3255 523 3533 592 presbyte-

298 619 450 669 αὑτὸν
485 618 861 688 πρεσϐύτερον
884 619 916 688 ἢ
943 617 1211 683 διάκονον,
1242 619 1291 670 εἰ
1332 618 1516 688 μήπου
1544 635 1627 682 τις
1668 619 1861 686 χρήσι-

299 727 389 777 μος
436 711 516 770 εἰς
581 709 918 778 προστασίαν
967 709 1218 778 εὑρεθείη
1272 708 1439 763 λαοῦο
1496 709 1684 762 τοῦτον
1753 710 1860 777 γὰρ

293 799 492 850 δέδοται
528 799 627 850 καὶ
678 799 753 868 τῷ
795 801 1062 870 ἀλλοτρίῳ
1092 801 1464 872 μητροπολίτῃ
1499 802 1863 871 μεταπέμψα-

296 886 430 947 σθαι,
469 887 589 952 εἴγε
643 886 962 958 βουληθεῖεν
1011 890 1336 960 ἀμφότεροι,
1377 891 1472 943 καὶ
1515 891 1861 959 ἐπισκοπικῷ

293 977 514 1047 τιμῆσαι
537 979 816 1046 ἀξιώματι
841 995 856 1011 ·
883 980 1040 1034 τοῦτο
1060 981 1137 1045 δὲ,
1161 983 1317 1052 φησί,
1344 981 1760 1054 συγκεχώρηται
1787 982 1860 1053 τῷ

295 1071 364 1140 μὴ
406 1071 668 1124 τοσοῦτον
693 1073 1000 1142 ἀναγκαίαν
1053 1069 1197 1127 εἶναι
1253 1074 1354 1140 τὴν
1384 1076 1492 1128 τῶν
1530 1075 1724 1145 ἱερέων
1769 1077 1861 1130 καὶ

291 1165 546 1216 διακόνων
564 1181 652 1234 χει
661 1163 1062 1236 ροέονίανβσον
1078 1166 1174 1238 τὴν
1191 1167 1298 1220 τῶν
1319 1169 1654 1235 ἐπισκόπων,
1674 1169 1765 1222 καὶ
1784 1167 1862 1238 τῷ

293 1255 524 1315 σπανίως
538 1255 897 1326 εὑρίσκεσθαι
919 1259 1044 1321 τοὺς
1061 1259 1394 1328 δυναμένους
1421 1259 1568 1330 ἔργῳ
1606 1261 1700 1314 καὶ
1718 1261 1862 1332 λόγῳ

287 1348 349 1400 δι’
368 1351 580 1403 ἑαυτῶν
613 1352 749 1421 πρὸς
773 1351 844 1406 τὰ
863 1354 1131 1424 κράτιστα
1160 1355 1286 1417 τοὺς
1303 1353 1466 1418 λαοὺς
1487 1354 1704 1424 ὁδηγεῖν
1727 1373 1740 1386 ο
1769 1356 1862 1410 τὸν

287 1440 337 1490 δὲ
370 1441 442 1509 μὴ
465 1441 768 1512 δεχόμενον
797 1443 1058 1513 κληρικὸν
1098 1445 1157 1498 τὸ
1182 1444 1282 1515 τῆς
1310 1448 1616 1515 ἐπισκοπῆς
1643 1445 1861 1517 ἀξίωμα

289 1533 619 1599 ἀναγκάζειν
655 1535 716 1587 οὐ
757 1535 918 1604 θέμις
943 1551 958 1567 '
993 1535 1235 1606 οὐδαμοῦ
1262 1537 1371 1608 γὰρ
1404 1537 1632 1608 εὕρηται
1658 1537 1862 1594 ἄκοντὰ

287 1639 400 1674 τινα
432 1625 530 1676 καὶ
564 1625 662 1698 βίᾳ
707 1628 789 1689 εἰς
842 1627 941 1698 τὴν
993 1629 1204 1682 τοιάνδε
1254 1630 1552 1702 προεδρίαν
1610 1631 1857 1700 ἀνάγειν.

299 1715 688 1788 Ἐφιλοτιμήθη
711 1719 766 1773 δὲ
791 1723 883 1773 καὶ
903 1721 980 1791 τῷ
1009 1723 1640 1788 Κωνσταντινουπόλεως
1658 1724 1857 1795 θρόνῳ,

288 1807 584 1878 λαμϐάνειν
615 1810 940 1880 ὀθενδήποτε
998 1815 1108 1867 τῶν
1157 1815 1541 1887 ὑποκειμένων
1579 1816 1718 1886 αὐτῇ
1767 1816 1860 1868 ἐκ·

1965 635 2084 673 rum
2119 620 2196 673 vel
2223 620 2515 674 diaconum
2552 619 2808 672 ordinare
2836 633 2942 672 non
2978 616 3252 680 concedit,
3285 615 3386 670 nisi
3422 613 3536 682 28

1964 709 2088 779 quis
2114 710 2180 764 ad
2213 710 2396 779 populi
2432 708 2811 778 praefecturam
2847 709 2996 763 utilis
3021 708 3354 769 inveniatur;
3385 707 3534 758 hunc

1965 802 2108 856 enim
2141 802 2205 856 ad
2249 803 2489 856 alienum
2521 801 2922 870 metropolitam
2955 800 3191 864 mittere,
3225 802 3268 854 si
3313 797 3535 866 utrique

1963 894 2369 956 consenserint,
2400 902 2456 948 et
2501 893 2802 964 episcopali
2864 893 3126 962 dignitate
3155 905 3352 944 ornare
3382 889 3530 942 licet.

1962 985 2018 1042 ld
2047 997 2255 1053 autem,
2285 986 2484 1056 inquit,
2517 999 2841 1041 concessum
2865 993 2966 1050 est,
2997 983 3142 1053 quod
3180 980 3529 1036 sacerdotum

1959 1086 2016 1132 et
2045 1078 2400 1134 diaconornm
2435 1077 2714 1132 ordinatio
2765 1092 2871 1131 non
2931 1075 3068 1129 adeo
3098 1071 3406 1128 necessaria
3439 1070 3532 1130 sit.

1961 1184 2027 1224 ac
2079 1171 2501 1239 episcoporum;
2533 1177 2586 1223 et
2619 1168 2766 1239 quod
2805 1169 2986 1223 rarius
3035 1165 3405 1228 inveniantur,
3437 1160 3532 1231 qui

1961 1261 2174 1331 possint
2208 1261 2374 1314 verbo
2401 1269 2456 1315 et
2497 1275 2753 1315 sermone
2795 1275 2890 1328 per
2944 1273 3004 1315 se
3044 1258 3304 1328 pepulum
3337 1253 3405 1308 ad
3434 1267 3536 1322 op-

1961 1354 2092 1407 tima
2125 1352 2443 1422 perducere.
2479 1351 2748 1408 Clericum
2787 1361 2968 1406 autem
3023 1350 3118 1421 qui
3165 1345 3532 1418 episcOpalcm

1961 1447 2278 1513 dignitatem
2304 1447 2554 1512 accipere
2583 1453 2825 1506 recusat,
2848 1458 3044 1512 cogere
3078 1458 3182 1495 non
3206 1441 3354 1494 licet.
3384 1436 3536 1491 Nun-

1961 1553 2124 1606 quam
2155 1538 2300 1591 enim
2330 1537 2608 1606 cognitum
2636 1544 2740 1599 est,
2775 1550 3107 1604 queinquam
3139 1533 3368 1586 invitum
3399 1539 3454 1582 et
3477 1526 3532 1580 vi

1961 1631 2028 1686 ad
2069 1630 2228 1684 talem
2259 1630 2643 1699 praefecturam
2679 1639 2931 1684 evectum
2963 1642 3107 1684 esse.
3145 1624 3284 1693 Quin
3317 1634 3370 1677 et
3399 1638 3534 1677 con,—

1961 1739 2178 1778 cessum
2229 1733 2354 1777 erat
2413 1724 2610 1780 throno
2659 1719 3267 1790 Constantinopolitano
3303 1715 3536 1772 clericos

1961 1816 2316 1872 ecclesiarum
2358 1815 2464 1870 sibi
2496 1815 2896 1883 subjectarum,
2949 1827 3092 1883 quos
3149 1810 3330 1873 vellet,
3388 1807 3533 1863 acci-

285 1898 520 1970 κλησιῶν
549 1901 650 1967 οὒς
691 1904 944 1974 βούλεται
977 1907 1301 1979 κληρικοὺς,
1339 1909 1436 1964 καὶ
1480 1912 1596 1974 τοῖς
1627 1910 1853 1973 οἰκείοις

1959 1925 2085 1979 pere
2124 1909 2320 1966 etsuis
2353 1909 2757 1965 adnumerare:
2809 1906 2996 1975 utique
3041 1917 3093 1959 ct
3145 1902 3374 1958 antistiti
3407 1899 3534 1953 Bul-

288 1993 646 2065 συναριθμεῖν
671 2013 686 2028 ο
719 1998 780 2050 οὐ
824 1999 934 2068 μὴν
962 1999 1098 2052 ἀλλά
1131 2001 1224 2054 καί
1253 2001 1332 2070 τῷ
1362 2000 1720 2071 Βουλγαρίας,
1760 2001 1855 2054 καὶ

282 2083 353 2152 τῷ
390 2085 647 2154 Κύπρου,
698 2088 788 2144 διὰ
839 2091 938 2159 τὴν
1005 2092 1080 2162 ρλ⁹
1128 2094 1560 2147 Ἰουστινιάνειον
1612 2094 1850 2164 Νιαράν,

287 2177 346 2242 ἦν
370 2176 462 2229 καὶ
497 2177 658 2248 ζήτει
697 2182 756 2234 ὲν
812 2183 894 2253 τῷ
935 2190 1007 2238 ια’
1035 2185 1320 2255 κεφαλαίῳ
1352 2185 1452 2239 τοῦ
1484 2186 1523 2238 Ε
1556 2185 1852 2254 στοιχείου.

292 2267 476 2338 Ἐδόοη
503 2270 557 2323 δὲ
594 2273 692 2325 καί⁵
727 2275 803 2344 τῷ
831 2276 1045 2344 βασιλεῖ
1073 2279 1169 2344 τὰς
1208 2278 1316 2334 τῶν
1356 2277 1636 2350 κληρικῶν
1672 2279 1854 2335 ὡσαύ-

285 2374 386 2420 τως
413 2363 742 2430 μεταθέσεις
774 2370 974 2421 ποιεῖν.

809 2501 992 2572 Νόμοι
1017 2506 1333 2561 πολιτικοί.

349 2639 469 2700 Τοῖς
507 2637 951 2706 θεοφιλεστάτοις
976 2641 1298 2705 ἐπισκόποις
1325 2643 1419 2705 τὰς
1449 2641 1656 2709 οἰκείας
1685 2662 1854 2701 κατα-

283 2731 570 2800 λιμπάνειν
623 2732 948 2802 ἐκκλησίας,
979 2737 1073 2788 καὶ
1104 2737 1182 2800 είς
1214 2736 1384 2800 ἄλλας
1427 2738 1700 2810 ἐπαρχίας
1749 2757 1854 2793 πα-

284 2823 624 2892 ραγίνεσθαι,
649 2825 1073 2896 ἀπαγορεύομεν
1097 2842 1112 2858 ο
1156 2829 1204 2880 εἰ
1231 2828 1287 2881 δὲ
1317 2828 1531 2897 ἀνάγκη
1573 2847 1658 2892 τις
1681 2833 1852 2885 ἀπαι-

284 2918 361 2969 τεῖ
387 2916 545 2970 τοῦτο
610 2919 862 2988 ποιῆσαι,
903 2924 977 2988 μὴ
1017 2919 1194 2983 άλλως
1242 2919 1275 2989 ἢ
1333 2920 1476 2990 μετά
1505 2923 1852 2992 γραμμάτων

284 3007 372 3060 τοῦ
399 3010 834 3080 μακαριωτάτου
883 3010 1064 3063 αὐτῶν
1102 3011 1449 3082 πατριάρχου
1493 3013 1525 3083 ἢ
1567 3029 1849 3084 μητροπο-

285 3098 448 3165 λίτου,
506 3103 542 3173 ἦ
587 3100 732 3156 κατὰ.
791 3101 1082 3173 βασιλικὴν
1148 3103 1326 3172 δήπου
1384 3105 1636 3158 κέλευσιν
1693 3107 1852 3160 τοῦτο

285 3196 633 3250 ποιείτωσαν.
674 3196 838 3250 Ἀλλὰ
870 3197 1010 3267 μηδὲ
1058 3199 1138 3261 εἰς
1188 3197 1286 3268 τὴν
1322 3198 1572 3268 βασιλίδα
1607 3201 1716 3254 τῶν
1754 3203 1850 3257 πόα

285 3284 413 3339 λεων
433 3287 615 3352 ἄλλως
633 3288 665 3358 ἢ
685 3288 857 3353 οὕτως
875 3288 1336 3360 ὲπιδημείτωσαν.
1366 3290 1504 3343 Ἀλλ’
1524 3294 1572 3345 εἰ
1595 3296 1686 3346 καὶ
1711 3295 1850 3350 κατὰ
1876 3273 1919 3335 c

283 3375 368 3429 τὸν
406 3381 610 3449 τρόπον
637 3379 828 3433 τοῦτον
861 3381 1165 3445 ἐπίσκοπος
1209 3383 1534 3453 οἰοσδὴποτε
1565 3385 1854 3458 ἀποδημή-

287 3487 409 3534 σειε,
451 3475 526 3543 μὴ
553 3475 722 3527 πλέον
748 3475 868 3538 ἐνὸς
899 3475 1153 3530 ἐνιαυτοῦ
1181 3475 1295 3546 ’τὴν
1330 3475 1468 3530 ἰδίαν
1499 3477 1852 3550 καταλιμπα-

283 3563 411 3623 νέτω
465 3565 791 3635 ἐκκλησίαν.
845 3567 983 3631 Τοὺς
1014 3567 1072 3622 δὲ
1128 3569 1484 3635 ἐπισκόπους,
1541 3571 1669 3634 τοὺς
1712 3573 1854 3626 κατὰ

283 3655 373 3724 τὴν
400 3656 652 3726 βασιλίδα
700 3659 874 3723 πόλιν,
923 3660 1000 3723 ὼς
1043 3659 1288 3729 εἴρηται,
1347 3663 1850 3734 παραγινομένους,

286 3747 384 3798 κᾶν
399 3749 732 3819 οίασδήποτε
753 3750 1076 3822 διοικήσεως
1100 3745 1224 3820 ὦσι,
1251 3753 1356 3824 πρὸ
1390 3754 1610 3807 πάντων
1632 3755 1852 3808 ἀπιέναι

283 3838 356 3892 δεῖ
406 3841 550 3912 πρὸς
582 3845 674 3894 τὸν
726 3842 1153 3914 μακαριώτατον
1200 3847 1634 3915 ἀρχιεπίσκοπον
1698 3848 1854 3900 Κων-

287 3935 780 3997 σταντινουπόλεως
816 3937 910 3988 καὶ
944 3937 1310 4007 πατριάρχην,
1351 3941 1445 3991 καὶ
1474 3937 1618 3992 οὕτω
1659 3939 1726 3992 δι’
1756 3940 1854 3992 αύ-

284 4025 370 4076 τοῦ
418 4029 566 4097 προς
596 4029 695 4098 τὴν
724 4031 1006 4099 ἡμετέραν
1055 4029 1290 4083 εἰσιέναι
1325 4030 1689 4100 γαληνότητα.
1724 4032 1852 4094 Τοῖς

283 4118 338 4171 δὲ
369 4121 528 4191 παρὰ
562 4120 772 4191 ταύτην
809 4121 968 4191 ἡμῶν
1018 4122 1120 4191 τὴν
1156 4121 1496 4177 διατύπωσιν
1540 4123 1854 4195 ἀποδημοῦ-

287 4225 384 4277 σιν,
409 4213 440 4282 ἢ
469 4213 620 4284 ὑπὲρ
647 4213 740 4266 τὸν
768 4213 1078 4284 ὡρισμένον
1108 4215 1202 4268 τοῦ
1235 4214 1489 4269 ἐνιαυτοῦ
1520 4217 1714 4288 χρόνον
1743 4217 1851 4282 ἔξω

285 4304 373 4373 τῆς
425 4306 564 4368 ἰδίας
618 4305 920 4374 ἐκκλησίας
973 4307 1225 4371 ποιοῦσι,
1285 4309 1583 4381 κελεύομεν
1633 4311 1852 4379 πρῶτον

291 4395 378 4460 μὲν
413 4397 488 4468 μὴ
521 4397 880 4468 χορηγεῖσθαι
918 4400 1073 4466 παρά
1113 4399 1222 4452 τῶν
1250 4400 1551 4470 οἰκονόμων
1572 4401 1672 4471 τῆς
1716 4402 1852 4466 ἰδίας

288 4485 573 4559 ἐκκλησίας
626 4491 894 4554 δαπάνας,
930 4492 1123 4546 ἔπειτα
1179 4492 1702 4564 ὑπομιμνήσκεσθαι
1751 4496 1850 4548 αὑ-

286 4579 400 4642 τοὺς
423 4581 515 4636 διὰ
544 4582 888 4651 γραμμάτων
919 4582 1027 4636 τῶν
1069 4583 1392 4655 ἀρχιερέων,
1432 4586 1519 4654 ύφ⁸
1548 4585 1642 4648 οὓς
1667 4584 1850 4638 τελοῦν-

1960 2004 2127 2073 garite
2159 2009 2216 2056 ut.
2239 1999 2422 2072 Cypri,
2478 2015 2573 2068 per
2603 1999 2873 2054 Noveilam
2905 1995 3197 2052 Iustiniani
3240 1994 3336 2050 150
3367 1980 3534 2062 quant

1955 2099 2121 2150 etiam
2160 2095 2343 2164 quaere
2381 2095 2432 2147 in
2466 2108 2586 2160 cap.
2619 2093 2674 2146 Η
2714 2092 2910 2146 littera:
2937 2090 3000 2144 E.
3028 2086 3347 2156 Imperatori
3369 2086 3532 2140 insuo.

1955 2204 2054 2260 per
2077 2189 2261 2244 datum
2304 2195 2422 2244 crat
2456 2187 2782 2246 clericorum
2813 2184 3067 2246 similiter
3096 2179 3540 2252 permutationea

1956 2280 2154 2338 facere.

2547 2509 2708 2577 Leges
2741 2507 2938 2562 civiles.

2025 2647 2448 2706 Amantissimos
2488 2644 2583 2700 Dei
2633 2642 2922 2714 episcopos
2966 2639 3219 2710 proprias
3269 2635 3536 2692 ecclesias

1953 2744 2292 2812 relinquere,
2315 2747 2372 2794 et
2398 2738 2452 2792 in
2493 2735 2632 2790 alias
2669 2731 2983 2804 provincias
3037 2730 3190 2784 abire
3236 2737 3528 2782 velamus:

1953 2834 2000 2887 si
2036 2846 2166 2888 vero
2217 2830 2518 2885 necessitas
2573 2827 2756 2894 aliqua
2795 2825 2845 2879 id
2881 2823 3142 2894 exegerit,
3192 2835 3301 2875 non
3371 2819 3530 2874 aliter

1952 2939 2117 2994 quam
2159 2939 2282 2978 cum
2336 2923 2530 2976 litteris
2571 2918 2871 2974 beatissimi
2917 2919 3156 2986 ipsorum
3208 2913 3533 2985 patriarcha

1953 3027 2047 3072 aut
2074 3014 2506 3084 metropolitani,
2533 3021 2628 3070 aut
2653 3011 2913 3082 principis
2935 3007 3189 3063 mandato
3217 3007 3266 3060 id
3301 3005 3524 3060 faciant.

2023 3111 2194 3166 Porro
2234 3124 2334 3164 nec
2363 3109 2430 3162 ad
2461 3107 2647 3161 urbem
2681 3104 2884 3176 regiam
2914 3104 3072 3158 aliter
3108 3115 3270 3171 quam
3307 3099 3371 3154 ea
3399 3112 3528 3154 eon-

1957 3203 2164 3258 ditione
2190 3200 2485 3265 accedant;
2527 3199 2657 3268 quin
2692 3207 2767 3255 et
2805 3197 2850 3251 si
2887 3196 2992 3250 hoc
3043 3195 3203 3249 modo
3235 3194 3536 3262 episcopus.

1953 3295 2360 3367 qualiscunque
2391 3290 2714 3356 excesserit,
2748 3305 2815 3344 ne
2847 3287 3084 3358 amplius
3115 3303 3226 3341 uno
3253 3302 3399 3341 anno
3433 3301 3528 3342 ec-

1955 3389 2181 3442 clesiam
2223 3401 2379 3440 suam
2414 3385 2710 3454 relinquat.
2749 3381 3050 3452 EpiscOpos
3082 3395 3211 3435 vero
3240 3379 3332 3450 qui
3367 3380 3420 3433 in
3446 3395 3533 3434 re-

1955 3481 2098 3550 giam
2127 3479 2316 3534 urbem
2347 3478 2444 3546 (ita
2489 3489 2550 3532 ut
2590 3477 2796 3532 dictum
2846 3478 2951 3544 est)
2997 3473 3265 3539 venerint,
3300 3487 3364 3527 ex
3397 3485 3533 3542 qua-

1955 3587 2172 3642 cunque
2206 3570 2404 3624 fuerint
2435 3570 2680 3634 dimcesi,
2704 3577 2829 3623 ante
2864 3566 3049 3622 omnia
3085 3567 3238 3620 abire
3269 3564 3530 3636 iubemus

1954 3665 2020 3720 ad
2061 3665 2443 3720 beatissimum
2471 3662 3030 3731 Cotistantinopoleos
3055 3660 3530 3729 archiepiscopum

1954 3767 2008 3812 et
2037 3757 2431 3827 patriarcham,
2465 3767 2628 3826 atque
2657 3755 2730 3810 ita
2755 3755 2822 3809 ad
2851 3764 3094 3809 nostram
3128 3752 3313 3808 venire
3332 3751 3534 3808 sereni-

1954 3857 2142 3902 tatem.
2185 3847 2512 3916 Quieunque
2577 3856 2762 3902 autem
2813 3857 3005 3901 contra
3077 3846 3530 3902 constitutionem

1955 3940 2098 3994 hanc
2159 3949 2403 3994 nostram
2465 3938 2824 4000 excesserint,
2883 3947 2976 3990 aut
3028 3952 3195 4006 supra
3244 3935 3528 3992 definitum

1953 4030 2083 4084 anni
2115 4029 2379 4101 spatium,
2410 4037 2624 4098 tempus
2659 4027 2876 4097 aliquod
2911 4037 3066 4081 extra
3103 4028 3379 4096 propriam
3433 4041 3530 4081 ec-

1955 4119 2180 4176 clesiam
2211 4117 2465 4188 egerint.
2497 4118 2735 4188 primum
2766 4116 2986 4186 quidem
3029 4117 3164 4186 ipsis
3196 4118 3265 4172 ab
3304 4131 3534 4173 meone-

1955 4211 2064 4266 ntis
2094 4211 2217 4282 eius
2265 4211 2510 4267 ecclesia
2533 4219 2786 4280 sumptus
2815 4225 2922 4264 non
2957 4208 3338 4266 administrari
3365 4209 3532 4278 jube-

1955 4319 2099 4369 mtts,
2136 4303 2333 4359 deinde
2355 4303 2652 4372 significari
2687 4303 2822 4372 ipsis
2854 4317 2948 4372 per
2974 4302 3188 4357 litteras
3215 4300 3529 4356 antistitum

1954 4397 2159 4466 quibus
2189 4397 2448 4460 subsunt,
2483 4405 2542 4451 ut
2571 4397 2637 4450 ad
2684 4395 2934 4466 proprias
2984 4393 3246 4449 ecclesias
3283 4392 3529 4454 redeant.

1954 4491 2112 4556 Quod
2140 4489 2186 4544 si
2224 4489 2458 4544 reditum
2517 4488 2793 4550 differant,
2847 4487 3012 4557 iuxta.
3038 4485 3255 4541 divinos
3288 4499 3544 4542 canones.

1954 4584 2148 4639 iterum
2189 4593 2478 4646 vocentur,
2504 4589 2560 4637 et
2598 4582 2642 4638 si
2697 4581 2846 4636 intra.
2896 4580 3180 4635 definitum
3213 4587 3426 4646 tempus
3462 4578 3531 4632 ad

290 4686 400 4736 σιν,
447 4673 594 4726 ὥστε
652 4674 971 4733 ἐπανελθεῖν
1024 4678 1105 4739 εἰς
1163 4678 1262 4740 τὰς
1321 4677 1456 4740 ἰδίας
1505 4679 1844 4748 ἐκκλησίαςσ

1959 4673 2212 4731 ecelesias
2262 4687 2392 4728 suas
2445 4684 2554 4726 non
2615 4669 2831 4726 reversi,
2873 4669 3100 4734 fuerint,
3151 4667 3254 4737 ipsi
3309 4667 3531 4736 quidem

289 4762 532 4834 ύπερτιθε
541 4766 736 4836 μένους
757 4768 812 4820 δὲ
836 4768 934 4837 τὴν
957 4768 1328 4837 ὑποστροφὴν,
1355 4768 1497 4823 κατὰ
1526 4771 1650 4833 τοὺς
1671 4771 1851 4840 ἱεροὺς

288 4857 560 4912 καλεῖσθαι
591 4860 689 4913 καί⁸
731 4856 888 4921 αὖθις
938 4859 1168 4924 κανόνας
1192 4877 1206 4890 °
1242 4860 1338 4918 καὶ
1372 4864 1419 4916 εἰ
1455 4861 1531 4933 μὴ
1561 4863 1710 4926 ἐντὸς
1750 4863 1847 4919 τοῦ

288 4948 587 5018 ὡρισμένου
629 4953 824 5022 χρόνου
858 4953 1294 5023 ὑποστρέφουσιν
1317 4955 1396 5017 είς
1439 4957 1537 5019 τάς
1591 4956 1726 5018 ἰδίας
1755 4958 1850 5010 ὲκ-

289 5038 530 5106 κλησίας,
581 5043 776 5105 αὐτοῦς
830 5042 932 5112 μὲν
978 5042 1078 5111 τῆς
1140 5043 1444 5115 ἐπισκοπῆς
1503 5045 1848 5114 ἐξωθεῖσθαι,

287 5130 466 5206 γνώμῃ
501 5135 593 5188 καὶ
628 5135 806 5204 κρίσει
838 5139 930 5186 καὶ
961 5137 1258 5208 δοκιμασία
1290 5137 1384 5190 τοῦ
1414 5139 1616 5192 οἰκείου
1662 5140 1850 5210 ἀρχιεο

291 5222 448 5288 ρὲως·
484 5227 700 5296 ἑτέρου;
733 5227 777 5279 δ’
809 5227 924 5280 ἀντ’
961 5228 1143 5280 αὐτῶν
1193 5229 1480 5293 καλλίονας
1526 5235 1856 5302 χειροτονεῖ-

1958 4763 2248 4829 sententia,
2272 4763 2503 4832 judicio,
2549 4769 2604 4818 et
2640 4761 2962 4831 probatione
2998 4759 3208 4831 preprii
3257 4759 3531 4828 archiepi-

1921 4856 2108 4924 .scopi
2143 4855 2213 4910 ab
2252 4855 2580 4924 episcopatu,
2630 4853 2996 4922 expellantur,
3041 4853 3244 4922 aliique
3276 4851 3532 4906 meliores

1955 4950 2011 5003 in
2045 4949 2286 5019 ipsorum
2328 4949 2505 5002 locum
2563 4947 2614 5001 vi
2658 4945 2790 5016 legis
2837 4946 3124 5015 prmsentis
3183 4943 3528 4999 ordinentur.

1955 5040 2172 5097 Haecin
2222 5041 2476 5105 clericos,
2525 5040 2907 5110 cujuscunque
2945 5025 3238 5093 ministerii
3303 5036 3527 5098 fuerint,
3563 5079 3568 5083 .

1956 5151 2170 5191 necnon
2212 5135 2514 5190 monachos
2564 5133 2811 5188 obtinere
2847 5133 3153 5202 iubemus:
3202 5145 3405 5202 eosque
3434 5129 3530 5202 qui

1954 5229 2280 5299 transgressi
2321 5227 2550 5293 fuerint,
2580 5241 2682 5282 sua
2711 5226 2976 5296 dignitate
2999 5226 3276 5281 excidere.

289 5313 402 5366 σθαι
431 5318 574 5370 κατὰ
608 5319 707 5386 τὴν
735 5319 830 5371 τοῦ
876 5320 1144 5388 παρόντος
1192 5320 1358 5391 νόμου
1390 5323 1659 5393 δύναμινο
1695 5323 1872 5377 ταῦτα
1904 5321 1963 5375 δὲ
2005 5323 2100 5374 καὶ
2139 5321 2231 5373 ἐπὶ
2273 5318 2548 5389 κληρικῶν
2615 5316 3008 5386 οἰασδηποτοῦν
3056 5316 3379 5386 ὑπηρεσίας,
3445 5311 3526 5374 ἔτι

289 5405 337 5458 δὲ
364 5413 450 5462 καί
488 5410 758 5478 μοναχῶν,
783 5409 1082 5480 κελεύομεν
1121 5416 1341 5481 κρατεῖν
1370 5429 1382 5441 ·
1413 5415 1540 5478 τοὺς
1568 5416 1624 5469 δὲ
1664 5414 2102 5486 παραϐαίνοντας
2136 5411 2423 5464 ἐκπίπτειν
2455 5409 2548 5464 τοῦ
2578 5409 2779 5466 οἰκείου
2819 5410 3122 5480 σχήματος.

360 5502 511 5556 Ἀλλὰ
548 5504 644 5556 καί⁵
703 5503 872 5574 ἄμφω
923 5504 1096 5558 ταῦτα
1132 5506 1350 5576 ὁρῶμεν
1392 5509 1559 5561 τανῦν
1607 5508 1836 5562 ἀθετού-

294 5605 444 5658 μενα·
473 5593 595 5646 οὔτε
632 5593 738 5666 γὰρ
766 5595 815 5648 οἱ
859 5597 1134 5667 ἀρχιερεῖς
1196 5598 1286 5652 διὰ
1343 5601 1691 5669 γραμμάτων
1743 5599 1837 5652 τοῦ

293 5689 614 5758 πατριάρχου
657 5690 736 5750 εἰς
762 5687 860 5758 τὴν
889 5687 1281 5757 βασιλεύουσαν
1311 5690 1696 5760 ἐπιδημοῦσιν,
1727 5691 1842 5744 ἀλλ’

294 5773 608 5848 αὺθόρμητοι
639 5782 1099 5852 παραγενόμενοι.
1133 5783 1224 5836 καὶ
1261 5785 1380 5844 ταῖς
1418 5783 1615 5844 πύλαις
1638 5783 1848 5854 ταύτης

297 5871 618 5937 προπιόντες,
673 5872 950 5944 μηνύματι
1023 5873 1120 5944 τὴν
1180 5876 1449 5945 σφετέραν
1501 5875 1715 5930 ἓλευσιν
1774 5876 1850 5945 τῷ

2014 5505 2215 5559 \‘erum
2247 5505 2410 5561 ambo
2439 5505 2555 5558 haec
2606 5504 2821 5558 decreta
2870 5503 3034 5557 hodie
3089 5501 3330 5570 neglecta
3375 5495 3523 5554 vi-le-

1949 5613 2088 5653 mus.
2130 5595 2249 5651 Non
2286 5597 2432 5650 enim
2470 5596 2747 5652 antistites
2804 5611 2901 5667 per
2957 5596 3166 5650 litteras
3202 5593 3531 5662 patriarcha:

1948 5690 2016 5744 ad
2053 5691 2298 5761 reginam
2334 5691 2552 5745 urbium
2608 5690 3060 5762 proficiscuntur,
3095 5686 3190 5742 sed
3224 5688 3530 5756 itnpetuose

1955 5784 2019 5836 ad
2044 5792 2228 5852 portas
2252 5783 2373 5852 ejus
2401 5785 2798 5853 pervenientes,
2821 5782 3023 5838 iudicio
3051 5779 3352 5834 adventum
3366 5795 3527 5834 suum

1954 5876 2275 5947 patriarchae
2319 5887 2504 5934 notum
2553 5878 2780 5945 faciunt,
2807 5883 2863 5934 et
2915 5876 2992 5934 sic
3025 5876 3145 5933 sine
3175 5875 3418 5948 periculo
3457 5874 3528 5934 ad
