3902 6556
200 396 328 464 1081

1155 407 1561 470 SYNTAGMA
1600 411 1844 472 ALPHA
1854 412 2029 473 BETI
2036 411 2220 474 CUM.
2258 434 2333 451 ο-
2345 410 2407 483 Α.

3300 404 3435 474 1082

196 510 531 586 καθίστησιν,
561 510 652 571 οἶα
681 519 775 571 καὶ
801 520 927 582 τοὺς
946 519 1017 574 δι’
1044 519 1224 584 αἰτίας
1260 523 1496 588 ἀτόπους
1524 525 1623 595 τῆς
1657 542 1758 579 παρ

1887 540 1923 577 o
1960 525 2214 579 nimirum
2249 538 2401 579 more
2433 537 2543 594 quo
2579 522 2673 577 filii
2703 521 2775 577 ob
2805 520 3013 578 crimen
3042 521 3264 592 aliquod
3298 524 3430 579 inu-

196 610 389 679 τρικῆς
414 609 601 672 οὐσίας
625 611 1056 682 ἐκϐαλλομένους
1078 614 1172 668 καὶ
1198 616 1758 689 ἀποκηρυσσομένους

197 701 343 763 υἱούς
363 719 377 733 ’
408 701 471 756 τὸ
499 702 554 756 δὲ
598 704 863 774 τολμῆσαί
894 722 1066 770 τινας,
1105 708 1290 778 φησῖν,
1324 710 1381 762 ἐν
1433 710 1647 781 οἰμωγῇ
1675 727 1761 763 το-

199 794 369 866 σαύτῃ
422 794 518 848 καὶ
571 795 793 867 θρήνοις
846 796 1147 862 τοσούτοις,
1206 798 1317 853 τῶν
1373 798 1665 871 βαρϐάρων
1695 803 1762 855 τά

197 886 372 939 πάντα
402 886 760 958 ληϊζομένων,
802 888 892 942 τὸν
920 889 1007 942 ἐπ’
1040 889 1249 961 ὀλέθρῳ
1290 890 1508 944 πάντων
1540 891 1763 945 ἐπιόντα

198 977 409 1049 καιρὸν,
442 979 675 1050 κέρδους
739 976 878 1034 εἶναι
935 980 1157 1050 νομίσαι
1200 982 1415 1052 καιρὸν,
1458 983 1764 1053 ἀνθρώπων

199 1067 345 1119 ἐστὶν
382 1069 600 1121 ἀσεὸὦν
632 1073 726 1121 καῖ
756 1070 1079 1139 θεοστυγῶν,
1107 1072 1200 1125 καὶ
1238 1072 1506 1142 μηδεμίαν
1534 1073 1765 1137 ἀτοπίας

199 1159 672 1213 καταλελοιπότων
714 1161 1054 1232 ὑπερϐολήν·
1087 1162 1211 1217 ὅθεν
1237 1163 1383 1230 ἔδοξε
1426 1164 1553 1225 τοὺς
1591 1163 1767 1218 τοιού-

196 1269 321 1316 τους
352 1253 602 1315 ἅπαντας
630 1256 955 1326 ἑκκηρύξαι,
995 1257 1202 1327 μήποτε
1244 1258 1328 1325 ἐφ’
1364 1258 1485 1310 δλον
1514 1255 1644 1329 ἔλθῃ
1676 1255 1767 1309 τδν

195 1342 322 1396 λαὸν
349 1345 387 1414 ή
423 1344 588 1414 ὀργὴ,
646 1344 742 1398 καὶ
788 1346 877 1399 ἐπ’
906 1346 1102 1411 αὐτοὺς
1140 1346 1390 1418 πρώτους
1441 1347 1565 1411 τοὺς
1601 1364 1768 1414 προε-

181 1435 432 1513 στῶτας,
456 1435 536 1506 τῷ
563 1434 637 1507 μὴ
664 1437 863 1508 σπουδῇ
900 1438 1123 1501 τούτους
1151 1439 1478 1508 ἐπιζητῆσαι
1504 1440 1597 1491 καὶ
1622 1438 1769 1509 διορ-

196 1525 514 1580 θώσασθαι·
544 1528 595 1581 οἱ
643 1529 753 1595 γὰρ
800 1530 1074 1601 ἐφιέμενοι
1127 1530 1197 1584 τὰ
1244 1531 1354 1585 τῶν
1406 1531 1770 1603 αἰχμαλώτων

194 1618 528 1688 κερδαίνειν,
586 1620 758 1691 ὀργήν
818 1624 913 1676 καὶ
964 1624 1178 1685 ἑαυτοῖς
1237 1627 1334 1677 καὶ
1374 1624 1541 1677 παντὶ
1571 1627 1772 1679 ἐπισω-

197 1708 420 1781 ρεύουσι
450 1713 529 1790 τῷ
546 1711 662 1785 λαῷ
680 1729 697 1746 ο
722 1713 955 1785 ἐξαίρων
981 1714 1039 1770 δὲ
1059 1716 1286 1787 ταυτηνὶ
1316 1716 1415 1788 τὴν
1433 1716 1770 1783 πλεονεξίαν,

196 1803 377 1872 πολλῷ
403 1804 627 1874 χείρονα
655 1808 750 1860 καὶ
778 1807 875 1876 τῆς
911 1806 1006 1860 τοῦ
1038 1808 1218 1878 ’Δχαρ
1260 1803 1399 1862 εἶναι
1431 1808 1772 1861 κατασκευά-

196 1892 314 1957 ζει·
369 1896 471 1950 καὶ
516 1897 627 1967 γὰρ
666 1889 843 1961 οὗτος,
891 1900 1078 1969 φησὶν,
1117 1900 1225 1954 ἀπὸ
1272 1899 1366 1954 τοῦ
1429 1899 1769 1971 ἀναθέματος

200 1987 362 2057 μόνος
397 1990 496 2042 καὶ
544 1990 649 2062 ίὸἴᾳ
696 1990 894 2051 λαϐὼν.
942 1993 1034 2045 ἐπὶ
1064 1992 1239 2046 πάντα
1284 1994 1376 2046 τὸν
1413 1991 1629 2064 Ἰσραήλ
1671 1994 1770 2065 τὴν

196 2081 371 2153 ὀργὴν
403 2083 581 2154 ήγαγε
611 2083 705 2138 τοῦ
758 2082 926 2138 θεοῦ·
959 2084 1134 2157 ταύτῃ
1162 2102 1265 2149 τοι,
1298 2087 1392 2139 καὶ
1428 2086 1528 2139 οὐκ
1570 2087 1773 2148 ἐκεῖνος

200 2175 391 2246 μόνος,
447 2176 586 2230 ἀλλὰ
624 2176 716 2230 καὶ
746 2178 794 2230 οῖ
848 2176 1011 2231 αὐτού
1070 2178 1270 2241 πάντες
1317 2176 1774 2241 καταλευσθέντες

197 2268 515 2323 ἀπέθανονο
543 2271 592 2329 εί
627 2270 737 2341 γὰρ
782 2272 846 2325 ὲκ
882 2270 1164 2342 προνομῆς
1211 2272 1304 2328 καὶ
1341 2262 1490 2323 οὗτοι
1521 2271 1775 2331 κάκεῖνος

198 2361 508 2431 θφείλοντο,
538 2361 655 2415 ἀλλ’
677 2364 883 2424 ἐκεῖνος
916 2345 1016 2432 μὲν
1054 2363 1121 2417 τὰ
1168 2362 1279 2421 τῶν
1308 2361 1604 2433 πολεμίων,
1629 2355 1774 2417 οὗτοι

196 2452 250 2505 δὲ
289 2452 364 2505 τὰ
407 2453 516 2504 τῶν
565 2451 844 2521 ἀδελφῶνο
890 2452 1033 2507 οὕτω
1087 2455 1447 2525 χαλεπωτέρα
1502 2455 1533 2525 ή
1571 2454 1776 2508 τούτων

198 2542 548 2611 παρανομία,
581 2542 727 2613 ήπερ
762 2544 795 2612 ή
828 2543 1038 2597 ἐκείνου
1060 2558 1076 2573 ·
1102 2543 1355 2602 λανθάνει
1385 2544 1442 2599 δέ
1479 2561 1562 2608 τις
1587 2544 1776 2599 ἑαυτὸν

198 2632 454 2698 ἀπατῶν,
487 2631 562 2694 ὡς
593 2631 702 2702 ἄρα
750 2634 1104 2704 ὲῤῥιμμένοις
1131 2634 1307 2700 λέγων
1338 2636 1642 2707 περιτύχοι,
1685 2637 1781 2689 καὶ

203 2725 275 2793 μή
323 2740 483 2784 τινος
516 2724 967 2793 ἀντιποιουμένου
1003 2723 1265 2789 ἀνέλοιτο,
1313 2725 1404 2782 τὸν
1443 2725 1782 2797 κεκτημένον

201 2815 329 2877 ἴσως
403 2814 693 2884 ὴγνοηκὼς
716 2829 732 2845 ·
779 2816 841 2868 ού
884 2815 992 2883 γάρ
1017 2815 1193 2880 ἔξεστι
1226 2816 1320 2869 καὶ
1354 2816 1525 2879 οὕτως
1567 2818 1781 2888 εὖρὸντι

202 2906 465 2977 κερδᾶναι
488 2908 579 2959 καὶ
603 2905 991 2960 οἰκειώσασθαι
1015 2906 1075 2959 τὸ
1107 2905 1408 2976 ἀλλότριον,
1458 2905 1593 2959 ἀλλά
1624 2923 1782 2978 περιρ

203 2998 448 3065 φυλάξαι
493 2996 573 3067 τῷ
602 2999 956 3069 κεκτημένῳ’
990 2998 1039 3051 εί
1085 2998 1193 3068 γὰρ
1236 2999 1264 3050 6
1296 2998 1527 3062 παλαιὸς
1563 2998 1780 3053 κελεύει

202 3091 397 3160 νόμος,
436 3091 520 3144 ὅτι
547 3091 646 3144 “Av
681 3093 712 3145 6
737 3090 963 3161 ἀδελφός
990 3108 1085 3146 σου
1115 3091 1149 3163 ή
1183 3093 1211 3145 6
1250 3091 1445 3163 ἐχθρός
1474 3109 1568 3146 σου
1599 3093 1661 3145 ὲκ
1694 3093 1790 3164 ῥᾳ-

1862 616 2082 671 sitalum
2112 633 2143 672 a
2179 625 2401 686 paterna
2433 616 2752 671 lnereditate
2814 615 3113 685 ejiciuntur
3162 615 3430 670 abdicano

1864 718 2081 776 turque.
2119 708 2173 763 ln
2230 715 2384 765 tanto
2430 717 2612 764 autem
2649 709 2800 762 luctu
2857 708 3133 777 tantisque
3192 706 3432 771 fletibus,

1864 800 1989 854 dum
2015 800 2230 856 barbari
2281 799 2463 855 omnia
2497 799 2901 869 deprmdantur.
2945 814 3113 854 ausos
3165 814 3287 854 esse
3332 798 3435 852 ali-

1862 907 2003 960 quos
2039 900 2275 960 tempus,
2310 891 2365 945 in
2421 907 2529 961 quo
2583 892 2840 944 omnibus
2878 891 3106 944 exitium
3160 889 3430 950 imminet,

1864 984 1967 1039 sibi
2013 983 2152 1039 lucri
2204 999 2326 1047 esse
2368 994 2581 1053 tempus
2615 985 2956 1048 existimare,
3004 983 3291 1038 hominum
3350 992 3436 1037 est

1868 1075 2184 1146 impiorum,
2210 1087 2264 1131 et
2298 1078 2406 1132 Deo
2444 1076 2768 1138 invisorum,
2797 1085 2849 1129 et
2900 1090 3136 1143 quorum
3173 1072 3437 1143 improbi-

1868 1167 1962 1220 tati
1992 1167 2127 1222 nihil
2155 1167 2447 1235 superaddi
2484 1167 2706 1237 poterit.
2746 1166 2900 1222 Utile
2931 1180 3123 1220 omnes
3161 1166 3434 1233 ejusmodi

1868 1256 2121 1313 homines
2151 1258 2408 1313 abdicare
2435 1259 2611 1312 visum
2643 1268 2751 1324 est,
2778 1273 2843 1309 ne
2871 1255 3013 1311 forte
3040 1257 3093 1311 in
3132 1267 3308 1312 totum
3341 1271 3435 1323 po-

1870 1353 2057 1424 pulum
2089 1351 2168 1405 ira
2218 1353 2422 1417 veniat,
2453 1361 2506 1405 et
2540 1353 2592 1406 in
2639 1368 2733 1406 eos
2786 1352 3019 1419 primum
3048 1351 3137 1419 qui
3170 1359 3433 1420 praesunt,

1870 1442 2016 1512 quod
2051 1441 2103 1496 in
2132 1441 2400 1511 ejusmodi
2428 1441 2677 1498 homines
2701 1441 2991 1512 diligenter
3022 1456 3129 1494 non
3159 1450 3438 1511 inquirant

1869 1549 2078 1604 eosque
2127 1535 2441 1590 emendem.
2489 1530 2705 1589 Etenim
2767 1533 2861 1604 qui
2915 1534 3256 1599 captivorum
3295 1533 3438 1587 bona

1870 1625 2074 1681 lucrari
2105 1625 2357 1695 cupiunt,
2386 1625 2491 1681 sibi
2523 1626 2660 1695 ipsis
2685 1635 2738 1680 et
2769 1625 3030 1683 universo
3066 1626 3266 1694 popqu
3300 1626 3436 1678 iram

1871 1716 1980 1787 30
2007 1716 2379 1775 accumulant.
2410 1716 2583 1772 Porro
2621 1716 2941 1787 hujnsmodi
2992 1716 3276 1770 awritiam
3326 1731 3438 1769 am-

1875 1810 2293 1878 plificans.cam
2349 1808 2580 1863 avaritia
2639 1808 2821 1865 Achar
2877 1810 3054 1864 multo
3110 1808 3441 1865 deteriorem

1872 1915 1993 1956 esse
2028 1900 2285 1955 ostendit.
2316 1899 2408 1954 Ille
2438 1901 2584 1955 enim
2636 1901 2808 1963 solus,
2851 1900 3055 1971 inquit,
3092 1910 3141 1954 et
3185 1899 3442 1970 privatim

1871 1992 1923 2046 id
1959 1991 2101 2061 quod
2138 1990 2246 2046 Deo
2270 1992 2578 2047 dedicatum
2626 2003 2744 2046 erat
2774 1992 3103 2062 snrripicns,
3135 1992 3189 2046 in
3222 2007 3441 2046 omnem

1872 2081 2040 2138 Israel
2090 2082 2227 2139 iram
2261 2082 2354 2139 Dei
2388 2083 2658 2145 adduxit:
2708 2092 2764 2139 et
2795 2092 3084 2153 propterea
3118 2100 3226 2139 non
3261 2083 3445 2138 solum

1875 2174 2015 2245 ipse,
2043 2175 2135 2230 sed
2164 2185 2216 2231 et
2248 2190 2440 2231 omnes
2472 2176 2555 2230 sui
2588 2176 2888 2245 perierunt.
2924 2176 2979 2231 Si
3004 2177 3152 2230 enim
3176 2192 3241 2230 ex
3265 2175 3447 2245 prmia

1877 2275 1985 2321 tam
2018 2267 2070 2321 hi
2103 2282 2268 2336 quam
2301 2266 2389 2321 ille
2426 2276 2748 2337 rapuerunt,
2782 2269 2882 2323 iste
2934 2275 3117 2324 autem
3164 2268 3307 2324 bona
3339 2268 3453 2323 ini-

1877 2360 2171 2423 micorum,
2230 2368 2285 2413 et
2325 2358 2379 2412 hi
2416 2358 2557 2413 bona
2614 2362 2942 2424 amicorum,
2996 2375 3061 2414 co
3098 2360 3318 2429 gravius
3366 2368 3450 2415 est

1828 2502 1831 2505 .
1880 2454 2077 2508 horum
2132 2454 2340 2509 crimen
2389 2468 2552 2522 quam
2604 2452 2751 2521 quod
2804 2453 2872 2508 ab
2908 2469 2973 2508 eo
3003 2453 3306 2507 admissum
3343 2460 3450 2508 est.

1880 2543 2021 2610 Quin
2054 2547 2164 2597 imo
2213 2542 2453 2612 seipsum
2511 2541 2856 2611 impudenter
2914 2542 3138 2610 decipit,
3166 2543 3260 2610 qui
3296 2557 3356 2596 se
3393 2542 3450 2597 in

1882 2652 1969 2692 res
1998 2636 2253 2703 disjectas
2285 2636 2539 2689 incidisse
2561 2636 2729 2700 dicat,
2762 2645 2816 2690 et
2842 2652 2965 2691 eum
2999 2651 3160 2689 nemo
3192 2635 3313 2689 illas
3343 2634 3452 2688 sibi

1884 2732 2177 2788 assereret,
2199 2722 2510 2787 abstulisse,
2545 2738 2863 2791 possessore
2893 2723 3084 2791 utique
3116 2722 3320 2790 ignoto.
3350 2719 3455 2773 Ne-

1886 2834 1996 2887 que
2028 2816 2173 2871 enim
2204 2815 2284 2872 fas
2313 2825 2398 2872 est
2426 2816 2473 2870 ei
2505 2816 2597 2887 qui
2643 2817 2718 2870 ita
2750 2832 2863 2871 rem
2896 2818 3131 2870 alienam
3164 2815 3456 2879 invenerit,

1886 2924 2003 2966 eam
2036 2908 2259 2973 lucrari,
2286 2909 2497 2977 sibique
2526 2908 2829 2971 vindicare,
2863 2908 2957 2964 sed
3002 2924 3099 2977 pro
3133 2920 3457 2977 possessore

1888 3014 2108 3055 servare
2135 3000 2315 3055 debet.
2343 2998 2558 3054 Etenim
2590 2998 2635 3054 si
2666 3000 2753 3054 lex
2780 3000 3007 3070 antiqua
3035 3001 3191 3069 jubet
3217 3017 3230 3053 :
3263 2998 3318 3054 Si
3349 3000 3460 3054 fra-

1888 3101 1973 3147 ter
2025 3103 2152 3146 tuus
2189 3092 2273 3145 vel
2310 3091 2566 3145 inimicus
2623 3102 2753 3146 tuus
2799 3106 2912 3160 pra:
2958 3091 3290 3161 negligentia
3342 3106 3455 3144 rem

206 3188 415 3258 θυμίας
446 3188 690 3260 ἀπολέσῃ
721 3186 780 3241 τὸ
809 3188 963 3252 ἴδιον,
994 3187 1088 3242 καὶ
1115 3185 1288 3242 ταῦτα
1336 3189 1395 3241 ἐν
1426 3186 1605 3257 καιρῷ
1635 3187 1783 3257 εἰρή-

1889 3197 2046 3238 suam
2083 3180 2357 3240 amiserit,
2389 3180 2554 3249 idque
2583 3179 2635 3233 in
2677 3190 2924 3248 tempore
2957 3179 3132 3246 pacis.
3184 3193 3293 3231 non
3324 3178 3459 3231 reti-

208 3300 328 3351 νης,
354 3282 421 3333 οὐ
457 3280 728 3347 κ;οέξεις,
775 3272 892 3334 ἀλλ’
922 3276 1297 3340 ὲπανασὼσεις
1325 3278 1403 3349 τῷ
1432 3279 1780 3345 ἀπολέσαντι,

208 3375 364 3443 πόσῳ
396 3373 600 3441 μᾶλλον
638 3371 732 3426 τοῦ
760 3370 1055 3441 φεύγοντος
1082 3371 1339 3439 ἀδελφοῦ,
1388 3369 1421 3442 ἢ
1452 3370 1544 3423 τοῦ
1568 3370 1787 3439 γεγονό-

206 3485 295 3530 τος
338 3465 693 3537 αἰχμαλώτου
749 3465 869 3520 δέον
926 3463 1294 3534 περιφυλάξαι
1343 3462 1410 3516 τὰ
1472 3462 1789 3530 ἐγκαταλει-

210 3562 418 3630 φθέντα
469 3561 787 3630 πράγματα,
824 3559 915 3611 καὶ
944 3556 1237 3611 ἀποδοῦναί
1267 3558 1316 3608 οἱ
1341 3554 1744 3624 δυσπραγοῦντι
1770 3570 1785 3620 ;

212 3652 425 3719 Πολλῆς
466 3652 569 3720 μέν
599 3650 650 3702 τ’
700 3650 767 3702 ἃν
796 3650 882 3718 εἴη
933 3648 1024 3701 καὶ
1060 3647 1216 3701 τοῦτο
1268 3646 1471 3713 ἀνοίας,
1520 3646 1579 3699 τδ
1616 3662 1788 3715 μετα-

211 3741 494 3795 ποιεῖσθαι
530 3740 638 3793 τῶν
668 3740 964 3809 ἀλλοτρίων
1015 3739 1137 3791 ἀντὶ
1165 3738 1273 3791 τῶν
1312 3739 1457 3792 ίδίων
1502 3737 1612 3790 τῶν
1643 3738 1793 3791 ἀπω-

212 3833 487 3902 λομένων,
556 3832 648 3884 καὶ
705 3830 913 3885 οἴεσθαι
963 3830 1127 3902 μηδὲν
1184 3825 1324 3883 εῖναι
1362 3828 1559 3894 δεινὸν,
1591 3828 1683 3883 καί
1711 3846 1792 3882 τοι

218 3928 390 3997 μηδὲν
413 3928 495 3989 είς
527 3924 725 3987 κακίας
750 3922 908 3991 λόγον
939 3923 1048 3975 τῶν
1079 3922 1387 3993 εἰρημένων
1432 3920 1796 3988 ἀπολειπόμτ-

213 4036 301 4073 νον
325 4034 342 4050 ο
371 4018 512 4086 ὅπερ
543 4015 650 4088 γὰρ
675 4016 859 4078 αὐτοῖς
901 4014 1192 4083 γεγόνασιν
1227 4014 1278 4066 οἱ
1328 4014 1596 4083 πολέμιοι,
1630 4013 1795 4067 τοῦτο

212 4112 328 4175 τοῖς
368 4109 622 4179 ἀδελφοῖς
656 4101 804 4161 οὗτοι
840 4107 1092 4175 γενέσθαι
1135 4106 1546 4171 σπουῖάζουσιν.
1587 4104 1795 4174 ’Δπήγ-

214 4200 389 4269 γειλί
404 4199 463 4253 δέ
489 4216 570 4262 τις
601 4200 754 4268 ἡμῖν,
797 4197 874 4261 ὡς
931 4197 1025 4251 καί
1054 4213 1206 4261 τινας
1262 4194 1367 4248 τῶν
1396 4193 1671 4263 πολεμίων
1700 4198 1797 4257 τάς

216 4297 409 4367 χεῖρας
456 4292 840 4369 διαφυγόντας,
894 4290 985 4361 βίᾳ
1030 4289 1171 4352 τινὲς
1199 4288 1523 4358 κατέχουσιν
1578 4286 1798 4341 ἄπιστοι

219 4390 438 4449 πάντως
469 4387 620 4447 ὄντες
653 4385 746 4437 καὶ
782 4383 1019 4445 ἀσεϐεῖς.
1055 4382 1148 4435 καὶ
1196 4381 1325 4434 Θεὸν
1380 4380 1515 4445 ὅλως
1545 4381 1620 4450 μὴ
1672 4381 1801 4448 ἐπε-

216 4480 498 4550 γνωκότες
518 4494 533 4507 ο
565 4475 817 4546 πέμψατέ
855 4491 1008 4537 τινας
1056 4475 1133 4537 είς
1162 4472 1259 4543 τὴν
1289 4470 1472 4543 χώραν
1504 4471 1797 4542 ἐρευνῆσαι

1886 3274 2063 3336 nebis,
2103 3271 2196 3329 sed
2248 3272 2323 3336 ei,
2368 3271 2460 3339 qui
2513 3269 2762 3325 eamdem
2790 3268 3114 3339 perdiderit,
3144 3268 3401 3323 restitues
3439 3284 3457 3323 :

1885 3372 2091 3433 quanto
2115 3362 2288 3432 magis
2321 3362 2506 3418 fratris
2530 3361 2789 3432 fugientis
2818 3361 2902 3415 vel
2929 3360 3127 3432 captivi
3157 3358 3286 3413 facti
3317 3359 3462 3414 bona

1887 3455 1955 3509 ab
1979 3469 2045 3509 eo
2086 3455 2271 3511 relicta
2311 3468 2554 3519 servare,
2584 3462 2638 3507 et
2672 3454 2775 3523 ipsi
2813 3454 2976 3509 rebus
3006 3454 3253 3508 adversis
3286 3452 3460 3508 utenli

1887 3547 2181 3603 restituere
2233 3546 2498 3614 oportet?
2528 3544 2699 3600 Porro
2741 3556 2795 3600 et
2835 3545 2939 3600 hoc
2986 3560 3233 3617 magnam
3270 3561 3463 3600 amen-

1890 3636 2019 3691 tiam
2052 3636 2281 3702 iudicat,
2313 3637 2358 3692 si
2399 3638 2523 3707 quis
2573 3650 2671 3706 pro
2724 3636 2891 3691 bonis
2942 3637 3181 3707 propriis
3238 3634 3464 3692 amissis

1891 3729 2063 3782 aliena
2093 3728 2475 3791 vindicaverit,
2505 3727 2639 3781 nihil
2664 3726 2718 3780 in
2751 3742 2813 3782 ea
2846 3741 2904 3782 re
2955 3727 3083 3781 mali
3117 3726 3464 3782 existimans.

1890 3819 2026 3874 Nam
2048 3831 2101 3875 et
2125 3821 2176 3874 id
2203 3819 2584 3888 prmdictorum
2607 3819 2871 3872 malitiam
2893 3828 3163 3885 eneruat,
3191 3816 3464 3886 siquidem

1891 3910 2036 3980 quod
2071 3910 2252 3964 hostes
2306 3910 2437 3978 ipsis
2492 3906 2736 3971 fuerunt,
2778 3905 2830 3960 id
2882 3905 2988 3975 ipsi
3030 3904 3298 3958 fratribus
3351 3906 3467 3956 suis

1894 4017 2018 4058 esse
2050 4016 2270 4072 operam
2305 4000 2455 4054 dant.
2514 3997 2679 4053 Nobis
2732 4008 2910 4051 autem
2951 3995 3326 4050 renuntiatum
3360 4003 3466 4055 est,

1895 4095 2040 4167 quod
2080 4093 2325 4149 nonnulli
2381 4091 2648 4164 quosdam
2692 4108 2757 4145 ex
2796 4089 3036 4144 hostium
3072 4087 3324 4141 manibus
3352 4085 3469 4139 cla-

1895 4203 2024 4259 psos
2049 4188 2097 4241 vi
2123 4185 2476 4250 detinuerint,
2504 4182 2751 4238 infideles
2775 4182 3004 4236 omnino
3030 4178 3294 4247 impiique
3321 4190 3385 4230 ex
3398 4174 3470 4229 si-

1896 4290 2125 4351 s‘tcutes,
2156 4280 2358 4350 quique
2413 4278 2582 4332 Deum
2630 4292 2861 4347 prorsus
2898 4288 3006 4327 non
3063 4277 3268 4325 norunt
3305 4288 3317 4322 :
3350 4265 3477 4321 init-

1900 4374 2029 4429 tatis
2079 4374 2295 4442 aliquos
2354 4372 2407 4425 in
2467 4371 2767 4439 regionem,
2813 4366 2905 4437 qui
2930 4380 3091 4434 super
3144 4363 3246 4417 hac
3282 4376 3340 4415 re
3386 4359 3471 4412 in-

1899 4466 2143 4536 quirant,
2180 4480 2247 4520 ne
2293 4462 2524 4518 fulmina
2571 4461 2624 4515 in
2661 4476 2754 4514 eos
2792 4458 3070 4518 decidant,
3104 4453 3196 4524 qui
3229 4453 3345 4507 haec
3392 4450 3473 4503 fa-

216 4543 289 4627 £5:
314 4573 449 4641 περὶ
481 4543 702 4632 τούτου,
744 4567 817 4638 μὴ
846 4566 1077 4637 σκηπτοὶ
1128 4564 1529 4635 κατενεχθῶσιν
1556 4562 1651 4617 ἐπὶ
1671 4564 1794 4631 τοὺς
1828 4543 1869 4599 θ
1899 4559 2072 4621 ciunt.

218 4666 290 4721 τὰ
321 4663 549 4718 τοιαῦτα
587 4663 951 4733 πράσσοντας.

308 4756 399 4811 Ἐν
460 4755 537 4827 τῷ
587 4754 618 4805 ι’
648 4755 705 4807 δὲ
762 4756 946 4808 κανόνι
997 4753 1024 4805 6
1074 4751 1235 4814 αὐτὸς
1277 4750 1451 4821 μέγας
1492 4749 1794 4821 Γρηγὸριος

221 4849 351 4911 τοὺς
374 4847 682 4916 ἀλλοτρίοις
712 4845 884 4903 οἴκοις
915 4842 1127 4896 ἐπιέναι
1183 4839 1589 4909 τολμήσαντας,
1621 4840 1669 4890 εί
1700 4837 1800 4907 μὲν

223 4939 703 5010 κατηγορηθέντες
768 4935 1112 5006 ἐλεγχθεῖεν,
1164 4932 1285 5005 οὖδᾷ
1338 4932 1434 5000 τῆς
1484 4930 1801 4997 ἀκροάσεως

227 5034 369 5100 ἀξιοῖ
390 5048 404 5062 ·
465 5032 689 5094 ἑαυτοὺς
723 5030 777 5083 δὲ
811 5030 1249 5099 ὁμολογήσαντας
1292 5024 1491 5088 ἑκοντὶ,
1530 5022 1623 5076 καὶ
1655 5018 1801 5091 ἅπερ

228 5123 521 5193 ἀφείλοντο
571 5122 962 5181 ἀποτίσαντας,
1026 5118 1356 5172 ὑποπίπτειν
1411 5113 1648 5183 κελεύει,
1707 5117 1802 5167 καὶ

231 5222 341 5282 τοῖς
365 5215 797 5289 κατηχου;ι.ένοις
828 5212 1111 5282 συνεξέρχε
1122 5209 1271 5264 σθαι.

929 5349 1109 5417 Νόμοι
1121 5384 1136 5400 .

323 5489 381 5542 Ὀ
419 5487 476 5542 δὲ
531 5487 694 5557 νόμος
744 5485 833 5540 τὸν
875 5482 985 5539 ἀπὸ
1028 5479 1364 5554 ἐμπρησμοῦ
1402 5477 1801 5551 ἁρπάζοντα,ἦ

237 5583 518 5651 ναυαγίου,
547 5582 579 5649 ἢ
610 5577 1029 5647 καταπεσούσης
1061 5576 1263 5639 οἰκίας,
1312 5574 1443 5626 εἵσω
1477 5572 1576 5639 μὲν
1618 5574 1805 5624 ἐνιαυ-

238 5670 356 5732 τοῦ,
388 5671 466 5733 εἰς
490 5670 551 5723 τὸ
573 5666 914 5739 τετραπλοῦν
940 5663 1236 5720 ἀποδοῦναι
1264 5661 1637 5727 καταδικάζει,
1666 5659 1806 5731 μετά

243 5762 302 5815 δέ
336 5763 426 5817 τδν
471 5762 735 5828 ἐνιαυτὸν,
788 5762 869 5825 εἰς
922 5759 984 5813 τὸ
1014 5758 1251 5814 ἁπλοῦν·
1283 5755 1544 5818 ὡσαύτως
1591 5756 1684 5808 καὶ
1714 5753 1807 5808 τὸν

246 5859 384 5915 δίατά
414 5854 566 5910 δόλου
596 5855 764 5915 ταῦτα
798 5852 1210 5930 ὑποδεχόμενον.
1261 5850 1399 5915 ’Βοῦς
1429 5850 1485 5907 δὲ
1530 5848 1805 5919 ἅρπαγας,

1973 4738 2030 4793 In
2062 4734 2275 4792 decimo
2305 4743 2486 4789 autem
2528 4746 2737 4787 canone
2799 4737 3025 4785 sanctus
3058 4726 3147 4781 ille
3174 4725 3475 4794 Gregorius

1900 4849 1994 4887 cos
2027 4830 2120 4901 qui
2160 4829 2366 4883 alienas
2393 4830 2586 4881 dormis
2627 4824 2841 4894 ingredi
2883 4821 3002 4875 ausi
3032 4820 3255 4882 iuerint,
3289 4821 3333 4873 si
3365 4835 3472 4873 ac-

1901 4923 2075 4979 cusati
2112 4924 2529 4983 convincantur,
2559 4934 2624 4973 nc
2653 4904 2871 4987 quidem
2908 4915 2973 4968 ad
3005 4913 3344 4967 auditionem
3378 4912 3475 4966 ad-
3535 4902 3541 4909 ”

1903 5017 2111 5078 mittit:
2144 5015 2235 5087 qui
2269 5024 2449 5067 autem
2492 5028 2590 5068 sua
2632 5018 2824 5080 sponte
2857 5008 3098 5062 confessi
3138 5004 3365 5066 fuerint,
3398 5012 3473 5065 et,

1903 5125 2023 5178 quze
2070 5106 2476 5174 surripuerunt,
2530 5101 2900 5164 reddiderint,
2944 5097 3217 5153 substerni
3266 5106 3319 5150 et
3365 5110 3475 5149 una

1904 5216 2029 5256 cum
2061 5197 2469 5254 catechumenis
2500 5195 2648 5251 exire
2677 5194 2855 5263 jubet.

2596 5330 2778 5401 Leges.

1979 5470 2084 5524 [σε
2126 5478 2303 5522 autem
2341 5482 2464 5519 cum
2509 5463 2599 5535 qui
2637 5479 2703 5517 ex
2739 5460 3016 5525 inccndio,
3049 5460 3132 5514 vel
3168 5455 3474 5522 naufragio,

1906 5566 1988 5620 vel
2017 5566 2180 5618 domo
2214 5561 2451 5629 collapsa
2490 5558 2654 5628 rapit,
2685 5558 2826 5610 intra
2877 5554 3096 5626 quidem
3147 5563 3350 5604 annum
3405 5544 3471 5599 ad

1907 5655 2291 5729 quadruplum,
2325 5663 2446 5724 post
2491 5666 2692 5705 annum
2731 5655 2909 5703 autem
2951 5644 3017 5698 ad
3074 5642 3333 5712 simplum
3370 5652 3472 5707 pu-

1907 5750 2026 5816 nit;
2063 5747 2319 5802 siniilter
2367 5754 2421 5800 ct
2468 5758 2591 5798 cum
2625 5741 2714 5812 qui
2749 5739 2877 5795 dolo
2928 5744 3077 5806 rapta
3116 5731 3349 5801 recipit;
3385 5743 3473 5781 ra.

1907 5853 2089 5916 ptorcs
2120 5852 2324 5912 autem,
2347 5839 2560 5897 etiamsi
2592 5846 2714 5893 ante
2752 5833 3074 5891 sentcut'am
3104 5825 3247 5900 quod
3282 5824 3352 5882 ab
3402 5825 3469 5882 iis
