3902 6574
500 548 752 619 ιίιυυίιιιη
794 545 971 616 punit.

572 731 626 787 Si
656 731 776 799 quis
807 743 893 783 res
924 726 1149 780 mobiles
1186 739 1283 794 per
1324 725 1431 779 vim
1483 725 1746 793 rapuerit,
1779 724 1921 779 intra
1950 726 2072 793 qui-

504 827 622 879 dem
668 836 869 875 annum
915 818 967 872 in
1009 818 1372 888 quadruplum
1411 825 1655 881 tenetur,
1688 817 1732 871 si
1781 833 1875 887 per
1907 828 2070 873 testes

502 915 726 983 probata
760 912 919 964 fuerit
949 911 1224 979 quantitas
1255 919 1309 965 et
1337 910 1544 979 species
1601 910 1867 963 bonorum
1894 927 1910 978 ;
1951 919 2071 979 post

501 1022 704 1062 annum
731 1014 909 1059 autem
951 1005 1004 1057 in
1042 1003 1322 1072 simplum.
1365 1001 1419 1056 Si
1450 1018 1581 1057 vero
1620 1002 1808 1073 rapina
1849 1003 2067 1072 quidem

500 1101 550 1153 vi
585 1103 720 1152 facta
769 1097 1049 1167 prnbe'ur,
1076 1104 1245 1148 testes
1267 1104 1447 1149 autem
1485 1111 1573 1150 res
1604 1106 1793 1165 raptas
1825 1111 1934 1149 non
1970 1110 2070 1149 no-

502 1189 1025 1256 riut,jurameutum
1050 1186 1337 1254 praestatis
1357 1203 1384 1239 a
1405 1200 1514 1253 quo
1544 1201 1630 1240 res
1658 1185 1706 1238 vi
1731 1197 1894 1255 raptae
1916 1194 2065 1252 sunt,

500 1290 554 1333 et
582 1298 609 1333 a
649 1288 885 1348 raptore.
913 1291 1257 1347 quzeeunqtte
1282 1292 1312 1331 a
1349 1292 1410 1333 se
1442 1286 1598 1346 rapta
1643 1276 2066 1347 fuissejurabit,

501 1372 553 1427 in
594 1371 848 1440 simplum
879 1368 1088 1438 recipit.

571 1462 627 1518 Si
669 1463 794 1533 quis
835 1464 1041 1532 absque
1082 1462 1349 1516 sententia
1395 1460 1635 1531 iudiciali
1669 1477 1780 1516 rem
1835 1460 2066 1530 auferat,

498 1556 544 1612 si
590 1557 662 1610 rei
705 1555 961 1611 dominus
1002 1556 1094 1620 sit,
1122 1554 1362 1610 dominio
1401 1570 1502 1612 suo
1533 1556 1734 1610 excidit
1769 1571 1783 1620 ;
1842 1555 1887 1612 si
1936 1570 2069 1613 vero

497 1650 673 1704 aliena
708 1653 800 1714 sit,
852 1662 967 1702 rem
1022 1656 1078 1702 et
1131 1648 1366 1717 pretium
1411 1648 1530 1716 ejus
1583 1649 1696 1703 dat.
1745 1646 1930 1718 Itaque
1979 1649 2069 1703 hic

497 1741 684 1805 etiam,
709 1740 753 1795 si
792 1740 1009 1807 quidem
1038 1739 1178 1794 intra
1197 1755 1397 1794 annum
1424 1749 1632 1810 agatur,
1656 1755 1814 1810 poena
1844 1750 2066 1810 praesta-

1539 406 1545 413 ,
1701 341 2066 402 narrum
2110 345 2540 410 BLASTARIS

501 461 714 522 raptum
745 458 862 504 erat
894 446 1213 513 obtulerint.
1261 462 1369 503 non
1408 446 1668 515 admittit,
1705 448 1798 504 sed
1849 450 1902 504 iu
1932 468 2060 522 qna-

2175 473 2264 511 και
2306 460 2410 531 πρδ
2440 462 2741 535 καταδίκης
2800 465 3176 536 προσάγοντας
3207 467 3266 521 τὸ
3308 469 3401 523 ὑπ’
3427 472 3591 528 αὐτῶν
3622 480 3698 551 ἀρ.

2176 552 2375 619 παγὲν,
2403 552 2462 606 οὐ
2494 554 2797 625 προσίεται,
2823 557 2939 609 ἀλλ’
2963 561 3043 628 εἰς
3070 558 3129 613 τδ
3154 562 3533 631 τετραπλάσιον
3560 584 3697 627 κατα-

2172 645 2405 710 δικάζει.

2258 735 2383 792 Ἐἀν
2408 756 2492 804 τις
2524 737 2712 809 βιαίως
2754 740 2979 815 ἁρπάσῃ
3007 744 3206 813 κινητὰ
3233 746 3547 817 πράγματα,
3573 751 3696 818 int;

2174 828 2274 899 μὲν
2300 830 2551 885 ἐνιαυτοῦ
2584 833 2664 896 είς
2694 834 2756 886 τὸ
2806 836 3142 905 τετραπλοῦν
3184 837 3449 909 ἐνέχεται,
3476 841 3562 894 ιάν
3586 861 3698 914 μαρ

2171 921 2383 993 τυρηθῇ
2439 925 2471 994 η
2514 928 2745 999 ποσότης
2800 930 2897 982 καὶ
2944 930 3003 985 τὸ
3035 927 3175 995 εἶδος
3219 931 3327 987 τῶν
3375 937 3693 1009 πραγμάτων,

2174 1017 2316 1085 μετά
2354 1017 2411 1070 δὲ
2469 1017 2560 1073 τὸν
2620 1022 2888 1087 ἐνιαυτὸν,
2941 1024 3024 1086 είς
3062 1026 3125 1079 τὸ
3178 1026 3403 1083 ἁπλοῦν.
3449 1030 3568 1082 Ἐὰν
3591 1031 3694 1102 δὶὴ

2173 1105 2321 1177 βιαία
2347 1109 2571 1182 ἁρπαγὴ
2598 1111 2891 1179 δείκνυται,
2924 1118 2991 1170 τὰ
3012 1115 3069 1171 δὲ
3102 1117 3420 1186 ἁρπαγέντα
3447 1121 3696 1187 ἀγνοοῦσιν

2170 1198 2222 1252 οἱ
2252 1199 2551 1274 μάρτυρες,
2581 1204 2883 1274 ἐπόμνυται
2905 1208 2933 1261 ό
2957 1207 3055 1279 τὴν
3084 1207 3266 1278 βιαίαν
3289 1209 3566 1280 ἀφαίρεσιν
3594 1212 3697 1265 ὕπο-

2172 1290 2325 1355 στάς,
2379 1293 2476 1346 καὶ
2501 1292 2877 1361 ἀπολαμϐάνει
2918 1297 3024 1351 ἀπὸ
3051 1297 3145 1351 τοῦ
3176 1297 3426 1370 ἅρπαγος
3454 1298 3549 1352 ὅσα
3588 1301 3695 1352 ἰπο-

2173 1383 2395 1458 μόσεται
2424 1384 2822 1457 διαρπαγῆναι,
2856 1388 2935 1452 είς
2968 1392 3031 1442 τδ
3060 1388 3289 1449 ἁπλοῦν.

2255 1475 2381 1530 Ἐάν
2406 1493 2489 1541 τις
2541 1477 2710 1550 χωρὶς
2736 1478 3057 1552 δικαστικῆς
3088 1478 3420 1550 ἀποφάσεως
3465 1479 3696 1551 ἀφέληταί

2168 1582 2223 1620 τι
2256 1566 2511 1637 πρᾶγμα,
2558 1568 2608 1623 εί
2636 1566 2737 1638 μὲν
2776 1568 3047 1640 δεσπότης
3092 1569 3215 1624 ἐστὶ
3258 1568 3357 1624 τοῦ
3386 1571 3695 1643 πράγματος,

2168 1657 2427 1710 ἐκπίπτει
2475 1656 2576 1728 τῆς
2625 1658 2948 1725 δεσποτείας
2998 1660 3201 1715 αὐτοῦ’
3241 1661 3291 1719 εί
3355 1660 3411 1719 δὲ
3458 1661 3699 1734 ἀλλότριόν

2170 1749 2287 1803 ἔστι
2326 1752 2387 1802 τὸ
2419 1753 2673 1823 πρᾶγμα,
2703 1754 2799 1805 καὶ¹
2827 1753 2925 1825 τὴν
2950 1753 3119 1825 τιμὴν
3150 1753 3318 1807 αὐτοῦ
3348 1752 3543 1809 δίδωσι.
3582 1757 3700 1810 Κάν-

501 1844 627 1900 ιιιτῖ
661 1844 784 1904 Ροεῑ
811 1848 1014 1889 animm
1049 1848 1198 1899 νεῖον
1253 1847 1343 1889 res
1387 1833 1658 1887 δυηιθηῑ
1703 1822 1826 1888 ‘Cum
1861 1831 2068 1887 Γτυειί*
2099 1807 2141 1865 Β
2170 1842 2347 1897 ταῦθα
2378 1844 2579 1912 τοίνυν,
2620 1845 2825 1900 ἔσωθεν
2851 1846 2946 1901 τοῦ
2982 1845 3236 1901 ἐνιαυτοῦ
3283 1848 3592 1916 κινουμένης
3617 1847 3700 1918 τῆς

499 1923 625 1979 bus.

568 2105 670 2172 Qui
725 2114 926 2160 terram
970 2106 1136 2177 rapit,
1192 2108 1277 2162 vel
1326 2107 1592 2163 terminos
1639 2114 1837 2172 mutat,
1867 2106 2095 2177 rapinze.

498 2198 723 2268 duplum
756 2199 1015 2253 restituit.

571 2290 829 2357 Quicum
870 2293 1038 2347 armis
1089 2292 1285 2348 domos
1335 2303 1389 2347 et
1445 2308 1608 2364 agros
1647 2293 1856 2349 alienos
1913 2291 2069 2347 inva-

495 2382 639 2438 dunt
673 2384 1090 2454 devastantque,
1131 2385 1311 2454 capite
1344 2386 1677 2455 plectuntur.

528 2544 628 2614 31
666 2542 819 2599 CAP.
863 2543 1005 2600 Xlll.
1052 2544 1127 2598 De
1163 2545 1229 2597 iis
1273 2544 1660 2627 quimulieres
1703 2546 2035 2600 matrimonii

1069 2631 1235 2670 causa
1275 2625 1514 2685 rapiunt.

572 2748 906 2806 Undecimus
952 2751 1145 2822 synodi
1181 2749 1384 2822 Ancyr.
1414 2764 1591 2805 canon
1621 2751 1921 2817 desponsas
1945 2750 2067 2807 aliis

498 2840 728 2909 puellas.
761 2850 813 2894 et
832 2848 1018 2910 postea
1052 2842 1120 2893 ab
1151 2841 1274 2896 aliis
1307 2850 1513 2909 raptas,
1554 2840 1768 2896 etiamsi
1818 2849 2067 2910 raptores

498 2949 593 2987 eas
621 2932 808 2999 inique
842 2931 1236 3000 stupraverint,
1270 2933 1336 2987 iis
1366 2932 1569 3000 quibus
1600 2932 1888 3002 deepnnsae
1909 2941 2067 2988 erant

496 3024 695 3079 iterum
738 3023 891 3079 reddi
934 3024 1130 3094 jubet:
1175 3024 1432 3079 nimirum
1471 3024 1518 3081 si
1557 3041 1650 3082 eas
1697 3027 1941 3098 recipere
1974 3041 2067 3082 ve—

498 3115 632 3171 lint:
670 3117 825 3172 inviti
855 3117 1002 3172 enim
1035 3132 1147 3171 non
1172 3127 1457 3188 cogentur.

563 3298 752 3353 Cannn
787 3306 967 3352 autem
992 3299 1175 3369 magni
1208 3298 1395 3354 Basilii
1445 3299 1539 3361 2'2.
1577 3298 1712 3355 Eum
1745 3300 1837 3370 qui
1870 3301 2067 3357 mulie-

422 3459 434 3466 .
496 3405 634 3450 rem,
676 3390 874 3459 inquit,
899 3406 962 3444 ex
991 3398 1145 3459 raptu
1174 3391 1354 3455 habet,
1386 3409 1492 3446 non
1537 3400 1751 3463 oportet
1780 3394 1846 3447 ad
1884 3396 2065 3463 pinni-

496 3485 719 3535 tentiam
772 3483 1084 3545 admittere,
1139 3484 1460 3552 priusquam
1516 3484 1586 3539 ab
1640 3500 1704 3540 ea
1757 3497 2060 3555 separetur.

494 3571 649 3639 Quod
687 3574 731 3629 si
772 3574 928 3628 alteri
966 3576 1115 3642 prius
1142 3574 1416 3644 deSponsa
1463 3575 1650 3638 fuerit,
1693 3577 1812 3647 ejus
1859 3577 1911 3630 in
1968 3592 2065 3647 po-

497 3675 749 3720 testatem
785 3665 935 3719 reddi
970 3665 1151 3730 debet,
1186 3667 1231 3720 si
1259 3666 1423 3720 modo
1458 3682 1577 3720 eam
1609 3671 1860 3738 accipere
1895 3670 2061 3734 velit;

495 3760 579 3813 sin
610 3767 790 3812 autem
817 3759 952 3811 nulli
980 3758 1157 3812 adhuc
1184 3759 1453 3826 desponsa
1488 3758 1685 3826 fuerat,
1711 3760 1778 3814 ad
1810 3771 2062 3830 parentes

493 3855 700 3914 redeat,
742 3854 823 3907 vel
877 3853 1016 3908 alios
1066 3853 1159 3922 qui
1225 3853 1400 3908 eidem
1463 3856 1730 3922 sanguine
1782 3857 2060 3924 conjuncti

493 3956 642 4000 sunt.
663 3944 725 3999 Et
755 3946 798 4000 si
832 3946 1053 4015 quidem
1088 3945 1165 3999 illi
1192 3948 1427 4016 raptoris
1451 3946 1763 4003 aliinitatem
1784 3959 2060 4020 expetant,

488 4039 863 4093 covstituatur
906 4038 1342 4101 matrimonium.
1398 4040 1446 4095 si
1504 4040 1665 4095 modo
1708 4042 1793 4095 illa
1828 4057 2062 4098 consen-

487 4133 662 4198 serit;
696 4130 856 4184 aliter
884 4129 1031 4185 enim
1069 4146 1136 4185 ne
1169 4142 1422 4202 cogatur.
1451 4130 1545 4186 Ille
1590 4143 1768 4188 autem
1807 4136 1900 4205 qui
1936 4152 2062 4193 mu-

490 4208 703 4286 lierem,
731 4223 813 4278 vel
858 4238 952 4289 per
979 4223 1114 4289 vim,
1144 4224 1227 4278 vel
1257 4225 1400 4278 clam
1455 4228 1886 4282 consentientem
1934 4244 2062 4285 eor-

493 4315 719 4382 ruperit,
755 4314 1149 4371 fornicatornm
1205 4330 1381 4385 pinnae
1429 4317 1702 4372 obnoxius
1743 4317 1849 4385 sit;
1901 4330 1955 4375 et
2003 4321 2058 4376 in

483 4419 729 4476 quatuor
772 4407 935 4461 annis
981 4415 1220 4476 quatuor
1261 4407 1600 4478 pmnitentiae
1648 4420 1886 4478 tempora
1943 4426 2062 4480 per-

490 4506 736 4551 transeat
774 4512 928 4576 :uno
968 4497 1189 4568 quidem
1228 4514 1372 4553 anno
1414 4514 1524 4568 prie
1566 4501 1777 4558 foribus
1808 4505 2057 4560 ecclesiae
2083 4499 2134 4560 D

488 4589 701 4657 lugens,
733 4604 840 4642 uno
865 4578 1007 4644 inter
1049 4588 1328 4646 auditores
1369 4600 1547 4659 stans,
1583 4594 1756 4650 altero
1784 4594 1850 4649 ad
1884 4596 2058 4664 poeni-

489 4681 718 4734 tentiam
760 4690 1090 4750 prostratus,
1124 4690 1178 4736 et
1200 4692 1397 4752 quarto
1443 4695 1594 4738 stans
1622 4702 1747 4739 cum
1782 4686 2056 4755 ﬁdelibus,

483 4771 578 4825 sed
619 4787 648 4826 a
699 4773 877 4827 sacris
928 4775 1204 4843 mysteriis
1247 4776 1568 4841 abstinens;
1616 4795 1793 4848 eoque
1840 4780 2059 4835 demum

480 4872 699 4926 exacto,
723 4864 843 4934 ejus
873 4865 1019 4936 quod
1048 4864 1352 4934 perfectum
1384 4876 1469 4922 est
1499 4872 1775 4941 particeps
1808 4884 1949 4929 esto.

557 5041 744 5097 Canon
769 5053 950 5099 autem
983 5043 1053 5098 50
1094 5060 1188 5099 eos
1215 5045 1307 5115 qui
1343 5047 1601 5102 mulieres
1641 5024 1878 5119 rapiunt,
1932 5054 2059 5124 qui-

486 5151 596 5202 que
646 5135 793 5203 ipsos
842 5137 1048 5191 auxilio
1097 5137 1315 5207 juvant,
1360 5138 1596 5195 triennio
1657 5152 1811 5197 extra
1866 5160 2058 5215 preca-

486 5225 662 5280 tiones
707 5241 849 5288 esse,
883 5235 937 5281 et
966 5229 1108 5282 inter
1157 5228 1435 5285 auditores
1482 5232 1783 5290 consistere
1844 5238 2056 5294 statuit.

484 5317 644 5384 Quod
677 5319 723 5373 si
769 5319 984 5384 mulier,
1032 5320 1232 5389 inquit,
1259 5321 1449 5378 volens
1481 5324 1718 5395 seipsam
1751 5329 2059 5396 tradiderit,

484 5427 610 5465 cum
638 5426 740 5466 nec
763 5420 1013 5480 stuprum
1040 5415 1405 5482 praecesserit,
1427 5419 1574 5486 quod
1606 5421 1827 5490 proprie
1857 5423 1925 5479 de
1948 5425 2063 5478 vir~

478 5503 711 5571 sinibus
758 5503 983 5566 dicitur,
1011 5520 1112 5559 nec
1142 5507 1373 5572 furium,
1425 5509 1527 5566 hoc
1562 5522 1645 5567 est
1685 5514 2061 5573 clandestinus

486 5595 833 5662 concubitus,
881 5596 975 5663 qui
1039 5595 1181 5652 lianc
1224 5602 1516 5670 acceperit.
1565 5607 1743 5674 poenis
1780 5622 1812 5662 a
1851 5624 2061 5665 canone

488 5686 713 5752 inﬂictis
753 5704 863 5744 non
903 5689 1010 5743 erit
1039 5689 1332 5758 obnoxius,
1372 5695 1571 5766 quippe
1602 5698 1751 5766 quod
1792 5702 1938 5759 nulla
1976 5703 2059 5758 vis

490 5781 865 5837 intercesserit
894 5798 906 5835 :
933 5790 987 5835 et
1027 5784 1296 5855 praecipue
1330 5785 1372 5841 si
1417 5787 1500 5843 sui
1534 5786 1697 5857 juris,
1737 5792 1898 5847 vidua
1938 5793 2053 5852 for-

2170 1933 2415 2003 ἀγωγῆς,
2463 1935 2720 2007 δίδοταιή
2752 1936 2915 2007 ποινὴ
2940 1952 2956 1967 ·
2991 1937 3134 2006 μετά
3163 1936 3221 1990 δὲ
3258 1934 3352 1989 τὸν
3385 1935 3699 2004 ὲνιαυτδν,τδ

2171 2027 2405 2096 πρᾶγμα
2434 2026 2596 2098 μόνον
2616 2028 2713 2082 καὶ
2742 2030 2793 2082 oi
2818 2030 3042 2098 καρποί.
3431 2053 3443 2061 ι

2249 2114 2309 2167 '0
2338 2114 2600 2184 ἁρπάζων
2633 2117 2759 2185 γῆν,
2789 2118 2822 2189 ἢ
2876 2117 3188 2189 μετατιθεὶς
3227 2119 3375 2192 ὅρια,
3408 2121 3590 2193 διπλῆν
3620 2121 3699 2195 τὴν

2170 2204 2425 2277 ἁρπαγὴν
2458 2208 2806 2267 ἀποδίδωσιν.

2242 2300 2303 2352 υἱ
2337 2298 2459 2366 μεθ’
2508 2300 2688 2355 ὃπλων
2750 2304 3019 2368 ἐπιόντες.
3077 2309 3176 2362 καὶ
3226 2308 3545 2381 πορθοῦντες
3577 2306 3700 2361 ἀλλο-

2167 2390 2350 2461 τρίους
2414 2392 2595 2456 οἴκους
2632 2393 2668 2463 ἢ
2699 2395 2921 2467 ἀγροὺς,
2956 2398 3038 2462 είς
3071 2399 3318 2470 κεφαλὴν
3343 2397 3697 2477 τιμωροῦνται.

2168 2551 2417 2606 ΚΕΦΑΛ.
2467 2551 2564 2609 lI".
2616 2553 2758 2623 Περὶ
2813 2552 2934 2608 τῶν
2969 2555 3367 2637 ρρπαζόντων
3422 2556 3515 2615 ἐπὶ
3564 2559 3698 2630 γάμῳ

2807 2640 3124 2696 rerumne.

2249 2758 2309 2813 '0
2342 2757 2409 2815 ια’
2440 2762 2626 2816 κανὼν
2655 2762 2755 2833 τῆς
2799 2764 2861 2817 ὲν
2901 2764 3147 2838 Ἀγκύρῃ
3202 2768 3426 2822 συνόδου
3470 2770 3561 2834 τὰς
3593 2787 3699 2840 μνη-

2171 2856 2487 2920 στευθείσας
2518 2857 2690 2928 κόρας
2720 2858 2883 2926 τισὶν,
2915 2855 3018 2914 εἷθ’
3048 2860 3143 2914 ὑπ’
3168 2861 3350 2917 ἄλλων
3378 2862 3695 2934 ἀρπαγείσις,

2168 2948 2219 3001 εί.
2250 2950 2342 3003 καὶ
2394 2952 2731 3023 παρανόμως
2772 2951 2945 3016 αύτάς
3001 2954 3319 3023 ἐϐιάσαντο,
3376 2956 3573 3011 κελεύει
3608 2959 3700 3019 τοῖς

2170 3045 2671 3121 μνηστευσαμένοις
2687 3043 2847 3110 αὖθις
2868 3049 3370 3113 ἀποκαθίστασθαι,
3394 3050 3503 3120 εἴγε
3528 3050 3698 3122 αίροίν-

2095 3159 2139 3220 c
2169 3157 2231 3193 το
2262 3138 2505 3205 δηλονότι
2547 3137 2749 3203 ταύτας
2800 3138 2988 3195 λαὸείν
3007 3155 3022 3170 ⁶
3052 3142 3279 3206 ἄκοντες
3310 3142 3421 3215 γάρ
3447 3144 3541 3197 ούκ
3566 3144 3698 3208 ἀνατ-

2169 3230 2556 3300 κασθήσονται.

2250 3323 2311 3376 '0
2343 3320 2401 3374 δὲ
2437 3321 2533 3374 τοῦ
2556 3322 2799 3391 μεγάλου
2821 3324 3105 3378 Βασιλείου
3144 3324 3251 3395 κβν,
3283 3325 3363 3379 Οὐ
3391 3325 3512 3398 χρὴ,
3542 3326 3696 3396 φησὶν,

2166 3419 2244 3482 είς
2277 3418 2569 3489 μετάνοιαν
2616 3419 2943 3489 προσίεσθαι
2974 3421 3067 3473 τὸν
3096 3422 3155 3489 ἐξ
3190 3422 3453 3492 ἁρπαγῆς
3480 3421 3699 3490 είληφότι

2165 3513 2424 3579 γυναῖκα,
2460 3512 2591 3582 πρὶν
2633 3510 2699 3564 ἂν
2731 3510 2935 3580 ταύτης
2966 3512 3240 3585 ἀφαιρεθῇ
3263 3529 3278 3545 °
3319 3514 3414 3570 καὶ
3460 3514 3507 3566 εί
3538 3512 3624 3583 μὲν
3645 3507 3699 3581 ἦν

2165 3603 2677 3674 προμνηστευθεῖσά
2706 3620 2834 3668 τινι,
2861 3604 3055 3674 ἐκείνῳ
3087 3606 3169 3667 είς
3216 3605 3466 3670 ἐξουσίαν
3497 3603 3701 3659 ἀποκαθ-

2167 3695 2439 3761 ίστασθαι,
2499 3696 2615 3765 είγε
2669 3695 2960 3768 βουληθείη
3023 3697 3229 3769 ταύτην
3284 3698 3504 3753 λαϐεῖν·
3568 3699 3611 3750 εί
3650 3696 3697 3749 δὲ

2167 3789 2337 3858 μήπω
2356 3788 2463 3842 τινὶ
2494 3790 3003 3859 προμεμνήστευτο.
3032 3789 3171 3860 πρὸς
3197 3792 3329 3856 τοὺς
3352 3792 3536 3860 γονέας
3558 3792 3698 3843 errav-

2168 3876 2328 3942 ιέναι,
2360 3877 2393 3950 ἢ
2428 3878 2521 3931 καὶ
2558 3877 2733 3941 ἄλλως
2758 3879 2883 3933 καθ’
2913 3874 3055 3950 αἷμα
3100 3881 3272 3953 ταύτῃ
3323 3882 3695 3952 προσήκοντας·

2163 3965 2266 4020 κᾶν
2297 3968 2397 4037 μὲν
2442 3967 2671 4021 ἕλωνται
2716 3961 2889 4034 οὗτοι,
2919 3971 3280 4042 συναινούσης
3315 3972 3585 4040 κάκείνης,
3618 3969 3699 4039 τὴν

2170 4056 2394 4125 κηδείαν
2422 4055 2518 4110 τοῦ
2544 4056 2815 4129 ἅρπαγος,
2843 4058 2904 4113 τδ
2933 4060 3269 4133 συνοικέσιον
3299 4060 3543 4117 ἵστασθαι
3564 4077 3577 4091 ·
3603 4057 3700 4112 ur

2167 4141 2287 4213 οὖν,
2328 4146 2404 4218 μὴ
2441 4148 2751 4220 βιάζεσθαι.
2790 4150 2851 4204 '0
2888 4151 3077 4221 μέντοι
3129 4153 3476 4224 συμφθαρεὶς
3515 4152 3699 4222 γυναικὶ

2161 4236 2261 4294 εἶτ’
2289 4236 2384 4294 οὖν
2435 4239 2715 4310 λαθραίως
2744 4242 2971 4314 ἑκούσῃ,
3005 4241 3104 4298 εἶτ’
3143 4240 3239 4299 οὖν
3274 4246 3608 4317 βιασάμενος,
3636 4243 3699 4312 τῷ

2159 4330 2271 4386 τῶν
2329 4334 2705 4403 πορνευόντων
2741 4335 3005 4406 ἀπιτιμίῳ
3057 4335 3446 4391 ὗποὸαλλέσθω
3471 4352 3485 4368 ο
3519 4337 3602 4390 καὶ
3651 4335 3699 4386 ιν

2160 4423 2424 4495 τέσσαρσι
2455 4423 2671 4495 χρόνοις
2701 4424 2828 4488 τοὺς
2870 4425 3146 4496 τέσσαρας
3189 4428 3391 4492 τόπους
3438 4423 3699 4496 διερχέσθω

2161 4514 2258 4580 τῆς
2282 4512 2592 4582 μετανοίας,
2625 4512 2706 4567 ἐνὶ
2733 4513 2830 4584 μὲν
2853 4512 2959 4580 ἔξω
2988 4516 3086 4585 τῆς
3108 4515 3277 4587 θύρας
3308 4517 3404 4570 τοῦ
3434 4514 3534 4570 νεὼ
3558 4529 3698 4584 προσ,

2120 4664 2125 4667 μ
2163 4606 2385 4671 κλαίων,
2416 4608 2496 4660 ἑνὶ
2525 4607 2572 4660 δ’
2607 4605 2980 4678 ἀκροώμενος,
3019 4609 3191 4679 ἑτέρῳ
3236 4609 3283 4662 δ’
3310 4611 3392 4671 είς
3442 4609 3698 4678 μετάνοιαν

2163 4697 2510 4763 ὑποπίπτων,
2541 4698 2618 4768 τῷ
2646 4699 2704 4752 δὲ
2736 4699 2983 4771 τετάρτῳ
3032 4704 3146 4763 τοῖς
3180 4701 3282 4770 μὲν
3338 4704 3544 4762 πιστοῖς
3576 4712 3698 4750 συνι·

2163 4792 2450 4862 στάμενος,
2512 4792 2620 4847 τῶν
2669 4793 2728 4847 δὲ
2779 4794 2942 4847 θείων
2994 4793 3331 4866 ἀπεχόμενος
3374 4794 3694 4866 μυστηρίων*

2160 4884 2449 4953 ὲξήκοντος
2509 4885 2567 4940 δὲ
2632 4887 2729 4940 καὶ
2778 4887 2997 4954 τούτου,
3034 4888 3337 4960 τηνικαῦτα
3379 4888 3473 4941 τοῦ
3518 4886 3693 4940 τελείου

2159 4979 2500 5048 τυγχανέτω.
2664 4976 2677 4987 ’

2242 5066 2303 5119 ’0
2334 5067 2390 5121 δὲ
2426 5066 2469 5119 λ’
2494 5068 2620 5133 τοὺς
2647 5069 2990 5138 ἁρπάζοντας
3014 5072 3304 5139 γυναῖκας,
3332 5072 3422 5125 καὶ
3449 5072 3567 5133 τοὺς
3590 5083 3694 5121 συν·

2161 5159 2462 5229 εργοῦντας
2520 5162 2728 5225 αὐτοῖς,
2771 5162 2866 5214 ἐπὶ
2916 5164 3163 5233 τριετίαν
3218 5164 3408 5236 πόρρω
3461 5161 3553 5233 μὲν
3603 5157 3694 5212 τῶν

2160 5252 2357 5325 εὐχῶν,
2393 5253 2532 5324 μετὰ
2584 5254 2642 5309 δὲ
2670 5254 2780 5308 τῶν
2817 5256 3187 5325 ἀκροωμένων
3244 5255 3491 5310 ἵστασθαι
3517 5249 3694 5307 κατεδί-

2162 5361 2350 5397 κασεν.
2394 5345 2455 5397 Εί
2481 5345 2668 5413 μέντοι
2701 5344 2928 5412 ἑκοῦσα,
2957 5347 3142 5417 φησὶν.
3173 5347 3494 5401 ἐπιδέδωκεν
3523 5341 3693 5409 ἑαυτὴν

2126 5472 2129 5473 ⁷
2156 5435 2193 5505 ’ἢ
2223 5433 2382 5505 Υυνῆν
2414 5437 2553 5504 μήτε
2594 5434 2802 5507 φθορᾶς
2827 5438 3317 5509 προηγησαμένης,
3343 5438 3464 5509 ητις
3492 5436 3575 5488 ἐπὶ
3602 5430 3693 5485 τῶν

2163 5526 2448 5595 παρθένων
2484 5526 2689 5598 κυρίως
2739 5526 2982 5596 λέγεται,
3035 5530 3173 5600 μήτε
3209 5530 3321 5601 μὴν
3368 5528 3580 5597 κλοπῆς.
3618 5524 3693 5576 λα’

2161 5618 2356 5689 θραίας
2379 5619 2546 5674 οἱονεὶ
2571 5618 2794 5690 μίξεως,
2823 5620 3116 5685 ἀνεύθυνος
3139 5623 3168 5675 ὁ
3187 5625 3396 5696 ταύτην
3420 5621 3584 5679 λαβὼν
3601 5615 3689 5670 τῶν

2161 5707 2226 5760 ὲκ
2254 5706 2349 5760 τοῦ
2382 5708 2605 5772 κανόνος
2634 5710 2949 5781 ἂπιτιμίων,
2987 5706 3077 5766 οἷα
3110 5714 3186 5785 μὴ
3223 5714 3344 5786 βίας
3395 5705 3690 5786 μεσολαόού-

2163 5815 2264 5868 σης
2289 5816 2301 5830 ·
2355 5801 2445 5854 καὶ
2498 5801 2755 5871 μάλιστα,
2803 5806 2853 5861 εἰ
2887 5803 3214 5871 αὐτεξουτία
3244 5806 3528 5878 ἐτύγχανεν
3556 5797 3683 5863 οὖσα,
