3902 6552
177 409 299 475 1089

1107 407 1521 470 SYNTAGMA
1558 405 2183 468 ALPHABETICUM.
2219 433 2286 442 -·
2323 409 2394 466 Α.

3273 413 3410 476 1ῗ90

175 521 402 574 ΚΕΦΛΛ.
442 517 544 574 IE'.
579 517 711 589 Περὶ
742 516 1071 594 ἀρχόντων,
1120 524 1370 588 ὁποίους
1433 520 1527 574 δεῖ
1565 518 1717 575 εἶναι

1835 519 1978 576 CAP.
2000 519 2210 578 XV.De
2240 522 2664 594 magistratibus,
2699 521 2880 592 quales
2901 537 2986 578 eos
3023 537 3133 578 esse
3147 534 3408 594 oporteat.

667 592 942 656 τούτους.
982 595 1190 662 Νόμοι.

228 702 312 752 Δεί
333 701 422 754 τὸν
448 703 688 775 ἄρχοντα
730 704 830 776 τὴν
861 705 1032 773 θείαν,
1061 706 1135 770 ὡς
1165 702 1276 760 οἷόν
1305 719 1386 770 τε,
1435 704 1598 773 φύσιν
1641 721 1727 772 μι-

172 799 387 868 μεῖσθαι,
414 798 511 848 καὶ
547 791 688 851 εἶναι
738 797 875 868 πρὸς
911 798 1126 852 ἅπαντα
1171 797 1462 867 συμπαθῆ,
1497 795 1726 865 ἀμνησί-

169 908 334 948 κακον,
357 887 706 952 ἀνεξίκακον,
746 889 1040 958 ἀόργητον,
1063 889 1554 958 ἁπροσωπόλητον,
1589 887 1724 940 duiut-

169 982 460 1053 ροδόκητον,
493 980 591 1033 καὶ
622 980 698 1051 μὴ
720 981 962 1050 εὐχερῶς
996 982 1131 1051 μηδὲ
1152 981 1528 1046 ἀνεξετάστως
1550 978 1728 1030 διαϐο-

167 1075 270 1136 λαῖς
299 1073 388 1124 καὶ
414 1071 714 1140 λοιδορίαις
743 1071 1031 1125 πείθεσθαι
1050 1086 1065 1102 ’
1091 1075 1156 1126 ἐκ
1185 1072 1295 1142 γάρ
1327 1072 1419 1124 105
1450 1070 1724 1124 δουλεύειν

164 1163 244 1216 τὸν
301 1163 538 1233 ἄρχοντα
589 1162 702 1223 τοῖς
756 1163 1025 1226 ἐναντίοις
1072 1163 1178 1216 τῶν
1245 1160 1724 1233 ἀπηριθμημένων

162 1258 352 1322 ἀρετῶν
412 1255 651 1322 πάθεσι,
704 1254 896 1307 πολλοὶ
951 1253 1216 1320 πολλάκις
1275 1253 1476 1314 ἀδίκως
1543 1250 1726 1305 κινδυ-

161 1347 335 1401 νεύουσ
351 1361 388 1401 ι.

216 1529 343 1599 Τρία
367 1528 768 1598 χαρακτηρίζει
813 1529 906 1584 τὸν
937 1529 1114 1600 άληθῆ
1145 1530 1404 1602 ἄρχοντα,
1443 1530 1502 1584 τὸ
1527 1547 1723 1584 ταπει-

157 1621 233 1675 νὸν
259 1619 386 1688 πρὸς
413 1622 543 1682 τοὺς
573 1622 986 1692 ἀφιερωμένους
1010 1621 1151 1692 Θεῷ,
1191 1623 1252 1675 τὸ
1278 1621 1489 1676 ἁπλοῦν
1515 1625 1572 1676 ὲν
1601 1625 1722 1688 ταῖς

157 1710 434 1781 τραπέζαις
485 1713 584 1765 καὶ
619 1713 1048 1783 εύμετάϐλητον,
1083 1713 1178 1767 καὶ
1219 1714 1278 1767 τὸ
1322 1715 1722 1784 άπροσωπόλη·

157 1819 272 1855 πτον
301 1805 358 1855 ἐν
383 1807 506 1867 ταῖς
535 1803 758 1874 κρίσεσι
783 1806 878 1859 καὶ
899 1805 1331 1875 ἀδωροδόκητον,

224 1894 276 1947 '0
323 1895 510 1964 ἄρχων
576 1897 930 1961 εύέντευκτος
993 1897 1136 1951 ἔστω
1191 1901 1306 1960 τοῖς
1374 1898 1720 1969 προσιοῦσιν,

154 1987 273 2042 ἀλλὰ
305 1988 378 2056 μὴ
410 1988 926 2059 εὐκαταφρόνητος,
976 1988 1072 2042 καὶ
1126 1990 1202 2060 μὴ
1240 1988 1422 2056 ὲξίσου
1461 1991 1725 2060 ἀναστρε-

154 2078 318 2150 φέσθω
359 2081 474 2142 τοῖς
513 2079 866 2150 ἀρχομένοις,
926 2080 1020 2134 καὶ
1067 2082 1142 2152 μὴ
1191 2081 1434 2152 δηλούτω
1488 2085 1554 2152 τῇ
1601 2081 1722 2152 ὄψει

155 2173 300 2225 ἐλεῶν
339 2172 370 2241 ἦ
419 2170 788 2244 ὀργιζόμενος
812 2188 828 2204 ο
865 2176 1006 2242 μετά
1046 2178 1367 2246 φρονήσεως
1399 2179 1541 2231 ἔστω
1577 2179 1721 2248 πρὸς

153 2266 263 2328 τοὺς
317 2267 689 2337 συνηγῢρσυς,
737 2269 830 2320 καὶ
890 2268 968 2339 μὴ
1009 2269 1249 2340 δεχέσθω
1299 2271 1425 2334 τοὺς
1481 2271 1724 2326 κεκωλυ-

157 2359 352 2427 μένους.

236 2447 482 2520 Υπαρχοι
523 2451 583 2504 δὲ
629 2453 880 2520 λέγονται
915 2453 965 2506 οί
1004 2452 1114 2506 τῶν
1156 2453 1435 2523 ἐπαρχιῶν
1468 2453 1723 2526 ἐξάρχον-

154 2552 230 2600 τες
249 2554 262 2567 ·
291 2539 537 2610 ἔπαρχος
565 2541 642 2608 δὲ,
671 2541 699 2592 ό
727 2545 820 2612 τῆς
849 2543 1505 2608 Κωνσταντινουπόλεως.

213 2651 453 2710 ΚΕΦΔΛ.
491 2655 614 2732 lq'.
644 2655 786 2724 napi
811 2653 927 2709 τῶν
953 2655 1023 2710 ἐν
1054 2655 1292 2725 ἁφέδρῳ
1321 2660 1647 2726 γυναικῶν.

223 2767 277 2822 '0
301 2769 458 2838 ἅγιος
499 2771 838 2841 ίερομάρτυς
878 2770 1314 2843 ’Ᾱ).εξανδρείας,
1349 2774 1407 2824 ὲν
1435 2773 1514 2842 τῷ
1549 2773 1593 2842 β’
1625 2791 1722 2826 κα-

154 2857 270 2926 νόνι,
304 2863 398 2926 τὰς
445 2863 507 2914 ὲν
561 2863 780 2934 άφέδρῳ
810 2861 980 2926 οὔσας
1031 2863 1140 2916 τῶν
1191 2863 1473 2932 γυναικῶν
1509 2865 1719 2917 κελεύει

158 2951 222 3020 μὴ
245 2954 531 3022 προσιέναι
560 2957 629 3024 τῇ
656 2954 780 3026 θείᾳ
815 2954 1090 3026 τραπέζῃ,
1124 2956 1259 3026 μηδὲ
1292 2956 1401 3008 τῶν
1431 2956 1719 3024 άχράντων

155 3050 410 3099 κοινωνεῖν
436 3047 760 3118 μυστηρίων
780 3062 794 3076 °
825 3049 948 3101 οὐδὲ
971 3054 1084 3118 γάρ
1119 3050 1152 3119 ἡ
1177 3050 1553 3120 αἱμορροοῦσα
1579 3050 1720 3120 ψαῦ-

156 3152 233 3189 σαι
252 3136 341 3189 τοῦ
367 3138 580 3209 Κυρίου
609 3139 934 3210 τετόλμηκε,
970 3140 1108 3212 πλὴν
1138 3140 1234 3193 105
1265 3143 1575 3212 κρασπέδου
1607 3144 1716 3196 τῶν

156 3229 299 3283 αὑτοῦ
339 3233 612 3300 ίματίων’
668 3233 985 3304 μεμνῆσθαι
1033 3233 1091 3286 δὲ
1125 3235 1222 3288 τοῦ
1269 3235 1567 3301 Δεσπότου,
1622 3238 1718 3290 καὶ

157 3321 382 3392 βοηθείας
415 3324 632 3378 δεῖσθαι
657 3328 841 3395 τυχεῖν
869 3326 990 3379 καθ’
1021 3327 1242 3391 ἑαυτάς,
1278 3326 1420 3380 οὕτω
1441 3328 1719 3398 διακειμέ-

159 3429 254 3477 νας,
281 3417 676 3486 ἀνεπίφθονον
702 3420 815 3480 τοῖς
843 3417 901 3470 δὲ
927 3418 1037 3470 τῶν
1071 3419 1244 3486 ἁγίων
1279 3419 1506 3487 Ἀγίοις,
1534 3419 1611 3490 τῷ
1642 3419 1716 3491 μὴ

161 3505 308 3576 πάντη
336 3508 589 3579 καθαρῷ,
613 3509 909 3579 ἐπισφαλὲς
931 3513 1214 3580 προσιέναι
1233 3513 1329 3563 καὶ
1352 3513 1714 3564 ἐπικίνδυνον*

157 3596 205 3649 ἐν
231 3600 436 3670 ἀφέδρῳ
483 3600 544 3653 δέ
570 3617 736 3670 φησιν
764 3596 906 3654 εἶναι
955 3603 1055 3665 τὰς
1097 3603 1200 3655 ὑπὸ
1227 3603 1327 3673 τῆς
1368 3604 1577 3672 ῥύσεως
1607 3605 1714 3660 τῶν

158 3690 392 3760 ἐμμήνιιιν
421 3695 843 3760 ὲνοχὶουμένας,
876 3693 1026 3763 παρὰ
1059 3696 1119 3748 τὸ
1163 3695 1511 3765 κεχωρῆσθαι
1547 3699 1717 3761 αὐτάς

155 3777 238 3846 τῆς
263 3779 365 3832 τῶν
390 3781 599 3833 λοιπῶν
626 3781 810 3850 ἕδρας,
843 3781 916 3844 ὡς
945 3784 1287 3853 ἀκαθάρτους
1306 3801 1320 3815 ο
1358 3788 1414 3836 at
1458 3785 1568 3856 γάρ
1609 3786 1716 3838 τῶν

165 3865 408 3938 Ἐϐραίων
436 3875 723 3940 γυναῖκες,
750 3873 909 3926 10510
952 3877 1280 3944 πάσχουσαι,
1326 3877 1383 3928 ἐν
1419 3875 1534 3945 ἰδίῳ
1567 3877 1718 3948 τόπῳ

157 3962 440 4030 καθήμεναι
469 3965 864 4034 ἡσυχάζουσιν,
895 3965 1001 4028 ἕως
1030 3965 1097 4019 ἂν
1129 3967 1332 4036 ἡμέραι
1371 3967 1717 4038 παρέλθωσιν

157 4050 296 4116 tm,
328 4057 420 4109 καὶ
469 4057 505 4126 ή
551 4056 660 4109 τῶν
712 4057 978 4126 ἐμμήνων
1029 4057 1305 4127 παύσηται
1350 4059 1538 4127 ῥύσις·
1580 4057 1717 4111 ἀλλὰ

155 4143 248 4213 γὰρ
274 4147 606 4200 αἱτοιαῦται
644 4146 707 4200 τὸ
753 4147 848 4201 νῦν
879 4143 1038 4214 εῖναι,
1075 4149 1174 4218 οὐχ
1201 4149 1350 4213 ὅπως
1382 4150 1476 4203 105
1522 4151 1713 4205 θυσια-

158 4238 379 4305 στηρίου,
414 4243 498 4295 εἰς
525 4240 662 4309 ὅπερ
693 4240 864 4293 πάλαι
885 4241 1108 4302 ταύταις
1139 4243 1319 4310 ἐφεῖτο
1349 4243 1714 4314 είσέρχεσθαι,

156 4330 272 4384 ἀλλὰ
301 4336 391 4388 καὶ
424 4335 523 4388 105
548 4337 673 4397 νεὼ,
705 4339 798 4390 καὶ
823 4336 917 4390 105
942 4337 1046 4404 πρὸ
1080 4337 1173 4391 105
1201 4338 1304 4391 νεὼ
1331 4340 1494 4393 τόπου
1521 4340 1716 4394 ἐκϐάλ-

156 4417 337 4483 λοντάι.

216 4517 363 4571 Καὶὸ
408 4525 465 4584 ς’
502 4520 789 4590 Τιμοθέου,
825 4520 936 4584 Τὰς
965 4519 1134 4585 οὕτως
1164 4522 1393 4593 ἐχούσας
1437 4523 1548 4576 τῶν
1613 4539 1715 4593 γυ-

158 4611 360 4675 ναικῶν,
417 4612 553 4680 πρὶν
591 4613 963 4683 καθαρθῆναι,
1017 4615 1310 4685 ἀθέμιτον,
1379 4616 1536 4686 φησι,
1608 4615 1718 4670 τῶν

158 4697 300 4756 θείων
334 4706 614 4757 κοινωνεῖν
647 4705 982 4775 μυστηρίων.

820 4820 1038 4889 Νόμος.

228 4955 285 5009 Ἦ
313 4957 368 5011 δὲ
399 4958 467 5023 ιζ’
490 4959 680 5026 Νεαρά
717 4959 810 5013 τοῦ
847 4958 1110 5029 βασιλέως
1146 4960 1372 5022 Λέοντος
1404 4958 1499 5014 105
1525 4957 1715 5029 σοφοῦ,

169 5042 458 5117 ὐρὶζομεν,
490 5050 648 5120 φησὶ,
669 5051 799 5120 περὶ
821 5049 926 5104 τῶν
947 5051 1219 5106 τεκουσῶν
1245 5049 1541 5118 γυναικῶν,
1570 5051 1626 5104 αἲ
1649 5052 1716 5121 τῇ

163 5143 346 5210 φυσικῇ
378 5141 742 5211 καθαίρεσθαι
767 5142 992 5196 εἰώθασι
1025 5141 1204 5213 ῥύσει,
1241 5143 1433 5210 ἑτέρας
1485 5142 1562 5211 μὴ
1593 5143 1716 5194 ἑπι-

164 5234 399 5303 κειμένης
448 5235 640 5295 αὑταῖς
689 5233 1033 5287 ἐπικινδύνου
1080 5233 1388 5297 ἀσθενείας,
1449 5232 1610 5302 μέχρι
1660 5236 1717 5301 μ’

165 5321 364 5391 ἡμερῶν
388 5325 800 5396 ὑπερτίθεσθαι,
830 5326 928 5387 τάς
962 5327 1064 5396 μὲν
1091 5325 1417 5388 ἀτελέστους
1443 5325 1502 5376 τὸ
1543 5325 1715 5394 φώτι-

166 5428 285 5480 σμα,
311 5417 407 5479 τὰς
429 5417 484 5469 δὲ
516 5419 1107 5487 μεμυσταγωγημὲνας
1153 5417 1252 5488 τὴν
1281 5417 1390 5469 τῶν
1422 5416 1580 5468 θείων
1614 5434 1715 5486 μυ-

167 5509 385 5575 στηρίων
449 5509 784 5579 μετάληψιν·
843 5511 1153 5580 νοσήματος
1213 5509 1270 5562 δέ
1325 5525 1466 5570 τινος
1523 5509 1715 5570 αὑταῖς

167 5603 618 5672 κατασκήψαντος,
665 5605 758 5655 καὶ
793 5601 890 5672 τὴν
928 5600 1314 5672 καταστροφὴν
1363 5599 1715 5662 ἀπειλοῦντος

165 5691 246 5742 τἰύ
295 5695 425 5762 βίου,
482 5696 577 5757 τὰς
632 5694 730 5763 μὲν
783 5695 878 5746 105
934 5694 1283 5762 φωτίτματος
1322 5694 1417 5756 τὰς
1479 5691 1558 5756 δὲ,
1603 5692 1712 5744 τῶν

166 5782 496 5853 amatam,
524 5787 682 5848 εὐθὺς
708 5787 857 5850 άξιοῦ
872 5787 1007 5838 τίλας.

2529 593 2711 662 Leges.

1901 701 2074 756 Debet
2122 701 2476 772 magistratus
2522 701 2765 756 divinam
2816 711 3090 766 naturam,
3132 712 3402 773 quantum

1828 794 2089 863 possibile
2128 804 2232 860 εει,
2280 793 2506 858 imitari,
2561 803 2614 848 et
2653 810 2781 865 erga
2835 810 3023 850 Omnes
3085 795 3400 851 misericors

1827 901 1972 948 esse.
2020 887 2348 956 injuriarum
2385 887 2617 957 patiens,
2647 903 2752 942 non
2786 905 3090 958 propensus
3121 891 3186 942 ad
3239 889 3400 951 iram,

1827 993 2188 1048 personarum
2227 993 2336 1032 non
2368 990 2646 1048 acceptor,
2691 982 3010 1036 muneribus
3043 997 3099 1034 se
3123 981 3406 1052 corrumpi

1829 1085 1934 1122 non
1969 1068 2182 1134 sinetis,
2219 1079 2272 1124 et
2306 1071 2755 1134 accusationibus
2785 1072 3150 1140 comitiisque
3181 1089 3286 1124 non
3320 1071 3406 1124 fa-

1826 1157 1930 1212 cile
1965 1169 2018 1213 et
2046 1160 2165 1214 sine
2197 1161 2603 1216 examinatione
2659 1162 2816 1216 Iidem
2857 1163 3014 1218 dans.
3052 1164 3124 1217 Ex
3161 1181 3225 1217 eo
3254 1166 3400 1218 enim

1827 1251 1970 1320 quod
2003 1253 2367 1322 magistratus
2399 1255 2776 1323 passionibns,
2812 1271 2934 1326 qua!
2953 1256 3248 1308 virtutibus
3268 1271 3404 1307 cnu-

1827 1344 2052 1398 meratis
2083 1347 2372 1400 contraria:
2403 1356 2557 1411 sunt,
2593 1348 2866 1404 obnoxius
2901 1350 2993 1414 sit,
3021 1349 3174 1402 multi
3205 1348 3406 1416 injUste

1825 1452 2205 1505 saepenumero
2243 1439 2293 1493 in
2327 1441 2631 1509 periculum
2667 1442 2888 1496 adducti
2923 1454 3068 1497 sunt.

1897 1529 2036 1583 Tres
2080 1540 2209 1584 sunt
2251 1531 2377 1585 boni
2415 1533 2770 1602 magistratus
2797 1535 3185 1592 characteres:
3219 1540 3404 1595 humi-

1828 1618 1957 1672 litas
2001 1633 2131 1688 erga
2164 1619 2277 1674 Deo
2321 1632 2696 1686 consecratos,
2743 1625 3075 1694 simplicitas
3123 1628 3178 1681 in
3214 1632 3402 1684 convi-

1827 1709 1950 1773 viis,
1983 1709 2036 1764 in
2077 1711 2305 1778 judiciis
2349 1728 2457 1766 non
2487 1715 2760 1783 respicere
2788 1731 3073 1784 personas,
3119 1732 3171 1772 et
3206 1737 3401 1778 mune-

1826 1800 1977 1854 ribus
2013 1818 2120 1856 non
2152 1807 2450 1875 corrumpi.

1895 1893 2246 1965 Magistratus
2301 1899 2370 1953 iis
2397 1899 2491 1968 qui
2545 1898 2609 1952 ad
2645 1916 2767 1952 enm
2805 1901 3119 1966 adveniunt,
3170 1905 3402 1960 aﬂ‘aliilis

1826 1987 1917 2048 sit.
1983 1989 2076 2042 sed
2135 2005 2235 2044 nec
2285 1989 2356 2044 ita
2411 1999 2550 2044 utse
2592 1993 2866 2046 coiitemni
2916 1995 3180 2062 patiatur;
3230 2008 3284 2050 et
3333 2013 3402 2052 nc

1825 2081 2017 2148 atquali
2061 2083 2488 2142 conversatione
2537 2098 2662 2136 cum
2712 2084 3144 2153 provincialibus
3181 2097 3398 2152 utatur;

1827 2186 2000 2238 neque
2047 2171 2201 2225 vultu
2256 2173 2690 2227 misericordiam
2746 2186 2840 2228 aut
2891 2179 3400 2232 eacandescentiam

1825 2263 1858 2330 p
1892 2261 2050 2327 odnt;
2079 2277 2202 2317 cum
2237 2265 2526 2333 prudentia
2561 2277 2808 2322 versetur
2844 2268 2989 2324 circa
3010 2274 3324 2333 advocatos,
3347 2280 3404 2326 et

1823 2353 2136 2421 prohibitos
2169 2370 2234 2409 ne
2261 2357 2534 2411 admittat.

1895 2445 2165 2503 l’raztores
2185 2457 2366 2502 autem
2389 2451 2667 2511 dicuntur,
2689 2450 2782 2520 qui
2809 2453 3101 2518 provinciis
3122 2463 3399 2522 przesunt;

1826 2535 2116 2603 praefectus
2141 2552 2295 2600 Vero,
2332 2540 2423 2608 qui
2450 2542 2947 2609 Constantinopoli.

1827 2646 1978 2703 CAP.
2037 2647 2179 2704 XVI.
2228 2649 2302 2704 De
2347 2652 2654 2707 mulieribus
2701 2671 2821 2723 qua:
2861 2666 2985 2710 sunt
3026 2657 3080 2710 in
3130 2658 3396 2713 abscessu.

1894 2763 2130 2817 Sanctus
2171 2764 2457 2837 Dionysius
2495 2769 2898 2825 Alexandrinus
2925 2780 3148 2841 martyr,
3170 2772 3222 2826 in
3250 2773 3284 2825 2
3305 2788 3400 2826 ca-

1823 2868 1990 2917 none,
2018 2857 2272 2910 mulieres
2312 2874 2433 2926 qua:
2469 2867 2600 2912 sunt
2642 2859 2694 2912 in
2746 2861 3024 2924 abscessu,
3056 2863 3122 2915 ad
3154 2873 3396 2917 sanctam

1820 2959 2064 2998 mensam
2095 2947 2373 3011 accedere,
2392 2955 2448 3002 et
2463 2949 2663 3002 divinis
2682 2951 2954 3020 mysteriis
2971 2950 3078 3022 34
3101 2953 3404 3006 communi-

1821 3049 1945 3090 care
1962 3038 2232 3105 prohibet.
2258 3037 2445 3108 Neque
2467 3040 2612 3094 enim
2631 3057 2749 3109 quae
2767 3044 3051 3110 sanguinis
3072 3041 3220 3096 ﬂuxu
3244 3044 3401 3097 labo-

1819 3129 1995 3192 rabat,
2018 3127 2310 3184 Dominum
2340 3132 2609 3201 attingere
2628 3148 2760 3188 ausa
2779 3143 2880 3201 est,
2907 3137 3000 3190 sed
3026 3135 3197 3189 solam
3231 3135 3400 3190 vesn-

1745 3199 1790 3260 (ἶ
1823 3229 2132 3275 mentorum
2163 3223 2454 3279 limbtiam.
2501 3224 2718 3281 Domini
2758 3238 2939 3282 autem
2976 3227 3314 3292 meminisse,
3345 3237 3401 3283 et

1825 3312 2092 3366 auxilium
2131 3330 2228 3379 pro
2257 3331 2316 3370 se
2351 3333 2416 3370 eo
2447 3319 2608 3372 modo
2632 3318 2842 3374 allectis
2874 3320 3187 3389 implorare,
3216 3334 3400 3388 repre-

1826 3403 2079 3460 hensioni
2129 3425 2236 3461 non
2291 3419 2374 3464 est
2420 3411 2740 3466 obnoxium.
2786 3411 2848 3466 Ei
2891 3426 3097 3477 autem,
3147 3414 3240 3484 qui
3288 3427 3397 3468 non

1823 3499 2141 3554 omnimodo
2181 3516 2349 3569 purus
2377 3515 2478 3566 est,
2518 3505 2582 3557 ad
2625 3505 2822 3561 Sancta
2877 3517 3192 3562 sanctorum
3243 3523 3401 3562 acce-

1825 3590 1972 3654 dere.
2007 3593 2280 3649 lubricum
2302 3609 2385 3650 est
2418 3607 2473 3651 ct
2505 3599 2892 3665 periculosum.
2924 3599 3028 3653 Eas
3055 3613 3237 3654 autent
3263 3599 3400 3655 dicit

1823 3698 1943 3740 esse
1966 3684 2018 3739 in
2043 3688 2324 3752 abscessu,
2353 3705 2477 3758 quae
2514 3702 2918 3745 menstruorum
2954 3690 3101 3744 ﬂuxu
3137 3693 3404 3746 divexan-

1825 3781 2124 3849 tur,,quod
2163 3795 2192 3834 a
2225 3783 2565 3850 reliquorum
2622 3782 2752 3838 sede
2782 3791 2840 3837 ut
2893 3785 3190 3839 immunda:
3236 3800 3400 3855 sepa-

1825 3879 2036 3925 rentur.
2075 3871 2290 3925 Etenim
2340 3873 2621 3928 llebraica:
2656 3874 2919 3928 mulieres
2955 3876 3060 3929 hoc
3102 3891 3294 3944 passae,
3341 3876 3396 3930 in

1825 3962 1945 4015 loco
1977 3963 2187 4032 privato
2210 3965 2486 4029 sedentes,
2509 3968 2742 4036 quietem
2776 3975 2965 4032 agunt,
2991 3967 3164 4022 donec
3189 3977 3398 4036 septem

1822 4051 1941 4107 dies
1968 4055 2356 4123 praeterierint,
2413 4066 2468 4111 et
2501 4066 2910 4112 menstruorum
2956 4058 3137 4114 ﬂuxus
3173 4060 3396 4114 stiterit.

1829 4144 2117 4215 Ejusmodi
2143 4157 2326 4204 autem
2361 4148 2620 4205 mulieres
2663 4165 2812 4206 nunc
2837 4150 3068 4205 seorsim
3099 4159 3288 4222 agunt,
3341 4161 3399 4207 et

1830 4253 1938 4293 non
1983 4238 2160 4292 solum
2205 4241 2274 4293 ab
2313 4239 2472 4296 altari
2507 4240 2597 4313 (ad
2642 4241 2788 4310 quod
2825 4243 2958 4295 olim
3006 4245 3267 4297 accedere
3328 4241 3400 4298 iis

1821 4335 2150 4402 permissum
2187 4339 2298 4405 est)
2333 4336 2426 4390 sed
2475 4346 2528 4391 et
2558 4350 2589 4391 e
2632 4336 2834 4406 templo
2861 4347 2914 4393 et
2971 4337 3156 4408 templi
3183 4339 3399 4407 porticu

1820 4427 2143 4496 ejiciuntur.

1895 4520 1963 4574 Et
1992 4519 2264 4575 Timothei
2310 4534 2482 4574 canon
2534 4520 2568 4576 6
2597 4538 2609 4573 :
2645 4521 2747 4576 Eas
2780 4536 2903 4592 quae
2932 4522 3011 4577 sic
3059 4535 3119 4576 se
3171 4518 3394 4582 habt-nt,

1827 4613 2026 4682 inquit,
2081 4628 2191 4666 non
2243 4613 2391 4679 licet,
2450 4623 2741 4683 antequam
2797 4615 3179 4686 puriticenlur,
3225 4610 3400 4668 sacris

1825 4703 2104 4772 mysteriis
2134 4703 2567 4758 communicare.

2548 4815 2682 4875 Lex.

1895 4949 2119 5008 Novella
2153 4961 2334 5007 autem
2371 4951 2437 5006 Π
2487 4952 2632 5022 regis
2671 4950 2870 5006 Leonis
2912 4950 3212 5022 Sapientis,
3271 4952 3401 5008 Sta-

1820 5045 2050 5111 tuimus,
2085 5045 2283 5114 inquit,
2325 5045 2394 5100 de
2425 5044 2752 5100 mulieribus
2783 5058 2906 5113 quae
2954 5054 3305 5114 pepererunt,
3340 5055 3398 5100 ut

1817 5153 1938 5207 quae
1968 5137 2198 5193 naturali
2236 5136 2500 5205 proﬂuvio
2528 5136 2818 5205 espurgari
2850 5136 3046 5200 solent,
3096 5137 3141 5192 si
3169 5136 3388 5207 quidem

1817 5229 2124 5299 periculosa
2157 5229 2260 5283 alia
2300 5227 2616 5283 infirmitate
2645 5244 2752 5284 non
2801 5228 3080 5293 laborent,
3118 5245 3292 5300 usque
3329 5229 3398 5285 ad

1818 5321 1890 5376 40
1944 5322 2061 5377 dies
2121 5320 2418 5383 dlﬂ‘etant,
2475 5337 2586 5375 non
2636 5321 2860 5376 initiata:
2918 5323 3394 5385 illuminationem,

1824 5416 2052 5469 initiatae
2101 5429 2232 5468 vero
2282 5414 2593 5469 divinorum
2653 5416 3038 5485 mysteriorum
3089 5414 3394 5484 perceptio-

1825 5521 1971 5561 nem.
1995 5505 2151 5571 Quod
2196 5505 2242 5560 si
2281 5505 2501 5560 easdem
2539 5505 2764 5560 morbus
2798 5505 2996 5574 aliquis
3027 5506 3308 5571 invaserit,
3341 5515 3396 5559 et

1827 5600 1948 5653 vitae
1984 5600 2366 5668 abruptionem
2395 5600 2653 5664 minetur,
2689 5599 2795 5654 illa:
2846 5597 3264 5659 illu‘minatione,
3313 5598 3395 5652 hue

1825 5703 2004 5748 autem
2058 5695 2416 5749 sacramentis
2454 5694 2634 5762 dignae
2660 5695 2844 5747 statim
2893 5692 3212 5746 habeantur.
