3902 6578
170 451 295 522 i093
1097 450 1510 518 SYNTAGMA
1552 452 1723 516 ALI‘]

1833 406 2191 522 BETICUM.
2217 482 2282 492 —
2323 460 2392 517 A.
3244 450 3384 516 ποθι

169 571 355 634 τελείας
396 557 761 638 διαγνώσεῶς,
795 568 855 621 οὐ
902 567 1264 640 δέον-ἀνέδην
1304 568 1586 639 προσιέναι
1622 567 1711 620 τὸν

1833 574 1994 619 intem
2022 566 2261 636 perfecta
2305 565 2382 620 rei
2413 562 2652 632 cognitio
2682 560 2968 625 habeatur,
3008 576 3114 615 nou
3168 573 3384 632 oportet

169 662 505 734 ἐφορισθέντα
528 663 594 731 τῇ
620 660 900 730 κοινωνία,
937 659 1074 713 ἀλλά
1101 662 1338 727 καὶτοὺς
1366 659 1586 723 λοιποὺς
1608 658 1714 712 τῶν

1833 671 1941 711 eum
1974 656 2067 725 qui
2098 664 2434 726 segregatur,
2467 653 2531 707 ad
2562 651 3005 708 communionem
3040 652 3385 721 impudenter

169 750 421 822 κληρωτῶν
445 751 504 801 τὸ
528 750 805 821 προσῆκον
831 751 1093 817 νέμοντας
1113 751 1278 815 σέϐας
1307 752 1384 822 τῷ
1412 752 1712 823 ἐπισκόπῳ,

1833 748 2095 802 recedere.
2125 744 2327 816 Utique
2358 757 2409 800 et
2434 745 2628 814 reliqui
2656 743 2840 798 clerici
2865 744 3122 812 episcopo
3145 743 3381 797 debitam

168 847 233 910 ὥς
260 863 318 914 γε
361 843 421 897 es
457 843 554 897 καὶ
598 835 750 907 οὗτος
774 843 958 904 αὐτοῖς
1000 844 1068 897 τὰ
1110 844 1210 913 τῆς
1243 844 1463 914 ἀγάπης
1506 843 1714 911 δίκαια,

1833 837 2178 890 'evet'entiam
2209 836 2558 897 exhibentes,
2595 835 2736 889 sicut
2759 844 2815 889 et
2845 835 2961 904 ipse
2997 835 3064 889 iis
3098 836 3386 890 cliaritatis

166 934 499 1003 ἐπιπλήττειν
549 932 627 1003 τῷ
673 930 1055 1003 ἐπιτιμηθέντι
1105 931 1242 1000 πρὸς
1287 932 1388 1001 τὴν
1435 932 1715 1002 ἐπιτιμίαν

1841 943 1960 991 ura,
1991 943 2115 980 eum
2152 928 2245 996 qui
2286 928 2512 996 punitur
2543 937 2596 982 et
2636 926 2887 982 excussis
2933 926 3161 981 habenis
3194 938 3376 981 contu-

167 1022 519 1093 ἀφηνιάζοντι,
555 1024 748 1093 μέχρις
774 1021 840 1075 ἂν
877 1022 910 1091 ἠ
939 1022 1184 1087 ἐξέτασις
1216 1023 1275 1075 τὸ
1301 1025 1422 1077 δέον
1451 1025 1539 1076 ἐπ’
1567 1023 1717 1092 αὐτῷ

168 1114 481 1188 ψηφίσηταιο
509 1116 537 1168 δ
568 1117 626 1169 δὲ
651 1114 1007 1185 προστίθησιν
1037 1118 1064 1169 ὁ
1096 1114 1297 1182 κανὼν,
1328 1117 1388 1169 τὸ
1423 1116 1520 1188 μὴ,
1558 1117 1716 1186 evan-

167 1208 372 1279 μοῦντος
389 1207 487 1259 τοῦ
506 1207 709 1260 οίκείου
736 1205 1153 1277 μητροπολίτου,
1179 1207 1489 1262 ἀνατιθέναι
1520 1207 1587 1260 τὰ
1611 1207 1716 1277 τῆς

166 1299 455 1363 ὑποθέσεως
488 1299 564 1369 τῷ
585 1297 976 1370 πλησιοχώρῳ,
1007 1298 1067 1353 τὸ
1099 1301 1523 1371 πολιτευόμενον
1548 1300 1716 1355 τανῦν

164 1392 268 1454 ἐθος
291 1390 354 1442 οὐ
387 1389 708 1459 προσίεται.

221 1483 399 1553 Τούτῳ
424 1484 643 1555 συνᾴδει
696 1484 791 1541 καὶ
818 1482 847 1539 ό
886 1485 985 1555 τῆς
1015 1487 1075 1538 ἐν
1105 1485 1435 1559 Καρθαγένῃ
1482 1486 1618 1557 ρλθ’.
1652 1485 1721 1539 Et

165 1592 234 1640 τις
286 1575 415 1645 γὰρ,
469 1576 626 1645 φησὶ.
669 1575 780 1630 τῶν
823 1578 1160 1644 ἐπισκόπων,
1189 1578 1404 1649 ὀργίλος
1440 1578 1536 1641 ὢν,
1579 1579 1716 1652 ὅπερ

163 1669 248 1722 οὐκ
276 1667 398 1733 ἔδει,
425 1669 674 1738 τραχέως
703 1668 947 1738 κινηθεὶς
977 1669 1177 1735 ἐξέωσὲ
1203 1688 1327 1725 τινα
1350 1672 1459 1725 τῶν
1493 1672 1583 1725 ὑπ’
1618 1673 1719 1727 αὑ-

168 1760 238 1812 τὸν
259 1752 534 1829 κληρικῶν
569 1758 664 1815 καὶ
683 1760 784 1830 τῆς
819 1762 1135 1832 ἐκκλησίας.
1161 1763 1255 1817 καὶ
1280 1764 1381 1834 τῆς
1408 1766 1714 1831 κοινωνίας,

1818 1019 2049 1074 maciter
2080 1033 2210 1089 erga
2257 1033 2473 1089 pmnam
2529 1035 2588 1074 se
2634 1020 2795 1089 gerit.
2844 1019 3163 1087 corripiant,
3211 1019 3387 1072 donec

1817 1111 2151 1166 examinatio
2174 1112 2240 1165 de
2263 1126 2329 1166 eo
2356 1121 2560 1166 statuat
2592 1111 2736 1181 quod
2760 1121 2996 1181 Oportet.
3022 1111 3175 1177 Quod
3204 1122 3387 1164 autem

1818 1203 1968 1258 addit
2004 1217 2205 1269 canon,
2251 1204 2441 1267 licere,
2485 1204 2711 1258 absente
2755 1205 3204 1273 metropolitano,
3256 1201 3381 1254 vici-
3490 1220 3493 1223 π

1817 1298 1958 1351 niori
1981 1297 2240 1367 episcopo
2263 1312 2377 1352 rem
2400 1298 2466 1352 de
2486 1314 2589 1364 qua
2610 1299 2807 1367 agitur
2826 1298 3185 1360 committere,
3215 1296 3385 1351 nostri

1817 1388 2084 1456 temporis
2119 1387 2462 1443 consuetudo
2500 1388 2610 1442 non
2637 1389 2899 1442 admittit.

1888 1478 2026 1535 Huic
2051 1482 2292 1536 concinit
2321 1483 2485 1535 etiam
2525 1482 2624 1537 159
2657 1496 2782 1536 can.
2818 1496 2944 1549 syn.
2975 1481 3292 1549 Carthagin.
3332 1477 3388 1532 Si

1818 1575 1945 1643 quis
1976 1574 2146 1641 enim,
2178 1575 2373 1645 inquit,
2409 1577 2703 1645 episcopus
2750 1574 2815 1628 ad
2866 1575 3205 1629 iracundiam
3266 1586 3387 1640 pro-

1817 1682 2045 1738 pensus,
2083 1668 2227 1738 quod
2274 1669 2389 1723 neri
2424 1683 2529 1723 non
2562 1675 2797 1738 oportet,
2844 1666 3026 1720 subito
3054 1673 3388 1728 commotus,

1821 1761 2058 1829 aliquem
2100 1777 2162 1814 ex
2220 1761 2436 1816 clericis
2488 1761 2591 1815 sibi
2630 1759 2894 1830 subjectis
2944 1758 3013 1813 ab
3063 1756 3293 1812 ecclesia
3338 1764 3392 1810 et

162 1852 479 1921 προνοητέον
525 1854 724 1922 μήπως
760 1852 961 1917 ἀδίκως
999 1855 1029 1907 6
1078 1855 1422 1925 ἐπιτιμηθεὶς
1455 1858 1715 1928 ἐκσέσλη-

1833 1852 2205 1908 :ommuniouc
2234 1853 2524 1919 expulerit.
2562 1853 2864 1907 cavendum
2895 1860 3002 1918 est,
3043 1865 3110 1905 ne
3159 1850 3251 1919 qui
3288 1862 3391 1918 pu-

162 1959 269 1997 ται·
306 1943 491 1998 ἄδειαν
519 1943 810 2014 τοιγαροῦν
839 1946 1010 2016 ἐχέτω
1034 1947 1149 2009 τοῖς
1177 1948 1403 2017 ὁμόροις
1433 1950 1717 2020 προσιέναι

166 2037 253 2090 τῶν
296 2037 637 2100 ἐπισκόπων,
674 2038 805 2108 παρ’
834 2033 908 2092 ὧν
939 2038 1034 2092 καὶ
1062 2038 1129 2092 τὰ
1159 2040 1259 2109 τῆς
1287 2041 1467 2106 αἰτίας
1499 2042 1722 2114 ἀκριόεἰ

162 2128 350 2196 δοθητω
379 2128 637 2199 βασάνῳ’
667 2128 803 2182 ἀλλὰ
840 2129 937 2182 καὶ
965 2130 1058 2184 τὸν
1094 2131 1393 2186 ἐπίσκοπον
1417 2134 1608 2204 πράως
1641 2133 1724 2187 δεῖ

162 2220 335 2287 φέρειν
362 2220 465 2272 καὶ
490 2218 693 2290 ἱλαρῶς
715 2220 814 2290 τὴν
838 2220 1106 2289 ἐξέτασιν,
1146 2224 1240 2277 καὶ
1255 2223 1374 2286 ταῖς
1396 2223 1504 2276 τῶν
1535 2222 1722 2278 πλειό-

163 2331 254 2365 νων
302 2313 597 2383 προσηνῶς
640 2312 886 2368 τίθεσθαι
920 2314 1142 2385 ψήφοις,
1181 2316 1273 2387 ὑφ’
1303 2310 1379 2384 ὧν
1416 2317 1452 2389 ἦ
1485 2316 1650 2390 κυρία
1688 2317 1720 2390 ἢ

161 2410 344 2481 ἄκυρος
373 2410 408 2478 ἠ
439 2406 609 2462 αὐτοῦ
638 2407 832 2478 γνώμη
860 2413 1171 2480 γενήσεται.

230 2498 283 2552 '0
307 2498 364 2553 δὲ
389 2495 431 2551 ε’
455 2499 555 2569 τῆς
581 2499 804 2573 πρώτης
833 2501 1079 2569 συνόδου,
1104 2502 1223 2572 Χρὴ
1256 2503 1377 2569 μὲν,
1404 2502 1560 2575 φησὶ,
1581 2503 1724 2558 κατά

161 2591 254 2644 τῶν
293 2590 608 2661 γενομένων
650 2591 1056 2664 ἀκοινωνὴτων,
1104 2595 1257 2664 παρά
1290 2594 1399 2648 τῶν
1437 2595 1561 2649 καθ’
1595 2597 1724 2651 ἐκά-

163 2695 281 2749 στην
330 2680 604 2750 ἐπαρχίαν
653 2681 989 2746 ἐπισκόπων,
1034 2684 1144 2739 εἴτε
1190 2685 1284 2738 τοῦ
1338 2686 1539 2758 κλήρου
1587 2681 1721 2753 εἷεν,

161 2770 258 2825 εἴτε
297 2770 390 2825 τοῦ
440 2770 599 2834 λαοῦ,
645 2772 736 2826 τὸν
776 2772 1165 2846 διαγορεύοντα
1210 2780 1435 2848 κρατεῖν
1496 2783 1723 2846 κανόνα,

161 2862 274 2925 τοὺς
296 2864 429 2934 παρ’
454 2863 609 2917 ἐνίων
635 2864 1059 2936 ἀποϐληθέντας,
1086 2869 1295 2939 ἑτέροις
1317 2871 1615 2941 προσιτοῦς
1647 2872 1724 2945 μὴ

165 2951 291 3010 εἶναι
313 2972 333 2991 ο
358 2958 788 3028 προνενοηκέναι
832 2957 1013 3026 μέντοι
1042 2975 1107 3028 γε
1140 2959 1239 3026 δεῖ,
1277 2959 1351 3030 μὴ
1388 2960 1497 3032 ἄρα
1529 2981 1723 3035 μικρο-

162 3046 335 3119 ψυχίᾳ,
402 3049 437 3119 ἢ
493 3049 883 3121 φιλονεικίᾳ,ἢ
932 3051 1114 3123 ἀηδίᾳ,
1163 3051 1195 3122 ἤ
1248 3053 1411 3125 ἑτέρᾳ
1462 3054 1725 3125 οίᾳδήτινι

165 3139 431 3211 ἐμπαθείᾳ
466 3138 561 3193 τοῦ
593 3141 912 3206 ἐπισκόπου,
940 3143 1403 3213 ἀποσυναγώγους
1449 3147 1726 3217 συμϐεϐή-

1823 1950 1990 2012 nitur,
2016 1948 2216 2017 injuste.
2242 1948 2535 2017 ejiciatur;
2570 1948 2785 2003 veniam
2836 1946 3002 2015 igitur
3034 1945 3232 1999 habeat
3281 1945 3395 2012 epi-

1823 2056 2019 2111 sc0pos
2049 2039 2265 2095 vit-inus
2290 2040 2551 2104 adeundi,
2580 2056 2610 2094 a
2646 2041 2848 2110 quibus
2880 2038 3160 2092 accuSatio
3191 2036 3394 2092 strictae

1823 2132 2218 2187 examinationi
2246 2131 2608 2200 subjiciatur;
2636 2132 2766 2200 quin
2793 2140 2845 2185 et
2874 2130 3162 2198 episcopus
3188 2127 3396 2203 exami-

1825 2225 2100 2278 nationcm
2125 2238 2282 2294 atquo
2313 2224 2498 2279 animo
2533 2234 2587 2279 et
2615 2223 2924 2278 humaniter
2959 2222 3101 2276 ferre
3150 2220 3312 2275 debet
3342 2228 3396 2272 et

1825 2315 2066 2386 plurium
2094 2315 2373 2387 suffragiis
2406 2332 2520 2371 rem
2554 2315 2766 2384 plaride
2796 2315 3142 2376 submittere.
3194 2311 3396 2381 quibus

1825 2405 2072 2475 ejusdem
2107 2407 2379 2462 sententia
2405 2407 2487 2461 vel
2521 2416 2639 2461 rata
2663 2407 2745 2460 vel
2770 2406 2926 2460 irrita
2964 2407 3075 2459 tiet.

1898 2496 2137 2565 Quintus
2167 2505 2346 2552 autem
2376 2499 2569 2567 prima!
2591 2497 2780 2567 synodi
2806 2512 3001 2561 canon,
3045 2495 3246 2550 Contra
3278 2511 3395 2559 eos,

1829 2592 2033 2659 inquit,
2058 2590 2153 2660 qui
2185 2590 2301 2645 sive
2333 2588 2519 2643 clerici
2546 2589 2676 2652 sint,
2701 2590 2817 2642 sive
2848 2580 2996 2649 laici,
3023 2587 3092 2642 ab
3121 2586 3397 2657 epierpis

1832 2684 1926 2755 qui
1983 2692 2113 2738 sunt
2163 2682 2217 2736 in
2276 2695 2605 2750 unaquaque
2656 2679 2964 2749 provincia,
3018 2690 3395 2750 segregantur,

1831 2776 2009 2830 valeat
2045 2783 2261 2844 oportet
2301 2787 2502 2835 canon,
2539 2772 2630 2842 qui
2678 2772 3015 2843 pronuntiat,
3049 2785 3146 2824 eos
3185 2769 3278 2840 qui
3328 2771 3399 2823 ab

1826 2866 1950 2920 aliis
1983 2866 2144 2935 ejecti
2183 2872 2335 2927 sunt,
2392 2878 2500 2918 non
2537 2877 2661 2918 esse
2704 2864 2773 2918 ab
2824 2864 2946 2917 aliis
3000 2862 3395 2917 admittendos.

1825 2956 2149 3027 Prospicere
2178 2964 2361 3012 autem
2395 2964 2613 3025 oportet
2642 2970 2824 3009 annon
2868 2954 2951 3008 vel
2983 2954 3284 3013 simultate,
3315 2950 3397 3006 vel

1827 3057 2203 3111 contentione,
2221 3048 2729 3102 excommunicatos
2750 3045 2864 3101 ﬁeri
2884 3046 3194 3116 contigerit.
3215 3045 3399 3112 Quare
3496 3114 3499 3118 γ

1828 3157 1857 3197 a
1885 3141 2108 3213 synodis
2128 3142 2327 3196 annuis
2361 3155 2481 3208 qua:
2512 3140 2578 3194 iis
2601 3139 2815 3209 objecta
2837 3149 2968 3194 sunt
2995 3139 3396 3204 examinentur,

167 3243 242 3278 κει
271 3229 397 3289 τοὺς
440 3228 765 3297 ἀνθρώπους
788 3230 1042 3298 γενέσθαι
1068 3247 1082 3265 σ
1114 3232 1289 3306 ταύτῃ
1328 3250 1413 3288 τοι
1443 3237 1537 3289 καὶ
1569 3237 1721 3306 παρά

1833 3244 1879 3289 et
1898 3234 1983 3289 vel
2014 3237 2062 3288 ls
2088 3234 2182 3303 qui
2210 3233 2412 3304 injuste
2433 3233 2755 3303 segregavit,
2780 3231 2928 3302 juste
2948 3232 3397 3305 reprehendatur.

165 3317 272 3378 ταῖς
309 3316 546 3386 ἐτησίως
575 3319 887 3388 γινομέναις
940 3319 1178 3385 συνόδοις
1216 3321 1459 3387 ἐξετάσει
1492 3323 1561 3378 τὰ
1598 3326 1721 3379 κατ’

166 3404 346 3469 αὐτοὺς
388 3404 650 3470 δίδοσθαι,
683 3407 833 3477 καὶῆ
879 3408 973 3462 τδν
1017 3410 1360 3479 ἁφορίσαντα
1394 3414 1724 3483 παραλόγως

165 3496 388 3564 εὐλόγως
411 3495 754 3560 εὐθύνεσθαι,
776 3497 810 3569 η
832 3498 925 3552 τὸν
954 3500 1278 3570 παραλόγως
1302 3501 1723 3575 δυσχεραίνοντα

163 3586 232 3657 τῷ
256 3588 590 3658 ἀφωρίσθαι,
619 3590 976 3660 εὐγνωμόνως
1003 3591 1106 3663 τὴν
1129 3593 1413 3664 ἐπιτιμίαν
1442 3596 1719 3666 δέχεσθαι.

236 3679 393 3733 Ἀλλὰ
426 3681 520 3734 καὶ
564 3682 592 3733 ό
624 3681 667 3732 δ’
698 3680 798 3752 τῆς
839 3672 1075 3754 ἑϐδόμης
1124 3684 1366 3751 συνόδου,
1407 3684 1468 3739 '0
1497 3689 1727 3758 αἰσχρο-

166 3771 378 3842 κερδῶς,
408 3772 594 3842 φησιν,
636 3773 980 3842 είσπράττων
1022 3774 1323 3839 ἐπίσκοπος
1350 3777 1477 3840 τοὺς
1506 3779 1601 3831 ὐπ’
1626 3781 1726 3833 αὐ-

164 3863 246 3916 τὸν
276 3866 636 3928 ἐπισκόπους,
665 3865 701 3935 ἢ
742 3865 1061 3936 κληρικούς,
1096 3869 1130 3938 ἢ
1171 3873 1459 3940 μοναχοὺς,
1497 3873 1722 3942 χρυσὸν,

164 3954 193 4022 ἢ
218 3956 469 4026 ἄργυρον,
495 3956 531 4025 ἦ
556 3956 871 4027 οἱονδήποτε
896 3953 1058 4023 εἶδος,
1090 3957 1560 4029 προφασιζόμενος
1590 3979 1727 4032 προ-

165 4050 344 4116 φάσεις
378 4051 437 4103 ἐν
486 4050 807 4121 ἁμαρτίαις,
856 4049 933 4121 μὴ
966 4053 1079 4114 τοῖς
1124 4050 1288 4115 θείοις
1326 4052 1526 4125 δηλαδὴ
1555 4055 1726 4125 ἐμπε-

169 4139 550 4212 ριειλημμένας
578 4141 789 4205 κανόσι,
824 4145 918 4197 κα.)⁵
957 4143 1088 4206 τοὺς
1114 4142 1191 4214 μὴ
1227 4145 1428 4216 ῥᾳδίως
1467 4148 1723 4218 πορίζον-

165 4246 251 4291 τας
313 4231 374 4286 to
433 4230 726 4301 ἐπιταχθὲν
778 4233 1073 4306 ἀφορισμῷ
1125 4235 1503 4306 ἀμυνόμενος,
1562 4239 1596 4308 ἢ
1656 4238 1729 4292 δι’

167 4320 344 4389 ἑτέραν
385 4321 695 4390 ἐμπάθειαν
741 4325 840 4391 τῆς
885 4323 1229 4395 λειτουργίας
1271 4327 1555 4396 ἀπείργων
1602 4328 1727 4382 τινὰ

165 4410 263 4463 τῶν
312 4412 402 4467 ὐπ’
443 4413 608 4467 αὐτὸν
658 4414 1024 4486 κληρικῶν,ἢ
1077 4416 1274 4470 σεπτὸν
1323 4417 1522 4471 κλείων
1574 4419 1724 4485 ναδν,

168 4502 297 4559 ὥστε
324 4507 422 4570 τὰς
449 4509 508 4560 ἐν
536 4506 651 4561 ἔθει
695 4506 793 4562 τοῦ
826 4507 961 4562 Θεοῦ
990 4508 1335 4580 λειτουργίας
1376 4514 1433 4564 ἐν
1463 4512 1614 4582 αὐτῷ
1647 4513 1723 4584 μὴ

1828 3326 1913 3382 vel
1943 3327 2038 3397 qui
2066 3327 2384 3396 indignatur
2416 3326 2562 3394 quod
2601 3333 2922 3396 segregatus
2958 3323 3144 3387 fuerit.
3178 3337 3395 3394 pwnam

1829 3433 1988 3489 aequo
2008 3419 2193 3473 animo
2231 3417 2390 3474 ferat.
2992 3418 2995 3423 '

1898 3684 2008 3755 36
2050 3682 2224 3739 Porro
2249 3699 2369 3739 can.
2402 3685 2432 3739 Ιι
2453 3698 2573 3755 syn.
2600 3701 2698 3748 vti,
2723 3683 3050 3754 Episcopus,
3084 3684 3278 3753 inquit,
3306 3685 3399 3755 qui

1829 3778 2005 3845 turpis
2068 3776 2202 3829 lucri
2259 3777 2454 3844 gratia,
2512 3792 2731 3839 aurum,
2798 3776 2880 3829 vel
2945 3785 3254 3845 argentum,
3316 3776 3399 3829 vcl

1828 3866 2031 3937 aliquid
2054 3867 2201 3921 aliud
2241 3867 2310 3920 ab
2332 3867 2627 3937 episcopis,
2657 3867 2738 3920 vel
2785 3867 3025 3927 clericis,
3072 3867 3156 3922 vel
3204 3883 3400 3922 mona-

1829 3960 1971 4024 chis,
2004 3959 2097 4029 qui
2127 3959 2229 4013 sibi
2261 3959 2520 4023 subsunt,
2546 3959 2736 4029 exigit,
2762 3963 3148 4016 excusationes
3190 3961 3241 4014 in
3278 3977 3403 4029 pee—

1830 4053 1966 4108 catis
1995 4051 2314 4121 excogitans
2341 4055 2486 4121 (quae
2510 4066 2706 4120 nempe
2733 4050 2932 4106 divinis
2953 4052 3258 4106 canonibus
3290 4069 3397 4105 ιιυιι

1830 4142 2206 4215 continentur)
2237 4156 2466 4212 eosque,
2494 4142 2588 4213 qui
2622 4143 2675 4197 id
2697 4142 2841 4214 quod
2859 4143 3095 4213 exigitur
3112 4160 3219 4198 non
3242 4143 3399 4197 facile

1830 4237 1983 4301 dant,
2016 4236 2396 4306 segregatione
2419 4234 2726 4303 ulciscens;
2755 4236 2837 4291 vel
2873 4237 2943 4291 ob
2970 4237 3212 4306 aliquam
3232 4236 3396 4290 aliam

1829 4329 1996 4384 animi
2034 4329 2517 4399 perturbationem.
2545 4342 2876 4399 quemquam
2910 4328 3234 4384 clericorum
3271 4343 3402 4382 suo-

1828 4436 1951 4474 rutn
1987 4434 2020 4474 a
2051 4417 2363 4474 ministerio
2401 4428 2572 4486 arcet,
2608 4416 2690 4473 vel
2731 4419 3101 4475 venerandum
3134 4421 3397 4489 templum

1828 4510 2051 4573 claudit,
2084 4524 2150 4563 ne
2184 4510 2238 4564 in
2271 4523 2337 4564 eo
2375 4508 2621 4563 divinum
2671 4509 3036 4564 ministerium
3096 4525 3194 4579 pro
3247 4525 3399 4565 more

167 4597 448 4665 τελεῖσθαι,
476 4602 560 4663 εἰς
589 4600 918 4667 ἀναίσθητον
938 4600 1038 4671 τὴν
1064 4602 1261 4656 ἐαυτοῦ
1290 4603 1488 4673 μανίαν
1511 4605 1721 4675 ἐκπέμι

1833 4603 2162 4674 perﬁciatur,
2218 4602 2275 4657 in
2336 4601 2388 4656 id
2436 4600 2581 4671 quod
2636 4615 2745 4655 non
2780 4611 2864 4657 est
2909 4617 3077 4658 sensu
3112 4602 3397 4672 praeditum

169 4706 301 4753 πων,
331 4692 656 4760 ἀναίσθητος
685 4692 855 4758 ὅντως
883 4693 1020 4759 ἐστὶ,
1071 4695 1230 4764 φησι,
1257 4696 1357 4752 καὶ
1381 4699 1503 4759 ταῖς
1535 4698 1724 4762 αὐταῖς

168 4781 511 4836 ὐποπεσεῖται
564 4786 798 4849 ποιναῖς,
845 4787 877 4837 ό
921 4786 1022 4856 μὲν
1071 4786 1371 4850 ἐπίσκοπος
1416 4787 1568 4859 παρά
1629 4787 1725 4841 τοῦ

171 4874 552 4940 μητροπολίτω
614 4876 1030 4946 ἀφοριζόμενος,
1076 4876 1108 4929 ό
1149 4876 1207 4929 δὲ
1277 4878 1429 4948 παρά
1478 4879 1572 4932 τοῦ
1618 4893 1726 4932 πα-

169 4963 414 5034 τριάρχου
438 4967 676 5036 εὐλόγως
704 4967 1073 5041 ὑφιστάμενος
1098 4970 1126 5023 δ
1158 4970 1485 5042 παραλόγως
1516 4972 1728 5043 ἑτέροις

170 5054 447 5124 ἐπήνεγκε.

232 5147 429 5210 Παῦλος
456 5132 611 5215 λγοῦν
661 5150 690 5201 ό
745 5148 887 5212 θεῖος
931 5150 1276 5217 Ἀπόστολος,
1315 5154 1480 5209 οἱονεὶ
1527 5153 1727 5207 κανόνα

169 5237 343 5301 τιθεὶς,
382 5243 492 5304 τοῖς
525 5242 787 5310 Ἐφεσίων
822 5244 1013 5313 εἴρηκε
1066 5245 1458 5316 πρεσδυτέροις
1481 5260 1496 5275 ο
1528 5245 1729 5317 Ἀργυ-

174 5328 360 5401 ρίου,ῆ
407 5333 717 5404 χρυσίου,ἢ
772 5335 1068 5405 ἱματισμοῦ
1118 5335 1330 5399 οὐδενὸς
1375 5334 1725 5406 ἐπεθύμησα,

172 5420 259 5471 καὶ
285 5424 345 5476 τὰ
377 5425 503 5493 tea;
529 5440 547 5455 ο
575 5425 672 5478 καὶ
698 5421 856 5490 αὖθις
882 5442 899 5458 ο
934 5427 1047 5480 Οὐκ
1076 5427 1282 5496 ὀφείλει
1311 5428 1379 5480 τὰ
1417 5428 1584 5482 τέκνα
1611 5429 1725 5490 τοῖς

172 5514 371 5599 γονεῦσι
418 5515 796 5588 θησαυρίζειν,
842 5518 978 5573 ἀλλά
1028 5520 1079 5571 oi
1126 5522 1302 5587 γονεῖς
1343 5522 1453 5583 τοῖς
1493 5521 1728 5581 τέκνοις.

184 5601 331 5659 Ἀλλὰ
354 5609 443 5661 καὶ
471 5609 695 5679 Πέτρος,
728 5611 762 5680 η
792 5614 1063 5679 κορυφαία
1093 5613 1199 5665 τῶν
1225 5611 1539 5665 ἀποστόλων
1562 5613 1729 5682 ἁκρό·

173 5708 288 5760 της,
318 5715 335 5747 ι
368 5700 711 5770 Ποιμαίνετε,
764 5703 917 5769 φησὶ,
970 5703 1030 5754 τὸ
1063 5705 1120 5754 ἐν
1153 5704 1284 5773 ὑμῖν
1335 5704 1585 5773 ποίμνιον
1634 5703 1729 5757 τοῦ

177 5779 324 5847 Θεοῦ,
366 5786 439 5858 μὴ
486 5789 873 5854 ἀναγκαστῶς,
906 5790 1021 5843 ἀλλ’
1068 5792 1355 5858 ἑκουσίως,
1387 5795 1527 5846 κατὰ
1556 5792 1689 5846 Θεόν
1713 5809 1726 5821 ·

184 5871 262 5946 μὴ
286 5877 703 5952 αἰσχροκερδῶς,
732 5882 870 5938 ἀλλὰ
911 5883 1212 5955 προθύμως
1237 5902 1251 5917 ·
1287 5884 1361 5957 μὴ
1391 5887 1465 5949 ώς
1494 5903 1731 5939 κατακυ·

1831 4711 1986 4752 suam
2016 4695 2286 4751 insaniam
2311 4695 2656 4762 immitteus;
2692 4694 2806 4765 ipse
2821 4710 3031 4758 revera,
3054 4696 3249 4764 inquit,
3280 4697 3399 4751 sine

1831 4800 1994 4844 sensu
2025 4795 2129 4851 est,
2155 4786 2458 4858 iisdemque
2489 4788 2665 4857 pinnis
2695 4782 3026 4856 subjicietur
3059 4806 3074 4843 :
3107 4789 3399 4858 episcopus

1832 4878 2093 4933 ninirum
2132 4894 2162 4933 a
2196 4878 2616 4948 metropolitano
2646 4880 3054 4949 segregabitur;
3089 4879 3179 4934 ille
3209 4890 3390 4937 autem

1832 4984 1862 5023 a
1917 4971 2225 5039 patriarcha
2270 4971 2422 5041 justo
2477 4954 2686 5025 subibit
2740 4971 2885 5039 quod
2937 4971 2993 5025 in
3025 4971 3163 5026 alios
3196 4971 3399 5041 injuste

1832 5058 2049 5114 inﬂixit.

1862 5171 1869 5179 ο
1903 5153 2107 5208 Paulus
2136 5153 2304 5223 igitur
2324 5155 2546 5211 divinus
2580 5156 2900 5225 Apostolus,
2937 5159 3094 5227 quasi
3130 5176 3401 5215 canonem

1835 5248 2126 5316 imponens
2151 5247 2509 5317 Ephesiorum
2539 5250 2894 5318 presbyteris,
2923 5250 3062 5306 dixit
3094 5270 3107 5306 :
3144 5271 3162 5304 ι
3192 5254 3402 5323 Argen-

1836 5345 1975 5403 tum,
2003 5339 2086 5391 vel
2117 5352 2335 5403 aurum,
2364 5339 2450 5394 vel
2479 5349 2682 5395 vestem
2715 5342 2917 5397 nullius
2941 5344 3253 5414 concupivi,
3292 5365 3311 5394 ι
3350 5354 3405 5397 ct

1833 5443 1956 5498 qua:
1998 5439 2321 5498 sequuntur.
2375 5429 2441 5486 Et
2489 5447 2732 5489 rursus:
2785 5453 2803 5486 ι
2840 5431 2958 5489 Non
3008 5437 3207 5491 debent
3248 5436 3401 5490 libi-ri

1835 5522 2158 5591 parentibus
2213 5523 2504 5580 thesauros
2534 5526 2852 5592 recondere,
2896 5529 2993 5583 sed
3027 5538 3281 5597 parentes
3334 5529 3402 5581 li-

1833 5612 2005 5669 beris.
2061 5634 2081 5664 ι»
2138 5613 2279 5681 Quin
2340 5626 2395 5671 et
2437 5615 2631 5672 Petrus
2698 5620 3070 5688 apostolorum
3127 5635 3401 5683 summus,

1841 5722 1860 5756 ι
1887 5703 2121 5770 Pascite,
2149 5708 2345 5776 inquit,
2368 5724 2587 5779 gregem
2612 5709 2708 5763 Dei
2737 5711 2829 5781 qui
2854 5725 3021 5780 penes
3051 5725 3144 5765 vos
3166 5719 3269 5773 est,
3296 5727 3405 5765 non

1838 5814 1935 5868 per
1980 5802 2112 5862 vim,
2166 5800 2261 5854 sed
2318 5801 2620 5856 voluntarie
2671 5804 2969 5856 secundum
3030 5802 3232 5869 Deum;
3295 5820 3403 5859 non

1838 5891 2013 5960 turpis
2035 5892 2169 5947 lucri
2198 5893 2395 5965 gratia,
2417 5894 2508 5949 sed
2537 5886 2819 5961 alat-riter;
2852 5909 2959 5948 non
2985 5895 3404 5954 utdominatum
