3902 6556
217 403 337 469 ιοεη
1147 409 1438 470 SYXTAG
1451 411 1558 470 MA
1602 402 2252 469 .-ὶ[,1’11ΑΒΕΤ1ΕΗλ1.’
2276 432 2344 440 -·
2389 408 2451 468 Β.
3321 399 3456 463 1098

213 524 293 593 τῆς
317 520 473 589 ἁγίας
501 523 806 585 κοινωνίας,
841 525 969 591 πρὶν
994 522 1115 592 ἂνὴ
1149 524 1302 578 αἰτία
1353 524 1560 595 δειχθῇ,
1592 523 1658 576 δι’
1692 523 1754 592 ἢν

1916 530 2052 576 uncta
2098 521 2495 576 communione
2540 533 2826 590 separare,
2853 515 3188 588 priusquam
3230 522 3457 570 ostensa

207 615 249 666 οί
275 611 706 680 ἐκκλησιαστικοὶ
737 617 964 677 κανόνες
993 615 1152 668 τοῦτο
1207 613 1458 684 γίνεσθαι
1505 613 1748 668 κελεύου⁴

1917 609 2036 664 ierit
2063 624 2233 666 causa
2258 618 2486 682 prapter
2502 623 2672 680 quam
2691 607 3059 666 ecclesiastici
3078 619 3326 662 canones
3350 604 3458 661 hoc

210 723 303 760 σιν.
342 705 398 758 Ei
421 703 478 758 δέ
506 722 590 768 τις
619 708 768 776 παρὰ
794 707 967 760 ταῦτα
989 711 1092 779 τῆς
1127 707 1289 776 ἁγίας
1331 705 1616 768 κοινωνίας
1655 725 1751 777 χω⁴

1916 697 1984 752 eri
2050 699 2398 770 praecipiunt.
2458 698 2519 753 Si
2576 700 2703 768 quis
2761 706 2948 753 autem
3003 705 3203 768 praeter
3256 695 3376 751 haec
3422 710 3457 751 a

209 798 331 868 ρίσει
384 797 525 858 τινὰ,
581 799 788 860 ἐκεῖνος
851 799 972 868 μὲν,
998 798 1058 861 ὃς
1089 799 1292 860 ἀδίκως
1340 797 1440 864 τῆς
1475 796 1750 859 κοινωνίας

1919 800 2055 845 meta
2116 790 2510 847 communione
2561 790 2881 860 quempiam
2947 789 3308 860 separaverit.
3365 789 3460 845 ille

207 890 474 960 ἐχωρίσθη,
511 891 770 958 λυόμενός
802 892 894 944 τοῦ
926 891 1209 961 χωρισμοῦ
1244 889 1351 944 ὑπὸ
1375 890 1472 943 τοῦ
1506 888 1748 958 μείζονος

1912 881 2088 936 uidem
2116 883 2210 951 qui
2253 881 2456 959 injuste
2483 897 2515 936 a
2544 883 2936 937 communione
2967 888 3262 947 separatus
3288 887 3394 942 est,
3425 897 3453 934 a

210 980 393 1052 ίερέως,
421 981 518 1050 τῆς
541 985 702 1049 ἁγίας
737 983 1010 1048 ἁξιούσθω
1043 983 1327 1046 κοινωνίας
1348 999 1362 1011 ·
1415 984 1442 1034 6
1471 981 1529 1034 δὲ
1557 979 1751 1041 ἀδίκως

1923 973 2063 1044 ajori
2091 975 2382 1031 sacerdote
2413 973 2770 1044 separatione
2793 973 3035 1038 solutus,
3072 981 3268 1028 sancta
3300 987 3458 1026 com-

204 1073 335 1136 τινάς
360 1073 562 1142 ταύτης
585 1074 817 1143 χωρίσαι
846 1075 1150 1143 τολμήσας,
1181 1074 1285 1128 ὑπὸ
1313 1072 1406 1126 τοῦ
1434 1073 1645 1143 ίερέως,
1669 1073 1742 1137 ὑφ

1914 1067 2133 1123 ιυηίοιιε
2187 1067 2388 1139 dignus
2465 1068 2771 1130 habeatur;
2830 1067 2926 1137 qui
2991 1075 3174 1120 autem
3249 1065 3455 1135 injuste

204 1168 254 1222 ὃν
272 1166 542 1230 τέτακται,
571 1167 981 1236 χωρισθήσεται
1034 1167 1134 1234 τῆς
1167 1165 1481 1229 κοινωνίας,
1515 1164 1602 1234 ἐφ’
1636 1165 1745 1220 ὅσοι

1914 1159 2099 1229 iquem
2147 1159 2218 1214 ab
2253 1175 2316 1215 ea
2361 1173 2624 1228 separare
2657 1173 2830 1213 ausus
2865 1155 3068 1220 fuerit,
3103 1171 3134 1210 a
3165 1157 3455 1210 sacerdote

205 1260 260 1312 ἀν
285 1259 463 1329 χρόνον
497 1259 700 1323 ἐκεῖνος
738 1259 948 1330 συνίδῃ,
979 1259 1087 1323 ἴνα,
1113 1260 1251 1329 ὅπερ
1279 1257 1482 1320 ἀδίκως
1509 1257 1746 1328 ίυποίησε1

1908 1251 1953 1306 ui
1999 1251 2211 1315 subest,
2273 1251 2664 1306 communione
2720 1248 3053 1313 movebitur,
3101 1245 3351 1316 quandiu
3400 1247 3449 1301 ei

203 1351 405 1412 δικαίως
427 1351 724 1422 ὑπομείνῃ.

1904 1344 2042 1398 isum
2077 1342 2264 1408 fuerit,
2298 1355 2357 1396 ut
2384 1343 2530 1412 quod
2561 1343 2763 1412 injuste
2791 1340 2938 1406 fecit,
2966 1342 3114 1411 jusn:
3147 1340 3445 1394 sustineat.

264 1443 332 1497 Οὐ
355 1445 432 1496 δεῖ
460 1445 589 1507 τοὺς
645 1446 981 1509 ἐπισκόπους
1010 1446 1045 1516 ἢ
1077 1445 1376 1516 κληρικοὺς
1425 1444 1758 1513 ἀναγκάζειν

1934 1437 2054 1491 Νοη
2085 1444 2306 1506 oportet
2328 1436 2620 1506 episcopos
2644 1436 2725 1489 vel
2753 1435 2987 1490 clericos
3013 1448 3208 1503 cogere
3234 1434 3450 1502 aliquos

201 1537 333 1599 τινὰς
389 1541 762 1608 καρποφορεῖν
800 1539 833 1607 ἢ
885 1539 1161 1608 ἀγγαρίας
1205 1537 1431 1602 διδόναι,
1461 1538 1494 1608 ἢ
1524 1539 1650 1597 τοὺς
1681 1536 1742 1608 μί

1915 1540 2078 1585 uetus
2110 1529 2328 1594 oll‘erre,
2368 1531 2449 1584 vel
2481 1529 2733 1600 angarias
2767 1529 2921 1594 dare,
2953 1527 3037 1582 vel
3071 1542 3166 1580 eos
3199 1526 3294 1596 qui
3341 1542 3453 1580 non

203 1629 324 1681 οὕτω
358 1627 642 1693 ποιοῦντας
680 1633 1001 1700 ἀφορίζειν,
1038 1631 1073 1701 ἢ
1129 1629 1575 1701 ἀναθεματίζειν,
1613 1629 1648 1700 ἢ
1681 1629 1744 1700 μὶ

1912 1638 1937 1676 a
1969 1622 2180 1681 faciunt
2205 1635 2520 1691 segregare,
2555 1621 2638 1674 vel
2665 1620 3155 1684 anathematizare,
3192 1618 3275 1670 vel
3296 1633 3453 1671 corn-

204 1720 378 1775 διδόναι
403 1722 718 1792 κοινωνίαν,
752 1725 786 1794 ἢ
824 1725 899 1794 μὴ
925 1723 1238 1791 βαπτίζεινο
1273 1722 1537 1794 ἀθέμιτον
1558 1725 1690 1794 γάρ.

1909 1715 2133 1771 ιυιιίυιιε
2191 1729 2432 1782 movere,
2481 1714 2566 1768 vel
2599 1729 2708 1768 non
2740 1711 3054 1783 baptizare;
3105 1708 3258 1763 nefas
3303 1708 3450 1763 enim

1863 1818 1969 1863 est.

521 1900 716 1952 ΑΡΧΗ
756 1900 894 1954 ΤΟΥ
933 1901 973 1952 B
1010 1897 1405 1954 XTOIXEIOT.
1791 1877 1832 1930 Β

1791 1877 1832 1930 ³
2212 1900 2323 1970 33
2361 1897 2628 1955 mrum
2670 1895 2998 1953 unum
3031 1895 3093 1952 Β.

293 1990 534 2044 ΚΕΦΑΔ.
576 1989 656 2046 A'.
694 1991 834 2060 Περὶ
868 1992 976 2047 τοῦ
999 1993 1176 2057 ἁγίου
1201 1992 1653 2060 βαπτίσματος.

1553 2008 1653 2058 ὀς.
2213 1992 2368 2048 CAP.
2405 1993 2446 2047 l.
2499 1992 2574 2046 De
2606 2008 2762 2048 sacro
2811 1991 3094 2061 baptismo.

278 2081 425 2134 ’Λλλά
450 2082 560 2154 γὰρ
588 2083 683 2136 ἐπὶ
715 2084 782 2136 τὸ
817 2083 945 2153 ἑξῆς
989 2084 1090 2153 ἤδη
1155 2083 1435 2153 μετιόντες
1473 2085 1756 2154 στοιχεῖον,

1929 2085 2050 2143 Jam
2083 2102 2216 2144 vero
2249 2100 2376 2142 cum
2402 2085 2469 2140 ad
2496 2085 2806 2156 proximam
2845 2085 3084 2156 litteram
3125 2093 3450 2154 perventum

201 2173 260 2226 τά
284 2174 516 2243 περὶτοῦ
545 2175 708 2243 ἁγίου
747 2175 1127 2246 βαπτίσματος
1159 2173 1437 2244 προῦργου
1469 2170 1626 2245 οἶμαι
1675 2176 1742 2229 δι-

1905 2189 1958 2244 ιι,
1977 2195 2157 2250 operm
2182 2179 2416 2249 pretium
2436 2178 2544 2234 erit
2571 2178 2638 2233 de
2666 2192 2826 2233 sacro
2856 2176 3130 2247 baptismo
3155 2177 3446 2232 disserere.

201 2265 394 2329 ιξιέναι.

269 2357 324 2409 '0
348 2357 428 2424 μζ
460 2358 571 2412 τῶν
602 2359 780 2426 ἁγίων
809 2360 1125 2414 ἀποστόλων
1169 2361 1348 2414 κανὼν
1387 2368 1481 2413 τὸν
1525 2361 1624 2430 μὲν
1667 2359 1761 2412 τοῦ

1933 2357 2126 2413 Canon
2154 2368 2473 2414 sanctorum
2501 2357 2880 2427 apostolorum
2913 2356 2981 2412 47
3011 2372 3136 2412 cum
3171 2359 3264 2426 qui
3291 2358 3448 2427 juxta

200 2446 406 2514 ἀληθοῦς
435 2447 745 2518 ἠξιωμένον
795 2449 1193 2520 βαπτίσματος,
1234 2451 1310 2514 ὡς
1339 2451 1400 2504 τὸ
1430 2450 1524 2504 τοῦ
1555 2451 1741 2520 Κυρίοι

1902 2451 2084 2505 lumini
2111 2461 2444 2522 praeceptum
2469 2460 2522 2504 et
2545 2450 2901 2518 apostolicam
2929 2450 3284 2504 traditionem
3313 2465 3443 2504 vero

203 2539 456 2608 ἰπίταγμα
508 2544 602 2594 καὶ
632 2544 666 2612 ἡ
690 2541 798 2595 τῶν
822 2543 1138 2597 ἀποστόλων
1165 2544 1280 2614 ἔχει
1322 2544 1645 2614 παράδοσις,
1688 2546 1744 2614 μὶ

1911 2543 2137 2614 aptismo
2167 2544 2368 2614 dignus
2411 2543 2631 2600 habitus
2683 2542 2869 2606 fuerit,
2921 2559 3027 2597 non
3057 2543 3237 2598 denuo
3272 2545 3452 2614 bapti-

200 2631 564 2696 ἀναὸαπτίζειν
601 2635 820 2687 κελεύει
844 2649 860 2664 ο
881 2635 970 2686 τὸν
993 2634 1050 2688 δέ
1074 2651 1139 2703 γε
1179 2634 1456 2698 δυσσεόὦς
1487 2635 1626 2705 πρὸς
1654 2636 1741 2688 τῶε

1910 2652 1995 2690 ire
2019 2636 2219 2705 jubet;
2264 2653 2390 2692 eum
2426 2646 2610 2691 autem
2649 2637 2742 2706 qui
2771 2637 2841 2692 ab
2878 2636 3064 2707 impiis
3103 2636 3310 2692 nefarie
3337 2640 3451 2708 pol-

203 2721 387 2775 ἀσεϐὦν
443 2723 782 2792 μολυνθέντα
836 2725 1040 2794 μᾶλλον
1091 2724 1552 2796 ἥβαπτισθέντα,
1593 2727 1744 2797 mea

1905 2738 2016 2781 itus
2059 2728 2242 2797 potius
2300 2743 2463 2797 quam
2502 2727 2817 2797 baptizatus
2865 2727 3056 2792 fuerit,
3108 2729 3227 2783 sine
3263 2729 3445 2800 aliqua

205 2814 580 2879 ἐπιδοιάζοντας
631 2815 1050 2880 ἀνασαπτίζειν.
1084 2817 1145 2869 Ei
1196 2817 1252 2870 δὲ
1289 2817 1354 2870 τὸ
1383 2819 1482 2888 μὲν
1509 2819 1746 2889 ἀληθινὸπ

1909 2824 2190 2880 iﬂieultate
2221 2824 2588 2892 rebaptizare.
2627 2824 2783 2892 Quod
2829 2824 2874 2877 si
2924 2823 3215 2892 quisquam
3259 2837 3446 2874 verum

211 2903 292 2973 ἠδη
315 2903 712 2977 βαηισάμενος
745 2907 928 2978 ἔτυχε,
957 2907 1095 2978 πρὸς
1133 2908 1190 2960 δὲ
1222 2910 1330 2962 τῶν
1355 2911 1568 2964 ἀσεϐῶν
1598 2913 1752 2980 μεμό·

1906 2917 2205 2986 aptismum
2261 2926 2574 2977 assecutus,
2619 2915 2686 2970 ab
2750 2913 2934 2982 impiis
2973 2922 3162 2981 postea
3209 2913 3447 2981 pollutus

204 2991 369 3048 λυνται
392 2995 642 3069 ὕστερον,
670 2999 830 3069 μύρῳ
855 2999 1106 3070 χρίεσθαι
1133 3000 1294 3068 μόνον
1317 3018 1330 3032 ο
1361 3003 1628 3057 καὶτοῦτο
1655 3005 1745 3076 γὰρ

1906 3007 2058 3072 ierit,
2081 3020 2361 3078 unguento
2385 3011 2648 3063 duntaxat
2675 3010 2980 3078 inungatur
3005 3026 3019 3063 :
3049 3006 3100 3061 id
3127 3008 3273 3062 enim
3304 3005 3447 3062 sacri

209 3087 346 3156 μέρος
372 3085 506 3142 εἶναι
535 3094 860 3145 πιστεύεται
889 3091 984 3145 τοῦ
1035 3092 1180 3146 θείου
1223 3094 1630 3165 βαπτίσματοςο
1671 3097 1750 3150 τοί

1907 3101 2126 3172 aptismi
2150 3117 2275 3172 pars
2306 3118 2429 3157 esse
2459 3103 2725 3164 creditur.
2760 3102 2894 3156 Eum
2915 3102 3005 3172 qui
3042 3116 3203 3157 secus
3230 3102 3444 3166 iecerit,

204 3177 249 3232 δὲ
277 3181 343 3248 μὴ
366 3180 504 3236 οὕτω
529 3183 836 3248 ποιοῦντος,
867 3183 966 3238 εἶτ’
991 3183 1085 3237 οῦν
1129 3187 1452 3249 ἐπισκόπου,
1478 3189 1745 3259 εῖτεπρε·

1908 3193 1985 3248 ive
2024 3193 2319 3265 episcopus
2347 3194 2439 3257 sit,
2472 3195 2585 3249 sive
2619 3193 2920 3265 presbyter,
2966 3193 3194 3248 omnino
3227 3193 3449 3263 deposi-

206 3269 457 3342 σδντέρου,
519 3274 740 3328 τελείαν
787 3275 1229 3346 καταψηφίζεται
1269 3276 1369 3349 τὴν
1415 3277 1747 3347 καθαίρεσιν,

1902 3285 2024 3342 ione
2056 3286 2431 3342 qulctandum
2468 3288 2694 3354 statuit;
2749 3297 2812 3342 ut
2843 3288 2936 3356 qui
2978 3301 3198 3342 crucem
3229 3286 3443 3342 Domini

204 3361 266 3425 ὡς
289 3365 612 3433 ὲγγελῶντος
637 3367 730 3422 τὸν
761 3369 994 3439 σταυρὸν
1025 3367 1120 3422 τοῦ
1145 3369 1376 3438 Κυρίου,
1408 3371 1502 3423 καὶ
1528 3370 1619 3422 τὸν
1652 3388 1745 3424 σω-

1902 3378 2118 3445 rrideat,
2163 3388 2220 3434 et
2260 3379 2606 3434 salutiferam
2649 3381 2773 3451 ejus
2803 3389 3034 3434 mortem
3070 3394 3169 3450 pro
3201 3379 3443 3434 ludibrio

207 3456 364 3525 τήριον
406 3459 570 3512 αὐτοῦ
605 3460 1089 3530 διακωμῳδοῦντος
1138 3460 1392 3516 θάνατον.
1424 3464 1565 3532 Φησὶ
1591 3463 1699 3535 γάρ
1727 3465 1748 3518 ό

1909 3471 2086 3526 abeat.
2125 3470 2264 3526 Dicit
2301 3472 2451 3527 enim
2490 3472 2711 3528 divinus
2754 3473 3051 3542 Apostolus
3103 3488 3118 3526 :
3157 3490 3176 3524 ι
3220 3471 3354 3526 Nam
3399 3473 3447 3527 si

205 3548 323 3612 θεῖος
342 3549 694 3616 Ἀπόστολοςο
765 3553 1060 3616 Ἑκουσίως
1119 3555 1548 3625 ἁμαρτανόντων
1594 3555 1746 3626 ἡμῶν

1911 3563 2015 3617 ltro
2074 3566 2492 3633 peccaverimus
2543 3575 2668 3634 post
2729 3575 3012 3634 acceptam
3077 3565 3446 3636 cognitionem

207 3642 324 3709 μετά
339 3643 429 3714 τὴν
450 3646 754 3711 ἐπῖγνωσιν
774 3643 876 3714 τῆς
898 3644 1177 3716 ἀληθείας,
1197 3645 1296 3698 ούκ
1317 3645 1397 3699 ἔτι
1423 3645 1553 3715 περὶ
1575 3645 1748 3717 ἀμαρ-

1910 3657 2138 3723 eritatis,
2206 3672 2318 3712 non
2373 3660 2556 3713 adhuc
2624 3673 2724 3728 pro
2793 3657 3031 3727 peccatis
3089 3659 3303 3728 reliqua
3364 3670 3451 3715 est

205 3736 314 3790 τιῶν
339 3739 694 3795 ἀπολείπεται
721 3741 906 3806 θυσία,
939 3742 1059 3811 ἦτοι
1093 3741 1181 3796 διὰ
1217 3741 1595 3812 βαπτίσματος
1619 3742 1746 3797 κάθα

1907 3753 2070 3817 ostia,
2109 3770 2127 3802 ι
2174 3751 2286 3806 sive
2316 3768 2412 3821 per
2443 3752 2780 3821 baptismum
2815 3751 3112 3819 lustratio;
3158 3769 3266 3808 una
3299 3754 3447 3808 enim

204 3843 368 3899 αρεις·
425 3829 504 3898 εἷς
561 3836 678 3906 γάρ
717 3836 748 3889 6
794 3836 890 3890 τοῦ
937 3836 1174 3903 Χριστοῦ
1198 3836 1450 3902 θάνατος,
1475 3836 1570 3890 καὶ
1598 3835 1656 3889 ἓν
1693 3836 1745 3890 τί

1905 3856 1949 3900 st
1976 3843 2180 3900 Christi
2232 3859 2400 3908 mors,
2431 3852 2486 3898 et
2516 3859 2682 3908 unus,
2715 3843 2808 3912 qui
2861 3853 3082 3914 purgat,
3113 3844 3446 3916 baptisnrus.

207 3921 539 3994 καθαρτήριοι)
580 3925 889 3996 βάπτισμα.

261 4013 335 4065 re
359 4016 492 4070 αὐτὰ
519 4019 616 4072 καὶ
639 4020 669 4071 ὁ
691 4022 789 4090 τῆς
831 4021 888 4073 ἐν
942 4021 1277 4094 Καρθαγένῃ
1304 4023 1524 4074 συνόδου
1557 4027 1600 4074 ν’
1635 4022 1756 4076 δια-ι

1937 4020 2139 4074 Eadem
2171 4019 2335 4071 etiam
2369 4016 2563 4071 statuit
2593 4030 2769 4068 canon
2803 4015 2872 4069 50
2925 4015 3117 4086 synodi
3154 4014 3446 4086 Carthagi-

205 4111 450 4162 ταττιται.

1866 4111 2089 4171 ηζθηδίε.

275 4189 326 4244 ’0
349 4194 402 4246 δὲ
428 4197 512 4265 μθ¹
551 4197 714 4262 αὖθις
740 4201 848 4255 τῶν
866 4202 1042 4270 ἁγίων
1065 4203 1382 4258 ἀποστόλων
1424 4205 1507 4268 είς
1535 4203 1756 4277 Πατέρα

1934 4207 2124 4260 Canon
2159 4210 2340 4266 autem
2392 4210 2568 4256 sanet.
2603 4207 2780 4270 apost.
2816 4198 2884 4255 49
2917 4202 2966 4253 in
2997 4200 3216 4255 nomine
3266 4201 3445 4254 Pah'is

207 4281 282 4330 mi
314 4284 430 4339 Υίδν
455 4291 550 4344 καὶ
570 4289 729 4358 ἀγιον
771 4293 996 4363 Πνεῦμα
1039 4293 1328 4365 βαπτίζειν
1372 4295 1516 4350 κατά
1563 4297 1623 4349 τὸ
1661 4299 1748 4351 τοῦ

1902 4296 2074 4353 tFilii
2111 4305 2165 4351 et
2211 4294 2450 4364 Spiritus
2483 4294 2684 4357 sancti,
2730 4293 2885 4362 juxta
2938 4291 3183 4346 divinum
3230 4293 3443 4347 Domini

212 4371 388 4444 Κυρίου
413 4386 791 4452 παρεγγυᾶται
815 4387 1020 4456 λόγιον,
1049 4389 1186 4442 ἀλλά
1217 4392 1291 4460 μὴ
1319 4391 1399 4453 είς
1419 4392 1570 4460 τρεῖς
1589 4391 1753 4462 ἀνάρ-

1902 4407 2202 4455 ermonem,
2238 4388 2517 4459 baptizare
2537 4388 2717 4458 jubet,
2755 4403 2860 4441 non
2892 4395 3072 4440 autem
3118 4387 3171 4440 in
3220 4387 3443 4441 nomine

212 4473 388 4541 Imma
413 4481 560 4542 τρεῖς
592 4479 766 4544 υἱοὺς,
797 4480 830 4550 ἢ
859 4483 1010 4550 τρεῖς
1037 4483 1444 4554 παρακλήτους.
1472 4477 1568 4548 Εἷς
1591 4486 1701 4555 γὰρ
1727 4487 1753 4538 6

1901 4483 2032 4538 rium
2060 4481 2316 4553 principii
2347 4481 2678 4548 expertium,
2714 4479 2797 4534 vel
2832 4480 2998 4533 trium
3041 4477 3329 4553 Filiorum,
3359 4481 3442 4534 vel

180 4559 409 4652 ⁵ἄναρχος
442 4569 652 4640 Πατὴρ,
685 4571 773 4624 διὰ
805 4573 866 4625 τὸ
891 4574 1154 4640 ἀναίτιον,
1191 4576 1286 4630 καλ⁵
1315 4569 1395 4640 εἷς
1426 4577 1456 4630 6
1485 4577 1633 4643 Υἱὸς,
1669 4578 1720 4630 δι

1900 4575 2033 4630 rium
2062 4575 2502 4639 .l’araeletorum;
2536 4586 2679 4627 unus
2702 4570 2850 4626 enim
2882 4581 2966 4625 est
3011 4572 3135 4625 sine
3171 4571 3441 4640 principio

207 4651 289 4720 τὴν
341 4658 572 4731 ἇρῤητον
627 4663 909 4734 γέννησιν,
950 4668 1048 4720 καὶ
1075 4662 1156 4729 εἷς
1201 4667 1230 4720 6
1284 4669 1662 4740 Παράκλητος,
1696 4669 1748 4722 τὸ

1900 4675 2050 4730 'ater,
2069 4676 2291 4737 propter
2308 4666 2770 4727 incausalitatem,
2789 4675 2840 4719 et
2865 4679 3008 4719 unus
3027 4664 3196 4718 Filius
3219 4674 3441 4734 propter

210 4743 408 4817 Πνεῦμα
433 4753 492 4806 τὸ
522 4755 703 4822 ἅγιον,
735 4756 824 4810 διὰ
871 4757 972 4828 τὴν
1003 4759 1068 4811 ὲκ
1111 4759 1207 4812 τοῦ
1256 4760 1556 4829 ἀγεννήτου
1589 4759 1751 4812 ἐκπό-

1892 4759 2192 4814 ne‘Jabilern
2225 4758 2659 4828 generationem,
2699 4767 2755 4813 et
2786 4772 2926 4811 unus
2954 4755 3272 4810 Paracletos
3321 4755 3433 4827 Spi-

212 4850 394 4901 ρευσιν.
433 4846 494 4898 Οί
514 4847 572 4899 δὲ
607 4847 683 4918 μὴ
731 4847 874 4901 οὕτω
905 4851 1212 4916 ποιοῦντες,
1245 4852 1534 4904 ἐπίσκοποι
1566 4851 1600 4921 ἢ
1628 4867 1753 4921 πρε-

1902 4851 2002 4904 itus
2042 4857 2268 4904 sanctus
2312 4859 2533 4918 propter
2562 4863 2717 4903 suam
2749 4849 2818 4902 ab
2856 4847 3102 4916 ingenito
3137 4849 3443 4917 processio-

209 4929 453 5002 σεύτιροι,
491 4942 774 5012 ἐπιτιμίαν
809 4944 1134 5012 ὑφίστανται
1163 4945 1264 5016 τὴν
1301 4946 1646 5017 καθαίρεσιν.

1901 4958 2008 4996 em.
2042 4941 2298 5010 Episcopi
2331 4952 2514 4995 autem
2546 4949 2601 4995 et
2631 4940 2935 5010 presbyteri
2959 4939 3054 5009 qui
3096 4956 3258 4996 secus
3291 4940 3437 4996 fece-

1864 5035 1994 5095 rint,
2017 5049 2198 5104 pinna.
2221 5033 2589 5103 depositionis
2629 5032 2859 5087 obnoxii
2897 5040 3046 5088 sunt.

280 5114 332 5170 Ὀ
351 5119 406 5172 δέ
437 5139 496 5190 γε
527 5121 594 5188 ν’,
640 5139 757 5195 τρια
785 5125 1138 5196 βαπτίσματα
1172 5128 1301 5196 μιᾶς
1343 5129 1596 5197 μυήσεως
1633 5131 1757 5184 ἐπι-

1931 5127 2120 5184 Canon
2152 5137 2332 5182 autem
2367 5127 2434 5182 50
2476 5127 2580 5180 tria
2614 5125 2780 5181 unius
2812 5127 3060 5198 mysterii
3106 5127 3439 5198 baptismata

212 5206 379 5274 τελεῖν,
411 5219 556 5284 τρεῖς
585 5217 789 5285 δηλαδὴ
833 5218 1158 5281 καταδύσεις
1193 5221 1252 5270 ὲν
1283 5220 1363 5272 ἐνὶ
1394 5219 1752 5290 βαπτίσματι,

1897 5225 2130 5278 erlicere
2165 5224 2316 5292 jubet
2364 5226 2517 5290 (tres
2557 5237 2756 5294 nempe
2799 5223 3185 5279 itnmersiones
3231 5225 3285 5280 in
3329 5243 3438 5281 uno

214 5300 292 5385 ξιαὶ
314 5301 506 5377 ἑκάστῃ
532 5307 642 5360 τῶν
665 5309 1017 5362 καταδύσεων
1045 5310 1104 5363 ἓν
1133 5311 1305 5381 ὄνομα
1333 5313 1430 5381 τῆς
1453 5313 1614 5381 ἁγίας
1635 5315 1755 5366 ἑπι-

1894 5314 2182 5385 aptismo,
2247 5324 2302 5368 et
2353 5314 2427 5380 ad
2497 5329 2948 5384 unamquamque
3025 5315 3435 5372 immersionem

211 5384 364 5455 λέγειν
389 5397 610 5465 Τριάδος
635 5415 648 5428 ·
679 5399 818 5453 ἀλλά
857 5400 932 5472 μὴ
955 5399 1015 5453 ἓν
1050 5400 1336 5472 βάπτισμα
1372 5404 1453 5466 είς
1477 5404 1567 5458 τὸν
1591 5403 1752 5459 θάνα-

1900 5384 2031 5458 num
2063 5401 2428 5458 S.Trinitatis
2452 5419 2652 5458 nomen
2680 5392 3086 5474 pronuniiare),
3115 5421 3222 5460 non
3249 5418 3435 5464 autem

213 5494 286 5532 τον
311 5486 394 5540 τοῦ
419 5490 619 5560 Κυρίου
652 5493 952 5562 διδόμενον,
1003 5494 1124 5564 ἦτοι
1151 5494 1300 5558 ἅπαξ
1333 5495 1626 5550 καταδύειν
1664 5498 1754 5550 τὸν

1904 5513 2031 5551 num
2057 5496 2388 5564 baptismum
2415 5497 2507 5564 qui
2534 5497 2772 5551 daturin
2798 5507 3028 5553 mortem
3055 5497 3267 5553 Domini
3291 5518 3304 5555 :
3333 5501 3437 5557 hoc

217 5570 598 5650 βαπτιζόμενον,
641 5585 737 5638 καὶ
784 5587 863 5649 εἰς
890 5586 1020 5655 μίαν
1066 5586 1364 5640 κατάδυσιν
1395 5587 1488 5639 τὸν
1513 5587 1606 5640 τοῦ
1643 5591 1754 5642 Κυ-

1895 5601 1964 5655 st,
2009 5605 2134 5644 eum
2175 5589 2270 5658 qui
2301 5589 2631 5658 baptizatur,
2672 5591 2844 5644 semel
2878 5589 3230 5658 immergere,
3260 5605 3312 5647 et
3343 5596 3436 5649 uni

218 5664 315 5730 Piou
358 5673 701 5746 ἐπιφημίζειν
762 5678 1014 5740 θάνατον,
1056 5679 1132 5742 ὡς
1158 5681 1192 5750 ἡ
1243 5679 1630 5750 παραπληξίας
1662 5682 1756 5748 γέ-

1895 5679 2204 5734 mmersioni
2249 5689 2480 5734 mortem
2524 5680 2741 5734 Domini
2777 5681 3075 5746 ascribere,
3123 5683 3201 5734 uti
3235 5698 3436 5738 vesana

220 5771 369 5820 μονσα
395 5768 493 5820 τῶν
514 5770 863 5840 Εύνομιανών
884 5770 1096 5837 αἵρεσις
1125 5771 1441 5823 ὑποτίθεται
1461 5787 1476 5802 ο
1507 5766 1574 5842 ἧς
1608 5775 1700 5825 καὶ
1727 5773 1756 5824 6

1896 5771 2332 5826 iunomianorum
2367 5773 2591 5826 hazresis
2622 5771 2868 5826 decernit
2896 5788 2909 5825 :
2941 5773 3104 5841 cujus
3136 5773 3213 5828 rei
3245 5778 3437 5830 memi-

217 5848 255 5911 ζ’
276 5853 362 5923 τῆς
391 5857 431 5926 β’
473 5863 685 5915 συνόδου
719 5859 899 5914 κανὼν
947 5862 1244 5930 μέμνηται.
1275 5863 1350 5915 Ού
1398 5861 1506 5932 γὰρ
1547 5858 1698 5916 εἶπεν
1726 5865 1754 5916 ὁ

1890 5865 1939 5917 .it
1983 5864 2010 5915 7
2068 5879 2193 5918 can.
2241 5863 2276 5916 ‘2.
2329 5881 2448 5933 syn.
2509 5862 2626 5918 Non
2669 5865 2814 5918 enim
2858 5863 2998 5919 dixit
3049 5865 3339 5938 Dominus,
3375 5869 3431 5926 lu

505 5958 768 6016 “'1'an
813 5959 931 6018 Gn.
983 5957 1262 6019 CXLIV.
2958 5958 3035 6018 35
