3902 6588
294 452 402 513 1101

1183 454 1592 517 smmum
1633 440 2260 520 ALPHABETiCUM.
2301 487 2365 495 —
2408 459 2471 517 ιι.

3374 457 3509 522 ῙὶΟΞ

284 564 370 639 τὴν
391 566 657 655 είσέπειτα
682 570 810 642 ’περὶ⁵
836 570 936 642 τὴν
971 571 1155 626 πὲστιν
1181 573 1425 645 σπουδὴν
1481 574 1573 627 καὶ
1605 572 1704 644 τὴν
1731 573 1838 627 τῶν

1950 573 2178 643 egisset;
2215 576 2319 629 nisi
2351 590 2573 645 pr0pter
2621 590 2861 646 sequens
2903 574 2959 631 in
3024 576 3128 631 ﬁde
3161 575 3432 641 studium,
3461 590 3513 631 ct

289 661 562 730 ἀνθρώπων
591 664 787 718 σπάνιν
820 667 1232 734 συγκατὰϐασις
1265 668 1497 735 γένοιτο.

352 752 407 806 '0
430 752 483 807 δὲ
513 754 609 826 τῆς
632 755 690 809 ἐν
736 758 1067 834 Καρθαγένῃ
1102 761 1184 832 με’
1240 761 1523 832 βαπτίζειν
1564 764 1833 835 ἀπείρηκε

281 838 358 897 τὸν
374 845 541 911 νόσοις
570 847 602 918 ἥ
643 850 850 920 ἑτέροις
880 853 1250 923 συμπτώμασι
1276 854 1338 908 τὸ
1365 855 1515 924 ὑγιὲς
1542 857 1835 928 ἀφῃρημέ-

278 953 356 989 νον
384 936 474 990 τοῦ
528 938 657 993 νοῦ·
712 942 763 994 εί
795 943 874 1013 μὴ
906 945 1101 1014 ῥαΐσας
1146 947 1366 1021 μικρὸν,
1392 948 1489 1019 τὴν
1547 948 1687 1022 ὑπὲρ
1734 949 1836 1020 τῆς

279 1026 497 1093 πίστεως
524 1029 861 1107 ⁸προαίρεσιν
911 1036 1118 1091 καὶτὸν
1167 1040 1514 1110 προσήκοντα
1538 1040 1702 1096 πὸθον
1736 1057 1836 1111 σηε-

280 1119 447 1189 μήνειε
470 1123 535 1195 τῇ
567 1127 742 1195 φωνῇ.
778 1125 843 1180 Εἰ
877 1127 935 1181 δὲ
966 1129 1073 1200 πρὸ
1102 1130 1200 1195 τῆς
1230 1130 1513 1194 ἀσθενείας
1552 1136 1836 1207 μαρτυρη-

277 1209 380 1283 θείη
414 1211 475 1266 τὸ
511 1212 795 1288 βάπτισμα
840 1218 1137 1292 ἐπιζητῶν,
1189 1223 1284 1275 καὶ
1338 1222 1406 1277 δι’
1438 1223 1620 1289 αἰτίας
1680 1225 1836 1288 τινας

279 1303 705 1376 ὑπερτιθέμενος,
757 1310 1148 1383 ἀναμφιϐόλως
1178 1313 1638 1384 βαπτισθήσεται.
1672 1308 1837 1387 Ζήτει

274 1396 355 1448 καὶ
381 1397 437 1449 ὲν
457 1393 533 1468 τῷ
556 1406 604 1454 α’
636 1418 763 1471 κεφ.
794 1403 891 1458 τοῦ
916 1403 960 1459 Α
992 1406 1261 1477 στοιχείου
1303 1407 1507 1461 κανόνα
1542 1406 1610 1478 ιβ’
1642 1409 1743 1479 τῆς
1777 1411 1838 1463 ὲν

287 1488 512 1565 Ἆγκύρᾳ
541 1493 792 1551 συνόδου.

343 1580 398 1634 '0
417 1581 473 1635 δι
500 1589 555 1648 ς’
574 1586 674 1654 τῆς
696 1587 755 1639 ὲν
767 1586 1176 1662 Νεοιιαισαριειιρ⁸
1196 1590 1419 1643 συνόδου
1437 1590 1545 1643 τῶν
1564 1591 1839 1659 γυναικῶν

269 1673 355 1736 τὰς
377 1673 683 1745 ἐγκύμονας
737 1676 839 1731 οὐκ
866 1680 1123 1752 ἀπείργει
1179 1679 1517 1751 βουλομένας
1572 1681 1842 1754 βαπτίσα-

271 1766 398 1821 aiat;
428 1767 505 1821 Ού
546 1768 656 1842 γὰρ
701 1770 953 1825 κοινωνεῖ
975 1774 1204 1838 ταύταις
1232 1774 1329 1828 τοῦ
1370 1776 1722 1847 φωτίσματος
1747 1777 1842 1832 καὶ

268 1857 321 1909 τὸ
344 1855 595 1927 ἔμϐρυον,
635 1861 804 1931 μήπω
826 1862 977 1934 παρὰ
1002 1863 1102 1933 τῆς
1132 1865 1350 1935 φύσεως
1391 1866 1686 1937 δεξάμενον
1735 1866 1837 1939 τὴν

1942 665 2225 720 hominum
2251 668 2513 737 inopiam,
2543 668 2595 722 id
2616 668 2663 723 ei
2698 668 2970 723 indultum
3008 666 3198 745 fuerit.

2012 756 2204 813 Canon
2230 768 2359 813 Vero
2390 759 2460 814 45
2483 775 2607 831 syn.
2633 758 2890 831 Carthag.
2922 776 3047 816 eum
3069 761 3161 831 qui
3186 776 3298 830 pra:
3329 762 3516 818 morbo

1939 849 2119 905 alio've
2146 866 2276 906 casu
2314 855 2554 907 sanitate
2587 853 2787 907 mentis
2822 853 3069 922 privatus
3106 842 3294 917 fuerit,
3328 856 3509 925 bapti‘

1941 955 2069 994 zare
2095 940 2375 1010 prohibet,
2436 942 2544 996 nisi
2579 958 2771 1012 parum
2803 945 3199 999 convalescens
3266 947 3511 1001 volunta-

1944 1039 2049 1097 tem
2086 1046 2245 1086 suam
2276 1035 2421 1089 circa
2448 1034 2608 1089 ﬁdem
2644 1045 2701 1089 et
2730 1035 2974 1090 debitum
3027 1036 3361 1092 desiderium
3389 1055 3517 1095 voce

1938 1119 2236 1191 signiﬁcet.
2295 1123 2449 1191 Quod
2519 1126 2566 1181 si
2622 1141 2771 1191 cum,
2835 1137 3130 1200 antequam
3199 1141 3514 1201 aegrotaret.

1941 1212 2276 1282 baptismum
2308 1217 2631 1285 quaesivisse
2654 1234 2891 1290 eumque
2949 1220 3168 1290 aliquas
3204 1223 3273 1276 ob
3313 1238 3517 1280 causas

1938 1306 2246 1374 distulisse,
2307 1310 2627 1367 testimonio
2697 1313 3001 1392 probatum
3049 1312 3243 1381 fuerit,
3306 1316 3516 1380 absque

1937 1403 2089 1457 omni
2124 1403 2440 1460 ilimcultate
2462 1405 2851 1474 baptizabitur.
2887 1404 3084 1474 Quaere
3113 1408 3280 1465 etiam
3316 1410 3369 1464 in
3401 1411 3518 1480 pri-

1940 1504 2032 1548 mo
2064 1510 2190 1565 cap.
2222 1495 2421 1551 littera:
2465 1498 2513 1552 A
2542 1511 2810 1553 canonem
2880 1498 2948 1552 12
3002 1513 3127 1570 syn.
3188 1501 3516 1574 Ancyranaa.

2011 1586 2202 1642 Canon
2259 1599 2444 1646 autem
2478 1589 2512 1645 6
2552 1606 2681 1662 syn.
2730 1587 3042 1646 Neocaasar.
3086 1592 3347 1650 mulieres
3376 1611 3519 1664 prae-

1939 1682 2438 1751 gnantes,quando
2471 1681 2772 1746 voluerint,
2802 1681 3072 1753 baptizari
3106 1700 3219 1740 non
3239 1686 3517 1756 prohibet.

1941 1768 2219 1842 Embryon
2270 1771 2418 1826 enim
2468 1772 2523 1827 in
2582 1772 2857 1842 baptismo
2908 1788 3033 1829 cum
3080 1774 3148 1829 iis
3185 1775 3323 1830 nihil
3357 1778 3521 1832 habet

1941 1852 2259 1929 commune,
2314 1864 2517 1941 quippe
2546 1865 2696 1935 quod
2756 1881 2788 1920 a
2843 1874 3037 1922 natura
3105 1867 3234 1922 boni
3282 1879 3339 1924 et
3390 1871 3518 1925 mali

267 1947 351 2002 τοῦ
379 1949 582 2017 ἀγαθοῦ
612 1953 932 2024 προαίρεσιν
962 1957 1058 2009 καὶ
1083 1955 1179 2010 τοῦ
1208 1957 1472 2029 χείρονος,
1505 1958 1613 2033 ούδ*
1632 1952 1746 2013 οἷόν
1769 1976 1830 2013 τε

1950 1952 2268 2009 :lcctionem
2293 1971 2404 2010 non
2432 1954 2652 2018 habeat,
2676 1965 2730 2011 et
2758 1955 3105 2027 impossibile
3120 1958 3193 2014 sit
3216 1968 3275 2014 ut
3293 1972 3520 2030 praestet

265 2038 419 2095 ταῦτα
447 2045 921 2114 περιεργάσασθαι
960 2048 1112 2112 ὅπως
1151 2049 1337 2120 έχουσι
1391 2049 1686 2114 διαθέσεως
1709 2069 1725 2083 σ
1760 2052 1830 2106 τὰ

264 2132 316 2186 δέ
334 2149 393 2203 γε
415 2134 606 2198 νήπια,
641 2136 728 2190 διὰ
777 2137 887 2192 τῶν
933 2139 1213 2210 ἀναδόχων
1269 2140 1701 2212 κατατιθέμενοι,
1735 2142 1831 2196 καὶ

265 2223 432 2294 ιργοις
484 2227 669 2292 αὐτοῖς
710 2227 1097 2302 φωτιζόμενα,
1152 2233 1254 2304 τῆς
1297 2233 1450 2299 θείας
1479 2232 1830 2288 κοινωνοῦσιν

263 2312 590 2389 ἑλλάμψεως.

336 2409 393 2463 '0
417 2411 472 2464 δὲ
501 2418 555 2477 ς’
584 2413 678 2466 τοῦ
712 2410 986 2485 Τιμοθέου
1011 2408 1443 2488 ’Δλεξανδρείας,
1461 2418 1525 2472 Ἡ
1557 2414 1832 2492 κατηχου-

266 2502 387 2574 μένη
415 2502 580 2575 γυνὴ,
617 2505 775 2574 φησὶ,
807 2506 857 2558 εί
887 2507 1027 2560 κατά
1058 2507 1159 2579 τὴν
1201 2509 1423 2579 ἡμέραν
1453 2509 1512 2562 ἐν
1545 2504 1581 2585 ᾖ
1636 2510 1834 2580 βαπτι-

265 2592 439 2663 σθῆναι
479 2590 764 2664 προέθετο,
796 2599 865 2652 τὰ
898 2601 1022 2652 κατ’
1070 2598 1192 2663 ἔθος
1244 2600 1383 2673 αὐτῇ
1425 2603 1694 2674 συμϐαίη,
1749 2602 1831 2669 είς

262 2682 351 2757 τὴν
378 2687 639 2742 ἐπιοῦσαν
669 2689 1052 2761 ύπερτιθέσθω
1076 2693 1138 2745 τὸ
1166 2689 1446 2764 ιρώτισμα.

335 2779 392 2831 Ὀ
415 2779 470 2832 δὲ
499 2778 547 2833 α’
579 2781 772 2846 αὐτοῦ,
829 2783 890 2836 Ei
920 2772 1158 2845 παιδίον,
1208 2789 1364 2856 φησι,
1394 2785 1828 2858 κατηχούμενον,

263 2868 293 2940 ἢ
319 2873 405 2928 καὶ
436 2872 578 2944 ἀνὴρ
607 2873 708 2944 τῆς
734 2875 889 2947 ἱερᾶς
909 2876 1240 2948 τελουμένης
1271 2876 1487 2943 θυσίας,
1518 2879 1831 2951 προσελθὼν

262 2963 557 3036 ἀπονήρως,
589 2966 697 3020 τῶν
728 2968 891 3022 θείων
918 2969 1294 3041 μεταλήψεται
1323 2969 1536 3041 δώρων,
1568 2970 1829 3043 ἀγνοοῦν-

262 3072 345 3121 τος
383 3056 474 3112 τοῦ
527 3060 723 3130 ἱερέως
758 3059 901 3115 εἶναι
955 3063 1145 3115 τοῦτον
1179 3064 1611 3134 κατηχούμενον,
1666 3065 1831 3132 εὐθὺς

263 3148 619 3220 βαπτιζέσθω·
652 3155 758 3207 ὑπὸ
782 3155 890 3224 γὰρ
921 3154 1018 3209 τοῦ
1054 3156 1261 3227 Κυρίου
1291 3158 1721 3230 προσκέκληται.

333 3240 391 3294 ὐ
417 3242 472 3296 δὲ
511 3250 562 3296 κ’
608 3238 703 3298 τοῦ
762 3244 1002 3314 μεγάλου
1036 3244 1343 3311 Βασιλείου,
1379 3246 1492 3310 Τὰς
1546 3248 1833 3335 αἱρετικάς
1856 3292 1901 3351 6

261 3334 510 3401 γυναῖκας
548 3334 649 3390 καὶ
690 3335 858 3410 μήπω
879 3335 977 3390 τοῦ
1005 3336 1152 3391 θείου
1173 3337 1489 3409 ἠξιωμένας
1524 3334 1833 3411 βαπτίσμα-

254 3441 360 3491 ’.νς,
389 3427 504 3481 ἀλλ’
533 3429 594 3481 ὲν
617 3416 686 3500 τῇ
709 3429 821 3483 τῶν
849 3432 1278 3501 κατηχουμένων
1305 3430 1460 3498 τάξει
1487 3431 1836 3504 παραμενού-

259 3535 345 3583 σας
368 3522 515 3575 eicit
530 3540 569 3588 t,
596 3522 644 3574 εί
668 3523 968 3592 παρθενίαν
995 3518 1412 3593 ὁμολογήσαιεν,
1432 3520 1552 3579 εἷτα
1574 3524 1841 3599 ἀνδράσιν

258 3607 441 3676 ἑαυτὰς
464 3614 703 3677 ἑκδοῖεν,
746 3613 822 3685 μὴ
855 3614 1323 3679 καταδικάζεσθαι
1359 3616 1435 3680 ὡς
1487 3616 1836 3688 ψευσαμένας

258 3704 344 3776 τὴν
380 3706 704 3778 ὁμολογίαν.
741 3706 886 3759 Ὀσα
915 3707 1027 3777 γὰρ
1064 3708 1092 3760 ὁ
1124 3706 1288 3777 νόμος
1318 3700 1504 3776 λέγει,
1533 3711 1644 3773 τοῖς
1674 3711 1732 3764 ἐν
1758 3708 1837 3781 τῷ

259 3797 396 3870 νόμῳ
417 3798 580 3854 λαλεῖ
599 3814 615 3829 ’
649 3798 1058 3869 βαπτισάμεναι
1089 3799 1199 3871 γὰρ
1224 3800 1330 3852 τῶν
1371 3802 1480 3872 πρὸ
1508 3800 1606 3855 τοῦ
1639 3800 1837 3871 βαπτίο

261 3905 454 3960 σματος
509 3887 852 3961 σφαλμάτων
910 3891 1171 3944 ἁπάντων
1218 3891 1571 3963 συγχώρησιν
1595 3890 1836 3963 ἔχουσιν,

261 3981 372 4037 ἐπεὶ
391 3983 487 4037 καὶ
528 3981 855 4053 σύμπαντες
880 3983 929 4035 oi
957 3981 1353 4047 πιστεύσαντες
1378 3985 1473 4036 καὶ
1501 3982 1842 4057 βαπτισάμε-

259 4086 333 4127 vet
365 4075 473 4130 οὐδ’
525 4074 817 4146 ἡντιναοῦν
849 4075 1114 4145 ὑπέχουσι
1152 4075 1311 4147 δίκην
1339 4076 1457 4130 ἀνθ’
1499 4072 1576 4131 ὧν
1607 4077 1715 4146 πρὸ
1743 4077 1839 4132 τοῦ

263 4162 633 4233 βαπτίσματος
675 4165 930 4235 ἥμαρτον
951 4178 966 4192 ·
1015 4163 1190 4218 ταῦτα
1219 4165 1328 4235 γὰρ
1352 4168 1421 4219 τά
1444 4167 1715 4237 πρεσϐεῖα
1742 4169 1841 4222 καὶ

262 4253 508 4326 ἐξαίρετα
538 4255 636 4325 τῆς
669 4256 1051 4325 πνευματικῆς
1080 4256 1520 4329 ἀνα-γεννήσεως.

336 4347 394 4400 '0
423 4346 481 4400 δὲ
517 4346 557 4398 δ’
592 4344 689 4399 τοῦ
718 4345 982 4414 Θεοφίλου
1012 4346 1451 4419 Ἀλεξανδρείας,
1509 4349 1640 4418 περί
1692 4358 1839 4414 τινος

261 4440 324 4509 τῇ
352 4435 456 4509 ἰδία
478 4437 898 4509 συμφθαρέντος
941 4439 1220 4510 ἀδελφιδῇ,
1264 4440 1330 4493 Et
1366 4439 1465 4510 μὲν
1494 4440 1601 4512 πρὸ
1626 4439 1720 4494 τοῦ
1748 4441 1843 4511 βαι-

262 4524 583 4598 πτίσματος,
627 4529 785 4599 φησὶ,
831 4528 1005 4601 ταύτῃ
1052 4530 1341 4600 ἐμίγνυτο,
1388 4532 1483 4585 καὶ
1513 4531 1653 4600 μετά
1682 4531 1841 4584 τοῦτο

1932 2057 1995 2098 ea
2030 2059 2153 2114 qum
2184 2045 2239 2099 in
2267 2045 2542 2115 baptismo
2575 2046 2819 2116 polliceri
2841 2046 3023 2102 debet.
3052 2045 3296 2107 Infantes
3332 2062 3514 2106 autem

1932 2151 2031 2205 per
2065 2146 2412 2207 susceptores
2471 2151 2603 2193 suos
2658 2139 2953 2210 assumpti,
2980 2156 3284 2212 eorumque
3335 2143 3514 2212 operi-

1936 2212 2036 2279 bus
2097 2225 2431 2294 illuminati,
2490 2230 2827 2285 sacrosancti
2894 2231 3154 2301 baptismi
3216 2234 3512 2304 participes

1935 2313 2093 2368 ﬁunt

2005 2404 2195 2461 Canon
2236 2417 2417 2484 autem
2449 2402 2483 2465 6
2515 2399 2789 2467 Timothei
2851 2414 3238 2482 Alexandrini,
3279 2396 3515 2484 Mulier,
3622 2456 3643 2467 ς

1934 2490 2133 2571 inquit,
2159 2476 2587 2569 catechuinena,
2610 2504 2656 2559 si
2687 2519 2761 2564 eo
2779 2505 2870 2560 die
2902 2506 2956 2560 in
2993 2521 3100 2575 quo
3124 2476 3386 2579 baptizari
3416 2476 3516 2565 de:

1936 2593 2428 2679 sliuaveratfquod
2456 2596 2777 2671 mulieribus
2798 2598 2938 2652 solet
2962 2599 3011 2655 ei
3037 2601 3275 2665 accidat,
3308 2604 3516 2675 baptis-

1933 2701 2083 2740 mum
2122 2687 2179 2741 in
2214 2685 2364 2742 diem
2388 2697 2713 2759 sequentem
2745 2688 2988 2745 diﬂ'erat.

2004 2773 2260 2847 Ejusdem
2293 2791 2469 2832 canon
2496 2777 2549 2842 i,
2578 2779 2634 2833 Si
2672 2779 2909 2848 puellus,
2930 2780 3130 2849 inquit,
3160 2784 3511 2842 catechume-

1932 2883 2059 2934 nus,
2110 2869 2196 2924 vel
2255 2867 2363 2933 vir;
2401 2871 2530 2926 dum
2588 2886 2745 2926 sacra
2791 2870 2852 2927 ﬁt
2898 2873 3130 2937 oblatio,
3187 2876 3513 2946 adveniens,

1933 2974 2219 3016 sacrorum
2253 2958 2524 3016 donorum
2558 2961 2833 3034 particeps
2865 2961 3046 3019 factus
3088 2964 3277 3032 fuerit,
3319 2982 3509 3024 sacer-

1931 3053 2058 3109 dote
2119 3052 2420 3118 nesiriente,
2461 3069 2529 3108 an
2566 3054 2875 3125 baptizatus
2921 3056 3011 3119 sit.
3075 3072 3271 3122 necne.
3326 3061 3514 3116 statim

1933 3144 2283 3225 baptizetur;
2319 3160 2348 3198 a
2371 3143 2486 3200 Deo
2510 3145 2657 3200 enim
2686 3133 2944 3202 vocatur.
3390 3141 3399 3148 ’

2001 3235 2112 3308 ω
2127 3233 2437 3293 Vicesimus
2455 3245 2637 3293 autem
2657 3240 2837 3308 magni
2860 3239 3038 3294 Basilii
3064 3253 3264 3307 canon,
3286 3240 3514 3297 llmreti-

1937 3322 2265 3400 can-inquit,
2295 3330 2578 3397 mulieres,
2611 3345 2735 3401 qua:
2769 3333 3015 3387 nondum
3036 3332 3310 3405 baptismo
3338 3336 3516 3406 digna:

1938 3423 2138 3480 habitae
2166 3428 2316 3488 sunt,
2347 3423 2442 3478 sed
2479 3422 2534 3477 in
2571 3423 2764 3479 ordine
2780 3423 2960 3478 adhuc
2990 3425 3515 3480 catcchumenorum

1936 3522 2181 3579 manent,
2215 3514 2263 3571 si
2295 3513 2667 3585 virginitatem
2692 3512 2960 3595 professae
2981 3530 3104 3571 sese
3137 3525 3325 3586 postea
3382 3516 3519 3572 viris

1938 3609 2183 3676 tradant,
2220 3616 2281 3663 ut
2326 3605 2488 3662 tidem
2544 3604 2802 3662 fallentes
2855 3621 2969 3664 non
3021 3618 3149 3664 sunt
3202 3606 3516 3681 punienda.

1938 3700 2291 3772 Quaecunque
2326 3698 2473 3756 enim
2508 3698 2644 3757 dicit
2675 3697 2785 3777 lex.
2836 3695 2907 3753 iis
2939 3697 3070 3755 dicit
3123 3699 3218 3770 qui
3266 3700 3371 3756 sub
3395 3698 3521 3771 iege

1940 3798 2109 3854 sunt;
2170 3788 2461 3859 baptizata:
2515 3786 2699 3842 autem
2748 3785 3072 3841 delictorum
3104 3788 3353 3842 omnium
3392 3799 3521 3843 ante

1939 3881 2275 3952 baptismum
2311 3878 2681 3934 admissorum
2705 3877 2924 3932 veniam
2958 3886 3396 3949 consequuntur,
3443 3877 3521 3934 si—

1939 3972 2160 4045 quidem
2199 3986 2392 4027 omnes
2446 3971 2541 4041 qui
2582 3971 2813 4025 credunt
2867 3980 2922 4025 et
2971 3956 3345 4040 baptiiantur,
3407 3986 3508 4041 pro

1942 4063 2184 4135 peccatis
2216 4063 2550 4132 baptismum
2586 4060 3027 4131 praecedentibus
3094 4062 3232 4117 nulli
3289 4063 3521 4117 omnino

1943 4142 2117 4226 poenae
2149 4156 2371 4213 obnoxii
2398 4164 2546 4210 sunt.
2588 4149 2718 4209 llaec
2744 4154 2887 4209 enim
2935 4166 3065 4209 sunt
3097 4156 3368 4226 praecipua
3401 4156 3520 4226 spi-

1942 4249 2160 4305 titualis
2194 4248 2625 4321 regenerationis
2653 4247 2961 4320 privilegia.

2014 4330 2470 4409 Quarttts‘antcm
2497 4341 2785 4410 Theophili
2818 4340 3168 4395 Alexandrini
3188 4340 3255 4397 dc
3285 4340 3519 4412 quodam

1943 4448 2068 4492 cum
2092 4431 2420 4489 consobrina
2440 4447 2540 4488 sua
2561 4433 2771 4504 polluto
2798 4448 2814 4487 :
2845 4433 2925 4498 Si,
2947 4432 3149 4503 inquit,
3167 4441 3295 4488 ante
3314 4433 3525 4504 baptis-

1944 4538 2095 4580 mum
2123 4538 2249 4579 cum
2292 4522 2380 4577 illa
2414 4523 2568 4585 coiit.
2627 4531 2684 4578 et
2739 4530 2933 4594 postea
2988 4522 3060 4577 ab
3098 4538 3162 4577 ea
3212 4522 3521 4589 abstinuit,

262 4621 456 4693 ταύτης
512 4615 808 4692 ἀπέσχετο,
848 4623 1058 4692 μενέτω
1109 4622 1398 4686 διάκονος·
1452 4623 1514 4675 τὸ
1542 4622 1652 4694 γάρ
1683 4623 1838 4694 ἅγιον

1950 4624 2165 4671 maneat
2196 4614 2504 4680 diaconus;
2548 4624 2943 4670 sacrosanctus
2999 4615 3150 4671 enim
3214 4615 3525 4686 baptismus

265 4711 545 4785 βάπτισμα
562 4714 631 4767 τὰ
662 4712 865 4784 πρώην
887 4713 1054 4771 αὐτοῦ
1081 4714 1413 4785 ἐκαθάρισεν
1433 4716 1837 4789 ἁμαρτήματα·

264 4805 310 4857 εί
347 4805 404 4860 δὲ
430 4806 572 4877 μετά
597 4805 656 4858 τὸ
686 4806 974 4877 βάπτισμα
995 4805 1119 4877 ἔσχε
1142 4805 1370 4879 ταύτην,
1394 4798 1718 4877 ἐκϐληθήτω
1747 4806 1840 4861 τοῦ

264 4894 501 4967 κλήρουο
559 4897 637 4966 τῷ
672 4897 729 4951 δὲ
786 4896 845 4963 ἐξ
883 4897 1107 4965 ἀγνοίας
1168 4897 1333 4952 αὑτὸν
1397 4897 1842 4968 χειροτονήσαντι

264 4988 409 5042 οὐδὲν
449 4988 649 5059 βλάϐος
673 4991 740 5042 ἐκ
771 4990 963 5043 τούτου
991 4972 1302 5059 γενήσεται.

338 5081 398 5135 ’0
425 5064 484 5134 δὲ
512 5078 553 5134 δ’
585 5081 678 5134 τοῦ
711 5081 868 5149 ἀγίου
916 5080 1191 5155 Κυρίλλου
1247 5081 1453 5147 κανὼν,
1504 5081 1629 5136 Κᾶν
1676 5098 1844 5153 χωριδ

267 5173 417 5240 σμξν,
443 5175 636 5244 φησὶν,
689 5173 1031 5245 ὑπομείνωσι
1062 5191 1209 5237 τινες
1253 5173 1363 5228 τῶν
1387 5177 1840 5246 κατηχουμένων,

267 5268 622 5337 πταισμάτων
650 5266 837 5320 ἕνεκεν
868 5267 1315 5335 ἐπιτιμηθέντες,
1345 5268 1441 5319 καὶ
1484 5266 1723 5337 μέλλωσι
1750 5278 1842 5321 τε·

267 5351 476 5426 λευτᾷν,
510 5353 987 5424 βαπτιζέσθωσαν,
1025 5359 1115 5408 καὶ
1149 5355 1223 5424 μὴ
1249 5354 1512 5425 ἀμέτοχοι
1558 5355 1658 5425 τῆς
1687 5356 1843 5427 χάρι-

268 5461 354 5508 τος
374 5445 485 5498 τῶν
514 5445 877 5517 ἀνθρωπίνων
898 5446 1380 5517 ἀποδημείτωσαν.

348 5537 408 5591 ’0
440 5537 495 5591 δὲ
523 5536 568 5608 β’
597 5528 696 5592 τοῦ
732 5536 1003 5607 Τιμοθέου
1046 5536 1456 5607 Ἀλεξανδρείας
1496 5539 1846 5610 κατηχούμεη

272 5641 357 5677 νον
401 5626 764 5698 δαιμονῶντα,
813 5628 947 5696 πρὶν
1001 5627 1036 5699 ἢ
1097 5625 1195 5680 τοῦ
1243 5625 1561 5696 ἀκαθάρτου
1590 5626 1847 5695 δαίμονος

1946 4712 2127 4781 priora
2187 4709 2309 4778 ejus
2339 4696 2560 4780 peccata
2591 4708 2941 4779 cxpurgavit.
2995 4707 3095 4763 Sin
3151 4718 3338 4763 autem
3397 4723 3519 4763 eam

1946 4811 2068 4872 post
2097 4802 2433 4872 baptismum
2481 4805 2646 4858 etiam
2683 4801 2961 4863 habuerit.
2988 4815 3018 4855 e
3045 4802 3194 4856 clero
3235 4801 3520 4872 ejiciatur;

1943 4897 1991 4950 ei
2014 4903 2197 4949 autem
2222 4894 2317 4963 qui
2330 4894 2586 4948 eumdem
2613 4909 2679 4949 ex
2700 4894 3015 4964 ignorantia
3043 4894 3345 4959 ordinavit,
3380 4894 3523 4950 nihil

1944 4987 2144 5043 exinde
2172 4986 2359 5041 damni
2392 4985 2684 5041 inferetur.

2016 5080 2260 5145 Quartus
2291 5086 2473 5133 autem
2537 5078 2717 5134 sancti
2775 5077 2971 5150 Cyrilli
3004 5092 3229 5142 canon,
3283 5078 3339 5135 Si
3402 5078 3522 5149 qui,

1946 5170 2144 5240 inquit,
2168 5170 2551 5237 catechumeni
2586 5170 2924 5226 exsistentes
2945 5172 3319 5243 segregationi
3348 5171 3526 5242 subji.

1946 5262 2187 5325 ciantur,
2246 5270 2471 5332 propter
2524 5260 2721 5316 delicta
2772 5276 2995 5332 pinnam
3081 5262 3385 5317 subeuntes
3417 5298 3437 5325 ,
3470 5269 3527 5314 rt

1947 5353 2260 5409 moribundi
2291 5353 2425 5420 sint,
2470 5354 2853 5423 baptizentur,
2894 5363 2952 5410 et
2984 5356 3178 5426 gratiae
3207 5372 3316 5411 non
3348 5354 3525 5425 parti-

1946 5444 2094 5514 cipes
2126 5459 2157 5499 e
2185 5442 2323 5499 vivis
2353 5458 2425 5499 nc
2449 5444 2743 5499 excedant.

2024 5534 2312 5592 Secundus
2378 5547 2564 5593 autem
2619 5536 2891 5595 Timothei
2938 5537 3291 5594 Aiexandrinl
3344 5552 3523 5594 canon

1948 5629 2404 5683 catcchurnenum
2424 5644 2454 5684 a
2476 5633 2726 5686 daemone
2742 5631 3033 5688 obsessum
3058 5632 3323 5700 baptizari
3350 5639 3524 5699 vetat,

272 5718 629 5791 καθαρθῆναι,
652 5719 854 5774 κωλύει
882 5719 1276 5792 βαπτίζεσθαιο
1304 5718 1567 5788 ἀθέμιτον
1612 5720 1722 5789 γὰρ
1754 5721 1838 5773 τὸν

1952 5729 2246 5790 antequam
2273 5720 2575 5792 abimpuro
2595 5723 2846 5779 daemone
2867 5730 3151 5793 purgetur.
3188 5721 3355 5777 Nefas
3370 5725 3520 5778 enitn

274 5814 618 5883 παρασχόντα
651 5814 845 5867 ἑαυτὸν
871 5811 950 5884 τῷ
970 5810 1193 5885 πονηρῷ
1221 5811 1438 5883 δαίμονι
1466 5811 1549 5879 είς
1571 5812 1848 5882 ινοίκησιν

207 5912 217 5921 ’
276 5908 339 5975 τῇ
377 5908 509 5977 πρδς
529 5908 597 5961 τὰ
627 5896 815 5977 φαῦλα
837 5908 1002 5978 ῥοπῇ,
1027 5896 1122 5958 καὶ
1152 5905 1212 5959 τὸ
1240 5904 1356 5976 φῶς
1377 5896 1471 5959 τοῦ
1496 5905 1656 5975 ἁγίου
1681 5906 1849 5960 Πνεῦ-

1952 5822 2055 5879 cst,
2083 5817 2152 5868 ’ut
2182 5816 2275 5886 qui
2313 5830 2371 5870 se
2404 5816 2620 5887 impuro
2673 5817 2913 5887 daemoni
2945 5831 3046 5887 pro
3091 5816 3374 5873 domicilio
3431 5818 3526 5874 dat

1956 5921 2057 5961 sua
2097 5907 2165 5962 ad
2193 5909 2399 5963 malum
2462 5909 2835 5979 ιιτοιιεηεῑοηο
2865 5946 2881 5975 ,
2912 5909 3089 5964 lucem
3133 5911 3296 5964 etiam
3357 5909 3530 5965 divini
