3902 6604
834 402 863 417 η

297 528 414 592 1103

1193 528 1606 592 SYNTAGMA
1643 520 2358 589 ALPIIABETICUM.-
2402 522 2467 585 Β.

3367 474 3501 577 uas

287 643 373 710 τῆς
394 635 655 709 ἁμαρτίας
684 633 1108 710 άσπασαίμεθα“
1140 644 1267 707 τοὺς
1296 644 1352 697 δὲ
1380 645 1456 715 μὴ
1500 642 1644 697 οὕτω
1683 659 1817 712 φρο-

1948 641 2063 694 arie
2113 647 2332 708 peccata
2395 635 2808 706 amplectamur.
2861 630 2967 687 Eos
3014 641 3198 686 autem
3249 628 3346 699 qui
3393 642 3503 681 non

288 729 505 795 νοῦντας,
541 727 615 799 τῷ
644 729 948 801 άναθέματι
973 736 1194 805 παραπέ
1202 753 1311 805 μπε
1323 754 1362 791 ι.

354 899 408 953 Ὅ
435 900 489 954 δὲ
523 899 646 969 ριβ’,
688 901 752 957 Ἦ
780 903 873 957 διὰ
904 905 999 960 τοῦ
1032 904 1412 979 βαπτίσματος
1456 911 1639 982 χάρις,
1668 915 1823 982 (mai;

286 991 370 1062 τὴν
395 992 583 1060 γνῶσιν
604 995 733 1063 ἡμῖν
757 998 867 1051 τῶν
892 998 1305 1071 ἁμαρτημάτων
1335 1004 1822 1069 ἀποκαλύπτουσα,

286 1084 514 1156 βοήθειαν
541 1088 621 1148 εἰς
642 1087 704 1138 τὸ
753 1088 828 1159 μὴ
849 1090 1193 1162 ἁμαρτάνειν
1226 1095 1480 1166 παρέχει,
1510 1095 1586 1167 τῷ
1621 1097 1826 1167 γνῶναι

284 1177 386 1228 τίνα
404 1176 483 1231 δεῖ
503 1178 800 1247 ἐπιζητεῖν,
836 1184 930 1236 καί⁵
959 1184 1080 1236 τίνα
1104 1187 1266 1238 παντὶ
1295 1187 1470 1240 σθένει
1490 1187 1737 1258 φεύγειν·
1763 1170 1824 1242 ού

248 1322 265 1335 ί
288 1265 379 1335 μὴν
409 1265 537 1321 ἀλλὰ
563 1270 655 1322 καὶ
680 1270 915 1343 δύναμιν
943 1275 1175 1344 παρέχει
1202 1277 1483 1347 κρυπτῶς,
1516 1279 1656 1333 ὥστε
1684 1282 1825 1348 ἀγα-

284 1359 377 1429 πᾷν
404 1359 494 1411 καὶ
522 1361 922 1433 προθυμεῖσθαι
948 1368 1213 1436 πράττειν
1235 1369 1296 1421 τὸ
1318 1371 1572 1440 ποιητέον
1595 1389 1609 1403 ο
1636 1373 1831 1426 ἑκάτεο

283 1466 361 1516 ρον
385 1451 506 1519 γάρ,
533 1451 566 1522 ἦ
598 1469 656 1505 τε
690 1455 892 1521 γνῶσις
916 1456 1011 1510 καὶ
1040 1459 1074 1529 ἡ
1100 1460 1310 1528 ἀγάπη,
1334 1459 1508 1531 δῶρον
1536 1460 1696 1516 Θεοῦ.
1724 1462 1829 1515 Τὸν

280 1541 427 1630 δὲμὴ
462 1541 601 1596 οὕτω
661 1545 818 1618 δόξης
875 1548 1089 1619 ἔχοντα,
1143 1552 1280 1604 ἀλλά
1310 1553 1370 1604 τὸ
1423 1553 1625 1607 εἰδέναι
1666 1554 1714 1607 τί
1748 1554 1831 1609 δεῖ

279 1639 432 1689 ποιεῖν
455 1638 614 1708 μόνον
634 1640 735 1712 τὴν
758 1645 918 1714 χάριν
949 1645 1082 1715 ἡμῖν
1110 1645 1307 1701 διδόναι
1338 1648 1605 1718 οἰόμενον,
1635 1651 1695 1703 οὐ
1719 1650 1828 1721 μὴν

279 1730 360 1782 καὶ
387 1729 443 1782 τὸ
469 1731 691 1804 ἀγαπᾷν
722 1734 750 1787 δ
792 1735 874 1789 δεῖ
911 1741 1109 1803 ποιεῖν,
1163 1741 1276 1804 τοῖς
1306 1741 1670 1812 κληρονόμοις
1701 1748 1829 1797 συν-

277 1820 439 1874 τάττει
460 1821 551 1875 τοῦ
581 1824 924 1896 άναθέματος
948 1845 965 1861 θ
998 1829 1132 1884 διότι
1162 1834 1201 1902 ἡ
1224 1833 1426 1907 γνῶσις
1457 1834 1592 1904 μόνη
1620 1835 1827 1904 φυσιοῖ,

276 1911 304 1982 ἠ
332 1912 384 1966 δὲ
403 1914 585 1985 ἀγάπη
606 1916 904 1989 οἰκοδομεῖ.

1932 724 2002 785 ita
2065 731 2291 795 faciunt,
2352 740 2408 786 et
2462 727 2811 799 potissimum
2869 724 2963 794 qui
3024 737 3187 791 secus
3236 721 3506 782 sentiunt,

1926 824 2276 877 anathemate
2306 821 2452 877 furit.
3048 885 3077 894 _

1999 916 2186 973 Canon
2245 914 2372 979 ΗΞ,
2429 912 2648 979 Gratia,
2704 911 2908 981 inquit,
2970 923 3066 979 per
3144 904 3505 978 baptismum,

1930 1017 2281 1082 peccatorum
2318 1006 2725 1077 ‘cognitionem
2792 1001 3181 1067 manifestans,
3237 996 3502 1053 auxilium

1929 1105 2152 1175 prmbet,
2184 1114 2242 1158 ut
2266 1118 2372 1157 non
2398 1102 2637 1172 amplius
2663 1109 2942 1171 peccetur,
2970 1105 3027 1151 et
3057 1105 3114 1167 ut
3145 1102 3509 1166 cognoscatur

1929 1212 2182 1266 quaenam
2233 1210 2483 1266 quaerere
2539 1201 2913 1263 et,qus:nam
2980 1187 3237 1244 omnibus
3297 1182 3510 1238 viribus

1932 1292 2122 1362 fugere
2148 1298 2429 1360 oporteat;
2452 1287 2584 1359 quin
2607 1295 2663 1341 et
2685 1284 2985 1362 potentiam
3009 1288 3225 1339 secreto
3249 1275 3507 1347 largitur,

1931 1390 1990 1437 ut
2017 1396 2287 1447 amemus,
2319 1388 2373 1436 et
2399 1380 2454 1434 id
2499 1377 2645 1449 quod
2692 1376 3004 1431 faciendum
3037 1380 3124 1428 est
3150 1376 3412 1440 praestare
3451 1363 3509 1418 in

1930 1473 2118 1528 animo
2146 1472 2481 1527 habeamus.
2513 1470 2650 1525 Eum
2696 1478 2878 1524 autem
2929 1465 3023 1537 qui
3053 1479 3161 1519 non
3207 1462 3282 1516 ita
3309 1456 3509 1515 credit.

1931 1567 2023 1623 sed
2060 1566 2254 1630 sentit,
2293 1565 2524 1636 gratiam
2575 1564 2750 1618 solum
2801 1562 2936 1616 dare
2980 1568 3041 1614 ut
3089 1555 3333 1613 sciamus
3377 1548 3513 1621 quid

1931 1656 2242 1716 faciendum
2275 1659 2370 1719 sit,
2423 1672 2531 1712 non
2566 1665 2753 1712 autem
2802 1667 2992 1709 amare
3038 1650 3092 1705 id
3145 1646 3292 1719 quod
3330 1643 3510 1699 facere

1930 1762 2170 1824 oportet.
2237 1751 2383 1806 inter
2449 1736 2821 1805 anathematis
2872 1743 3117 1803 haeredes
3172 1734 3508 1799 constituit;
3580 1774 3584 1778 Α

1931 1844 2191 1914 quoniam
2247 1840 2479 1898 scientia
2545 1841 2663 1896 sola
2727 1838 2924 1902 inflat,
3002 1831 3247 1891 charitas
3323 1834 3513 1881 autem

1930 1934 2188 1992 milificat.

683 1978 803 2074 τοῖς
827 2010 1046 2081 λέγουσι
1090 2013 1352 2069 δύνασθαι
1383 2018 1533 2088 ἡμᾶς
1570 2018 1663 2071 καὶ
1701 2018 1825 2089 δίχα

1944 1978 1976 1992 Ν
2003 1978 2194 2086 (Ξοηοη
2248 2042 2430 2083 autem
2488 2026 2592 2083 H5
2646 2039 2743 2083 eos
2787 2026 2882 2097 qui
2929 2022 3143 2087 dicunt,
3196 2027 3357 2088 posse
3403 2022 3517 2067 nos

271 2094 358 2165 τῆς
377 2095 459 2149 διὰ
481 2098 571 2153 τοῦ
613 2098 998 2175 βαπτίσματος
1029 2106 1253 2176 χάριτος
1276 2109 1372 2173 τὰς
1398 2109 1618 2173 ἐντολὰς
1644 2110 1839 2182 πράτοο

269 2200 371 2279 τεῼιν
428 2189 545 2259 μὲν,
599 2192 1027 2266 δυσχερέστερον
1080 2200 1162 2263 δὲ,
1221 2199 1362 2271 αὕτη
1396 2202 1505 2274 γάρ
1540 2203 1823 2279 εὐχέρειαν

272 2275 424 2348 μόνην
445 2282 525 2345 είς
551 2283 616 2336 τὸ
648 2284 854 2352 ταύτας
880 2287 1366 2359 άνύττεινδίδωσι,
1407 2293 1503 2346 τοῦ
1544 2275 1825 2365 ἀναθεμα-

267 2386 346 2435 τος
374 2375 596 2443 τιμᾶται
641 2380 827 2449 σαφῶς
847 2395 861 2411 ·
898 2380 961 2435 τδ
989 2384 1097 2438 πᾶν
1123 2385 1232 2454 γάρ
1264 2388 1383 2440 ἐστι
1411 2385 1514 2457 τῆς
1556 2385 1707 2451 θείας
1729 2388 1826 2458 χά-

268 2477 422 2533 ριτος,
450 2466 713 2540 κάκείνης
744 2472 872 2526 ἄνευ
902 2472 1058 2528 οὐδὲν
1090 2476 1198 2531 τῶν
1219 2476 1448 2532 δεόντων
1478 2480 1825 2550 κατορθῶσαι

265 2554 542 2626 δυνάμεθα.
564 2558 645 2614 Οὖ
672 2563 780 2631 γὰρ
803 2559 947 2631 εἷπε,
968 2569 1156 2637 φησιν,
1183 2569 1212 2621 ό
1234 2570 1459 2642 Κύριος,
1482 2572 1667 2642 Χωρὶς
1690 2572 1825 2643 ἐμοῦ

267 2647 490 2719 εὐχερῶς
514 2653 573 2706 ού
611 2653 839 2711 δύνασθε
866 2660 1060 2725 ποιεῖν,
1089 2660 1243 2731 ἀλλὰ,
1290 2679 1316 2720 ι
1360 2666 1543 2736 Χωρῖς
1576 2665 1710 2737 ἐμοῦ
1763 2667 1825 2721 οὐ

266 2741 476 2799 δύνασθε
510 2749 689 2801 ποιεῖν
720 2749 897 2806 οὐδέν.
941 2769 960 2804 ι

344 2836 398 2890 '0
433 2839 487 2892 δὲ
511 2840 720 2908 ταύτης
770 2841 842 2915 ιη’
898 2846 1020 2911 τοὺς
1049 2849 1149 2921 ἥδη
1191 2851 1645 2925 τετελευτηκότας
1701 2854 1829 2910 οὔτε

273 2925 562 3001 βαπτῐζειν,
607 2932 730 2988 οὒτε
758 2936 869 2991 τῶν
898 2939 1061 2994 θείων
1098 2941 1315 2998 κελεύει
1348 2947 1693 3017 μεταδιδόναι
1728 2967 1832 3020 μυ-

275 3024 519 3117 στηρίων.
554 3028 654 3101 Μὴ
682 3035 961 3101 συνιέντες
987 3039 1097 3111 γάρ
1118 3036 1265 3107 τινες
1294 3042 1403 3097 τῶν
1450 3044 1831 3117 άποστολικῶν

269 3114 513 3185 ῥημάτων
534 3120 638 3194 τὴν
671 3123 923 3197 δύναμιν,
956 3131 1016 3185 ἐν
1040 3134 1123 3204 τῇ·
1145 3134 1281 3204 πρὸς
1329 3114 1655 3206 Κορινθίους
1697 3140 1833 3211 γρά-

269 3221 446 3299 φοντος
474 3210 694 3287 πρώτῃ,
724 3215 912 3272 «Ἐπεὶ
938 3220 993 3274 τί
1017 3226 1338 3294 ποιήσουσιν
1365 3227 1415 3279 οἱ
1442 3226 1832 3299 βαπτιζόμενοι

270 3297 398 3391 ὑπὲρ
429 3305 536 3358 τῶν
561 3310 798 3377 νεκρῶν,
861 3314 911 3366 εἰ
949 3313 1088 3380 ὅλως
1121 3319 1308 3390 νεκροὶ
1350 3320 1450 3374 οὐκ
1484 3297 1833 3391 ἐγείρονται;

269 3390 317 3443 τί
352 3397 442 3448 καὶ
462 3396 823 3467 βαπτίζονται
865 3406 1005 3478 ὑπὲρ
1030 3409 1139 3464 τῶν
1165 3411 1407 3481 νεκρῶν;
1444 3430 1463 3464 ι
1495 3414 1544 3467 οῖ
1580 3415 1680 3486 μὲν
1711 3416 1836 3478 τοὺς

268 3489 478 3558 νεκροὺς
529 3493 720 3549 αὐτῶν
765 3497 1081 3567 ἐϐάπτιζον,
1132 3504 1181 3556 οἱ
1234 3503 1293 3558 δὲ
1337 3504 1532 3579 ἄλλους
1557 3507 1700 3578 ὑπὲρ
1726 3506 1837 3560 τῶν

271 3579 464 3649 νεκρῶν
521 3583 736 3651 ζῶντας
761 3606 776 3621 ο
823 3591 941 3645 ἀλλ’
1000 3595 1028 3646 ὁ
1058 3593 1243 3648 κανὼν
1279 3597 1442 3651 τοῦτο
1461 3599 1665 3653 κωλύει
1691 3600 1837 3669 γίνεο

273 3670 408 3729 σἿαι.
475 3676 552 3748 υύ
615 3678 724 3750 γάρ
768 3683 896 3747 τοὺς
940 3684 1038 3755 ἥδη
1079 3687 1414 3760 τεθνηκότας
1443 3693 1473 3744 ό
1511 3692 1839 3756 Ἀπόστολος

274 3763 471 3819 κελεύει
502 3767 816 3839 βαπτίζειν,
847 3775 881 3845 ἦ
921 3777 1037 3830 ἀντ’
1063 3779 1291 3834 ἐκείνων
1321 3781 1544 3846 ἄλλους·
1577 3782 1694 3837 ἀλλ’
1717 3784 1841 3839 ἐπεὶ

270 3856 315 3908 ol
351 3859 762 3932 βαπτιζόμενοι,
797 3868 1161 3936 μανθάνοντες
1192 3869 1286 3924 τοῦ
1314 3871 1434 3925 καθ’
1456 3874 1606 3943 ἡμᾶς
1630 3890 1839 3945 μυστη-

274 3951 377 4019 ρίου
425 3955 524 4025 τὴν
574 3955 828 4026 δύναμιν,
866 3961 1005 4030 μετὰ
1047 3962 1156 4017 τῶν
1198 3963 1377 4018 ἄλλων
1415 3965 1512 4018 καὶ
1540 3966 1841 4020 ἀνάστασιν

273 4044 472 4114 νεκρῶν
505 4049 631 4119 ἦτοι
660 4051 932 4120 σωμάτων
951 4052 1200 4121 ἐλπίζειν⁸
1222 4056 1591 4125 διδάσκονται,
1615 4059 1711 4114 καὶ
1742 4059 1843 4129 τὴν

271 4135 323 4187 ἐν
353 4142 416 4210 τῇ
445 4141 812 4215 κολυμϐήθρᾳ
846 4146 1141 4202 κατάδυσιν
1180 4148 1278 4203 καὶ
1330 4150 1592 4205 ἀνάδυσιν
1625 4151 1717 4205 τὸν
1747 4151 1844 4205 θάο

272 4244 420 4285 νατον
449 4233 819 4303 ύπεμιραίνειν
858 4238 953 4291 καὶ
1005 4240 1105 4310 τὴν
1134 4241 1470 4308 ἀνάστασιν,
1532 4242 1671 4314 πρὸς
1715 4246 1843 4307 τοὺς

274 4325 393 4393 περὶ
416 4326 627 4397 ταύτην
651 4328 969 4399 ἀμφιϐόλως
995 4332 1239 4402 ἔχοντες,
1263 4334 1431 4405 φησιν
1449 4335 1842 4402 ὀἈπόστολος,

271 4415 345 4467 ὅτι
368 4418 425 4470 Ei
460 4418 537 4489 μὴ
570 4418 875 4486 ἀνάστασίς
900 4424 1041 4481 ἐστι.
1071 4423 1126 4477 τί
1152 4426 1482 4495 ποιήσουσιν
1509 4425 1845 4497 οιβαπτιζό-

276 4527 416 4578 μενοι
448 4514 536 4566 ἐπ’
574 4512 751 4567 ἐλπίδι
800 4514 895 4568 τοῦ
937 4517 1242 4588 ἀναστῆναι
1288 4519 1419 4582 τοὺς
1443 4520 1708 4589 νεκρούς;
1746 4538 1865 4590 μαυ-

273 4605 685 4667 ταιοπονοῦντες
745 4604 955 4671 λοιπὸν,
989 4606 1044 4660 et
1096 4623 1162 4675 γε
1195 4608 1327 4679 περὶ
1351 4608 1471 4678 τῆς
1493 4609 1847 4674 ἀναστάσεως

1931 2123 2146 2192 absque
2187 2121 2365 2192 gratia
2409 2136 2507 2191 per
2544 2121 2879 2190 baptismum
2928 2117 3056 2173 data
3097 2109 3355 2168 mandata
3384 2118 3516 2175 per-

1930 2213 2115 2279 licere,
2150 2211 2432 2269 diﬂicilius
2470 2228 2603 2268 vero
2630 2250 2649 2279 ,
2692 2212 2898 2283 quippe
2941 2209 3089 2281 quod
3142 2219 3204 2260 ea
3250 2202 3519 2256 duntaxat

1931 2307 2313 2363 mandatorum
2368 2306 2780 2361 exsecutionem
2814 2302 3115 2372 faciliorem
3147 2293 3363 2359 reddat,
3385 2305 3521 2345 ana-

1932 2398 2174 2457 themate
2225 2399 2417 2473 punit;
2449 2400 2633 2455 omnia
2665 2397 2812 2453 enim
2858 2412 2887 2448 ιι
2922 2392 3105 2449 divina
3134 2385 3341 2459 .gratia
3382 2379 3523 2437 aerio

1931 2500 2149 2559 va‘ntur,
2181 2503 2238 2550 et
2266 2493 2386 2550 sine
2419 2493 2510 2547 illa
2555 2490 2691 2546 nihil
2720 2505 2787 2544 ex
2823 2488 2894 2543 iis
2923 2499 3046 2556 qua:
3078 2495 3244 2552 agere
3277 2482 3523 2547 oportet,

1933 2597 2191 2656 praestare
2238 2599 2557 2656 possumus.
2584 2582 2707 2637 Non
2737 2580 2882 2635 enim
2912 2577 3052 2633 dixit
3078 2572 3363 2631 Dominus,
3388 2566 3522 2619 Sine

1934 2693 2024 2734 me
2069 2677 2205 2733 nihil
2241 2676 2402 2732 facile
2449 2674 2713 2746 perlicere
2772 2669 3022 2741 potestis,
3060 2667 3179 2727 sed,
3213 2679 3232 2715 ι
3259 2660 3394 2716 Sine
3434 2671 3531 2709 me

1934 2769 2075 2826 nihil
2123 2768 2350 2824 omnino
2381 2766 2611 2838 potestis
2634 2764 2838 2820 facere.
2877 2781 2902 2814 ι

2007 2861 2270 2933 Ejusdem
2315 2872 2499 2916 autem
2564 2874 2685 2931 syn.
2741 2872 2922 2912 canon
2988 2853 3213 2909 18'eos-
3262 2847 3357 2920 qui
3408 2845 3543 2915 iam.

1940 2955 2140 3011 mortui
2173 2962 2326 3019 sunt;
2358 2967 2462 3008 nec
2490 2951 2794 3022 baptimre,
2818 2961 2923 3003 nec
2952 2945 3137 3002 divina
3166 2943 3235 2997 iis
3258 2937 3544 3010 mysteria-

1938 3046 2359 3102 communicare
2376 3045 2560 3116 jubet.
2590 3042 2824 3111 Quidam
2854 3040 3005 3096 enim
3049 3038 3345 3094 verborum
3393 3042 3528 3101 apo-

1939 3138 2256 3196 stolicorum
2294 3138 2427 3200 vim,
2477 3135 2532 3191 in
2562 3135 2735 3206 prima
2767 3135 2836 3189 ad
2879 3130 3199 3189 Corinthios
3236 3122 3521 3197 Epistola:

1946 3249 1969 3284 ι
1997 3229 2131 3285 Nam
2177 3229 2309 3300 quid
2331 3215 2548 3283 Tacicnt
2582 3227 2677 3298 qui
2723 3226 3073 3297 baptizantur
3115 3235 3219 3294 pro
3263 3215 3524 3278 mortuis,

1942 3326 1989 3381 si
2020 3324 2247 3379 omnino
2283 3323 2486 3380 mortui
2514 3336 2625 3378 non
2656 3319 2987 3391 resurgunt?
3009 3320 3143 3391 quid
3183 3315 3351 3372 etiam
3381 3314 3527 3384 bap-

1942 3412 2183 3468 tizantur
2263 3425 2365 3481 pro
2446 3410 2729 3489 mortuis?
2785 3429 2804 3462 ι
2893 3425 3003 3465 ιιοιι
3085 3406 3454 3477 intelligentes
3507 3450 3525 3473 ,

1941 3513 2187 3560 mortuos
2229 3517 2384 3566 suos.
2427 3502 2521 3557 alii
2549 3512 2732 3557 autern
2770 3502 2909 3556 alios
2961 3500 3118 3556 vivos
3165 3500 3266 3570 pr'o
3294 3510 3453 3555 mort.
3480 3500 3527 3556 is

1940 3595 2313 3667 baptizabant.
2365 3595 2568 3651 Verum
2625 3611 2732 3650 non
2760 3594 2917 3664 jubet
2950 3594 3245 3665 Apostolus
3286 3608 3385 3649 eos
3433 3594 3529 3664 qui

1940 3684 2142 3739 mortui
2172 3693 2329 3750 sunt,
2362 3683 2667 3753 baptizare,
2703 3683 2791 3737 vel
2823 3683 2963 3739 alios
2986 3696 3088 3754 pro
3133 3682 3244 3750 iis;
3276 3683 3369 3738 sed
3398 3682 3535 3753 quia

1942 3775 2034 3845 qui
2092 3775 2448 3844 baptizantur
2473 3775 2583 3828 vim
2632 3768 2881 3845 mysterii
2933 3775 3109 3829 nnatri
3155 3773 3534 3837 addiscentes,

1944 3868 2089 3922 inter
2116 3867 2222 3921 alia
2249 3874 2591 3921 mortuorum
2626 3881 2847 3936 quoque
2883 3882 2980 3920 seu
3013 3880 3308 3936 corporum
3340 3880 3529 3921 resur-

1942 3959 2238 4015 rectionem
2283 3974 2509 4029 sperare
2558 3959 2851 4022 docentur,
2887 3959 3145 4029 quodque
3220 3959 3275 4012 in
3310 3957 3531 4014 lavacro

1944 4054 2221 4109 demersio
2263 4038 2332 4107 vet
2377 4052 2619 4107 emersio
2667 4061 2896 4105 mortem
2949 4061 3004 4106 et
3058 4051 3528 4106 resurrectionem

1945 4148 2228 4211 denotent,
2281 4144 2350 4200 iis
2388 4145 2479 4215 qui
2526 4146 2591 4198 de
2631 4143 3039 4200 resurrectione
3080 4141 3355 4205 dubitant,
3397 4141 3531 4196 dicit

1946 4238 2266 4309 Apostolus,
2319 4237 2379 4292 Si
2434 4251 2542 4291 non
2586 4245 2672 4292 est
2756 4235 3111 4299 resurrectio,
3153 4233 3284 4305 quid
3323 4232 3530 4290 facient

1946 4332 2042 4403 qui
2089 4331 2194 4387 sub
2236 4331 2342 4385 hac
2396 4344 2513 4399 spe,
2565 4328 2711 4399 quod
2744 4327 2944 4383 mortui
2995 4334 3311 4397 resurgant,
3343 4324 3527 4396 bapti-

1948 4426 2195 4482 zantur?
2252 4424 2523 4494 Deinceps
2602 4423 2810 4479 frustra
2842 4422 3134 4491 llaborant,
3170 4420 3216 4475 si
3250 4419 3317 4475 de
3341 4435 3531 4476 resur-

1948 4517 2530 4583 rectionedubitant;
2584 4530 2683 4586 per
2729 4530 2791 4570 ea
2844 4514 2990 4568 enim
3033 4530 3154 4584 qua:
3205 4512 3435 4579 faciunt,
3471 4527 3533 4569 se

1950 4610 2414 4667 resurrectionem
2445 4617 2767 4679 exspectare
2793 4607 3054 4672 fatentur,
3101 4615 3155 4660 et
3190 4621 3286 4676 per
3313 4621 3376 4660 ea
3410 4619 3532 4676 quae

273 4696 727 4767 ἀμφιϐάλλουσιν.
762 4692 857 4761 Οἷς
878 4697 981 4767 μὲν
1011 4697 1122 4769 γάρ
1140 4698 1496 4771 πράττουσιν,
1518 4700 1837 4771 ὁμολογοῦσι

1948 4704 2060 4771 jam
2111 4702 2305 4757 dicunt
2350 4701 2598 4755 eamdem
2647 4700 2939 4768 denegauit.
2983 4697 3339 4767 Baptizantur
3384 4697 3531 4751 enim

276 4791 582 4860 προσδοκᾷν
607 4790 707 4861 τὴν
736 4790 1036 4843 ἀνάστασιν
1059 4805 1072 4820 ·
1104 4787 1184 4854 οἷς
1214 4791 1271 4845 δὲ
1312 4793 1408 4845 νῦν
1441 4793 1715 4861 λέγουσιν,
1747 4797 1869 4863 ἀρε

273 4880 486 4945 νοῦνται
511 4882 689 4953 αὐτήν
711 4897 724 4910 ·
759 4882 1116 4952 βαπτίζονται
1168 4884 1279 4954 γὰρ
1311 4884 1453 4955 ὑπὲρ
1479 4885 1591 4939 τῶν
1637 4887 1848 4958 νεκρῶν

273 4975 335 5044 τῇ
364 4974 525 5041 φύσει
556 4975 850 5044 σωμάτων,
893 4977 975 5038 είς
1007 4975 1318 5047 ἀφθαρσίαν
1368 4979 1462 5032 καὶ
1495 4978 1638 5032 αὑτά
1678 4995 1848 5049 μετα-

275 5064 639 5134 σκευασθῆναι
672 5064 1059 5130 πιστεύοντες,⁸
1110 5066 1235 5119 ἐπεί
1256 5068 1338 5121 τοι
1372 5083 1437 5136 γε
1466 5069 1501 5138 ἦ
1529 5068 1681 5141 ψυχὴ
1708 5069 1847 5122 ἀθά-

276 5172 425 5219 νατος
443 5155 609 5224 φύσει
631 5155 840 5224 πέφυκε
852 5155 954 5208 καὶ
979 5156 1329 5227 άτελεύτητο;
1351 5174 1365 5211 τ
1390 5158 1566 5211 ταῦτα
1590 5159 1647 5217 δὲ
1671 5158 1851 5231 φθορᾷ

273 5248 364 5301 καὶ
399 5247 692 5301 ἀλλοιώσει
740 5247 1047 5304 ὑπόκειται.
1102 5251 1202 5302 Διὰ
1239 5251 1347 5320 γάρ
1395 5249 1558 5304 τοῦτο
1590 5250 1736 5322 άπερ
1765 5267 1850 5315 τις

272 5339 357 5394 διά
389 5340 654 5411 ῥημάτων
693 5339 946 5410 ὁμολογεῖ
977 5339 1279 5405 πιστεύειν,
1314 5341 1402 5394 διά
1431 5340 1541 5393 τῶν
1592 5341 1851 5411 πραγμά-

272 5448 376 5486 των
398 5434 679 5487 δείκνυσιν
708 5435 735 5486 ὁ
784 5433 985 5503 ἱερεὺς,
1037 5433 1317 5497 εἰκονίζων
1346 5436 1405 5485 ἐν
1433 5432 1515 5503 τῷ
1546 5431 1701 5486 ὕδατι
1749 5433 1851 5504 τὴν

276 5526 549 5597 ἀλήθειαν.

271 5640 526 5697 ΚΕΦΔΛ.
558 5643 636 5697 B'.
665 5643 804 5710 Περὶ
845 5641 965 5695 τῶν
1014 5642 1559 5711 ἀμφιϐαλλομένων
1591 5646 1850 5713 νηπίων,

768 5716 821 5768 εὶ
840 5716 849 5723 “
867 5713 1348 5779 ἐϐαπτίσθησαν.

353 5803 410 5858 Ὅ
443 5803 526 5860 πδ’
553 5807 650 5876 τῆς
691 5805 858 5874 ἕκτης
894 5805 1139 5870 συνόδου,
1169 5804 1251 5859 ἔτι
1282 5806 1340 5860 δὲ
1380 5809 1474 5859 καὶ
1504 5807 1533 5859 ὁ
1561 5807 1637 5879 οβ’
1661 5807 1763 5879 τῆς
1792 5810 1850 5861 ὲν

278 5897 631 5971 Καρθαγένῃ,
666 5898 737 5952 τά
765 5898 1222 5968 άμφιϐαλλόμενα
1248 5900 1439 5970 νήπια,
1486 5902 1536 5953 εί
1582 5900 1676 5954 τοῦ
1705 5903 1852 5956 θείου

277 5991 569 6051 terniue:
625 5991 1043 6071 βαπτίσματος..
1074 5991 1200 6053 μήτ’
1233 5990 1410 6046 ἄλλων
1443 5992 1700 6057 ἀσφαλῶς
1728 5996 1849 6050 ὲπι-

1954 4809 2054 4864 pro
2089 4792 2416 4864 corporibus
2462 4799 2663 4846 natura
2709 4790 2970 4857 mortuis,
3021 4790 3212 4844 eadem
3258 4789 3314 4844 in
3343 4789 3532 4843 incor-

1952 4886 2402 4958 ruptibilitatem-
2441 4883 2799 4940 transmutari
2867 4883 3192 4948 credentes;
3269 4884 3531 4952 quoniam

1952 4979 2136 5035 anima
2168 4988 2361 5033 natura
2393 4976 2724 5032 immortalis
2768 4986 2853 5030 est
2886 4985 2943 5029 et
2973 4973 3094 5029 sine
3128 4975 3258 5041 line,
3296 4988 3531 5044 corpora

1951 5081 2133 5126 autem
2173 5068 2511 5139 corruptioni
2546 5078 2601 5123 et
2650 5066 2937 5121 mutationi
2986 5065 3223 5120 obnoxia
3272 5074 3419 5121 sunt.
3468 5066 3536 5122 Et

1951 5172 2243 5233 propterea
2290 5176 2411 5231 qum
2461 5162 2753 5232 quisquam
2805 5175 2866 5215 se
2910 5160 3137 5215 credere
3185 5174 3319 5215 voce
3363 5157 3533 5215 conli-

1953 5264 2119 5321 tetur,
2173 5253 2435 5311 sacerdos
2480 5269 2540 5309 re
2605 5254 2866 5331 ostendit,
2933 5251 2985 5307 in
3041 5267 3183 5325 aqua
3242 5253 3531 5309 veritatem

1952 5357 2372 5417 repraesentans.

1952 5642 2061 5716 42
2085 5641 2239 5698 CAP.
2279 5640 2344 5695 11.
2408 5641 2515 5716 De_
2549 5642 2840 5716 infantibus
2870 5641 2934 5716 de
2987 5638 3177 5707 quibus
3234 5636 3532 5705 dubitatur,

2285 5720 2462 5766 utrum
2499 5712 2757 5783 baptizari
2788 5712 3003 5782 fuerint,
3041 5724 3220 5763 necne.

2024 5806 2212 5863 Canon
2255 5806 2324 5863 84
2357 5822 2478 5879 syn.
2523 5821 2572 5859 τι
2614 5819 2716 5859 nec
2749 5820 2857 5859 non
2902 5801 2973 5856 8‘2
3001 5798 3198 5872 synodi
3245 5797 3534 5873 Carthagi~

1956 5900 2145 5955 nensis
2227 5899 2466 5953 infantes
2532 5896 2601 5951 de
2681 5895 2881 5965 quibus
2944 5892 3272 5958 dubitatur,
3349 5904 3531 5947 utrum

1956 6001 2372 6051 sacrosanctum
2403 5989 2739 6061 baptismum
2788 5989 3023 6045 πεσσοιυὶ
3059 5987 3260 6043 fuerint
3283 6031 3296 6051 ,
3340 6001 3548 6059 necne,
