3902 6552
230 427 366 492 1113

1235 432 1636 494 SYNTAGMA
1667 427 2298 490 ALPHABE'IICUM.
2316 423 2398 462 ’-
2427 428 2494 488 Β.

3359 421 3496 491 111i

221 544 309 596 ὅτε
349 541 560 600 τούτων
591 545 920 600 καθάπτοιτό
959 564 1063 611 τις,
1093 547 1240 600 ἐστιν
1265 546 1302 600 ὃ.
1340 547 1493 616 παρὰ
1535 545 1596 597 τὸ
1634 561 1804 614 προσο

1918 541 2311 610 repreliendere
2354 546 2534 610 potest
2564 539 2883 609 quisquam,
2921 553 2982 593 ea
3028 554 3150 608 qua:
3203 552 3312 591 non
3342 537 3500 592 decet

221 636 356 703 ἧκον
382 637 664 706 δρώντων,
691 637 794 692 κᾶν
819 639 897 701 εἰς
928 639 1089 710 ὓϐριν
1121 641 1304 702 αὐτοῖς
1332 642 1381 692 οἱ
1413 638 1626 707 ἔλεγχοι
1650 637 1798 705 λόγοι

219 721 567 790 λογίξωνται.

908 841 1116 910 Νόμοι.

299 948 364 1000 ’0
391 948 487 1000 τὸν
547 947 773 1018 βασιλέα
804 949 1040 1019 ὑϐρίζων
1080 951 1178 1004 οὐκ
1237 950 1400 1014 εὐθὺς
1449 952 1798 1022 τιμωρεῖται,

227 1040 345 1091 οὒτε
381 1057 432 1092 τι
460 1040 591 1094 ἄλλο
626 1042 864 1113 σκληρὸν
897 1043 930 1112 ἢ
960 1043 1132 1114 τραχὺ
1165 1042 1428 1110 ὑπομένει
1452 1058 1466 1072 ⁸
1496 1042 1529 1113 ἢ
1556 1043 1662 1110 γὰρ
1696 1041 1803 1095 ἀπὸ

224 1130 570 1200 κουφότητος
621 1127 764 1196 εἶπε,
809 1134 903 1185 καὶ
947 1134 1380 1202 περιφρονεῖται·
1415 1133 1447 1202 ἢ
1492 1133 1550 1198 ἐξ
1594 1132 1802 1197 ἀνοίας,

225 1220 318 1270 καὶ
367 1219 626 1274 ἑλεείται·
673 1222 707 1292 ἢ
744 1222 820 1285 ὡς
853 1222 1234 1292 ἀδικούμενος,
1274 1225 1367 1275 καὶ
1413 1225 1799 1292 συγχωρείται.

224 1309 592 1381 Ἀναφέρεται
619 1313 676 1367 δὲ
694 1315 764 1366 τὰ
796 1316 924 1385 περὶ
947 1314 1139 1368 τούτου
1163 1312 1246 1386 τῷ
1270 1316 1500 1388 βασιλεῖ,
1522 1317 1618 1370 καὶ
1642 1317 1803 1379 αὐτός

227 1405 289 1454 ἐκ
340 1403 441 1472 τῆς
470 1405 756 1476 ποιότητος
782 1407 877 1460 τοῦ
919 1409 1232 1479 προσώπου
1263 1411 1460 1482 κρίνει,
1503 1411 1552 1464 εὶ
1599 1410 1805 1481 ὀφείλει

225 1498 656 1568 συγχωρηθῆναι
688 1500 721 1572 ἦ
764 1502 1167 1574 τιμωρηθῆναι.

303 1587 373 1644 Ὀ
411 1591 740 1645 καθοσίωσιν
773 1595 1134 1664 πλημμελῶν,
1167 1596 1284 1668 ἢτοι
1312 1596 1632 1666 φατριάζων
1664 1596 1808 1651 κατὰ

227 1681 516 1749 βασιλέως,
557 1681 701 1751 ξίφει
739 1686 1110 1756 τιμωρείσθω.

299 1773 418 1834 Πᾶς
442 1777 470 1824 ὁ
499 1775 770 1843 εὑρίσκων
797 1778 1063 1848 φλυαρίαν
1087 1782 1226 1834 κατὰ
1260 1781 1524 1851 βασιλέως
1551 1782 1608 1833 ὲν
1630 1779 1809 1852 χάρτῃ

1906 634 2198 696 facientes,
2253 633 2473 689 etiamsi
2530 633 2821 688 acerbiora
2879 633 3046 687 verba
3101 633 3168 688 iis
3227 632 3494 703 iniuriosa

1903 727 2218 782 videantur.
2607 712 2634 720 ”

2609 839 2790 909 Lrgcs.

1973 948 2079 1015 Qui
2106 964 2287 1018 regem
2313 949 2650 1004 contumelia
2681 948 2868 1014 allicit,
2892 963 2999 1002 non
3029 946 3211 1002 statim
3245 945 3494 1016 punitur,

1904 1051 2000 1095 aut
2038 1041 2237 1094 durum
2274 1041 2498 1110 aliquod
2549 1042 2742 1104 subit;
2794 1041 2880 1095 vel
2925 1040 3072 1093 enim
3130 1054 3240 1106 prae
3281 1037 3500 1091 levitate

1907 1134 2126 1187 locutus
2156 1141 2256 1194 est,
2290 1141 2343 1186 et
2383 1134 2794 1196 contemnitur;
2828 1131 2914 1184 vel
2962 1146 3025 1184 ex
3072 1127 3402 1199 ignorantia.
3447 1136 3502 1179 et

1905 1225 2262 1279 miseratione
2292 1225 2492 1294 dignus
2521 1233 2606 1278 est
2633 1241 2648 1290 ;
2683 1222 2767 1277 vel
2814 1231 2873 1276 ut
2905 1221 3110 1291 injuria
3160 1219 3414 1282 allectus,
3444 1227 3502 1272 et

1907 1316 2278 1372 condonatur.
2313 1315 2439 1371 thec
2495 1326 2680 1369 autem
2732 1313 2800 1368 ad
2848 1329 3028 1382 regem
3077 1311 3412 1371 referuntur.
3447 1317 3503 1363 et

1909 1408 2028 1478 ipse
2078 1407 2380 1463 secundum
2458 1406 2784 1478 qualitatem
2854 1419 3104 1475 personae
3153 1403 3368 1474 jndicat
3426 1415 3498 1453 an

1907 1499 2111 1555 remitti
2145 1499 2225 1553 vel
2260 1499 2438 1569 puniri
2470 1500 2688 1554 debeat.

1983 1591 2087 1655 Qui
2127 1589 2268 1645 iussa:
2310 1589 2617 1660 majestatis
2662 1590 2746 1646 vel
2771 1587 3178 1661 eonjurationis
3221 1600 3349 1640 rcus
3389 1594 3495 1651 est,

1910 1677 2092 1751 gladio
2137 1681 2420 1751 puniatur.

1978 1771 2087 1844 45
2121 1771 2385 1841 Quisquis
2410 1773 2678 1829 invenerit
2715 1774 2982 1827 famosum
3033 1770 3275 1825 libellum
3307 1775 3496 1822 contra

223 1869 747 1966 ὲσφραγισμένηνῆ
784 1872 1182 1944 ἀσφράγιστον,
1215 1879 1308 1930 καὶ
1342 1877 1417 1946 μὴ
1464 1875 1808 1946 παραχρῆμα

1918 1876 2117 1932 regem,
2150 1865 2205 1918 in
2245 1865 2434 1919 charta
2465 1864 2814 1934 obsignatum
2848 1863 2930 1916 vel
2957 1877 3063 1915 non
3105 1859 3457 1926 obsignatum
3480 1898 3494 1917 .

224 1959 423 2023 γαίων,
479 1961 614 2014 ἀλλὰ
668 1962 1083 2030 ἀναγινώσκων,
1133 1968 1443 2020 ὑποκείσθω
1471 1959 1810 2039 τιμωρίᾳ,ᾗ

225 2067 340 2105 τινι
371 2052 634 2131 ὑπέκειτο
659 2055 755 2110 καὶ
778 2059 807 2110 ό
836 2058 1194 2120 συντεθεικὼς
1225 2061 1326 2130 τὴν
1361 2059 1652 2130 φλυαρίαν.

333 2252 588 2307 ΚΕΦΑΛ.
624 2251 706 2311 ιγ.
737 2255 876 2323 Περὶ
911 2256 1030 2312 τῶν
1064 2256 1172 2314 τοῦ
1201 2257 1394 2328 γάμου
1425 2257 1705 2329 βαθμῶν.

317 2364 477 2419 Ἀλλὰ
504 2366 613 2438 γὰρ
661 2367 762 2422 οὐκ
799 2369 868 2424 ἄν
897 2385 982 2433 τις
1019 2366 1175 2441 οἶμαι
1200 2370 1309 2424 τῶν
1337 2370 1400 2424 εὖ
1467 2370 1814 2442 φρονούντων

229 2459 442 2528 ἁωρίος
489 2461 641 2529 ἡμᾶς
691 2461 988 2533 γράψαιτο,
1027 2465 1169 2517 κατά
1200 2480 1266 2532 γε
1301 2463 1361 2516 τὸ
1390 2463 1486 2516 νῦν
1513 2462 1811 2528 διεξιόντας

229 2553 329 2605 καὶ
358 2552 426 2605 τὰ
461 2552 571 2605 τῶν
600 2553 911 2624 λεγομένων
943 2554 1038 2608 τοῦ
1077 2557 1260 2625 γάμου
1301 2554 1549 2626 βαθμῶν,
1582 2557 1678 2610 καὶ
1709 2557 1812 2623 τῆς

228 2643 414 2696 αὐτῶν
443 2645 769 2712 συγγενείας
793 2647 892 2718 τήν
923 2663 982 2699 τε
1021 2647 1298 2718 ἐγγύτητα
1330 2649 1428 2702 καὶ
1465 2646 1770 2700 ἀπόστασιν
1792 2661 1807 2676 ο

228 2735 355 2786 ὅθεν
381 2734 448 2804 δὴ
479 2736 588 2788 τῶν
621 2741 1136 2808 συγκεχωρημένων
1166 2741 1213 2791 oi
1247 2739 1346 2809 τὴν
1387 2735 1810 2806 κὼλυσινέχον-

225 2840 320 2888 τις
357 2826 545 2894 σαφῶς
598 2827 973 2894 διακρίνονται
1008 2832 1104 2884 καὶ
1138 2830 1476 2900 ἐλέγχονται.
1526 2829 1668 2892 Τοὺς
1711 2830 1810 2900 μὲν

226 2917 322 2974 οὖν
352 2920 599 2990 βαθμοὺς
624 2921 735 2974 ἀπὸ
765 2925 1080 2992 μεταφορᾶς
1101 2921 1357 2992 εἰρῆσθαί
1382 2907 1515 2991 φασί
1540 2937 1683 2985 τινες
1702 2923 1810 2974 τῶν

229 3015 325 3082 τῆς
363 3014 634 3084 κλίμακος
687 3014 1046 3087 ἀναϐαθμῶν.
1101 3015 1190 3078 Ὠς
1223 3015 1334 3084 γὰρ
1382 3015 1452 3068 δι’
1499 3013 1723 3068 ἐκείνων
1774 3013 1810 3084 ἡ

229 3104 418 3168 ἄνοδος
468 3108 560 3158 καὶ
602 3107 636 3176 ἢ
667 3105 893 3170 κάθοδος
947 3107 1182 3173 γίνεται,
1234 3104 1379 3159 οὕτω
1413 3103 1503 3158 διὰ
1553 3104 1664 3158 τῶν
1709 3105 1810 3172 τῆς

230 3199 554 3265 συγγενείας
585 3197 818 3269 βαθμῶν
864 3199 920 3252 οἵ
951 3217 1011 3252 τε
1040 3199 1284 3261 ἀνιόντες
1317 3201 1412 3253 καὶ
1440 3200 1488 3251 oi
1525 3199 1810 3262 κατιόντες

229 3286 613 3356 εὑρίσκονται·
645 3289 694 3341 οἱ
731 3287 792 3340 δὲ
836 3287 912 3358 μὴ
963 3287 1136 3351 οὕτως
1183 3288 1399 3358 ἔχοντες
1457 3289 1523 3340 ὲκ
1577 3288 1809 3351 πλαγίου

230 3379 614 3448 γνωρίζονται.
649 3381 978 3450 Προὸαίνειν
1011 3381 1195 3450 μέντοι
1223 3381 1500 3450 πεφύκασι
1533 3380 1676 3434 κατὰ
1712 3381 1810 3451 τὴν

230 3470 336 3522 τῶν
384 3474 696 3539 γεννήσεων
726 3470 878 3535 τάξιν
905 3487 918 3501 ·
950 3472 1190 3542 ἑκάστην
1235 3474 1345 3543 γὰρ
1383 3474 1641 3542 γέννησιν
1675 3473 1809 3544 βαθ-

233 3559 334 3626 μὸν
376 3560 663 3612 ἀποτελεῖν
699 3561 798 3614 ἕνα
843 3563 1181 3632 νενόμισται.
1218 3565 1439 3618 Τούτων
1483 3568 1532 3619 οἱ
1585 3566 1685 3636 μὲν
1730 3567 1812 3629 εἰς

234 3652 455 3714 πλάτος,
487 3651 538 3705 oi
569 3653 624 3706 δὲ
665 3655 739 3716 εἰς
771 3653 934 3724 βάθος
966 3656 1298 3708 ὲκτεένονται
1318 3671 1332 3686 ⁸
1378 3659 1474 3713 καὶ
1499 3659 1548 3708 ot
1585 3658 1684 3726 μὲν
1713 3657 1810 3711 τοῦ

234 3744 470 3807 πλάτους
523 3745 624 3814 τὴν
664 3746 836 3817 αὐτὴν
867 3748 1003 3818 πρὸς
1039 3747 1304 3818 ἀλλήλους
1335 3748 1680 3815 ἀποσώζουσι
1708 3750 1807 3804 τά·

232 3836 335 3901 ξιν.
369 3835 492 3891 Υἱοὶ
523 3837 624 3905 μὲν
664 3829 786 3907 γὰρ’
811 3837 984 3900 ὄντες,
1027 3838 1121 3891 τὸν
1150 3839 1367 3909 πρῶτον
1398 3840 1637 3902 ἅπαντες
1671 3841 1810 3909 πλη-

236 3927 386 3997 ροῦσι
431 3928 674 3998 βαθμόνο
707 3929 930 3998 ἀδελφοὶ
961 3931 1040 3993 δὲ,
1086 3931 1222 4001 πρὸς
1256 3931 1522 3999 ἀλλήλους
1555 3932 1643 3984 τὸν
1691 3931 1812 3984 δεύ-

233 4036 409 4090 τερον,
444 4021 550 4074 κᾶν
573 4022 832 4074 ἐπέκεινα
864 4015 966 4075 ὦσι
998 4022 1106 4074 τῶν
1129 4022 1260 4075 δέκα
1289 4038 1303 4052 ·
1331 4023 1465 4075 διότι
1488 4025 1614 4086 τοὺς
1642 4040 1812 4092 γαμι-

236 4112 340 4174 κῶς
374 4113 822 4182 συναπτομένους
850 4114 915 4166 ὲκ
962 4113 1058 4167 τοῦ
1095 4112 1262 4166 αὐτοῦ
1308 4113 1549 4184 ἀἵματος
1591 4115 1808 4186 ἀνάγκη

237 4207 384 4259 πᾶσα
437 4205 514 4277 μὴ
551 4205 770 4270 πλείους
823 4205 965 4260 εἶναι
1020 4206 1129 4259 τῶν
1181 4207 1275 4260 δύο
1298 4221 1324 4253 ’κ
1351 4207 1528 4279 ταύτῃ
1579 4224 1662 4261 τοι
1714 4210 1808 4261 καὶ

232 4296 418 4374 ,τούσδε
469 4297 667 4366 μόνους
707 4299 772 4350 ὲκ
804 4297 916 4349 τῶν
945 4297 1192 4366 ἀδελφῶν
1229 4297 1587 4369 θεωροῦντες,
1628 4299 1810 4352 δευτέ-

236 4403 330 4457 ρου
377 4388 560 4457 φαμὲν
613 4383 754 4442 εἶναί
794 4389 1048 4458 βαθμοῦ,.
1080 4390 1220 4444 κατά
1249 4391 1349 4460 τὴν
1405 4391 1599 4461 διπλῆν
1625 4392 1808 4446 αὐτῶν

237 4474 448 4536 πάντως
502 4476 795 4545 γέννησινο
823 4475 1086 4541 ὡσαύτως
1140 4480 1188 4530 οἱ
1231 4479 1444 4548 ἀνεψιοὶ
1488 4480 1581 4532 τὸν
1625 4481 1808 4551 τρίτον

1913 1965 1967 2010 et
1994 1972 2100 2009 non
2150 1955 2336 2010 statim
2364 1955 2758 2020 combusserit,
2790 1953 2883 2009 sed
2916 1953 3129 2023 legerit,
3176 1965 3351 2020 poenae
3399 1949 3499 2001 ob-

1913 2048 2114 2102 noxius
2167 2048 2239 2103 sit
2265 2047 2353 2102 cui
2385 2048 2434 2102 is
2475 2047 2570 2116 qui
2629 2045 2874 2100 libellum
2926 2044 3187 2099 infamem
3253 2038 3502 2096 censeri-

1914 2142 2029 2212 psit

2055 2253 2214 2310 CAI‘.
2268 2253 2407 2309 V'III.
2449 2251 2522 2307 De
2573 2251 2832 2323 gradibus
2871 2252 2926 2305 in
2982 2252 3353 2305 matrimonio.

1989 2368 2161 2424 Nemo
2203 2384 2300 2424 nos
2332 2369 2704 2429 accusaverit,
2753 2366 2974 2437 opinor,
3023 2366 3117 2436 qui
3163 2364 3383 2434 quidem
3411 2377 3503 2420 sae

1915 2465 2050 2535 piat,
2092 2463 2260 2518 veluti
2323 2477 2436 2516 rem
2488 2461 2725 2516 alienam
2806 2469 3059 2530 agentes,
3113 2458 3160 2514 si
3219 2459 3323 2512 hoc
3377 2457 3502 2512 loco

1915 2558 2179 2628 graduum
2215 2554 2582 2618 matrimonii,
2624 2567 2766 2624 quos
2816 2560 3040 2618 vocant,
3069 2562 3124 2607 et
3150 2551 3498 2621 cognationis

1915 2649 2233 2705 earumdem
2293 2656 2399 2701 tam
2433 2645 2896 2716 propinquitatem
2926 2661 3092 2712 quam
3129 2642 3495 2698 remmionem

1915 2755 2297 2809 exponamus;
2358 2738 2502 2792 unde
2549 2737 2640 2792 lict
2673 2737 2856 2808 utqui
2915 2736 3122 2806 aliquid
3167 2735 3368 2788 habent
3397 2733 3501 2787 im—

1915 2833 2236 2906 pedimenti,
2270 2846 2298 2884 a
2350 2830 2638 2898 permissis
2672 2831 2817 2884 clare
2876 2828 3111 2884 discerni
3186 2827 3403 2896 possint
3445 2834 3502 2878 et

1917 2925 2271 2997 deprehendi.
2304 2923 2602 2979 Enimvero
2644 2924 2850 2993 gradus
2890 2922 3064 2994 aliqui
3103 2922 3283 2976 dictos
3317 2919 3501 2989 perhi-

1917 3021 2046 3076 bent
2075 3037 2104 3073 a
2130 3019 2490 3074 translatione
2525 3019 2792 3089 graduum
2846 3015 3027 3071 scalae.
3066 3013 3282 3085 Quippe
3331 3014 3498 3070 sicuti

1919 3129 2017 3182 per
2061 3127 2155 3168 eos
2187 3111 2507 3166 ascenditur
2536 3119 2592 3165 et
2641 3109 3016 3166 descenditur.
3053 3110 3124 3162 ita
3168 3123 3264 3166 Der
3295 3107 3501 3176 gradus

1917 3205 2263 3276 cognationEs
2309 3213 2419 3258 tam
2463 3203 2826 3258 ascendentes
2884 3217 3046 3272 quam
3102 3200 3500 3256 descendentes

1913 3275 2288 3352 inveniuntur.
2349 3296 2452 3361 Qui
2521 3310 2652 3350 vero
2708 3295 2788 3350 sic
2835 3293 3014 3348 alfecti
3060 3308 3170 3346 non
3222 3300 3372 3357 sunt,
3431 3305 3499 3344 ex

1915 3397 2230 3444 transverso
2258 3397 2686 3456 cognoscuntur.
2719 3386 2989 3442 Caeterum
3011 3384 3214 3455 gradus
3242 3383 3316 3436 ita
3342 3397 3499 3438 cum.

1913 3485 2088 3555 parati
2127 3493 2280 3548 sunt,
2339 3493 2398 3538 ut
2429 3484 2733 3539 secundum
2770 3482 3020 3535 ordinem
3068 3477 3499 3549 generationum

1914 3578 2239 3646 procedant.
2278 3576 2492 3646 Quippe
2526 3586 2805 3643 receptum
2831 3584 2934 3635 est.
2966 3582 3024 3626 ut
3053 3571 3310 3642 quaelibet
3338 3584 3501 3640 gene-

1913 3671 2056 3726 ratio
2101 3671 2328 3741 gradum
2388 3684 2556 3721 unum
2603 3667 2873 3723 absolvat.
2918 3666 3122 3719 Deinde
3163 3663 3385 3732 quidam
3442 3662 3496 3715 in

1915 3763 2292 3826 latitudinem,
2328 3761 2552 3830 quidam
2587 3761 2841 3813 deorsum
2873 3760 3262 3813 extenduntur.
3304 3757 3406 3823 Qui
3445 3758 3497 3808 iu

1911 3855 2165 3908 lalitndin
2186 3868 2298 3914 em,
2324 3852 2575 3905 eumdem
2617 3852 2758 3904 inter
2785 3866 2844 3904 se
2875 3851 3052 3904 locum
3090 3860 3330 3904 servant.
3361 3849 3497 3903 Nam

1912 3946 2004 4017 qui
2039 3945 2192 3998 liberi
2231 3953 2379 4007 sunt,
2418 3944 2654 4013 primum
2699 3959 2896 3999 omnes
2951 3945 3179 4014 gradum
3222 3944 3449 4009 implent
3482 3960 3496 3996 :

1912 4038 2004 4107 qui
2045 4036 2272 4099 fratres,
2327 4035 2570 4090 secundo
2602 4035 2744 4088 inter
2773 4051 2832 4089 se
2861 4038 3028 4104 gradu
3064 4035 3396 4103 junguntur,
3433 4035 3501 4088 li-

1911 4140 1996 4184 cet
2025 4130 2214 4199 plures
2264 4143 2494 4182 numero
2525 4129 2636 4184 sint
2675 4143 2840 4198 quam
2903 4129 3112 4182 decem.
3161 4129 3372 4198 Quippe
3402 4131 3496 4199 qui

1913 4221 2253 4277 matrimonii
2309 4220 2428 4289 lege
2483 4220 2627 4275 inter
2678 4235 2738 4276 se
2789 4219 3121 4290 copulantur
3175 4235 3244 4274 ex
3303 4220 3496 4276 eodem

1911 4312 2200 4382 sanguine,
2250 4312 2477 4366 omnino
2507 4311 2890 4366 necessarium
2925 4320 3009 4365 est
3047 4321 3108 4365 ut
3135 4311 3321 4380 plures
3354 4311 3493 4366 duo-

1913 4406 2014 4460 lius
2047 4421 2157 4458 non
2190 4405 2322 4460 sint.
2357 4405 2477 4470 Qua
2533 4405 2700 4459 etiam
2735 4405 2802 4459 de
2847 4419 3015 4459 causa
3075 4406 3172 4459 hos
3221 4403 3370 4459 solos
3427 4418 3494 4458 ex

1912 4495 2174 4550 fratribus
2201 4497 2636 4558 considerantes,
2666 4496 2894 4550 secundi
2929 4497 3127 4565 gradus
3157 4510 3279 4550 esse
3348 4494 3490 4550 dici-

232 4567 512 4638 ὲπέχουσι,
559 4572 655 4622 καὶ
705 4567 757 4620 οἱ
792 4569 1232 4639 πρωτεξάδελφοι
1277 4571 1368 4624 τὸν
1401 4572 1684 4642 τέταρτον,
1714 4573 1808 4625 καὶ

1919 4604 2060 4653 mus,
2099 4589 2326 4642 omnino
2359 4592 2572 4642 ratione
2611 4588 2847 4657 duplicis
2878 4603 3068 4642 eorum
3099 4588 3491 4656 generationis.

232 4659 318 4712 τὸν
351 4660 512 4714 ἕκτον
564 4660 614 4712 oi
663 4660 1059 4730 δισεξάδελφοι,
1107 4664 1203 4716 καὶ
1251 4662 1452 4732 ἑφεξῆς
1504 4663 1808 4730 ἀναλόγως.

234 4756 293 4806 υἱ
319 4754 376 4807 δὲ
408 4754 553 4806 κατὰ
583 4753 749 4824 βάθος
797 4754 860 4807 οὐ
883 4756 1084 4817 πάντες
1108 4755 1200 4807 τὸν
1226 4755 1390 4809 αὑτὸν
1422 4756 1633 4826 βαθμὸν
1659 4757 1815 4826 ἔχου-

233 4863 340 4910 σιν,
364 4846 483 4900 ἀλλ’
517 4849 566 4900 οἱ
595 4848 694 4916 μὲν
719 4849 827 4904 υἱοὶ
853 4850 947 4902 τὸν
981 4850 1221 4920 πρῶτον,
1256 4854 1305 4904 οἱ
1331 4852 1546 4920 ἔγγονοι
1574 4852 1666 4905 τὸν
1691 4851 1812 4905 δεύ-

231 4956 409 5008 τερον,
465 4942 564 4994 καὶ
613 4939 665 4992 οἱ
719 4941 1020 5009 δισέγγονοι
1063 4943 1159 4994 τὸν
1196 4943 1403 5014 τρίτον,
1453 4945 1549 4997 καὶ
1609 4941 1812 5012 ἐφεξῆς

229 5029 466 5099 ὁμοίωςο
505 5031 647 5108 παρξ
677 5029 706 5083 ὃ
754 5031 849 5084 καὶ
898 5032 960 5086 οὐ
1013 5033 1156 5086 κατὰ
1187 5034 1286 5096 τὰς
1334 5033 1598 5102 γενέσεις,
1636 5032 1713 5096 ὦς
1745 5049 1810 5100 γε

231 5119 373 5186 ἔδοξε
405 5121 520 5182 τοῖς
569 5121 972 5192 ἀρχαιοτέροις,
1021 5123 1157 5175 ἀλλὰ
1187 5124 1332 5176 κατὰ
1371 5125 1472 5193 τὴν
1494 5125 1812 5193 οἰκειότητα

232 5219 320 5269 καὶ
372 5217 475 5284 τὴν
508 5215 605 5270 τοῦ
652 5217 846 5284 γένους
876 5216 1178 5288 ἐγγύτητα,
1209 5220 1302 5273 καὶ
1348 5219 1448 5289 τὴν
1508 5219 1811 5271 ἀπόστασιν

232 5307 386 5370 αὖθις
414 5309 554 5376 πρὸς
593 5308 694 5380 τὴν
733 5311 957 5380 πρώτην
993 5311 1088 5364 τοῦ
1114 5311 1309 5378 γένους
1339 5311 1540 5382 ἀρχὴν,
1589 5311 1811 5364 κάλλιον

231 5402 353 5462 τοὺς
384 5403 630 5474 βαθμοὺς
661 5404 1050 5473 ὀνομάζεσθαι.
1081 5404 1300 5470 Μεταξὺ
1328 5406 1438 5474 γὰρ
1478 5406 1683 5475 πατρὸς
1717 5407 1812 5460 καὶ

235 5493 348 5546 υἱοῦ
407 5494 590 5566 μικράν
610 5511 693 5558 τις
719 5495 1001 5560 διάστασις
1029 5513 1045 5527 ·
1082 5498 1313 5551 πάππου
1346 5497 1404 5550 δὲ
1438 5496 1806 5564 καὶ·ὲγγόνου,

239 5587 438 5654 μείζων
466 5605 480 5617 ·
513 5587 832 5657 δισεγγόνου
863 5588 922 5641 δὲ
947 5589 1083 5659 προς
1114 5588 1208 5642 τὸν
1233 5588 1417 5654 αὐτὸν,
1453 5588 1535 5642 ἔτι
1567 5588 1804 5659 μεξζων·

237 5679 374 5735 οὕτω
403 5681 650 5751 σχέσεως
675 5680 864 5752 ἔχουσι
885 5682 985 5737 καὶ
1004 5683 1054 5736 οἱ
1087 5683 1154 5736 ὲκ
1194 5681 1450 5752 πλαγίου.

1919 4680 2298 4736 Consimiliter
2351 4681 2586 4736 fratrum
2643 4695 2971 4735 sororumve
3031 4680 3187 4733 liberi
3262 4680 3490 4750 gradum

1915 4788 2040 4843 ergo
2081 4783 2303 4842 patruos
2335 4785 2385 4828 et
2431 4773 2721 4830 avunculo:
2779 4774 3006 4829 tertium
3057 4774 3333 4840 obtinent,
3361 4788 3495 4828 con-

1915 4867 2124 4920 sobrini
2153 4877 2410 4934 quartmn
2470 4868 2613 4921 inter
2643 4881 2724 4932 se,
2764 4867 2974 4921 sobrini
3002 4875 3243 4930 sextum,
3299 4866 3490 4920 eadem

1915 4957 1972 5011 in
1996 4957 2211 5012 caateris
2234 4957 2444 5012 ratione
2467 4956 2776 5010 observata.
2810 4955 2912 5021 Qui
2943 4971 3072 5010 vero
3103 4971 3162 5010 se
3205 4955 3493 5026 porrigunt

1914 5047 2171 5102 deorsum
2206 5061 2314 5101 non
2339 5061 2532 5100 omnes
2559 5045 2810 5101 eumdem
2843 5047 3070 5115 gradum
3115 5045 3359 5110 habent;
3393 5045 3490 5099 sed

1915 5141 2012 5195 filii
2037 5140 2300 5209 primum,
2327 5147 2556 5208 nepotes
2591 5139 2844 5205 alterum,
2882 5149 3216 5209 pronepotes
3243 5139 3490 5201 tertium,

1911 5240 1967 5286 et
2013 5229 2195 5285 caeteri
2246 5229 2626 5286 consimiliter.
2689 5228 2925 5298 Ideoque
2982 5245 3088 5282 non
3172 5229 3480 5283 secundum

1912 5322 2313 5392 generationes,
2383 5322 2460 5377 uti
2496 5323 2695 5392 priscis
2750 5323 2993 5392 placuit,
3060 5323 3152 5402 sed
3190 5323 3490 5378 secundum

1913 5415 2398 5476 necessitudinem,
2423 5422 2479 5469 et
2515 5414 2732 5484 generis
2763 5417 3252 5485 propinquitatem,
3287 5411 3492 5482 gradus

1912 5507 2079 5562 hosce
2101 5506 2376 5560 numerari
2400 5517 2641 5575 praestat.
2669 5505 2803 5562 Nam
2826 5508 2967 5562 inter
3008 5516 3214 5577 patrem
3243 5516 3294 5559 et
3319 5503 3490 5557 lilium

1909 5599 2168 5668 exiguum
2229 5597 2504 5668 quoddam
2575 5599 2922 5654 intervallum
2987 5595 3297 5664 est.Majns
3351 5594 3492 5648 inter

1909 5706 2070 5746 avum
2102 5699 2157 5744 et
2203 5698 2478 5759 nepotem.
2510 5691 2655 5744 inter
2687 5708 2848 5746 avum
2885 5700 2940 5746 et
2996 5699 3353 5759 pronepotem
3393 5686 3490 5740 ad-

1913 5783 2019 5837 huc
2077 5782 2276 5849 majus.
2313 5781 2517 5836 Eadem
2565 5783 2619 5836 in
2679 5784 2788 5839 illis
2841 5784 3006 5838 etiam
3059 5782 3274 5836 obtinet
3326 5781 3487 5850 ratio,

1913 5877 2004 5944 qui
2052 5886 2178 5931 sunt
2207 5891 2272 5932 es
2306 5885 2648 5933 transverso.
