3902 6594
392 406 528 470 illi

873 529 1071 587 Divisio
1139 539 1496 606 cognationis.

457 619 592 672 Cum
649 631 830 674 autem
882 627 1131 694 generale
1195 646 1391 685 nomen
1427 633 1497 689 sit
1531 640 1804 706 cegnatio,
1841 641 1953 708 pri-

389 727 474 763 ma
516 711 786 770 divisione
835 717 887 770 in
946 721 1052 772 duo
1104 722 1410 780 scinditur:
1471 727 1524 780 in
1573 733 1953 798 cognationem

387 812 621 869 naturae,
667 815 721 860 et
771 809 1206 878 adrogationem.
1268 815 1475 870 Natura
1525 833 1786 888 cognatus
1843 835 1950 890 est,

316 903 324 910 ·
385 901 560 960 pater,
596 897 742 950 verbi
773 914 957 965 causa,
995 902 1161 966 ﬁlius.
1201 916 1401 973 mater,
1435 909 1566 975 tilia,
1604 912 1792 975 frater,
1820 929 1953 970 eon-

385 985 669 1050 sobrinus,
703 990 980 1057 sobrinns,
1019 995 1224 1051 sobrini
1255 1000 1417 1062 lilius,
1460 1013 1624 1070 atque
1655 1005 1744 1058 alii
1783 1008 1941 1062 tales.

383 1076 751 1148 Adrogatione
813 1099 961 1146 vero,
992 1102 1170 1152 socer,
1225 1107 1414 1160 gener,
1449 1094 1622 1148 frater
1673 1097 1945 1166 coniugis,

383 1167 529 1223 ﬁlius
555 1171 864 1240 adoptivus.
909 1175 1148 1232 Rursum
1202 1185 1454 1244 cognatio
1485 1189 1754 1242 naturalis
1814 1190 1952 1243 bifa-

383 1257 519 1312 riam
573 1261 858 1324 dividitur.
899 1268 1147 1325 videlicet
1177 1271 1229 1325 iu
1275 1285 1594 1340 procreatos
1648 1294 1714 1332 ex
1743 1279 1949 1347 nuptiis

382 1347 661 1418 legitimis,
724 1363 781 1409 et
833 1359 992 1427 vulgo
1035 1364 1318 1430 quaesitos.
1385 1367 1682 1438 Adrogatio
1730 1387 1949 1440 quoque

379 1627 750 1691 c0pulatione.
786 1632 1042 1701 Adoptio,
1080 1637 1314 1704 alicuius
1372 1642 1425 1697 in
1459 1643 1631 1698 lilium
1673 1648 1947 1716 cooptatio

380 1716 516 1769 citra
551 1719 1012 1789 conjunctionem.

594 1923 667 1980 De
696 1924 1033 1996 fraternitate
1074 1948 1165 2000 per
1197 1933 1526 2003 adoptionem
1557 1935 1736 2004 facta.

451 2036 787 2096 Fraternitas
817 2052 1000 2102 autem
1030 2044 1174 2100 facta
1229 2063 1324 2116 per
1351 2047 1700 2116 adoptionem
1733 2048 1950 2117 legibus

379 2126 673 2200 repugnat.
726 2127 940 2205 Quippe
1025 2130 1218 2193 liberis
1285 2139 1531 2195 destituti
1598 2141 1950 2210 adOptionem

380 2227 678 2280 commenti
764 2243 1000 2294 sumus,
1057 2230 1328 2286 bonorum
1406 2233 1947 2288 transmittendorum

387 2333 576 2373 causa.
607 2318 1019 2375 Frater-nitatem
1065 2338 1196 2378 vero
1247 2340 1340 2394 per
1363 2324 1715 2394 adoptionem
1753 2324 1948 2380 iactam

385 2407 530 2460 nulla
563 2409 701 2462 ratio
729 2410 1026 2478 probabilis
1057 2413 1371 2468 introducit.
1396 2415 1515 2470 Jam
1552 2417 1597 2471 si
1635 2432 1742 2483 qua
1787 2415 1950 2470 ratio-

385 2513 506 2550 nem
567 2500 900 2566 probabilem
968 2503 1190 2570 habent,
1220 2521 1282 2562 ea
1333 2506 1412 2563 lex
1449 2509 1613 2563 etiam
1664 2508 1947 2576 admittit;

380 2605 502 2659 quae
544 2593 670 2646 talia
705 2609 812 2648 non
842 2606 988 2664 sunt,
1028 2597 1226 2667 rejieit.

451 2681 562 2753 46
611 2681 848 2743 Rursum
877 2703 974 2756 per
1022 2689 1453 2746 subdivisionem
1500 2691 1738 2749 affinitas
1771 2694 1851 2748 vel
1880 2707 1946 2748 ex

376 2773 591 2828 duobus
638 2777 928 2843 generibus
985 2780 1263 2845 consistit,
1307 2783 1386 2836 uti
1446 2797 1570 2838 cum
1618 2794 1849 2854 patruus
1893 2793 1948 2841 et

375 2863 562 2920 fratris
608 2868 752 2923 [ilius
782 2885 903 2924 cum
963 2872 1130 2926 amita
1169 2875 1399 2944 ejusque
1454 2875 1638 2931 fratris
1673 2879 1947 2935 sororisve

376 2957 486 3011 tilia
518 2961 754 3029 capulati
788 2971 948 3028 sunt;
993 2965 1077 3018 vel
1121 2967 1438 3022 consobrini
1489 2969 1619 3034 duo,
1651 2986 1776 3025 cum
1809 2972 1947 3027 dua-

379 3050 483 3106 bus
529 3053 918 3120 consobrinis;
975 3073 1098 3125 quze
1147 3058 1366 3128 proprie
1419 3060 1622 3116 dicitur
1661 3062 1942 3124 al'linitas:

377 3144 461 3196 vel
491 3145 592 3198 alia
635 3162 852 3216 quoque
897 3165 1128 3217 persona
1173 3151 1389 3205 duobus
1448 3153 1602 3208 hisce
1650 3155 1943 3223 generibus

1575 427 1944 491 MATTH/EI
1994 435 2415 498 BLASTARIS

3493 443 3638 516 1116

2409 555 2705 621 Διαίρεσις
2739 553 2852 623 τῆς
2895 556 3276 624 συγγενείας.

2127 643 2348 696 Γενικὸν
2371 645 2426 697 δὲ
2454 645 2623 714 ὄνομα
2653 645 2790 698 οὒσα
2822 648 2854 716 ὴ
2893 648 3209 715 συγγένεια,
3235 650 3317 712 εις
3358 649 3457 704 δύο
3491 654 3638 706 κατᾶ

2055 734 2281 803 πρώτην
2303 736 2567 802 διαίρεσιν
2602 737 2883 805 τέμνεται,
2915 739 2996 802 είς
3033 756 3092 792 τε
3120 739 3180 793 τδ
3217 741 3402 809 φύσει,
3449 747 3547 799 καὶ
3575 745 3638 798 τδ

2057 825 2222 880 θέσει.
2257 828 2366 881 Καὶ
2405 827 2568 894 φύσει
2603 828 2704 897 μὲν
2738 831 3008 898 συγγενής
3044 831 3180 895 ἐστι,
3226 833 3410 903 πατὴρ
3440 834 3635 903 τυχὸν,

2053 919 2191 982 υἱὸς,
2253 923 2459 989 μήτηρ,
2523 918 2796 990 θυγάτηρ,
2847 922 3384 994 ἀδελφὸς,“άνεψιδς,
3445 925 3636 989 ἐξανε-

2052 1008 2198 1076 om,
2231 1011 2259 1063 ὁ
2293 1011 2355 1062 ἐκ
2395 1010 2488 1062 τοῦ
2513 1011 2738 1080 ἀνεψιοῦ
2765 1013 3072 1083 γεννηθεὶς,
3101 1017 3195 1069 καὶ
3218 1016 3321 1069 ὅσα
3356 1015 3590 1071 τοιαῦτα
3615 1032 3633 1048 ·

2053 1101 2200 1154 θέσει
2233 1103 2310 1161 δὲ.
2355 1102 2636 1170 πενθερὸς,
2674 1105 2952 1175 γαμϐρὸς,
2979 1107 3429 1177 γυναικάδελφος,
3473 1108 3633 1174 θετὸς

2054 1194 2188 1255 υἱός.
2227 1193 2302 1246 Τὸ
2352 1196 2512 1262 φύσει
2551 1194 2607 1248 δὲ
2637 1196 2801 1249 πάλιν
2851 1197 3245 1268 ὑποδιαιρεὴαι
3283 1199 3364 1261 εἱς
3393 1198 3515 1264 δύο,
3547 1200 3633 1263 είς

2051 1300 2110 1336 τε
2143 1284 2203 1336 τὸ
2235 1284 2372 1353 μετὰ
2403 1288 2585 1353 γάμου
2635 1287 2889 1357 νόμιμον,
2920 1289 3014 1341 καὶ
3047 1289 3111 1341 τὸ
3136 1292 3200 1342 ἐκ
3229 1293 3486 1359 πορνείας
3531 1310 3632 1361 γε-

2051 1379 2205 1442 γονός
2232 1392 2247 1408 ο
2289 1377 2353 1428 τὸ
2406 1378 2462 1430 δὲ
2499 1379 2644 1432 θέσει
2688 1381 3086 1450 ὑποδιαιρεῑται
3131 1385 3225 1438 καὶ
3267 1383 3398 1436 αὐτὸ
3445 1385 3530 1447 είς
3567 1402 3631 1438 τε

1925 1491 1952 1504 ο
2050 1467 2390 1534 ἀγχιστείαν,
2442 1471 2537 1525 καὶ
2565 1469 2749 1523 θέσιν·
2783 1475 2878 1526 καὶ
2927 1471 3076 1526 ἐστιν
3103 1473 3390 1541 ἀγχιστεία
3435 1475 3540 1543 μὲν
3594 1477 3628 1544 ἡ

1934 1555 1947 1609 i
2049 1557 2108 1622 ἐξ
2135 1559 2508 1630 ἐπιγαμϐρίας
2554 1565 2885 1630 συγγένεια·
2932 1566 3220 1635 ἀγχιστεία
3253 1566 3298 1619 δ’
3349 1565 3500 1619 ἔστιν
3548 1569 3630 1620 οἱ·

2051 1649 2268 1718 κειότης
2303 1655 2614 1721 προσώπων
2641 1655 2705 1705 ἐκ
2726 1655 3069 1726 γάμωνήμῖν
3097 1657 3463 1726 συνημμένων
3491 1673 3628 1725 συγ-

2047 1741 2263 1807 γενείοις
2313 1745 2504 1806 ἐκτός·
2539 1744 2688 1808 θέσις
2720 1747 2863 1816 δὲ,ή
2915 1750 3084 1818 χωρὶς
3138 1748 3414 1819 σαρκικῆς
3459 1761 3629 1802 συνα-

2049 1832 2209 1899 φείας
2249 1835 2512 1889 υἱοθεσία.

2529 1952 2667 2020 Περὶ
2687 1951 3138 2022 ἀδελφοποιΐας.

2133 2065 2198 2119 Ἦ
2235 2064 2420 2135 μέντοι
2448 2066 2799 2135 άδελφοποιϊα
2821 2069 2882 2120 οὐ
2914 2069 3146 2139 νόμιμόν
3175 2070 3322 2123 ἐστιν
3345 2086 3361 2101 ·
3393 2071 3624 2136 ἄπαιδες

2055 2155 2155 2226 μὲν
2187 2154 2296 2226 γὰρ
2335 2156 2508 2219 δντες,
2551 2157 2926 2226 ἑσοφισάμεθα
2975 2159 3074 2228 τὴν
3102 2160 3375 2213 υἱοθεσίαν
3397 2163 3480 2224 εἰς
3507 2162 3627 2215 δια-

2049 2246 2212 2319 δοχὴν
2253 2245 2362 2300 τῶν
2394 2247 2776 2316 πραγμάτων·
2807 2249 2906 2319 τὴν
2953 2249 3012 2302 δὲ
3048 2249 3436 2318 ἁδελφοποιταν
3471 2253 3625 2306 οὐδε-

2056 2338 2154 2408 μία
2183 2339 2390 2407 εἰσάγει
2419 2339 2639 2407 εὔλογος
2668 2342 2962 2414 πρόφασις.
3009 2343 3089 2398 Τὰ
3123 2345 3222 2413 μὲν
3248 2337 3356 2397 οὖν’
3381 2344 3442 2397 τὸ
3473 2345 3632 2398 abito--

2049 2448 2146 2500 γον
2176 2432 2366 2502 ἔχοντα
2416 2434 2512 2488 καὶ
2540 2435 2568 2487 ό
2597 2434 2759 2504 νόμος
2789 2435 3008 2502 ἐδέξατο
3035 2450 3049 2464 °
3082 2436 3151 2490 τὰ
3174 2436 3229 2490 δὲ
3263 2435 3341 2508 μὴ
3387 2437 3626 2492 τοιαῦτα

2049 2523 2110 2577 οὐ
2136 2523 2485 2594 παρεδέξατο.

2121 2699 2292 2754 Πάλιν
2341 2699 2465 2753 καθ’
2498 2699 2873 2772 ὑποδιαίρεσιν
2915 2701 2983 2756 τὰ
3037 2702 3094 2767 ἐξ
3143 2704 3463 2774 ἀγχιστείας
3488 2697 3530 2774 ἦ
3559 2708 3624 2760 ὲκ

2047 2789 2141 2844 δύο
2173 2789 2358 2859 γενῶν
2395 2792 2728 2855 συνίσταται,
2760 2791 2836 2856 ὡς
2889 2793 3030 2856 θεῖος
3061 2794 3155 2848 καὶ
3194 2796 3416 2865 ἀνεψιὸς
3459 2815 3623 2850 συνα-

2049 2881 2273 2950 φθέντες
2305 2883 2426 2955 θείᾳ
2453 2886 2547 2938 καὶ
2570 2885 2785 2956 ἀνεψιᾷ,
2817 2883 2850 2955 ἤ
2879 2886 2974 2941 δύο
3000 2887 3467 2958 πρωτεξάδελφοι,
3500 2891 3624 2944 δυσὶ

2052 2973 2549 3044 πρωτεξαδέλφαις,
2578 2974 2670 3027 καὶ
2695 2975 2941 3029 καλεῖται
2972 2978 3258 3047 ἀγχιστεία
3285 2995 3299 3008 ·
3333 2978 3367 3046 ἢ
3403 2997 3626 3050 παρεμ-

2047 3061 2308 3131 ϐέϐληται
2340 3067 2433 3119 καὶ
2461 3064 2648 3134 ἕτερον
2680 3064 2972 3133 πρόσωπον
3005 3066 3209 3136 μεταξὺ
3240 3067 3348 3120 τῶν
3370 3067 3469 3120 δῦο
3495 3070 3624 3122 τούς

2047 3171 2154 3207 των
2193 3155 2390 3223 γενῶν,
2438 3159 2532 3211 καὶ
2577 3157 2824 3209 καλεῖται
2865 3157 2928 3222 ὲξ
2972 3159 3286 3227 ἀγχιστείας
3319 3163 3622 3228 τριγένεια.

376 3235 688 3304 intervenit,
718 3249 771 3294 et
799 3251 1026 3296 vocatur
1058 3243 1170 3298 lucc
1202 3244 1365 3298 trium
1398 3259 1656 3314 generum
1692 3261 1786 3314 per
1826 3246 1943 3300 affi-

2062 3246 2170 3298 Εἰσὶ
2205 3247 2262 3298 δὲ
2301 3245 2472 3300 ταῦτα
2517 3247 2608 3298 καὶ
2635 3246 2852 3300 κωλυτὰ
2893 3250 2988 3303 καὶ.
3010 3246 3281 3315 ἀκώλυτοι,
3309 3247 3384 3312 ὡς
3413 3251 3476 3303 ὲν
3508 3253 3625 3314 τοῖς

377 3331 602 3387 nitatem
649 3334 944 3402 copulatio.
979 3334 1040 3389 Et
1097 3346 1225 3390 sunt
1254 3338 1367 3391 lia'c
1395 3337 1589 3405 partim
1648 3339 1941 3408 prohibita,

377 3425 574 3490 partim
653 3442 758 3480 non
801 3427 1097 3496 prohibita,
1154 3428 1295 3483 sicut
1329 3429 1383 3482 in
1440 3432 1798 3499 sequentibus
1855 3448 1945 3488 os.

378 3520 654 3576 tondetur.
1205 3515 1218 3526 ’

449 3611 684 3680 Adoptio
716 3621 896 3666 autem
922 3612 1007 3668 vel
1042 3611 1098 3666 fit
1137 3629 1230 3681 per
1255 3617 1650 3684 cooptationem
1677 3617 1728 3672 in
1755 3619 1947 3686 lilium,

381 3704 746 3759 successionis
787 3721 974 3769 causa.
1034 3708 1116 3760 vel
1169 3710 1568 3778 susceptionem
1623 3728 1685 3765 ex
1738 3713 1951 3782 baptis-

381 3806 526 3850 mate
584 3813 777 3861 sacro,
836 3799 1276 3854 confirmationis
1328 3813 1381 3854 et
1437 3801 1718 3867 doctrinae.
1787 3815 1949 3876 atque

379 3893 544 3944 etiam
591 3893 888 3946 testimonii
923 3908 1110 3948 causa.
1153 3894 1255 3948 Sed
1290 3896 1507 3966 adoptio
1539 3913 1599 3953 se
1631 3900 1859 3970 porrigit
1881 3903 1948 3957 ad

383 3983 754 4038 ltzereditatem
797 3983 1127 4040 adeundam.
1164 3985 1317 4042 Hunc
1369 3989 1514 4043 enim
1559 3991 1624 4044 ad
1670 3992 1829 4046 finem
1869 3993 1951 4048 la-

380 4086 467 4133 cta
492 4086 597 4134 est.
645 4075 718 4129 Ex
745 4075 1069 4145 baptismate
1098 4081 1369 4147 susceptio
1426 4079 1690 4138 duntaxat
1736 4085 1789 4137 in
1827 4101 1953 4154 gra-

383 4163 548 4219 dibus
579 4163 1050 4219 matrimoniorum
1107 4177 1399 4234 spectatur.
1443 4169 1510 4224 Et
1558 4171 1671 4226 lucc
1725 4175 1949 4242 quidem

382 4255 693 4328 generalior
722 4256 1059 4325 cognationis
1113 4267 1197 4313 est
1243 4258 1462 4316 divisio.
1502 4262 1763 4334 Deinceps
1787 4269 1949 4324 etiam

383 4351 451 4406 de
503 4347 925 4420 particuiaribus
990 4349 1236 4406 dicemus
1269 4370 1282 4407 :
1315 4361 1370 4408 et
1425 4355 1658 4422 primum
1695 4359 1764 4414 de
1823 4375 1953 4417 con-

383 4441 769 4516 sanguinitate.

657 4550 736 4604 De
796 4553 1174 4608 necessitudine
1221 4571 1314 4625 per
1337 4559 1669 4627 sanguinem.

455 4668 743 4724 Gentilitas
801 4667 968 4736 igitur
1015 4667 1132 4722 sive
1199 4672 1644 4741 consanguinitas
1683 4676 1948 4734 dividitur

385 4763 450 4818 in,
478 4760 836 4816 ascendentes
893 4767 948 4815 et
985 4761 1398 4828 descendentes,
1451 4775 1503 4819 et
1535 4781 1652 4833 eos,
1686 4768 1778 4837 qui
1819 4781 1950 4826 sunt

383 4867 448 4910 ex
477 4861 807 4906 transverso.
844 4851 1216 4908 Ascendentes
1257 4863 1406 4914 sunt.
1464 4855 1557 4923 qui
1594 4870 1691 4910 nos
1743 4873 1946 4928 genue-

387 4954 536 5008 runt,
592 4943 742 4996 verbi
785 4943 978 5013 gratia.
1012 4953 1164 5012 pater
1195 4953 1252 4999 et
1303 4954 1494 5012 mater,
1526 4963 1664 5002 avus
1711 4959 1765 5003 et
1800 4951 1945 5015 avia,

298 5100 302 5105 _
387 5046 442 5091 et
468 5036 560 5106 qui
600 5044 729 5090 sunt
758 5036 844 5094 his
903 5037 1241 5105 superiores.
1279 5035 1701 5104 Descemlentes.
1756 5041 1847 5110 qui
1877 5057 1944 5096 ex

388 5127 544 5184 nobis
568 5138 696 5182 sunt
731 5128 1023 5197 procreati.
1064 5126 1211 5181 verbi
1241 5127 1439 5195 gratia,
1479 5128 1642 5193 ﬁlius,
1688 5128 1819 5193 ﬁlia,
1851 5147 1948 5186 ne-

386 5234 506 5288 pos,
536 5218 736 5289 neptis,
783 5224 1057 5289 pronepos
1080 5257 1096 5280 .
1149 5217 1449 5286 proneptis,
1495 5228 1549 5272 et
1580 5220 1676 5289 qui
1713 5219 1812 5286 hos
1843 5235 1947 5275 or-

384 5312 512 5365 dine
551 5321 876 5381 sequuntur.
928 5310 1005 5366 Ex
1069 5319 1384 5365 transverso
1437 5319 1586 5372 sunt,
1625 5311 1720 5381 qui
1768 5327 1950 5383 neque

386 5418 486 5457 nos
522 5411 848 5472 genuerunt,
904 5417 1078 5471 neque
1134 5400 1417 5470 procreati
1467 5411 1698 5458 suntex
1752 5405 1915 5466 nobis

385 5495 480 5549 sed
514 5496 580 5549 ad
611 5495 852 5550 eamdem
884 5494 1152 5564 originem
1197 5508 1263 5547 ac
1310 5493 1627 5562 progeniem
1664 5495 1947 5552 nobiseum

387 5583 722 5648 referuntur,
755 5583 904 5638 verbi
959 5584 1152 5655 gratia,
1187 5581 1377 5646 frater,
1443 5599 1627 5651 soror.
1685 5596 1938 5656 patruus.

390 5675 579 5738 amita,
619 5676 804 5731 fratris
849 5675 993 5731 tilias
1027 5683 1080 5729 et
1113 5673 1245 5739 lilia,
1303 5676 1662 5732 consobrinus
1688 5716 1704 5741 .
1756 5693 1953 5735 conso-

393 5763 573 5828 brina,
604 5773 656 5818 ct
687 5766 775 5834 qui
813 5765 910 5820 hos
961 5763 1152 5822 ordiuc
1211 5774 1534 5838 sequuntur,
1590 5767 1840 5825 n?tniruut
1885 5785 1951 5825 ex

393 5854 616 5928 obliquo
654 5857 886 5928 cognati.

363 6008 390 6046 I

2046 3337 2334 3407 ἑπομένοις
2360 3335 2726 3408 δειχθήσεται.

2131 3609 2196 3663 Ἥ
2236 3611 2292 3664 δὲ
2325 3609 2478 3676 θέσις
2529 3610 2733 3683 ἧκατὰ
2775 3612 3053 3668 υἱοθεσίαν
3105 3613 3316 3684 γίνεται
3364 3615 3625 3688 διαδοχῆς

2050 3702 2232 3772 χάριν,
2272 3703 2475 3774 ἢκατὰ
2519 3704 2787 3774 ἀναδοχὴν
2820 3705 2917 3776 τὴν
2961 3704 3068 3757 ἀπὸ
3111 3704 3204 3756 τοῦ
3242 3703 3385 3758 θείου
3420 3707 3625 3775 βαπτί-

2053 3810 2256 3862 σματος
2283 3794 2584 3866 στηριγμοῦ
2618 3799 2712 3847 γαὶ
2736 3795 3125 3860 διδασκαλίας,-
3149 3795 3228 3848 ἔτι
3255 3795 3310 3850 δὲ
3351 3797 3448 3849 καὶ
3481 3816 3626 3868 μαρο

2050 3887 2238 3953 τυρίας
2267 3887 2452 3941 ἓνεκα.
2492 3887 2634 3940 ’Λ).λ’
2665 3889 2696 3957 ἡ
2730 3889 2829 3956 μὲν
2859 3888 3104 3942 υἱοθεσία
3131 3891 3225 3943 καὶ
3250 3889 3330 3952 είς
3357 3888 3627 3960 κληρονοο

2056 3979 2184 4049 μίαν
2213 3981 2524 4050 εἰσέρχεται
2547 3995 2560 4008 ’
2607 3981 2696 4034 διὰ
2721 3981 2881 4035 τοῦτο
2910 3983 3020 4054 γὰρ
3057 3986 3152 4038 καὶ
3181 3983 3423 4050 ἐγεγόνει
3451 4001 3466 4015 ο
3498 3986 3535 4053 ἠ
3567 3984 3625 4037 δὲ

2051 4071 2163 4124 ἀπὸ
2200 4071 2293 4123 τοῦ
2343 4072 2500 4141 ἁγίου
2539 4072 2917 4143 βαπτίσματος
2945 4076 3026 4138 είς
3055 4077 3183 4135 τοὺς
3213 4065 3490 4144 γαμικοὺς
3528 4078 3626 4146 μόέ

2053 4179 2180 4225 νους
2213 4161 2458 4232 ζητεῖται
2492 4162 2758 4234 βαθμούς.
2811 4166 2916 4217 Καὶ
2942 4165 3084 4236 αὕτη
3133 4166 3232 4235 μὲν
3254 4169 3287 4236 η
3319 4167 3624 4220 καθολικω-

2051 4253 2184 4323 τέρα
2215 4255 2311 4323 τῆς
2352 4254 2672 4324 συγγενείας
2696 4253 2956 4326 διαίρεσις
2982 4268 2995 4283 ·
3029 4257 3228 4327 ἐφεξῆς
3268 4259 3323 4311 δὲ
3359 4259 3624 4328 περὶτῶν

2053 4348 2196 4400 κατὰ
2245 4346 2415 4418 μέρος
2463 4345 2718 4426 ὲροξιμεν,
2772 4350 2864 4402 καὶ
2922 4349 3138 4419 πρῶτόν
3179 4367 3242 4418 γε
3277 4352 3386 4404 τῶν
3438 4353 3497 4416 ἐξ
3541 4352 3624 4404 αϊ-

2056 4453 2247 4506 ματος.

2299 4549 2439 4618 Περὶ
2468 4549 2578 4619 τῆς
2609 4549 2680 4615 ἐξ
2707 4551 2954 4619 αἵματος
2999 4553 3380 4621 συγγενείας.

2128 4665 2430 4735 Διαιρεῖται
2485 4664 2664 4720 τοίνυν
2701 4666 2764 4718 τὸ
2809 4665 3071 4733 ὁμογενὲς
3123 4666 3222 4720 καὶ
3268 4666 3326 4731 ἐξ
3391 4666 3624 4736 αἵματος

2057 4757 2138 4819 εἰς
2169 4773 2230 4809 τε
2284 4757 2555 4819 ἀνιόντας.
2587 4756 2681 4809 καὶ
2738 4758 3050 4823 κατιόντας,
3103 4757 3354 4822 καὶτοὺς
3391 4759 3456 4811 ἐκ
3491 4759 3628 4812 πλα-

2058 4849 2200 4914 γίου.
2233 4849 2340 4904 Καὶ
2369 4848 2611 4910 ἀνιόντες
2641 4849 2738 4916 μέν
2771 4849 2911 4902 είσιν
2941 4850 2991 4900 οἱ
3033 4849 3184 4918 ἡμᾶς
3213 4850 3623 4920 γεγεννηκότα,

2059 4934 2171 4992 οἷον
2202 4941 2386 5008 πατὴρ
2425 4940 2516 4994 καὶ
2550 4940 2758 5010 μήτηρ,
2786 4940 3018 5002 πάππος,
3049 4941 3144 4993 καὶ
3179 4939 3409 5009 μάμμη,
3451 4942 3546 4994 καὶ
3576 4942 3628 4994 οἱ

2058 5030 2265 5086 τούτων
2297 5031 2557 5100 ἀνωτέρω
2576 5049 2590 5062 ·
2629 5032 2913 5094 κατιόντες
2940 5031 3021 5098 δὲ,
3062 5032 3112 5084 οἱ
3137 5032 3198 5097 ἐξ
3229 5031 3390 5102 ὴμῶν
3422 5049 3625 5103 γεννη-

2060 5123 2263 5185 θέντες,
2302 5117 2412 5175 οἷον
2443 5122 2582 5186 υἱὸς,
2610 5122 2877 5193 θυγάτηρ,
2906 5121 3153 5190 ἔγγονος,
3193 5123 3421 5193 ὲγγόνη,
3451 5123 3626 5191 δισέγ-

2059 5231 2242 5282 γονος,
2274 5214 2586 5285 δισιγγόνη,
2618 5219 2712 5271 καὶ
2731 5216 2780 5268 oi
2801 5215 3006 5268 τούτων
3030 5215 3271 5283 ἐφεξῆς-⁸
3302 5215 3370 5269 ἐκ
3395 5215 3622 5284 πλαγίου

2058 5306 2138 5370 δὲ,
2175 5307 2223 5360 οἱ
2263 5307 2404 5378 μήτε
2433 5309 2580 5378 ἡμᾶς
2601 5307 3186 5376 γεγεννηκότες,.μήτε
3218 5305 3279 5370 ἐξ
3315 5307 3476 5376 ἡμῶν
3501 5323 3624 5374 γεν-

2060 5398 2338 5469 νηθέντες,
2380 5399 2488 5454 ὑπὸ
2537 5399 2595 5453 δὲ
2639 5398 2738 5469 τὴν
2790 5397 2964 5466 αὐτὴν
2995 5399 3091 5454 καὶ
3151 5397 3280 5467 μίαν
3305 5398 3488 5468 ἀρχὴν
3537 5395 3626 5450 καὶ

2058 5491 2225 5562 γονὴν
2279 5493 2417 5562 ἡμῖν
2473 5489 2823 5561 ἀναγόμενοι,
2877 5482 3013 5555 οἷον,
3066 5488 3298 5556 ἀδελφὸς
3325 5525 3356 5554 .-
3400 5487 3622 5558 ἀδελφὴ.

2059 5587 2224 5652 θεῖος,
2252 5586 2393 5650 θεία,
2430 5584 2669 5654 auom,
2707 5581 2928 5653 ἀνεψιὰ,
2977 5581 3293 5650 ἐξάδελφος,
3336 5580 3620 5650 ἐξαδέλφη.

2063 5677 2158 5731 καὶ
2195 5677 2246 5730 οἱ
2275 5675 2481 5733 τούτων
2527 5676 2812 5743 ἐπέκεινα,
2855 5675 2905 5728 οι
2935 5672 3046 5728 ἀπὸ
3088 5671 3380 5744 tegmen;
3425 5671 3624 5742 δηλαδὴ

2068 5785 2369 5838 συγγενεις.
