3902 6548
153 356 269 417 ξιξι

150 569 390 638 siquam,
439 571 725 628 ἀκώλυτον
768 576 1087 646 ἀποφαίνει,
1128 574 1264 646 οἷον,
1305 583 1356 634 εἰ
1415 582 1600 654 πατὴρ
1630 585 1726 638 καὶ

153 662 274 723 θεὸς,
307 663 527 732 πρώτου
562 667 715 730 ὄντες
747 668 986 739 βαθμοῦ,
1021 674 1344 741 συναφθεῒεν
1396 679 1572 748 μικρᾷ
1603 677 1727 752 θείᾳ.

72 818 76 826 ι
149 758 230 810 καὶ
257 756 480 830 ἀνεψιᾷ,
526 762 780 831 πέμπτου
813 761 1002 828 οὔσαις
1033 763 1269 836 βαθμοῦ.
1729 768 1737 778 ’

585 961 807 1030 Ἕκτος
833 970 1027 1020 κεκωλ
1039 967 1278 1036 υμένος.

213 1050 270 1104 Ei
319 1052 377 1105 δὲ
423 1054 454 1107 6
480 1053 814 1125 ζητούμενος
849 1058 1008 1122 ἕκτος
1048 1060 1109 1126 ἐξ
1149 1063 1472 1131 ἀγχιστείας
1515 1065 1724 1136 βαθμδς

227 1143 316 1196 δύο
355 1144 644 1212 σύγκειται
675 1151 770 1201 καὶ
803 1152 1113 1221 τεσσάρων,
1148 1157 1196 1206 εί
1229 1156 1328 1225 μὲν
1356 1158 1566 1224 γίνεται
1593 1160 1724 1228 σύγ-

142 1254 305 1307 χυσις,
345 1239 376 1291 6
416 1239 670 1311 δεύτερος
721 1242 1052 1300 κεκώλυται.
1109 1249 1185 1301 Οῦ
1219 1249 1329 1318 γάρ
1377 1250 1603 1312 δυνατὸν
1629 1255 1723 1308 δύο

143 1332 497 1402 αὖταδέλφους
543 1335 664 1387 δυσὶ
715 1338 1059 1407 συναψθῆναι
1109 1345 1594 1414 πρωτεξαδέλφαις
1624 1387 1639 1410 ,
1685 1348 1718 1417 ἢ

140 1424 193 1475 τι
235 1425 541 1480 ἀνάπαλιν·
599 1429 848 1496 γίνονται
877 1431 987 1502 γὰρ
1022 1434 1144 1488 ἀντὶ
1190 1436 1549 1506 αὗταδέλφων
1588 1440 1720 1508 σύγ-

141 1518 393 1586 γαμὸροι,
416 1524 513 1574 καὶ
542 1524 866 1592 συγχέονται
894 1526 1148 1581 ἐντεῦθεν
1166 1530 1235 1582 τὰ
1260 1531 1359 1599 τῆς
1394 1532 1719 1599 συγγενείας

141 1610 388 1676 ὀνόματα.
417 1612 558 1681 Φησὶ
589 1613 645 1664 δὲ
676 1619 704 1666 ὁ
733 1615 876 1684 ἱερὸς
910 1619 1005 1670 καὶ
1046 1620 1218 1686 μέγας
1258 1620 1575 1684 Βασίλειος·
1626 1623 1719 1677 Ἐν

140 1695 210 1760 οἷς
232 1702 300 1752 τὰ
331 1701 426 1754 τοῦ
455 1705 649 1770 γένους
686 1706 932 1776 ὀνόματα
965 1709 1310 1780 συγχέονται,
1359 1711 1418 1764 ἐν
1449 1711 1662 1777 τούτοις
1687 1714 1717 1765 6

139 1791 298 1861 γάμος
335 1794 624 1866 ἁθέμιτος.

619 1978 842 2044 ’Ἕκτος
874 1977 1215 2047 ἀκώλυτος.

197 2067 255 2119 El
283 2068 344 2121 δὲ
387 2069 450 2122 οὐ
475 2069 688 2137 γίνεται
718 2073 1008 2139 σύγχυσις,
1041 2074 1135 2126 καὶ
1165 2075 1194 2125 6
1232 2073 1392 2137 ἕκτος
1433 2073 1715 2140 ἀκώλυτός

140 2161 270 2211 ἐστιν
291 2175 304 2186 ·
339 2160 572 2212 πάππον
624 2161 733 2231 γὰρ
759 2163 853 2214 καὶ
895 2161 1118 2231 ἔγγονον
1160 2165 1445 2219 ἀκώλυτόν
1474 2168 1592 2219 ἐστι
1623 2183 1718 2220 συ·-

138 2251 394 2320 ναφθῆναι
447 2252 660 2323 μεγάλῃ
713 2253 835 2323 θείᾳ.
863 2255 961 2324 καὶ
1001 2255 1202 2324 ἀνεψιᾷ
1226 2272 1241 2287 ο
1266 2257 1436 2310 ⁶ἕκτου
1481 2258 1590 2328 γὰρ
1623 2260 1716 2312 καὶ

136 2343 281 2396 τοῦτο
342 2344 579 2416 βαθμοῦ,
616 2345 731 2398 ἀλλ’
785 2345 935 2399 ἔστιν
997 2347 1346 2418 ἀσύγχυτονο
1395 2350 1558 2402 πάλιν
1605 2351 1715 2421 γὰρ

138 2439 264 2504 μετὰ
293 2439 423 2501 τοὺς
453 2439 668 2510 γάμους
695 2441 922 2494 πάππου
970 2441 1062 2494 καὶ
1097 2443 1324 2510 ὲγγόνου
1361 2443 1712 2509 ἀποσώζουσι

133 2527 342 2592 τόπους.
368 2529 482 2602 Τὴν
504 2531 613 2600 γὰρ
640 2533 884 2602 μεγάλην
914 2531 1089 2600 θείαν,
1113 2534 1210 2586 καὶ⁵
1236 2534 1328 2598 τὸν
1355 2539 1528 2605 μέγαν
1550 2537 1712 2600 θεῖον,

134 2619 236 2689 ἦτοι
291 2621 387 2673 τοῦ
436 2623 662 2675 πάππου
696 2623 793 2694 τὴν
845 2623 1104 2695 ἀδελφὴν,
1150 2627 1250 2682 καὶ
1303 2627 1394 2680 τὸν
1452 2628 1709 2696 ἀδελφὸν,

137 2712 360 2783 pip.qu
381 2715 480 2767 καὶ
501 2716 730 2769 πάππον
753 2717 802 2770 οἱ
831 2717 1018 2770 πολλοὶ
1042 2718 1397 2788 ὀνομάζουσι.
1427 2721 1531 2774 Διά
1552 2720 1711 2774 τοῦτο

135 2802 244 2856 οὔτε
278 2805 390 2858 ἀπὸ
439 2805 543 2858 τοῦ·
571 2809 742 2877 νόμου
776 2809 837 2860 τὸ
883 2810 1057 2879 παρὸν
1093 2809 1404 2864 κεκώλυται
1462 2810 1705 2882 ζήτημα,

135 2895 218 2949 καὶ
247 2896 328 2966 τῷ
359 2898 515 2968 τόμῳ
547 2903 803 2969 παρεῖται
833 2901 930 2954 τοῦ
953 2903 1244 2966 Σισιννίου,
1273 2905 1347 2966 ὼς
1385 2903 1665 2958 ἀκώλυτον
1689 2921 1703 2935 ·

134 2987 296 3041 ἐκεῖνο
327 2987 406 3052 δὲ,
437 2988 514 3052 ὡς
541 2988 807 3060 σύγχυσιν
848 2991 993 3062 ἕχον,
1031 2991 1368 3046 κεκώλυται.

515 3227 520 3232 -
612 3193 835 3258 Ἕκτος
877 3191 1210 3262 ἀκώλυτος.
1732 3213 1778 3272 ο

193 3282 253 3334 Ei
281 3283 338 3336 δὲ
374 3284 438 3336 ἐκ
467 3285 636 3354 τριῶν
671 3288 786 3338 ἐστι
834 3288 930 3341 καὶ
980 3287 1171 3357 τριῶν,
1211 3289 1260 3342 εί
1309 3289 1414 3358 μὲν
1443 3289 1541 3343 οὐκ
1587 3289 1703 3360 ἔχει

137 3369 409 3440 σύγχυσιν,
448 3373 730 3428 ἀκώλυτόν
759 3377 905 3429 ἐστιν
925 3393 943 3450 °_
969 3372 1102 3443 οἷον,
1131 3379 1263 3432 ὅταν
1303 3381 1402 3444 μὲν
1437 3379 1581 3444 θεῖος
1608 3381 1701 3434 καὶ

135 3459 339 3530 ἀνεψιὸς
389 3463 542 3516 θείαν
599 3465 738 3537 λάϐῃ
789 3467 884 3520 καὶ
933 3469 1184 3537 ἀνεψιὰν,
1219 3469 1446 3540 οὐδεμία
1489 3473 1702 3539 γίνεται

137 3551 408 3624 σύγχυσις.
437 3555 612 3610 Πάλιν
643 3558 753 3629 γὰρ
783 3558 932 3612 θείου
960 3561 1054 3614 καὶ
1074 3562 1301 3632 ἀνεψιοῦ
1333 3562 1572 3628 σώζουσι
1610 3565 1698 3619 τό·

137 3661 226 3697 πον
243 3661 261 3678 ο
285 3646 375 3699 διὰ
401 3646 564 3700 τοῦτο
595 3650 691 3702 καὶ
719 3652 1000 3706 ἀκώλυτον
1024 3653 1165 3706 εἶναι
1197 3656 1564 3722 παντάπασιν,
1583 3657 1618 3728 ἦ
1643 3675 1701 3711 τε

135 3737 218 3787 τοῦ
249 3738 506 3808 ῥηθέντος
547 3739 713 3811 νόμου
747 3745 951 3811 σιωπὴ,
977 3746 1040 3799 οὐ
1075 3748 1183 3817 μὴν
1213 3746 1351 3800 ἀλλὰ
1385 3749 1478 3801 καὶ
1513 3748 1704 3802 θεσπί-

139 3845 302 3897 σματα
325 3832 606 3904 βασιλικὰ,
644 3840 739 3890 καὶ
770 3837 1004 3907 πράξεις
1037 3840 1321 3894 συνοδικαὶ
1344 3841 1511 3896 πᾶσιν
1535 3841 1705 3910 ἐγνώ-

137 3937 300 3991 ρισαν.
924 3941 929 3946 '

569 4043 781 4109 Ἕκτος
813 4046 1253 4114 κεκωλυμένος.

199 4131 358 4187 Ὀταν
382 4132 436 4187 δὲ
471 4135 498 4188 ὁ
535 4135 638 4205 μὲν
673 4134 814 4197 θεῖος
850 4135 1141 4206 προλαϐὼν
1173 4137 1298 4208 ἔσχε
1324 4138 1423 4208 τὴν
1453 4138 1701 4208 ἀνεψιὰν,

135 4222 158 4272 6
183 4223 233 4276 δὲ
262 4225 477 4296 ἀνεψιὸς
505 4227 758 4297 βούλεται
804 4230 1123 4298 συνοικῆσαι
1155 4235 1222 4300 τῇ
1268 4230 1411 4304 θείᾳ,
1443 4232 1502 4285 τὸ
1525 4235 1704 4301 ἐπιγι-

136 4316 341 4386 νόμενον
367 4321 456 4373 διὰ
502 4323 601 4389 τὴν
636 4322 900 4392 σύγχυσιν
933 4323 1258 4378 κεκώλυται.
1297 4323 1544 4378 Γίνονται
1584 4328 1696 4398 γὰρ

137 4407 202 4470 ὡς
249 4412 351 4464 άπὸ
382 4412 492 4465 τῶν
518 4415 732 4482 γάμων,
764 4417 792 4467 6
824 4415 923 4483 μὲν
955 4415 1096 4480 θεῖος
1148 4415 1392 4485 ἀνεψιὸς,
1431 4417 1459 4468 ὁ
1491 4417 1547 4470 δὲ
1577 4419 1698 4471 ἁνε-

142 4500 250 4566 ψιὺς
283 4501 449 4566 θεῖος·
484 4507 579 4558 καὶ
607 4503 722 4559 ἐστι
754 4505 914 4560 τοῦτο
946 4509 1123 4578 σαφὴς
1149 4509 1260 4561 τῶν
1289 4509 1571 4576 ὀνομάτων
1606 4510 1699 4562 τοῦ

139 4593 312 4658 γένους
336 4595 621 4666 σύγχυσις.

530 4806 825 4875 Ἕϐδομος
856 4804 1298 4874 κεκωλυμένος.

225 4900 366 4953 Αλλὰ
395 4901 490 4953 καὶ
521 4903 548 4954 ὁ
585 4901 780 4969 μέχρις
809 4900 1044 4969 ὲῦδόμου
1079 4898 1291 4968 βαθμοῦ
1320 4898 1698 4965 θεωρούμενος

141 4989 190 5054 ἑξ
218 4993 529 5062 ἀγχιστείας
556 4993 755 5063 γάμος,
788 4994 838 5046 εί
873 4995 972 5063 μὲν
1003 4992 1064 5057 ἐξ
1093 4992 1212 5054 ἐνὸς
1253 4992 1337 5060 εἴη
1371 4991 1464 5043 καὶ
1496 4991 1575 5055 ἓξ.
1613 5011 1704 5044 κε-

141 5081 379 5138 κώλυται.
417 5085 494 5138 οὐ
525 5085 635 5156 γὰρ
665 5080 776 5139 οἷόν
802 5102 863 5136 τε
893 5085 1103 5154 πατέρα
1131 5083 1228 5136 καὶ
1257 5083 1372 5137 υἱὸν
1403 5083 1703 5148 6:055:89.-

142 5188 252 5235 φσις
299 5175 637 5245 συναφθῆναι
675 5175 797 5228 δυσί
812 5192 826 5207 ο
863 5175 1108 5244 γίνονται
1157 5175 1287 5244 γὰρ,
1323 5174 1444 5226 ὀιντ)⁵
1493 5174 1703 5242 πατρὸς

144 5265 224 5316 καὶ
249 5267 384 5332 υἱοῦ,
419 5267 793 5339 σύγγαμσροι.

569 5379 868 5450 Ἕϐδομος
912 5379 1243 5446 ἀκώλυτος.

210 5473 260 5526 ΕΞ
277 5474 330 5527 δὲ
358 5478 421 5528 ὲκ
451 5475 544 5528 δύο
571 5475 664 5528 καὶ
686 5475 873 5537 πέντε,
896 5475 1150 5543 οὐδαμῶς
1168 5492 1182 5504 ·
1201 5476 1311 5529 εἴτε
1348 5477 1452 5546 γὰρ
1476 5477 1700 5538 πάππος

172 5567 239 5616 ui
269 5567 501 5636 ἔγγονος,
534 5569 645 5621 εἴτε
674 5567 765 5621 δύο
798 5568 1121 5637 αὖτάδελφοι
1167 5569 1489 5640 συναφθεῖεν
1526 5563 1701 5641 μικρᾷ

150 5656 249 5727 Gai;
301 5663 389 5713 καὶ
438 5661 665 5733 ἁνεψςᾷ,
737 5663 764 5715 6
821 5660 1072 5732 δεύτερος
1129 5663 1307 5732 γάμος
1363 5664 1700 5735 ἀνέγκλητός

148 5761 296 5806 εςτιν.

1144 365 1554 427 SYNTAGMA
1591 367 2222 438 ALPIIABETICUM.
2267 403 2336 411 —
2371 379 2442 441 Β.

148 494 203 544 ξε
241 475 640 550 Θεσσαλονίκης
681 481 902 552 Μιχαὴλ
953 481 982 533 6
1027 484 1296 554 Χοῦμνος,
1349 490 1408 541 ἐν
1463 490 1579 559 ἰδίῳ
1624 490 1709 560 ψηι

1837 490 2347 552 Thessalonicensis
2395 499 2630 554 antistes
2673 498 2763 556 ilie
2807 498 3096 556 Chutnnus
3148 515 3245 556 sna
3291 517 3418 556 sen-
3511 488 3516 498 ’

3280 381 3417 448 “2?.

1834 581 2004 637 tentia
2036 586 2418 652 pronuntiavit
2462 590 2689 644 mini-me
2742 591 2960 648 vetitas.
3014 591 3260 661 Exempli
3293 609 3417 660 gra-

1829 671 1926 734 tia,
1955 673 2001 726 si
2035 685 2190 744 pater
2235 686 2290 732 et
2331 677 2497 740 filius,
2540 681 2634 749 qui
2693 682 2871 750 primo
2912 691 3041 736 sunt
3089 683 3288 753 gradu,
3319 699 3413 737 co.

1827 763 2000 833 pulati
2031 763 2241 824 fuerint
2294 769 2476 825 amitae
2517 787 2721 841 parvae.
2762 788 2827 829 ac
2871 772 3054 828 fratris
3105 776 3226 845 cjus
3269 777 3412 839 tiliae,

1827 870 1951 926 quae
1983 857 2156 925 gradu
2189 860 2382 930 quinto
2407 877 2466 917 se
2488 864 2838 934 contingunt.
3414 885 3416 887 ·

2219 953 2429 1009 Gradus
2467 967 2648 1011 sextus
2683 958 3014 1026 prohibitus.

1904 1039 2000 1096 Sin
2037 1045 2242 1111 gradus
2285 1061 2354 1100 ex
2403 1047 2678 1103 affinitate
2711 1060 2924 1114 sextus,
2952 1052 3018 1104 de
3063 1067 3173 1121 quo
3212 1053 3414 1122 quat-i-

1829 1139 1938 1194 tur,
1988 1147 2062 1204 ex.
2105 1132 2320 1190 duobus
2351 1144 2402 1190 et
2457 1147 2694 1207 quatuor
2741 1147 2983 1206 constat,
3043 1141 3310 1210 siquidem
3351 1145 3409 1202 tit

1827 1224 2102 1286 confusio.
2133 1229 2340 1297 nuptis:
2362 1233 2698 1299 posteriores
2721 1232 3103 1301 prohibentur.
3127 1233 3262 1288 Nam
3293 1233 3407 1289 fieri

1828 1319 2040 1387 nequit,
2071 1326 2132 1373 ut
2158 1319 2271 1373 duo
2303 1323 2547 1391 germani
2572 1322 2771 1396 fratres
2805 1324 3018 1379 duabus
3053 1327 3408 1382 consobrinis

1826 1409 2175 1478 cepolentur,
2218 1422 2314 1465 aut
2357 1413 2474 1468 vice
2533 1429 2709 1470 versa.
2742 1414 2908 1472 Fiunt
2951 1418 3096 1471 enim
3144 1419 3264 1472 loco
3297 1418 3408 1474 fra-

1824 1508 1974 1556 trum
1998 1504 2293 1572 congeneri
2327 1504 2409 1558 vel
2430 1504 2696 1560 coaftines
2726 1523 2752 1584 ς.
2777 1517 2832 1561 et
2861 1508 2964 1562 hoc
2986 1512 3150 1563 modo
3182 1510 3404 1564 nomina

1822 1596 2169 1664 cognationis
2223 1597 2662 1664 confunduntur.
2721 1599 2813 1654 Ait
2861 1600 3008 1654 enim
3079 1613 3302 1656 sanctus
3356 1615 3410 1658 et

1824 1702 2077 1758 magnus
2113 1689 2202 1744 ille
2247 1689 2485 1746 Basilius
2535 1709 2549 1746 :
2590 1691 2648 1746 ltt
2693 1692 2894 1761 quibus
2951 1694 3168 1762 generis
3225 1697 3408 1764 appel-

1823 1781 2056 1836 lationes
2109 1784 2548 1850 conl‘unduntnr,
2612 1786 2667 1840 in
2741 1788 2828 1841 his
2891 1789 3096 1843 illicita:
3131 1798 3260 1843 sunt
3307 1805 3408 1842 nu-

1747 1855 1793 1913 Β
1824 1875 1969 1945 ptiae.

2250 1968 2446 2024 Sextus
2505 1987 2607 2024 non
2655 1973 2970 2039 prohibitus.

1894 2059 1989 2116 Sin
2012 2063 2267 2120 confusio
2301 2064 2446 2119 nulla
2477 2063 2572 2129 fit,
2603 2066 2768 2121 etiam
2791 2075 2980 2121 sextus
3013 2081 3118 2120 non
3148 2066 3403 2136 prohibe-

1821 2162 1930 2208 tur.
1963 2152 2174 2224 Quippe
2207 2171 2318 2212 non
2355 2166 2591 2220 vetatur,
2625 2157 2927 2226 quominus
2964 2173 3099 2214 avus
3128 2170 3184 2213 et
3233 2175 3404 2227 nepos

1821 2249 2145 2318 co'pulcntur
2175 2263 2300 2303 cum
2321 2249 2490 2304 amita
2517 2265 2733 2320 magna,
2768 2259 2817 2305 et
2851 2250 3095 2319 ejusdem
3129 2267 3192 2307 ex
3235 2251 3404 2308 fratre

1821 2353 2000 2409 nepte.
2024 2339 2183 2395 'Nam
2234 2342 2336 2396 hoc
2372 2358 2592 2412 quoque
2622 2343 2762 2398 sexti
2791 2345 2995 2414 gradus
3035 2355 3140 2411 eat,
3179 2354 3235 2399 at
3265 2361 3401 2399 cono

1818 2432 2050 2489 fusionis
2079 2449 2293 2502 expers.
2336 2437 2554 2490 liursus
2600 2436 2749 2490 enim
2781 2440 3022 2504 peractis
3071 2438 3286 2506 nuptiis
3313 2440 3401 2492 avi

1816 2535 1870 2579 et
1916 2526 2130 2594 nepotis
2159 2525 2281 2580 loca
2321 2536 2576 2603 servant.
2612 2527 2828 2596 Quippe
2879 2544 3136 2597 magnam
3171 2529 3396 2584 amitam

1814 2627 1870 2673 et
1901 2629 2153 2687 patruum
2208 2635 2489 2690 magnum,
2523 2621 2626 2674 hoc
2650 2627 2758 2686 est,
2797 2621 2884 2674 avi
2933 2636 3178 2676 sororem
3215 2623 3397 2676 etfra-

1815 2719 1977 2775 trem,
2029 2711 2277 2782 plerique
2328 2713 2508 2766 aviam
2548 2723 2604 2766 et
2653 2727 2816 2766 avum
2852 2715 3138 2768 nominare
3185 2715 3388 2769 solent.

1811 2803 2024 2858 Idcirco
2057 2819 2157 2867 nec
2183 2805 2400 2874 legibus
2456 2804 2549 2859 hic
2577 2819 2746 2859 casus
2781 2814 2866 2860 est
2921 2805 3253 2875 prohibitus,
3283 2813 3337 2859 et
3365 2822 3396 2860 a

1813 2905 1961 2950 tumo
2021 2894 2250 2951 Sisinnii
2305 2898 2642 2966 permitt‘tur
2708 2911 2807 2951 ceu
2863 2898 3086 2951 minime
3160 2897 3392 2960 vetitus;

1811 3001 1934 3040 cum
1965 2986 2100 3040 illud
2132 2979 2472 3043 altet'um'sit
2503 2986 2864 3057 prohibitum,
2889 2989 3046 3042 velut
3085 2989 3392 3042 obnoxium

1810 3075 1941 3129 conf
1943 3077 2122 3130 usioui

2234 3186 2429 3241 Sextus
2487 3205 2590 3242 non
2646 3189 2962 3258 prohibitus.

1880 3277 1976 3334 Sin
2006 3293 2071 3333 ex
2109 3279 2284 3336 tribus
2321 3291 2378 3336 et
2410 3282 2584 3337 tribus
2611 3291 2847 3347 constat,
2880 3283 3151 3352 siquidem
3189 3283 3386 3339 confu-

1806 3372 1980 3429 sionis
2011 3389 2204 3443 expers
2231 3383 2334 3441 est,
2365 3390 2474 3430 non
2524 3383 2763 3429 velatur.
2807 3363 2972 3430 Verbi
3026 3376 3221 3444 gratia,
3263 3391 3387 3430 cum

1807 3476 2036 3536 patruus
2065 3477 2120 3520 et
2176 3466 2359 3523 fratris
2419 3467 2542 3535 ejus
2595 3467 2742 3522 filius
2795 3467 3018 3521 amitam
3073 3466 3298 3532 ducunt,
3337 3479 3391 3523 et

1807 3559 2055 3630 ejusdem
2099 3558 2292 3616 fratris
2349 3559 2540 3624 filiam,
2577 3561 2724 3616 nulla
2777 3560 2835 3614 lit
2869 3560 3139 3616 confusio.
3179 3560 3390 3617 Rursus

1805 3649 1950 3704 enim
1984 3652 2160 3719 patrui
2190 3661 2244 3706 et
2265 3650 2453 3708 fratris
2476 3652 2571 3707 lilii
2601 3653 2782 3708 locum
2813 3661 3055 3708 servant.
3088 3652 3392 3725 Propterea

1806 3743 1911 3796 hoc
1942 3745 2099 3812 plane
2133 3737 2238 3797 non
2277 3745 2576 3813 prohiberi,
2607 3761 2716 3800 non
2759 3747 2922 3802 modo
2954 3747 3091 3817 legis
3134 3748 3389 3803 iudicatae

1805 3833 2106 3898 silentium,
2135 3835 2228 3888 sed
2267 3836 2430 3890 etiam
2459 3835 2765 3906 principum
2817 3839 3151 3902 sanctiones,
3184 3849 3237 3895 ct
3267 3851 3390 3895 acta

1805 3924 2087 3992 synodalia
2114 3925 2328 3978 cunctis
2361 3925 2760 3994 significaram.

2320 4035 2510 4090 Sextus
2569 4036 2888 4106 prohibitus.

1877 4131 1948 4186 At
1978 4146 2106 4200 vero
2170 4145 2296 4184 cum
2348 4139 2580 4200 patruus
2610 4130 2722 4200 jam
2767 4138 2926 4183 antea
2981 4126 3172 4184 fratris
3223 4127 3387 4183 habet

1806 4224 1972 4280 filiam
2000 4265 2016 4290 ,
2055 4208 2552 4294 fratrisque-filius
2596 4236 2724 4276 cum
2777 4220 2945 4275 amita
2975 4219 3124 4275 coire
3172 4219 3288 4273 vult
3329 4221 3385 4274 in

1808 4317 2221 4374 matrimonium
2251 4333 2267 4384 ;
2303 4315 2632 4386 posteriores
2669 4315 2750 4368 ha:
2776 4313 2979 4384 nuptiae
3035 4312 3388 4368 confusionis

1806 4427 1974 4467 causa
2016 4410 2402 4480 prohibentur.
2438 4409 2650 4477 Quippe
2682 4407 2826 4462 velut
2855 4407 2973 4475 ipso
3001 4407 3127 4475 jure
3154 4415 3385 4473 patruus

1810 4505 1868 4557 lit
1918 4503 2104 4556 fratris
2164 4503 2330 4565 lilius,
2413 4511 2467 4556 et
2530 4500 2716 4555 fratris
2796 4498 2940 4554 filius
2989 4497 3046 4552 fit
3106 4509 3338 4567 patruus
3366 4517 3396 4552 ε.

1735 4584 1778 4636 Ι)
1807 4597 2051 4666 adeoque
2119 4596 2411 4650 manifesta
2488 4593 2708 4662 generis
2781 4589 3383 4660 appellationutn'hzer:

1805 4689 2058 4751 confusio
2086 4698 2190 4743 est.

2203 4799 2314 4872 49
2343 4799 2613 4867 Septimus
2641 4797 2962 4864 prohibitus.

1874 4892 2016 4958 Quin
2049 4892 2211 4946 etiam
2252 4892 2668 4945 matrimonium
2702 4891 2845 4944 inter
2877 4888 3088 4952 aflinns,
3117 4885 3185 4939 ad
3211 4885 3380 4953 septi-

1805 4999 1954 5038 mum
1993 4999 2168 5053 usque
2197 4984 2423 5056 gradum
2459 4999 2582 5038 sese
2635 4981 2940 5062 porrigeps,
2977 4979 3022 5033 si
3053 4986 3271 5032 constet
3315 4993 3381 5031 ex

1804 5093 1914 5130 uno
1943 5087 1997 5129 et
2027 5091 2146 5138 sex,
2181 5061 2521 5144 prohibetur.
2554 5074 2691 5128 Nam
2744 5061 2865 5128 ﬁeri
2907 5073 3098 5141 nequit
3143 5079 3202 5123 ut
3229 5078 3382 5139 pater

1802 5178 1856 5224 et
1887 5169 2034 5224 filius
2080 5169 2294 5223 duabus
2326 5167 2572 5222 sobrinis
2608 5166 2954 5235 copulentur.
3011 5162 3193 5217 Patris
3236 5161 3383 5216 enim

1802 5272 1852 5316 et
1879 5262 1974 5316 lilii
2009 5260 2152 5327 loco,
2209 5261 2348 5315 fiunt
2380 5259 2670 5330 congeneri
2703 5258 2784 5312 vcl
2819 5255 3098 5312 coaliincs.

2211 5371 2477 5438 Septimus
2517 5389 2620 5425 non
2653 5371 2970 5439 prohibitus.

1874 5464 2227 5535 Nequaquam
2263 5465 2366 5518 hoc
2397 5480 2496 5518 usu
2526 5465 2692 5528 venit,
2717 5466 2759 5517 si
2797 5478 2860 5516 ex
2889 5461 3104 5516 duobus
3135 5467 3187 5512 et
3221 5457 3382 5526 quin-

1802 5573 1910 5627 que
1937 5567 2172 5612 cnnstet.
2196 5556 2331 5611 Nam
2360 5559 2476 5612 sive
2503 5573 2639 5612 avus
2669 5570 2719 5611 et
2752 5571 2948 5624 nepos,
2977 5555 3091 5609 sive
3123 5555 3228 5606 duo
3253 5566 3383 5621 ger-

1802 5649 1948 5703 mani
1986 5647 2186 5704 fratres
2231 5649 2470 5719 copulati
2533 5649 2734 5703 fuerint
2783 5663 2910 5702 cum
2963 5645 3130 5699 amita
3167 5659 3330 5711 parva
3363 5682 3379 5705 ,

1801 5758 1856 5800 et
1910 5747 2101 5801 fratris
2155 5746 2276 5815 ejus
2335 5745 2442 5802 lilia
2481 5788 2498 5814 ,
2549 5747 2804 5800 secunda:
2857 5742 3059 5810 nuptis:
3110 5740 3238 5792 vitio
3291 5755 3382 5792 ca-

1807 5849 1951 5894 I'Clil.
