3902 6556
414 367 432 429 i
455 367 550 436 li’i

1618 371 1991 433 MATTILEI
2039 369 2461 432 IlLASTAIllS

3552 363 3571 420 l
3594 357 3693 419 128

409 484 740 546 sitlerentus,
769 482 972 552 gratius
998 482 1051 535 in
1079 482 1186 547 his,
1221 497 1320 537 ceu
1363 482 1626 548 diximus,
1661 491 1892 550 quartus
1917 499 1993 535 rc-

2123 481 2366 550 τέταρτον
2395 479 2456 530 ἐν
2495 477 2706 538 τούτοις
2758 475 2969 545 βαθμὸν
3004 476 3260 528 ἀπαιτεῖ·
3291 474 3371 526 δεῖ
3421 472 3533 542 γὰρ
3588 475 3696 541 τὴν

409 574 673 644 quiritur.
713 573 816 643 51
852 573 1062 642 Quippe
1113 573 1578 628 necessitudinem
1628 573 1905 632 affinitatis
1937 577 1992 630 itt

411 676 785 720 transversum
811 682 917 719 non
946 666 1312 736 nihiljoportet
1329 667 1573 730 extendi,
1592 677 1756 736 atque
1780 670 1854 726 ita
1878 669 1993 724 lici-

409 767 523 809 tum
554 757 660 811 erit
707 759 1147 814 matrimonium.
1185 757 1249 814 γ.
1278 775 1330 822 α.
1359 759 1558 828 conjux
1585 759 1772 814 fratris
1801 761 1993 813 uxoris

409 861 544 900 mea:
580 845 882 916 propinqua
922 846 1334 904 necessitudine
1383 848 1632 918 jungitur
1669 849 1994 903 interntedio

408 940 620 1007 generi,
641 939 784 993 sicut
799 950 850 994 et
870 956 970 1009 ego
989 946 1113 1010 Ipsi.
1137 947 1287 995 hanc
1326 940 1494 995 frater
1515 957 1694 1004 meus,
1730 941 1993 997 defuncto

409 1031 672 1100 conjugis
719 1047 855 1085 meae
887 1030 1076 1098 fratre,
1109 1033 1313 1089 ducere
1334 1035 1472 1088 citra
1505 1035 1991 1103 reprehensionem

411 1133 612 1194 potest,
631 1125 713 1178 vel
731 1124 905 1192 ipsius
917 1141 1016 1194 ego
1034 1139 1312 1190 sororem;
1335 1124 1428 1181 sed
1449 1140 1554 1179 non
1578 1123 1662 1179 fas
1684 1134 1768 1179 est
1791 1133 1850 1178 ut
1877 1125 1993 1194 ipsa

411 1214 546 1270 mihi
567 1214 758 1269 nubat.
786 1213 1228 1270 Rursnsafﬁnent
1253 1227 1449 1270 nactus
1467 1230 1838 1279 sum,sororts
1861 1230 1994 1270 mea!

413 1311 595 1364 virum
625 1324 641 1374 ;
690 1308 846 1374 cujus
875 1308 1148 1372 fratriam,
1197 1306 1350 1362 fratri
1379 1307 1593 1362 scilicet
1620 1309 1790 1376 ipsius
1817 1323 1996 1377 quon-

409 1400 534 1456 dam
561 1411 813 1470 nuptam,
836 1416 1060 1455 uxorem
1088 1401 1358 1469 ipseduco
1378 1401 1514 1454 citra
1535 1399 1986 1466 prohibitionem,

408 1492 671 1566 quoniam
721 1508 774 1551 ct
819 1498 1001 1565 quarti
1052 1497 1254 1565 gradus
1282 1510 1404 1551 esse
1434 1495 1891 1564 deprehenditur,
1941 1507 1994 1549 et

413 1587 628 1659 longius
649 1588 934 1657 aliquanto
962 1599 1275 1648 removetur
1295 1605 1325 1643 a
1353 1589 1760 1644 necessitudine
1779 1588 1996 1658 generis

412 1680 746 1735 intermedii.
768 1677 901 1747 Qua:
921 1681 1068 1736 enim
1089 1697 1328 1752 persona
1354 1697 1518 1752 prope
1544 1697 1669 1735 cum
1705 1681 1824 1751 ipso
1864 1696 1995 1737 con-

404 1771 681 1842 jungitur,
714 1788 872 1828 soror
921 1790 1038 1829 mea
1079 1783 1205 1829 est:
1241 1776 1354 1844 ipse
1388 1790 1519 1829 vero
1561 1790 1682 1828 sum
1707 1792 1775 1830 ex
1814 1788 1992 1828 trans-

414 1883 594 1933 verso,
624 1877 680 1922 ct
701 1868 861 1937 paulo
892 1869 1160 1922 remotior
1186 1869 1256 1922 ab
1281 1867 1607 1922 intermedia
1637 1883 1894 1937 persona.

481 1958 698 2015 Rursus
744 1969 941 2014 nactus
992 1977 1114 2015 sunt
1167 1976 1458 2033 generum,
1496 1964 1758 2016 maritum
1812 1961 1990 2016 tilias:

412 2053 574 2124 cujus
627 2052 921 2119 fratriam,
973 2047 1200 2122 nuptam
1258 2055 1476 2108 scilicet
1530 2054 1807 2122 quondam
1871 2051 1993 2122 ejus

411 2146 594 2210 fratri,
620 2145 750 2200 mihi
773 2145 994 2215 quidem
1017 2160 1184 2221 omne
1221 2144 1374 2200 nefas
1397 2156 1478 2200 est
1509 2160 1736 2200 uxorem
1766 2145 1992 2209 ducere,

416 2240 578 2293 veluti
613 2254 782 2308 prope
827 2239 1176 2304 coniunctam
1221 2239 1549 2293 intermedio
1595 2237 1803 2307 generi;
1836 2252 1994 2292 soro-

417 2347 530 2384 retu
561 2341 742 2384 tamen
775 2329 894 2399 ejus
927 2330 1072 2384 ltcite
1097 2329 1262 2384 tluco.

490 2422 632 2488 Quin
656 2423 822 2478 etiam
857 2437 1024 2491 gener
1049 2433 1103 2476 et
1143 2422 1334 2477 uxoris
1368 2420 1557 2482 frater.
1602 2422 1648 2476 si
1683 2423 1834 2477 vidui
1869 2422 1995 2478 facti

417 2515 564 2576 sint,
625 2514 848 2568 amitam
907 2523 961 2568 et
1011 2511 1202 2568 fratris
1252 2513 1369 2580 ejus
1423 2513 1588 2567 ﬁliam
1648 2530 1995 2583 nequaquam

416 2609 647 2661 ducunt.
674 2605 846 2671 Cujus
877 2613 1060 2659 autem
1096 2603 1352 2658 defuncta
1382 2615 1465 2660 est
1501 2620 1664 2669 uxor,
1695 2605 1744 2660 ei
1775 2607 2000 2674 permit-

419 2699 580 2763 titur,
607 2709 667 2752 ut
699 2713 926 2752 uxorem
963 2698 1129 2752 ducat
1167 2699 1462 2767 congeneri
1495 2696 1578 2752 vel
1610 2695 1857 2752 coatlinis
1909 2698 1996 2752 sui

415 2805 686 2856 sororem,

486 2879 665 2949 Atque
696 2879 860 2934 etiam
893 2879 1060 2933 tiliam
1102 2879 1341 2932 sobrina:
1373 2878 1574 2946 prioris
1608 2894 1860 2944 uxorem,
1895 2894 1997 2936 nec

418 2984 527 3024 non
561 2971 761 3043 prioris
803 2971 996 3024 uxoris
1043 2971 1268 3024 atuitant
1309 2985 1558 3038 pat'Vttltl,
1583 2972 1687 3025 hoc
1720 2981 1836 3036 est,
1865 2987 1997 3026 con-

413 3063 694 3118 sobrinum
725 3078 922 3118 socrus
952 3079 1086 3117 sum.

501 3157 702 3213 Verum
727 3155 894 3210 tiliam
924 3155 1270 3211 consobrina:
1292 3153 1490 3225 prioris
1517 3151 1769 3222 conjugis
1795 3153 1997 3209 dueere

414 3251 760 3323 prohibetur.

485 3344 737 3400 Fratrem
795 3349 852 3395 et
904 3355 1152 3396 sororem
1223 3341 1460 3396 duarum
1520 3343 1999 3411 mulierum,qua:

416 3438 633 3493 duobus
677 3431 940 3489 fratribus
969 3442 1154 3502 nuptas
1183 3442 1334 3498 sunt,
1357 3432 1501 3487 inter
1530 3448 1590 3489 se
1629 3435 1879 3505 copulari
1911 3435 1994 3490 fas

413 3538 521 3586 σοι.

489 3620 775 3678 Sententia
800 3634 931 3672 vero
960 3615 1292 3685 patriarcha:
1303 3614 1503 3669 Leonis
1526 3614 1710 3687 Stupaa
1722 3618 1996 3684 concedit,

418 3725 479 3772 ut
497 3729 665 3787 gener
692 3721 747 3767 et
779 3710 970 3765 uxoris
1003 3707 1173 3763 frater
1201 3720 1424 3762 sorores
1449 3707 1589 3763 duas
1611 3710 1840 3776 ducant,
1867 3724 1994 3764 cunt

419 3809 622 3878 gradus
646 3804 874 3875 quintus
899 3799 1290 3856 constituatur.

489 3899 636 3954 Idem
687 3899 994 3959 decretum,
1039 3911 1105 3948 ac
1139 3907 1400 3964 prrcterea
1455 3899 1730 3951 decretum
1779 3896 1996 3951 Arsenii

417 3991 768 4062 patriarcha,
803 3999 1051 4044 statuunt
1086 3990 1314 4042 minime
1341 3990 1677 4059 prohibitum
1707 4004 1858 4056 esse,
1882 4005 1996 4060 quo

420 4085 602 4138 minus
628 4085 738 4136 duo
763 4082 960 4134 fratres
983 4083 1184 4133 ducant
1214 4096 1415 4134 nttrunt
1447 4097 1510 4136 ac
1528 4097 1775 4137 sororem
1815 4083 1994 4136 mariti

416 4177 562 4247 ejus.

490 4270 729 4324 Patruus
784 4277 840 4321 et
900 4264 1132 4319 maritus
1179 4263 1302 4319 tilia:
1365 4265 1553 4320 fratris
1601 4265 1743 4334 ejus,
1773 4280 1996 4322 sorores

417 4367 552 4420 «luas
594 4365 800 4416 ducere
843 4375 951 4413 non
992 4357 1373 4423 prohibentur,
1413 4357 1539 4413 licet
1580 4359 1781 4430 gradus
1806 4368 1994 4414 sextus

416 4455 806 4510 constituatur.

485 4568 626 4636 Quin
661 4567 824 4621 etiam
871 4577 1037 4632 gener
1081 4572 1136 4618 et
1171 4563 1338 4618 frater
1401 4563 1586 4618 uxoris
1626 4565 1764 4619 duas
1796 4577 1996 4619 conso-
2029 4579 2071 4631 ι)

417 4664 605 4717 brinas
636 4660 838 4714 ducere
871 4674 977 4712 non
1012 4656 1404 4726 prohibentur.
1437 4655 1561 4710 licet
1597 4655 1798 4726 gradus
1827 4657 1997 4725 septi-

421 4771 541 4808 ttttts
576 4760 840 4820 emergat.

491 4868 772 4923 Michaelis
803 4875 986 4920 autem
1031 4863 1360 4934 patriarcha:
1400 4863 1668 4917 sententia
1708 4864 1994 4932 permittit,

415 4971 473 5014 ut
499 4958 726 5012 Joannis
759 4956 888 5018 lilia,
913 4964 967 5008 et
997 4954 1240 5020 ejusdem
1284 4955 1474 5012 uxoris
1502 4969 1568 5008 ex
1598 4952 1768 5006 fratre
1792 4956 1993 5024 neptis,

417 5053 684 5109 fratribus
715 5049 926 5103 duobus
957 5046 1306 5116 copulentur.

490 5252 744 5310 Nonnulli
791 5263 970 5304 tamen
1004 5252 1251 5320 quaedam
1287 5268 1350 5308 ex
1395 5252 1652 5306 tttdicatis
1699 5253 1850 5309 hisce
1882 5271 1997 5309 ma-

423 5347 698 5405 trimoniis
728 5345 920 5401 illicita
955 5345 1388 5410 preuuntiarunt
1425 5362 1440 5398 :
1475 5345 1730 5400 videlicet
1762 5357 1822 5400 ut
1866 5362 1996 5402 con-

423 5457 589 5511 gener
637 5438 893 5507 deinceps
941 5449 1189 5490 sororem
1221 5435 1342 5505 ejus
1381 5435 1564 5500 ducat,
1598 5435 1692 5504 qui
1723 5451 1996 5502 congener

420 5535 592 5606 ipsius
620 5530 801 5587 fuerit.

489 5650 562 5704 Ae
607 5655 867 5717 praeterea
927 5644 1101 5697 frater
1148 5643 1353 5706 uxoris,
1389 5651 1451 5696 ut
1481 5659 1601 5698 eam
1651 5643 1836 5707 ducat,
1869 5659 1990 5712 qua:

415 5742 601 5812 generi
653 5722 754 5794 suo
806 5737 1031 5791 fratrem
1068 5737 1123 5789 in
1173 5736 1529 5790 matrimonio
1563 5737 1763 5790 habeat
1800 5751 1814 5787 :
1849 5737 1989 5789 sicut

415 5835 550 5892 illud
608 5833 797 5898 etiam,
855 5828 1000 5897 quod
1043 5827 1361 5899 episcopum
1395 5823 1802 5884 Tltetisalonica:
1845 5824 1993 5879 Chu-

2097 573 2409 640 οἰκειότητα
2431 570 2528 639 τῆς
2550 570 2867 638 ἀγχιστείας
2893 566 3304 636 πλαγιασθῆναι
3339 567 3567 637 μικρὸν,
3595 566 3696 620 καὶ

2097 665 2402 734 τηνικαῦτα
2427 665 2583 720 ἔσται
2613 664 2834 732 θεμιτδς
2867 667 2894 716 ὁ
2926 665 3127 733 γάμος.
3157 659 3307 727 Οἴον,
3332 662 3420 716 ὅτι
3453 659 3550 713 τοῦ
3593 677 3696 726 γυ-

2098 759 2460 827 ναικαδέλφου
2497 775 2597 829 μου
2649 760 2682 828 ἡ
2711 756 2852 826 γυνὴ
2903 754 3183 824 προσεχεῖς
3213 754 3499 824 ᾠκείωται
3549 753 3694 820 πρὸς

2097 853 2158 904 τὸ
2195 851 2362 922 μέσον
2391 851 2571 917 γένος,
2599 849 2788 919 ὥσπερ
2812 847 2967 916 κάγὼ
2991 847 3128 918 πρὸς
3152 846 3342 899 αὐτόν’
3372 846 3400 896 ὁ
3423 841 3519 898 οὖν
3551 843 3696 913 ἡμέ-

2097 962 2257 1014 τερος
2292 945 2522 1013 ἀδελφὸς
2571 944 2797 998 δύναται
2838 945 3048 1012 ταύτην
3102 943 3412 1011 ἀμέμπτως
3473 939 3690 996 λαϐεῖν,

2098 1036 2354 1100 θανόντος
2387 1037 2480 1088 τοῦ
2510 1036 2944 1104 γυναικαδέλφου
2977 1050 3105 1103 μου,
3137 1030 3304 1102 ἢὲγὼ
3330 1033 3432 1098 τὴν
3465 1029 3692 1097 ἐκείνης

2096 1128 2361 1198 ἀδελφὴν,
2395 1129 2566 1198 αὐτὴν
2615 1129 2674 1182 δὲ
2717 1129 2778 1182 ού
2819 1127 2978 1196 θέμις
3029 1123 3237 1178 λαϐεῖν.
3272 1125 3443 1178 Πάλιν
3489 1120 3692 1173 ἔλαϐον

2097 1224 2178 1284 εἰς
2229 1223 2328 1291 τὴν
2358 1223 2594 1293 ἀδελφήν
2629 1239 2732 1292 μου
2785 1219 3062 1290 γαμϐρὸν,
3094 1213 3156 1271 οὗ
3196 1216 3297 1288 τὴν
3322 1215 3410 1269 ἐπ’
3457 1212 3692 1282 ἀδελφῷ

2099 1315 2231 1368 ποτὲ
2261 1314 2488 1386 νύμφην
2523 1315 2686 1372 αὐτὸς
2735 1311 2928 1368 ἔλαϐον
2975 1313 3057 1374 εἰς
3082 1312 3343 1378 γυναῖκα,
3377 1309 3475 1361 καὶ
3531 1305 3690 1358 εστιν

2096 1407 2403 1470 ἀκώλυτον,
2441 1410 2566 1461 ἐπεὶ
2611 1409 2714 1462 καὶ
2752 1408 3017 1478 τετάρτου
3073 1405 3284 1474 βαθμοῦ
3333 1403 3688 1473 εὑρίσκεται,

2097 1502 2194 1554 καὶ
2227 1500 2570 1570 μακρύνεται
2602 1499 2802 1570 μικρὸν
2835 1500 2931 1554 καὶ
2958 1500 3060 1566 τῆς
3095 1499 3426 1565 οἰκειότητος
3451 1494 3548 1546 τοῦ
3589 1495 3694 1562 μέ-

2097 1609 2194 1646 σου
2229 1595 2455 1662 γένους·
2493 1595 2555 1645 τὸ
2599 1595 2706 1664 γὰρ
2738 1595 2876 1663 πρὸς
2915 1593 3052 1645 αὐτὸ
3096 1589 3378 1662 προσεχῶς
3413 1607 3490 1640 συ-
3514 1586 3694 1640 απτὸ-

2099 1704 2262 1753 μενον
2309 1687 2690 1758 πρόσωπον,ή
2743 1689 2946 1757 ἀδελφή
2997 1686 3098 1756 μού
3145 1689 3318 1746 ἐστιν,
3365 1681 3474 1750 ἐγὼ
3511 1682 3566 1733 δὲ
3622 1681 3692 1732 ἐκ
3785 1705 3789 1708 -

2097 1778 2354 1846 πλαγίου,
2396 1783 2492 1833 καὶ
2525 1781 2722 1851 μικρὸν
2753 1780 3024 1849 ἀπωτέρω
3053 1779 3146 1831 τοῦ
3177 1779 3362 1847 μέσου.

2174 1957 2346 2009 Πάλιν
2383 1957 2480 2009 ἐπὶ
2505 1959 2570 2028 τῇ
2607 1956 2838 2028 θυγατρὶ
2865 1957 3082 2024 ἐγένετό
3110 1975 3198 2026 μοι
3233 1955 3478 2025 γαμϐρός
3499 1973 3513 1985 ο
3556 1952 3695 2006 τού-

2102 2065 2198 2102 του
2229 2049 2327 2119 τὴν
2367 2049 2502 2102 ποτὲ
2539 2050 2637 2119 μὲν
2662 2050 2880 2120 νύμφην
2912 2051 3000 2102 ἐπ’
3039 2049 3253 2118 ἀδελφῷ
3284 2048 3464 2100 λαϐεῖν
3501 2064 3567 2116 με
3607 2048 3691 2105 εἰς

2105 2141 2344 2206 γυναῖκα
2369 2139 2429 2191 ού
2455 2139 2636 2210 θέμις,
2666 2140 2738 2203 ὡς
2771 2140 3058 2210 προσεχῶς
3085 2139 3504 2208 συναπτομένην
3541 2136 3692 2203 πρὸς

2104 2231 2165 2284 τὸ
2207 2231 2373 2300 μέσον
2416 2231 2601 2300 γένος·
2638 2235 2738 2302 τὴν
2793 2233 2848 2286 δὲ
2878 2234 3050 2303 αὐτῆς
3097 2231 3356 2298 ἀδελφὴν,
3407 2232 3504 2283 οὐκ
3552 2229 3693 2282 ἁθέο

2108 2342 2286 2394 μιτον.

2187 2419 2349 2474 Ἀλλὰ
2376 2419 2471 2476 καὶ
2503 2420 2773 2490 γαμϐρὲις,
2814 2421 2909 2474 καὶ
2925 2419 3350 2488 γυναικάδελφος
3378 2416 3691 2488 χηρεύσαν-

2103 2528 2216 2576 τες,
2251 2513 2403 2565 θείαν
2425 2513 2520 2566 καὶ
2552 2513 2779 2582 ἀνεψιὰν
2817 2513 3068 2583 οὐδαμῶς
3099 2513 3467 2581 λαμϐάνουσιν
3488 2527 3503 2542 ο
3533 2505 3599 2564 οὗ
3635 2509 3694 2561 δὶ

2101 2603 2492 2673 τετελεύτηκεν
2520 2607 2552 2675 ἡ
2584 2606 2747 2674 γυνὴ,
2777 2605 3079 2675 λαμϐάνειν
3118 2605 3292 2674 τούτῳ
3331 2605 3548 2672 ἐφεῖται
3583 2603 3694 2670 τὴν

2104 2693 2200 2747 τοῦ
2229 2695 2589 2766 συγγάμϐρου
2620 2695 2786 2750 αὑτοῦ
2821 2695 3077 2766 ἀδελφήν.

2189 2882 2356 2936 Ἀλλὰ
2381 2883 2568 2952 δὴκαὶ
2592 2883 2692 2954 τήν
2720 2882 2994 2952 θυγατέρα
3023 2885 3123 2952 τῆς
3154 2881 3546 2949 δισεξαδέλφης
3578 2879 3690 2947 τῆς

2104 2976 2381 3044 προτέρας
2431 2975 2598 3028 αὑτοῦ
2629 2975 2910 3042 γυναικὸς,
2936 2975 3055 3044 ἤτοι
3083 2974 3183 3046 τὴν
3221 2971 3691 3044 πρωτεξαδέλφην

2103 3064 2206 3134 τῆς
2233 3066 2504 3136 πενθερᾶς
2533 3066 2724 3120 αὐτοῦ.

2176 3158 2498 3212 Κεκώλυται
2537 3159 2595 3213 δὲ
2631 3159 2819 3212 λαϐεῖν
2841 3157 2943 3230 τὴν
2982 3157 3260 3228 θυγατέρα
3303 3157 3402 3226 τῆς
3434 3155 3690 3226 πρωτσξ-

2023 3232 2064 3285 C
2101 3249 2344 3320 αὸέλφης
2384 3251 2486 3322 τῆς
2517 3251 2792 3322 προτέρας
2829 3248 3301 3317 αύτοῦγυναικός.

2175 3341 2282 3395 Δύο
2335 3341 2394 3395 δὲ
2445 3341 2694 3410 ἀδελφῶν
2719 3343 3154 3412 γυναικάδελφον
3198 3343 3292 3396 καὶ
3323 3336 3692 3410 γυναικαιὲλ-

2103 3452 2211 3506 φην
2246 3435 2618 3490 συνάπτεσθαι
2646 3436 2886 3508 θεμιτόν.

2173 3623 2247 3676 Te
2266 3622 2322 3676 δὲ
2345 3622 2606 3694 ψήφισμα
2628 3616 2724 3678 τοῦ
2745 3623 3089 3694 πατριάρχου
3118 3625 3347 3688 Λέοντος
3369 3625 3462 3680 τοῦ
3489 3625 3684 3697 Στυπῆ

2102 3714 2290 3787 ἐφίησι
2320 3713 2508 3769 λαϐεῖν
2543 3715 2794 3786 γαμϐρὸν
2825 3717 2920 3771 καὶ
2945 3717 3376 3788 γυναικάδελφον
3394 3719 3486 3774 δύο
3519 3719 3684 3774 ἁδελο

2100 3809 2209 3878 φὰς
2245 3806 2334 3863 οἷα
2366 3809 2620 3880 πέμπτου
2648 3811 2940 3879 γινομένου
2983 3809 3215 3881 βαθμοῦ.

2171 3905 2246 3958 Τὸ
2275 3904 2334 3958 δὲ
2364 3905 2500 3966 αύτδ
2531 3904 2815 3972 ψήφισμα,
2856 3904 2936 3956 ἔτι
2966 3905 3022 3956 δὲ
3053 3904 3149 3956 καὶ
3183 3903 3278 3956 τοῦ
3328 3906 3676 3974 πατριὲρχου

2113 3998 2419 4069 Ἀρσενίου,
2451 3997 2546 4050 δύο
2586 3996 2850 4064 ἀδελφοὺς
2878 3997 3098 4065 νύμφην
3128 3997 3316 4050 λαϐεῖν
3354 3997 3446 4049 καὶ
3474 4000 3682 4066 ἀνδρα-

2097 4091 2321 4162 δέλφην,
2353 4089 2635 4142 ἀκώλυτον
2673 4082 2815 4141 εἶναι
2847 4089 3144 4158 κρίνουσιν.

2179 4268 2241 4321 '0
2277 4267 2420 4330 θεῖος
2459 4267 2555 4319 καὶ
2587 4265 2835 4337 γαμϐρὸς
2867 4267 2957 4318 ἐπ’
2977 4266 3177 4337 ἁνεψιᾷ
3210 4266 3424 4338 πρώτῃ,
3453 4267 3548 4320 δύο
3578 4266 3683 4320 λα-

2097 4361 2216 4415 ϐεῖν
2243 4359 2480 4428 ἀδελφὰς
2535 4357 2596 4410 οὐ
2647 4357 2980 4424 κωλύονται,
3015 4358 3064 4412 εί
3111 4359 3202 4412 καὶ
3248 4365 3302 4424 ς’
3337 4358 3544 4427 γίνεται
3577 4359 3679 4427 βα-

2098 4453 2127 4506 θ
2135 4453 2253 4524 μός.

2170 4567 2332 4621 Ἀλλὰ
2365 4567 2460 4622 καὶ
2490 4566 2741 4637 γαμϐρὸς
2791 4566 2886 4618 καὶ
2917 4564 3345 4632 γυναικάδελφος
3396 4565 3488 4616 δύο
3520 4563 3681 4633 πρώ-

2100 4677 2197 4723 τας
2229 4659 2524 4730 έξαδὲλφας
2552 4657 2739 4710 λαϐεῖν
2761 4657 2820 4711 οὐ
2846 4656 3167 4724 κωλύονται,
3193 4659 3241 4709 εί
3277 4656 3373 4708 καὶ
3398 4652 3442 4720 ζ’
3463 4656 3678 4720 γίνεται

2102 4751 2332 4823 βαθμὸς.

2169 4868 2242 4920 re
2295 4867 2354 4920 δὲ
2412 4865 2673 4938 ψήφισμα
2724 4863 2820 4918 τοῦ
2865 4864 3207 4932 πατριάρχου
3271 4864 3510 4932 Μιχαὴλ,
3567 4862 3675 4931 τὴν

2100 4961 2382 5031 θυγατέρα
2409 4959 2504 5013 τοῦ
2549 4959 2798 5012 Ἰωάννου
2829 4957 3012 5026 τυχὸν,
3051 4956 3146 5010 καὶ
3170 4957 3271 5026 τὴν
3310 4955 3540 5023 ἀνεψιὰν
3567 4955 3677 5023 τῆς

2099 5051 2360 5118 γυναικὸς
2405 5048 2595 5112 αὑτοῦ,
2645 5048 2799 5102 δυσὶν
2853 5047 3105 5116 ἀδελφοῖς
3155 5046 3445 5116 ἐπιτρέπει
3481 5045 3677 5108 συζευ-

2100 5141 2314 5212 χθῆναι.

2182 5253 2439 5322 ’Λθὲμιτα
2473 5252 2656 5320 μέντοι
2685 5250 2792 5301 τῶν
2839 5251 3144 5320 εἰρημένων
3192 5249 3310 5302 ἔνιά
3355 5266 3493 5309 τινες
3534 5247 3671 5317 ἐψη-

2098 5345 2349 5412 φίσαντο,
2383 5346 2444 5397 τό
2476 5361 2535 5395 τε
2563 5342 2750 5395 λαϐεῖν
2789 5343 2880 5395 τὸν
2913 5342 3272 5410 σύγγαμϐρον
3304 5342 3405 5411 τὴν
3437 5338 3672 5408 ἀδελφὴν

2099 5435 2333 5507 ὕστερον
2361 5434 2454 5488 τοῦ
2481 5434 2838 5505 συγγαμϐρου
2878 5433 3068 5487 αὑτοῦ.

2170 5639 2292 5690 Ἔτι
2335 5636 2390 5689 δὲ
2441 5637 2533 5688 καὶ
2579 5635 2672 5688 τὸν
2714 5635 3146 5701 γυναικάδελφον
3181 5636 3282 5705 τὴν
3338 5636 3426 5687 ἐπ’
3457 5634 3665 5703 ἀδελφῷ

2096 5730 2316 5799 νύμφην
2368 5729 2464 5782 τοῦ
2515 5729 2646 5782 ἰδίου
2696 5727 2862 5782 αὐτοῦ
2920 5727 3176 5795 γαμϐροῦ
3202 5745 3217 5759 ·
3252 5729 3438 5798 ὥσπερ
3476 5729 3536 5798 δὴ
3561 5731 3665 5780 καὶ

2097 5825 2292 5888 έκεῖνο,
2320 5823 2456 5892 ὅπερ
2487 5821 2577 5876 τὸν
2603 5820 2856 5890 Χοῦμνον
2879 5820 3284 5892 Θεσσαλονίκης
3318 5821 3426 5892 ἰδίῳ
3456 5821 3664 5888 ἔφημεν
