3902 6552
268 395 400 465 ῙῙΞΘ

1228 407 1633 470 ςγΝΤΑοΜΑ
1667 410 2294 476 ALPHABETICUM.
2324 441 2391 453 --
2434 418 2501 478 Β.

3343 426 3480 493 1130

265 513 415 567 λῦσαι
445 512 778 588 ψηφίσματι,
805 517 867 574 τδ
893 519 1103 593 πατέρα
1135 522 1228 576 καὶ
1251 525 1365 578 υίδν
1393 527 1578 581 λαϐεῖν
1609 527 1782 600 μικρὰ

1918 544 2102 583 mnum
2134 532 2404 586 sententia
2430 547 2530 588 sua
2571 533 2798 591 solvisse
2825 535 3098 606 diximus;
3132 541 3381 599 videlicet
3415 555 3478 601 ut

264 603 404 658 θείαν
437 607 533 660 καὶ
572 611 819 681 ἀνεψιάν.

909 793 1100 862 Νόμος
1112 831 1126 848 .

325 876 457 945 Φησὶ
496 878 610 948 γὰρ
649 880 676 932 6
702 882 882 952 νόμοςο
925 883 1014 938 Ἐν
1043 889 1152 949 τοῖς
1181 887 1383 958 γάμοις
1425 889 1486 942 οὐ
1537 890 1700 961 μόνον
1751 890 1812 944 τὸ

261 964 743 1038 ἐπιτετραμμένον,
788 972 922 1027 ἀλλὰ
950 976 1043 1028 καὶ
1089 977 1150 1028 τὸ
1197 977 1471 1051 εὐπρεπὲς
1515 980 1809 1053 ζητοῦμεν.

776 1149 916 1218 Περὶ
953 1154 1280 1218 υἱοθεσίας.

316 1234 420 1288 Καὶ
451 1236 600 1290 οὕτω
632 1256 730 1308 μεν
770 1240 839 1294 τὰ
871 1243 934 1296 ἐκ
965 1247 1291 1314 τριγενείαςο
1323 1248 1422 1315 τήν
1457 1264 1520 1315 γε
1553 1248 1658 1319 μὴν
1689 1249 1805 1306 δια-

251 1326 401 1396 δοχῆς
457 1327 625 1382 ἕνεκα
671 1333 960 1402 γινομένην
1005 1335 1276 1390 υἱοθεσίαν
1335 1342 1800 1410 παραφυλάττειν,

252 1419 382 1471 καθὰ
412 1420 477 1490 δὴ
517 1422 613 1474 καὶ
648 1421 746 1492 τὴν
773 1424 833 1489 ὲξ
860 1423 1113 1505 αἵματος,
1148 1429 1283 1498 πρὸς
1310 1430 1418 1483 τῶν
1451 1432 1612 1504 ίερῶν
1639 1437 1802 1489 κανό-

251 1526 346 1562 νων
375 1512 467 1563 καὶ
500 1513 611 1566 τῶν
653 1514 988 1582 φιλευσεὸὦν
1009 1517 1368 1589 δεδιδάγμεθα
1399 1521 1580 1592 νόμων
1613 1542 1626 1554 ’
1662 1542 1783 1582 κατι

251 1613 299 1628 -ρ
328 1599 452 1628 -..ξω
481 1603 758 1628 υ-.....-ξ.-
792 1604 984 1628 :._\._x~.-.
1021 1607 1214 1628 ann“;
1250 1626 1258 1628 ,
1398 1611 1412 1628 ο
1487 1613 1499 1628 ι
1616 1615 1642 1627 -

1905 1548 2208 1606 habendam
2232 1567 2297 1610 ac
2329 1559 2785 1628 consanguinitati

247 1613 300 1649 τε
328 1599 452 1660 τοὺς
481 1603 758 1670 γαμικοὺς
789 1604 988 1677 δηλαδὴ
1020 1607 1282 1680 βαθμοὺς,
1325 1611 1419 1666 καὶ
1448 1613 1548 1685 τὴν
1574 1615 1682 1668 τῶν
1712 1631 1805 1684 γο-

247 1687 372 1741 νέων
409 1693 513 1762 κλη
524 1694 804 1766 ρονομίαν.

898 1899 1114 1966 Νόμος.

305 1981 443 2050 Φησὶ
491 1985 605 2054 γὰρ
643 1984 672 2037 6
700 1985 884 2057 νόμος⁶
915 1989 988 2041 Οὐ
1021 1989 1252 2060 δύναμαι
1300 1996 1398 2066 τὴν
1432 2000 1564 2071 πρὸς
1591 2004 1797 2074 πατρὸς

239 2071 270 2143 ἢ
308 2072 511 2144 μητρὸς
545 2074 698 2130 θείαν
726 2077 906 2131 λαϐεῖν
935 2079 1016 2144 ε-ίς
1052 2087 1304 2151 γυναῖκα,
1337 2091 1386 2143 εί
1435 2088 1528 2146 καὶ
1561 2095 1668 2148 stat
1705 2071 1799 2151 θεο

238 2169 341 2232 ταὶ,
372 2170 565 2241 δπειδὴ
620 2175 874 2244 μητέρων
919 2174 1071 2240 τάξιν
1102 2179 1342 2249 ἔχουσιν,
1381 2185 1501 2256 ἥτις
1528 2190 1690 2259 τυχὸν
1719 2192 1796 2262 τῷ

238 2259 440 2331 πάππῳ
479 2262 583 2330 μὲν
636 2263 948 2336 υἱοθετηθη,
1001 2269 1233 2341 ἀδελφῆς
1282 2275 1338 2327 δὲ
1393 2278 1558 2332 τόπον
1611 2259 1794 2354 ἐπεῖχε

234 2352 359 2420 πρὸς
413 2352 506 2406 τὸν
537 2356 776 2426 πατέρα,
808 2359 940 2427 πρὸς
971 2361 1069 2430 ἐμὲ
1113 2362 1171 2416 δὲ
1205 2364 1352 2430 θείας
1375 2385 1392 2402 ο
1418 2369 1542 2424 οὔτε
1575 2374 1603 2426 6
1642 2352 1794 2441 θετος

235 2443 405 2516 πατὴρ
438 2447 539 2518 τὴν
583 2449 676 2502 τοῦ
712 2449 866 2504 θετοῦ
895 2453 1013 2506 υἱοῦ
1067 2455 1366 2529 θυγατέρα,
1413 2461 1446 2532 ἢ
1500 2463 1600 2535 τὴν
1632 2469 1793 2536 ἐγγό-

237 2553 344 2606 νην·
383 2537 511 2592 οὔτε
567 2541 596 2592 6
629 2541 780 2604 θετὸς
813 2544 929 2608 υίὸς
976 2551 1077 2616 την
1121 2555 1214 2604 τοῦ
1270 2550 1426 2606 θετοῦ
1458 2557 1666 2627 πατρὸς
1696 2577 1792 2628 γα-

244 2627 422 2698 μετὴν,
457 2632 491 2701 ἢ
527 2631 632 2701 τὴν
678 2634 916 2709 μητέρα,
961 2635 1120 2711 ἧτην
1149 2641 1384 2715 ἀδελφὴν
1407 2644 1601 2718 αὐτῆς,
1631 2649 1662 2719 ἢ
1691 2627 1791 2721 τὴν

233 2717 332 2770 ἀπὸ
363 2720 480 2773 υίοῦ
519 2721 719 2790 ἑγγόνη
728 2742 776 2778 ν.

308 2810 431 2864 Ἐὰν
479 2812 536 2864 δὲ
579 2816 606 2867 6
657 2816 971 2886 ἐπίτροπος,
1027 2821 1061 2892 ἢ
1103 2824 1132 2876 6
1170 2826 1456 2895 γενόμενος
1502 2831 1788 2905 κουράτωρ

232 2899 531 2973 υίοθετῆσαι
573 2905 804 2981 βουληθῇ
837 2911 929 2964 τὸν
961 2913 1126 2985 ἄνδρα
1159 2916 1255 2986 τῆς
1283 2899 1788 2996 ἐπιτροπευομένης

241 2993 271 3062 ἢ
308 3003 932 3076 κουρατορευομένης,ἢ
961 3006 1054 3060 τὸν
1090 3010 1300 3079 πατέρα
1347 3013 1538 3084 αὐτῆς,
1576 3018 1608 3087 ἡ
1641 2993 1787 3084 θέσις

233 3082 424 3152 άκυρός
471 3088 660 3141 ἐστιν·
709 3091 770 3143 οὐ
801 3094 908 3163 μὴν
955 3095 984 3147 6
1035 3097 1207 3166 γάμος
1237 3082 1678 3160 λύεταιονλύεται
1706 3082 1782 3175 δὲ,

228 3174 378 3244 ηνίκα
400 3195 484 3242 τις
518 3179 612 3233 τὸν
655 3182 785 3236 ίδιον
807 3187 1054 3258 γαμϐρὸν
1079 3191 1470 3262 είσποιήσαιτο.

301 3269 363 3320 Ἡ
417 3270 474 3324 δὲ
532 3272 610 3324 κδ’
645 3275 814 3344 νεαρὰ
854 3278 946 3330 τοῦ
997 3277 1257 3348 βασιλέως
1291 3284 1518 3351 Λέοντος
1546 3287 1639 3342 τοῦ
1676 3291 1778 3344 Σο-

226 3357 335 3424 φοῦ,
370 3361 664 3418 κωλύουσα
711 3368 839 3430 τοὺς
895 3370 1345 3442 είσποιουμένους
1382 3380 1518 3448 πρὸς
1541 3384 1784 3455 γαμικὴν

222 3446 424 3517 ὁμιλίαν
461 3454 844 3511 συνάπτεσθαι
879 3461 988 3523 τοῖς
1031 3463 1126 3515 τοῦ
1164 3465 1625 3536 εἰσποιησαμένου
1657 3490 1785 3526 παι-

225 3554 322 3603 σιν,
357 3544 582 3608 ἐπάγει·
622 3545 782 3599 Ἀλλὰ
830 3549 998 3603 πάλαι
1041 3552 1139 3622 μὲν
1175 3553 1250 3625 μὴ
1299 3558 1442 3612 κατὰ
1472 3559 1651 3630 λόγον,
1688 3564 1783 3619 νῦν

223 3628 275 3682 δὲ
319 3635 459 3686 κατὰ
508 3635 600 3687 τὸν
650 3638 927 3708 πρέποντα
964 3641 1162 3712 θεσμὸν
1191 3647 1286 3698 καὶ
1314 3647 1520 3703 δίκαιον
1543 3628 1639 3720 τῆς
1673 3657 1782 3708 υίοο

225 3717 402 3785 θεσίας
434 3727 756 3798 γινομένης,
792 3731 886 3784 καὶ
917 3730 1008 3784 διὰ
1054 3733 1270 3801 τελετῆς
1308 3738 1494 3806 ἱερᾶς,
1526 3717 1633 3794 των
1683 3745 1782 3813 μὲν

226 3813 299 3875 τίς
333 3817 542 3883 γονέων
571 3818 722 3886 τάξιν
751 3822 1186 3893 καθισταμένων,
1221 3812 1330 3882 ’τῶν
1358 3829 1414 3882 δὲ
1446 3832 1525 3895 είς
1552 3833 1649 3904 τὴν
1673 3812 1780 3890 τῶν

225 3903 438 3970 παίδων,
483 3907 666 3960 οὐκέτι
700 3907 1072 3979 περιλείπεται
1118 3913 1275 3982 λόγος
1319 3918 1398 3980 είς
1445 3903 1621 3988 γάμον
1653 3940 1778 3978 συν-

225 3993 490 4052 άπτεσθαι
518 4002 630 4064 τοῖς
653 4003 791 4055 κατὰ
831 4003 992 4070 φύσιν
1013 4006 1105 4059 τοῦ
1133 4009 1590 4082 εἰσποιησαμένου
1622 4021 1779 4074 παισὶ

221 4087 337 4151 τοὺς
382 4091 734 4162 είσποιητοὺς
778 4097 1005 4161 παῖδας,
1069 4099 1206 4169 μηδὲ
1266 4103 1327 4155 τὸ
1371 4102 1481 4159 τῶν
1535 4106 1778 4178 ἀδελφῶν

220 4176 378 4250 ὄνομα
405 4183 550 4252 πρὸς
581 4184 640 4236 τὸ
681 4185 780 4254 τῆς
834 4187 1096 4259 συζυγίας
1145 4192 1608 4267 μεθαρμόςεσθαι,
1636 4176 1775 4257 ὥστε

221 4273 498 4344 γαμῦροὺς
530 4276 652 4331 ἀντὶ
677 4277 920 4346 ἀδελφῶν
953 4281 1257 4340 καλεῖσθαι.

499 4387 628 4442 Ὀτι
655 4391 998 4446 υίοθετοῦσι
1039 4395 1138 4449 καί
1186 4397 1493 4468 εὐνοῦχοι.

285 4480 388 4533 Τοῦ
436 4479 496 4533 δὲ
531 4479 696 4549 νόμου
724 4482 989 4551 λέγοντος,
1018 4487 1100 4538 ὄτι
1129 4487 1161 4556 η
1208 4487 1356 4552 θέσις
1388 4495 1636 4562 μιμεῖται
1672 4498 1772 4568 τὴν

220 4569 394 4638 φύσιν,
423 4572 523 4625 καὶ
554 4572 644 4626 διὰ
674 4573 831 4627 τοῦτο
864 4575 1164 4640 κωλύοντος
1194 4578 1320 4641 τοὺς
1345 4581 1634 4654 εὐνούχους
1664 4591 1773 4642 εἰσ-

219 4664 380 4714 ποιεῖν
402 4678 552 4722 τινα,
575 4663 670 4716 καὶ
691 4663 835 4733 ἔχειν
860 4667 1023 4719 αὐτὸν
1044 4667 1386 4735 ὕπεξούσιον,
1416 4675 1448 4744 ὴ
1477 4682 1572 4740 κζ’
1599 4681 1772 4749 νεαρὰ

219 4749 302 4802 τοῦ
335 4752 500 4805 αὐτοῦ
541 4753 806 4823 βασιλέως
849 4754 1106 4809 ἐθέσπισε
1164 4761 1262 4814 καὶ
1320 4760 1479 4816 τοῦτο
1527 4766 1771 4824 γίνεσθαι

219 4841 525 4907 ἀκωλύτως.

485 4953 608 5008 Ὅτι
641 4958 981 5013 υίοθετοῦσι
1025 4963 1124 5015 καί
1185 4968 1467 5035 παρθένοι

290 5042 350 5096 Ἦ
403 5044 463 5098 δὲ
515 5045 601 5108 κζ’
651 5049 745 5102 καὶ
779 5052 902 5114 ταῖς
941 5061 1231 5122 παρθενοις
1267 5063 1531 5117 εἰσποιεῖν
1556 5065 1766 5134 δίδωσι,

218 5136 304 5188 καὶ
329 5139 455 5200 τοὺς
484 5139 898 5209 εἰσποιηθέντος
923 5143 1274 5213 ὕπεξουσίους
1301 5152 1334 5222 ἢ
1365 5155 1767 5227 αὐτεξουσίους,

216 5225 389 5280 δίκαια
422 5228 789 5300 κληρονομίας
842 5233 987 5302 ἔχειν
1042 5236 1130 5290 ἐπ’
1155 5241 1368 5306 αὐταῖςο
1403 5246 1498 5298 καὶ
1550 5250 1625 5318 μὴ
1657 5225 1768 5304 δεῖξ-

219 5315 333 5369 σθαι
380 5319 662 5388 βασιλικοῦ
698 5325 1098 5396 ἐπιτάγματος,
1130 5329 1162 5400 ἢ
1194 5332 1448 5403 πράξεως
1473 5315 1764 5398 δικαστῶν.

219 5537 346 5605 Περὶ
371 5539 481 5608 τῆς
505 5542 624 5596 ἀπὸ
651 5545 757 5599 τοῦ
785 5548 958 5617 ἁγίου
979 5551 1402 5625 βαπτίσματος
1433 5561 1761 5636 ἀναδοχῆς.

295 5672 356 5724 ἰι
381 5673 434 5726 δὲ
463 5674 571 5728 άπὸ
598 5677 692 5731 τοῦ
725 5681 884 5749 ἁγίου
929 5685 1303 5759 βαπτίσματος
1337 5697 1478 5748 κατὰ
1499 5700 1766 5773 ἁναδοχὴν

222 5766 462 5836 νλνομένη
489 5769 750 5837 υἱοθεσία,
790 5776 890 5829 οὐκ
923 5780 1002 5842 εἰς
1036 5781 1400 5855 κληρονομίαν
1434 5766 1760 5864 εἰσέογεται,

422 5865 672 5927 Parnm.
725 5868 842 5930 Gn.
874 5873 1137 5938 CXLIV.

1918 631 2075 689 pater
2103 628 2156 675 et
2183 623 2324 678 ﬁlius
2373 625 2578 680 ducant
2628 627 2848 682 amitam
2890 628 3184 698 minorem,
3208 643 3262 689 et
3287 635 3470 692 fratris

1916 712 2034 781 ejus
2064 712 2250 769 titiam.

2639 807 2766 865 Lex.
3266 884 3272 888 _

1983 891 2195 965 Quippe
2241 895 2373 967 legis
2403 897 2566 954 verba
2603 911 2770 956 sunt:
2799 902 2855 959 In
2891 905 3102 977 nuptiis
3145 924 3252 964 non
3287 913 3464 968 solum

1913 986 2040 1056 quid
2066 988 2388 1058 permissum
2415 993 2508 1058 sit,
2537 994 2974 1066 consideramus,
3005 1001 3101 1056 sed
3155 1011 3208 1059 ct
3239 1005 3368 1074 quid
3404 1007 3478 1062 sit

1911 1073 2220 1134 honestum.

2434 1196 2540 1268 52
2568 1197 2638 1252 De
2659 1200 2960 1270 adoptione.

1982 1279 2051 1335 Et
2103 1281 2218 1338 ltazc
2268 1284 2486 1354 quidem
2538 1299 2621 1344 est
2676 1291 2817 1348 ratio
2873 1297 3346 1357 matrimoniorum
3403 1321 3470 1361 ex

1912 1372 2088 1430 tribus
2113 1375 2344 1434 diversis
2375 1379 2619 1436 familiis.
2644 1382 2911 1457 Cgetorum
2945 1390 3256 1461 adoptionis
3282 1398 3471 1463 etiam,

1908 1475 2030 1530 qum
2081 1467 2443 1524 successionis
2515 1484 2678 1525 causa
2765 1474 2860 1540 tit,
2915 1479 3138 1546 perinde
3200 1484 3468 1540 rationem

2795 1579 2839 1628 S,
2869 1580 2963 1634 per
2995 1583 3183 1626 sacros
3233 1590 3470 1633 canones

1904 1649 1958 1695 et
1996 1641 2278 1711 religiosas
2328 1646 2474 1716 leges
2511 1649 2689 1707 edocti
2725 1669 2915 1712 sumus
2949 1676 2963 1712 :
3005 1660 3169 1731 idque
3219 1675 3335 1722 tum
3376 1685 3466 1726 re-

1903 1742 2089 1802 spectu
2135 1737 2400 1807 graduum
2452 1743 2974 1816 matrimonialium,
3028 1762 3140 1810 tum
3203 1760 3468 1822 adeundae

1825 1855 1875 1917 Β
1902 1832 2186 1894 parentum
2231 1829 2582 1890 hereditatis.

2612 1950 2743 2010 Lex.

1970 2027 2130 2098 Legis
2181 2035 2324 2090 enim
2377 2037 2493 2094 haec
2541 2044 2704 2099 verba
2740 2057 2909 2106 sunt:
2960 2050 3080 2108 Non
3123 2070 3344 2125 possum
3379 2065 3464 2119 vel

1897 2121 2118 2176 amitam
2138 2125 2225 2180 vel
2241 2135 2589 2186 materteram
2611 2151 2832 2194 uxorem
2853 2141 3350 2216 dncere,siquidem
3371 2171 3469 2225 per

1897 2215 2239 2284 adoptionem
2269 2220 2402 2276 mihi
2439 2225 2744 2296 conjuncta:
2801 2232 2944 2304 sint;
2993 2241 3192 2312 quippe
3229 2215 3462 2304 matrum

1897 2305 2072 2360 vicem
2090 2307 2337 2366 obtinent
2361 2329 2375 2366 :
2396 2330 2518 2370 cum
2537 2319 2719 2377 abavo
2745 2305 3240 2402 scilicet
3261 2339 3390 2404 sint,
3411 2352 3468 2396 et

1893 2399 2033 2468 patri
2067 2416 2190 2455 meo
2219 2419 2470 2462 sororum
2503 2410 2620 2468 loco
2651 2413 2875 2484 fuerint,
2923 2423 3056 2478 mihi
3089 2429 3382 2488 amitarum
3411 2448 3466 2492 et

1894 2502 2330 2556 materterarum.
2391 2501 2502 2560 Nec
2546 2516 2719 2576 pater,
2780 2514 2876 2583 qui
2929 2516 3098 2573 filium
3157 2523 3462 2598 adoptavit,-

1891 2583 1989 2640 filii
2013 2587 2253 2658 adoptivi
2295 2593 2482 2662 tiliam,
2518 2601 2598 2653 vel
2632 2613 2847 2673 neptem
2874 2607 3072 2665 ducere
3110 2583 3290 2683 potest
3316 2636 3330 2673 :
3359 2583 3464 2678 nec

1890 2672 2036 2730 tilias
2072 2678 2379 2750 adoptivus,
2430 2685 2669 2758 adOptivi
2703 2672 2876 2761 patris
2920 2672 3168 2772 uxorem,
3223 2672 3460 2768 velata;

1891 2776 2046 2833 trem,
2088 2772 2170 2826 vel
2200 2788 2446 2832 sororem
2485 2783 2698 2849 matris,
2732 2787 2816 2842 vel
2846 2800 3063 2884 neptem
3096 2813 3162 2853 ex
3191 2801 3328 2858 ﬁlio,

1959 2855 2113 2884 Α..-]
2143 2861 2186 2884 ,ε
2235 2871 2381 2884 .--.__
2478 2868 2515 2884 _.
2647 2871 2659 2882 .
2973 2878 2991 2884 -
3094 2883 3099 2884 ,

1959 2855 2114 2924 Quod
2141 2861 2190 2915 si
2235 2871 2404 2930 tutor,
2431 2868 2518 2922 vel
2566 2871 2662 2940 qui
2700 2855 3151 2948 curator‘fuerit,
3195 2855 3458 2960 adoptare

1888 2950 2118 3006 voluerit
2172 2956 2428 3012 maritum
2473 2961 2628 3032 ejus,
2668 2959 2828 3033 cuius
2879 2973 3100 3030 tutelam
3131 2979 3214 3034 vel
3267 2997 3454 3040 curam

1887 3039 2045 3109 gerit,
2082 3043 2234 3098 irrita
2270 3047 2488 3116 quidem
2528 3063 2609 3108 est
2633 3057 2872 3127 adaptio,
2900 3078 3008 3118 non
3042 3075 3220 3124 tamen
3252 3076 3455 3144 nuptias

1888 3133 2196 3190 solvuntur.
2251 3137 2548 3198 Solvuntur
2594 3156 2776 3204 autem
2832 3167 2955 3208 cum
3018 3160 3143 3228 quis
3192 3133 3450 3234 generum

1887 3235 2048 3278 suum
2079 3223 2432 3296 adoptaverit.

1953 3311 2219 3370 Caeterum
2253 3320 2465 3377 novella
2489 3382 2494 3385 _
2520 3339 2648 3380 χειν
2698 3329 2961 3402 principis
2992 3335 3212 3408 Leonis,
3248 3361 3448 3420 cognoo

1886 3403 2032 3458 mine
2066 3406 2359 3476 Sapientis,
2386 3427 2510 3468 cum
2545 3418 2818 3487 prohibet,
2868 3440 2934 3480 ne
2972 3430 3067 3497 qui
3099 3403 3447 3507 adoptatitu-r,

1885 3507 2010 3548 cum
2047 3495 2234 3552 liberis
2265 3500 2404 3569 ejus,
2433 3503 2527 3572 qui
2556 3506 2853 3576 adoptavit,
2888 3495 3240 3577 matrimonio
3277 3495 3450 3597 copo;

1884 3583 2084 3651 lentur,
2124 3587 2236 3644 lure
2264 3592 2523 3663 subjit'it:
2558 3597 2664 3654 Sed
2701 3601 2829 3656 olim
2861 3607 3080 3674 quidem
3118 3627 3226 3669 non
3255 3583 3443 3674 secitn-

1883 3673 2011 3729 dum
2063 3679 2352 3742 rationem.
2414 3700 2561 3742 nunc
2599 3703 2730 3746 vero
2779 3709 2902 3750 cum
2948 3697 3159 3758 decenti
3206 3717 3260 3763 et
3299 3708 3447 3776 justa

1882 3764 2000 3836 lege
2033 3768 2140 3862 fiat,
2158 3772 2398 3842 adoptio,
2445 3793 2714 3850 sacroque
2759 3785 2862 3840 ritu
2913 3789 2990 3844 illi
3023 3764 3336 3865 parentum.
3389 3805 3447 3860 ht

2266 3838 2278 3842 _
2385 3838 2391 3840 _
2627 3838 2639 3850 ,
2788 3838 2858 3840 ηρ
3023 3838 3336 3865 τ...υ........,
3389 3838 3447 3860 ..ι

1882 3838 2200 3914 ὒιὶοτυῐη’ὶη
2231 3863 2408 3920 locum
2433 3870 2858 3940 constituantur,
2917 3897 3024 3936 non
3067 3888 3304 3955 amplius
3339 3895 3447 3948 ulla

1881 3947 2088 4018 reliqua
2120 3953 2260 4008 ratio
2291 3966 2396 4022 est,
2423 3973 2526 4027 qua
2558 3961 2652 4016 filii
2684 3968 2920 4036 adoptivi
2951 3989 3074 4029 cum
3107 3947 3446 4042 naturalibus

1879 4037 2068 4096 liberis
2101 4040 2238 4110 ejus,
2269 4045 2364 4115 qui
2392 4048 2635 4120 adoptat,
2673 4057 3024 4117 matrimonio
3073 4069 3395 4133 c0pulentur
3428 4092 3444 4128 :

1879 4145 1978 4186 nec
2005 4140 2063 4186 ut
2116 4133 2346 4192 fratrum
2397 4155 2594 4198 nomen
2642 4160 2766 4202 cum
2814 4153 3036 4209 nomine
3065 4160 3309 4230 conjugii
3363 4164 3447 4222 sic

1879 4236 2267 4295 commutetur,
2306 4240 2365 4287 ut
2392 4231 2621 4291 fratrum
2653 4238 2774 4296 loco
2805 4246 2990 4312 generi
3021 4261 3285 4328 vocentur

2251 4429 2429 4488 Etiam
2469 4441 2732 4495 eunuchos
2771 4445 3045 4514 adoptare.

1797 4525 1852 4586 ι)
1947 4515 2080 4570 Cum
2107 4527 2286 4575 autem
2319 4524 2404 4578 lex
2437 4525 2585 4584 dicat
2628 4533 2972 4604 adoptionem
3013 4541 3216 4602 imitari
3272 4562 3437 4610 natu-

1874 4619 1989 4661 ram
2010 4649 2024 4672 ,
2054 4607 2284 4680 ideoque
2314 4616 2620 4686 prohibeat,
2675 4639 2745 4679 ne
2797 4642 2957 4695 quem
2997 4638 3235 4694 eunuchi
3267 4607 3440 4716 adop-

1875 4703 2010 4760 tem,
2046 4709 2106 4752 ut
2130 4714 2317 4755 eorum
2365 4703 2419 4758 in
2449 4717 2715 4776 potestate
2760 4713 2852 4780 sit,
2897 4717 3142 4781 ejusdem
3176 4703 3438 4805 principis

1872 4789 2081 4844 novella
2114 4807 2239 4847 xxv:
2279 4796 2487 4861 statuit,
2527 4809 2587 4856 ut
2629 4804 2733 4860 hoc
2774 4821 2996 4878 quoque
3050 4789 3190 4874 citra
3248 4789 3439 4894 probi:

1872 4874 2135 4934 bitioncm
2176 4883 2338 4937 ullam
2376 4887 2488 4941 ﬁat.
2790 4874 2803 4876 _
2906 4874 2932 4898 ί

2280 4995 2519 5070 Virgines
2555 5005 2714 5059 etiam
2754 5011 3033 5084 adoptare.

1941 5081 2197 5152 Ejusdem
2241 5089 2312 5144 27
2363 5098 2686 5156 constitutio
2725 5081 3027 5178 virginibus
3085 5134 3302 5193 quoque
3342 5143 3440 5197 po-

1871 5179 2118 5230 testatem
2178 5179 2472 5250 adoptandi
2526 5195 2799 5265 concedit,
2833 5211 2888 5256 et
2928 5217 2986 5260 ut
3029 5179 3292 5280 adoptati,

1872 5261 2228 5368 filiifatnilias,
2303 5286 2465 5342 quam
2515 5261 2846 5358 etnancipati
2889 5261 3434 5368 virginibtisxt’ttge:

1869 5354 2032 5411 dendi
2064 5356 2153 5427 jus
2183 5361 2452 5434 habeant,
2493 5388 2592 5430 nec
2623 5379 2686 5433 ad
2717 5381 2821 5438 hoc
2852 5354 3132 5460 indigeant
3166 5397 3431 5470 principis

1870 5447 2158 5520 rescripto;
2189 5455 2269 5507 vel
2305 5467 2427 5513 actu
2453 5462 2725 5531 judieum.

2102 5585 2176 5640 De
2217 5596 2540 5662 susceptione
2577 5619 2641 5656 ex
2678 5621 2829 5662 sacro
2861 5613 3189 5679 baptismate.

1936 5711 2164 5783 Adoptio
2207 5735 2328 5789 quae
2381 5726 2439 5781 tit
2510 5745 2605 5799 per
2653 5741 3054 5809 susceptionem
3134 5765 3200 5804 ex
3267 5769 3428 5812 sacro

1867 5804 2208 5877 baptismate,
2263 5831 2368 5872 non
2436 5823 2502 5877 ad
2572 5804 2941 5889 haereditatcm
3002 5840 3304 5901 adeundam
3365 5866 3426 5907 se

2871 5926 2948 5988 36
