3902 6530
306 440 446 510 illi

1309 451 1725 514 SYNTAGMA
1772 450 2407 514 ALPHABETlCUM.
2433 479 2500 489 --
2542 454 2609 517 B.

3449 453 3607 520 illi?

379 556 445 611 ’0
477 564 535 616 δὲ
589 560 691 633 μς¹
723 566 817 627 καὶ
851 567 922 622 τὰ
949 568 1328 642 ὑπομνήματα
1380 574 1488 627 τῶν
1536 575 1881 647 μαρτυρικῶι

2068 572 2258 629 Cannn
2314 583 2496 629 autem
2564 573 2632 628 46
2666 572 3219 630 eommemorationes
3271 572 3595 644 passionum

300 652 655 725 παθημάτων
705 662 760 712 ἐν
792 664 909 723 ταῖς
935 664 1182 734 ἐτησίαις
1205 667 1385 721 αὐτῶν
1413 667 1892 737 ἀναγινώσκεσθαι

300 747 556 817 μνήμαις
609 750 906 821 διορίζεται
933 770 947 785 °
1013 756 1187 828 ταύτῃ
1221 775 1302 812 τοι
1356 762 1447 814 καὶ
1477 761 1545 814 τὰ
1606 760 1756 832 παρά
1786 760 1892 815 τῶν

297 838 477 903 ᾶγὲων
513 840 782 912 Πατέρων
817 847 909 899 καὶ
954 848 1305 919 ὁμολογητῶν
1338 852 1744 921 συγγραφέντα,
1798 854 1893 906 καὶ

294 930 702 997 ἀναγινώσκειν
726 935 863 999 δέον,
889 942 981 991 καὶ
1006 940 1478 1009 κατασπάζεσθαι,
1507 943 1604 997 ἆτε
1635 944 1770 1014 πρὸς
1794 943 1891 1015 τὴν

293 1022 565 1093 ἀληθινὴν
598 1027 695 1080 καὶ
724 1028 1003 1099 ὀρθὸδοξον
1039 1033 1404 1105 πίστιν-ἡμᾶς
1444 1036 1742 1104 ἀνάγοντα.

296 1120 303 1125 ’
375 1114 438 1167 ’0
477 1117 534 1201 δέ
578 1118 752 1188 μέγας
782 1120 1104 1188 Ἀθανάσιος
1160 1125 1268 1179 τῶν
1304 1127 1402 1196 μὲν
1428 1130 1543 1191 τοῖς
1589 1130 1887 1195 αίρετικοῖς

293 1211 653 1278 πονηθέντων
688 1214 782 1273 καὶ
809 1214 1231 1286 ὀνομαζομένων
1266 1219 1403 1290 πρὸς
1428 1220 1609 1275 αὐτῶν
1646 1223 1889 1288 ἀποκρύ-

295 1316 416 1367 φων
469 1303 743 1375 ἀπείρηκε
782 1304 884 1377 τὴν
912 1308 1257 1377 ἀνάγνωσινο
1284 1311 1392 1364 τῶν
1427 1312 1482 1365 δὲ
1517 1313 1651 1374 τέως
1696 1315 1886 1384 ῥηθέν·

293 1406 405 1444 των
452 1394 618 1461 ίερῶν
654 1396 879 1465 βιϐλίων
937 1400 1132 1470 ὁμοίαν
1183 1403 1281 1456 καί
1313 1396 1469 1468 οὗτος
1498 1409 1734 1459 ποιεῖται
1786 1408 1885 1477 τὴν

294 1488 708 1561 ἀπαρίθμησιν.
742 1492 934 1551 Ταῦτα
983 1499 1093 1569 γὰρ
1123 1501 1365 1573 ἐπινοίᾳ,
1426 1503 1586 1574 φησὶ,
1634 1505 1884 1577 θειοτέρα

293 1583 615 1668 γεγράφθαι
646 1590 1008 1661 πιστεύομεν·
1044 1593 1137 1647 καὶ
1173 1593 1273 1664 τῆς
1306 1595 1555 1661 Παλαιᾶς
1606 1597 1882 1668 Διαθήκης

294 1669 382 1741 νβ’
427 1667 570 1727 εἶναι
621 1676 840 1746 βίϐλους
887 1680 998 1735 τῶν
1047 1682 1178 1754 παρ’
1228 1683 1504 1754 Ἑϐραίοις
1556 1667 1881 1759 ἰσαρίθμους

1996 667 2424 737 martyricarum
2489 666 2543 721 in
2615 667 3011 724 anniversariis
3070 683 3262 722 eorum
3309 666 3594 720 memoriis

1994 757 2102 827 legi
2150 758 2419 813 decernit.
2455 758 2640 825 Quare
2687 768 2745 813 et
2780 774 2903 828 qua:
2933 773 2965 814 a
2999 758 3205 813 sanctis
3237 757 3490 811 Patr-ibus
3542 768 3595 809 et

1992 848 2410 905 confessoribus
2463 850 2780 919 conscripta
2813 861 2963 916 sunt,
3018 850 3194 920 legere
3225 859 3280 904 et
3332 847 3591 918 amplecti

1989 948 2226 1010 oportet,
2255 952 2314 995 ιιι
2344 957 2469 1012 quae
2502 955 2605 997 nos
2637 941 2703 998 ad
2740 959 2924 998 veram
2958 953 3014 998 et
3037 942 3398 998 orthodoxam
3433 941 3593 994 fidem

1990 1034 2315 1104 perducant.

2061 1124 2292 1197 Magnus
2363 1136 2546 1181 autem
2610 1124 2949 1182 Athanasius
3007 1125 3310 1188 librorum,
3371 1125 3464 1193 qui
3525 1126 3595 1178 ah

1990 1214 2263 1274 haereticis
2322 1208 2620 1290 conscripti
2656 1229 2709 1274 et
2758 1218 3053 1290 apocryphi
3091 1218 3362 1273 nominati
3401 1227 3585 1280 erant,

1988 1311 2277 1369 lectionem
2342 1311 2627 1381 prohibet,
2680 1321 2736 1366 et
2790 1311 2991 1366 deinde
3048 1310 3338 1380 praedictos
3394 1322 3596 1363 sacros

1987 1403 2158 1460 libros
2192 1405 2308 1475 ipse
2336 1405 2589 1461 similiter
2629 1411 2941 1460 enumerat.
2992 1402 3105 1472 llos
3133 1403 3289 1457 enim
3316 1417 3410 1471 per
3440 1402 3587 1455 divi-

1987 1486 2140 1562 nam,
2172 1499 2370 1569 inquit,
2419 1498 2841 1569 inspiratiom-m
2891 1497 3233 1566 conscriptos
3288 1494 3588 1550 credimus.

1989 1591 2130 1648 Dicit
2165 1593 2333 1647 etiam
2366 1592 2543 1649 libros
2588 1607 2714 1648 esse
2765 1590 2981 1646 Veteris
3029 1589 3363 1645 ’l‘cstamenti
3397 1588 3605 1659 viginti,

1983 1684 2144 1748 duos,
2167 1686 2522 1740 Hebraeorum
2542 1686 2741 1740 litteris
2773 1698 3005 1739 numero
3036 1684 3275 1751 aequales
3306 1700 3320 1738 :
3352 1692 3597 1752 quatuor

291 1769 668 1859 γραῖλμάτων.
705 1771 816 1835 Τὰς
842 1773 951 1844 γὰρ
982 1777 1256 1846 τέσσαρας
1283 1776 1393 1833 τῶν
1423 1779 1722 1833 Βασιλειῶν
1789 1782 1881 1834 δύο

1993 1780 2126 1834 enim
2151 1777 2462 1848 Regnorum
2493 1780 2665 1836 libros
2695 1780 2834 1833 duos
2874 1780 3026 1844 facit,
3055 1778 3268 1832 ctdnos
3302 1775 3588 1844 Paralipo-

293 1857 516 1929 βίϐλους
546 1858 685 1916 εἶναι
710 1862 885 1932 λέγει,
922 1867 1018 1920 κιιιλ⁸
1049 1866 1148 1932 τὰς
1175 1868 1269 1942 δύο
1305 1869 1413 1924 τῶν
1460 1871 1880 1943 Παραλειπομέ-

1986 1884 2184 1925 menon
2213 1885 2407 1935 unum,
2465 1877 2519 1924 et
2579 1870 2747 1924 libros
2814 1869 3097 1923 duolecim
3179 1866 3600 1938 PrOphetarum

292 1968 404 2005 νων
472 1953 627 2023 μίαν,
680 1954 780 2019 τὰς
828 1957 938 2045 τίῖιν
992 1957 1061 2029 ιβ’
1094 1961 1390 2031 προφητῶν
1445 1964 1594 2032 μίαν,
1641 1966 1735 2016 καὶ
1768 1965 1879 2017 τῶν

1993 1979 2176 2030 unum,
2207 1974 2260 2019 et
2290 1972 2548 2034 quatuor,
2570 1974 2829 2032 quatuor.
2861 1961 3114 2018 Ieremia!
3147 1970 3325 2016 autem
3355 1960 3596 2015 Lamen-

293 2048 582 2119 τεσσάρων
656 2050 950 2121 τέσσαρας.
1007 2053 1101 2124 Τῷ
1129 2055 1185 2108 δὲ
1248 2056 1488 2128 Ἱερεμίᾳ
1550 2059 1877 2129 προστίθησι

292 2139 425 2203 τοὺς
454 2139 552 2193 τοῦ
581 2141 793 2214 Βαροὺχ
826 2144 1081 2217 θρήνους,
1105 2151 1201 2204 καὶ
1221 2148 1321 2219 τὴν
1345 2149 1639 2221 ἐπιστολήν
1662 2167 1676 2181 ο
1719 2151 1877 2218 ἀριθο

296 2233 481 2301 μησας
506 2233 564 2286 δὲ
606 2236 703 2289 καὶ
737 2235 837 2297 τὰς
873 2238 973 2307 τῆς
994 2239 1221 2309 Καινῆς,
1264 2241 1591 2313 προστίθησι
1622 2245 1741 2304 ταῖς
1779 2245 1879 2314 ρη-

292 2318 506 2385 θεέσαις
535 2325 630 2379 καὶ
654 2325 752 2396 τὴν
783 2325 1154 2400 Ἀποκάλυψιν
1180 2332 1430 2386 Ἰωάννου
1456 2350 1470 2364 ·
1515 2337 1609 2386 καὶ
1654 2333 1880 2399 ταύταις

296 2418 659 2484 προστιθέναι
687 2418 719 2489 ἦ
749 2420 1030 2492 ἀφαιρεῖν,
1060 2424 1272 2478 ἀνόσιον
1307 2419 1451 2478 εἶναι
1477 2427 1676 2497 κρίνει.
1708 2428 1883 2493 Ἐξω-

294 2508 389 2561 θεν
437 2508 494 2562 δὲ
541 2510 650 2565 τῶν
699 2513 1132 2583 κανονιζομένων
1180 2512 1320 2571 εἷναί
1361 2535 1497 2589 φησι
1557 2519 1656 2588 τὴν
1691 2521 1883 2588 σοφίαν

294 2597 670 2671 Σολομῷντος,
728 2605 822 2679 τὸν
874 2607 1066 2678 Σιράχ,
1114 2609 1215 2680 τὴν
1273 2609 1500 2681 Ἔσθὴρ,
1542 2611 1636 2665 τὸν
1678 2613 1880 2684 Ἰουδὴο

298 2697 398 2747 καὶ
426 2696 521 2748 τὸν
552 2699 754 2760 Τωϐἶτ,
809 2700 903 2753 τδν
964 2698 1227 2770 Ποιμένα,
1265 2704 1361 2759 καὶ
1390 2704 1744 2776 τὴνΔιδαχὴν
1771 2707 1883 2761 τῶν

1987 2057 2227 2112 taliones
2257 2067 2311 2111 et
2359 2056 2657 2126 Epistulam
2690 2055 2896 2109 Bnruch
2928 2054 3195 2124 adiungit.
3228 2052 3427 2107 Libros
3461 2067 3601 2104 vero

1987 2146 2122 2203 Novi
2169 2146 2510 2203 Testamenti
2571 2161 2931 2209 enumerans,
2986 2144 3217 2214 reliquis
3269 2142 3602 2213 superaddit:

1987 2241 2362 2314 Apocalypsin
2408 2238 2660 2294 Joannis.
2698 2238 2793 2293 llis
2828 2238 3051 2301 addere,
3085 2237 3168 2291 vel
3196 2236 3264 2291 ab
3312 2237 3378 2291 iis
3425 2234 3595 2306 quid-

1987 2350 2153 2407 quam
2203 2334 2495 2389 detrahere
2532 2332 2690 2387 nefas
2740 2331 3125 2401 cssejudicat.
3184 2331 3355 2386 Extra
3407 2339 3597 2383 autem

1989 2427 2289 2482 canonicos
2313 2426 2444 2481 dicit
2472 2441 2618 2491 esse,
2644 2425 2983 2495 Sapientiam
3013 2424 3346 2487 Solomonis,
3370 2422 3599 2475 Sirachv

1990 2517 2212 2584 Esther,
2268 2516 2480 2583 Judith,
2536 2516 2792 2581 Tobiam,
2827 2517 3131 2582 Pastorem,
3170 2522 3225 2571 et
3266 2522 3599 2570 sanctorum

1992 2611 2368 2684 apostolorum
2415 2612 2730 2666 Doctriuam
2765 2628 2779 2678 ;
2840 2611 2981 2667 hanc
3025 2618 3206 2667 autem
3240 2617 3392 2665 sexta
3424 2621 3599 2680 syno—

1991 2706 2097 2761 dus
2127 2705 2337 2775 reiecit.
2371 2713 2430 2759 ut
2456 2711 2740 2760 ostensum
2770 2713 2876 2763 est.

300 2785 473 2851 ἁγίων
498 2788 830 2842 ἀποστόλων
863 2789 1064 2858 ταύτην
1085 2792 1140 2845 δὲ
1167 2796 1259 2846 καὶ
1281 2794 1315 2864 ἠ
1347 2791 1399 2858 ς’
1427 2794 1645 2859 σύνοδος
1663 2796 1949 2865 ἠθέτητεν,
1976 2794 2053 2859 ὡς
2083 2794 2401 2865 δεδήλωται.

371 2881 643 2951 Τοιαύτη-ι
670 2885 777 2939 τῶν
810 2884 975 2954 ἱερῶν
1004 2887 1203 2956 βίϐλων
1236 2891 1471 2943 ποιεῖται
1520 2890 1619 2962 τὴν
1648 2892 1884 2961 ἀπαρίθ-

301 2991 470 3043 μησιν
518 2974 586 3028 δι’
628 2976 922 3047 ἐμμέτρων
970 2979 1228 3049 ἡρωϊκῶν
1278 2981 1477 3052 στίχων
1523 2984 1669 3036 καὶὸ
1705 2984 1882 3053 μέγας

297 3066 649 3139 Γρηγόριοςὸ
685 3070 971 3140 Θεολόγος,
1009 3072 1334 3143 ἰσαρίθμους
1360 3075 1458 3138 τὰς
1506 3076 1605 3146 τῆς
1637 3076 1880 3142 Παλαιᾶς

298 3154 439 3244 εἶναι
470 3160 645 3230 λέγων
674 3162 785 3215 τῶν
811 3166 941 3233 παρ’
979 3163 1261 3236 Ἑϐραίοις
1297 3168 1470 3220 εἴκοσι
1495 3168 1589 3222 δύο
1619 3172 1881 3241 γραμμά-

297 3268 407 3304 των
427 3267 442 3283 ο
482 3255 744 3323 στιχηρὰς
775 3252 832 3307 δὲ
855 3254 1003 3323 λέγει
1040 3257 1110 3309 τὰ
1139 3256 1297 3310 πέντε
1324 3274 1339 3289 ⁸
1372 3257 1517 3323 Ἰὼϐ,
1557 3259 1724 3313 Δαϐὶδ
1751 3262 1876 3327 τοὺς

303 3341 379 3413 ρνί
401 3343 676 3414 ψαλμοὺς,
707 3346 804 3398 καὶ
826 3346 948 3409 τοὺς
974 3348 1124 3417 τρεῖς
1155 3347 1614 3420 Σολομωντείους,
1649 3355 1744 3408 καὶ
1770 3354 1878 3406 τῶν

300 3435 508 3489 δώδεκα
533 3439 829 3507 προφητῶν
855 3441 1005 3509 μίαν,
1032 3434 1108 3492 ὦν
1136 3441 1192 3494 αἱ
1223 3439 1481 3513 κλήσεις·
1522 3443 1701 3515 Ὠσηὲ,
1740 3446 1881 3517 Ἀμ-

304 3530 445 3598 μὼς,
472 3531 736 3600 Μιχαίας,
770 3531 945 3603 ’ῐωὴλ,
977 3533 1186 3597 Ἰωνᾶς,
1218 3534 1456 3599 ’Ᾱϐδιοῦ,
1496 3537 1714 3609 Ναοῦμ,
1752 3539 1881 3592 ’Λϐ-

302 3623 541 3694 ϐακυῦμ,
575 3625 860 3695 Σοφονίις,
889 3626 1162 3694 Ἀγγαῖος,
1218 3630 1518 3701 Ζαχαρίας,
1548 3631 1838 3704 Μαλαχίας
1861 3650 1878 3667 ο

301 3715 409 3771 τῶν
428 3717 485 3771 δὲ
514 3717 592 3789 τῷ
612 3719 832 3791 μεγάλῳ
861 3720 1137 3791 ῥηθέντων
1166 3721 1478 3793 ’Λθανασίῳ
1509 3725 1881 3780 ἀκανονίστων

303 3802 457 3874 οὗτος
519 3811 584 3864 ού
638 3812 934 3882 μέμνηται.
976 3813 1200 3877 Τούτοις
1263 3815 1357 3868 καὶ
1402 3815 1430 3866 ὁ
1484 3815 1640 3884 ἅγιος
1686 3816 1879 3871 ἕπεται

304 3903 675 3979 Ἀμφιλόχιος,
711 3905 779 3960 δι’
817 3906 1030 3978 ἰάμϐων
1055 3907 1153 3978 τὴν
1186 3908 1521 3980 ὲκμέτρησιν
1580 3909 1881 3980 ἑκποιησά-

309 4014 487 4067 μενος.

381 4086 442 4138 '0
468 4083 526 4138 δὲ
555 4085 601 4151 ξ’
618 4085 727 4140 τῶν
759 4086 932 4155 ἀγίων
960 4088 1276 4144 ἀποστόλων
1300 4088 1482 4143 κανὼν
1521 4090 1592 4146 τὰ
1626 4090 1884 4163 ψευδεπί-

305 4194 488 4248 γραφα
521 4177 631 4231 τῶν
661 4179 875 4234 ἀσεϐῶν
911 4180 1093 4252 βιϐλία
1123 4183 1219 4235 τὶν
1250 4180 1696 4251 ἀναγινώσκοντα
1718 4183 1884 4254 δημο-

308 4273 417 4345 σίᾳ,
473 4275 868 4345 πνευματικὸν,
903 4277 1067 4345 φημὶ,
1166 4276 1450 4347 κληρικὸν,
1485 4275 1580 4332 ἐπὶ
1609 4276 1759 4348 λύμῃ
1786 4276 1882 4331 τοῦ

306 4363 432 4418 λαοῦ
460 4367 555 4419 καὶ
585 4365 681 4419 τοῦ
720 4367 944 4437 κλήρου,
1002 4367 1376 4438 καθαιρέσεως
1416 4368 1581 4435 ἀξιοι.
1608 4370 1685 4425 Ού
1712 4371 1874 4442 μόνον

303 4456 407 4527 γὰρ
432 4457 482 4510 οἱ
534 4458 665 4528 περὶ
717 4459 973 4512 πλείστου
1027 4459 1087 4512 τὸ
1130 4459 1325 4528 ψεῦδος
1360 4459 1680 4529 ποιούμενοι
1703 4460 1884 4528 λόγοις

305 4551 521 4611 οἰκείοις
550 4552 611 4604 τὸ
642 4549 899 4616 δυσσεϐὲς
933 4550 1114 4604 αύτῶν
1149 4551 1406 4621 φρόνημα
1439 4551 1731 4622 κρατύνειν
1759 4568 1881 4605 πει-

2066 2890 2313 2946 Similem
2342 2906 2632 2948 sacrorum
2653 2891 2925 2948 librorum
2953 2888 3424 2946 enumerationem
3459 2888 3595 2945 facit

1991 3000 2225 3057 magnus
2252 2985 2564 3055 Theologus
2593 2983 2913 3056 Gregorius,
2946 2982 3004 3038 in
3034 2981 3588 3047 versibusheroieis,

1990 3079 2161 3133 libros
2193 3074 2409 3132 Veteris
2437 3075 2778 3132 Testamenti
2805 3075 3000 3145 viginti
3057 3074 3276 3130 duobus
3327 3072 3585 3130 Hebraeo-

1991 3185 2113 3224 rum
2169 3169 2371 3224 litteris
2417 3169 2657 3238 aaquales
2688 3181 2812 3223 esse
2843 3166 3058 3222 dicens.
3095 3165 3353 3236 Quinque
3407 3180 3473 3219 ex
3516 3164 3587 3219 iis

1988 3262 2248 3320 metricos
2300 3261 2562 3332 appellat,
2628 3258 2755 3323 Job,
2812 3266 3031 3314 centum
3080 3268 3136 3315 et
3179 3258 3592 3328 quinquaginta

1983 3350 2233 3408 Psalmos
2263 3337 2463 3417 David,
2486 3360 2597 3407 tres
2632 3348 2971 3416 Solomonis,
3003 3359 3059 3406 et
3110 3351 3283 3407 libros
3339 3349 3585 3419 Prophe-

1983 3455 2164 3502 tarum
2192 3446 2485 3504 duodecim
2522 3464 2718 3511 unum,
2747 3448 2839 3517 qui
2871 3453 3139 3503 vocantur
3171 3445 3366 3508 Oseas,
3394 3445 3587 3510 Amos,

1985 3545 2264 3607 Michaeas.
2319 3542 2462 3606 Joel,
2497 3541 2686 3599 Jonas.
2748 3540 2974 3606 Abdias,
3009 3538 3249 3601 Nahum,
3302 3536 3589 3600 Abbacuk,

1938 3680 1951 3685 -
1986 3633 2320 3705 Sophonias,
2350 3634 2602 3700 Aggzens.
2635 3630 2958 3689 Zacharias,
3008 3627 3331 3682 Malachias.
3379 3625 3609 3680 Eorum»

1984 3737 2169 3781 autem
2226 3740 2366 3795 quos
2421 3738 2654 3789 magnus
2710 3722 3049 3775 Athanasius
3114 3734 3224 3773 non
3288 3720 3590 3775 canonicos

1983 3827 2165 3884 Vocat,
2199 3804 2533 3871 mentionem
2568 3814 2772 3868 nullam
2825 3799 2956 3866 facit
2986 3829 3001 3868 :
3038 3813 3135 3867 hos
3187 3821 3419 3867 sanctus
3455 3813 3590 3864 Am-

1983 3908 2292 3984 philochius
2325 3908 2578 3978 s‘quilur
2599 3945 2612 3970 ,
2643 3906 2847 3976 iambis
2881 3907 3169 3961 metricum
3208 3921 3404 3976 poema
3447 3920 3586 3960 con-.-

1985 4002 2201 4058 tcxcnsl

2061 4093 2250 4150 Cauon
2303 4101 2483 4146 autem
2538 4091 2606 4147 ϐο
2644 4100 2823 4165 sanet.
2887 4099 3064 4160 apost.
3120 4105 3246 4145 cum
3304 4089 3395 4159 qui
3449 4088 3589 4144 falso

1987 4186 2287 4258 inscriptos
2319 4186 2611 4256 impiorum
2651 4185 2817 4239 libros
2850 4185 2915 4237 ad
2969 4184 3152 4253 populi
3193 4192 3249 4237 et
3293 4183 3425 4237 cleri
3463 4199 3584 4253 prr-

1991 4281 2189 4335 niciem
2243 4279 2458 4350 publice
2492 4278 2644 4349 legit,
2680 4274 3021 4333 sacerdotem
3056 4276 3269 4330 scilicet
3307 4275 3420 4329 sive
3474 4274 3586 4329 cle-

1988 4374 2187 4440 ricum,
2223 4372 2574 4442 depositione
2614 4370 2836 4443 dignum
2889 4378 3098 4424 censet.
3136 4368 3397 4423 Nonnulli
3435 4367 3585 4422 enim

1964 4466 2079 4536 'qui
2124 4463 2471 4520 mendacium
2523 4462 3039 4536 pluris-aestimant,
3087 4476 3205 4514 non}
3245 4461 3419 4515 solum
3453 4476 3584 4529 pro-

1987 4557 2123 4626 priis
2178 4555 2363 4610 verbis
2396 4555 2621 4625 impiam
2678 4569 2833 4607 suam
2885 4553 3214 4621 opinionem
3252 4550 3588 4605 confirmare

306 4642 527 4711 ρῶνται,
561 4642 699 4697 ἀλλὰ
729 4646 825 4698 καὶ
845 4646 955 4705 τοῖς
980 4643 1089 4697 τῶν
1117 4642 1358 4697 εὐσεϐῶν
1389 4645 1790 4715 συγγράμμασι
1812 4647 1878 4699 τὰ

1993 4648 2259 4714 nituntur,
2294 4645 2391 4703 sed
2415 4656 2469 4701 et
2492 4647 2709 4716 piorum
2741 4645 2961 4713 scriptis
2986 4659 3082 4699 sua
3115 4644 3278 4697 etiam
3309 4642 3582 4710 inserunt;

306 4736 542 4807 σ-ξέτερα
574 4736 994 4806 παρενείρουσιν
1020 4777 1035 4799 ,
1077 4736 1153 4799 ὡς
1184 4737 1241 4789 ὲν
1275 4738 1396 4799 ταῖς
1444 4738 1727 4807 ῥηθείσαις
1765 4739 1884 4791 ἐπι-

306 4829 517 4890 στολαῖς
547 4827 648 4881 τοῦ
701 4829 846 4898 ίεροῦ
907 4830 1225 4898 Κλήμεντος
1272 4831 1369 4884 καὶ
1396 4831 1514 4894 ταῖς
1572 4829 1881 4893 διατάξεσιν

304 4920 697 4991 ἐσκαιώρηται.
736 4921 854 4973 Εἰσὶ
883 4919 928 4973 δ’
951 4920 1001 4972 οἶ
1035 4923 1126 4973 καὶ
1161 4921 1275 4985 τοῖς
1308 4919 1520 4974 ἑαυτῶν
1570 4921 1884 4990 ἐπιγραφὰς

305 5009 473 5076 ἁγίων
506 5011 783 5063 τεθείκασι
810 5008 948 5080 πρὸς
980 5009 1261 5079 ἐξαπάτην
1288 5008 1397 5063 τῶν
1427 5010 1816 5081 ἁπλουστέρων
1848 5012 1880 5081 ἢ

305 5102 698 5173 εὐηθεστέρων,
752 5102 919 5155 οἱονεὶ
974 5101 1151 5171 μέλιτι
1172 5100 1266 5156 τοῦ
1314 5102 1645 5174 δηλητηρίου
1667 5104 1765 5173 τὴν
1793 5103 1885 5156 κύ·

303 5197 426 5248 λικα
456 5198 901 5267 περιχρίσαντες.

382 5290 441 5345 ὐ
471 5290 529 5344 δὲ
565 5289 642 5357 ξγ¹
673 5291 771 5359 τῆς
802 5290 967 5361 ἕκτης
998 5290 1239 5356 συνόδου,
1281 5288 1376 5342 καὶ
1412 5289 1479 5343 τὰ
1505 5288 1719 5361 ψευδῶς
1752 5306 1877 5342 συν-

302 5382 523 5434 τεθέντα
546 5380 955 5451 μαρτυρολόγια
976 5381 1110 5450 πρὸς
1133 5380 1242 5433 τῶν
1265 5374 1432 5451 μηδὲν
1452 5380 1604 5451 ὑγιὲς
1626 5380 1884 5454 φρονούν-

301 5492 427 5538 των,
463 5474 622 5547 ὖϐριν
649 5475 748 5545 μὲν
767 5476 875 5538 τοῖς
905 5475 1081 5541 ἁγίοις
1113 5475 1383 5546 μάρτυσιν
1414 5476 1680 5546 οἰομένων
1705 5495 1878 5548 προσ-

302 5567 617 5638 τρίψασθαι,
656 5568 781 5630 τοὺς
810 5567 854 5620 δ’
881 5568 1311 5638 ἐντυγχάνοντας
1354 5566 1455 5638 τῆς
1490 5568 1629 5638 πρὸς
1681 5570 1882 5633 αὐτοὺς

303 5659 595 5727 ἀφιστάναι
642 5660 831 5730 τιμῆς,
887 5662 1025 5731 πυρὶ
1088 5660 1301 5712 κελεύει
1339 5660 1617 5714 δίδοσθαι·
1670 5662 1795 5724 τοὺς
1822 5661 1879 5715 δὲ

304 5754 511 5819 τούτοις
539 5754 615 5817 ὡς
649 5753 880 5823 ἀληθέσι
939 5756 1305 5825 προσέχοντας
1358 5755 1875 5824 ἀναθεματίζεσθαι.

307 5842 426 5911 Τοῖς
446 5846 555 5916 γὰρ
584 5845 759 5915 ἁγίοις
786 5847 1024 5916 μάρτυσι
1050 5845 1157 5898 τῶν
1184 5846 1361 5899 ἄθλων
1388 5849 1478 5899 καὶ
1510 5848 1608 5917 τῆς
1637 5847 1878 5913 εὐδοξίας

309 5939 697 6011 βασκήναντες,
726 5939 900 6010 ψευδῆ
942 5942 1033 5993 καὶ
1068 5938 1329 5994 ἀλλόκοτα
1379 5940 1760 6011 συντεταχέναι
1798 5939 1874 6011 βι-

1990 4746 2047 4790 ut
2083 4737 2136 4789 iu
2169 4736 2331 4791 dictis
2362 4734 2423 4790 S.
2461 4734 2764 4789 Clementis
2797 4732 3055 4802 Epistuhs
3109 4741 3162 4785 ct
3211 4732 3581 4786 Constitutio—

1990 4826 2153 4881 nibus
2202 4824 2578 4880 fraudulenter
2619 4825 2842 4878 factum.
2883 4823 2992 4876 Alii
3043 4830 3224 4876 autem
3286 4833 3433 4887 sunt,
3490 4824 3585 4891 qui

1992 4917 2211 4987 scriptis
2246 4916 2363 4973 suis
2411 4924 2727 4971 sanctorum
2762 4897 3153 4981 inscriptiones
3208 4922 3586 4985 apposnernut

1989 5008 2040 5062 in
2118 5009 2494 5079 deceptionem
2565 5007 3004 5078 simpliciorum,
3070 5008 3263 5063 veneni
3350 5008 3578 5063 calicem

1988 5103 2145 5172 quasi
2172 5103 2333 5156 melle
2372 5101 2846 5157 circumlinentes.

2057 5284 2245 5340 Canon
2302 5282 2531 5353 insuper
2582 5283 2664 5337 63-
2697 5298 2816 5355 syu.
2866 5299 2919 5338 vr
2966 5284 3355 5356 martyrologia
3403 5284 3471 5336 ab
3514 5285 3585 5337 iis

1987 5378 2078 5447 qui
2105 5377 2242 5433 nihil
2267 5388 2414 5433 recte
2444 5378 2688 5433 sentiunt
2726 5378 2866 5434 falso
2900 5378 3153 5441 conficta,
3185 5386 3241 5432 ut
3266 5375 3582 5447 ignominia:

1987 5481 2174 5526 notam
2207 5472 2421 5528 sanctis
2466 5473 2804 5542 martyribus
2835 5473 3080 5538 inurant,
3115 5485 3343 5540 eosque,
3397 5470 3490 5539 qui
3524 5471 3579 5526 in

1983 5580 2047 5619 ea
2083 5564 2355 5629 incidunt,
2391 5564 2460 5619 ab
2491 5565 2684 5620 iisdem
2714 5565 2926 5619 honore
2949 5564 3248 5619 alliciendis
3275 5563 3575 5626 abducant,

1984 5657 2091 5729 igni
2125 5657 2263 5711 tradi
2296 5657 2469 5726 jubet;
2504 5674 2600 5712 eos
2638 5668 2817 5711 autem
2852 5659 2943 5727 qui
2992 5660 3098 5712 illis
3126 5666 3183 5710 ut
3212 5656 3355 5710 veris
3389 5672 3583 5711 assen-

1987 5754 2133 5804 tiuut
2195 5751 2674 5804 analhematizari.
2741 5751 2962 5805 Sam-tis
3033 5751 3179 5803 enim
3242 5749 3580 5821 martyribus

1983 5845 2282 5899 certamina
2318 5852 2369 5897 ct
2420 5844 2655 5897 nominis
2684 5845 2987 5896 claritatem
3047 5843 3372 5909 invidentes,
3410 5842 3583 5899 libros

1983 5936 2151 5995 falsos
2202 5950 2248 5995 et
2317 5939 2527 5995 alicrs
2584 5940 2851 5995 conticerc
2905 5936 3124 6008 impulsi
3173 5946 3333 6005 sunt,
3393 5938 3457 5992 de
3510 5937 3591 5993 iis
