3902 6592
340 419 478 485 1143

1535 423 1906 490 ΜΛΤΤΗᾸΞΙ
1934 430 2363 496 BLASTARIS

3464 432 3610 507 ιιιι

335 537 548 591 scilicet
601 547 720 604 quae
748 549 777 589 a
826 532 1158 605 martyribus
1205 533 1350 589 dicta
1391 535 1475 590 vel
1533 535 1674 591 facta
1710 547 1905 595 essent.

2024 541 2148 598 ὀλία
2174 539 2550 617 προήχθησαν,
2587 544 2696 599 τῶν
2723 545 2885 618 δῆθεν
2913 546 3024 604 δπδ
3058 546 3169 603 τῶν
3195 548 3370 620 ἁγίων
3396 555 3626 623 pugni--

336 637 395 680 ut
450 627 540 696 qni
587 629 638 680 in
687 641 783 681 eos
844 625 1150 682 inciderent
1181 627 1261 681 vel
1293 628 1357 683 ad
1405 627 1779 686 infidelitatem
1833 631 1916 687 vel

330 717 502 773 risum
542 719 965 780 deducerentur.

404 811 632 877 Quantae
667 812 828 882 igitur
868 812 1139 870 beatitatis
1172 813 1562 885 praztlicatione
1605 817 1801 887 dignus
1831 828 1917 876 est

333 902 690 958 admirandus
752 903 843 958 ille
900 903 1146 970 Simeon,
1207 906 1300 977 qui
1364 907 1759 979 Metaphrastes
1805 913 1914 968 dici

327 995 541 1064 egregie
573 1011 684 1062 prae
722 995 845 1051 aliis
877 997 1096 1064 meruit,
1133 997 1226 1070 qui
1269 1002 1441 1056 sancti
1478 999 1716 1072 Spiritus
1745 1005 1912 1075 inspi-

328 1088 540 1142 ratione
569 1099 888 1144 sanCtorum
911 1101 1214 1161 martyrum
1234 1108 1333 1163 pro
1359 1093 1589 1150 veritate
1613 1097 1912 1151 certamina

324 1195 432 1233 non
469 1179 587 1235 sine
613 1181 800 1237 multis
846 1183 1139 1238 sudoribus
1173 1193 1226 1239 et
1253 1183 1534 1242 laboribus
1564 1188 1912 1261 conscripsit,

324 1280 378 1324 et
413 1287 664 1335 nervose.
692 1275 1010 1344 eloquenter
1054 1277 1440 1349 sapienterque
1465 1278 1576 1350 58
1603 1281 1912 1346 exornavit,

327 1365 392 1419 ad
420 1364 630 1421 laudem
670 1366 881 1423 Domini
912 1369 1083 1424 nostri
1105 1369 1232 1427 Jesu
1255 1370 1485 1439 Christi,
1514 1383 1569 1429 et
1598 1384 1912 1430 sanctorum

326 1465 653 1524 martyrum,
687 1458 778 1526 qui
814 1473 914 1528 pro
959 1473 1025 1514 eo
1059 1461 1357 1515 certamina
1391 1462 1666 1529 obierunt,
1715 1479 1912 1534 peren-

327 1563 450 1601 nem
502 1549 770 1616 gloriam;
807 1553 1008 1621 quique
1042 1567 1207 1609 omne
1233 1570 1294 1608 os
1347 1555 1572 1626 impium
1605 1557 1910 1624 obturavit,

322 1649 378 1693 et
435 1638 539 1710 piis
573 1641 778 1695 nullum
834 1644 1060 1698 omnino
1091 1644 1375 1701 dubitandi
1441 1657 1764 1718 pratextum
1819 1664 1912 1704 re-

321 1730 521 1800 liquit.

393 1823 581 1879 Canon
623 1833 802 1880 autem
833 1827 866 1882 9
891 1842 1011 1898 syn.
1064 1841 1162 1892 vn,
1208 1826 1310 1894 Qui
1346 1826 1536 1893 libros,
1587 1829 1785 1900 inquit,
1817 1844 1909 1885 sa-

2025 651 2135 706 ρων
2161 635 2516 707 πραχθέντων
2542 637 2576 710 ἢ
2606 636 2972 708 λαληθέντων,
3004 640 3092 711 ἐφ’
3111 634 3156 709 ᾧ
3187 640 3316 708 τοὺς
3342 643 3614 715 ἐντυγχὰ-

2025 741 2213 789 νοντας
2242 727 2324 787 είς
2357 726 2616 781 ἀπιστίαν
2648 727 2680 800 ἦ
2710 729 2924 797 γέλωτα
2951 731 3272 800 ἀνάγεσθαι.

2095 817 2270 872 Πόσου
2317 819 2498 873 τοίνυν
2532 820 2684 887 ἄξιος
2723 822 2790 876 ἂν
2818 824 2903 894 είη
2949 827 3306 896 μακαρισμοῦ
3331 827 3361 880 6
3386 827 3610 899 θαυμάο

2023 926 2138 974 σιος
2165 911 2414 982 Συμεὼν,
2442 915 2470 967 6
2515 914 2576 967 τὸ
2627 915 2910 970 καλεῖσθαι
2962 919 3374 990 Μεταφραστὴς
3413 921 3612 992 διαιρε-

2024 1002 2227 1072 ρόντως
2254 1004 2360 1059 τῶν
2379 1003 2556 1060 ἀλλων
2584 1007 3052 1079 ἀπενεγκάμενος,
3085 1012 3115 1064 6
3162 1015 3228 1084 τῇ
3270 1014 3489 1084 ἐπινοίᾳ
3513 1014 3609 1068 τοῦ

2020 1096 2177 1165 ἁγίου
2206 1096 2527 1169 Πνεύματος
2555 1097 2624 1152 τὰ
2643 1098 2753 1154 τῶν
2779 1101 2952 1170 ἁγίων
2985 1102 3280 1174 μαρτύρων
3306 1105 3450 1175 ὑπὲρ
3478 1106 3614 1176 ἀλη-

2021 1183 2172 1249 θείας
2201 1187 2502 1260 σκάμματα
2523 1188 2741 1252 πολλοῖς
2771 1190 2961 1262 ἱδρῶσι
3005 1194 3097 1245 καὶ
3128 1195 3314 1257 πόνοις
3353 1209 3607 1262 συγγρα-

2016 1279 2282 1351 ψάμενος,
2308 1279 2404 1335 καὶ
2433 1279 2664 1353 δυνάμει
2685 1281 2848 1352 λόγου
2881 1284 2976 1337 καὶ
3011 1285 3176 1357 σοφίᾳ
3215 1286 3496 1349 καλλύνας
3529 1289 3610 1351 είς

2020 1369 2188 1440 ὕμνον
2207 1370 2301 1424 τοῦ
2330 1373 2550 1443 Κυρίου
2585 1374 2742 1444 ἡμῶν
2793 1374 2974 1446 Ἰησοῦ
3020 1375 3260 1448 Χριστοῦ
3313 1383 3412 1432 καὶ
3439 1379 3607 1444 δόξαν

2016 1462 2430 1530 διαιωνίζουσαν
2461 1467 2570 1520 τῶν
2606 1467 2745 1539 ὑπὲρ
2775 1468 2940 1523 αὑτοῦ
2991 1469 3388 1540 ἠγωνισμένων
3429 1474 3608 1540 ἁγίων

2021 1556 2316 1628 μαρτύρων
2334 1575 2350 1590 ο
2380 1558 2474 1612 καὶ
2507 1559 2616 1614 πᾶν
2639 1558 2899 1621 δυσσεϐὲς
2923 1561 3254 1632 ἀπορράψας
3288 1563 3490 1632 στόμα,
3510 1563 3609 1618 καὶ

2019 1649 2144 1718 μηδ’
2171 1649 2455 1720 ἡντιναοῦν
2493 1651 2770 1722 πρόφασιν
2819 1651 3152 1723 ἀμφιϐολίας
3199 1655 3313 1718 τοῖς
3345 1654 3606 1708 εὐσεϐέσι

2017 1741 2358 1798 καταλιπὼν.
3087 1727 3114 1744 κ

2097 1834 2155 1890 '0
2185 1834 2242 1890 δέ
2279 1834 2322 1890 θ’
2343 1837 2442 1908 τῆς
2475 1836 2711 1909 ἑϐδόμης
2760 1835 2979 1892 συνόδου
3021 1835 3226 1906 κανὼν,
3264 1838 3345 1893 Τὰ
3397 1855 3604 1909 συγγεο

325 1932 450 1972 cras
507 1916 770 1989 imagines
827 1919 1240 1985 insectantium,
1300 1918 1355 1974 in
1397 1918 1600 1990 quibus
1658 1921 1905 1977 absurda:

2021 1934 2338 2007 γραμμένα,
2379 1936 2537 2007 φησὶ,
2572 1936 2684 1998 τοῖς
2709 1933 2850 1988 κατὰ
2877 1933 2988 1987 τῶν
3016 1932 3190 2002 ἁγίων
3221 1935 3451 1989 εἰκόνων
3481 1936 3607 1989 λυτ-

321 2025 512 2064 eorum
563 2012 852 2081 opiniones
907 2013 1469 2083 comprehenduntur,
1529 2013 1727 2069 retinet
1778 2013 1907 2068 abs-

321 2103 637 2175 conditque,
671 2102 718 2160 si
765 2105 1000 2161 clericus
1023 2106 1115 2172 sit,
1171 2105 1479 2161 sacerdotio
1507 2115 1779 2162 exuatur:
1822 2107 1908 2162 sin

320 2205 506 2252 autem
569 2197 795 2265 laicus,
854 2207 1196 2270 segregetur.
1257 2198 1537 2272 Ejusmodi
1596 2213 1725 2255 vero
1782 2197 1908 2254 libri

318 2289 478 2361 nihil,
538 2289 740 2364 inquit,
775 2305 806 2348 a
846 2289 1100 2350 ludibriis
1141 2294 1443 2364 puerilibus
1496 2292 1780 2360 diﬂ‘erunt,
1816 2300 1908 2346 ut-

321 2402 450 2462 pote
477 2405 599 2462 qute
635 2390 860 2445 insaniae
887 2399 941 2446 et
965 2391 1205 2447 lasciviae
1240 2390 1634 2448 baechationcs
1674 2391 1819 2456 sint,
1852 2391 1907 2445 in

323 2483 528 2555 quibus
558 2484 881 2540 venerandae
916 2484 1186 2556 imagines
1221 2482 1381 2556 (proh
1434 2485 1722 2541 hominum
1754 2498 1910 2539 vesa-

321 2575 532 2646 niam!)
561 2575 703 2630 idola
737 2577 1110 2632 nominantur.
1142 2576 1245 2644 Qui
1279 2587 1462 2632 autem
1487 2592 1583 2633 eos
1611 2574 1906 2641 invenerit,

321 2669 388 2724 ad
423 2669 627 2739 Magnae
681 2672 927 2727 ecclesiae
983 2671 1242 2742 palatium
1296 2671 1499 2736 mittat,
1547 2679 1606 2726 ιιι
1635 2678 1911 2742 perpetua:

319 2761 642 2816 obscuritati
678 2762 982 2827 tradantur,
1014 2762 1122 2829 vel,
1161 2772 1219 2819 ut
1254 2764 1340 2818 lex
1380 2762 1559 2820 civilis
1587 2761 1762 2833 jubet,
1791 2770 1908 2817 sta-

323 2853 420 2908 tim
481 2853 769 2909 comburat
790 2895 806 2911 .

388 2939 642 2998 Canoncs
677 2952 857 2997 autem
898 2959 1019 3015 syn.
1071 2940 1295 2997 Laodic.
1343 2941 1410 2998 15
1446 2949 1500 2998 et
1553 2939 1620 2997 59
1664 2955 1771 2996 non
1829 2938 1912 2996 si-

321 3025 458 3092 nunt
491 3045 551 3092 ut
585 3039 637 3091 in
688 3038 924 3093 ecclesia
959 3035 1129 3105 aliqui
1163 3044 1361 3106 praeter
1397 3034 1571 3090 libros
1609 3033 1908 3090 canonicos

211 3203 220 3210 κ
320 3126 535 3186 Veteris
567 3129 776 3185 scilicet
820 3139 871 3184 et
901 3127 1038 3183 Novi
1067 3127 1399 3183 Testamenti
1439 3128 1706 3196 legantur,
1748 3124 1910 3181 nimi-

318 3237 444 3277 rum
475 3221 569 3293 qui
621 3222 676 3276 in
726 3221 794 3275 85
825 3237 948 3278 can.
1003 3219 1306 3290 apostolico
1368 3219 1759 3276 continentur:
1804 3233 1909 3286 nec

319 3327 519 3388 praeter
552 3315 656 3371 150
692 3315 933 3385 psalmos
978 3310 1268 3367 Davidicos
1310 3311 1448 3366 alios
1492 3310 1736 3381 privatos
1768 3308 1911 3380 psal-

319 3412 435 3466 lere
489 3409 837 3478 permittunt,
889 3403 1198 3475 cujusmodi
1256 3409 1409 3470 sunt,
1460 3402 1554 3474 qui
1593 3400 1908 3457 Salomonis

319 3514 373 3560 ct
408 3503 683 3560 nullorum
707 3501 944 3556 aliorum
977 3500 1259 3556 dicuntur.

391 3597 564 3651 Porro
595 3609 768 3650 canon
799 3593 863 3648 19
889 3609 1010 3664 syn.
1046 3608 1097 3647 vt
1129 3591 1185 3647 in
1215 3590 1408 3648 diebus
1443 3588 1760 3654 Dominicis,
1789 3587 1906 3660 qui-

319 3691 424 3747 bus
455 3689 688 3760 populus
717 3687 786 3743 ab
819 3687 1077 3756 operibus
1103 3699 1323 3741 cessans
1363 3682 1611 3739 ecclesiis
1641 3683 1906 3736 interesse

320 3783 482 3849 solet,
532 3781 820 3851 episcopos
865 3778 1124 3833 doctrina:
1174 3775 1526 3832 ﬂumineeos
1557 3774 1784 3846 irrigare
1813 3772 1906 3844 ju-

319 3878 432 3940 bet,
463 3889 529 3932 ex
571 3873 844 3945 pradictis
877 3869 1176 3942 Scriptum
1216 3868 1370 3926 libris
1399 3867 1562 3923 verba
1591 3866 1822 3938 tempori
1853 3873 1906 3922 et

319 3968 486 4024 rebus
541 3965 924 4022 convenientia
976 3963 1334 4034 colligentes,
1397 3959 1706 4030 eademque,
1746 3957 1903 4028 juxta

319 4073 636 4119 sanctorum
670 4059 891 4115 Patrum
919 4055 1338 4127 expositionem,
1364 4061 1419 4110 cl
1447 4068 1554 4108 non
1595 4051 1904 4109 secundum

319 4153 560 4221 privatos
594 4165 792 4206 sensus
819 4159 874 4204 et
903 4147 1172 4219 judicium
1219 4145 1566 4215 interpretari
1585 4161 1620 4208 Δ;-
1639 4152 1693 4198 et
1721 4147 1906 4213 potius

318 4245 374 4298 in
397 4243 478 4300 eis
501 4242 748 4300 celebres
774 4256 920 4311 ess“,
951 4254 1114 4310 quam
1148 4238 1206 4293 in
1247 4238 1314 4292 iis
1353 4251 1475 4308 quae
1505 4239 1650 4291 domi
1686 4237 1904 4291 inventa

316 4345 467 4400 sunt,
527 4350 597 4390 ne
662 4331 958 4404 aliquando
1005 4331 1191 4387 forsan
1241 4331 1555 4387 haesitantes
1611 4329 1906 4398 Scriptura;

317 4438 486 4495 scopo
533 4439 642 4479 non
675 4422 830 4478 inniti
863 4422 1171 4477 videantur.
1226 4419 1302 4474 Ex
1349 4430 1666 4476 sanctorum
1719 4421 1902 4473 autem

313 4518 537 4573 Patrum
580 4517 828 4577 doctrina
881 4525 1212 4588 cognoscent
1261 4514 1447 4587 populi
1487 4529 1737 4585 quaenam
1803 4512 1905 4568 eli-

2010 2025 2230 2097 τήσασι,
2263 2025 2359 2090 τὰς
2387 2024 2810 2095 άσυλλογίστους
2857 2025 3038 2079 αὐτῶν
3068 2024 3368 2096 ὑπολήψεις
3403 2027 3603 2080 συλλοο

2012 2117 2300 2189 γιζὸμενα,
2353 2118 2382 2171 6
2441 2117 2693 2188 κατέχων
2756 2116 2850 2172 καὶ
2881 2116 3165 2188 κρύπτων,
3197 2118 3465 2189 κληρικὸς
3504 2119 3602 2188 ὣν,

2010 2211 2110 2282 τῆς
2144 2210 2450 2284 ἱερωσύνης
2479 2209 2827 2279 άποδυέσθω,
2873 2210 3068 2275 λαῖκδς,
3089 2211 3168 2274 δὲ,
3200 2211 3560 2283 ἀφοριζέσθω
3583 2249 3600 2266 .

2023 2304 2382 2376 Ἀθυρμάτων
2400 2304 2530 2377 γὰρ,
2561 2305 2717 2378 φησὶ,
2742 2303 3027 2370 παιδικῶν,
3057 2305 3210 2359 οὐδὲν
3243 2309 3402 2360 ταυτὶ
3433 2303 3612 2376 διενήο

2011 2413 2156 2468 νοχε,
2183 2397 2382 2469 μανίας
2434 2397 2564 2452 ὄντα
2614 2395 2710 2450 καὶ
2745 2396 3046 2461 ἀκολασίας
3088 2396 3487 2467 βακχεύματαο
3525 2397 3607 2450 εί-

2010 2489 2178 2555 δωλα,
2228 2485 2332 2558 φεῦ
2387 2488 2484 2560 τῆς
2517 2487 2951 2560 παραπληξίαςι
2991 2488 3088 2552 τὰς
3144 2489 3350 2552 σεπτάς
3381 2489 3606 2553 εἰκόνας

2011 2577 2426 2634 ἀποκαλοῦντα·
2460 2579 2576 2635 ἁλλ’
2608 2580 2641 2650 ἢ
2679 2580 2816 2652 πρὸς
2843 2579 2904 2634 τὸ
2952 2578 3054 2651 τῆς
3084 2579 3340 2651 Μεγάλης
3396 2579 3604 2650 ἐκκλη-

2013 2674 2134 2738 σίας
2165 2674 2192 2727 δ
2220 2671 2396 2746 εὑρὼν
2418 2673 2770 2726 ἐπισκοπεῖον
2796 2673 3240 2744 παραπεμπὲτω,
3273 2673 3361 2743 ἐφ’
3391 2665 3439 2742 ᾧ
3469 2690 3606 2726 παν.

2011 2763 2157 2820 τελεῖ
2180 2767 2246 2836 τῇ
2279 2764 2516 2836 ἀφανείᾳ
2546 2763 2792 2835 δοθῆναι,
2827 2764 2886 2837 ἢ,
2913 2763 2989 2829 ὡς
3015 2765 3042 2818 6
3073 2765 3356 2829 πολιτικὸς
3379 2765 3602 2820 κελεύει

2013 2858 2197 2929 νόμος,
2233 2858 2396 2919 εὐθὺς
2423 2855 2796 2912 κατακαιέτω.

2094 2947 2152 3004 ’0
2174 2948 2230 3004 δέ
2259 2949 2359 3020 τῆς
2407 2951 2464 3003 ἐν
2489 2949 2782 3020 Λαοδικείᾳ
2817 2955 2875 3002 ιε’
2928 2951 3023 3004 καὶ
3050 2949 3079 3002 6
3110 2949 3187 3002 v0'
3221 2949 3322 3003 οὒκ
3376 2948 3606 3020 ἐπιτρέ-

2010 3058 2175 3096 πουσι
2221 3040 2384 3096 πλέον
2416 3040 2524 3096 τῶν
2575 3042 3049 3112 κεκανονισμένων
3115 3040 3339 3112 βιόλίων
3391 3043 3498 3112 τῆς
3542 3058 3604 3096 τε

2011 3135 2256 3199 Παλαιᾶς
2308 3136 2402 3188 κα)⁸
2467 3135 2708 3207 Καινῆς,
2749 3136 2837 3189 ἐπ’
2875 3134 3174 3206 ἐκκλησίας
3225 3135 3606 3204 ἀναγινώσκε-

2013 3227 2160 3292 σθαι,
2193 3225 2337 3298 άπερ
2361 3226 2436 3300 τῷ
2470 3232 2554 3280 πε⁹
2579 3224 2780 3298 δηλαδὴ
2802 3223 3150 3296 ἀποστολικῷ
3181 3225 3366 3278 κανόνι
3398 3223 3604 3296 διείλη-

2013 3337 2146 3375 πται
2168 3335 2183 3350 ’
2213 3319 2335 3373 οὐδέ
2362 3337 2424 3389 γε
2449 3319 2590 3390 πλὴν
2619 3318 2727 3374 τῶν
2751 3325 2827 3391 ρν⁹
2855 3319 3087 3390 ψαλμῶν
3112 3317 3206 3370 τοῦ
3236 3316 3407 3370 Δαϐὶδ
3448 3317 3602 3370 ἰδιωο

2013 3414 2200 3476 τικοῦς
2230 3411 2454 3483 ἐτέρους
2484 3411 2633 3484 ᾄδειν
2660 3411 2905 3482 ἐφίησιν,
2932 3410 3008 3476 ὡς
3042 3409 3094 3463 οἱ
3114 3408 3211 3464 τοῦ
3245 3407 3600 3481 Σολομῶντος

2011 3505 2295 3576 λεγόμενοι
2318 3504 2412 3558 καί
2431 3519 2596 3559 τινων
2627 3501 2854 3574 ἑτέρων.

2092 3598 2152 3655 '0
2180 3598 2236 3653 δὲ
2268 3597 2370 3668 τῆς
2399 3599 2564 3668 ἐκτης
2601 3598 2821 3652 συνόδου
2845 3595 2931 3664 ιϐ’,
2958 3596 3018 3652 ἐν
3057 3598 3181 3662 ταῖς
3217 3595 3600 3668 κυριωνύμοις

2008 3690 2117 3748 τῶν
2174 3691 2420 3764 ἡμερῶν,
2473 3693 2533 3746 ἐν
2583 3687 2673 3756 αἷς
2713 3690 2973 3746 είὼθασιν
3021 3689 3051 3746 6
3095 3691 3245 3755 λαὸς,
3273 3691 3384 3744 τῶν
3413 3687 3598 3762 ἔργων

2009 3786 2297 3856 ἀφέμενοι,
2330 3783 2718 3856 προσεδρεύειν
2741 3787 2862 3850 ταῖς
2901 3784 3226 3854 ἐκκλησίαις
3246 3824 3262 3848 ,
3294 3783 3428 3849 τοὺς
3479 3787 3602 3838 ἐπι·

2009 3877 2246 3942 σκόπους
2267 3875 2476 3931 κελεύει
2506 3875 2586 3946 τῷ
2608 3878 2707 3946 τῆς
2739 3873 3094 3938 διδασκαλίας
3128 3875 3333 3944 νάματι
3362 3872 3599 3934 τούτους

2007 3968 2318 4042 κατάρδειν,
2343 3966 2761 4039 ἐρανιξομένους
2782 3968 2846 4021 ἐκ
2867 3965 2975 4020 τῶν
3004 3967 3284 4039 ῥηθέντων
3312 3965 3414 4036 τῆς
3441 3965 3600 4026 θείας

2007 4062 2229 4133 Γραφῆς
2267 4060 2488 4131 βιϐλίων
2516 4060 2586 4114 τὰ
2617 4061 2694 4130 τῷ
2727 4059 2907 4132 καιρῷ
2935 4059 3282 4131 προσήκοντα
3317 4057 3598 4129 ῥητά,καὶ

2007 4155 2118 4218 τοῖς
2157 4153 2446 4225 πράγμασι
2476 4155 2570 4208 καὶ
2587 4150 2759 4207 ταῦτα
2781 4152 3135 4224 ἑρμηνεύειν,
3179 4152 3319 4205 κατὰ
3344 4151 3449 4220 τὴν
3482 4150 3596 4204 τῶν

2009 4244 2171 4300 θείων
2201 4245 2466 4316 Πατέρων
2511 4245 2800 4316 ἐξήγησιν,
2839 4244 2977 4298 ἀλλὰ
3008 4244 3083 4316 μὴ
3123 4242 3181 4311 ἐξ
3215 4243 3436 4299 οίκείων
3468 4261 3596 4314 νοη-

2010 4337 2197 4409 μάτων
2239 4337 2333 4390 καί⁸
2364 4335 2642 4407 λογισμῶν
2667 4352 2683 4370 ο
2721 4337 2816 4390 καὶ
2854 4336 3058 4406 μᾶλλον
3105 4336 3162 4389 ἐν
3188 4338 3400 4396 τούτοις
3447 4335 3598 4388 εὐδο-

2009 4431 2210 4501 κιμεῖν,
2243 4428 2276 4501 ἦ
2308 4430 2420 4490 τοῖς
2441 4428 2652 4481 οἴκοθεν
2705 4426 3110 4498 ἐξευρημένοις,
3147 4426 3234 4480 ἵνα
3272 4427 3347 4498 μὴ
3384 4428 3596 4497 ἀπορίᾳ

2009 4519 2119 4574 ἐσθ’
2150 4521 2283 4574 ὅπου
2313 4519 2728 4588 συνεσχημένοι,
2752 4517 2945 4581 δόξωσι
2967 4516 3058 4569 τοῦ
3090 4517 3300 4569 σκοποῦ
3322 4517 3422 4583 τῆς
3448 4517 3597 4587 Γρα-

315 4626 441 4682 gere
469 4620 521 4666 et
549 4627 798 4681 quaenam
825 4610 1012 4679 fugere
1035 4619 1326 4681 oporteat;
1361 4617 1416 4665 et
1444 4609 1612 4662 vitam
1649 4622 1804 4663 suam
1828 4610 1896 4662 ad

2021 4608 2114 4678 ρῆς
2145 4609 2220 4680 μὴ
2253 4607 2620 4662 ἐπιϐατεύειν.
2665 4607 2758 4660 Ἐκ
2786 4607 2842 4661 δὲ
2873 4607 2971 4677 τῆς
2993 4624 3102 4659 των
3137 4606 3298 4661 θείων
3328 4608 3595 4679 Πατέρων

317 4703 534 4759 virtutis
566 4719 815 4758 normam
876 4703 1278 4758 imminentium
1312 4700 1702 4772 suppliciorum
1751 4708 1899 4754 metu

317 4808 668 4868 component.
695 4807 750 4852 et
793 4797 1118 4869 ignorantiae
1173 4795 1291 4850 vitii
1322 4809 1430 4850 non
1482 4792 1898 4848 convincentur.

314 4893 644 4961 Episcopum
682 4906 812 4947 vero
865 4889 959 4961 qui
1004 4904 1165 4946 secus
1211 4888 1400 4944 fecerit
1432 4901 1676 4959 praesens
1725 4898 1901 4942 canon

316 4999 425 5039 non
461 4984 636 5053 punit.

382 5255 573 5313 Canon
599 5264 783 5311 autem
837 5264 1015 5325 apost.
1057 5254 1125 5310 58
1153 5255 1472 5326 episcopum
1526 5253 1608 5311 vel
1637 5251 1900 5307 clericum

310 5350 403 5422 qui
456 5350 662 5406 clerum
698 5365 858 5405 suum
896 5351 1155 5421 negligit,
1189 5361 1242 5406 et
1273 5352 1526 5420 pietatem
1577 5362 1685 5403 nou
1720 5347 1899 5415 docet,

309 5456 583 5518 segregat,
617 5454 670 5500 et
707 5445 761 5500 in
799 5447 1044 5500 socordia
1079 5455 1516 5515 perseverantem
1570 5441 1830 5512 deponit.

419 5623 574 5691 Quod
605 5640 782 5680 sacros
820 5623 981 5676 libros
1031 5623 1365 5678 conscindere
1395 5640 1498 5678 non
1533 5631 1791 5690 oporteat.

381 5717 569 5772 Canon
601 5725 780 5772 autem
815 5715 884 5770 68
918 5731 967 5768 v1
1003 5731 1124 5788 syn.
1162 5716 1462 5788 Scriptum
1534 5716 1794 5773 divinitus
1825 5715 1903 5771 in-

311 5809 552 5878 Spiratte,
576 5819 689 5865 tum
715 5807 946 5874 Veteris,
981 5817 1094 5865 tum
1119 5810 1305 5875 Novae,
1347 5825 1558 5866 necnon
1597 5809 1822 5864 Patrum
1850 5819 1903 5865 et

313 5900 600 5958 doctorum
636 5902 1118 5974 comprobatorum
1171 5913 1680 5977 pratcrptorumque
1729 5903 1899 5959 libros

2006 4701 2357 4763 διδασκαλίας
2389 4701 2628 4754 εῐσονται
2679 4700 2730 4754 οἱ
2759 4700 2881 4755 λαοὶ
2905 4700 3027 4754 τίνα
3058 4699 3138 4753 δεῖ
3167 4699 3467 4770 αἱρεῖσθαι,
3495 4701 3592 4754 καὶ

2005 4797 2166 4849 τίνων
2190 4793 2632 4856 άποδιῖστασθαι,
2657 4794 2752 4846 καὶ⁵
2772 4792 2870 4864 τὴν
2891 4792 3103 4846 οἰκείαν
3127 4791 3272 4862 ζωὴν
3297 4792 3433 4862 πρὸς
3463 4793 3594 4862 ἁρε-

2005 4886 2103 4957 τὴν
2135 4885 2482 4956 ρυθμίσουσι,
2537 4883 2646 4938 δέει
2699 4885 2808 4938 τῶν
2854 4883 3262 4955 ἐπηρτημένων
3286 4884 3591 4948 κολάσεων,

1999 4979 2100 5034 καὶ
2127 4981 2204 5050 τῷ
2235 4979 2334 5049 τῆς
2357 4978 2580 5046 ἀγνοῖας
2603 4977 2702 5048 οὐχ
2728 4976 3032 5032 ἁλώσονται
3066 4976 3230 5030 πάθει
3255 4991 3271 5006 ·
3301 4976 3395 5028 τὸν
3423 4977 3482 5030 δὲ
3515 4977 3593 5049 μὴ

2005 5071 2148 5126 οὕτω
2183 5071 2395 5143 δρῶντα
2427 5069 2726 5124 ἐπίσκοπον
2772 5069 2802 5122 6
2841 5068 2941 5140 μὲν
2968 5067 3162 5141 παρὼν
3190 5067 3290 5122 οὐκ
3322 5070 3594 5142 ἐπιπλήτ-

2003 5179 2085 5215 τει
2111 5160 2310 5215 κανών.

2088 5254 2149 5308 '0
2172 5254 2229 5308 δέ
2254 5270 2318 5322 γε
2359 5251 2716 5316 ἀποστολικδς
2758 5257 2838 5322 νη⁹
2889 5251 2974 5304 τὸν
3023 5249 3337 5321 ἀμελοῦντα
3390 5249 3488 5306 τοῦ
3516 5253 3593 5306 οξ·-

2004 5345 2156 5400 κείον
2186 5344 2287 5413 κλή
2301 5345 2416 5415 pou,
2449 5342 2544 5399 καὶ
2583 5341 2658 5413 μὴ
2690 5341 3089 5396 ἐκπαιδεύοντα
3121 5342 3222 5414 τὴν
3275 5329 3587 5408 εὐσέϐειαν,

2005 5439 2304 5491 ἐπίσκοπον
2337 5436 2369 5506 ἢ
2416 5434 2703 5508 κληρικὺν,
2740 5435 3030 5505 ἀφορίζειο
3061 5434 3394 5506 ἐπιμένοντα
3424 5435 3481 5488 δὲ
3519 5437 3585 5506 τῇ

2006 5528 2252 5601 ῥᾳθυμία
2281 5527 2557 5598 καθαιρεῖ.
2899 5522 2902 5526 ’

2077 5621 2208 5674 Ὅτι
2237 5621 2311 5674 οὐ
2340 5619 2456 5689 χρὴ
2486 5621 2588 5685 τὰς
2612 5616 2774 5687 ίεράς
2806 5617 3204 5688 κατατέμνειν
3227 5618 3514 5683 βίϐλους.

2083 5713 2144 5767 '0
2186 5713 2242 5767 δὲ
2283 5711 2366 5784 ξη’
2393 5715 2462 5768 τὰ
2488 5713 2669 5785 βιὸλία
2696 5712 2796 5784 τῆς
2827 5713 3192 5767 θεοπνεύστου
3220 5713 3467 5783 Γραφῆς,
3484 5711 3586 5781 τῆς

2005 5806 2249 5870 “allati;
2304 5823 2364 5859 τε
2415 5806 2510 5859 καὶ
2551 5807 2780 5876 Καινῆς,
2822 5805 2920 5858 καὶ
2942 5804 3052 5859 τῶν
3087 5804 3458 5876 ἐγκριθέντων
3492 5803 3583 5856 καὶ

2003 5899 2484 5974 δεδοκιμασμένων
2526 5900 2786 5972 Πατέρων
2820 5902 2916 5956 καίΙ
2949 5899 3313 5968 διδασκάλων,
3355 5898 3586 5969 ἐπισκή-
