3902 6550
137 435 260 505 1145
1071 452 1482 526 SYNTAGMA
1523 459 1678 524 ΑΠ’]

1828 461 2148 530 ΕΤΙΟΠΜ.
2180 490 2248 504 -
2289 467 2357 532 Β.
3232 475 3369 544 ιιιδ

135 574 240 646 πτει
265 553 571 624 φυλάττειν,
617 558 715 612 καὶ
747 559 822 632 μὴ
861 563 1284 640 κατατέμνεινῇ
1319 569 1676 642 διαφθείρειν,

1828 588 2120 632 onservare
2147 574 2325 646 jubet,
2356 585 2410 632 et
2441 593 2550 635 non
2583 581 2942 641 conseindere
2991 594 3085 640 aut
3121 575 3369 643 corrum-

138 645 252 716 μηδὲ
306 647 420 711 τοῖς
482 647 928 723 βιϐλιοκαπήλοις
983 655 1018 727 ἢ
1051 658 1314 730 μυρεψοῖς
1376 661 1679 717 ἀποδιδόναι

1828 680 1956 732 ere;
1987 682 2164 736 neque
2189 669 2458 725 librorum
2491 678 2961 744 cauponatorihus
2990 686 3086 733 aut
3121 694 3369 748 unguen-

137 739 251 803 πρὸς
271 739 600 810 ἀφανισμὸν,
653 743 702 796 εί
746 746 819 816 μή
847 746 1030 816 τιάρα
1053 749 1235 804 τέλεον
1256 751 1362 806 ὑπὸ
1419 751 1620 823 σητῶν,
1649 751 1678 823 ἦ

1825 757 1944 812 triis
1989 759 2265 828 perituros
2315 761 2570 830 tradere;
2627 766 2732 821 nisi
2781 768 2974 838 utique
3039 771 3264 825 omnino
3336 787 3366 826 a

137 829 325 897 ὓδατος,
360 830 394 902 ἢ
419 833 598 903 ἑτέρῳ
625 836 812 907 τρόπῳ
844 839 1171 912 ἀχρειωθείη
1197 857 1211 872 ⁸
1247 842 1338 896 τὸν
1360 843 1416 897 δὲ
1441 843 1678 898 τοιοῦτόν

1831 848 1969 914 neis,
2003 850 2087 904 vel
2118 865 2282 920 aqua,
2319 853 2402 906 vel
2437 853 2548 909 alio
2583 857 2743 911 modo
2775 857 2997 914 inutiles
3029 859 3223 914 redditi
3252 859 3368 914 fue-

133 939 175 974 τι
205 925 367 977 ποιεῖν
397 925 757 999 ἁλισκόμενον
803 931 892 985 ἐπ’
921 932 1168 988 ἐνιαυτὸν
1191 935 1570 1005 ἀφορίζεσθαι.

1824 936 1897 991 int
1925 955 1939 991 :
1964 953 2088 992 eum
2121 949 2304 994 autem
2337 943 2428 1013 qui
2458 944 2532 1000 ita
2563 945 2743 1002 facere
2772 949 3142 1020 deprehensus
3175 952 3268 1021 sit,
3310 952 3365 1007 in

1786 1042 1987 1084 annum
2025 1034 2320 1104 segregari.

787 1106 995 1176 Νόμοι.

2482 1126 2663 1202 Leges.

190 1187 260 1243 Τὰ
315 1191 462 1246 κατὰ
513 1195 860 1263 Χριστιανῶν
907 1199 1320 1270 συγγράμματα
1371 1203 1682 1274 Πορφυρίου

1853 1215 2139 1289 Porphyrii
2231 1221 2576 1294 aliorumque
2663 1223 3039 1280 hrerettcorum
3099 1227 3363 1284 adversus

134 1282 209 1333 καὶ
232 1281 403 1337 ἄλλων
428 1287 721 1356 αἱρετικῶν
760 1290 1127 1358 καιέσθωσαν,
1154 1296 1246 1346 καὶ
1267 1295 1334 1346 τὰ
1357 1295 1675 1365 Νεστορίου,

1830 1308 2128 1366 hristianos
2174 1313 2298 1367 libri
2349 1317 2775 1381 comburantur;
2818 1315 3050 1371 Nestorii
3089 1319 3272 1381 etiam,
3309 1328 3366 1374 et

133 1375 210 1426 καὶ
231 1375 325 1428 ὅσα
378 1376 456 1448 μὴ
494 1384 776 1448 συμφωνεῖ
824 1386 945 1447 ταῖς
995 1384 1054 1438 ἐν
1099 1386 1304 1458 Νικαίᾳ
1335 1388 1428 1440 καὶ
1473 1388 1674 1458 Ἐφέσῳ

1826 1400 2096 1470 uicunque
2117 1399 2341 1458 Nicano
2366 1375 3056 1476 Ephesinoque'conciliis,
3085 1421 3138 1465 et
3163 1375 3367 1481 Cyrillo

133 1466 371 1534 συνόδοις,
409 1469 505 1522 καὶ
564 1472 820 1544 Κυρίλλῳ
861 1476 941 1546 τῷ
985 1476 1416 1549 Ἀλεξανδρείας,
1453 1471 1529 1532 ὧν
1580 1480 1674 1532 οὐκ

1821 1492 2175 1559 .lexandrino,
2230 1512 2464 1567 quorum
2525 1497 2682 1554 (idem
2739 1503 3002 1557 excedere
3046 1519 3156 1557 non
3217 1504 3362 1569 licet,

131 1556 228 1610 ἔστι
256 1559 572 1630 παρεξιέναι
602 1563 702 1636 τὴν
726 1566 934 1623 πίστιν.
990 1570 1054 1621 Ol
1101 1569 1159 1622 δὲ
1187 1569 1256 1622 τὰ
1312 1569 1570 1638 λεχθέντα
1601 1570 1672 1639 βι-

1941 1556 2264 1641 consonant:
2315 1587 2418 1654 Qui
2466 1599 2644 1644 autem
2676 1590 2854 1647 dictos
2884 1592 3056 1650 libros
3087 1593 3287 1649 habent
3311 1604 3366 1650 et
3459 1576 3482 1592 ’

132 1647 237 1702 ϐλία
258 1649 472 1720 ἔχοντες
501 1655 599 1708 καὶ
625 1657 1091 1727 ἀναγινώσκοντες
1145 1661 1389 1732 ἐσχάτως
1419 1661 1673 1734 τιμωρεί-

1356 1678 1389 1725 ης
1419 1661 1684 1734 τιμωρεί-
1783 1675 1988 1749 legunt,
2023 1678 2216 1737 ultimo
2261 1647 2532 1753 supplicio
2570 1683 2897 1740 aﬂiciantur.

134 1739 345 1798 σθωσαν.

189 1835 243 1887 Οἱ
262 1835 666 1936 μαθηματικοὶ,
701 1843 778 1915 μὴ
806 1845 1055 1912 καίοντες
1094 1850 1188 1904 ἐπὶ
1217 1852 1324 1906 τῶν
1365 1854 1682 1911 ἐπισκόπων
1707 1916 1730 1936 1

1853 1854 2228 1914 Mathematici
2274 1861 2366 1930 qui
2437 1876 2622 1917 coram
2677 1863 2950 1936 episcopis
3006 1865 3175 1923 libros
3231 1883 3363 1924 suos

132 1923 215 2024 τας
259 1925 478 1996 βίϐλους
518 1933 733 2024 αὐτῶν,
790 1939 899 2018 καὶἸ
933 1941 999 2010 τῇ
1048 1941 1300 2016 εὐσεϐείᾳ
1340 1947 1673 2017 προσιόντες,

2291 1916 2306 1930 .
3232 1916 3360 1924 --η-

1824 1962 1893 2003 on
1927 1963 2300 2019 concremant,
2333 1967 2510 2024 neque
2535 1957 2602 2009 ad
2635 1957 2998 2011 orthodoxam
3030 1958 3187 2011 tidem
3209 1975 3365 2014 acce-

131 2019 289 2115 mist};
318 2021 670 2081 ἀπωθοῦνται
703 2028 913 2093 πόλεως
934 2045 948 2060 ⁸
975 2033 1358 2106 εὑρισκόμενοι
1393 2039 1450 2093 δὲ
1477 2040 1536 2093 ιν
1561 2043 1672 2106 ταῖς

1822 2048 1941 2104 unt,
1996 2042 2145 2097 omni
2207 2044 2426 2100 civitate
2481 2046 2768 2115 pellantur.
2818 2047 3026 2102 Inventi
3068 2059 3250 2104 autem
3307 2050 3359 2104 in

130 2109 314 2178 πόλεσι,
345 2113 854 2189 δεπορτατεύονται,
878 2123 996 2194 ἦτοι
1033 2126 1400 2198 ἐξορίζονται.

1778 2132 2115 2198 civitatibus.
2161 2135 2518 2206 deportantur
2553 2140 2667 2194 sive
2693 2142 3143 2207 exterminantur.

194 2202 247 2256 Ὀ
277 2204 419 2275 ἔχων
445 2207 626 2277 βιϐλία
647 2213 982 2285 Μανιχαῖκὰ,
1027 2221 1120 2272 καὶ
1147 2219 1224 2293 μὴ
1253 2223 1506 2295 φανερῶν
1538 2225 1682 2281 αὐτὰ

1853 2222 1966 2294 59
2000 2225 2104 2292 Qui
2136 2202 2567 2284 Manichaeorum
2605 2231 2778 2288 libros
2817 2206 3006 2297 habet,
3037 2241 3092 2286 et
3139 2248 3248 2288 non
3299 2232 3355 2286 in

127 2294 205 2347 ἐπὶ
228 2297 303 2370 τῷ
325 2299 618 2372 καυθῆναι,
645 2310 1000 2378 τιμωρεῖται.
1173 2322 1186 2341 ‘
1397 2294 1400 2295 ν

1779 2318 2139 2388 propatulum
2175 2320 2386 2390 profert
2421 2331 2482 2377 ut
2511 2333 2957 2386 concrementur,
2988 2324 3234 2392 punitur.

160 2385 242 2483 ρί
297 2388 517 2460 ἔχοντες
567 2395 637 2449 τὰ
693 2398 936 2470 Σεϐήρου
996 2405 1410 2478 συγγράμματα
1471 2409 1566 2464 καὶ
1605 2410 1682 2483 μὴ

1854 2411 1960 2476 Qui
1997 2411 2186 2467 Severi
2223 2414 2396 2470 libros
2437 2415 2666 2483 habent,
2706 2427 2762 2471 et
2789 2416 3010 2472 eosdem
3053 2431 3161 2470 non
3203 2430 3357 2472 com-

126 2478 348 2545 καίοντες
379 2483 545 2553 αὐτὰ,
576 2504 660 2558 χει
668 2493 1052 2560 ροκοποῦνται.
1607 2478 1619 2482 ν

1607 2478 1619 2482 ⁷
1669 2478 1680 2483 ’
1782 2500 2015 2568 burunt,
2043 2504 2299 2558 manibus
2336 2478 2688 2560 mutilantur.

126 2591 356 2650 ΚΕΦΔΛ.
398 2596 502 2654 IB'.
534 2602 677 2686 I'Iepl
714 2603 833 2686 τῶν
858 2608 1189 2686 βιοθανῶν,
1213 2612 1356 2682 ἦτοι
1394 2615 1514 2670 τῶν
1539 2617 1667 2672 ἐαυ-

1847 2610 2004 2670 CAP.
2063 2612 2181 2668 XII.
2237 2613 2316 2669 Ds
2373 2618 2441 2671 iis
2489 2616 2581 2684 qui
2630 2618 2734 2671 vim
2783 2617 2890 2671 sibi
2940 2616 3206 2686 inferunt,
3255 2617 3363 2672 sive

559 2673 720 2741 ίτοὺς
749 2673 1185 2746 ἀναιρούντωνξ
1244 2673 1258 2682 ’

1146 2673 1185 2737 ’ξ
1244 2673 1258 2682 ’
2442 2673 2687 2743 ειίὶεἱάίε.

183 2755 616 2845 Τοὺςβιοθανεῖς
670 2765 698 2817 ό
732 2765 1140 2838 Ἀλεξανδρείας
1180 2775 1466 2844 Τιμόθεος,
1522 2781 1580 2833 ἐν
1617 2779 1679 2834 ιδ’

1857 2773 1966 2830 Eos
1997 2776 2093 2845 qui
2135 2792 2244 2831 vim
2292 2778 2396 2832 sibi
2435 2778 2702 2845 inferunt,
2747 2779 3073 2834 Timotheus
3122 2779 3362 2833 Alexan-

125 2851 314 2918 κανόνι,
335 2850 435 2920 τῆς
463 2854 721 2919 εἰωθυίας
751 2858 891 2930 ὑπὲρ
927 2861 1036 2915 τῶν
1067 2864 1314 2920 εὐσεϐῶν
1339 2872 1666 2938 προσφορᾶς,

1821 2870 1977 2925 riuus
2024 2870 2079 2925 in
2120 2871 2208 2926 14.
2258 2887 2384 2927 can.
2422 2873 2628 2928 usitata
2677 2889 2775 2944 pro
2823 2873 2926 2943 piis
2966 2873 3268 2936 oblatione,
3299 2882 3355 2928 et

125 2943 202 2992 καὶ
249 2943 434 3013 εὐχῆς,
487 2947 583 3000 καὶ
634 2943 978 3020 ψαλμῳδὶας,
1031 2956 1256 3027 καὶτῆς
1309 2960 1666 3030 νομιζομένης

1811 2962 2060 3028 ratione,
2087 2973 2141 3018 et
2184 2964 2516 3033 psalmodia,
2549 2973 2604 3020 et
2650 2965 2815 3020 solita
2857 2964 3104 3034 piatione
3144 2963 3352 3033 privari

124 3034 276 3101 ὁσίας,
308 3038 595 3106 στέρεσθαι
635 3042 813 3108 ἁξιοῖο
865 3046 979 3099 ὅσοι
1032 3047 1234 3120 δηλαδὴ
1289 3050 1380 3103 τὸν
1419 3051 1665 3122 λογισμὸι

1822 3052 1936 3108 ibet
1969 3064 2285 3124 :quotquot
2311 3057 2569 3112 videlicet
2599 3071 2732 3111 sana
2779 3055 2992 3110 ratione
3036 3053 3273 3122 praediti,
3307 3062 3363 3108 et

126 3126 238 3194 ὑγιᾶ
259 3133 606 3203 κεκτημένοι,
643 3135 736 3188 καὶ
763 3136 838 3209 μὴ
873 3137 969 3202 τὰς
1001 3140 1204 3211 φρένας
1239 3142 1344 3218 ὑπὸ
1377 3142 1533 3197 νόσου
1578 3162 1667 3197 πα-

1822 3161 1894 3200 on
1928 3162 2040 3217 pra:
2069 3149 2263 3205 morbo
2295 3149 2500 3204 mentis
2522 3159 2750 3218 expotes
2783 3149 2934 3216 facti,
2972 3157 3190 3217 propter
3221 3162 3357 3202 mm-

126 3221 496 3291 ρατραπέντες,
535 3225 623 3280 διὰ
645 3227 821 3300 λύπην
845 3231 878 3303 ἢ
908 3213 1394 3304 μικροψυχίανξὲκ
1422 3235 1608 3306 φόϐου,
1636 3229 1667 3307 ἥ

1815 3213 1989 3304 orem,
2021 3241 2106 3296 vel
2131 3240 2509 3307 timiditatem,
2542 3213 2654 3312 prae
2682 3249 2853 3305 metu,
2879 3239 2965 3292 vel
2992 3237 3356 3294 insultatione

128 3311 366 3386 ιπηρείας
400 3319 740 3389 ἡστινοσοῦν,
774 3323 1002 3390 ἑαυτοὺς
1035 3327 1449 3400 διεχειρίσαντο.

1699 3311 1740 3322 “
1776 3343 2130 3402 quacunque,
2156 3331 2264 3388 sibi
2301 3348 2500 3388 manus
2529 3331 2804 3387 violentas
2826 3329 3138 3385 intulerint.

449 3467 452 3472 .
771 3419 992 3488 Νόμος.

2492 3423 2624 3478 Lex.

197 3500 253 3556 '0
284 3503 469 3560 ἑαυτὸν
491 3507 722 3578 ἀνελὼν,
755 3512 788 3587 ἢ
815 3512 1024 3568 ἀνελεῖν
1052 3515 1429 3588 ἐπιχειρήσας,
1459 3513 1547 3572 διὰ
1585 3517 1679 3586 φό-

1849 3520 1954 3588 Qui
1984 3517 2090 3575 sibi
2131 3527 2370 3573 mortem
2415 3515 2707 3579 conscivit.
2751 3522 2846 3569 aut
2879 3512 3228 3570 consciscere
3260 3526 3357 3566 co-

125 3589 212 3646 ϐον
251 3596 589 3670 ἐγκλήματος
641 3605 738 3657 καὶ
770 3606 847 3676 μὴ
879 3607 970 3660 διὰ
1017 3610 1194 3675 νόσον,
1239 3612 1563 3681 τιμωρεῖται
1602 3609 1666 3674 ὡς

1818 3621 1943 3668 atus
1974 3607 2079 3676 es't,
2109 3618 2333 3680 propter
2367 3607 2622 3662 criminis
2649 3615 2882 3672 melum,
2916 3613 2972 3660 et
2996 3621 3104 3659 non
3133 3613 3359 3674 propter

125 3685 312 3744 ἀνελὼν
339 3690 547 3764 ἓτερον,
583 3697 680 3751 καὶ
709 3699 742 3768 ἡ
789 3699 947 3754 οὐσία
975 3700 1143 3757 αὑτοῦ
1173 3702 1492 3775 δημεύεται.

1821 3704 2067 3776 uerbum,
2115 3700 2370 3771 punitur,
2438 3709 2499 3752 ut
2560 3697 2656 3767 qui
2711 3697 2884 3752 alium
2951 3693 3249 3761 interfecit,
3306 3702 3362 3749 et

1779 3793 2094 3852 substantia
2121 3791 2242 3860 ejus
2278 3789 2618 3860 publicatur.

429 3871 684 3927 ΚΕΦΑΛ.
715 3872 816 3930 Il".
859 3857 1000 3944 Περὶ
1031 3876 1353 3941 βισέκτου.

2082 3857 2234 3937 CAP.
2276 3857 2418 3934 ἂιιιι.
2465 3879 2538 3932 De
2585 3893 2726 3932 anno
2758 3876 3041 3932 bissextili.

194 3957 260 4011 Τὸ
288 3960 377 4014 τοῦ
393 3962 692 4027 ,ϐισέκτου
727 3965 900 4038 ὄνομα
950 3967 1259 4038 Ῥωμαϊκόν
1315 3971 1453 4037 ἐστι,
1483 3969 1680 4039 δηλοῦν

1853 3976 2148 4029 Βίσεκστον
2192 3972 2388 4026 Latina
2433 3987 2537 4026 vox
2568 3978 2675 4038 est,
2706 3969 3029 4040 signiﬁcans
3077 3968 3162 4024 bis
3207 3981 3347 4023 sex:

127 4050 181 4104 τὸ
210 4051 279 4115 δὶς
308 4053 365 4120 ἐξ
385 4069 400 4085 ⁸
433 4056 492 4108 αἱ
521 4056 630 4126 γὰρ
667 4054 982 4128 Ῥωμαϊκαὶ
1021 4059 1192 4126 λέξεις
1225 4061 1346 4113 ἀντὶ
1373 4046 1468 4114 τοῦ
1491 4065 1519 4114 δ
1553 4062 1613 4114 τὸ
1647 4061 1668 4131 β

1806 4084 1945 4127 νοοεε
1975 4067 2120 4123 enim
2159 4065 2368 4121 Latinae
2402 4064 2680 4134 accipiunt
2727 4062 2766 4115 Β
2805 4077 2904 4131 pro
2941 4061 3004 4114 ι).
3057 4060 3132 4114 Ita
3165 4069 3347 4113 autem

128 4145 609 4218 προσλαμϐάνουσι.
626 4149 858 4218 Λέγεται
887 4151 942 4204 δὲ
965 4151 1130 4218 οὕτω,
1153 4151 1242 4207 διὰ
1269 4152 1327 4206 τδ
1349 4153 1430 4217 δὶς
1455 4153 1516 4220 ἓξ
1537 4149 1669 4208 εἶναι

1812 4165 2008 4228 Licitur,
2048 4159 2193 4232 quod
2226 4159 2345 4214 dies
2385 4167 2440 4213 et
2478 4171 2586 4212 nox
2623 4154 2929 4210 Februario
2971 4153 3192 4217 additae,
3237 4151 3353 4206 sin-

129 4234 218 4298 τὰς
240 4235 375 4306 ὧρας
401 4239 500 4308 τῆς
521 4239 960 4313 προστιθεμένης
980 4243 1192 4315 ἡμέρας
1213 4243 1291 4314 τῷ
1308 4245 1670 4318 Φεϐρουαρίῳ1

1813 4257 1924 4318 :ula:
1962 4255 2047 4310 bis
2101 4268 2197 4308 sex
2245 4251 2409 4306 horas
2461 4249 2808 4312 contineant,
2851 4246 2946 4317 qui
2976 4247 3199 4316 quidem
3237 4242 3354 4298 dies

127 4328 211 4380 καὶ
234 4329 308 4392 δὶς
336 4331 393 4396 ἓξ
417 4333 518 4403 τῆς
542 4333 761 4400 νυκτὸς,
793 4334 916 4405 ἥτις
945 4339 1090 4389 κατὰ
1122 4339 1442 4408 τετραετίαν
1489 4339 1668 4393 εἴωθει

1813 4356 1985 4417 ψει-ιο
2017 4345 2267 4416 quolibet
2309 4359 2454 4398 anno
2495 4341 2686 4412 perlici
2717 4340 2949 4405 solebat,
2990 4347 3187 4408 quarta
3237 4333 3354 4389 diei

130 4417 527 4488 ἀπαρτίζεσθαι,
556 4421 649 4474 τοῦ
687 4424 1097 4493 περιττεύοντος
1123 4428 1558 4499 τεταρτημορέου
1585 4427 1671 4499 τῆς

1814 4449 1964 4501 .arte,
1993 4453 2114 4508 qua:
2144 4436 2378 4508 singulis
2408 4435 2571 4490 annis
2588 4434 2908 4498 excedebat,
2929 4441 3060 4487 tunc
3088 4440 3355 4500 temporis

130 4508 318 4580 ἡμέρας
346 4513 470 4566 καθ’
494 4513 726 4568 ἕκαστον
755 4516 1000 4569 ἐνιαυτὸν
1033 4517 1116 4580 εἰς
1139 4516 1272 4586 μίαν
1299 4519 1512 4590 ἡμέραν
1536 4533 1671 4591 τηνι-

1812 4553 1844 4590 n
1894 4551 2062 4589 unum
2093 4534 2237 4588 diem
2282 4532 2629 4601 composita;
2687 4529 2792 4585 iste
2835 4537 3016 4583 autem
3055 4524 3353 4581 Februario

137 4599 290 4653 καῦτα
324 4601 737 4674 συντιθεμένου,
775 4605 901 4676 ἣτις
952 4606 1046 4660 καὶ
1085 4609 1437 4678 προστίθεται
1487 4611 1564 4680 τῷ
1591 4613 1678 4666 Φε-

1818 4625 2076 4696 ιίιξίοἱιυτ,
2131 4632 2188 4678 et
2247 4599 2445 4679 exinde
2490 4620 2553 4676 lit
2582 4619 2728 4692 quod
2763 4619 2882 4675 dies
2917 4617 3116 4673 habeat
3161 4614 3254 4683 ‘29,
3302 4624 3359 4670 et

129 4687 394 4763 ϐρουιρίῳ,
433 4693 508 4756 ὡς
544 4691 688 4749 εἶναι
739 4697 837 4759 τὰς
885 4698 1078 4752 τούτου
1127 4700 1345 4772 ἡμέρας
1373 4697 1479 4769 κθ¹,
1503 4703 1604 4768 τὰς
1629 4705 1685 4758 δὲ
1721 4687 1749 4689 _
1788 4687 1964 4774 annus
1997 4715 2122 4772 366.

128 4780 207 4833 τοῦ
236 4785 480 4839 ἐνιαυτοῦ
516 4787 733 4858 ἡμέρας
761 4789 906 4857 τξς·’.

186 4873 378 4948 Συνέϐη
404 4878 462 4930 δὲ
496 4880 674 4951 τούτῳ
702 4885 797 4935 καὶ
835 4883 1133 4955 ἀλλαχόθεν
1173 4885 1272 4958 τὴν
1306 4891 1680 4962 προσηγορίαν

1853 4894 2096 4966 Contigit
2155 4901 2419 4964 praeterea
2469 4889 2889 4962 appellationem
2945 4889 3087 4942 hanc
3131 4887 3355 4944 aliunde

129 4965 304 5038 ταύτην
351 4969 558 5026 λαϐεῖν.
617 4971 711 5036 Εἰς
755 4973 884 5047 τρία
911 4976 1133 5048 διῄρουν
1160 4981 1210 5032 οἱ
1270 4980 1538 5050 Ῥωμαῖοι
1570 4983 1670 5037 τῶν

1811 4965 2292 5046 lesumi.Romani
2323 4985 2596 5040 mensium
2630 4983 2748 5037 dies
2787 4972 2848 5036 in
2877 4981 2982 5037 tria
3018 4981 3352 5042 diviserunt.

136 5060 295 5127 μηνῶν
316 5063 411 5126 τὰς
451 5063 665 5136 ἡμέρας
689 5081 701 5095 ·
735 5068 830 5120 καί
851 5067 950 5130 τὰς
987 5069 1086 5138 μὲν
1133 5069 1427 5142 ὠνόμαζον
1483 5073 1677 5127 καλάν-

1807 5080 1922 5136 dios
1949 5077 2254 5142 Kalendas,
2312 5076 2452 5132 alios
2506 5075 2716 5140 Nonas,
2755 5075 2895 5130 alios
2927 5091 3055 5131 vero
3084 5075 3212 5130 Idus
3247 5087 3348 5129 no-

132 5145 209 5210 δας
226 5165 240 5179 ο
269 5153 362 5216 τὰς
381 5153 460 5220 δὲ,
487 5155 679 5219 νόννας
699 5173 714 5190 ·
747 5157 845 5222 τὰς
865 5158 943 5226 δὲ,
967 5160 1162 5228 εἰδοὺς,
1181 5163 1290 5216 ἀπό
1317 5179 1480 5218 τινων
1505 5165 1673 5234 τριῶν

1810 5171 2082 5235 ninautes,
2115 5184 2144 5223 a
2172 5169 2348 5224 tribus
2376 5168 2700 5238 proceribus
2725 5166 2992 5223 Romanis
3028 5168 3110 5224 sic
3145 5169 3351 5232 (ἤρισε,

140 5237 402 5309 Ῥωμαίων
435 5245 781 5317 εὐπατριδῶν
830 5249 972 5303 οὕτω
1010 5250 1326 5321 κληθείσας,
1363 5254 1422 5306 ὲν
1461 5257 1674 5325 καιροῖς

1808 5262 1873 5330 tui
1898 5261 1953 5315 in
1988 5260 2154 5316 famis
2177 5237 2520 5330 temporibus
2541 5259 2820 5316 Romanos
2849 5261 3187 5316 «nutriebant.
3236 5259 3349 5316 Ka-

133 5327 295 5402 λοιμοῦ
328 5335 643 5406 θρεψάντων
663 5341 791 5404 τοὺς
818 5341 876 5394 ὲν
901 5343 967 5412 τῇ
1010 5342 1220 5416 Ῥώμῃ.
1259 5345 1370 5398 Καὶ
1415 5346 1674 5402 καλάνδαι

1806 5327 1952 5408 end-ar
1970 5354 2037 5423 ab
2051 5354 2120 5409 iis
2135 5327 2460 5418 dictaa'sunt,
2479 5368 2619 5422 quas
2633 5351 2807 5408 Graaci
2831 5354 3111 5408 novilunia
3131 5361 3347 5419 vocant,

136 5421 218 5490 μὲν
267 5427 511 5498 ἐλέγοντο
557 5432 688 5502 παρ’
723 5432 908 5497 αὐτοῖς
939 5434 996 5486 αί
1050 5436 1179 5506 παρ’
1209 5436 1439 5507 Ἕλλησι
1470 5453 1674 5510 νουμη-

1807 5462 1965 5502 nense
1987 5421 2206 5510 Martio,
2239 5445 2403 5508 Maio,
2428 5421 2576 5501 Julio
2621 5456 2676 5502 et
2707 5445 2955 5513 Octobri,
2994 5463 3025 5501 a
3053 5447 3232 5517 primo
3260 5447 3348 5502 die

133 5513 253 5567 νίαιο
287 5519 374 5573 ἐπὶ
408 5520 507 5590 μὲν
536 5521 783 5592 Μαρτίου
815 5526 910 5578 καὶ
958 5527 1161 5593 Μαΐου,
1209 5527 1434 5581 Ἰουλίου
1467 5545 1527 5582 τε
1574 5529 1673 5582 καὶ

1815 5553 1947 5609 sque
1963 5539 2028 5594 ad
2049 5539 2364 5607 septimum,
2379 5538 2497 5595 dies
2513 5549 2696 5595 autem
2712 5540 2958 5612 proxime
2972 5549 3264 5611 sequentes
3277 5539 3348 5592 ad

143 5603 471 5683 Ὀκτωϐρίου,
507 5615 614 5670 ἀπὸ
667 5617 766 5683 τῆς
829 5617 1052 5690 πρώτης
1084 5620 1249 5691 μέχρι
1296 5622 1393 5692 τῆς
1423 5619 1466 5685 ζ’
1488 5637 1506 5654 ⁶
1537 5623 1592 5675 αἱ
1613 5622 1671 5676 δὲ

1812 5603 2036 5685 v-Notta:
2055 5615 2406 5695 dicebantur,
2438 5631 2635 5702 reliqui
2670 5647 2800 5688 vero
2819 5633 2968 5689 Idus.
3002 5629 3058 5686 In
3089 5631 3350 5686 omnibus.

138 5699 235 5795 μετ’
257 5705 418 5771 αὑτὰς
448 5709 610 5773 εὐθὺς
647 5709 896 5778 λέγονται
925 5712 1126 5782 νόνναι,
1163 5714 1326 5785 μέχρι
1367 5717 1467 5787 τῆς
1496 5715 1579 5783 ιε’,
1611 5717 1666 5770 αἱ

1813 5737 1903 5777 ero
1933 5721 2162 5793 reliquis
2191 5723 2473 5781 mensibus
2515 5723 2698 5780 Nonas
2737 5741 2767 5780 a
2795 5725 2990 5795 quinto
3019 5723 3224 5779 mensis
3255 5721 3354 5778 die

135 5787 182 5885 δξ
203 5791 390 5866 λοιπαὶ,
415 5801 564 5857 εἰδοί.
593 5801 737 5856 “Ἐπ“ι
765 5803 821 5859 δὲ
849 5805 957 5859 τῶν
988 5805 1162 5860 ἄλλων
1187 5808 1404 5862 πάντων
1460 5808 1664 5880 μηνῶν,

1813 5787 2154 5880 umerabaut,
2177 5813 2304 5869 ldus
2330 5830 2461 5871 vero
2479 5830 2508 5870 a
2540 5832 2661 5872 xm.
2683 5787 2912 5885 Propter
2932 5815 3076 5870 hanc
3109 5815 3354 5884 inseque»

137 5878 220 5944 τὰς
251 5885 343 5953 μὲν
372 5893 557 5956 νόννας
582 5894 690 5949 ἀπὸ
727 5894 829 5965 τῆς
854 5893 894 5950 ε’
917 5896 1103 5966 ἔλεγον
1131 5896 1224 5952 τοῦ
1263 5878 1578 5969 μηνὸςηὰς
1607 5899 1664 5954 δὲ

1813 5914 1975 5961 tatem
2054 5915 2314 5965 sacerdos
2385 5908 2619 5980 singulis
2693 5907 2991 5964 noviluniis
3071 5909 3347 5982 populum
