3902 6552
541 341 680 413 i159

1728 363 2103 426 ΜΛΤΤΙΙιΕΙ
2146 366 2577 434 BLASTARIS

3647 387 3763 456 nn

534 465 724 521 tertias
747 466 952 535 optavit
983 469 1236 540 nuptias;
1285 484 1660 546 consuetaque
1720 494 1876 549 paena
1939 498 2095 538 reme-

2218 490 2552 564 συγγνώμης
2602 492 2870 560 ἀξιοῦται,
2929 497 3000 551 δι’
3049 497 3242 569 ἔφεσιν
3300 503 3640 569 παιδοποιΐας
3695 513 3768 564 τὸν

531 553 683 609 dium
711 555 759 610 ei
787 557 1098 626 adhibetur,
1136 569 1196 616 ut
1243 563 1418 620 tribus
1464 567 1624 623 anuis
1651 584 1680 622 a
1723 574 2113 630 communione

533 658 806 706 arceatur.
1415 727 1446 760 .

1101 893 1178 949 De
1229 895 1548 967 polygomt's.

603 999 792 1057 Conon
823 1003 856 1058 3
905 1018 1024 1087 syn.
1073 1005 1382 1062 Neocaesar.
1410 1049 1425 1072 ,
1469 1010 1544 1065 De
1575 1010 1662 1078 iis,
1689 1013 1888 1084 inquit,
1931 1018 2024 1087 qui
2059 1019 2113 1074 in

531 1095 716 1164 plures
749 1096 968 1164 nuptias
989 1085 1256 1164 incidunt,
1281 1110 1339 1154 ιιι
1372 1101 1509 1156 ultra
1537 1112 1649 1157 tres
1674 1085 2114 1175 progrediantur.

533 1193 748 1254 tempus
769 1186 987 1255 quidem
1015 1189 1378 1257 praestitutum
1409 1193 1762 1249 manifestum
1791 1207 1892 1251 est.
1917 1199 1987 1254 At
2019 1215 2104 1254 re-

530 1293 657 1332 vera
684 1277 1034 1333 manifestum
1067 1295 1177 1335 non
1208 1291 1312 1347 est,
1370 1267 1498 1338 cum
1558 1301 1719 1340 nemo
1757 1304 1822 1341 ex
1873 1291 2114 1360 antiquis

530 1370 783 1424 Patribus
812 1371 943 1425 illud
976 1373 1328 1428 manifestum
1364 1375 1576 1435 fecerit.
1625 1377 1730 1434 Sed
1775 1381 2113 1452 resipiscen-

528 1465 692 1530 tium,
722 1465 919 1535 inquit,
962 1464 1097 1520 fides
1147 1475 1201 1521 et
1233 1469 1518 1524 conversio
1562 1480 1780 1542 tempus
1814 1477 2108 1532 contrahit.

600 1667 868 1718 Caeterum
890 1665 1135 1721 eruditus
1159 1667 1249 1721 ille
1275 1667 1328 1720 in
1354 1669 1608 1724 omnibus
1635 1669 1891 1737 Basilius,
1925 1682 2114 1729 octua-

529 1757 737 1825 gesimo
761 1771 977 1812 canone
1012 1773 1112 1812 suo
1141 1797 1156 1823 ,
1211 1754 1558 1828 Nuptiarum'
1589 1764 1984 1833 pluralitatem,
2022 1768 2109 1821 in-

529 1847 668 1916 quit,
735 1847 936 1903 silentii
989 1848 1222 1919 caligine
1292 1849 1480 1906 Patres
1537 1852 1882 1918 obvelarunt.
1946 1857 2108 1912 veluti
2146 1844 2184 1899 Β

527 1939 811 1996 bestialem
874 1951 930 1997 et
989 1942 1222 1998 alienam
1281 1944 1350 1998 ab
1405 1946 1631 2001 honesta
1689 1950 2111 2008 consuetudine.

524 2032 692 2088 Nobis
717 2046 899 2090 autem
937 2035 1002 2090 ad
1030 2035 1272 2091 animum
1305 2038 1528 2104 accidit,
1589 2040 1696 2094 hoc
1727 2051 1831 2108 est,
1893 2042 2110 2099 videtur

524 2137 579 2181 et
606 2126 784 2196 placet
808 2127 1018 2195 judicio
1049 2136 1260 2193 nom-0,
1319 2130 1492 2198 magis
1525 2130 1668 2186 hanc
1704 2133 2104 2205 castigandam,

524 2231 688 2287 quam
714 2219 888 2287 ipsam
925 2221 1340 2275 scortationem.
1379 2221 1443 2276 Et
1472 2225 1793 2293 nuptiarum
1820 2227 2106 2297 pluralitas

520 2321 625 2374 est,
665 2326 772 2364 non
801 2327 927 2366 cum
962 2312 1154 2368 multis
1207 2313 1524 2383 promiscue
1558 2331 1674 2371 rem
1726 2317 1950 2385 habere,
2006 2319 2103 2376 sed

520 2403 770 2459 eumdem
804 2405 984 2474 plures
1015 2421 1212 2461 uxores
1266 2407 1489 2475 ducere,
1543 2409 1669 2465 licet
1711 2427 1820 2466 non
1885 2427 1995 2468 una
2048 2422 2104 2468 et

519 2497 712 2550 eadem
747 2498 884 2552 vice.
915 2497 1050 2552 Nam
1082 2502 1286 2568 nuptiae
1311 2515 1420 2554 non
1467 2509 1680 2557 tantum
1722 2513 1850 2559 sunt
1896 2519 2104 2561 concu-

517 2587 666 2644 bitus
706 2603 830 2644 cutn
869 2590 1116 2657 muliere,
1152 2593 1296 2648 sicut
1355 2595 1548 2666 vulgus
1607 2596 1890 2652 hominum
1948 2598 2128 2668 loqui-

515 2680 677 2743 solet.
738 2681 830 2736 sed
873 2683 1197 2752 coniunctio
1260 2687 1429 2743 maris
1473 2699 1526 2742 et
1560 2687 1778 2744 feminae
1812 2698 1866 2744 et
1911 2691 2099 2748 omnis

513 2772 641 2826 vita:
667 2773 1028 2841 consortium,
1071 2778 1243 2832 divini
1275 2788 1330 2833 et
1359 2780 1581 2834 humani
1612 2781 1755 2851 juris
1784 2783 2097 2837 communi-

515 2863 683 2928 catio,
719 2865 1182 2932 quemadmodum
1227 2868 1372 2937 leges
1407 2870 1654 2925 tradunt.
1686 2869 1806 2927 Non
1847 2873 1990 2928 enim
2027 2888 2096 2929 ex

513 2953 906 3025 conjunctione
926 2957 1195 3014 duntaxat
1216 2974 1608 3031 agnoscuntur,
1627 2979 1816 3018 verum
1841 2968 2005 3044 etiam
2032 2983 2095 3022 ex

513 3047 728 3102 illorum
753 3048 1058 3114 alfectione,
1075 3052 1182 3123 65
1197 3055 1290 3123 qui
1318 3068 1726 3112 contraxerunt.
1752 3058 1892 3113 Dicit
1910 3069 2093 3114 autem

511 3137 827 3205 nuptiarum
859 3140 1228 3209 pluralitatem
1256 3160 1286 3199 a
1315 3143 1570 3201 Patribns
1599 3147 1816 3202 silentio
1842 3151 2086 3219 praeteri~

509 3236 644 3292 tam,
677 3229 802 3298 quia
829 3231 1022 3286 tertias
1072 3233 1291 3303 quidem
1327 3237 1544 3307 nuptias
1592 3239 1678 3293 lex
1713 3241 1998 3308 agnoscit;
2030 3252 2088 3297 at

508 3334 699 3373 eorum
742 3321 1026 3391 pluralitas
1058 3335 1172 3380 tum
1209 3327 1444 3398 legibus.
1491 3339 1606 3383 tum
1653 3333 1960 3388 canonibus
2007 3344 2092 3389 est

505 3412 786 3480 prohibita
848 3414 1042 3470 Omnis
1097 3418 1242 3472 enim
1300 3429 1614 3476 contractus
1643 3423 2090 3488 matrimonialis,

505 3499 602 3568 qui
663 3501 878 3556 tertiam
939 3504 1255 3573 nuptiarum
1301 3506 1437 3562 fines
1497 3510 1716 3572 transit,
1772 3513 2087 3582 nuptiarum

503 3592 796 3658 pluralitas
821 3595 963 3648 haud
995 3596 1165 3652 dubio
1194 3597 1414 3654 dicitur.
1456 3599 1715 3657 Eamdem
1755 3605 2090 3662 scortatione

503 3685 748 3753 peiorem
785 3702 896 3741 non
924 3689 1022 3744 abs
1049 3705 1106 3744 re
1167 3694 1563 3761 pronuntiavit.
1607 3694 1744 3750 Nam
1803 3697 1898 3766 qui
1939 3713 2091 3754 scor-

507 3782 657 3827 tatur
682 3775 735 3828 in
770 3791 828 3830 se
868 3777 1043 3832 solum
1085 3779 1296 3836 facinus
1323 3783 1423 3838 hoc
1449 3784 1710 3854 admittit,
1742 3786 1872 3842 dum
1897 3801 2091 3858 sponte

505 3881 608 3919 sua
641 3877 815 3921 semet
844 3867 900 3922 in
923 3870 1241 3940 voraginem
1272 3873 1716 3945 intemperantiae
1744 3879 2085 3950 praecipitat;

501 3957 596 4024 qui
632 3971 760 4010 vero
791 3968 1016 4026 quartas
1061 3972 1156 4014 aut
1184 3961 1406 4029 qnintas
1460 3966 1798 4020 contraxerit
1846 3967 2087 4036 nuptias,

499 4057 552 4102 et
580 4063 766 4103 sacros
798 4063 1038 4106 canones
1073 4091 1088 4118 ,
1129 4051 1226 4122 qui
1290 4067 1385 4109 eas
1435 4055 1747 4124 prohibent,
1786 4060 2086 4126 proculcat,

500 4151 553 4196 et
593 4156 883 4210 germanos
906 4157 1035 4200 suos
1067 4143 1271 4201 liberos
1302 4145 1467 4202 afﬁcit
1521 4147 1747 4218 injuria,
1784 4149 1914 4204 dum
1945 4165 2090 4222 prae-

501 4249 588 4288 ter
618 4249 715 4290 eos
753 4236 917 4290 etiam
978 4237 1198 4306 suprios
1241 4251 1520 4309 procreat.
1610 4239 1904 4313 Propterea
1965 4252 2089 4314 post

500 4325 676 4395 ipsius
709 4327 975 4386 facinoris
1021 4331 1402 4400 amissionem,
1455 4344 1508 4391 et
1536 4351 1722 4391 veram
1785 4336 2089 4394 confessio-

497 4435 646 4487 nem,
702 4421 822 4477 vult
865 4422 1031 4478 etiam
1080 4426 1307 4495 gravius
1340 4426 1491 4497 ipsos
1542 4429 1747 4495 puniri,
1788 4446 1952 4498 quam
1989 4433 2085 4501 qui

2218 582 2402 651 τρίτον
2436 585 2617 654 γάμον
2649 587 2997 659 αἱρούμενος,
3026 594 3122 646 καὶ
3148 594 3227 664 τῷ
3255 597 3483 667 συνήθει
3523 599 3766 673 ἐπιτιμίῳ

2217 674 2691 747 θεραπευθήσεται
2717 719 2732 745 ,
2767 680 2860 735 ἐπὶ
2901 686 3049 755 τρισὶ
3090 686 3306 755 χρόνοις
3356 687 3460 760 τῆς
3507 696 3767 762 κοινωνίας

2215 765 2556 837 εἰργόμενος.

2734 901 2875 1002 Περὶ
2907 934 3295 1008 talin-ditur.

2299 1046 2361 1100 ’0
2408 1045 2510 1114 τῆς
2545 1049 2602 1102 ἐν
2645 1049 3058 1126 Νεοκαισαρείᾳ
3088 1054 3312 1108 συνόδου
3359 1053 3543 1127 τρίτος
3588 1061 3763 1127 κανὼν,

2216 1137 2356 1208 Περὶ
2385 1140 2495 1193 τῶν
2524 1139 2825 1206 πλείστοις,
2849 1144 3010 1214 φησι,
3033 1144 3232 1216 γάμοις
3261 1151 3682 1218 περιπεσόντων,
3703 1153 3763 1217 ὡς

2217 1235 2312 1284 καὶ
2339 1231 2440 1301 τῆς
2473 1235 2780 1304 τριγαμίας
2806 1235 3095 1305 προελθεῖν
3116 1240 3453 1310 περαιτέρω,
3482 1243 3510 1295 ό
3537 1244 3633 1313 μὲν
3649 1245 3764 1316 dipt-

2217 1325 2416 1395 σμένος
2447 1326 2642 1397 χρόνος
2672 1329 2852 1399 σαφής
2875 1345 2891 1362 ο
2929 1330 2978 1382 εί
3014 1332 3108 1386 καὶ
3149 1333 3398 1404 ἀτεχνῶς
3429 1336 3662 1406 ἀσαφὴς,
3699 1340 3763 1409 μή

2213 1432 2367 1478 τινος
2397 1417 2506 1470 τῶν
2537 1418 2912 1490 παλαιοτέρων
2935 1421 3300 1492 δηλώσαντος.
3321 1425 3386 1478 Ἦ
3414 1426 3472 1479 δέ
3493 1428 3666 1492 πίστις
3687 1435 3767 1484 καὶ

2215 1511 2248 1580 ἡ
2279 1511 2596 1582 ἀναστροφὴ
2629 1512 2738 1566 τῶν
2769 1513 3183 1586 μετανοούντων
3220 1520 3540 1591 συντέμνειν
3557 1517 3660 1576 οίδε
3689 1524 3766 1577 τὸν

2215 1603 2426 1672 χρόνον,
2458 1607 2613 1674 φησί.

2304 1696 2358 1748 '0
2388 1696 2444 1750 δὲ
2477 1698 2545 1751 τὰ
2593 1699 2778 1754 πάντα
2835 1704 3000 1772 σοφὸς
3061 1703 3361 1772 Βασίλειος,
3395 1707 3456 1760 ἐν
3490 1708 3568 1780 τῷ
3607 1714 3657 1763 π’
3683 1727 3766 1764 κα·

2215 1785 2350 1854 νόνι,
2394 1789 2508 1860 Τὴν
2555 1792 2903 1866 πολυγαμίαν
2951 1798 3002 1850 oi
3054 1799 3322 1869 Πατέρες,
3369 1803 3530 1870 φησι,
3557 1803 3639 1874 ,τῷ
3680 1806 3767 1872 τῆς

2214 1881 2459 1951 ἀφασίας
2488 1887 2872 1958 συνεκάλυψαν
2897 1890 3102 1955 σκότει,
3135 1887 3227 1946 οἷα
3252 1893 3526 1964 κτηνώδη,
3560 1895 3648 1948 καὶ
3679 1899 3765 1966 τῆς

2212 1974 2563 2047 ἀνθρωπίνης
2592 1979 2915 2035 ἀπεοικυῖαν
2940 1983 3237 2054 διαγωγῆς.
3256 1985 3420 2056 Ἡμῖν
3443 1987 3500 2042 δὲ
3523 1987 3765 2058 παρίστα-

2209 2087 2321 2138 ται,
2357 2073 2479 2144 ἦτοι
2508 2074 2657 2128 δοκεῖ
2696 2079 2789 2130 καὶ
2816 2077 3084 2148 κρίνεται,
3124 2079 3288 2156 πλέον
3333 2080 3368 2152 ἢ
3399 2079 3500 2154 τὴν
3530 2085 3761 2154 πορνείαν

2208 2168 2416 2238 ταύτην
2445 2169 2776 2235 κολάζεσθαι
2796 2189 2811 2205 '
2841 2174 3161 2244 πολυγαμία
3201 2175 3260 2230 δέ
3290 2176 3444 2230 ἐστιν
3474 2177 3538 2231 οὐ
3563 2179 3621 2232 τδ
3648 2179 3761 2232 πολ-

2207 2263 2326 2328 λαῖς
2344 2265 2654 2340 ἀδιαφόρως
2674 2269 2996 2340 μίγνυσθαι,
3017 2271 3154 2326 ἀλλὰ
3173 2273 3238 2326 τὸ
3258 2272 3460 2338 πολλὰς
3479 2275 3758 2343 ἀγαγέσθαι

2205 2359 2299 2412 τὸν
2328 2360 2515 2425 αὐτὸν,
2559 2362 2610 2415 εί
2653 2363 2750 2416 καὶ
2791 2363 2868 2435 μὴ
2894 2365 3113 2433 ἀθρόον.
3134 2367 3350 2437 ΥΓάμος
3381 2368 3493 2438 γὰρ
3517 2369 3578 2422 οὐ
3597 2370 3652 2423 τὺ
3675 2388 3753 2437 γυ-

2205 2455 2356 2508 ναικὶ
2385 2455 2774 2528 συμφθαρῆναι
2801 2457 2963 2528 μόνον
2980 2461 3098 2513 ἐστὶ
3117 2459 3258 2514 κατὰ
3292 2461 3644 2533 κυδαιοτέραν
3664 2461 3758 2516 διά-

2203 2547 2418 2613 λεκτον,
2445 2548 2562 2605 ἀλλ’
2581 2551 2774 2618 ἀνδρὸς
2795 2551 2892 2607 καὶ
2919 2553 3181 2623 γυναικδς
3214 2555 3506 2626 συνάφεια,
3537 2556 3626 2609 καὶ
3646 2573 3759 2622 συγ.

2203 2643 2482 2715 κλήρωσις
2518 2646 2615 2700 τοῦ
2657 2645 2775 2716 βίου
2805 2648 3008 2711 παντὸς
3039 2648 3186 2703 θείου
3217 2665 3280 2703 τε
3313 2649 3407 2702 καὶ
3435 2650 3757 2718 ἀνθρωπίνου

2199 2738 2412 2794 δικαίου
2443 2738 2718 2804 κοινωνία,
2747 2739 2824 2804 ὡς
2843 2740 2894 2793 οί
2928 2740 3085 2810 νόμοι
3106 2741 3543 2813 διαγορεύουσιν.
3574 2743 3643 2796 Uti
3665 2743 3754 2812 γὰρ

2200 2830 2310 2883 ἀπὸ
2337 2829 2509 2900 μόνης
2538 2829 2641 2892 τῆς
2672 2832 2974 2900 συναφείας
3006 2832 3361 2901 γινώσκεται,
3388 2835 3526 2888 ἀλλὰ
3559 2836 3646 2888 καὶ
3664 2835 3756 2887 ἀπὸ

2199 2923 2304 2994 τῆς
2325 2923 2619 2986 διαθέσεως
2637 2923 2747 2978 τῶν
2771 2926 3248 2992 συναλλαξάντων.
3265 2928 3755 2999 ’Δποσεσιωπῆσθαι

2198 3017 2253 3072 δέ
2295 3034 2428 3086 φασι
2457 3019 2571 3081 τοῖς
2601 3018 2903 3089 Πατράσιν,
2933 3019 3017 3073 ὅτι
3041 3022 3074 3090 ή
3099 3021 3197 3089 μὲν
3231 3024 3504 3093 τριγαμία
3527 3023 3605 3095 τῷ
3624 3023 3754 3093 νόμῳ

2197 3110 2651 3180 ἐπιγινώσκεται,
2685 3113 2718 3181 ὴ
2748 3113 2803 3166 δὲ
2835 3114 3153 3184 πολυγαμία
3191 3117 3286 3169 καὶ
3315 3119 3428 3182 τοῖς
3463 3121 3644 3190 νόμοις
3671 3119 3752 3173 καὶ

2109 3193 2156 3252 c
2197 3209 2311 3274 τοῖς
2336 3208 2558 3263 κανόσιν
2597 3208 2922 3280 ἀπείρηται.
2958 3211 3072 3263 [liv
3104 3212 3213 3280 γὰρ
3245 3212 3621 3284 συνάλλαγμα,
3648 3217 3751 3274 τοὺς

2195 3302 2354 3373 ὅρους
2382 3300 2713 3372 ὑπερϐαῖνον
2740 3305 2841 3372 τῆς
2875 3305 3195 3376 τριγαμίας,
3228 3305 3550 3376 πολυγαμία
3594 3307 3749 3375 σαφῶς

2193 3392 2561 3464 ὀνομάζεται·
2607 3394 2705 3450 καὶ
2751 3395 2855 3462 τῆς
2889 3396 3150 3466 πορνείας
3185 3396 3244 3450 δὲ
3291 3396 3486 3469 εῐρηκε
3531 3399 3746 3469 χείρονα,

2194 3490 2288 3541 καὶ
2320 3487 2465 3556 μάλα
2488 3487 2740 3552 είκότως.
2766 3487 2829 3544 '0
2865 3487 2963 3557 μὲν
2993 3490 3100 3561 γὰρ
3132 3489 3435 3560 πορνεύων,
3469 3493 3552 3556 είς
3581 3491 3746 3546 ιαυτδν

2197 3582 2357 3650 μόνον
2403 3581 2504 3653 τὴν
2539 3583 2754 3636 ἀδικίαν
2803 3585 3147 3654 προϊστησιν,
3179 3585 3360 3640 ἑκοντὶ
3397 3585 3477 3655 τῷ
3513 3586 3742 3659 βαράθρῳ

2192 3674 2290 3743 τῆς
2321 3673 2618 3736 ἀκολασίας
2643 3673 2833 3729 ἑαυτὸν
2861 3676 3222 3748 ὲπιρρίπτων.
3240 3678 3300 3730 '0
3324 3676 3383 3732 δὲ
3409 3677 3452 3731 δ’
3475 3677 3510 3750 ἢ
3535 3677 3578 3731 ε’
3595 3679 3744 3748 γάμον

2190 3767 2354 3837 δῆθεν
2388 3766 2568 3833 ἐαυτῷ
2602 3767 2958 3836 συναλλάεας,
2991 3771 3340 3841 κατορχεῖται
3392 3772 3492 3842 μὲν
3532 3771 3635 3825 τῶν
3655 3787 3741 3823 κιν-

2191 3860 2431 3917 λυόντων
2458 3859 2648 3914 τοῦτον
2690 3861 2851 3916 θείων
2879 3861 3139 3928 κανόνων,
3165 3863 3346 3918 ἁδικεῖ
3385 3863 3444 3918 δὲ
3478 3865 3604 3928 τοὺς
3635 3880 3738 3932 γνη-

2193 3954 2343 4018 σίους
2363 3953 2530 4010 αὐτοῦ
2548 3954 2764 4021 παῖδας,
2787 3956 3069 4026 παρασπεί
3075 3974 3182 4026 ρων
3201 3956 3413 4021 τούτοις
3434 3958 3531 4012 καὶ
3545 3956 3710 4019 νόθους
3724 3995 3739 4010 .

2191 4047 2287 4102 Διδ
2333 4048 2427 4102 καὶ
2471 4047 2608 4118 μετὰ
2650 4051 2749 4119 τὴν
2785 4049 2884 4120 τῆς
2913 4051 3261 4120 παρανομίας
3293 4051 3631 4122 ἀπαλλαγὴν,
3657 4049 3739 4102 καὶ

2190 4144 2291 4210 τὴν
2337 4141 2567 4211 γνησίαν
2608 4141 3016 4213 ἐξομολόγησιν,
3046 4147 3143 4198 καὶ
3179 4143 3343 4200 πλέον
3388 4145 3498 4200 τῶν
3541 4160 3745 4216 πορνευ-

2193 4233 2402 4288 σάντων
2433 4235 2752 4289 εὐθύνεσθαι
2781 4234 2924 4302 ἀξιοῖ
2945 4254 2960 4270 ·
3003 4239 3132 4302 τοὺς
3175 4239 3276 4309 μὲν
3304 4241 3414 4310 γὰρ
3463 4243 3541 4303 είς
3571 4243 3744 4293 ἑπταε-

2188 4324 2334 4390 τίαν,
2372 4326 2498 4388 τοὺς
2533 4325 2591 4379 δὲ
2646 4326 2742 4380 καὶ
2783 4329 2863 4391 είς
2889 4326 3034 4380 ὀκτὼ
3071 4329 3392 4398 παρατείνει
3430 4330 3662 4399 χρόνους,
3699 4329 3743 4382 εί

2189 4417 2436 4488 ἀκριϐῶς
2477 4418 2568 4472 τὸν
2605 4418 2730 4472 νοῦν
2759 4420 3080 4490 ἐπιστήσεις
3120 4426 3232 4484 τοῖς
3261 4422 3358 4477 τοῦ
3391 4424 3545 4491 ἁγίου
3571 4424 3748 4476 θεσπὲ-

497 4516 723 4570 scortati
755 4515 977 4571 fuerint.
1005 4517 1100 4574 His
1134 4519 1281 4573 enim
1315 4521 1682 4590 septennium,
1739 4523 1845 4580 illis
1907 4538 2082 4580 annos

2202 4530 2417 4582 τμασιν.
2444 4511 2506 4564 ΕΞ
2536 4513 2646 4583 γὰρ
2683 4511 2791 4566 τῶν
2819 4512 2910 4567 δύο
2941 4513 3124 4567 τόπων
3160 4515 3260 4586 τῆς
3287 4517 3572 4584 μετανοίας
3601 4518 3744 4588 μόνον

495 4612 626 4658 octo
656 4605 985 4672 constituit;
1029 4606 1075 4662 si
1113 4618 1370 4664 accurate
1430 4618 1668 4666 mentem
1712 4612 1764 4665 iu
1819 4628 1904 4679 ea,
1957 4629 2082 4684 qua

2202 4605 2475 4676 μνησθεὶς,
2506 4605 2778 4676 τέσσαρας
2823 4605 2879 4656 ἐν
2924 4607 3110 4668 αὐτοῖς
3157 4606 3390 4662 διελθεῖν
3438 4608 3599 4681 ὥρισε
3632 4608 3742 4679 χρό-

495 4694 581 4748 vir
620 4705 848 4751 sanctus
879 4699 1090 4762 statuit,
1120 4699 1397 4756 delixeris.
1423 4701 1559 4756 Nam
1585 4701 1634 4758 si
1671 4703 1908 4759 duorum
1933 4706 2080 4761 dun-

2202 4715 2333 4765 ρους,
2365 4693 2508 4769 ἦπου
2539 4695 2634 4752 καὶ
2657 4700 2714 4750 ὲν
2745 4700 2856 4762 τοῖς
2881 4697 3032 4752 δυσὶν
3056 4699 3290 4768 ἑτέροις,
3315 4700 3409 4764 οὓς
3437 4702 3643 4772 παρῆκε
3663 4701 3740 4755 διὰ

495 4795 648 4842 taxat
675 4788 922 4844 locorum
959 4792 1293 4860 pmnitentiae
1321 4794 1597 4850 mentione
1644 4794 1808 4863 facta,
1839 4808 2078 4865 quatuor

2202 4791 2481 4862 ιυντομίαν
2529 4789 2606 4854 ὡς
2648 4791 2851 4860 δήλοις.
2889 4791 3108 4862 ἑτέρους
3150 4791 3233 4844 δεῖ
3271 4795 3541 4865 τέσσαρας
3572 4795 3739 4862 διαγα-

495 4881 548 4935 in
574 4881 653 4935 eis
692 4897 868 4937 annos
895 4884 1173 4952 prmterirc
1219 4884 1422 4941 debere
1454 4885 1666 4942 deliniit
1699 4905 1713 4943 :
1763 4889 1991 4944 omnino
2016 4889 2073 4944 in

2202 4887 2324 4954 (εῖν,
2356 4884 2460 4955 πρὸ
2486 4882 2587 4952 τῆς
2617 4883 2726 4935 τῶν
2749 4884 3107 4952 ἁγιασμάτων
3144 4883 3438 4954 μεθέξεως.

491 4976 707 5030 duobus
739 4978 900 5031 etiam
958 4979 1105 5044 aliis,
1163 4995 1304 5050 quos
1342 4983 1651 5053 compendii
1685 4999 1850 5040 causa
1903 4985 2071 5042 veluti
2108 4983 2430 5042 manifestos
2453 4983 2658 5051 omisit,
2685 4982 2776 5038 alii
2809 4991 3050 5053 quatuor
3080 4985 3212 5040 anni
3270 4997 3438 5042 erunt
3498 4985 3729 5059 exigendi

491 5079 619 5123 ante
648 5081 1117 5128 sacramentorum
1158 5078 1581 5148 perceptionem.
1621 5064 1627 5070 ’
1689 5081 1700 5095 ’

2857 5221 3075 5290 Νόμος.

457 5201 479 5294 ξ
1220 5209 1348 5267 Lex.

562 5315 724 5387 Legis
753 5327 936 5374 autem
969 5318 1090 5378 haec
1125 5325 1290 5381 verba
1331 5338 1502 5384 sunt:
1570 5329 1855 5388 Universis
1892 5334 2070 5390 mani-

490 5409 694 5465 festum
730 5421 872 5477 esto,
904 5416 1050 5484 quod
1083 5417 1128 5470 si
1163 5419 1289 5486 quis
1328 5435 1497 5476 ausus
1543 5421 1714 5477 fuerit
1744 5424 1812 5480 ad
1841 5438 2070 5496 quartas

488 5505 785 5560 convolare
806 5506 1048 5576 nuptias.
1075 5525 1198 5578 quae
1217 5513 1424 5583 nuptiae
1456 5530 1565 5569 non
1586 5526 1737 5583 sunt,
1771 5534 1879 5574 non
1904 5520 2070 5575 modo

487 5593 756 5664 futurum,
790 5612 848 5652 ut
877 5615 956 5654 ea:
981 5605 1179 5670 nuptiae
1220 5618 1320 5674 pro
1365 5607 1532 5663 nullis
1579 5610 1885 5666 habeantur
1911 5654 1928 5678 ,
1973 5612 2070 5668 sed

491 5703 561 5744 ne
615 5691 774 5748 liberi
827 5693 1051 5762 quidem
1104 5711 1169 5750 ex
1225 5697 1292 5750 iis
1334 5703 1605 5768 procreati
1655 5718 1754 5768 pro
1813 5702 2071 5774 legitimis

491 5782 805 5852 ducantur;
833 5785 1082 5858 adeoque
1116 5790 1296 5860 poenis
1331 5791 1496 5848 etiam
1543 5794 1878 5864 pollutarum
1913 5811 2068 5853 scor-

2261 5334 2320 5389 '0
2347 5335 2404 5388 δὲ
2429 5334 2591 5404 νόμος
2618 5336 2784 5404 φησίν
2813 5353 2828 5368 υ
2867 5335 3049 5390 Ἔστω
3079 5337 3173 5392 οὖν
3209 5339 3372 5395 τοῦτο
3406 5344 3538 5396 πᾶσι
3577 5342 3726 5395 κατᾶ-

2175 5431 2356 5502 δηλσν,
2388 5429 2462 5492 ὡς
2489 5430 2540 5484 εί
2562 5447 2642 5493 τις
2671 5431 2960 5502 τολμήσειε
2990 5450 3126 5503 προς
3152 5434 3414 5506 τέταρτον
3439 5438 3627 5509 γάμον,
3648 5436 3725 5489 τὸν

2175 5522 2236 5575 οὐ
2267 5523 2467 5591 γάμον,
2500 5523 2696 5586 ἐλθεῖν,
2737 5526 2797 5578 οὐ
2843 5526 3002 5594 μόνον
3042 5527 3158 5594 ἀντ’
3185 5530 3403 5595 οὐδενὸς
3445 5533 3474 5584 ό
3514 5529 3724 5592 τοιοῦτος

2178 5611 2530 5681 νομιζόμενος
2561 5614 2735 5682 γάμος
2766 5615 3169 5688 λογισθήσεται,
3203 5619 3320 5673 ἀλλ’
3349 5621 3470 5676 οὐδὲ
3495 5625 3540 5676 οί
3564 5607 3722 5686 ἐξαύ-

2175 5701 2271 5755 τοῦ
2297 5703 2578 5772 τεχθέντες
2602 5707 2786 5768 παῖδες
2809 5709 3020 5778 γνήσιοι
3049 5709 3483 5782 λογισθήσονται,
3509 5713 3596 5768 καὶ
3615 5714 3718 5774 ταῖς

2177 5799 2388 5862 ποιναῖς
2427 5796 2479 5851 δέ
2512 5798 2620 5852 τῶν
2660 5800 3092 5872 μεμολυσμένων
3135 5807 3202 5876 τῇ
3243 5808 3470 5878 πορνεία
3499 5805 3716 5875 ὑποϐλη-
