3902 6570
483 335 619 397 1il‘3

1666 330 2037 410 narrum
2081 332 2502 392 BLASTARIS

3582 341 3697 404 110i

474 469 616 515 eaut,
677 464 796 519 ουλε
853 461 1071 500 reversa
1116 444 1186 498 sit
1228 460 1295 497 ex
1348 444 1679 512 captivitate,
1739 444 2043 498 membrum

2159 447 2212 497 tu
2248 445 2347 513 τῆς
2379 446 2780 516 αἰχμαλωσίας,
2802 446 2861 500 τὸ
2883 447 3081 501 οἰκεῖον
3104 449 3495 504 ἀνακαλεῖσθαι
3534 456 3697 522 μέλος,

474 558 631 598 suum
675 536 987 603 revocandi,
1020 545 1074 592 ct
1116 534 1420 591 secundum
1454 533 1862 588 matrimonium
1907 532 2047 587 diri.

474 633 675 687 mendi.

473 743 625 798 CAP.
689 742 774 800 Vl.
831 741 984 806 Quod
1044 737 1316 809 presbyter
1374 739 1465 810 qui
1528 740 1724 807 nuptiis
1783 738 2049 792 benedixit

544 815 769 868 alterum
816 812 1178 867 contrahentis
1224 812 1651 875 matrimonium,
1685 826 1804 863 cum
1837 825 1895 863 eo
1922 824 2049 862 con-

546 887 711 939 vivari
749 900 851 937 non
891 883 1099 936 debeat.

546 1000 732 1055 Canon
781 998 1000 1054 concilii
1050 995 1357 1061 Neocaisar,
1404 993 1675 1065 septimus
1730 1010 1838 1049 non
1897 1001 2051 1063 putat

475 1092 677 1146 debere
736 1089 1110 1160 presbyterum
1176 1086 1405 1157 nuptiali
1477 1085 1772 1140 secundum
1828 1092 2047 1139 contra-

477 1183 657 1237 hiantis
724 1164 1131 1235 matrimonium
1196 1176 1451 1232 convivio
1515 1177 1801 1230 interesse.
1875 1176 2049 1242 Quem

475 1274 619 1328 enim
653 1272 1044 1341 objurgaturus
1078 1278 1184 1332 est,
1234 1278 1289 1322 et
1333 1267 1397 1321 ad
1442 1266 1570 1320 anni
1620 1266 1855 1336 spatium
1892 1280 2047 1320 sacra

474 1364 798 1418 cxclusurus
824 1360 1189 1432 perceptione,
1214 1374 1337 1413 cum
1361 1373 1425 1412 eo
1448 1360 1671 1428 quinam
1704 1357 1821 1412 ﬁeri
1848 1366 2044 1427 potest,

475 1457 720 1525 ejusdem
756 1463 815 1508 ut
847 1466 975 1508 tunc
1003 1467 1206 1508 mensa:
1240 1452 1312 1508 sit
1358 1463 1608 1512 consors,
1650 1458 1703 1503 et
1736 1449 2046 1518 Opinionem

475 1551 543 1603 de
570 1565 626 1602 se
658 1547 915 1617 praebeat,
965 1544 1120 1613 quasi
1166 1542 1442 1613 particeps
1481 1540 1552 1595 sit
1591 1540 1709 1608 ejus
1754 1540 1898 1610 quod
1934 1542 2049 1609 agi-

476 1640 608 1693 tur?
668 1638 796 1692 Post
856 1635 1076 1707 nuptias
1148 1645 1329 1690 tamen
1396 1632 1545 1689 vesci
1609 1647 1731 1687 cum
1802 1645 1868 1686 eo
1936 1646 2052 1686 non

474 1732 871 1803 prohibebitur.

474 1846 627 1902 CAP.
666 1846 776 1902 VH.
823 1846 978 1912 Quod
1027 1843 1327 1900 Christiani
1376 1843 1466 1913 qui
1514 1841 1583 1895 ad
1632 1840 1845 1911 nuptias
1899 1848 2046 1906 eunt,

793 1935 893 1971 non
918 1916 1101 1970 debent
1131 1914 1351 1967 ludicris
1387 1914 1576 1966 intenti
1605 1926 1737 1967 esse.

546 2013 736 2068 Canon
769 2008 1095 2065 Laodic’enae
1124 2006 1316 2077 synodi
1351 2006 1420 2060 5⁸5
1471 2004 1738 2075 praecipit,
1792 2012 1851 2056 ut
1895 2000 2052 2058 Chri-

475 2106 661 2171 stiani,
700 2104 792 2173 qui
821 2109 961 2157 eunt
984 2100 1051 2154 ad
1081 2100 1323 2168 nuptias,
1355 2097 1673 2167 gravitatem
1709 2096 1811 2150 sibi
1838 2096 2052 2163 ﬁconve—

477 2198 716 2251 nientem
755 2200 994 2258 servent,
1056 2200 1108 2246 et
1161 2189 1489 2244 saltantibus
1534 2197 1628 2242 aut
1676 2187 1915 2240 ludicras
1964 2200 2052 2240 res

476 2288 764 2359 agentibus
792 2284 1036 2339 animum
1086 2297 1193 2335 non
1221 2280 1523 2335 advertant.
1546 2278 1699 2344 Quod
1725 2287 2052 2347 prazceptutn

477 2378 706 2433 canonis
742 2378 903 2442 hujus
949 2372 1107 2429 modo
1138 2371 1445 2439 neglectum
1484 2369 1647 2439 jacet.
1682 2368 1903 2435 Quaeras
1934 2368 1987 2420 in
2023 2368 2047 2421 1

479 2486 599 2539 cap.
664 2468 747 2522 lit.
813 2467 875 2519 θ.
946 2481 1068 2520 can.
1139 2463 1305 2533 hujus
1365 2476 1486 2531 syn.
1565 2460 1678 2527 54;
1735 2472 1785 2514 et
1836 2474 1957 2530 syn.
2019 2459 2052 2512 ϐ

476 2575 602 2615 can.
638 2558 729 2612 25.

479 2718 632 2774 CAP.
685 2718 823 2774 Vill.
872 2715 1241 2783 Devirginibus
1279 2723 1473 2783 prmtcr
1514 2721 1790 2781 parentant
1835 2727 2050 2767 suorum

672 2805 703 2815 τ
964 2782 1286 2840 voluntatem
1321 2782 1657 2837 nubentibus.

546 2906 733 2961 Canon
769 2902 954 2958 Basilii
990 2899 1171 2968 magni
1201 2897 1270 2954 58
1298 2898 1508 2967 puellas
1553 2897 2051 2963 ﬁliasfatniiiarum,

478 3014 597 3071 quae
638 3007 834 3068 praeter
884 2994 1239 3051 voluntatem,
1278 3000 1495 3061 patrum
1552 3006 1776 3045 suorum
1832 2989 2054 3045 amasiis

478 3098 654 3145 semet
684 3089 736 3143 iu
781 3083 1117 3140 matrimonii
1164 3080 1502 3137 consortium
1553 3081 1905 3145 tradiderint,
1936 3090 2055 3135 tatr-

482 3195 646 3250 quam
681 3176 1003 3255 meretrices
1036 3174 1213 3244 punit.
1245 3172 1305 3227 Si
1357 3180 1561 3235 tamen,
1611 3172 1808 3242 inquit,
1859 3188 2056 3227 recon-

482 3272 650 3328 ciliati
701 3284 827 3325 cum
880 3268 960 3323 eis
996 3276 1247 3336 parentes
1290 3264 1513 3329 fuerint,
1555 3274 1608 3319 et
1651 3265 1881 3319 ﬁliarum
1930 3281 2054 3321 cum

481 3365 692 3418 amasio
714 3374 767 3416 et
788 3370 1098 3430 stupratorc
1122 3374 1222 3413 suo
1249 3358 1643 3413 commercium
1668 3358 2019 3428 probaverint
2039 3395 2053 3421 ,

482 3458 626 3529 quod
646 3458 715 3510 ab
743 3455 897 3510 initio
914 3460 1106 3508 contra
1124 3454 1272 3521 leges
1294 3452 1476 3516 ﬁebat,
1495 3451 1750 3521 deinceps
1770 3459 2054 3520 parentum

482 3561 755 3602 consensu
791 3543 992 3612 corrigi
1047 3552 1100 3597 et
1154 3540 1339 3596 sanari
1398 3541 1636 3594 videtur.
1692 3537 2058 3594 Nihilominus

484 3642 647 3694 etiam
692 3638 796 3691 hoc
828 3634 994 3690 modo
1032 3642 1253 3702 propter
1282 3631 1584 3686 admissum
1627 3630 1778 3700 prius
1820 3629 2056 3696 facinus,

489 3730 680 3785 saltem
722 3736 845 3798 post
886 3725 1205 3789 triennium,
1251 3721 1504 3791 precibus
1546 3706 2055 3785 intervenientibus,

490 3819 931 3876 communionem
979 3817 1369 3887 impetrabunt.
1418 3816 1716 3870 Enimvero
1762 3823 1888 3869 tunc
1924 3824 2057 3869 tem-

483 3912 635 3983 poris
671 3910 870 3980 nuptiae
907 3907 1023 3963 solo
1070 3921 1342 3962 consensu
1373 3904 1714 3960 constabant.
1760 3905 1838 3956 Ac
1869 3912 2058 3957 nostro

489 4014 729 4072 tempore
789 4013 895 4055 non
961 3998 1369 4053 contrahuntur
1427 3995 1638 4064 absque
1695 3993 1872 4049 sacris
1929 4009 2054 4064 pre-

488 4095 664 4149 cilius.

554 4188 660 4259 67
692 4184 960 4239 Prietcrea
997 4198 1174 4237 canon
1200 4180 1268 4235 60
1293 4189 1345 4235 et
1369 4181 1438 4236 42
1460 4179 1741 4243 ancillam,
1767 4193 1887 4248 qua:
1918 4177 2055 4233 citra

486 4280 691 4336 dominl
712 4279 794 4333 sui
830 4278 1169 4331 voluntatem
1199 4273 1377 4338 nubit,
1405 4272 1538 4326 nihil
1558 4273 1761 4327 habere
1783 4280 2054 4334 statuunt,

486 4371 630 4444 quod
684 4370 739 4424 in
797 4367 1142 4423 meretricem
1194 4378 1303 4418 non
1349 4363 1603 4434 quadret.
1658 4362 1794 4417 Nam
1834 4363 2052 4416 illorum

2077 1779 2124 1838 B

2153 536 2249 590 καί
2274 536 2363 589 τὸν
2391 536 2646 607 δεύτερον
2677 539 2850 609 γάμον
2882 536 3137 611 διασπᾷν.

2152 741 2404 797 ΚΕΦΑΛ.
2438 746 2529 811 (τ’.
2562 744 2688 799 ’Ότι
2718 744 2798 809 τῷ
2813 745 3160 815 διγαμοῦντι
3189 749 3261 801 οὐ
3290 748 3389 801 δεῖ
3404 752 3699 809 συνεστιᾶ-

2313 818 2454 870 σθαι
2485 817 2591 869 τὸν
2620 815 3101 886 ἱερολυγήσαντα
3130 820 3563 887 πρεσϐύτερον.

2231 997 2289 1051 '0
2323 997 2368 1062 ζ’
2404 999 2501 1068 τῆς
2535 996 2593 1051 ὲν
2622 999 3031 1071 Νεοκαισαρείᾳ
3074 1001 3296 1055 συνόδου
3341 1001 3519 1057 κανὼν
3589 1021 3699 1075 πρε.

2152 1088 2415 1160 σϐύτερον
2462 1094 2519 1142 ὲν
2557 1089 2635 1160 τῷ
2667 1090 2831 1162 γάμῳ
2859 1091 2953 1144 τοῦ
2979 1093 3514 1163 δευτερογαμοῦντος
3543 1096 3698 1150 ἑστιᾶ-

2154 1179 2275 1233 σθαι
2325 1181 2424 1234 οὐκ
2459 1182 2631 1235 οίεται
2671 1184 2800 1236 δεῖν.
2842 1184 2939 1235 Ὃν
2971 1184 3079 1254 γὰρ
3123 1185 3382 1256 ἐπιτιμᾷν
3415 1186 3588 1255 μέλλει
3619 1191 3696 1241 καί

2151 1274 2238 1327 ἐπ’
2267 1272 2513 1327 ἐνιαυτὸν
2543 1275 2641 1344 τῆς
2664 1275 2814 1339 θείας
2841 1277 3044 1345 εἵργειν
3070 1277 3449 1348 μεταλήψεως,
3477 1280 3587 1343 πῶς
3605 1276 3696 1333 οἷόν

2149 1382 2206 1420 τε
2256 1367 2532 1419 κοινωνεῖν
2566 1365 2740 1435 τούτῳ
2789 1367 3070 1438 τραπέζης
3107 1369 3430 1438 τηνικαῦτα,
3459 1369 3550 1422 καὶ
3572 1373 3696 1425 κατὰ

2149 1457 2307 1511 τοῦτο
2348 1458 2528 1512 δοκεῖν
2562 1459 2640 1529 τῷ
2668 1460 2934 1530 γινομένῳ
2966 1461 3377 1531 συμπράττεινς
3410 1460 3558 1515 Μετὰ
3593 1464 3699 1532 μέν·

2148 1566 2233 1603 τοι
2260 1550 2352 1605 τὸν
2383 1552 2564 1622 γάμον
2581 1552 2732 1624 αὐτῷ
2762 1552 3059 1607 συνεσθίειν
3092 1553 3151 1607 οὐ
3178 1554 3571 1625 κωλυθήσεται.

2158 1835 2409 1891 ΚΕΦΑΛ.
2446 1835 2518 1892 Z'.
2556 1835 2690 1907 _"Ot't
2718 1835 2861 1907 τοὺς
2898 1836 2988 1902 εἰς
3025 1834 3220 1906 τάμον
3260 1836 3549 1902 ἀπιόντας
3583 1837 3697 1907 Χρι-

2329 1905 2617 1971 στιανοὺς
2645 1907 2717 1960 οὐ
2750 1905 2846 1959 δεῖ
2869 1905 3168 1976 παιγνίοις
3197 1908 3546 1975 προσέχειν.
3620 1905 3632 1907 ⁷
3762 1942 3768 1949 -

2236 1995 2298 2049 '0
2348 1993 2426 2064 νγ¹
2465 1995 2645 2049 κανὼν
2691 1996 2789 2066 τῆς
2837 1997 2895 2049 ὲν
2926 1994 3217 2066 Λαοδικείᾳ
3255 1996 3474 2048 συνόδου
3514 1994 3697 2048 κελεύει

2156 2090 2282 2153 τοὺς
2331 2091 2412 2151 εἰς
2452 2087 2632 2158 γάμον
2672 2087 2935 2151 ἀπιόντας
2966 2088 3328 2156 Χριστιανοὺς
3382 2088 3481 2156 τῆς
3522 2103 3699 2156 προση-

2156 2181 2365 2250 κούσης
2416 2180 2599 2243 αὐτοῖς
2647 2177 3040 2234 ἀντιποιεῖσθαι
3090 2177 3445 2248 σεμνότητος,
3504 2179 3591 2230 καὶ
3634 2176 3697 2247 μὴ

2156 2275 2268 2335 τοῖς
2306 2270 2660 2340 ὀρχουμένοις
2705 2268 2738 2337 ἢ
2788 2268 3044 2330 παίζουσι
3094 2267 3383 2337 προσέχειν
3430 2264 3518 2318 τὸν
3566 2266 3694 2317 νοῦνο

2156 2362 2428 2434 ἠμέληται
2455 2361 2511 2414 δὲ
2535 2360 2700 2414 τανῦν
2729 2359 2798 2411 τὰ
2832 2358 2926 2411 τοῦ
2953 2357 3181 2421 κανόνος
3207 2357 3424 2411 τούτου.
3447 2356 3598 2425 Ζὴτιι
3621 2356 3695 2408 καὶ

2156 2455 2215 2506 ὲν
2239 2452 2315 2523 τῷ
2340 2452 2389 2505 α’
2417 2468 2545 2520 κεφ.
2574 2450 2667 2504 τοῦ
2691 2450 2733 2503 Θ
2766 2448 3035 2521 στοιχείου
3062 2450 3263 2504 κανόνα
3291 2449 3497 2519 ταύτης
3519 2450 3604 2516 νδ,
3619 2450 3696 2502 καὶ

2156 2547 2255 2617 τῆς
2285 2542 2339 2609 ς’
2376 2543 2595 2600 συνόδου
2621 2543 2721 2596 κδ’.

2159 2748 2410 2805 ΚΕΦΛΛ.
2471 2748 2554 2801 η’.
2605 2746 2746 2814 Περί
2790 2745 2910 2798 τῶν
2968 2745 3365 2814 γαμουμένων
3415 2745 3693 2812 παρθένων

2228 2817 2536 2889 γυναικῶν
2554 2819 2712 2885 παρὰ
2741 2816 2988 2885 γνώμην
3010 2814 3130 2868 τῶν
3150 2816 3385 2869 οἰκείων
3404 2817 3633 2884 γονέων.

2241 2912 2300 2963 '0
2328 2912 2408 2978 λη’
2439 2909 2531 2963 τοῦ
2562 2908 2801 2977 μεγάλου
2827 2906 3106 2960 Βασιλείου
3136 2907 3316 2960 κανὼν
3346 2910 3447 2971 τάς
3497 2909 3694 2974 ύπεξου-

2161 3007 2282 3068 σίας
2338 3006 2528 3073 κόρας,
2577 3003 2634 3057 αἶ
2688 3002 2839 3074 παρὰ
2867 3002 3093 3074 γνώμην
3136 3002 3246 3055 τῶν
3286 3002 3431 3056 ἰδίων
3472 3004 3693 3073 πατέρων

2158 3099 2270 3159 τοῖς
2299 3097 2551 3166 ἐρασταῖς
2580 3094 2662 3153 είς
2699 3093 2878 3162 γάμου
2904 3091 3187 3145 κοινωνίαν
3211 3092 3564 3146 ὲκδεδώκασιν
3588 3093 3690 3145 ἐαυ-

2157 3189 2275 3251 τὰς,
2317 3188 2391 3250 ὡς
2420 3188 2625 3255 πόρνας
2664 3183 3036 3247 καταδικάζει.
3074 3182 3136 3236 Εἰ
3168 3183 3374 3253 μέντοι,
3403 3184 3549 3253 φησί,
3571 3183 3690 3236 διαλ-

2153 3281 2370 3347 λαγεῖεν
2405 3280 2595 3340 αὐταῖς
2626 3280 2675 3331 oi
2698 3278 2901 3346 γονεῖς,
2931 3277 3025 3329 καὶ
3054 3277 3153 3345 τὴν
3190 3279 3332 3344 μετά
3371 3276 3460 3329 τοῦ
3491 3275 3688 3348 ἔραττὸῦ

2156 3372 2251 3425 καὶ
2294 3369 2538 3441 φθορέως
2583 3368 2764 3421 αὐτῶν
2795 3367 3111 3435 συνοίκησιν
3141 3366 3538 3431 καταδέξαιντο,
3566 3366 3619 3418 τὺ
3641 3365 3687 3432 ἐξ

2157 3461 2332 3533 ἀρχῆς
2360 3461 2674 3529 παράνομον
2704 3461 2769 3529 τῇ
2802 3457 2911 3512 τῶν
2934 3457 3137 3527 γονέων
3163 3457 3390 3529 ὕστερον
3420 3459 3686 3511 συναινέσει

2155 3554 2303 3608 δοκεί
2354 3553 2798 3623 θεραπεύεσθαι·
2855 3551 2996 3621 πλὴν
3052 3551 3147 3606 καὶ
3191 3550 3334 3605 οὕτω
3388 3569 3451 3621 γε
3497 3550 3575 3605 διὰ
3604 3550 3684 3618 τὴν

2157 3646 2431 3717 προτέραν
2464 3645 2833 3716 παρανομίαν,
2863 3645 3001 3715 μετά
3035 3644 3160 3715 τρία
3189 3643 3284 3714 ετη
3316 3644 3414 3714 τῆς
3434 3641 3682 3703 κοινωνίας

2158 3742 2215 3794 αἰ
2241 3739 2489 3793 τοιαῦται
2518 3738 2937 3808 ἁξιωθήσονται.
2961 3737 3124 3791 Ἀλλὰ
3150 3738 3271 3790 τότε
3298 3737 3396 3807 μὲν
3420 3735 3679 3789 συναινέσει

2161 3832 2296 3902 μόνῃ
2338 3831 2366 3884 6
2404 3830 2579 3899 γάμος
2610 3829 2822 3883 ἵστατο·
2863 3826 2949 3898 ἐφ’
2988 3828 3145 3899 ἡμῶν
3175 3828 3232 3881 δὲ
3260 3829 3360 3882 οὔκ
3391 3828 3454 3882 ἂν
3486 3827 3675 3894 συπαῐη

2156 3922 2327 3994 χωρὶς
2356 3920 2684 3990 ἰεοολογίας.

2229 4188 2390 4245 Ἀλλὰ
2428 4190 2521 4242 καί
2560 4190 2587 4242 6
2617 4186 2669 4259 μ’
2701 4187 2782 4241 ἔτι
2812 4189 2867 4242 δὲ
2899 4189 2994 4243 καὶ
3022 4191 3049 4242 6
3078 4188 3169 4259 μβ⁰
3212 4190 3312 4260 τὴν
3340 4191 3466 4244 ἄνευ
3492 4187 3685 4260 γνώμης

2156 4281 2248 4334 τοῦ
2312 4281 2517 4335 οἰκείου
2567 4280 2831 4333 δεσπότου
2880 4281 3239 4352 γαμουμένην
3301 4282 3491 4352 δούλην
3558 4281 3687 4334 οὐδὲν

2158 4374 2378 4442 ἄμεινον
2416 4374 2623 4443 πόρνης
2661 4373 2803 4442 ἔχειν
2834 4372 3199 4443 ψηφίζονται·
3228 4376 3285 4427 αἰ
3319 4378 3428 4446 γὰρ
3458 4376 3688 4443 συνθῆκαι

486 4473 662 4535 pacta,
690 4463 779 4533 qui
814 4468 944 4515 sunt
980 4460 1033 4512 in
1060 4459 1297 4512 aliorum
1350 4448 1639 4527 potestate,
1696 4454 1831 4508 nihil
1876 4463 2053 4508 ratum

2160 4465 2266 4517 τῶν
2298 4464 2631 4529 ὑπεξουσίων
2661 4465 2811 4517 οὐδὲν
2841 4463 3022 4533 ἔχουσι
3048 4466 3285 4536 βέϐαιον.
3320 4467 3503 4540 Ταύτῃ
3524 4484 3594 4518 τοι
3613 4465 3692 4516 καὶ

487 4556 707 4610 habent.
747 4553 867 4619 Quo
903 4550 985 4615 ﬁt,
1020 4560 1077 4604 ut
1113 4549 1335 4619 nuptiae,
1377 4564 1498 4618 quae
1532 4549 1669 4602 citra
1704 4547 2054 4603 dominorum

484 4649 822 4702 voluntatem
867 4644 1295 4705 contrahuntur,
1348 4656 1451 4712 pro
1488 4640 1923 4697 scortationibus
1963 4642 2060 4695 Ita-

486 4744 740 4796 beantur.
775 4740 930 4806 Quod
963 4739 1009 4793 si
1050 4753 1157 4809 qua
1193 4737 1357 4791 fuerit
1403 4751 1536 4791 ausa
1566 4735 1699 4789 tales
1723 4735 2058 4789 contrahere

486 4837 728 4904 nuptias,
752 4833 911 4903 cujus
950 4833 1208 4887 dominus
1238 4842 1424 4902 postea
1478 4831 1563 4884 vel
1596 4831 1744 4900 ipsas
1795 4831 2061 4885 duntaxat

488 4922 711 4995 nuptias
745 4920 1031 4989 approbet,
1079 4919 1162 4974 vel
1194 4920 1356 4974 etiam
1406 4918 1713 4973 libertatem
1756 4919 2057 4989 largiatur;

487 5014 621 5082 ipsae
650 5013 868 5084 quidem
907 5013 1106 5082 nuptize
1145 5013 1301 5081 culpa
1331 5021 1544 5078 carent,
1586 5021 1639 5065 at
1667 5012 1820 5081 prius
1877 5022 2060 5067 tamen

489 5116 798 5174 peccatum.
850 5110 977 5172 puta
1015 5105 1301 5169 scortatio,
1356 5103 1555 5157 merito
1603 5105 1883 5173 punietur.
1930 5103 2062 5169 Qua:

492 5212 620 5251 vero
654 5195 854 5249 ancilla
886 5210 980 5263 per
1010 5194 1424 5248 matrimonium
1468 5196 1780 5264 cuicunque
1807 5196 2060 5265 copulata

493 5291 657 5345 fuerit
691 5290 949 5359 ingenuo,
976 5287 1197 5342 domino
1228 5287 1460 5352 sciente,
1489 5303 1587 5343 nec
1623 5289 2058 5352 contradicente,

493 5398 604 5438 non
639 5395 735 5451 pro
762 5380 1048 5434 meretrice
1071 5379 1381 5433 habebitur.
1403 5380 1613 5450 Quippe
1638 5380 1914 5434 silentium
1944 5382 2062 5449 ejus

496 5486 611 5532 tum
643 5474 948 5529 libertatem
973 5472 1284 5528 necessario
1319 5473 1532 5539 tribuit,
1565 5481 1680 5529 tum
1722 5489 1840 5529 eam
1874 5490 1902 5528 a
1932 5490 2065 5543 pec-7

496 5577 619 5624 cato
645 5567 864 5622 liberat.

1194 5653 1324 5709 Lex.

504 5722 511 5728 ’
567 5747 965 5813 Filiat‘amilias,
987 5746 1069 5802 vel
1104 5745 1513 5813 ﬁliusfam-ilias,
1564 5748 1801 5818 legitime
1843 5750 2061 5817 nuptias

2159 4559 2206 4610 οἰ
2255 4556 2407 4625 παρὰ
2454 4556 2683 4626 γνώμην
2722 4558 2830 4609 τῶν
2862 4562 3214 4621 κρατούντων
3249 4560 3417 4629 γάμοι
3476 4561 3691 4626 πορνεῖαι

2160 4648 2497 4713 λογίζονται·
2560 4649 2610 4701 εί
2658 4648 2715 4700 δέ
2767 4665 2829 4716 γε
2877 4652 3176 4718 μετέπειτα
3222 4651 3291 4702 τά
3342 4652 3432 4704 τοῦ
3479 4649 3688 4704 τοιούτου

2161 4738 2591 4809 παρουσιασθείη
2636 4740 2837 4808 γάμου,
2862 4740 2953 4794 τοῦ
2984 4742 3175 4810 κυρίου
3207 4743 3375 4812 αὐτῆς
3400 4743 3433 4813 ἣ
3456 4742 3526 4811 τῷ
3552 4742 3687 4808 γάμῳ

2165 4832 2324 4902 μόνον
2347 4832 2911 4899 συγκατανεύσαντος,
2941 4834 2973 4904 ἢ
3010 4835 3101 4885 καί
3139 4834 3237 4904 τὴν
3274 4834 3575 4901 ἐλευθερίαν
3607 4849 3685 4899 χαι

2164 4923 2484 4997 ρισαμένου,
2512 4925 2539 4976 6
2573 4924 2748 4993 γάμος
2789 4924 2885 4993 μὲν
2922 4923 3075 4977 ἔσται
3101 4924 3412 4988 ἀνεύθυνος,
3446 4926 3476 4992 ἡ
3501 4924 3553 4976 δὲ
3578 4938 3686 4989 προ·

2160 5017 2295 5087 τέρα
2319 5014 2584 5085 ἁμαρτία,
2613 5010 2699 5069 οἷα
2726 5014 2970 5085 πορνεία,
3003 5012 3223 5076 δικαίως
3247 5014 3682 5082 ἐπιτιμηθήσεται.

2163 5106 2332 5176 Δούλη
2360 5106 2416 5159 δὲ
2445 5107 2699 5177 γαμικῶς
2725 5106 3037 5177 ὁτῳδήποτε
3064 5107 3399 5174 συναφθείσα
3430 5104 3680 5171 ἐλευθέρῳ.

2161 5199 2256 5253 τοῦ
2284 5198 2546 5252 δεσπότου
2579 5199 2783 5263 εἰδότος
2823 5202 2917 5253 καί
2953 5201 3027 5270 μὴ
3069 5202 3454 5267 ἀντιλέγοντος,
3494 5197 3579 5261 οὐχ
3619 5191 3679 5250 ὡς

2163 5290 2339 5358 πόρνη
2363 5288 2762 5360 λογισθήσεται.
2805 5290 2866 5344 Ἡ
2901 5294 3009 5361 γὰρ
3047 5292 3258 5344 ἐκείνου
3292 5292 3414 5360 σιγὴ
3441 5291 3529 5357 τὴν
3556 5288 3677 5338 ὲὶευ-

2164 5379 2349 5451 θερίαν
2383 5381 2443 5447 ἐξ
2469 5366 2715 5451 ἀνάγκης
2743 5382 2836 5435 καὶ
2874 5383 2936 5435 τὸ
2963 5383 3351 5454 ἀναμάρτητον
3372 5382 3528 5452 ταύτῃ
3549 5375 3677 5447 χαρί-

2163 5471 2337 5537 ζεται.

2826 5657 3042 5725 Νόμος.

2245 5744 2312 5802 Ἢ
2350 5745 2666 5813 ὑπεξουσια,
2703 5749 2735 5817 ἢ
2767 5749 2793 5803 6
2828 5749 3171 5816 ύπεξούσιος,
3202 5751 3262 5804 οὐ
3295 5749 3526 5805 δύνανται
3548 5736 3670 5806 νομί·
