3902 6606
263 440 400 504 “65

1229 440 1634 502 SYNTAGMA
1680 435 2307 500 ALPUABE'I‘ICUM.
2352 461 2417 469 —
2460 433 2519 492 Γ.

3365 429 3500 492 1166

259 574 376 626 μως
415 557 638 623 γαμεῖν,
687 554 764 629 μὴ
799 555 1174 620 συναινοῦντος
1217 557 1313 610 καὶ
1358 558 1451 610 τοῦ
1496 557 1707 625 ἔχοντος
1741 557 1836 608 αὐ-

1974 553 2264 607 ontrahere
2325 565 2433 605 non
2491 557 2739 619 possunt,
2800 562 2865 601 eo
2929 562 3034 601 non
3093 545 3501 607 consentiente,

255 651 383 710 τοὺς
413 647 790 713 ὑπεξουσίους,
823 651 871 701 εί
904 650 978 719 μή
1013 666 1116 701 που
1143 652 1170 699 ὁ
1196 642 1385 719 ’πατὴρ
1418 650 1703 716 γεγονυῖαν
1732 648 1829 699 αὐ-

254 739 353 792 τοῦ
380 740 480 809 τὴν
511 740 787 809 Θυγατέρα
812 741 1015 811 χρόνων
1045 739 1124 793 κε’
1149 740 1306 809 ἀνδρὶ
1344 738 1598 805 συζεῦξαι
1631 738 1833 807 ὑπερὲ-

256 833 418 885 θετο’
489 834 608 885 τότε
660 835 772 904 γάρ
826 833 1094 903 ἐλευθέρῳ
1150 818 1510 903 συζευχθῆναι
1575 832 1710 901 μόνη
1771 830 1831 882 οὐ

257 924 597 978 κεκώλυται.
654 926 819 995 Ζήτει
879 926 974 979 καὶ
1027 927 1088 979 τὸ
1142 924 1185 979 λ’
1238 912 1366 995 κειρ.
1416 923 1512 977 τοῦ
1569 922 1835 994 παρόντος

260 1031 439 1083 στοιχε
451 1001 563 1069 (ou:

1938 645 2098 714 cujus
2120 645 2173 698 in
2207 652 2475 714 potestate
2502 648 2633 696 sunt
2658 658 2673 695 :-
2700 639 2804 696 nisi
2830 648 2985 709 pater
3006 637 3170 692 tiliam
3198 652 3355 692 suam
3383 652 3505 706 qum

1937 736 2010 791 25
2046 751 2221 791 annos
2246 734 2574 805 impleverit,
2594 734 2715 787 viro
2741 733 3000 802 copulare
3030 730 3325 786 distulerit.
3353 728 3511 785 Tunc

1941 814 2086 883 enim
2118 835 2174 881 ut
2208 827 2447 892 ingenuo
2476 824 2742 878 duntaxat
2778 823 3084 888 copuletur,
3118 837 3228 875 non
3262 830 3347 875 est
3379 836 3511 889 pro«

1944 919 2198 973 bibitum.
2231 917 2458 983 Quaeras
2486 915 2649 969 etiam
2679 928 2802 983 cap.
2825 910 2896 967 30
2948 911 3233 977 praesentis
3262 912 3341 965 lit.

259 1125 521 1178 ΚΕΦΑΔ.
549 1123 627 1179 8'.
655 1126 793 1195 Περὶ
813 1127 1015 1195 γάμων
1044 1128 1406 1208 παρανόμων
1425 1128 1523 1184 καί
1548 1128 1841 1197 ἀθεμίτων

1974 1115 2102 1172 ΞΑῬ.
2124 1113 2219 1170 IX.
2261 1114 2334 1169 De
2360 1114 2553 1180 nuptiis
2597 1080 2816 1183 nefariis
2841 1120 2889 1165 et
2919 1110 3126 1166 illicitis
3152 1121 3513 1181 cognatorum.

856 1213 1252 1265 συγγενικῶν.

334 1288 459 1339 Τῶν
484 1287 560 1357 μὴ
593 1288 832 1356 ἐννόμως
863 1290 1165 1357 γινομένων
1210 1289 1402 1360 γάμων
1450 1291 1501 1345 οἱ
1540 1290 1634 1361 μὲν
1661 1292 1844 1359 λέγον-

262 1395 358 1433 ται
391 1379 669 1447 ἀθέμιτοι,
690 1380 765 1443 ὡς
797 1380 847 1432 οί
873 1380 1012 1449 μετά
1039 1381 1336 1449 συγγενῶν,
1362 1382 1397 1453 ἢ
1433 1384 1759 1453 αἰρετικῶνο
1792 1385 1849 1445 οἱ,

260 1469 342 1537 δὲ,
376 1471 717 1541 παράνομοι,
746 1472 822 1535 ὡς
850 1473 898 1524 οί
940 1472 1079 1541 μετὰ
1103 1474 1605 1544 ὲπιτροπευομένης
1627 1489 1642 1505 ο
1672 1474 1722 1526 οῑ
1762 1474 1843 1536 δὲ,

262 1563 620 1631 κατάκριτοι,
657 1563 733 1626 ὡς
765 1564 814 1616 oi
845 1564 984 1633 μετὰ
1012 1565 1109 1633 τῆς
1139 1564 1561 1635 ἀνατεθειμένης
1585 1566 1662 1637 τῷ
1691 1566 1809 1637 Θεῷ
1829 1581 1842 1595 '

261 1653 360 1715 οὓς
385 1656 439 1707 οἱ
467 1655 566 1724 μὲν
596 1655 726 1708 θεῖοι
754 1656 979 1709 κανόνες
1006 1656 1340 1711 διασπᾶσθαι
1369 1657 1532 1727 μόνον
1558 1657 1847 1721 θεσπίζου-

263 1762 376 1811 σιν,
402 1748 453 1798 ut
479 1745 538 1799 δὲ
563 1746 738 1815 νόμοι,
763 1747 857 1798 καὶ
882 1746 1216 1814 δημεύεσθαι
1241 1747 1365 1811 τοὺς
1415 1747 1849 1814 συναλλάξιντας

263 1837 365 1890 καὶ
419 1834 790 1906 ὲξορίζεσθαι·
828 1837 1066 1901 εὐτελεῖς
1110 1838 1168 1892 δὲ
1217 1838 1377 1901 ὄντας
1449 1841 1543 1892 καὶ
1592 1840 1849 1909 μαστίζε-

2019 1270 2255 1340 Nuptias,
2281 1284 2405 1339 qua:
2432 1269 2672 1340 legitime
2705 1284 2817 1343 non
2853 1270 3280 1335 contrahuntur,
3316 1271 3519 1339 partim

1949 1363 2211 1418 dicuntur
2242 1362 2463 1427 illicitae,
2500 1362 2692 1432 quales
2749 1372 2898 1428 sunt,
2945 1376 3069 1433 quae
3110 1377 3234 1417 cum
3272 1362 3522 1432 cognatis

1951 1454 2322 1521 intercedunt,
2367 1460 2462 1509 aut
2509 1469 2633 1508 cum
2685 1452 2987 1517 luereticis;
3025 1451 3221 1521 partim
3278 1454 3521 1518 nefariae,

1951 1548 2120 1603 veluti
2153 1547 2356 1602 tutoris
2386 1561 2511 1601 cum
2552 1561 2641 1613 ea,
2673 1545 2834 1615 cujus
2858 1544 3081 1598 tutelam
3114 1544 3255 1612 gerit
3280 1559 3298 1597 :
3323 1544 3520 1613 partim

1953 1639 2243 1704 damnatae,
2273 1639 2354 1693 uti
2388 1654 2511 1709 quae
2546 1639 2951 1693 contrahuntur
2978 1652 3105 1691 cum
3145 1637 3376 1691 muliere
3410 1636 3525 1690 Deo

1954 1741 2325 1787 consecrata:
2389 1746 2526 1802 quas
2584 1732 2729 1787 sacri
2786 1745 3029 1787 canones
3079 1730 3347 1785 duntaxat
3388 1729 3526 1783 diri—

1957 1825 2184 1880 mendas
2222 1833 2493 1888 statuunt,
2523 1839 2695 1895 quum
2742 1825 2889 1893 leges
2929 1822 3096 1877 velint
3141 1836 3337 1877 eorum
3384 1821 3527 1875 bona

262 1928 425 1983 σθαι.
460 1929 769 1993 Δατινικῶς
803 1928 861 1983 δὲ
904 1932 932 1983 ὁ
968 1930 1067 1999 μὲν
1089 1932 1401 2001 παράνομος
1434 1934 1611 2003 γάμος
1640 1933 1854 2001 λέγεται

1974 1918 2051 1986 tui
2078 1931 2171 1971 eas
2210 1917 2609 1981 contraxerint,
2642 1915 2935 1987 publicari,
2970 1924 3135 1981 atque
3186 1915 3339 1983 ipsos
3384 1908 3547 1968 rele-'

262 2019 606 2088 νεφὰριος,ό
637 2018 695 2072 δὲ
722 2019 1070 2089 κατάκριτος,
1108 2020 1404 2091 δαμνάτος,
1445 2023 1695 2091 ίγκεστος
1720 2023 1795 2086 δὲ,
1829 2025 1858 2077 ό

262 2110 560 2182 ἀθέμιτας.

495 2291 633 2360 Περὶ
668 2292 979 2360 κληρικῶν
1024 2292 1642 2362 ἁθεμιτογαμούντων.

354 2384 425 2437 Ὀ
455 2385 634 2437 τοίνυν
660 2381 723 2436 ιθ’
747 2385 855 2436 τῶν
878 2385 1049 2453 ἁγίων
1078 2384 1391 2437 ἀποστόλων
1419 2385 1622 2449 κανὼν,
1654 2386 1717 2441 Ὀ
1744 2387 1855 2452 δύο,

272 2479 478 2545 φησὶν,
510 2477 742 2544 ἀδελφὰς
773 2476 1059 2547 ἀγόμενος,
1091 2476 1451 2547 ἢὰδελιριδὴν,
1490 2480 1752 2549 κληρικὸς
1787 2476 1862 2533 εἶ-

268 2588 367 2624 ναι
394 2570 459 2622 οὐ
488 2569 735 2624 δύναται.
768 2569 878 2632 Πᾶς
908 2570 1017 2638 γὰρ
1043 2569 1299 2638 ἁθέμιτος
1320 2572 1516 2639 γάμος,
1551 2573 1659 2626 εἴτε
1692 2574 1749 2637 ὲξ
1774 2574 1857 2625 αἴ»

275 2678 478 2730 ματος,
514 2660 623 2711 εἴτε
662 2656 721 2723 ἐξ
769 2660 1103 2728 ἀγχιστείας,
1140 2660 1456 2721 διασπᾶται.
1490 2663 1582 2717 καὶ
1620 2665 1648 2716 ὁ
1690 2680 1749 2716 το
1766 2665 1863 2735 Ξτῳ

271 2751 471 2812 ἁλοὺς,
499 2752 595 2818 οὐχ
616 2750 764 2811 ὅπως
785 2749 879 2802 τοῦ
905 2747 1106 2818 κλήρου
1133 2748 1436 2815 ἐξωθεῖται,
1462 2750 1597 2803 ἀλλὰ
1627 2754 1720 2806 καὶ
1746 2755 1864 2806 ἐπι-

268 2843 489 2914 τιμίοις
524 2842 909 2897 ὑποϐάλλεται.

366 3022 430 3075 Ὀ
486 3020 594 3091 γὰρ
645 3021 724 3086 κζ’
770 3022 866 3075 τοῦ
916 3021 1151 3091 μεγάλου
1203 3021 1488 3076 Βατιλείου
1546 3025 1696 3093 ἱερέα
1770 3028 1864 3080 τὸν

273 3117 514 3184 ἀθέσμῳ
550 3115 712 3183 γάμῳ
741 3117 798 3168 ὲν
830 3116 1021 3185 ἀγνοίᾳ
1056 3118 1450 3185 περιπαρέντα,
1485 3121 1584 3187 τὴν
1615 3118 1739 3171 καθ’
1774 3116 1862 3172 αἶ·

275 3226 362 3278 μα
425 3207 590 3275 τυχὸν
646 3211 1031 3276 προσήκουσαν
1081 3208 1555 3277 εἰσοικησάμενον.
1612 3210 1645 3281 ἢ
1699 3211 1865 3281 μονά-

273 3318 481 3371 στριαν
517 3300 576 3351 τὸ
609 3300 751 3370 ἱερὸν
788 3299 1173 3368 ἀρνησαμένην
1203 3300 1411 3368 σχῆμα,
1445 3300 1479 3371 ἦ
1514 3302 1613 3371 τὴν
1653 3303 1730 3373 τῷ
1756 3323 1863 3358 πα-

269 3396 367 3462 τρὶ
434 3392 601 3444 αὑτοῦ
652 3389 1160 3460 ἐπιτροπευθεῖσαν,
1206 3393 1398 3444 τοῦτον
1440 3393 1539 3462 τῆς
1585 3396 1723 3462 μετὰ
1756 3395 1867 3447 τῶν

272 3483 676 3554 πρεσϐυτέρων
708 3482 973 3551 καθέδρας
1006 3484 1177 3553 μόνης
1209 3485 1459 3554 μετέχειν
1489 3484 1651 3552 ἀξιοῖ,
1678 3486 1786 3539 τῶν
1809 3485 1866 3538 δὲ

271 3576 494 3630 λοιπῶν
525 3575 814 3643 ἐνεργειῶν
844 3577 942 3643 τῆς
988 3578 1287 3645 ἱερωσύνης
1332 3577 1656 3647 ἀπέχεσθαι,
1707 3595 1871 3648 μετα-

271 3668 516 3723 νοοῦντα
571 3666 662 3719 διὰ
714 3667 917 3728 παντὸς
962 3667 1081 3736 Θεῷ
1116 3669 1210 3721 καὶ
1242 3668 1555 3739 ἀνθρώποις
1594 3669 1732 3739 μετὰ
1772 3670 1867 3722 δα-

273 3760 497 3829 κρύων,
551 3757 630 3827 τῷ
659 3758 778 3825 μὲν,
810 3757 888 3821 ὡς
930 3758 1077 3829 μόνῳ
1122 3759 1411 3830 δυναμένῳ
1451 3760 1547 3821 τάς
1593 3752 1867 3831 ἁμαρτίας

1959 2008 2073 2079 gari
2102 2025 2117 2075 ;
2157 2009 2301 2077 quod
2336 2008 2382 2063 si
2414 2024 2664 2078 persona:
2688 2009 2798 2063 sint
2822 2008 3081 2074 humiles,
3107 2006 3271 2062 etiam
3296 2004 3529 2074 ﬂagellis

1959 2100 2114 2154 caedi.
2145 2097 2239 2154 Hae
2280 2100 2484 2170 nuptias
2518 2101 2700 2171 lingua
2752 2100 2943 2154 Latina
2990 2098 3254 2154 dicuntur
3284 2097 3528 2161 nefarim,

1960 2190 2251 2257 damnatae,
2309 2194 2553 2248 incestae.

2068 2284 2144 2339 De
2190 2284 2397 2340 clericis
2442 2288 2670 2341 incestas
2706 2270 3141 2340 contrahentibus
3183 2285 3424 2354 nuptias.

2037 2374 2210 2441 Igitur
2244 2388 2423 2428 canon
2471 2384 2787 2430 sanctorum
2840 2385 3017 2445 apost.
3057 2376 3164 2441 l9,
3224 2375 3329 2441 Qui
3375 2376 3531 2440 duas,

1966 2467 2163 2537 inquit,
2223 2481 2445 2521 sorores
2503 2467 2675 2531 ducit,
2724 2477 2820 2522 aut
2870 2484 3015 2535 eam,
3048 2483 3167 2539 quae
3216 2468 3374 2522 uxori
3422 2483 3535 2522 sua:

1965 2560 2174 2616 Sororis
2206 2569 2291 2614 est
2338 2558 2466 2623 ﬁlia,
2497 2560 2730 2615 clericus
2773 2576 2897 2615 esse
2933 2563 3137 2631 nequit.
3171 2558 3307 2615 Nam
3342 2575 3536 2615 omnes

1966 2650 2192 2704 incesta
2235 2650 2454 2718 nuptiae,
2510 2649 2627 2703 sive
2669 2664 2765 2719 per
2812 2651 3369 2719 consanguinitatem,
3420 2651 3536 2705 sive

1966 2757 2063 2811 per
2087 2741 2427 2807 aliinitatem,
2467 2740 2807 2795 dirimuntur
2841 2758 2856 2796 :
2901 2750 2958 2796 et
2992 2743 3084 2811 qui
3116 2742 3197 2797 eis
3228 2758 3288 2798 se
3321 2742 3533 2812 polluit,

1966 2849 2074 2889 non
2107 2834 2252 2888 clero
2288 2833 2555 2887 duntaxat
2607 2834 2922 2903 expellitur,
2991 2835 3086 2891 sed
3146 2835 3322 2904 poenis
3367 2838 3536 2899 etiam

1967 2926 2272 2995 subjicitur.

2038 3020 2249 3089 Quippe
2273 3019 2343 3074 27
2372 3020 2556 3075 Basilii
2589 3019 2767 3092 Magni
2803 3035 2983 3076 canon
3033 3004 3405 3088 sacerdotem,
3440 3023 3537 3093 qui

1970 3125 2065 3180 per
2103 3112 2467 3181 ignorantiam
2514 3112 2567 3167 in
2604 3114 2822 3181 nuptias
2863 3111 3105 3169 incestas
3143 3114 3421 3177 inciderit,
3460 3115 3538 3168 nti

1969 3203 2064 3270 qui
2096 3200 2234 3256 forte
2265 3202 2531 3272 sanguine
2563 3203 2669 3257 sibi
2704 3204 3057 3273 coniunctam
3091 3205 3144 3259 in
3175 3206 3399 3260 domm
3439 3205 3539 3260 de-

1970 3293 2216 3359 duxerit;
2257 3295 2339 3348 vel
2375 3294 2701 3361 solitariam,
2723 3309 2844 3365 quae
2867 3296 3113 3351 habitum
3139 3312 3356 3352 sacrum
3378 3313 3540 3368 repu-

1970 3387 2136 3441 diarit
2159 3402 2176 3453 ;
2204 3387 2288 3440 vel
2310 3401 2457 3451 eam,
2474 3387 2630 3457 cujus
2648 3390 2874 3442 tutelam
2897 3398 3049 3458 pater
3071 3389 3247 3459 ipsius
3270 3391 3538 3460 gesserit,

1975 3478 2118 3532 hunc
2153 3493 2287 3549 ergo
2319 3479 2490 3534 solius
2527 3478 2671 3535 inter
2716 3482 3036 3536 sacerdotes
3065 3483 3333 3538 sessionis
3365 3484 3539 3554 parti-

1971 3569 2146 3640 cipem
2177 3586 2303 3626 esse
2335 3572 2469 3636 vult,
2496 3581 2551 3625 et
2581 3586 2610 3625 a
2648 3572 2874 3642 reliquis
2897 3574 3184 3629 sacerdotii
3217 3575 3540 3647 muneribus

1972 3665 2288 3733 abstinere;
2318 3670 2584 3735 perpetuo
2605 3666 2982 3735 paenitentiam
3010 3667 3118 3722 Deo
3141 3678 3193 3722 et
3224 3668 3542 3723 hominibus

1972 3768 2095 3809 cum
2128 3755 2385 3824 lacrymis
2416 3764 2662 3826 agentem
2692 3775 2707 3820 ;
2748 3755 2858 3811 Deo
2887 3758 3129 3826 quidem,
3176 3759 3255 3813 uti
3291 3760 3386 3829 qui
3418 3775 3545 3830 pec-

272 3849 531 3918 ἀςριέναι,
578 3850 692 3911 τοῖς
737 3847 814 3911 δὲ,
855 3848 942 3902 ἴνα
992 3848 1087 3920 τὴν
1133 3851 1487 3922 συγχώρησιν
1519 3850 1669 3921 αὐτῷ
1716 3848 1870 3920 παρὰ

274 3942 502 4011 Κυρίου
535 3942 888 4011 αἰτήσωνται.
947 3939 1204 4009 Εὐλογείν
1247 3940 1304 3992 δὲ
1352 3939 1443 3993 τὸν
1480 3941 1548 3993 τὰ
1576 3942 1756 3994 οίκεία
1785 3934 1870 3993 θέ-

280 4032 557 4105 ραπεύειν
591 4032 874 4100 ὀφείλοντα
899 4032 1214 4101 τραύματα,
1246 4030 1369 4084 οὔτε
1406 4032 1531 4102 ἰδίᾳ,
1555 4029 1678 4084 οὔτε
1705 4031 1872 4101 δημο-

276 4127 380 4196 σίᾳ
412 4125 706 4195 προσήκει,
736 4124 901 4193 φησίν
922 4141 934 4154 ·
968 4126 1001 4194 ἡ
1036 4125 1145 4192 γὰρ
1176 4124 1400 4190 εὐλογία
1446 4124 1672 4194 χάριτος
1709 4141 1872 4176 πνευ-

1972 3854 2096 3899 cata
2141 3849 2295 3901 solus
2337 3848 2617 3901 remittere
2656 3848 2854 3916 possit,
2891 3849 3209 3905 hominibus
3246 3860 3451 3917 autem,
3486 3862 3545 3907 ut

1974 3937 2077 4006 ipsi
2135 3932 2599 4017 condonationem
2632 3948 2685 3992 et
2736 3939 2951 3993 veniam
2985 3955 3015 3995 a
3056 3940 3285 3996 Domino
3333 3954 3543 4012 petant.

1975 4028 2172 4083 Verum
2194 4039 2251 4084 ut
2275 4029 2711 4085 benedictionem
2737 4030 3082 4100 impertiatur
3110 4034 3175 4097 is,
3201 4034 3293 4103 qui
3321 4037 3543 4104 propria

1972 4138 2169 4179 sanare
2200 4125 2426 4178 vulnera
2456 4124 2655 4189 debet,
2695 4115 2872 4195 neque
2915 4126 3193 4194 privatim,
3231 4143 3406 4197 neque
3447 4144 3545 4197 pu-

280 4218 535 4287 ματικῆς
562 4218 655 4268 καὶ
679 4214 954 4285 άγιασμοῦ
984 4216 1341 4285 μεταδίδωσιν
1362 4231 1376 4245 ⁶
1409 4210 1452 4282 ᾧ
1480 4215 1536 4268 δὲ
1567 4215 1772 4268 τούτων
1807 4215 1869 4268 οὐ

282 4313 516 4380 μέτεστι
545 4310 632 4362 διὰ
663 4311 723 4361 τὸ
743 4310 1025 4376 ἁνόμημα,
1045 4309 1092 4360 εί
1117 4308 1212 4360 καὶ
1241 4308 1383 4359 κατὰ
1413 4307 1636 4373 ἄγνοιαν
1658 4308 1870 4375 γέγονε,

281 4402 408 4463 πῶς
450 4398 605 4463 οὗτος
637 4403 809 4470 ἑτέρῳ
837 4400 1089 4469 δυνηθείη
1127 4398 1483 4469 μεταδοῦναι;
1513 4399 1573 4451 Εἰ
1603 4399 1660 4451 δὲ
1693 4400 1869 4463 τοῦτο,

283 4494 458 4561 σχολῇ
485 4490 538 4559 γ’
560 4492 624 4544 ἂν
651 4491 709 4543 τὸ
737 4492 896 4559 σῶμα
926 4490 1020 4542 τοῦ
1049 4490 1251 4559 Κυρίου
1270 4491 1546 4558 διανεμεῖ·
1577 4490 1872 4560 ἀποχρῶσα

1974 4215 2113 4270 blice
2181 4216 2480 4269 convenire
2533 4215 2686 4271 dicit.
2747 4216 3063 4270 Benedictio
3115 4218 3261 4271 enim
3312 4219 3543 4288 gratiam

1974 4308 2281 4376 spiritalem
2310 4316 2366 4361 et
2402 4302 2742 4361 sanctitatem
2787 4308 3052 4379 largitur;
3096 4318 3151 4362 at
3196 4310 3288 4379 qui
3325 4322 3544 4380 propter

1974 4401 2272 4454 admissum
2336 4398 2549 4454 facinus
2593 4400 2789 4453 horum
2852 4402 3127 4471 particeps
3167 4417 3289 4457 esse
3332 4404 3541 4472 nequit,

1976 4491 2103 4544 licet
2146 4506 2243 4559 per
2297 4491 2661 4557 ignorantiam
2708 4490 2913 4545 factum
2961 4494 3055 4557 sit,
3098 4508 3336 4562 quonam
3383 4497 3545 4551 modo

282 4586 400 4652 γὰρ
450 4583 602 4651 αὐτῷ
642 4583 938 4652 συγγνώμη
981 4582 1071 4635 διὰ
1122 4582 1219 4649 τὴν
1248 4582 1488 4649 ἄγνοιαν,
1530 4582 1590 4636 τὸ
1646 4583 1720 4653 μὴ
1752 4584 1862 4635 ἐπι-

1981 4581 2391 4637 communicare
2424 4597 2549 4635 cum
2574 4580 2681 4636 alio
2704 4583 2916 4651 possit?
2947 4579 3104 4649 Quod
3131 4601 3265 4640 sane
3289 4590 3334 4641 si
3355 4604 3543 4642 verum

284 4676 618 4744 τιμηθῆναι,
657 4675 794 4728 ἀλλὰ
822 4677 913 4727 καὶ
951 4674 1049 4739 τῆς
1100 4674 1369 4743 καθέδρας
1399 4675 1568 4728 εἰσέτι
1600 4673 1871 4744 μετέχειν.

1983 4682 2089 4737 est,
2133 4674 2305 4728 multo
2343 4674 2522 4727 minus
2562 4689 2762 4743 corpus
2815 4676 3026 4730 Domini
3056 4678 3367 4733 distrihuet.
3401 4680 3548 4736 Satis

285 4772 440 4828 enim
471 4785 667 4840 magna
687 4776 801 4824 base
823 4771 922 4836 ipsi
948 4771 1205 4825 veniaest
1270 4778 1487 4839 propter
1549 4771 1936 4841 ignorantiam,
1983 4769 2128 4839 quod
2177 4783 2282 4822 non
2341 4771 2566 4837 punitus
2621 4768 2715 4834 sit,
2764 4771 2876 4825 imo
2929 4771 3093 4825 etiam
3151 4775 3426 4830 cathedra:
3476 4775 3550 4832 sit

287 4874 480 4927 adhuc
514 4870 808 4937 particeps.

368 4966 479 5017 Τὸν
513 4963 567 5015 δὲ
611 4960 814 5013 κανόνα
844 4956 1032 5011 τοῦτον
1074 4958 1133 5011 ἐν
1171 4957 1335 5011 καλοῦ
1374 4957 1537 5028 μοίρᾳ
1579 4960 1644 5028 τῇ
1681 4956 1873 5029 πρώτη

288 5057 557 5125 λεχθηναι
585 5051 906 5120 νομίσαντες
927 5052 977 5102 oi
996 5050 1094 5117 τῆς
1123 5055 1175 5111 ς’
1200 5051 1419 5102 συνόδου
1447 5046 1579 5102 θεῖοι
1608 5051 1873 5119 Πατὲρες,

288 5154 389 5212 κς⁹
428 5146 629 5198 κανόνα
661 5144 872 5206 ἑαυτοῖς
915 5143 1303 5209 πεποιήκασιν,
1335 5143 1523 5203 αὐταῖς
1556 5143 1673 5201 ταῖς
1706 5140 1876 5194 αὐτοῦ

291 5238 642 5306 χρησάμενοι
673 5234 884 5298 λέξεσι·
914 5233 1242 5301 προσθέντες
1277 5232 1455 5302 μόνον,
1482 5232 1557 5293 ὡς
1584 5232 1613 5283 ὁ
1636 5231 1875 5293 τοιοῦτος

291 5332 540 5397 ἄθεσμος
563 5327 737 5394 γάμος
760 5325 1042 5396 προδήλως
1067 5324 1469 5391 διαλυθήσεται,
1498 5324 1595 5377 καὶ
1616 5322 1873 5392 οὐδαμῶς

291 5427 320 5475 ὀ
353 5422 498 5488 ανὴρ
535 5419 824 5488 μετουσίαν
846 5416 957 5480 ἕξει
991 5419 1128 5487 προς
1143 5415 1239 5486 τὴν
1263 5416 1328 5469 δι’
1350 5410 1417 5487 ἦς
1437 5416 1535 5485 τῆς
1560 5418 1709 5484 ἱερᾶς
1726 5418 1876 5484 ἐνερ-

291 5519 454 5586 γείας
481 5516 795 5583 ἐστέρηται.
836 5512 895 5563 Et
916 5512 1022 5580 γὰρ
1064 5510 1137 5580 μὴ
1164 5509 1521 5575 διασπασθείη
1554 5509 1611 5559 τὸ
1639 5507 1876 5577 ἄθεσμον

296 5607 662 5668 συνοικέσιον,
706 5604 831 5656 οὕτε
871 5605 970 5671 τὴν
998 5601 1272 5670 καθέδραν
1317 5599 1451 5665 ἕξει,
1484 5598 1619 5652 ἀλλὰ
1656 5599 1748 5651 καὶ
1778 5600 1875 5668 τῆς

292 5697 631 5765 Ἐκκλησίας
666 5694 1036 5762 ἐξωσθήσεται
1068 5695 1205 5761 μετὰ
1236 5693 1335 5758 τῆς
1363 5690 1694 5759 παρανόμως
1725 5689 1877 5760 αὐτῷ

300 5788 673 5858 μιγνυμένης,
726 5789 817 5838 καὶ
866 5786 954 5837 διὰ
1007 5783 1105 5852 τῆς
1153 5782 1262 5833 τῶν
1306 5782 1583 5850 ἀρχόντων
1631 5782 1876 5847 ἐξουσίας

297 5884 328 5934 ὁ
363 5880 541 5949 γάμος
572 5878 972 5948 διαλυθήσεται.
1017 5876 1074 5926 Ὁ
1117 5874 1222 5942 γὰρ
1261 5873 1397 5942 μετὰ
1441 5872 1537 5941 τὴν
1582 5874 1876 5939 ἐπ’γνωσιν

2051 4955 2205 5012 Hunc
2234 4966 2414 5011 autem
2448 4971 2574 5011 can.
2606 4958 2813 5026 optime
2840 4962 3253 5027 pronuntiatum
3299 4965 3547 5021 arbitrati

1978 5050 2152 5104 sancti
2188 5049 2375 5104 Patres
2398 5065 2519 5121 syn.
2543 5065 2592 5103 vt
2621 5050 2692 5105 26
2715 5051 2817 5106 sibi
2848 5053 3117 5118 fecerunt,
3149 5057 3396 5125 ipsismet
3426 5061 3547 5129 ejus

1978 5143 2161 5197 verbis
2208 5143 2315 5204 usi,
2365 5144 2470 5198 hoc
2514 5142 2780 5197 duntaxat
2812 5145 3048 5211 adiecto,
3081 5151 3226 5217 quod
3278 5151 3545 5205 incestum

1978 5233 2248 5301 ejusmodi
2303 5234 2714 5287 matrimonium
2767 5236 2911 5290 haud
2968 5238 3134 5292 dubie
3182 5240 3545 5294 dirimendum

1980 5324 2073 5387 sit,
2108 5337 2206 5377 nec
2238 5324 2682 5392 permittendum,
2718 5334 2776 5379 ut
2795 5324 2908 5380 ullo
2937 5330 3099 5383 modo
3121 5330 3202 5382 vir
3225 5345 3285 5383 ea
3312 5328 3545 5395 fruatur,

1982 5423 2206 5483 propter
2232 5430 2395 5483 quam
2431 5414 2710 5472 lnrmtionc
2738 5434 2894 5472 sacra
2931 5421 3174 5489 privatus
3207 5423 3302 5475 sit.
3341 5423 3551 5492 Quippe

1984 5508 2028 5560 si
2051 5504 2456 5561 matrimonium
2477 5508 2744 5564 incestum
2764 5511 2876 5581 68
2892 5528 2996 5566 non
3018 5513 3179 5567 fuerit
3196 5515 3545 5584 diremptum,

1984 5613 2163 5667 neque
2204 5598 2516 5652 cathedram
2568 5600 2809 5665 habebit,
2843 5612 3005 5672 atque
3037 5604 3201 5657 etiam
3249 5596 3550 5673 expelletur

1980 5703 2050 5742 ex
2095 5688 2322 5744 ecclesia
2350 5706 2474 5745 cum
2520 5706 2584 5745 ea
2625 5707 2856 5763 quacum
2891 5693 3097 5748 no-l‘arie
3137 5696 3462 5763 concubuit;
3496 5707 3550 5750 et

1984 5782 2312 5837 auctoritate
2364 5784 2785 5853 magistratuum
2835 5787 3038 5853 nuptiae
3075 5786 3377 5841 solventur.
3412 5787 3546 5843 Nam

1985 5874 2077 5942 qui
2125 5884 2245 5943 post
2289 5874 2621 5943 agnitionem
2656 5875 2709 5929 in
2760 5868 2980 5945 peccato
3015 5886 3353 5945 perseverat,
3404 5881 3548 5933 haud
