3902 6562
440 302 575 393 ιιστ

1625 284 1991 346 ΜᾹΤΤΙΙΕΙ
2040 284 2467 346 BLASTARIS

3546 250 3690 339 tios

435 431 602 487 dubie
634 436 891 494 tanquam
924 416 1143 490 proprio
1176 410 1428 483 sanguini
1458 424 1513 466 se
1547 410 1782 463 miscens
1811 408 2002 477 punie-

2121 408 2379 475 επιμὲνων
2406 410 2469 477 τῇ
2503 405 2766 477 ἁμαρτίᾳ,
2787 406 2861 468 t1;
2887 403 3217 476 αἱμομίκτης
3251 403 3491 475 ἀτεχνῶς
3517 419 3700 473 τιμω-

385 559 388 563 ~
433 538 540 580 tur.

579 616 653 669 De
687 592 835 665 laicis
867 610 1094 663 incestas
1141 598 1571 656 contrahentibus
1628 595 1860 662 nuptias.

508 705 747 777 Epistula
799 700 983 755 Basilii
1015 694 1190 767 Magni
1224 693 1293 747 ad
1341 689 1637 744 Diodorum
1675 683 1998 739 Tarsensem

437 805 755 872 episcopum
808 793 956 847 omni
983 786 1251 858 sapientia
1278 784 1433 851 plena
1459 788 1564 844 est,
1593 788 1646 832 et
1666 777 1716 830 vi
1747 775 2003 830 oratoria:

438 868 715 952 facultatis
758 896 975 943 ornata.
1018 881 1240 936 Tractat
1272 886 1455 932 autem
1502 890 1588 939 ea,
1621 888 1741 942 quae
1770 885 1867 941 per
1908 868 2002 925 Dei

434 991 663 1060 gratiam
715 980 983 1036 hodierno
1039 974 1127 1029 die
1176 971 1308 1026 nulli
1348 966 1557 1023 homini
1603 965 1916 1019 Christiano
1948 961 2002 1015 in

440 1087 673 1131 mentem
709 1072 952 1126 veniunt.
1005 1065 1215 1132 Quippe
1264 1059 1533 1113 Diodorus
1564 1072 1592 1110 a
1626 1054 1879 1134 quopiam
1921 1053 2005 1106 in-

435 1180 764 1241 terrogatus,
799 1172 1055 1235 possetne
1114 1156 1370 1212 defuncla
1406 1166 1574 1205 uxore
1612 1164 1732 1209 sua,
1760 1160 2001 1200 sororem

434 1270 555 1335 eius
588 1266 641 1319 in
670 1256 1079 1315 matrimonium
1112 1250 1380 1317 accipere,
1412 1260 1504 1314 per
1537 1241 1747 1295 litteras
1777 1253 2004 1307 respon-

434 1363 611 1424 derat,
651 1358 702 1409 id
757 1350 983 1405 minime
1032 1339 1335 1415 prohiberi.
1369 1338 1503 1392 Cum
1551 1342 1745 1405 autem
1778 1343 2006 1397 magnus

435 1456 529 1508 ille
564 1421 723 1504 Pater
754 1442 991 1497 Basilius
1017 1433 1285 1506 ejusmodi
1318 1428 1540 1498 nuptias
1560 1433 1790 1488 vetaret,
1821 1421 2003 1475 oblata

432 1557 515 1600 est
542 1544 590 1597 ei
611 1540 811 1608 scripta
851 1537 963 1590 hmc
996 1527 1217 1584 Diodori
1260 1521 1555 1581 sententia.
1592 1518 1762 1585 Quam
1791 1531 1914 1569 cum
1950 1528 2007 1569 se

433 1635 672 1709 graviter
701 1630 1034 1692 molesteque
1086 1620 1232 1674 ferre
1272 1616 1357 1671 vir
1386 1623 1611 1670 sanctus
1649 1606 2006 1670 ostendiSsct,

432 1696 720 1799 epistolam
742 1722 884 1775 hanc
911 1728 1104 1784 magna
1124 1710 1379 1767 refertam
1404 1704 1637 1761 utilitate
1660 1696 2003 1767 composuit;

428 1837 539 1892 qua
582 1833 689 1872 non
735 1816 834 1867 has
869 1817 1107 1872 tantum,
1159 1803 1252 1859 sed
1302 1802 1465 1856 etiam
1526 1810 1722 1852 omnes
1784 1802 1800 1846 t

433 1885 654 1983 nuptias
686 1906 901 1963 evertit.
932 1900 1144 1970 Quippe
1175 1893 1415 1967 generali
1439 1885 2005 1970 appellationeimpm

431 2008 613 2063 ritatis
647 2016 804 2066 usus,
835 2009 1026 2052 omnes
1054 1988 1369 2060 huiusmodi
1398 1984 1620 2054 nuptias
1650 1979 1889 2034 breviter
1921 1967 2005 2031 est

430 2099 748 2169 complexus

503 2278 776 2333 Caeterum
804 2269 861 2323 in
888 2243 1096 2321 canone
1126 2250 1220 2323 25,
1258 2256 1331 2310 De
1366 2255 1459 2318 iis,
1489 2252 1589 2315 ait,
1624 2248 1717 2319 qui
1750 2248 1885 2302 duas
1912 2258 2006 2299 so-

433 2385 590 2425 rores
617 2368 843 2427 tlucuut,
875 2357 1033 2429 quale
1071 2354 1143 2409 sit
1173 2358 1419 2406 nostrum
1455 2344 1754 2412 judicium,
1794 2355 1861 2393 ex
1891 2336 2008 2406 epi-

432 2461 573 2517 stola
605 2453 854 2527 perbrevi
885 2466 916 2506 a
951 2447 1111 2503 nobis
1140 2445 1342 2503 dicata,
1368 2438 1526 2505 cujus
1550 2433 1826 2502 exemplar
1850 2445 2007 2484 reve-

436 2550 629 2607 rentia:
688 2553 794 2597 ture
851 2539 1126 2600 misimus,
1175 2542 1322 2588 recte
1371 2527 1665 2593 intelliges.
1715 2522 1915 2592 quibus
1952 2518 2005 2572 in

433 2641 772 2698 verbishanc
797 2634 861 2690 ad
890 2626 1183 2685 Diodorum
1211 2623 1499 2694 epistolam
1524 2616 1818 2687 significat,
1839 2627 2005 2681 quam

433 2739 604 2807 ipsam
639 2742 859 2801 quoque
891 2724 956 2779 ad
988 2730 1239 2777 sanctum
1268 2712 1711 2785 Amphilochium
1740 2708 1913 2763 misit.
1947 2706 2008 2760 Ei

434 2841 586 2889 vero,
611 2820 814 2890 inquit,
848 2815 933 2871 sui
963 2814 1059 2882 qui
1101 2808 1290 2864 fratris
1342 2818 1566 2860 uxorem
1603 2799 1844 2864 duxerit,
1872 2796 2007 2851 'non

433 2920 586 2989 prius
617 2909 954 2996 pwnitentia‘.
980 2907 1136 2960 locus
1164 2900 1403 2961 dabitur,
1439 2909 1603 2974 quam
1631 2893 1795 2983 abxca
1827 2890 2009 2944 diver-

433 3013 579 3067 terit.

509 3099 685 3169 Hujus
734 3091 978 3164 cpistola:
1025 3078 1517 3158 quinquagesimus
1566 3077 1728 3169 etiam
1778 3079 2077 3169 quartusC

432 3210 555 3265 syn.
581 3166 751 3245 sextae
780 3198 955 3239 canon
990 3176 1261 3239 meminit,
1287 3188 1412 3228 cum
1447 3170 1516 3225 ait
1545 3186 1561 3223 :
1599 3166 1836 3221 Tametsi
1871 3178 2008 3232 pau.

432 3302 526 3343 cas
550 3299 616 3339 ex
649 3275 942 3350 prohibitis
966 3270 1177 3342 nuptiis
1206 3267 1290 3321 vir
1322 3272 1548 3319 sanctus
1577 3257 2007 3318 enumeraverit,

434 3392 485 3434 et
515 3375 736 3430 silentio
766 3366 1082 3436 complures
1113 3373 1305 3415 earum
1346 3352 1698 3426 praeterierit,
1737 3366 1803 3403 ne
1844 3362 2003 3402 suam

435 3470 741 3527 orationem
769 3458 1014 3531 profanis
1044 3449 1331 3510 vocabulis
1362 3447 1692 3509 sordidaret,
1726 3458 1824 3513 per
1846 3454 2010 3509 gene-

436 3563 607 3615 ralem
628 3530 899 3608 duntaxat
947 3540 1285 3615 impuritatis
1310 3537 1728 3608 appellationem
1781 3530 2009 3585 nefariis

430 3648 695 3707 omnibus
735 3638 943 3708 nuptiis
983 3630 1239 3687 iudicatis
1284 3646 1298 3683 :
1350 3640 1451 3681 nos
1491 3634 1671 3678 tamen
1717 3619 2010 3676 definimus

430 3757 583 3805 enin,
629 3736 883 3807 quicqu
913 3725 1243 3783 consobrina
1294 3734 1392 3776 sua
1440 3718 1663 3786 nuptias
1709 3712 2007 3777 contrahit,

432 3836 518 3888 vel
544 3806 754 3900 patrem
785 3834 839 3878 et
870 3821 1041 3876 tilium
1073 3831 1211 3881 cum,
1229 3822 1403 3869 matre
1428 3824 1493 3865 ac
1527 3808 1659 3873 lilia,
1685 3806 1768 3861 vel
1796 3815 2005 3874 patrem

435 3936 491 3981 et
529 3896 698 3978 lilium
744 3932 867 3972 cum
900 3912 1113 3968 duabus
1164 3904 1470 3967 sororibus,
1505 3901 1589 3956 vel
1638 3900 1779 3955 duos
1811 3896 2008 3951 fratres

424 4029 557 4071 cum
623 4008 837 4066 duabus
894 4000 1200 4059 sororibus.
1252 3995 1355 4051 sub
1412 4004 1680 4048 cauonem
1737 3984 2007 4057 septennii

429 4114 666 4169 cadere;
719 4101 801 4155 sie
855 4110 1061 4159 tamen,
1114 4101 1171 4146 ut
1225 4106 1253 4144 a
1296 4086 1508 4143 nefario
1552 4083 1811 4152 conjugio
1853 4080 2005 4152 prius

426 4201 737 4257 discedant.

500 4294 690 4350 Canon
749 4295 931 4340 autem
991 4279 1057 4335 67
1094 4275 1282 4331 Basilii
1328 4271 1506 4343 Magni
1569 4270 1867 4335 hominem,
1910 4267 2003 4337 qui

429 4402 555 4443 cum
587 4396 776 4437 sorore
835 4390 934 4430 sua
982 4388 1097 4427 rem
1151 4365 1431 4429 habuerit,
1469 4364 1522 4418 in
1574 4376 1748 4418 annos
1790 4361 2000 4430 viginti,

339 4497 351 4508 ·
426 4481 573 4534 sicut
601 4467 1035 4530 ethomicidam,
1070 4478 1098 4517 a
1139 4457 1525 4516 communione
1560 4454 1757 4525 rejicit.

497 4570 632 4626 Item
686 4565 753 4620 68
787 4576 988 4623 canon,
1034 4557 1092 4611 Si
1151 4553 1549 4624 deprehensum
1587 4547 1771 4610 fuerit,
1805 4545 2002 4614 inquit,

429 4659 841 4720 matrimonium
894 4650 1148 4710 contrahi
1202 4663 1269 4703 ex
1321 4644 1651 4716 cognatione
1704 4640 2001 4710 prohibita,

427 4770 605 4828 pretia:
663 4751 1040 4806 adulterorum
1108 4737 1522 4809 irrogabuutur.
1584 4733 1717 4799 Qua:
1780 4730 2002 4800 quidem

431 4860 581 4914 sunt,
615 4865 645 4903 a
672 4842 1063 4901 communione
1085 4836 1151 4891 ad
1176 4832 1492 4905 quindecim
1527 4842 1703 4882 annos
1734 4824 2000 4890 exclusio,

431 4938 782 4999 matrimonio
811 4934 962 5005 prius
990 4931 1279 4999 dirempto.

499 5033 689 5086 Cauon
727 5042 854 5081 vero
882 5024 948 5078 75
978 5024 1094 5076 ait:
1138 5020 1393 5086 Quicum
1436 5026 1627 5071 sorore
1656 5026 1778 5072 sua.
1811 5008 2001 5064 eodem

435 5134 563 5181 nata
627 5130 782 5191 patre
829 5117 915 5171 vel
963 5126 1156 5176 matre.
1216 5126 1338 5167 sese
1396 5107 1607 5178 polluit,
1642 5106 1807 5160 etiam
1848 5110 2002 5157 extra

426 5212 761 5287 precationis
815 5206 985 5263 aedem
1042 5202 1370 5274 expellatur,
1437 5197 1641 5267 inquit,
1709 5196 1884 5249 donec
1932 5192 2000 5246 ab

426 5308 641 5363 incesto
662 5309 715 5355 et
738 5298 949 5354 nefario
974 5294 1266 5351 concubitu
1290 5289 1624 5346 discesserit.
1646 5286 1783 5341 Cum
1815 5294 1999 5339 autem

428 5393 780 5455 abstinuerit,
809 5400 862 5447 et
889 5398 1031 5443 recte
1060 5383 1435 5457 paenitentiam
1458 5381 1669 5451 egerit,
1706 5376 1997 5431 duodecim

429 5489 590 5544 annis
622 5485 853 5547 exactis,
888 5477 1333 5535 communionem
1369 5488 1583 5529 sacram
1618 5471 1891 5539 impetret.

501 5581 689 5636 Canon
721 5576 812 5643 76,
883 5573 1110 5637 Eadem,
1152 5570 1353 5638 inquit,
1382 5568 1520 5621 ratio
1553 5566 1625 5619 sit
1657 5562 1904 5618 ctianrin
1932 5560 1999 5615 iis

428 5671 522 5743 qui
560 5684 731 5723 nurus
762 5682 891 5721 suas
922 5665 1132 5720 ducunt
1165 5674 1387 5715 uxores.

497 5761 683 5816 Canon
720 5757 787 5811 78
832 5774 843 5809 :
892 5753 995 5818 Qui
1044 5752 1183 5808 duas
1228 5762 1448 5805 sorores
1490 5745 1545 5800 in
1584 5743 1995 5801 matrimonium

2106 499 2428 570 ρηθήσεται.

2367 588 2506 655 Περὶ
2542 587 2783 642 ,παϊκῶν
2809 586 3423 656 ἀθεμιινογαιιούντων,

2187 678 2252 733 Ἦ
2281 680 2335 732 δὲ
2370 680 2507 750 πρὸς
2542 681 2827 750 Διόδωρον,
2859 682 2949 732 τὸν
2977 680 3273 732 ἐπίσκοπον
3321 675 3562 745 Ταρσοῦ,
3588 674 3692 729 τοῦ

2111 771 2352 841 μεγάλου
2384 770 2668 826 Βασιλείου
2707 771 2985 838 ἐπιστολὴ,
3016 771 3196 839 πάσης
3231 772 3329 835 μὲν
3367 772 3563 838 σοφίας
3593 786 3665 822 πε

2105 864 2407 934 πληρωταί,
2459 864 2551 917 καὶ
2583 865 2845 935 ῥητορικῇ
2892 862 3272 931 περιήνθισται
3325 863 3688 929 πιθανότητι⁶

2105 953 2473 1019 ἀνασκευάζει
2531 955 2587 1008 δὲ
2637 954 2775 1008 ἄττα
2818 954 2937 1007 οὐδὲ
2993 956 3072 1014 είς
3127 952 3367 1007 διάνοιαν
3409 953 3695 1023 ἀνθρώπῳ

2106 1046 2421 1117 Χριστιανῷ
2448 1048 2517 1117 τῇ
2547 1046 2639 1099 τοῦ
2669 1044 2802 1098 Θεοῦ
2826 1047 3008 1115 χάριτι
3040 1045 3140 1113 τὴν
3165 1046 3407 1114 τήμερον
3436 1048 3689 1114 ἔρχεται.

2103 1135 2437 1205 Ἐρωτηθεὶς
2484 1136 2593 1207 γὰρ
2627 1139 2760 1206 πρός
2791 1153 2932 1199 τινος
2987 1136 3016 1188 ό
3060 1136 3346 1205 Διόδωρος,
3391 1138 3437 1188 εί
3468 1137 3699 1189 δύναιτο

2107 1229 2205 1297 τῆς
2255 1227 2514 1295 γυναικὸς
2560 1226 3025 1308 αὑτοῦυοανούσης
3057 1227 3155 1297 τὴν
3197 1226 3410 1295 ἐκείνης
3447 1226 3698 1294 ἀδελφὴν

2109 1322 2409 1389 ἀγαγέσθαι
2440 1320 2576 1391 πρὸς
2612 1320 2813 1390 γάμον,
2851 1320 3185 1389 ἀπεκρίνατο
3210 1320 3500 1387 ἐγγράφως
3527 1318 3699 1371 τοῦτο

2111 1413 2187 1483 μὴ
2218 1411 2549 1467 κωλύεσθαι.
2599 1412 2689 1481 Τῷ
2731 1411 2787 1463 δὲ
2837 1412 3057 1480 μεγάλῳ
3102 1411 3277 1481 Πατρὶ
3307 1411 3571 1480 Βασιλείῳ
3602 1411 3699 1462 τὸν

2110 1502 2351 1557 τοιοῦτον
2404 1503 2805 1574 ἀπαγορεύοντι
2845 1502 3043 1569 γάμον,
3086 1500 3241 1571 ήτοῦ
3282 1501 3543 1571 Διοδώρου
3602 1500 3702 1567 ἐγ-

2112 1610 2321 1667 γραῳος
2359 1596 2636 1663 ἀπόφασις
2685 1591 3078 1662 ἐμφανίζεται·
3118 1591 3258 1661 ὑπὲρ
3298 1586 3363 1663 ἦς
3397 1595 3491 1646 καὶ
3518 1593 3701 1646 δεινο-

2113 1687 2365 1757 παθήσας
2421 1687 2449 1736 ὁ
2501 1685 2681 1751 ἅγιος,
2738 1686 2837 1753 τὴν
2866 1682 3069 1753 πολλῆς
3102 1682 3367 1751 ὠφελείας
3404 1686 3698 1754 γέμουσαν

1786 1792 2005 1845 illicitas
2042 1765 2082 1819 Β
2116 1778 2375 1842 συνέταξε
2425 1776 2631 1844 ταύτην
2683 1776 2998 1845 ἐπιστολὴν,
3058 1775 3132 1843 μὴ
3184 1776 3343 1841 μόνον
3381 1776 3471 1828 τὸν
3511 1776 3699 1829 τοιοῦ-

2106 1888 2221 1937 τον,
2279 1870 2416 1922 ἀλλά
2462 1871 2558 1922 καὶ
2610 1869 2790 1922 πάντα
2822 1866 3062 1936 ἄθεσμον
3112 1866 3524 1933 ἀνατρέπουσαν
3586 1869 3696 1934 γά-

2110 1982 2229 2035 μον.
2286 1963 2378 2034 Τῷ
2423 1963 2532 2034 γὰρ
2582 1961 2785 2031 γενικῷ
2822 1960 3169 2032 χρησάμενος
3211 1958 3309 2027 τῆς
3344 1960 3696 2029 ἀκαθαρσίας

2112 2056 2363 2125 ὀνόματι,
2394 2051 2911 2117 τούτουλςνᾶπαντας
2945 2048 3411 2122 συμπεριείληφεν
3451 2053 3509 2106 ἐν
3553 2052 3698 2123 βρα-

2108 2149 2215 2218 χεῖ.

2192 2240 2281 2293 Ἐν
2339 2240 2395 2295 δὲ
2454 2241 2533 2312 τῷ
2582 2239 2665 2309 κγ’
2712 2241 2919 2305 κανόνι,
2969 2244 3105 2311 Περὶ
3165 2244 3274 2297 τῶν
3318 2241 3434 2305 δύο,
3495 2240 3688 2310 φησὶν,

2108 2334 2343 2402 ἀδελφὰς
2382 2336 2729 2405 γαμούντων,
2756 2336 2903 2398 ὅπως
2931 2334 3131 2405 ἔχομεν
3164 2335 3421 2405 κρίσεως,
3454 2333 3564 2387 ἀπὸ
3592 2332 3689 2385 τοῦ

2109 2427 2575 2498 ἑκπεψωνημένου
2631 2428 2762 2497 ἡμῖν
2816 2427 3198 2492 ὲπιστολιδίου,
3233 2420 3293 2479 οὖ
3334 2425 3394 2478 τδ
3427 2426 3693 2495 ἀντίγρα-

2111 2536 2210 2588 φον
2264 2517 2689 2588 ἀπεστάλκαμέν
2725 2535 2818 2572 σου
2858 2522 2924 2589 τῇ
2962 2518 3238 2589 εὐλαϐείᾳ,
3275 2516 3334 2570 εὖ
3365 2518 3507 2587 μάλα
3531 2518 3683 2587 εῐσῃο

2108 2611 2312 2680 ταύτην
2353 2609 2417 2681 δὴ
2455 2610 2629 2678 λέγων
2671 2608 2769 2680 τὴν
2807 2613 2945 2680 πρὸς
2977 2611 3239 2680 Διόδωρον
3267 2608 3586 2676 ἐπιστολὴν,
3624 2608 3687 2676 ἢν

2110 2705 2207 2756 καὶ
2257 2701 2391 2771 πρὸς
2442 2702 2532 2755 τὸν
2580 2703 2738 2769 ἆγιον
2780 2703 3070 2771 πέπομφεν
3110 2702 3495 2771 Ἀμφιλόχιονο
3529 2700 3611 2772 τῷ
3636 2699 3687 2752 δὲ

2108 2793 2348 2859 λαϐόντι,
2381 2794 2540 2864 φησὶ,
2575 2793 2667 2847 τοῦ
2721 2794 2852 2846 ίδίου
2897 2794 3128 2861 ἀδελφοῦ
3180 2793 3277 2865 τὴν
3319 2795 3576 2864 γυναῖκα,
3628 2790 3683 2843 οὗ

2112 2885 2378 2956 πρότερον
2417 2886 2579 2947 τόπος
2624 2885 2911 2955 μετανοίας
2943 2886 3252 2957 δοθήσεται,
3283 2885 3412 2956 πρὶν
3442 2882 3512 2938 ἂν
3561 2882 3685 2936 ταὺ-

2109 2995 2207 3048 της
2246 2979 2481 3048 ἀποστῇ.

2183 3069 2398 3139 Ταύτης
2422 3072 2519 3140 τῆς
2550 3071 2836 3140 ἐπιστολῆς
2864 3074 2959 3127 καὶ
2987 3071 3015 3123 ό
3048 3069 3120 3124 νδ¹
3178 3070 3276 3140 τῆς
3303 3070 3470 3139 ἕκτης
3526 3069 3682 3122 συνέ-

2111 3161 2202 3215 δου
2256 3161 2438 3215 κανὼν
2480 3162 2775 3232 μέμνηται,
2828 3163 2921 3215 καί
2972 3177 3179 3233 φησιν·
3224 3162 3284 3215 Ei
3329 3164 3424 3215 καί⁵
3471 3162 3684 3230 ὀλίγους

2109 3254 2219 3308 τῶν
2270 3255 2662 3324 ἀπειρημένων
2733 3256 2930 3323 γάμων
2999 3256 3028 3306 ὁ
3089 3254 3247 3328 ἅγιος
3300 3252 3681 3324 ὴριθμὴσατι)⁹

2113 3351 2293 3418 σιωπῇ
2319 3348 2374 3401 δὲ
2408 3349 2534 3411 τοὺς
2581 3348 2801 3411 πλείους
2830 3347 3034 3402 τούτων
3079 3347 3451 3419 παρέδραμεν,
3489 3348 3576 3400 ἵνα
3608 3348 3679 3416 μὴ

2108 3440 2201 3492 τὸν
2255 3440 2412 3507 λόγον
2447 3440 2842 3511 καταρῥυπάνῃ
2901 3441 3014 3501 τοῖς
3042 3437 3290 3510 βεὸἠλοις
3335 3439 3583 3507 ὀνόμασιν
3616 3440 3676 3506 τῇ

2110 3531 2207 3601 τῆς
2230 3529 2570 3602 ἀκαθαρσίας
2610 3530 2771 3599 μόνον
2802 3532 2995 3599 γενικῇ
3031 3528 3377 3600 προσηγορία
3416 3530 3543 3591 τοὺς
3582 3543 3679 3579 πα-

2113 3622 2381 3693 ρανόμους
2413 3619 2733 3690 σύμπαντας
2765 3618 3053 3682 ὑποδείξας
3085 3618 3319 3687 γάμους,
3356 3616 3473 3672 ἀλλ’
3521 3618 3677 3687 ἡμεῖς

2110 3710 2390 3783 ὁρίζομεν,
2415 3711 2506 3764 τὸν
2532 3713 2598 3781 τῇ
2630 3710 2809 3781 οἰκείᾳ
2834 3709 3100 3783 ὲξαδὲλφῃ
3128 3709 3382 3780 γαμικῶς
3414 3708 3678 3762 συναπτό-

2112 3819 2296 3875 μενον,
2337 3802 2371 3875 ﬁ
2428 3802 2640 3873 πατέρα
2677 3801 2770 3855 καὶ
2819 3802 2954 3867 υἱὸν,
3009 3804 3179 3873 μητρὶ
3239 3803 3334 3854 καὶ
3366 3800 3670 3869 (iurationi;

2107 3896 2203 3951 δύο
2256 3894 2537 3965 ἀδελφαῖς,
2588 3894 2800 3966 πατέρα
2834 3893 2930 3948 καὶ
2983 3893 3117 3959 υίδν,
3170 3893 3201 3963 ἢ
3243 3892 3502 3960 ἀδελφοὺς
3556 3892 3671 3956 δύο,

2107 3990 2261 4044 δυσὶν
2291 3987 2572 4057 ἀδελφαῖς,
2605 3987 2711 4040 ὑπὸ
2738 3987 2827 4039 τὸν
2861 3986 2958 4053 τῆς
2991 3986 3284 4049 ἑπταετίας
3323 3987 3534 4038 πίπτειν
3563 4001 3669 4035 κα-

2109 4084 2257 4147 νόνα,
2284 4080 2688 4151 ἀφισταμένους
2731 4079 3000 4149 πρότερον
3030 4076 3125 4131 τοῦ
3152 4076 3470 4144 παρανόμου
3499 4089 3670 4125 συνοι-

2107 4178 2314 4232 κεσίου.

2189 4268 2248 4322 '0
2281 4268 2337 4321 δὲ
2360 4264 2453 4319 τοῦ
2488 4264 2725 4335 μεγάλου
2759 4261 3039 4317 Βασιλείου
3085 4260 3242 4322 αὖθις
3285 4260 3365 4325 EC’
3415 4257 3670 4329 τὴνάδελ-

2108 4359 2367 4431 φομιξίαν
2392 4361 2472 4420 εἰς
2526 4357 2700 4409 εἰκοσι
2743 4355 2992 4426 χρόνους,
3020 4352 3095 4416 ὡς
3125 4354 3218 4406 καὶ
3247 4353 3339 4404 τὸν
3367 4352 3539 4421 φόνον,
3573 4348 3667 4415 τῆς

2035 4459 2079 4514 ι)
2109 4452 2391 4509 κοινωνίας
2418 4447 2691 4502 ἐκϐάλλει.

2189 4544 2249 4597 '0
2282 4542 2338 4597 δὲ
2373 4543 2475 4610 ξη’,
2520 4542 2585 4596 Ἠ
2615 4541 2716 4611 τῆς
2741 4542 3140 4611 ἀπειρημένης,
3178 4544 3332 4610 φησι,
3358 4538 3666 4607 συγγενείας

2107 4638 2245 4707 πρὸς
2280 4637 2459 4704 γάμον
2501 4634 2786 4701 σύστασις,
2819 4636 2868 4687 εί
2909 4633 3214 4703 φωραθείη,
3250 4634 3314 4685 τὰ
3340 4633 3445 4685 τῶν
3470 4633 3664 4701 μοιχῶν

2104 4729 2360 4800 ἐπιτίμια
2388 4728 2600 4793 δέξεται
2622 4743 2638 4759 ο
2673 4727 2818 4799 ἅπερ
2862 4727 3001 4780 είσὶν
3032 4727 3066 4796 ἡ
3097 4727 3177 4789 είς
3209 4724 3271 4778 ιε’
3307 4726 3525 4796 χρόνους
3568 4724 3665 4791 τῆς

2106 4819 2390 4881 κοινωνίας
2421 4818 2698 4888 στέρησις,
2751 4816 3019 4887 πρότερον
3062 4816 3157 4870 τοῦ
3207 4818 3388 4887 γάμου
3433 4816 3664 4867 διασπω-

2106 4912 2293 4984 μένου.
3260 4910 3267 4919 ”

2188 5006 2247 5060 Ὀ
2274 4998 2338 5059 ’δὲ
2363 5011 2457 5073 oe',
2499 5006 2562 5057 ’0
2587 5003 2789 5074 ἀδελφῇ
2816 5003 2945 5072 ἰδίᾳ,
2975 5002 3039 5053 ἐκ
3076 5000 3301 5070 πατρὸς,
3343 5000 3375 5071 ἢ
3436 4996 3657 5068 μητρὸς,

2107 5097 2489 5167 συμμιανθεῖς,
2525 5093 2743 5150 καὶτοῦ
2780 5095 2929 5147 οἴκου
2968 5092 3069 5160 τῆς
3120 5092 3423 5161 προσευχῆς
3456 5086 3664 5152 ἐξωθείο

2105 5190 2237 5255 σθω,
2271 5193 2455 5259 φησὶν,
2483 5189 2589 5252 ἕως
2624 5187 2690 5242 ἂν
2715 5188 2927 5256 ἀποστῇ
2958 5186 3053 5255 τῆς
3087 5184 3350 5253 ἀθεμίτου
3374 5184 3463 5234 καὶ
3491 5195 3662 5245 παρα-

2103 5281 2270 5351 νόμου
2314 5281 2533 5350 μίξεως.
2593 5278 2994 5348 Ἀποσχόμενος
3039 5276 3096 5329 δὲ
3148 5277 3242 5328 καὶ
3290 5275 3448 5341 ἀξίως
3500 5285 3662 5339 μετα-

2102 5373 2325 5442 νοήσας.
2358 5373 2497 5443 μετὰ
2526 5370 2732 5424 δώδεκα
2770 5369 2865 5438 ἔτη
2901 5368 2999 5438 τῆς
3054 5367 3204 5430 θείας
3256 5362 3511 5430 ἀξιούσθω
3539 5375 3661 5410 κοι-

2102 5482 2316 5525 νωνιας.

2186 5555 2243 5609 Ὀ
2264 5556 2320 5608 δὲ
2352 5562 2463 5622 ος’,
2512 5557 2569 5609 ’0
2624 5556 2783 5620 αὐτὸς
2818 5554 2980 5620 ἔστω,
3016 5552 3175 5623 φησὶ,
3203 5549 3370 5611 τύπος
3399 5549 3483 5600 καὶ
3525 5539 3657 5612 περὶ

2005 5684 2007 5687 ι
2100 5648 2208 5703 τῶν
2229 5648 2326 5711 τὰς
2347 5649 2581 5719 ονύμφας
2621 5649 2798 5702 αὐτῶν
2834 5646 3220 5719 λαμϐανόντων

2187 5740 2247 5790 ’0
2279 5738 2336 5791 δὲ
2368 5737 2468 5808 aq"
2499 5740 2562 5791 Οἱ
2598 5738 2691 5792 δύο
2720 5738 2956 5807 ἀδελφὰς
2987 5739 3066 5801 είς
3094 5733 3426 5790 συνοικέσιον
3449 5722 3654 5794 mrci-
