3902 6552
243 716 430 762 νοτιτες,
476 696 525 751 εί
577 699 671 752 καὶ
710 698 851 753 κατά
917 698 1212 768 διαφόρους
1242 699 1491 768 χρόνους,

242 791 636 860 διασπασθῆναι
670 793 761 845 τὸν
790 791 1049 861 ἀθέμιτον
1089 792 1291 861 γάμον,
1318 790 1395 861 τῷ
1422 791 1519 860 τῆς
1552 786 1803 859 μοιχείας

244 886 548 940 ὑπόκεινται
580 890 832 957 κρίματι.

314 979 370 1031 '0
390 979 444 1031 δὲ
471 979 568 1031 οθ¹⁶
602 980 709 1032 Καὶ
736 982 784 1032 oi
812 983 932 1043 ταῖς
964 980 1256 1050 μητρυιαῖς
1301 977 1483 1033 αὐτῶν
1517 975 1806 1044 ἐπιμαινό-

246 1089 382 1141 μενοι
426 1070 503 1139 τῷ
534 1071 717 1125 κανόνι
760 1073 1104 1139 ὑπόκεινται,
1151 1066 1195 1139 ᾧ
1220 1071 1317 1125 καὶ
1357 1070 1405 1123 οἱ
1432 1070 1551 1132 ταῖς
1594 1067 1803 1121 ἑαυτῶν

241 1164 485 1229 ἀδελφαῖς
519 1167 999 1236 συμμιαινόμενοι.

315 1253 370 1305 '0
396 1253 451 1307 δὲ
480 1255 577 1322 τῆς
627 1238 1119 1325 ἱνῖἺεοκαισαρείᾳ
1152 1253 1375 1307 συνόδου
1429 1251 1473 1323 β’
1504 1250 1603 1322 τὴν
1649 1249 1802 1303 δυσὶν

238 1346 468 1414 ἀδελφοῖς
502 1346 831 1414 γημαμένην
857 1344 1175 1409 ἐξωθεῖσθαι
1222 1344 1322 1415 τῆς
1376 1343 1675 1413 ἐκκλησίας
1695 1340 1802 1405 ἕως

238 1440 457 1491 θανάτου
488 1437 723 1503 κελεύει,
758 1437 832 1508 μὴ
886 1437 1223 1508 πειθομένην
1273 1437 1434 1491 λῦσαι
1479 1435 1682 1506 δηλαδὴ
1707 1436 1800 1488 τὸν

236 1534 438 1600 γάμον·
499 1532 642 1603 νότῳ
685 1532 743 1585 δὲ
794 1532 1204 1602 περιπεσοῦσαν
1235 1532 1327 1584 τὸν
1383 1530 1612 1585 θάνατον
1643 1531 1801 1583 ἀπει-

234 1624 407 1696 λούση,
441 1626 491 1677 εί
541 1624 962 1693 ἐπαγγέλλεται,
1005 1625 1081 1688 ὼς
1112 1625 1348 1696 ραϊσασα
1381 1624 1535 1678 λύσει
1581 1623 1672 1676 τὸν
1701 1623 1801 1691 γόιο

238 1734 346 1784 μον,
410 1717 811 1786 προσδέχεσθαι
873 1720 954 1781 εἰς
997 1719 1305 1787 μετάνοιαν.
1365 1715 1431 1770 Ei
1474 1717 1531 1770 δὲ
1572 1718 1669 1772 καὶ
1699 1715 1799 1785 τὴν

234 1811 454 1874 γυναῖκα
493 1809 819 1877 τελευτῆσαι
859 1810 1125 1880 συμϐαίη,
1159 1808 1192 1880 ἢ
1241 1808 1337 1862 καὶ
1366 1808 1456 1863 τὸν
1492 1808 1685 1877 ἄνδρα,
1717 1806 1797 1860 ἔτι

231 1903 289 1968 τῇ
337 1899 564 1973 τοιαύτῃ
622 1901 940 1973 παρανομίᾳ
988 1901 1414 1972 ἐνεσχημένους,
1466 1900 1732 1971 δυσχερὴς
1762 1900 1796 1970 ή

236 1990 480 2058 μετάνοια
515 1990 594 2057 τῷ
634 1991 1075 2061 περιλειφθέντι*
1109 1988 1395 2061 ἐλέγχεται
1436 1992 1544 2063 γὰρ
1581 1989 1657 2053 ὡς
1695 1991 1796 2044 ούκ

230 2081 289 2133 ἂν
321 2082 533 2149 ἀπέστη
567 2083 665 2151 τῆς
697 2082 997 2154 ἁμαρτίας.
1032 2085 1079 2136 εἰ
1128 2084 1209 2136 ἔτι
1240 2083 1439 2155 περιῆν
1475 2084 1538 2137 τὸ
1566 2085 1796 2155 ἀποιχόο

232 2189 380 2240 μενον
416 2175 737 2245 πρόσωπον.

303 2348 359 2401 '0
403 2349 460 2425 δὲ
489 2352 593 2421 τῆς
623 2352 682 2405 ὲν
715 2351 962 2424 Ἀγκύρᾳ
993 2360 1072 2407 κε’
1112 2353 1299 2420 ίδικῶς
1337 2355 1467 2427 περί
1521 2371 1665 2420 τινος
1703 2356 1797 2410 ἐκ·

228 2441 558 2513 πεφώνηται,
583 2444 641 2508 ὃς
673 2445 843 2517 κόρην
878 2446 978 2514 μέν
1017 2464 1139 2502 τινα
1168 2449 1594 2518 ἐμνηστεύσατο,
1629 2450 1696 2520 τῇ
1737 2448 1793 2502 δὲ

228 2536 418 2604 ταύτης
472 2535 678 2607 ἀδελφῇ
741 2536 1085 2609 συμφθαρεὶς
1146 2538 1424 2610 ἐγκύμονα
1493 2539 1789 2609 πεποίηκε.

227 2630 367 2682 Μετά
393 2629 447 2681 δὲ
472 2628 635 2681 τοῦτο
654 2629 935 2697 γήμαντος
966 2629 1130 2684 αὐτοῦ
1160 2631 1260 2699 τὴν
1292 2630 1561 2702 μνηστὴν,
1589 2633 1623 2702 ἡ
1657 2631 1794 2700 φθα-

229 2726 370 2790 ρεῖσα
396 2724 503 2776 ύπδ
555 2724 654 2792 τῆς
696 2723 872 2793 λύπης
918 2724 1224 2794 ἀπήγξατο.
1254 2727 1394 2790 Τοὺς
1423 2724 1515 2781 οὖν
1548 2727 1790 2781 συνειδό-

224 2832 313 2877 τας
355 2816 700 2885 ἐψηφίσαντο
745 2819 795 2870 oi
832 2819 1075 2887 Πατέρες
1124 2821 1217 2875 ἐπὶ
1252 2819 1385 2873 δέκα
1414 2821 1510 2892 ἔτη
1566 2821 1641 2893 μὴ
1671 2840 1790 2876 κοι-

228 2908 471 2976 νωνῆσαι.
537 2910 850 2969 Συνειδότες
880 2910 938 2965 δέ
972 2912 1080 2964 είσι
1129 2912 1177 2964 οἱ
1229 2914 1672 2984 συμπράξαντες,
1727 2914 1787 2969 οὐ

227 3000 322 3070 μὴν
346 3005 391 3053 oi
421 3003 642 3071 ἔχοντες
673 3003 858 3067 ἁπλῶς
892 3004 1102 3074 εἴδησιν
1148 3006 1246 3059 καὶ
1293 3006 1537 3061 κωλῦσαι
1597 3007 1671 3078 μὴ
1701 3009 1791 3063 δυ-

223 3091 426 3160 νάμενοι
452 3110 467 3125 ·
506 3093 607 3147 ἐπὶ
630 3094 740 3163 γὰρ
777 3095 885 3149 τῶν
917 3095 1194 3164 ἀθεμίτων
1225 3098 1476 3168 πράξεων
1500 3099 1599 3171 ούχ
1625 3096 1789 3172 ἦττον

220 3182 263 3235 οἱ
301 3183 687 3257 συνεργοῦντες
717 3186 825 3239 τῶν
860 3187 1185 3259 αὐτουργῶν
1215 3192 1607 3261 τιμωροῦνται.

923 3329 1127 3401 Νόμοι-

1208 582 1622 644 SYNTAGMA
1662 580 2376 646 ALPHABETICUM.—
2424 576 2479 644 Γ.

1553 697 1691 767 μετά
1738 694 1801 748 τὸ
1830 696 1875 753 Δ
1905 692 2200 762 accipiunt,
2250 695 2378 748 licet
2408 691 2639 747 diversis
2675 688 3035 760 temporibus,
3078 695 3368 757 postquam
3398 686 3488 739 ἀι-

3340 571 3491 637 1170

1915 793 2140 854 remptze
2202 785 2403 840 fuerint
2459 784 2682 855 incestae
2729 781 2957 853 nuptiae,
2997 779 3253 836 adulterii
3279 777 3489 849 judicio

1913 884 2190 932 lenrntttr.
2346 866 2353 871 ’

1983 962 2269 1023 Cano‘n79
2304 987 2316 1023 :
2347 968 2522 1024 Etiam
2558 970 2615 1037 ii,
2650 969 2900 1040 qui-cum
2932 964 3183 1021 novercis
3218 964 3334 1019 suis
3364 978 3488 1019 sese

1911 1057 2183 1125 polluunt,
2219 1075 2431 1115 canone
2466 1069 2721 1114 tenentur
2751 1060 2967 1120 eodem,
3010 1069 3121 1126 quo
3156 1063 3212 1111 et
3255 1055 3355 1121 illi,
3391 1055 3485 1125 qui

1910 1165 2035 1204 cum
2065 1152 2181 1206 suis
2209 1167 2332 1207 sese
2358 1153 2646 1207 sororibus
2677 1153 2987 1222 inquinant.
3306 1194 3327 1199 ρ
3366 1200 3375 1215 κ

1978 1245 2090 1317 69
2107 1245 2339 1302 Concilii
2360 1260 2488 1302 vero
2502 1245 2961 1302 Neoczesariensis
2983 1260 3159 1300 canon
3211 1242 3485 1299 secundus

1909 1340 2194 1394 mulierem
2226 1354 2351 1395 cum
2397 1339 2614 1394 duobus
2638 1348 2862 1409 nuptam
2906 1337 3166 1392 fratribus
3206 1351 3382 1406 usque
3414 1336 3483 1389 ad

1909 1443 2140 1485 mortem
2194 1432 2391 1502 expelli
2438 1432 2669 1487 ecclesia
2701 1431 2879 1501 jubet,
2929 1432 2974 1484 si
3023 1445 3215 1500 parere
3273 1428 3485 1483 scilicet

1908 1523 2044 1577 nolit
2078 1521 2133 1576 in
2161 1523 2469 1579 dirimendo
2502 1524 2875 1577 matrimonio.
2910 1521 2964 1577 Si
3013 1534 3191 1576 tamen
3224 1521 3276 1574 in
3330 1534 3486 1573 mor-

1907 1614 2034 1669 bum
2071 1615 2345 1689 incidcrit,
2381 1615 2472 1685 qui
2510 1622 2743 1669 mortem
2778 1614 3085 1679 minitetur,
3123 1627 3188 1667 ac
3221 1612 3483 1681 pollicea-

1907 1712 1993 1758 tur
2016 1720 2094 1767 se,
2121 1715 2407 1775 postquam
2429 1706 2786 1769 convaluerit,
2816 1703 3031 1773 nuptias
3059 1704 3480 1770 dirempturam,

1905 1796 2298 1851 admittendam
2348 1812 2473 1852 esse
2531 1798 2599 1851 ad
2656 1796 3058 1867 paenitentiam.
3124 1795 3280 1860 Quod
3316 1794 3361 1848 si
3400 1795 3483 1847 vel

1906 1888 2213 1954 mulierem,
2247 1889 2331 1943 vel
2356 1889 2554 1952 virum,
2583 1890 2736 1944 obire
2755 1897 2985 1942 mortem
3014 1887 3319 1956 contingat,
3350 1886 3479 1939 dum

1904 1981 2082 2035 adlmc
2108 1981 2201 2035 tali
2237 1980 2479 2035 facinore
2504 1989 2632 2035 sunt
2664 1979 2927 2049 implicati
2957 2017 2971 2041 ,
3012 1977 3248 2032 difﬁcilis
3304 1979 3481 2045 pceni-

1900 2074 2062 2128 tentia
2136 2074 2411 2143 superstiti
2488 2088 2733 2143 persona:
2790 2071 3137 2141 relinquitur.
3213 2070 3480 2139 Arguitur

1897 2163 2065 2228 enim,
2101 2163 2244 2233 quod
2276 2178 2304 2215 a
2331 2171 2555 2233 peccato
2587 2161 2895 2217 discessura
2927 2176 3035 2214 non
3086 2158 3268 2222 fuerit,
3299 2158 3344 2212 si
3380 2160 3479 2212 ad-

1898 2257 2004 2311 huc
2041 2266 2322 2327 superstes
2354 2265 2501 2311 esset
2537 2270 2769 2326 persona
2799 2254 3080 2310 defuncta.

1965 2348 2153 2404 Canon
2201 2358 2379 2403 autem
2428 2348 2501 2403 ‘25
2555 2350 2754 2420 Ancyr.
2790 2363 2909 2419 syn.
2944 2348 3011 2402 de
3043 2347 3279 2417 quodam
3310 2362 3476 2417 pecu-

1895 2436 2105 2492 liariter
2134 2447 2215 2491 est
2250 2439 2658 2508 pronuntiatus,
2713 2438 2807 2508 ‘lui
2867 2438 3105 2509 puellam
3140 2439 3245 2492 sibi
3276 2453 3473 2502 quam-

1892 2529 2020 2584 dam
2048 2530 2432 2598 desponderat,
2466 2538 2521 2584 et
2553 2545 2609 2583 re
2640 2540 2828 2599 postea
2857 2545 2982 2584 cum
3009 2530 3129 2598 cjus
3160 2545 3347 2583 sorore
3375 2530 3473 2583 ba-

1892 2621 2027 2685 bita,
2058 2630 2427 2691 praegnantem
2463 2620 2602 2675 banc
2633 2618 2861 2678 fecerat.
2911 2618 3118 2674 Deinde
3173 2619 3464 2674 celebratis

1893 2728 2016 2767 cum
2050 2726 2253 2781 sponsa
2306 2711 2538 2782 nuptiis,
2582 2720 2831 2787 stuprata
2864 2726 3017 2764 soror
3073 2710 3239 2764 animi
3274 2710 3467 2765 dolore

1892 2814 2037 2860 mota
2074 2806 2275 2875 laqueo
2304 2805 2468 2859 vitam
2503 2804 2735 2859 finierat.
2770 2804 2962 2873 Itaque
2994 2803 3249 2859 conscios
3288 2805 3341 2857 in
3376 2820 3468 2857 an-

1892 2913 1993 2953 nos
2045 2898 2232 2954 decem
2289 2899 2556 2955 arcendos
2609 2914 2638 2953 a
2687 2899 3075 2953 communione
3130 2897 3321 2954 Patres
3354 2908 3465 2952 sta.

1892 2998 2137 3046 tuerunt.
2195 2990 2418 3046 Conscii
2466 3006 2597 3046 vero
2626 3001 2757 3046 sunt
2807 2990 3072 3045 facinoris
3128 2990 3458 3060 participes.

1892 3098 1998 3138 non
2034 3084 2127 3154 qui
2161 3084 2484 3155 simpliciter
2520 3083 2600 3139 rei
2639 3083 2889 3138 notitiam
2925 3083 3223 3149 habebant,
3252 3092 3304 3137 et
3336 3098 3464 3152 pro.

1894 3176 2082 3232 bibere
2113 3193 2219 3232 non
2269 3185 2539 3247 poterant.
2588 3175 2724 3232 Nam
2779 3176 2833 3230 in
2891 3174 3115 3231 nefariis
3148 3176 3461 3231 actionibus

1893 3282 2000 3319 non
2032 3268 2215 3323 minus
2248 3268 2326 3322 illi
2358 3269 2451 3339 qui
2486 3268 2689 3324 factum
2722 3269 3003 3339 adjuvant,
3027 3282 3190 3339 quam
3216 3269 3309 3340 qui
3339 3269 3459 3339 ejus

1893 3367 2146 3415 auctores
2169 3371 2317 3424 sunt,
2351 3360 2674 3430 puniuntur.

288 3440 342 3494 '0
360 3443 414 3496 δὲ
448 3449 523 3500 ια’
556 3442 649 3499 τοῦ
698 3446 968 3515 Τιμοθέου
998 3449 1409 3521 Ἀλεξανδρείας
1469 3470 1598 3518 τους
1643 3452 1778 3524 κλη-

1955 3450 2145 3506 Canon
2184 3423 2313 3507 vero
2353 3423 2420 3507 ii
2485 3453 2757 3509 Timothei
2798 3454 3155 3511 Alexandrini
3208 3456 3452 3526 episcopi

218 3532 387 3597 ρικοὺς
424 3534 644 3590 κελεύει
687 3536 761 3607 μὴ
788 3539 1008 3592 ἀπιέναι
1054 3541 1421 3610 καλουμένους
1457 3544 1537 3605 είς
1576 3544 1777 3615 γάμον,

215 3627 256 3676 εί
284 3627 536 3684 πύθοιντο
565 3627 704 3684 εἶναι
732 3633 1073 3703 παράνομον,
1098 3635 1263 3704 εὐχῆς
1286 3634 1447 3703 χάριν
1481 3638 1574 3689 καὶ
1607 3654 1778 3709 προσ-

217 3723 409 3785 φορᾶς·
451 3720 654 3774 πολλοῦ
694 3740 757 3791 γε
818 3724 902 3777 δεῖ
961 3724 1079 3794 μεθ’
1114 3725 1413 3795 ίερολογίας
1478 3728 1775 3798 συζευγνύ-

213 3825 288 3861 ναι
320 3814 441 3877 τοὺς
493 3814 635 3868 οὕτω
668 3815 847 3885 γῆμαι
900 3819 1327 3888 προελομένους,
1368 3821 1452 3873 ἵνα
1497 3822 1570 3891 μὴ
1614 3823 1774 3876 ἀλλο-

212 3905 374 3971 τρίαις
400 3910 816 3979 κοινωνήσωσιν
851 3912 1171 3982 ἁμαρτίαις.
1202 3913 1364 3983 Ζὴτει
1394 3917 1488 3969 καὶ
1519 3918 1577 3968 ἐν
1606 3915 1684 3985 τῷ
1711 3923 1771 3971 ιε’

213 4011 337 4060 assa.
401 4000 501 4053 τοῦ
570 4002 837 4072 παρόντος
873 4005 1166 4075 στοιχείου,
1228 4006 1480 4076 περὶτοῦ
1525 4011 1774 4080 συμφθα-

213 4089 383 4158 ρέντος
408 4097 477 4165 τῇ
508 4093 614 4166 ἰδίᾳ
643 4096 901 4169 πενθερᾷ.

959 4227 1167 4298 Νόμοι.

281 4359 335 4411 Ὀ
365 4361 626 4431 ἀθέμιτος
656 4361 716 4416 ού
748 4362 1064 4432 βεϐαιοῦται
1095 4368 1274 4437 γάμος
1296 4386 1309 4402 ’
1347 4369 1435 4425 διὰ
1467 4372 1648 4443 τοῦτο,
1672 4377 1768 4431 ἐὰν

208 4454 303 4521 πρὸ
333 4457 669 4529 κατηγορίας
694 4459 850 4530 λυθῇ,
888 4467 1256 4534 συγχωρείται
1286 4469 1319 4537 ἡ
1356 4471 1550 4540 ποινή.

280 4627 395 4683 Ἐπὶ
442 4632 537 4686 τοῦ
573 4634 630 4687 ἐν
662 4636 855 4708 ἀγνοίᾳ
896 4641 1193 4708 γενομένου
1240 4643 1501 4715 ἀθεμίτου
1554 4650 1760 4719 γάμου,

1882 3545 2150 3613 praecipit,
2184 3554 2245 3600 ut
2268 3545 2479 3613 clerici,
2515 3561 2687 3616 quum
2718 3548 3045 3615 invitantur,
3086 3549 3314 3603 minime
3346 3565 3454 3602 nn-

1880 3639 2021 3708 ptias
2058 3641 2278 3707 adeant,
2308 3639 2353 3694 si
2388 3640 2627 3696 nefarias
2656 3657 2778 3697 esse
2821 3653 3177 3713 cognoscant,
3225 3659 3450 3712 precum
3548 3636 3562 3648 κ

1877 3742 1928 3783 et
1955 3730 2250 3785 oblationis
2311 3747 2503 3788 causa.
2552 3733 2789 3789 Tantum
2848 3738 3025 3799 abest,
3071 3746 3126 3791 ut
3191 3736 3330 3792 rotis
3364 3751 3453 3790 sa-

1876 3821 1989 3876 cris
2026 3821 2517 3879 intervenientibus
2557 3840 2652 3880 eos
2685 3827 3021 3895 conjungere
3053 3827 3310 3892 debeant,
3357 3827 3450 3895 qui

1876 3914 2096 3982 nuptias
2134 3914 2450 3984 bujusmodi
2500 3920 2826 3972 contrahere
2860 3919 3083 3985 volunt,
3115 3935 3182 3973 ne
3220 3922 3450 3987 partici-

1874 4022 1970 4076 pes
2001 4006 2232 4061 aliorum
2263 4019 2613 4078 peccatorum
2654 4009 2804 4065 flatit.
2837 4011 3063 4077 Quaeras
3090 4011 3260 4066 etiam
3295 4012 3349 4065 in
3384 4013 3445 4064 lii

1873 4116 1993 4168 cap.
2042 4101 2123 4155 lit.
2171 4104 2457 4171 praesentis
2505 4104 2573 4159 de
2603 4119 2668 4157 eo
2698 4106 2789 4175 qui
2838 4119 2963 4158 cum
3016 4107 3232 4175 propria
3282 4121 3446 4161 soi-ru

1873 4193 2262 4249 commercium
2304 4194 2514 4251 habuit.

2561 4288 2721 4364 Leges
2732 4331 2746 4346 .

1943 4379 2212 4437 Incestum
2278 4384 2689 4438 matrimonium
2732 4399 2838 4439 non
2880 4386 3444 4442 contirmaturJdeo-

1870 4486 1976 4542 que
1999 4473 2045 4527 si
2070 4483 2196 4529 ante
2222 4476 2632 4531 accusationem
2667 4476 2911 4532 solutum
2939 4479 3039 4543 sit,
3069 4494 3230 4549 paena
3261 4481 3444 4536 remit-

1871 4566 2020 4621 titur.
2520 4614 2523 4617 Α
3312 4576 3319 4587 ³

1939 4657 1997 4713 lu
2028 4661 2234 4730 nuptiis
2274 4662 2504 4737 incestis
2547 4681 2642 4734 per
2700 4666 3060 4736 ignorantiam
3118 4672 3436 4735 contractis,

205 4716 371 4775 δίδωσι
391 4725 729 4798 συγγνώμην
753 4732 897 4800 καὶὴ
923 4732 1239 4802 Ἐκκλησία,
1273 4740 1365 4793 καὶ
1392 4740 1423 4795 ή
1451 4716 1762 4816 ἐπανόρθω-

2107 4716 2121 4730 .
2220 4716 2223 4717 ν
2547 4716 2633 4734 τν-
3123 4716 3436 4735 "un—ww.

1894 4755 2078 4809 'cniam
2115 4757 2207 4810 dat
2239 4766 2350 4813 tam
2394 4756 2661 4822 Ecclesia,
2698 4774 2865 4825 quam
2898 4761 3102 4827 peccati
3132 4762 3439 4827 correctio,

207 4825 280 4871 σις
316 4817 402 4868 τοῦ
449 4818 861 4889 ἁμαρτήματος
925 4827 1019 4878 καὶ
1068 4826 1304 4894 μάλιστα
1351 4831 1401 4883 εἰ
1444 4834 1629 4902 μήπου
1676 4853 1760 4902 τις

202 4904 352 4959 αὑτοῦ
384 4911 788 4982 κατηγόρησεν.
1248 4929 1309 4957 α

265 4998 324 5093 Qi
364 5002 715 5072 αίμομίκται,
770 5007 880 5060 είτε
915 5012 1106 5075 γονεῖς
1122 5012 1260 5084 πρὸς
1299 5016 1490 5083 τέκνα,
1526 5021 1558 5093 ἢ
1594 5023 1756 5079 τέκνα

202 5088 330 5186 πρὸς
350 5098 550 5158 γονεῖς,
584 5096 616 5165 ἢ
665 5097 885 5167 ἀδελφοὶ
922 5102 1062 5169 πρὸς
1116 5105 1376 5175 ἀδελφὰς,
1402 5088 1557 5179 ξίφει⁷
1582 5132 1755 5186 τιμω-

205 5179 509 5278 ρείσθωσαν.
539 5188 602 5240 Οί
631 5188 686 5240 δὲ
715 5192 834 5244 κατ’
868 5192 1035 5261 ἀλλην
1065 5196 1393 5265 συγγένειαν
1416 5204 1553 5275 πρὸς
1593 5179 1755 5278 ἀλλή-

202 5268 310 5368 λους
341 5281 823 5352 συμφθειρόμενοι,
857 5290 1123 5358 τουτέστι,
1158 5295 1340 5365 πατὴρ
1386 5298 1466 5362 εἰς
1518 5306 1753 5368 γυναῖκα

201 5362 324 5462 υἱοῦ,
355 5369 386 5438 ἢ
417 5372 533 5435 υίὸς
579 5376 657 5437 είς
688 5366 922 5445 γυναῖκα
961 5384 1188 5454 πατρὸς,
1233 5362 1403 5457 ἤγουν
1454 5362 1748 5462 μητρυιὰν,

201 5452 228 5521 ἢ
264 5464 501 5556 πατρῳὸς
540 5467 621 5529 είς
679 5472 976 5544 προγόνην,
1011 5475 1043 5545 ἢ
1075 5452 1326 5546 νάδελρδς
1377 5452 1465 5546 εἰς.
1517 5452 1747 5556 ἀδελφού

199 5554 432 5648 γυναῖκα,
490 5557 522 5627 ἢ
557 5559 699 5624 θεῖος
728 5563 810 5625 είς
853 5565 1097 5635 ἀνεψιὰν,
1148 5570 1180 5641 ἢ
1212 5573 1433 5642 ἀνεψιὸς
1459 5579 1538 5639 εἰς
1574 5554 1745 5648 θείαν,

198 5635 329 5741 ἥτις
356 5645 447 5700 δύο
472 5650 793 5726 ἀδελφὰς,οῆ
832 5658 912 5721 είς
955 5635 1180 5730 μητέρα.
1205 5635 1363 5733 ξένην
1405 5635 1497 5721 καὶ
1645 5635 1746 5726 αύἐ

196 5732 282 5831 τὶς
308 5732 599 5811 θυγατέρα,
631 5746 723 5797 καὶ
751 5748 809 5799 ὲν
852 5750 1058 5820 εἰδήσει
1093 5747 1238 5809 οὗτοι
1275 5760 1619 5831 μιγνύμενοι,
1650 5782 1746 5819 τυ-

196 5823 429 5917 πξάμενοι
463 5837 981 5908 ῥινοκοτνττθωσαν,
1030 5845 1185 5900 αὐτοί
1233 5866 1291 5902 τε
1323 5852 1417 5905 καὶ
1448 5851 1538 5917 αἷς
1588 5875 1743 5911 συνε-

196 5911 477 5989 φθάρησαν.

259 6010 315 6061 Οἱ
351 6018 478 6088 πρδς
508 6022 686 6095 γάμον
720 6031 1136 6101 συναπτόμενοι,
1172 6035 1201 6107 ἢ
1237 6036 1411 6103 ἄλλως
1460 6045 1738 6109 σαρκικῶς

1868 4847 2197 4916 praesertim,
2231 4848 2274 4902 si
2316 4848 2548 4904 necdum
2585 4851 2712 4919 quis
2741 4866 2834 4904 eas
2869 4853 3171 4908 accusavit.

1930 5020 2030 5085 Qui
2067 5037 2123 5076 se
2168 5023 2388 5092 proprio
2421 5024 2670 5091 sanguini
2714 5025 2974 5093 miscent,
3018 5029 3135 5082 sive
3180 5040 3437 5099 parentes

1861 5128 1980 5167 cum
2017 5113 2228 5179 liberis,
2260 5116 2373 5171 sive
2405 5117 2563 5171 liberi
2596 5133 2719 5172 cum
2757 5121 3097 5187 parentibus,
3129 5124 3211 5175 vel
3240 5124 3435 5179 fratres

1859 5221 1980 5261 cum
2011 5207 2312 5271 sororibus,
2341 5209 2520 5279 gladio
2548 5212 2868 5278 puniantur.
2896 5212 2998 5279 Qui
3022 5224 3204 5271 autem
3238 5222 3300 5274 cit
3326 5211 3433 5275 alio

1857 5301 2199 5366 cognationis
2236 5302 2407 5371 gradu
2432 5303 2665 5360 invicem
2704 5307 2807 5362 sibi
2838 5318 3088 5379 stuprum
3123 5314 3428 5377 intulerint,

1855 5393 2019 5447 veluti
2042 5405 2191 5462 pater
2215 5396 2400 5461 nurui,
2427 5397 2509 5452 vel
2530 5398 2681 5455 filius‘
2698 5404 2850 5458 uxori
2871 5407 3063 5473 patris,
3088 5407 3193 5461 hoc
3209 5416 3311 5470 est,
3334 5425 3432 5461 no-

1854 5500 2049 5552 vercae,
2076 5487 2158 5540 Vt‘l
2184 5490 2714 5561 vitricusjprivignae,
2733 5496 3003 5556 velfrater
3030 5501 3186 5552 uxori
3212 5498 3425 5566 fratrs,

1855 5576 1937 5632 vcl
1986 5588 2216 5647 patruus
2253 5589 2347 5634 aut
2385 5585 2692 5639 avunculus
2722 5584 2841 5640 filia:
2872 5585 3058 5642 fratris
3089 5588 3170 5643 vel
3195 5591 3424 5658 sororis,

1852 5671 1932 5724 vel
1956 5670 2104 5726 filius
2129 5671 2312 5728 fratris
2337 5678 2652 5733 autsororis
2672 5680 2957 5748 amitiegvel
2986 5690 3310 5748 matcrterae,
3338 5686 3422 5740 vel

1846 5764 1939 5832 qui
1974 5765 2185 5820 duabus
2215 5770 2523 5836 sororibus,
2566 5780 2660 5826 aut
2714 5774 2874 5826 matri
2910 5784 3147 5829 externae
3176 5791 3240 5830 ac
3270 5777 3418 5832 illius

1846 5856 1970 5911 filia:
2002 5858 2182 5912 Sciens
2205 5861 2277 5913 ita
2312 5876 2371 5916 se
2398 5863 2620 5923 miscet;
2652 5865 2734 5919 Itis
2768 5865 2953 5930 simul;
2980 5875 3034 5919 et
3068 5869 3416 5935 mulieribus,

1845 5966 1983 6020 quas
2011 5963 2349 6020 stuprarunt,
2388 5956 2689 6011 verberatis
2733 5972 2891 6012 nares
2925 5961 3339 6017 abscindantur.

1914 6047 2016 6113 Qui
2051 6050 2400 6105 matrimonio
2457 6052 2880 6122 conjunguntur,
2944 6058 3225 6125 velalitcr
3260 6076 3413 6114 com-
