3902 6552
280 504 429 570 Ῐίἷ3

1274 523 1682 584 SYNTAGMA
1730 526 2354 589 ALPIIABETICUM.
2399 556 2464 569 --
2503 525 2561 590 Γ.

3388 521 3536 589 11Ἱῖ

272 623 545 691 αισχῦναι
603 625 704 697 τὴν
745 631 1081 700 χιιροτονίαν
1139 636 1563 706 προσομιλοῦσαι
1598 640 1783 714 γάξξῳ,
1821 639 1852 710 ἢ

1959 642 2357 695 ordinationem
2400 638 2780 707 dehonestare,
2841 642 2927 697 vel
2979 641 3416 708 matrimonium,
3445 647 3527 699 Vel

270 713 420 786 ἄλλῃ
462 716 577 785 βίου
603 721 853 789 πορνείᾳ,
889 723 1123 779 θανάτου
1158 729 1477 798 γενήσονται
1519 713 1717 801 ἔνοχοι,
1762 736 1854 785 καὶ

269 804 391 864 τοῖς
425 805 611 857 αὐτῶν
640 813 1075 885 μοναστηρίοιςῆ
1115 819 1235 880 ταῖς
1281 820 1463 873 αὐτῶν
1536 822 1856 892 ἐκκλησίαις

269 892 328 941 al
357 893 547 945 αὐτῶν
578 900 886 966 περιουσίαι
932 907 1507 977 προσκυρωθήσονται.
1558 911 1619 962 Oi
1665 910 1721 962 δὲ
1752 912 1855 979 γῆ·

273 998 377 1049 μαι
446 986 542 1036 καὶ
594 990 811 1057 φθεῖραι
873 993 1044 1057 αὐτὰς
1106 997 1476 1067 τολμήσαντες
1561 1000 1856 1054 ὑπεύθυνοί

270 1077 380 1163 εἱσι
414 1073 585 1144 ξὶφει,
619 1078 714 1137 καὶ
752 1081 849 1151 τὴν
899 1085 1086 1139 οὐσίαν
1141 1088 1321 1143 αὐτῶν
1353 1091 1412 1143 τὸ
1461 1091 1723 1163 δημόσιον
1754 1094 1855 1163 λή-

267 1161 467 1231 ψετκει.

458 1258 593 1328 Περὶ
628 1265 930 1330 γυναικῶν
957 1269 1255 1347 διακόνων
1298 1275 1648 1345 καινχηρῶν.

344 1346 587 1419 Ἕτερον
631 1354 676 1405 δ’
708 1351 777 1426 ἦν
830 1374 961 1410 ποτε
1015 1362 1073 1413 τὸ
1106 1362 1216 1415 τῶν
1267 1365 1530 1422 διακόνων
1582 1372 1856 1439 γυναικῶν

264 1439 489 1533 ταγμα,
524 1443 619 1533 καὶ
657 1445 845 1514 ἕτερον
881 1450 941 1501 τδ
969 1450 1078 1505 τῶν
1109 1454 1327 1524 χηρῶν
1364 1458 1461 1521 τὰς
1522 1460 1620 1529 μὲν
1659 1462 1766 1533 γὰρ
1796 1464 1856 1516 re

226 1564 231 1569 ’
264 1529 366 1596 τῆς
406 1532 710 1600 παρθενίας
747 1537 1013 1607 ἑλομένοις
1043 1545 1260 1612 σεμνὸν,
1307 1549 1395 1601 καὶ
1436 1552 1627 1620 πεῖραν
1667 1529 1764 1622 τῆς
1798 1555 1855 1607 ὲν

265 1622 472 1691 ἁγνείᾳ
503 1624 650 1717 ζωῆς
688 1629 747 1680 ἐν
788 1631 865 1699 τῷ
898 1641 1325 1709 τεσσαρακοστῷ
1356 1642 1533 1712 χρόνῳ
1574 1661 1856 1717 παρασχο-

267 1714 474 1808 μενας,
507 1715 788 1784 διακόνους
829 1723 877 1775 oi
912 1726 1149 1798 Πατέρες
1197 1731 1585 1801 ἐχειροτόνουν.
1627 1736 1699 1788 Τὸ

264 1804 692 1879 εὐεξαπάτητον
748 1814 925 1871 αὐτῶν
976 1821 1074 1872 καὶ
1136 1823 1270 1891 πρὸς
1322 1825 1519 1881 κακίαν
1578 1827 1854 1883 εὐόλισθον

264 1896 652 1971 ὑφορώμενοι,
686 1908 765 1969 ei;
793 1902 950 1962 τοῦτο
979 1912 1072 1965 τοῦ
1106 1914 1295 1985 χρόνου
1324 1920 1654 1987 χειροτονεῖν
1682 1920 1853 1984 αὐτὰς

1957 733 2102 786 aliud
2153 733 2253 787 iter
2282 734 2403 788 vitae
2455 738 2736 799 sectanda.
2771 740 2967 791 mortis
3008 751 3112 790 reae
3153 737 3304 802 fient,
3333 750 3387 791 et
3410 753 3529 791 mo-

1956 824 2214 878 nasteriis
2278 840 2509 889 earum,
2566 827 2648 880 vel
2679 842 2867 881 earum
2914 826 3186 894 ccclesiis,
3234 827 3525 883 facultates

1957 922 2297 976 addicentur.
2349 924 2451 989 Qui
2499 933 2680 980 autem
2735 925 2881 995 ipsas
2941 940 3140 979 uxores
3188 926 3414 993 ducere,
3446 928 3526 982 vel

1957 1023 2208 1081 stuprare
2239 1013 2443 1069 fuerint
2473 1016 2620 1079 ausi.
2685 1016 2848 1086 gladii
2884 1032 3101 1087 poenam
3145 1026 3449 1082 merentur,
3473 1028 3528 1073 et

1958 1103 2248 1161 facultates
2288 1122 2480 1162 eorum
2513 1108 2678 1163 fiscus
2710 1110 2962 1181 accipiet.

2378 1284 2450 1337 De
2472 1286 2786 1341 diaconissis
2824 1297 2873 1340 et
2913 1289 3104 1344 viduis.

2025 1374 2159 1428 Erat
2182 1382 2362 1429 autem
2394 1376 2525 1430 olim
2554 1378 2695 1431 alius
2718 1381 2854 1433 ordo
2876 1381 3330 1442 diaconissarum.
3364 1391 3527 1453 atque

1957 1467 2097 1522 alius
2129 1467 2449 1534 viduarum;
2488 1468 2608 1525 illas
2642 1471 2789 1524 enim
2830 1472 3159 1541 virginitatis
3218 1475 3385 1529 decus
3430 1476 3528 1529 eli—

1956 1567 2166 1627 gentes.
2202 1568 2255 1613 et
2303 1561 2429 1622 vitae
2488 1570 2655 1615 castae
2716 1563 3016 1631 specitnina
3071 1566 3137 1617 ad
3202 1582 3402 1621 annum
3457 1568 3527 1621 40

1957 1651 2298 1717 exhibentes,
2327 1652 2518 1708 Patres
2552 1655 2894 1712 diaconissas
2937 1658 3259 1713 ordinarunt
3287 1678 3301 1725 ;
3326 1661 3524 1714 etenim

1955 1756 2144 1796 earum
2195 1744 2597 1812 simplicitatem
2657 1754 2715 1800 et
2781 1747 2845 1800 ad
2892 1747 3092 1800 malum
3131 1749 3526 1816 proclivitatem

1956 1832 2325 1901 suspicantes,
2350 1849 2458 1888 non
2485 1846 2610 1889 ante
2637 1843 2852 1905 tempus
2878 1836 3008 1889 illud
3042 1839 3379 1893 ordinandas
3402 1854 3529 1893 cen-

1956 1923 2343 1993 sebant:qute
2387 1939 2517 1978 vero
2570 1925 2625 1979 in
2676 1925 2966 1980 viduarum
3010 1928 3256 1982 ordinem
3328 1929 3530 1982 admit-

262 1989 450 2085 ᾤοντο
477 1997 588 2050 δεῖν
617 2016 631 2032 ·
667 2000 771 2064 τὰς
795 2002 850 2055 δέ
877 2021 940 2068 γε
991 2010 1423 2079 κατειλεγμένας
1476 2013 1557 2084 τῷ
1608 2015 1851 2084 τάγματι

1958 2014 2133 2068 tendae
2161 2025 2307 2085 sunt,
2333 2031 2428 2072 eas
2454 2030 2564 2071 non
2594 2006 2839 2073 miubres
2870 2034 2992 2074 esse
3027 2020 3226 2075 debere
3256 2018 3324 2073 60
3366 2021 3527 2075 annis

262 2083 375 2135 τῶν
413 2087 627 2156 χηρῶν,
657 2090 730 2162 μὴ
755 2092 973 2147 ἔλαττον
1000 2099 1136 2150 ἐτῶν
1165 2100 1430 2170 ἐξήκοντα
1460 2083 1601 2158 εἶναι
1628 2106 1655 2158 ὀ
1693 2083 1857 2160 Ἀπό-

262 2176 464 2270 στολος
492 2179 788 2250 διορίζεται
813 2200 827 2215 ο
857 2186 952 2238 καὶ
976 2189 1199 2253 εἰκότως
1229 2208 1314 2259 γε.
1348 2194 1581 2249 Ἐκεῖναι
1615 2197 1713 2266 μὲν
1743 2197 1852 2270 γὰρ

260 2266 538 2334 ἄγευστοι
586 2273 685 2342 τῆς
724 2275 819 2328 τοῦ
875 2279 1085 2349 κόσμου
1121 2286 1486 2354 τυγχάνουσαι
1512 2352 1515 2355 _
1542 2266 1761 2358 ἡδονῆς,
1789 2266 1850 2344 ού

261 2361 478 2430 ῥᾳδίως
506 2363 585 2434 τῷ
618 2368 780 2421 πάθει
819 2372 959 2439 μετὰ
990 2373 1080 2428 τὸν
1109 2377 1361 2430 τοσοῦτον
1388 2379 1689 2436 ἁλώσονται
1729 2386 1857 2455 χρό-

261 2469 353 2501 νον
381 2468 399 2481 ’
436 2456 494 2506 αἱ
525 2455 580 2507 δὲ
634 2457 825 2528 χῆραι,
867 2464 1057 2535 ἀνδρὸς
1089 2467 1250 2536 εὐνῆς
1317 2470 1684 2541 πειραθεῖσαι,
1721 2475 1856 2543 μᾶλ-

260 2550 352 2596 λον
385 2545 461 2599 ἂν
517 2553 694 2618 σχοῖεν
742 2553 879 2623 πρὸς
904 2557 964 2608 τὺ
1016 2558 1184 2622 πάθος
1237 2544 1725 2635 ἐπιρῤεπέστερον,
1792 2567 1854 2621 τὸ

259 2642 543 2707 σαρκικὸν
591 2644 771 2698 αὐτῶν
807 2650 1060 2719 φρόνημα
1110 2652 1206 2722 τῆς
1242 2655 1531 2723 συνηθείας
1579 2658 1855 2728 ἐρεθιζού-

259 2747 364 2800 σης
389 2747 406 2760 ο
446 2736 593 2802 παρ’)
620 2738 714 2790 κα)⁸
762 2739 1159 2809 ἑξηκοντούτην
1187 2745 1286 2812 τὴν
1325 2746 1500 2818 χήραν
1547 2745 1686 2801 εἶναι
1727 2750 1857 2819 ὡρί-

259 2839 462 2887 σαντο,
490 2825 567 2888 ὡς
597 2831 730 2897 πρὸς
764 2831 943 2899 γῆρας
971 2834 1232 2905 κλίνασαν
1272 2836 1396 2907 ἢδη,
1432 2839 1595 2908 ἡνίκα
1632 2842 1724 2893 καὶ
1753 2844 1852 2911 τῆς

259 2915 575 2984 ἐπιθυμίας
605 2921 1076 2989 ἀπομαραίνεσθαι
1115 2927 1244 2994 φλὸξ
1278 2927 1481 2983 εἰώθει.
1511 2926 1691 2985 τΗσαν
1731 2931 1857 3001 μὲν-

262 3023 343 3059 τοι
375 3010 481 3059 καὶ
512 3012 680 3080 μήπω
714 3013 848 3081 πρὸς
872 3015 1162 3084 ἑξηκοστὸν
1215 3019 1616 3091 ἀναϐεϐηκυῖαι
1638 3024 1852 3093 χρόνον,

258 3099 604 3168 αἰρούμεναι
657 3105 795 3172 μετά
839 3105 1028 3160 λαῖκοῦ
1077 3111 1359 3182 σχήματος
1414 3119 1750 3185 σωφρονεῖν·
1780 3112 1856 3172 ὧν

258 3196 356 3243 καὶ
398 3195 667 3258 πλειόνως
694 3198 744 3249 οἱ
777 3199 1017 3269 Πατέρες
1061 3204 1397 3273 ἐφρόντιζον,
1442 3207 1475 3279 ἢ
1525 3208 1633 3261 τῶν
1658 3228 1858 3281 χηρευ-

1952 2106 2247 2176 Apostolus
2285 2108 2549 2162 decernit.
2578 2107 2642 2161 Et
2671 2111 2867 2164 merito
2911 2112 3153 2182 quidem.
3200 2111 3308 2167 illae
3346 2114 3521 2176 enim,

1957 2211 2081 2250 cum
2118 2198 2454 2267 voluptatem
2491 2200 2823 2257 mundanam
2853 2219 3129 2270 nunquam
3165 2205 3528 2274 gustaverint,

1954 2296 2078 2358 post
2110 2295 2324 2343 tantum
2362 2291 2630 2360 temporis
2669 2292 2944 2362 elapsum,
2970 2294 3195 2350 libidine
3233 2310 3341 2350 non
3373 2294 3530 2350 facile

1955 2379 2339 2461 abducentur;
2391 2384 2570 2440 vidua:
2620 2394 2801 2440 autem
2836 2372 2939 2440 viri
2976 2390 3372 2444 commercium
3435 2404 3530 2442 ex-

1954 2481 2140 2542 perta-,
2169 2475 2429 2545 majorem
2466 2476 2531 2530 ad
2568 2477 2849 2531 libidinem
2906 2481 3325 2549 propensionem
3359 2480 3530 2532 habr-

1955 2563 2114 2628 bunt,
2147 2568 2549 2622 consuetudine
2584 2570 2796 2623 scilicet
2840 2570 3114 2624 carnalem
3147 2586 3335 2625 earum
3367 2586 3531 2640 appe-

1956 2655 2114 2709 titum
2166 2646 2461 2724 irritante;
2516 2659 2750 2730 ideoque
2822 2662 3040 2715 viduam
3111 2663 3525 2731 sexagenariam

1955 2760 2074 2801 esse
2107 2749 2303 2804 debere
2337 2750 2687 2816 definierunt,
2718 2760 2906 2821 utpote
2945 2754 3009 2806 ad
3046 2761 3382 2807 senectutem
3414 2752 3526 2822 jam

1956 2840 2332 2911 inclinantem,
2359 2858 2470 2912 quo
2516 2852 2760 2912 tempore
2815 2844 3275 2912 concupiscentiae
3312 2843 3529 2896 ﬂamma

1957 2946 2300 2988 marcescere
2361 2936 2523 2989 solet.
2587 2936 2755 2989 Erant
2786 2936 2951 2990 etiam
2985 2937 3104 2990 aliae
3135 2936 3235 3005 71
3275 2951 3395 3005 qua:
3432 2950 3531 2988 an-

1958 3038 2089 3077 num
2126 3027 2530 3095 sexagesimum
2575 3027 2815 3080 nondum
2852 3036 3141 3091 assecutze,
3176 3012 3313 3081 cum.
3337 3026 3526 3079 habitu

1957 3113 2097 3168 laico
2150 3116 2316 3170 vitam
2370 3118 2742 3172 continentem
2792 3119 3371 3188 eligebant;quarum
3408 3133 3525 3170 rna-

1953 3204 2127 3272 jerem
2156 3221 2344 3261 curam
2382 3207 2657 3264 habebant
2690 3207 2880 3265 Patres
2939 3226 3104 3279 quam
3126 3210 3367 3265 virorum
3393 3224 3527 3263 corr-

259 3285 491 3336 σάντων
524 3284 736 3354 ἀνδρῶν
763 3304 778 3319 ⁸
824 3291 917 3342 καὶ
961 3293 1029 3344 τὰ
1078 3295 1216 3364 πρὸς
1265 3298 1473 3367 τροφὴν
1509 3299 1700 3363 αὐταῖς
1746 3302 1852 3354 ἀπὸ

1956 3293 2104 3365 jngio
2136 3298 2510 3353 liberatorum.
2536 3300 2607 3355 Iis
2633 3302 2778 3355 enim
2804 3303 3007 3357 victum
3036 3302 3102 3356 ab
3136 3301 3376 3357 Ecclesia
3399 3316 3527 3370 sup-

261 3374 374 3427 τῶν
409 3376 515 3445 τῆς
555 3378 882 3450 Ἐκκλησίας
920 3382 1238 3453 ἐχορήγουν,
1287 3386 1375 3440 ἴνα
1425 3390 1525 3459 μὴ,
1566 3392 1837 3461 προφάσει

256 3470 360 3521 τοῦ
400 3470 602 3533 ἐνδεῶς
632 3470 797 3542 ἔχειν,
834 3477 970 3545 πρὸς
1013 3476 1266 3549 δεύτερον
1313 3480 1712 3550 ἀναγκασθεῖεν
1747 3484 1851 3547 γά-

260 3580 370 3629 μον
418 3563 571 3631 ξδεῖν,
598 3566 665 3636 ἢν
693 3568 740 3619 οί
772 3568 1143 3638 χηρεύσαντες
1181 3572 1281 3626 οὐκ
1329 3571 1513 3643 ἔχουσι
1549 3574 1853 3645 προϐάλλε-

260 3657 423 3717 σθαι.
458 3658 853 3728 προλυτρόπως
888 3661 955 3715 τὰ
983 3664 1118 3733 πρὸς
1166 3664 1312 3735 ζωὴν
1352 3668 1724 3737 ποριζόμενοι.
1754 3666 1851 3721 Ἐκ

255 3748 313 3800 δὲ
348 3748 463 3817 τῆς
505 3750 640 3818 πρὸς
667 3751 932 3822 Τιμόθεον
976 3754 1205 3826 πρώτης
1233 3755 1326 3809 τοῦ
1356 3758 1595 3827 μεγάλου
1637 3758 1850 3812 Παύλου

258 3842 570 3910 ἐπιστολῆς
605 3843 727 3914 εἴσῃ
783 3845 989 3914 σαφῶς,
1027 3848 1156 3918 ὅσης
1207 3849 1358 3920 παρὰ
1391 3851 1490 3920 τῆς
1521 3850 1851 3920 Ἐκκλησίας

256 3935 317 3985 αἱ
348 3935 527 4001 χῆραι
564 3936 845 4003 φροντίδος
881 3938 1130 4007 ἠξίωντο.

334 4027 412 4076 Δί
456 4025 638 4093 μέντοι
678 4026 917 4081 διάκονοι
959 4033 1219 4097 γυναῖκες
1248 4033 1373 4089 τίνα
1410 4033 1509 4103 τὴν
1544 4034 1851 4105 ὑπηρεσίαν

259 4118 320 4169 ἐν
356 4117 442 4185 τῷ
477 4118 665 4189 κλήρῳ
706 4120 780 4189 τῷ
806 4121 926 4173 τότε
948 4121 1310 4193 ἐξεπλήρουν,
1353 4126 1468 4189 τοῖς
1501 4128 1635 4180 πᾶσι
1663 4126 1849 4197 σχεδὸν

257 4208 544 4277 ἠγνόηται
573 4208 666 4260 νῦν
688 4224 701 4239 ·
742 4209 879 4282 πλὴν
906 4214 1044 4265 εἰσὶν
1072 4214 1121 4266 οἳ
1154 4214 1429 4281 λέγουσιν,
1463 4219 1544 4269 ὅτι
1578 4219 1701 4280 ταῖς
1759 4218 1853 4287 βα-

257 4298 630 4367 πτιζομέναις
650 4299 756 4351 τῶν
778 4301 1052 4367 γυναικῶν
1075 4303 1402 4374 ὑπηρέτουν,
1426 4307 1636 4377 ἀνδρῶν
1648 4308 1852 4378 ὀφθαλ-

263 4396 400 4460 μοῖς
449 4391 511 4443 οὐ
558 4391 780 4461 θεμιτὸν
823 4392 880 4445 ὃν
929 4397 1313 4466 γυμνουμένας
1361 4400 1565 4465 ταύτας
1596 4401 1849 4473 ὁρᾶσθαι,

260 4484 631 4554 ὑπερακμους
688 4485 788 4555 ἤδη
838 4486 1500 4557 βαπτιζομένας.,’Λλλοι
1544 4494 1600 4546 δέ
1662 4511 1848 4563 φασιν,

259 4578 351 4632 ὅτι.
395 4579 490 4629 καὶ
527 4578 607 4640 είς
657 4579 716 4630 τὸ
756 4578 910 4644 ἆγιον
946 4579 1333 4653 θυσιαστήριον
1389 4586 1571 4652 ἐφεῖτο
1621 4586 1848 4651 ταύταις

1955 3388 2387 3465 peditahaut,ne
2442 3393 2779 3465 paupertatis
2832 3402 3097 3464 praetextu
3152 3396 3217 3449 ad
3257 3395 3527 3449 secundas

1957 3481 2177 3548 nuptias
2239 3485 2512 3553 respicere
2571 3501 2798 3542 necesse
2858 3489 3144 3553 haberent,
3197 3480 3389 3558 quem.
3425 3488 3524 3541 viri

1953 3572 2212 3643 COthttgiO
2258 3573 2471 3630 liberati
2527 3580 2863 3647 przetendere
2926 3591 3228 3650 nequeunt,
3276 3581 3525 3650 pluribus

1957 3665 2131 3717 modis
2164 3664 2363 3719 victum
2400 3667 2504 3722 sibi
2550 3683 2951 3738 comparantes.
3003 3673 3077 3725 Ex
3118 3662 3289 3742 prima
3336 3682 3523 3728 autem

1955 3755 2135 3824 magni
2166 3755 2323 3811 Pauli
2347 3757 2595 3828 Epistola
2621 3763 2687 3815 ad
2713 3759 3065 3817 Timotheum
3096 3765 3298 3819 clarius
3323 3764 3522 3827 disces,

1952 3857 2156 3914 quanta
2195 3862 2329 3903 cura
2386 3849 2562 3905 viduae
2592 3852 2661 3906 ab
2714 3852 2955 3910 Ecclesia
3019 3856 3195 3925 digna:
3247 3856 3527 3910 habeban-

1953 3946 2060 3993 tur.
3034 3928 3059 3945 \H

2022 4031 2192 4099 Quale
2224 4041 2405 4089 autem
2451 4036 2816 4092 ministerium
2862 4039 3189 4097 diaconissae
3225 4048 3352 4095 tunc
3386 4051 3525 4093 tem-

1950 4123 2100 4193 poris
2131 4125 2186 4179 in
2218 4125 2364 4180 clero
2388 4127 2713 4196 implebant,
2749 4130 3006 4184 omnibus
3041 4132 3153 4185 fere
3180 4133 3339 4185 hodie
3373 4133 3527 4201 igno-

1953 4224 2065 4269 tum
2099 4226 2201 4271 est.
2232 4217 2370 4273 Sunt
2403 4219 2495 4287 qui
2528 4218 2741 4285 dicunt,
2775 4222 2920 4290 quod
2958 4223 3283 4277 mulieribus
3342 4223 3525 4292 bapti-

1953 4308 2143 4364 zandis
2192 4310 2615 4379 ministrabant;
2665 4315 2869 4383 quippe
2913 4317 3056 4385 quod
3118 4331 3210 4371 eas
3284 4316 3523 4370 virorum

1952 4400 2126 4455 oculis
2152 4402 2326 4456 nudas
2358 4404 2621 4472 conspici,
2657 4405 2959 4474 baptizatas
2993 4407 3179 4475 utique
3216 4423 3339 4461 cum
3372 4414 3527 4462 aetate

1951 4500 2223 4565 provectae
2279 4504 2485 4559 essent,
2521 4494 2675 4550 nefas
2729 4497 3036 4552 videbatur.
3092 4498 3286 4553 Dicunt
3317 4510 3522 4567 autem

1952 4583 2065 4649 alii,
2100 4585 2246 4654 quod
2289 4586 2356 4639 ad
2384 4584 2633 4642 sa‘ncturn
2692 4589 2865 4645 altare
2919 4592 3126 4661 ingredi
3172 4591 3240 4645 iis
3294 4593 3528 4660 permis-

260 4671 640 4742 εἰσέρχεσθαι,
697 4673 887 4725 καὶτὰ
924 4672 1032 4725 τῶν
1087 4674 1355 4729 διακόνων
1411 4678 1621 4747 ἀνδρῶν
1675 4697 1849 4751 παρα-

1957 4690 2077 4727 sum
2110 4686 2247 4740 erat,
2279 4686 2331 4730 et
2353 4677 2710 4733 diaconorum
2739 4679 2910 4735 oﬂicia
2937 4698 3101 4750 prope
3128 4681 3248 4736 illos
3279 4687 3525 4754 exsequi.

260 4765 519 4834 πλησίως
553 4766 735 4827 αὐτοῖς
769 4767 1031 4836 μετιέναι.
1081 4768 1432 4822 Κεκὼλυνται
1464 4770 1521 4823 δὲ
1551 4772 1701 4840 παρὰ
1742 4773 1849 4826 τῶν

262 4859 507 4927 ὕστερον
529 4856 788 4926 Πατὲρων
816 4858 1005 4910 τούτου
1055 4877 1113 4912 τε
1157 4861 1478 4929 ἐπιῦαίνειν,
1510 4866 1602 4917 καὶ
1644 4865 1713 4918 τὰ
1750 4865 1849 4934 τῆς

264 4949 583 5018 ὑπηρεσίας
605 4950 810 5015 ταύτης
841 4950 1220 5021 μετέρχεσθαι,
1256 4951 1344 5006 διὰ
1382 4953 1483 5024 τὴν
1529 4954 1637 5007 τῶν
1668 4956 1850 5026 ἐμμή-

264 5063 379 5097 νων
410 5040 774 5111 ἀπροαίρετον
801 5042 951 5112 eam
976 5059 989 5072 '
1025 5044 1161 5096 ἀλλὰ
1203 5045 1365 5114 βατὸν
1397 5047 1496 5115 μὲν
1522 5043 1659 5100 εἶναι
1680 5046 1848 5102 πάλαι

266 5136 369 5190 καὶ
412 5135 631 5204 γυναιξὶ
671 5135 731 5187 τὸ
760 5136 912 5204 ἆγιον
947 5136 1360 5209 θυσιαστήριον,
1394 5140 1461 5191 ἐκ
1494 5139 1707 5194 πολλῶν
1750 5139 1848 5209 μὲν

265 5232 389 5282 ἔστι
428 5229 525 5280 καὶ
572 5227 747 5282 ἄλλων
775 5229 1309 5297 καταστοχὰσασθαι,
1363 5231 1457 5283 καὶ
1517 5232 1749 5300 μάλιστα
1786 5232 1849 5283 ἐκ

264 5319 363 5371 τοῦ
394 5317 678 5386 ἐπιταφίου
711 5317 893 5386 λόγου,
924 5317 982 5371 ὃν
1011 5318 1105 5371 ἐπὶ
1132 5319 1424 5390 τῇοάδελφῇ
1455 5320 1483 5371 ὁ
1513 5320 1686 5390 μέγας
1710 5321 1851 5391 Γρη-

266 5414 458 5483 γόριος
490 5415 517 5466 ὁ
555 5413 817 5482 Θεολὸγος
854 5415 1145 5484 πεποίηκε.
1197 5416 1435 5470 Γυναῖκα
1471 5417 1528 5469 δὲ
1568 5418 1667 5487 τῆς
1697 5420 1849 5488 ἱερᾶς

270 5508 370 5559 καὶ
402 5506 748 5576 ἀναιμάκτου
803 5507 1051 5574 γίνεσθαι
1086 5506 1275 5569 θυσίας
1325 5508 1593 5577 διάκονον,
1642 5508 1704 5561 οὗ
1760 5527 1850 5578 μοι

269 5594 509 5649 δοκεῖτὸ
547 5595 767 5648 πιθανὸν
797 5595 976 5666 ἔχειν·
1013 5597 1087 5662 ὠς
1144 5597 1293 5650 ἐστιν
1332 5596 1392 5649 οὐ
1442 5595 1601 5663 λόγον
1653 5597 1846 5663 σῶζον,

270 5690 373 5749 τὰς
404 5687 481 5757 μὴ
511 5690 969 5757 συγχωρουμένας
990 5688 1246 5760 ,δημοσία
1289 5688 1586 5752 διδάσκειν,
1631 5700 1708 5750 εις
1738 5687 1852 5739 δια-

274 5778 435 5831 κόνου
477 5779 684 5849 βαθμὸν
745 5780 977 5845 ἀνιέναι,
1036 5775 1117 5845 οἷς
1149 5779 1309 5850 ἔργον
1335 5779 1393 5832 τὸ
1441 5778 1526 5833 διὰ
1561 5779 1720 5847 λόγου
1752 5796 1850 5833 κα-

274 5872 488 5941 θαίρειν
544 5873 669 5936 τοὺς
728 5875 1049 5938 ποοσιόντας
1082 5874 1190 5929 τῶν
1223 5874 1467 5929 ἀπίστων
1524 5873 1619 5925 ἐπὶ
1663 5874 1721 5925 τὸ
1761 5872 1849 5941 βά·

277 5981 508 6018 πτισνια.

1955 4762 2151 4819 Verum
2202 4767 2602 4836 prohibuerunt
2637 4781 2825 4840 postea
2868 4770 3054 4826 Patres
3121 4788 3214 4827 eas
3251 4774 3381 4828 illuc
3435 4790 3529 4829 as-

1951 4858 2201 4924 cendere,
2239 4870 2292 4914 et
2335 4859 2429 4914 illo
2478 4863 2788 4918 ministerio
2837 4864 3082 4935 defungi,
3114 4873 3333 4935 propter
3368 4866 3527 4920 invo-

1953 4950 2250 5008 luntarium
2335 4956 2766 5011 catameniorum
2830 4956 3057 5012 fluxum.
3127 4958 3283 5024 Quod
3340 4971 3523 5014 autem

1951 5044 2277 5102 mulieribus
2337 5046 2405 5101 ad
2448 5057 2711 5103 sanctum
2756 5050 2930 5103 altare
2991 5050 3253 5105 accedere
3312 5051 3522 5105 licitum

1942 5132 2088 5204 erat,
2148 5154 2211 5194 ex
2274 5139 2462 5195 multis
2525 5141 2649 5195 aliis
2684 5141 2957 5212 conjicere
3004 5142 3151 5207 licet,
3206 5153 3259 5197 et
3307 5145 3526 5214 potissi-

1951 5247 2100 5285 mum
2154 5246 2218 5285 ex
2262 5230 2477 5288 funebri
2525 5235 2771 5289 oratione
2801 5251 2966 5303 quam
2995 5236 3049 5290 in
3088 5251 3331 5292 sororem
3378 5253 3527 5303 mag-

1952 5341 2056 5379 nus
2104 5325 2402 5395 Gregorius
2441 5325 2751 5397 Theologus
2795 5328 3005 5383 habuit.
3061 5329 3343 5383 Mulierem
3400 5343 3528 5381 vero

1951 5417 2092 5471 sacri
2127 5423 2180 5471 et
2219 5416 2493 5471 incruenti
2555 5420 2809 5475 sacriﬁcii
2852 5422 3160 5476 ministram
3218 5422 3353 5483 ticri,
3392 5402 3527 5476 nri..i

1951 5506 2099 5562 baud
2126 5508 2426 5564 verisimile
2453 5510 2687 5578 videtur,
2728 5522 2915 5583 utpote
2946 5516 3091 5584 quod
3122 5512 3313 5565 rationi
3343 5511 3524 5565 disso-

1951 5615 2081 5653 num
2105 5599 2312 5664 siteas,
2336 5591 2457 5670 quae
2492 5602 2704 5672 publice
2734 5604 2928 5659 docere
2962 5620 3067 5658 non
3107 5602 3520 5673 permittuntur,

1954 5692 2020 5747 ad
2054 5692 2272 5749 diaconi
2317 5694 2546 5765 gradum
2613 5696 2907 5751 ascendere
2935 5737 2950 5762 ,
2982 5695 3179 5764 quibus
3215 5694 3525 5761 incumbit,

1953 5785 2205 5840 doctrina
2244 5786 2493 5842 infideles
2536 5788 2858 5843 accedentes
2909 5787 2974 5841 ad
3026 5787 3355 5855 baptismum
3393 5802 3527 5856 pur-

1954 5892 2111 5947 gare.
