3902 6558
105 708 109 711 τ
185 660 256 713 νοῦ
286 660 509 728 Νεαρὰν,
544 662 637 712 καὶ
669 662 899 726 Λέοντος
932 663 1026 719 τοῦ
1056 664 1251 732 Σοφοῦ.

189 459 292 524 1181
1135 459 1539 520 ΞΥΝΤᾹΟΜΑ
1576 459 2198 526 ΑΙᾸἾΙᾹΒΕΤΙΕΗΜ.
2242 487 2304 501 -
2348 458 2389 511 Γ
3247 453 3385 527 1182

184 576 304 635 inab;
329 570 517 634 διετίας
542 571 940 643 ἀναλαμϐάνει.
979 576 1120 628 κατὰ
1146 576 1243 645 τὴν
1271 577 1365 630 τοῦ
1398 578 1498 629 Ίου
1511 593 1708 628 στινια-
1739 628 1742 636 ,

1860 577 2072 631 itionem
2110 577 2251 631 intra
2307 575 2584 630 biennium
2637 552 2758 627 eam
2818 570 3033 641 recipit,
3075 572 3383 629 secundum

1816 670 2094 725 Novellam
2125 666 2447 731 Iustiniani,
2484 676 2540 721 et
2566 665 2770 720 Leonis
2796 664 2945 719 illius
2970 663 3275 735 Sapientis.

2378 758 2569 814 Caune
2616 757 2820 809 mariti.

1887 851 2038 906 Uxor
2074 861 2255 906 autem
2283 851 2479 904 marito
2518 851 2804 917 repudium
2829 846 2998 899 mittit
3035 857 3259 915 propter
3285 845 3385 899 ltas

1817 962 2036 1009 causas,
2066 960 2191 999 cum
2217 943 2469 997 facultate
2500 943 2683 995 dotem
2714 957 2893 1005 suam,
2936 951 2989 993 et
3031 942 3381 993 donationem

1816 1038 1919 1091 viri
1985 1045 2206 1109 propter
2258 1035 2498 1104 nuptias,
2534 1032 2850 1101 recipiendi,
2888 1032 3077 1084 liberis
3129 1029 3389 1083 consimi-

1818 1129 1941 1183 liter
1983 1128 2036 1181 itt
2090 1127 2385 1181 donatione
2415 1124 2793 1179 conservando
2826 1123 3072 1175 dominio
3116 1122 3229 1174 sive
3266 1137 3389 1188 pro-

1818 1223 2069 1291 priclate,
2130 1218 2209 1272 vel
2240 1217 2425 1272 liberis
2461 1231 2569 1271 non
2593 1213 2961 1280 exstantibus,
3001 1213 3167 1267 etiam
3205 1211 3388 1265 domi-

1818 1315 1969 1369 nium
1999 1313 2118 1382 ejus
2147 1311 2405 1366 habendi.

1893 1406 1944 1461 Ι.
1973 1403 2029 1459 Si
2052 1403 2317 1459 adversus
2351 1401 2690 1470 majestatem
2713 1397 2980 1467 principis
3004 1394 3088 1448 vel
3114 1394 3231 1462 ipse
3256 1392 3386 1462 quid

1819 1498 2044 1551 molitus
2073 1494 2261 1559 fuerit,
2293 1494 2376 1547 vel
2409 1490 2688 1561 aliquibus
2713 1486 3064 1542 molientibus
3095 1486 3210 1552 ipse
3258 1499 3388 1538 con-

1821 1594 1993 1658 scius,
2034 1592 2087 1646 id
2136 1588 2374 1661 principi
2412 1601 2517 1639 non
2552 1580 2888 1654 patefecerit,
2934 1579 3017 1634 vel
3051 1595 3146 1651 per
3193 1593 3271 1643 se,
3306 1577 3389 1631 vel

1822 1703 1919 1757 per
1952 1696 2339 1752 quamcunque
2376 1692 2695 1750 personam.

1892 1777 2001 1850 74
2024 1776 2079 1832 2.
2112 1776 2172 1832 Si
2204 1788 2535 1846 quocunque
2558 1770 2721 1824 modo
2742 1767 2864 1823 vitae
2888 1766 3136 1837 conjugis
3168 1764 3395 1819 insidia-

1826 1880 1917 1927 tus
1954 1870 2143 1924 fuerit.

1898 1961 1955 2015 '5.
1985 1960 2043 2014 Si
2093 1957 2373 2029 pudicitia:
2422 1958 2674 2029 conjugis
2726 1956 2955 2011 insidias
3006 1962 3247 2017 struens,
3274 1950 3396 2003 aliis

1831 2066 1950 2107 eam
1986 2051 2343 2120 stuprandam
2384 2050 2597 2105 tradere
2630 2060 2859 2105 conatus
2889 2046 3076 2102 fuerit.

575 755 643 807 Δί
681 758 861 809 αἰτίαι
893 756 998 809 τοῦ
1030 757 1273 825 ἀνδρός.

234 846 303 913 ’Ἡ
336 844 386 896 δὲ
412 846 548 916 γυνὴ
593 849 806 916 πέμπει
857 852 1138 920 ρεπούδιον
1178 849 1255 920 τῷ
1288 850 1441 922 ἀνδρὶ
1484 850 1570 903 διὰ
1616 848 1715 910 τὰς

184 938 330 999 αἰτίας
374 940 594 1002 ταύτας,
630 940 907 1010 δυναμένη
958 943 1253 995 ἀναλαϐεῖν
1295 944 1392 1012 τήν
1420 961 1477 994 τε
1512 941 1714 1011 ἑαυτῆς

185 1034 370 1098 προῖκα,
399 1032 488 1081 καὶ
510 1031 607 1100 τὴν
638 1032 727 1084 διὰ
750 1036 876 1096 τοὺς
903 1034 1114 1103 γάμους
1141 1035 1347 1103 δωρεὰν
1373 1035 1469 1087 τοῦ
1501 1033 1713 1104 ἀνδρὸς,

185 1121 348 1185 ὁμοίως
374 1124 481 1185 τοῖς
522 1126 683 1176 παισὶ
726 1126 1139 1196 φυλαττομένης
1170 1127 1269 1196 τῆς
1315 1127 1411 1178 ἐπὶ
1442 1130 1507 1193 τῇ
1540 1125 1716 1196 δωρεᾷ

184 1216 484 1278 δεσποτείας.
540 1218 599 1281 ἢ,
655 1219 862 1272 παίδων
899 1221 1008 1275 οὐκ.
1049 1220 1241 1288 ὄντων,
1295 1220 1439 1291 ἔχειν
1494 1218 1587 1271 καὶ
1619 1218 1717 1287 τὴν

185 1309 320 1377 αὐτῆς
348 1309 689 1363 δεσποτείαν.

239 1398 296 1452 α’.
343 1397 455 1451 'Ei’v
489 1418 539 1452 τι
580 1403 727 1454 κατὰ
761 1404 858 1473 τῆς
890 1404 1166 1472 βασιλείας
1214 1404 1247 1475 ἢ
1281 1403 1445 1465 αὐτὸς
1496 1400 1716 1473 βουλεύ-

187 1510 337 1561 σηται,
368 1493 397 1562 ἢ
435 1494 590 1546 τοῦτο
618 1512 731 1549 τισι
760 1497 1173 1568 βουλευομένοις
1221 1496 1477 1565 συνειδὼς
1513 1494 1588 1565 μὴ
1616 1511 1719 1562 φα-

187 1583 362 1657 νερώσῃ
395 1587 456 1653 τῇ
498 1584 754 1659 βασιλείᾳ
787 1587 819 1659 ἦ
856 1588 925 1642 δι’
956 1572 1178 1655 ἑαυτοῦ,
1220 1588 1254 1658 ἢ
1303 1586 1368 1641 δι’
1402 1586 1718 1655 οἱουδήποτε

188 1692 467 1744 προσωπου.

243 1769 297 1838 β’.
342 1770 460 1822 Ἐὰν
496 1770 801 1841 οίῳδήποτε
832 1769 1022 1844 τρόπῳ
1074 1769 1436 1843 ἐπιϐουλεύσῃ
1489 1770 1554 1842 τῇ
1606 1767 1718 1838 ζωῇ

185 1864 266 1931 τῆς
298 1863 570 1928 γυναικὸ;.

245 1957 304 2017 τ’.
343 1953 463 2003 Ἐὰν
519 1954 587 2023 τῇ
649 1955 751 2023 τῆς
802 1952 1062 2021 γυναικὸς
1126 1950 1451 2020 σωψροσύνῃ
1506 1947 1727 2000 ἐπιϐου-

188 2041 351 2102 λεύων.
378 2041 556 2106 ἄλλοις
584 2044 761 2115 αὐτὴν
801 2045 881 2108 είς
910 2045 969 2097 τὸ
1005 2041 1361 2113 μοιχευθῆναι
1393 2040 1724 2112 ἐπιχειρήσῃ

190 2133 468 2199 προδοῦναι.

242 2227 295 2279 δ’.
336 2228 454 2280 Ἐὰν
483 2231 875 2302 κατηγορήσας
908 2230 1075 2299 αὐτῆς
1122 2230 1149 2281 ὁ
1176 2228 1315 2298 ἀνὴρ
1349 2226 1440 2280 ἐπὶ
1487 2224 1725 2295 μοιχεία,

193 2318 253 2390 μὴ
277 2321 541 2393 ἀποδείξῃ.
692 2340 699 2347 ‘

247 2408 298 2463 ε’.
342 2411 458 2464 'an
492 2390 675 2483 *ἑτέρᾳ
732 2412 1066 2481 συνέρχηται
1105 2409 1327 2479 γυναικὶ
1366 2409 1423 2461 ἐν
1470 2405 1547 2477 τῷ
1578 2390 1730 2475 αύτῷ
1768 2454 1790 2477 ,

192 2502 322 2572 οἴκῳ,
355 2502 471 2573 ὴτῇ
502 2504 643 2573 αὐτῇ
677 2505 849 2567 πόλει,
883 2507 975 2556 καὶ
1004 2502 1372 2571 ὑπομνησθεὶς
1405 2500 1533 2569 παρ’
1562 2500 1732 2567 αὐτῆς

191 2593 218 2661 ἠ
251 2594 346 2645 τῶν
377 2595 574 2659 γονέων
607 2595 812 2664 αὐτῆς,
832 2594 865 2666 ῆ
889 2595 1219 2665 οίουδήτινος
1246 2593 1456 2660 ἑτέρου,
1497 2589 1735 2660 ἀποσχέ-

1904 2242 1958 2296 4.
1989 2239 2047 2294 Si
2086 2237 2337 2306 maritus,
2369 2251 2539 2293 uxore
2563 2234 2817 2292 adulterii
2842 2242 3124 2296 accusata,
3151 2244 3263 2284 rem
3292 2241 3399 2283 non

1834 2332 2173 2404 probaverit.

1905 2425 1959 2478 5.
1994 2425 2049 2475 Si
2072 2423 2176 2479 alia
2202 2436 2327 2477 cum
2353 2420 2582 2475 muliere
2601 2426 2757 2474 coeat
2811 2418 2866 2471 in
2892 2415 3078 2470 eadem
3102 2415 3286 2478 domo,
3315 2410 3401 2465 vel

1837 2515 2026 2569 eadem
2080 2514 2323 2578 civitate,
2366 2526 2431 2565 ac
2477 2509 2717 2564 monitus
2761 2508 2830 2562 ab
2865 2522 3055 2569 uxore,
3102 2506 3182 2558 vel
3212 2518 3408 2573 parenn

1838 2602 1986 2658 tibus
2015 2601 2157 2671 ejus,
2194 2601 2278 2655 vel
2311 2600 2507 2672 quovis
2538 2598 2666 2666 alio,
2699 2613 2807 2651 non
2840 2596 2971 2651 velit
3001 2596 3299 2648 abstinere.

196 2685 298 2736 σθαι
334 2686 403 2755 μὴ
435 2687 720 2754 βούληται.

264 2776 367 2829 Ἐπὶ
393 2779 601 2840 τούτοις
636 2777 713 2848 μὴ
760 2778 918 2846 μόνον
947 2778 1046 2847 τὴν
1097 2776 1204 2848 προ
1233 2776 1417 2845 γάμου
1468 2773 1676 2844 δωρεὰν
1707 2774 1734 2827 6

197 2865 313 2939 ἀνὴρ
346 2869 659 2938 ζημιοῦται,
701 2870 836 2923 ἀλλὰ
882 2871 978 2924 καὶ
1003 2870 1189 2941 ἕτερον
1218 2871 1399 2940 τρίτον
1451 2869 1618 2938 αὐτῆς
1668 2868 1733 2919 ὲκ

196 2957 277 3025 τῆς
314 2958 469 3027 ἄλλης
518 2961 689 3014 αὑτοῦ
747 2961 1093 3032 περιουσίας,
1153 2961 1248 3014 καὶ
1305 2964 1401 3022 τὰς
1464 2958 1735 3028 τιμωρίας

199 3047 569 3118 ὑφίσταται,ἃς
626 3053 824 3122 ἔμελλε
879 3054 1076 3108 παθεῖν
1130 3056 1159 3124 ἡ
1205 3053 1344 3123 γυνὴ
1382 3049 1739 3113 καταδικαζο-

202 3141 335 3210 μένηο

258 3234 387 3335 ξΙλῗην
415 3236 537 3291 οὔτε
580 3240 613 3308 ἡ
653 3237 791 3308 γυνὴ
824 3238 1138 3307 αύτονὸμως
1184 3238 1488 3306 ἀναχωρεῖν
1514 3234 1735 3287 δύναται
1763 3277 1806 3335 C

200 3323 278 3375 τοῦ
313 3327 514 3397 ἀνδρὸς,
543 3329 673 3382 οὔτε
702 3325 852 3390 οὗτος
892 3330 1127 3398 ἐκείνης,
1163 3327 1336 3396 χωρὶς
1369 3328 1605 3397 κρίσεως
1642 3327 1736 3379 καὶ

1908 2782 1967 2836 1η
1993 2782 2080 2837 his
2108 2796 2217 2835 non
2247 2780 2427 2835 solum
2456 2778 2809 2833 donationem
2859 2787 2987 2831 ante
3028 2772 3250 2842 nuptias
3292 2786 3408 2825 ma-

1841 2876 1983 2931 ritus
2039 2875 2161 2929 loco
2211 2888 2386 2943 poena:
2432 2873 2659 2935 amittit,
2715 2885 2902 2923 verum
2954 2867 3116 2921 etiam
3151 2865 3405 2919 trientem

1842 2965 2177 3032 reliquarum
2230 2962 2404 3032 ipsius
2459 2961 2812 3023 facultatum;
2854 2965 3215 3026 praeterquam
3261 2954 3407 3023 quod

1842 3070 1940 3110 eas
1972 3068 2194 3124 quoque
2228 3068 2421 3121 pinnas
2456 3052 2714 3115 sustinet,
2743 3063 2884 3118 quas
2925 3049 3039 3116 ipsa
3066 3044 3260 3098 mulier
3294 3053 3412 3098 erat

1844 3146 2036 3209 latura,
2073 3145 2118 3200 si
2160 3145 2520 3197 eondetnnata
2555 3141 2771 3195 fuisset.

1916 3236 2035 3291 Non
2063 3246 2241 3291 tamen
2279 3245 2372 3289 aut
2413 3235 2609 3288 mulier
2658 3232 2930 3287 arbitratu
3005 3245 3108 3285 suo
3142 3228 3411 3283 divertere

1840 3338 2017 3399 potest
2051 3343 2082 3387 a
2114 3322 2335 3390 marito}
2374 3336 2468 3380 aut
2496 3324 2728 3379 maritus
2767 3324 2837 3377 ab
2872 3327 3011 3392 ipsa,
3060 3324 3175 3375 sine
3200 3319 3413 3389 judicio

202 3415 356 3484 ψήφου
380 3420 483 3470 τῶν
505 3420 798 3481 δικαστῶν,
831 3421 906 3482 ὡς
939 3422 1188 3488 διάφοροι
1215 3421 1370 3472 τοῦτο
1394 3419 1739 3483 θεσπίζουσιν

1860 3434 1891 3477 »ι
1920 3423 2187 3478 sententia
2215 3422 2461 3492 judicum
2491 3436 2505 3475 :
2541 3418 3004 3490 quemadmodum
3057 3416 3287 3468 diversa:
3321 3410 3415 3463 Ju-

212 3505 601 3564 Ἰουστινιάνειοι
630 3511 863 3581 Νεαραί.
896 3511 994 3563 Διά
1016 3510 1173 3564 τοῦτο
1201 3512 1228 3564 ὁ
1252 3511 1507 3580 γαμήσας
1535 3508 1634 3581 τὴν
1666 3507 1739 3578 μὴ

199 3597 345 3661 οὓτως
369 3602 732 3655 ἀπολυθεῖσαν
768 3603 1048 3672 μοιχᾶται.

203 3802 366 3869 Λύσις
390 3804 578 3876 γάμου
616 3804 882 3930 ἀζνέμιοςέ
916 3806 1014 3861 καί
1059 3806 1191 3892 σςερί
1239 3805 1347 3871 τοῦ
1374 3804 1446 3860 δι’
1472 3805 1745 3874 ἄσκησιν

735 3894 847 3930 ινοιι
883 3895 993 3930 νου
1024 3894 1237 3930 ταιιου.

735 3894 993 3947 ιόμενου
1024 3894 1237 3945 γαμου.

271 3967 534 4040 Ἀζημίως
580 3971 640 4025 δὲ
685 3970 873 4024 λύεται
902 3971 1100 4041 γάμος,
1127 3970 1239 4034 ὅτε,
1274 3967 1512 4035 τριετίας
1551 3968 1750 4035 παρελ-

206 4055 399 4128 θούσης,
432 4062 459 4113 ὁ
486 4060 627 4132 ἀνὴρ
654 4062 749 4129 οὐχ
776 4055 885 4123 οἷός
920 4078 979 4113 τε
1002 4060 1088 4129 εῖη
1126 4059 1370 4112 συνιέναι
1414 4059 1479 4117 τῇ
1509 4061 1745 4128 γαμετῇ,

205 4155 245 4205 εί
270 4158 353 4210 καὶ
392 4159 553 4223 αὐτὸς
583 4162 687 4229 τὴν
716 4158 992 4224 διάζευξιν
1032 4156 1130 4225 οὐχ
1179 4154 1437 4222 αἱρεῖται,
1482 4133 1748 4221 μενούσης

206 4247 337 4315 παρὰ
367 4250 440 4319 τῷ
472 4250 628 4320 ἀνδρὶ
675 4230 772 4319 της
814 4249 919 4319 πρὸ
950 4246 1046 4301 τοῦ
1078 4247 1259 4316 γάμου
1308 4244 1537 4315 δωρεᾶς,
1583 4242 1751 4312 μηδὲν

206 4337 395 4391 οἴκοθεν
418 4341 797 4411 ζημιουμένῳ.

264 4430 447 4485 Δύεται
497 4435 680 4503 γάμος
714 4436 808 4486 καὶ
868 4433 995 4485 ὅταν
1026 4430 1259 4499 ἄσκησιν
1291 4428 1517 4498 θάτερον
1558 4426 1750 4495 ἕληται
1826 4474 1833 4477 ι

190 4519 298 4571 ’τῶν
329 4526 527 4594 μερῶν,
561 4527 699 4596 πρὸς
739 4528 839 4589 τὴν
878 4526 972 4577 ἐπὶ
1024 4522 1093 4575 τὰ
1150 4521 1381 4590 κρείττω
1424 4518 1751 4590 μεταϐαῖνον

1839 3512 2332 3570 StinianiNOVellte
2358 3520 2625 3568 statuunt.
2673 3511 2750 3566 Ac
2780 3521 3069 3581 propterea
3121 3506 3216 3576 qui
3262 3505 3413 3559 ducit

1842 3625 2069 3664 uxorem
2130 3622 2238 3662 non
2293 3606 2367 3662 ita
2441 3606 2791 3674 diremptam,

1842 3702 2034 3756 mittit.

2862 3600 3195 3656 adulterium
3261 3613 3416 3651 com-

1845 3817 2053 3872 Solutio
2079 3814 2407 3868 matrimonii
2436 3815 2572 3866 citra
2599 3827 2805 3880 poenam
2832 3825 2851 3864 :
2878 3808 3041 3880 deque
3074 3806 3417 3880 matrimonio

2052 3890 2190 3956 quod
2219 3884 2613 3937 exercitationis
2645 3884 2743 3950 pia:
2776 3896 2939 3932 causa
2961 3879 3205 3931 solvitur.

1919 3978 2139 4046 Absque
2168 3990 2326 4045 paena
2354 3973 2764 4028 matrimonium
2801 3971 3054 4033 solvitur,
3081 3985 3203 4022 cum
3234 3969 3419 4035 elapso

1851 4069 2091 4126 triennio
2125 4067 2354 4122 maritus
2378 4082 2502 4120 cum
2532 4081 2700 4119 uxore
2730 4064 2877 4118 coire
2910 4062 3117 4131 nequit.
3148 4061 3271 4114 licet
3300 4061 3418 4128 ipse

1850 4163 2143 4219 divortium
2187 4162 2301 4216 lieri
2339 4162 2473 4216 nolit
2509 4178 2522 4215 :
2559 4171 2814 4214 manente
2848 4174 3013 4228 penes
3041 4157 3220 4210 virum
3250 4158 3417 4208 dona-

1850 4257 1999 4311 tione
2048 4266 2177 4309 ante
2214 4253 2451 4321 nuptias,
2502 4267 2601 4308 nec
2631 4252 2929 4323 quidquam
2965 4263 3189 4304 suarum
3236 4263 3418 4301 rerum

1852 4363 2027 4419 poena:
2065 4346 2186 4401 loco
2218 4346 2527 4399 emittente.

1929 4437 2171 4491 Solvitur
2202 4435 2365 4488 etiam
2425 4432 2857 4495 matrimonium,
2902 4446 3026 4485 cum
3080 4429 3248 4481 altera
3299 4441 3419 4495 pars

1855 4527 2120 4583 exercitio
2149 4540 2306 4579 sacro
2341 4539 2400 4577 se
2432 4523 2601 4587 dedit,
2634 4524 2698 4576 ad
2749 4523 2887 4575 viam
2919 4522 3195 4573 int-liorem
3234 4531 3420 4571 trans-

207 4611 327 4677 ὸόδν,
379 4616 470 4668 καὶ
503 4617 596 4670 τὸν
622 4617 832 4685 ἀμείνω
877 4616 992 4685 βίον
1040 4612 1384 4683 αἱρούμενον.
1432 4610 1742 4678 Τηνικαῦτα

1860 4620 1998 4680 iens.
2030 4627 2086 4671 el.
2115 4618 2280 4670 vitam
2332 4615 2384 4669 in
2407 4614 2642 4685 puritate
2672 4614 2971 4679 degendam
3006 4611 3237 4673 eligens.
3267 4609 3421 4662 Tunc

207 4704 300 4770 γὰρ
342 4707 635 4777 κελεύομεν
700 4709 1020 4779 παρρησίαν
1069 4702 1211 4759 εἶναι
1276 4705 1372 4757 καὶ
1432 4703 1589 4772 ἀνδρὶ
1655 4702 1753 4755 καὶ

211 4797 403 4857 γυναικὶ
432 4801 566 4869 πρὸς
599 4800 667 4852 τὰ
700 4799 896 4870 βελτίω
930 4796 1353 4868 μεθισταμένοις
1397 4794 1639 4849 διαλύειν
1689 4793 1749 4846 τὸ

211 4890 537 4958 συνοικέσιον,
579 4894 673 4947 καὶ
737 4894 1041 4961 ἀναχωρεῖν
1099 4889 1238 4961 μετά
1291 4905 1438 4951 τινος
1494 4887 1752 4959 βραχείας

212 4977 705 5055 ύπολιμπανομένης
735 4984 811 5054 τῷ
844 4981 1329 5052 καταλελειμμένῳ
1368 4979 1747 5050 παραμυθίας.

216 5067 373 5143 Ὅπερ
391 5078 499 5146 γὰρ
526 5079 589 5131 ἂν
608 5078 1026 5147 συμφωνήσειαν
1043 5074 1095 5127 οῖ
1122 5062 1184 5126 συ
1198 5072 1497 5144 μὸαλόντες
1526 5071 1635 5124 ἀπὸ
1666 5088 1755 5123 τε-

212 5158 385 5234 λευτῆς
411 5168 659 5235 γενέσθαι
686 5169 899 5238 κέρδος,
930 5168 1088 5221 τοῦτο
1128 5165 1273 5237 ἔχειν
1298 5166 1381 5218 δεῖ
1410 5168 1499 5219 τὸν
1524 5164 1755 5217 καταλε-

214 5251 479 5326 λειμμένον
543 5262 696 5334 παρὰ
748 5261 1003 5331 θατέρου,
1056 5261 1169 5312 εἴτε
1224 5259 1384 5329 ἀνὴρ,
1447 5258 1558 5311 εἴτε
1613 5255 1753 5326 γυνὴ

216 5348 556 5423 καθεστήκοι·
583 5354 842 5410 διότικαὶ
875 5347 1029 5417 οὗτος
1070 5355 1131 5406 τό
1160 5371 1224 5422 γε
1258 5352 1350 5405 ἐπὶ
1392 5351 1470 5421 τῷ
1500 5351 1754 5421 συνοική-

216 5453 350 5494 σαντι
397 5445 539 5499 δοκεῖ
565 5448 849 5519 τελευτᾷν,
902 5448 1094 5517 ἑτέραν
1124 5445 1241 5500 ἀνθ’
1274 5446 1462 5517 ἐτέρας
1507 5445 1621 5515 βίου
1659 5460 1753 5504 ποτ

220 5531 355 5594 ρείαν
376 5536 458 5589 ἑλό
466 5556 640 5607 μενος.

284 5622 344 5677 Ἣ
376 5628 479 5697 γάρ
535 5633 863 5701 ἀπόκαρσις,
921 5631 1015 5684 καὶ
1077 5632 1302 5693 ἄκοντος
1364 5627 1594 5698 θατέρου
1641 5626 1749 5681 τῶν

217 5710 497 5787 δροζύγων,
560 5727 767 5792 γίνεται
826 5725 1115 5794 ἀσφαλῶς’
1168 5726 1262 5777 καὶ
1293 5721 1525 5790 λέγομεν
1571 5721 1747 5791 ἀγαθῇ

217 5804 379 5875 χάριτι
420 5816 514 5883 τὴν
538 5818 807 5884 διάζευξιν
846 5816 1094 5885 γίνεσθαι
1118 5832 1129 5844 ⁸
1168 5817 1261 5868 καὶ
1302 5815 1360 5867 τ’)
1398 5813 1748 5883 περιλειφθὲν

224 5896 483 5963 πρᾶσωττον
518 5908 733 5964 δύναται
794 5910 927 5979 πρδς
982 5910 1172 5979 ἑτέραν
1213 5907 1473 5975 π’λῖ”)“δ’ίτ¹ν
1530 5906 1745 5958 ἐλθεῖν

1855 4710 1998 4765 enim
2034 4720 2138 4762 tam
2180 4708 2383 4771 virum,
2418 4722 2581 4775 quam
2631 4706 2938 4769 mulierem,
2972 4704 3038 4756 ad
3074 4702 3424 4771 przeclariora

1855 4819 1914 4859 se
1938 4803 2329 4868 conferentem,
2352 4801 2660 4855 divortendi
2682 4799 3078 4867 recedendiquc
3098 4805 3424 4866 potestatem

1856 4895 2060 4950 ltabet‘e
2087 4894 2385 4962 jultemus;
2415 4893 2614 4961 exiguo
2642 4891 2877 4960 quodam
2908 4890 3133 4943 deserta!
3170 4887 3306 4956 parti
3335 4904 3421 4941 so-

1857 4988 1987 5042 latio
2041 4988 2255 5042 relicto.
2305 4968 2581 5055 Quidquid
2634 4984 2777 5039 enim
2827 4984 3216 5038 contralttntes
3281 4980 3426 5050 pacti

1855 5090 2004 5143 sunt,
2036 5087 2142 5131 uta
2179 5085 2357 5130 morte
2401 5076 2553 5129 lucro
2584 5074 2812 5128 alterius
2841 5074 3079 5136 cederet,
3129 5074 3178 5127 id
3225 5073 3424 5125 habere

1855 5178 2069 5240 oportet
2101 5170 2169 5223 ab
2199 5170 2371 5229 altero
2400 5167 2702 5230 desertum,
2753 5166 2869 5219 sive
2899 5170 3005 5229 vir,
3052 5166 3167 5219 sive
3226 5163 3422 5217 mulier

1855 5264 1924 5316 sit
1955 5262 2210 5331 :quando
2238 5269 2291 5313 et
2312 5260 2445 5327 ipse,
2477 5266 2744 5329 quantum
2780 5258 3000 5327 quidem
3029 5257 3095 5311 ad
3132 5256 3421 5325 conjugem

1854 5355 2071 5416 attinet,
2101 5353 2240 5407 mori
2266 5352 2504 5417 videtur,
2539 5352 2774 5406 alterum
2798 5351 2925 5407 vita:
2960 5353 3064 5406 iter
3102 5364 3225 5404 cum
3248 5351 3423 5402 altero

1854 5455 2223 5502 commutatis.
3438 5429 3445 5436 ’

1926 5626 2138 5681 Etenim
2191 5635 2413 5679 tonsura
2448 5631 2597 5679 recte
2626 5625 2683 5679 fit
2714 5624 2880 5679 etiam
2908 5626 3174 5678 alterutro
3211 5623 3418 5692 conju-

1854 5736 1979 5790 gutn
2013 5720 2205 5772 invito.
2241 5718 2483 5772 Dicimus
2505 5718 2691 5782 etiam,
2721 5717 2863 5772 bona
2892 5717 3069 5786 gratia
3097 5715 3213 5770 fieri
3239 5718 3419 5769 divor-

1854 5812 2012 5866 tium.
2066 5810 2303 5865 Persona
2344 5824 2567 5881 quoque
2604 5808 2868 5863 derelicta
2921 5815 3100 5877 potest
3150 5808 3297 5862 aliud
3348 5809 3414 5863 ad

1855 5903 2263 5959 matrimonium
2327 5900 2603 5955 accedere.
2651 5896 2755 5954 Sed
2800 5899 2903 5952 ltoc
2956 5900 3112 5952 uxori
3158 5901 3412 5968 ,vpist-npi
