3902 6568
525 392 665 460 .llS‘i

1718 383 2089 446 MATTi‘i/EI
2127 384 2548 445 BLASTARIS

3628 388 3738 453 118%

519 504 889 578 procedebant
934 502 1085 574 (nam
1147 500 1325 559 libere
1370 498 1569 572 singuli
1620 498 1688 554 ad
1734 499 2095 569 desponsatas

2209 497 2525 569 προύϐαινον
2554 497 2745 567 (ἀδεῶς
2774 496 2883 568 γὰρ
2906 497 3004 552 ἐπὶ
3033 498 3133 563 τὰς
3163 500 3603 571 μνηστευομένας
3641 506 3735 556 εἰσ-

521 600 865 658 accedentes,
905 610 1000 663 per
1023 594 1281 649 intuitum
1315 592 1639 651 continuum
1700 599 1755 643 et
1784 587 2094 641 libertatem

520 687 959 749 conversationis
1021 685 1193 755 ipsam
1241 685 1450 737 amoris
1482 682 1758 735 ﬂammam
1794 677 1970 746 magis
2002 692 2094 731 ac-

519 771 869 838 cendebant),
904 773 1007 827 hoc
1060 772 1280 843 quoque
1312 771 1629 833 statuimus,
1688 778 1744 821 ut
1797 783 1920 838 qua:
1953 781 2099 820 anno

518 867 965 920 contraltentium
1032 868 1086 929 7,
1142 880 1318 935 usque
1366 863 1431 918 ad
1495 863 1606 926 lii,
1662 862 1745 916 vel
1806 860 1874 913 l2
1921 860 2099 914 aetatis

519 973 708 1011 eorum
754 974 986 1020 annum,
1023 956 1181 1025 quasi
1229 956 1334 1011 sub
1365 953 1541 1010 forma
1574 951 1914 1022 sponsalium
1963 950 2099 1003 lluttt

520 1050 913 1115 instrumenta,
984 1065 1217 1119 prorsus
1270 1047 1639 1118 legitimorum
1702 1043 2099 1111 ﬁrmorumque

520 1142 862 1210 sponsalium
900 1141 1076 1194 locum
1112 1154 1223 1194 non
1252 1139 1540 1192 obtineant
1578 1153 1592 1190 :
1635 1134 1730 1191 sed
1763 1143 1943 1190 tamen
1980 1132 2097 1188 vel-

528 1235 605 1289 uti
665 1235 1003 1288 continuata:
1035 1234 1415 1300 Stipulationes
1444 1230 1776 1291 habeantur,
1817 1236 1870 1281 et
1899 1240 2099 1281 secun-

520 1327 649 1381 dum
693 1329 926 1382 aliorum
955 1336 1334 1381 contractuum
1358 1323 1808 1379 consuetudinem
1829 1318 2096 1386 obligem:

520 1419 693 1474 veteri
752 1419 890 1488 iege,
950 1434 1074 1488 qua:
1126 1417 1193 1471 de
1250 1415 1603 1486 sponsalibus
1658 1422 1744 1468 est
1798 1412 2096 1482 publicata,

521 1514 687 1565 robur
726 1512 781 1563 in
820 1511 885 1564 iis
918 1509 1153 1563 habente
1197 1508 1470 1579 personis,
1528 1500 1884 1576 quibuscum
1937 1517 2099 1572 repu-

525 1606 670 1658 diata
706 1620 904 1673 sponsa
932 1606 984 1657 iu
1008 1604 1419 1657 matrimonium
1447 1602 1595 1656 coire
1631 1598 1967 1668 prohibitum
1992 1606 2097 1660 est,

483 1696 684 1764 .tdque
720 1705 942 1764 pr0pter
994 1696 1114 1762 ejus
1149 1704 1347 1758 status,
1399 1695 1493 1765 qui
1555 1692 1696 1763 apud
1751 1688 2096 1745 Christianos

522 1788 683 1857 viget,
717 1789 1138 1842 incrementum.
1170 1788 1322 1841 Licet
1345 1789 1488 1840 enim
1531 1785 1721 1840 subtili
1751 1784 1962 1837 ratione
1989 1794 2095 1834 non

520 1882 624 1935 sint
651 1884 763 1935 haec
794 1879 1031 1949 perfecta
1056 1880 1358 1948 sponsalia,
1385 1887 1566 1933 tamen
1597 1878 1725 1947 quia
1754 1874 2091 1944 sponsalium

521 1975 681 2026 linem
719 1973 921 2026 habere
950 1972 1225 2035 videntur,
1273 1981 1329 2025 et
1361 1972 1677 2038 nuptiarum
1726 1969 1856 2023 hinc
1889 1966 2089 2021 funda-

468 2078 490 2088 ”
521 2075 766 2120 mentum
807 2063 1045 2133 punitur,
1102 2080 1209 2118 non
1245 2063 1343 2118 abs
1407 2077 1468 2116 re
1517 2059 1809 2131 prohibitor.
1860 2071 1958 2127 per
2008 2055 2092 2110 ie-

521 2172 637 2225 gem
713 2171 963 2223 persona:
1020 2169 1217 2209 rursus
1282 2153 1737 2223 impedimentum
1789 2148 2092 2211 habebunt,

524 2265 619 2301 nec
653 2249 944 2316 quisquam
969 2263 1088 2301 eam
1120 2260 1346 2299 uxorem
1374 2245 1559 2307 ducet,
1595 2258 1759 2312 quam
1794 2241 1973 2311 prisca
2004 2239 2089 2292 lex

522 2356 780 2409 sponsam
838 2343 1073 2407 alicujus
1133 2338 1356 2403 factam,
1393 2338 1590 2392 solutis
1638 2334 1991 2405 Sponsalibus
2034 2332 2090 2387 in

523 2433 931 2487 matrimonium
954 2448 1077 2486 cum
1112 2432 1285 2486 altero
1313 2432 1466 2486 coire
1491 2446 1596 2484 non
1628 2428 1900 2499 permisit.

880 2611 952 2665 De
1008 2609 1326 2665 clericorum
1382 2606 1740 2677 sponsalibus.

594 2704 904 2759 Balsamon.
937 2704 1080 2758 Sane
1112 2719 1217 2757 nou
1248 2697 2091 2772 periuittituralicuidignitatem

523 2796 955 2849 ecclesiasticam
989 2795 1219 2862 gerenti,
1248 2795 1341 2864 qui
1375 2793 1567 2846 mortis
1593 2792 1887 2846 alteriusve
1912 2803 2092 2845 causa

524 2890 830 2942 intervequ
861 2897 1146 2955 separatus
1177 2887 1301 2939 sita
1333 2899 1531 2953 sponsa
1565 2899 1664 2938 sua
1701 2892 1825 2937 ante
1850 2883 2093 2951 nuptias,

524 2986 583 3032 ut
613 2980 715 3032 alia
738 2994 862 3032 cum
893 2978 1123 3031 muliere
1147 2977 1455 3045 copuletur.
1490 2973 1627 3028 Nam
1655 2974 1749 3043 qui
1774 2974 1874 3028 hoc
1894 2972 2096 3028 fecisse

522 3070 897 3138 deprehensus
919 3068 1107 3131 fuerit,
1143 3078 1404 3138 tauquam
1439 3068 1682 3121 secundo
1712 3066 1950 3135 illigatus
1979 3078 2098 3118 ma-

522 3162 821 3225 trimumio,
851 3160 1168 3228 deponitur.
1206 3158 1408 3213 Lector
1437 3158 1626 3237 etiam,
1665 3158 1755 3227 qui
1789 3157 1896 3212 tale
1928 3158 2095 3227 quid-
2120 3196 2165 3256 ο

521 3255 644 3308 dam
686 3253 938 3315 incurrit,
965 3252 1031 3304 ad
1055 3251 1223 3305 alium
1259 3253 1488 3320 gradum
1514 3266 1620 3304 non
1651 3250 1987 3320 provehitur.

593 3347 748 3413 Quod
780 3348 825 3401 si
865 3356 1122 3400 constare
1171 3343 1453 3413 spoiisaiia
1496 3359 1604 3398 non
1642 3354 1895 3413 possunt,
1929 3339 2099 3410 siqui-

521 3441 644 3497 dem
676 3440 725 3493 ei
771 3441 1041 3507 desponsa
1076 3450 1338 3506 persona,
1379 3436 1473 3504 qui
1503 3437 1763 3491 sacerdos
1792 3434 1911 3489 ﬁeri
1959 3434 2097 3500 vult,

520 3544 727 3586 annum
783 3528 890 3598 77
951 3535 1167 3580 sextum
1228 3525 1405 3578 aetatis
1458 3526 1746 3579 excessit:
1807 3539 1914 3579 non
1976 3539 2101 3594 per-

526 3623 773 3676 mittetur
807 3622 879 3679 ei,
916 3615 1010 3686 qui
1045 3630 1165 3669 eam
1221 3615 1324 3669 sibi
1355 3615 1667 3685 despondit,
1728 3625 1791 3670 ut
1831 3616 1939 3671 alia
1974 3631 2099 3673 cum

526 3714 760 3769 muliere
807 3712 1119 3779 copuletur,
1154 3718 1317 3778 atque
1374 3711 1446 3761 ita
1501 3708 1763 3765 sacerdos
1796 3710 1912 3765 fiat.
1963 3708 2098 3764 Nam
2190 3720 2196 3729 '

524 3804 778 3871 digamus
836 3814 961 3855 esse
1022 3800 1259 3862 dicetur,
1323 3799 1535 3856 ratione
1609 3802 2103 3872 concupiscentiae,

524 3911 652 3951 cum
722 3894 825 3949 hac
896 3900 1056 3947 actate
1124 3892 1321 3947 mulier
1376 3892 1581 3949 amoris
1657 3910 1827 3964 capax
1884 3895 1976 3951 sit.
2034 3894 2105 3951 At

500 4000 657 4040 vero
711 3985 757 4038 si
804 3984 981 4038 minor
1027 3998 1123 4037 sex
1168 3982 1331 4037 annis
1393 3982 1464 4038 sit
1523 4000 1756 4054 persona
1810 3985 2102 4056 despoiisa,

525 4092 636 4148 quo
681 4085 924 4145 tempore
976 4085 1132 4145 pacta
1169 4074 1447 4145 sponsalia
1483 4076 1853 4132 reddebantur
1907 4078 2100 4132 irrita:

522 4178 704 4238 potest
735 4170 857 4223 talis
883 4171 1045 4222 etiam
1091 4181 1217 4221 cum
1243 4168 1349 4221 alia
1397 4169 1623 4223 muliere
1654 4171 1960 4238 copulatus,
2009 4185 2106 4226 ne-

529 4262 676 4314 ruiue
705 4262 1049 4331 prohibente,
1074 4260 1378 4315 sacerdotio
1401 4259 1574 4326 fungi.
1607 4262 1711 4315 Sed
1740 4264 1844 4318 hoc
1873 4265 1924 4317 in
1953 4264 2106 4319 laicis

527 4352 706 4408 lacum
751 4368 856 4406 non
912 4352 1095 4406 habet.
1143 4351 1419 4406 Duntaxat
1458 4352 1601 4407 enim
1631 4354 2004 4411 ecclesiastica
2052 4356 2105 4410 in

528 4446 794 4512 dignitate
840 4442 1169 4498 constitutos
1226 4446 1390 4497 unius
1445 4445 1725 4508 mulieris,
1776 4452 1830 4498 et
1877 4446 2103 4514 virginis

524 4537 771 4606 quidem,
808 4537 1035 4589 maritos
1070 4550 1190 4589 esse
1247 4543 1461 4604 oportet
1491 4552 1506 4590 ι
1532 4539 1663 4607 quin
1698 4546 1752 4592 et
1790 4537 1889 4607 ipsi
1919 4539 2097 4592 omni-
2137 4543 2174 4595 Β

2202 591 2497 661 ερχόμενος
2544 590 2774 653 ἕκαστος
2820 592 2887 662 τῇ
2928 592 3148 661 συνεχεῖ
3192 591 3315 662 θέᾳ,
3355 592 3450 645 καὶ
3495 590 3571 662 τῷ
3616 594 3740 648 ἐλευ-

2201 682 2368 753 θερίῳ
2398 683 2497 752 τῆς
2525 682 2760 751 ὁμιλίας,
2794 682 2857 736 τὸ
2884 683 2979 736 τοῦ
3009 683 3210 754 ἔρωτος
3237 684 3565 753 φλεγμαῖνον
3592 701 3739 753 προσ·

2200 776 2522 845 ανέχαιον),
2576 776 2737 845 ἡμεῖς
2776 776 2870 829 καὶ⁵
2914 775 3074 829 τοῦτο
3140 772 3509 845 θεσπίζομεν·
3546 774 3621 827 Τὰ
3659 776 3739 844 μὲν

2201 868 2342 920 κατὰ
2368 867 2460 919 τὸν
2493 867 2732 937 ἑπταετῆ
2784 867 2892 919 τῶν
2951 867 3370 939 συμϐαλλόντων
3418 866 3600 936 χρόνον
3635 866 3739 937 ἄχρι

2192 957 2295 1012 τοῦ
2321 958 2547 1012 δεκάτου
2578 960 2843 1030 τετάρτου
2871 959 2903 1030 ἦ
2934 958 3243 1015 δωδεκάτου
3265 959 3367 1030 τῆς
3404 959 3612 1030 ἡλικίας
3636 960 3741 1029 χρό-

2200 1067 2292 1104 νου
2326 1050 2615 1121 γενόμενα,
2642 1050 2717 1114 ὡς
2748 1049 2805 1103 ἑν
2860 1050 3017 1120 τύπῳ
3067 1052 3393 1121 μνηστείας,
3446 1050 3738 1119 συμϐόλαια,

2203 1139 2279 1210 μὴ
2308 1140 2461 1205 τάξιν
2488 1140 2625 1204 ὅλως
2643 1140 2870 1211 ἐννόμου
2893 1142 3191 1212 μνηστείας
3216 1142 3310 1194 καὶ
3336 1139 3607 1209 ἀσφαλοῦς
3629 1142 3738 1195 ἀπο-

2203 1233 2491 1303 φέρεσθαι,
2522 1233 2636 1286 ἀλλ’
2669 1233 2745 1297 ὡς
2790 1235 3168 1306 ὲπερωτήσεις
3222 1234 3384 1304 μόνον
3449 1233 3738 1303 ἠσφαλισμέ-

2202 1343 2300 1389 νας
2330 1326 2612 1397 κρίνεσθαί
2651 1344 2711 1380 τε
2745 1326 2838 1382 καὶ
2886 1329 3153 1399 ἐνεργεῖν,
3186 1326 3328 1381 κατὰ
3383 1325 3446 1379 τὸ
3496 1325 3609 1390 ἔθος
3651 1324 3739 1378 τῶν

2204 1418 2383 1472 ἄλλων
2414 1418 2889 1490 συναλλαγμάτων
2912 1436 2927 1453 ο
2960 1422 3045 1474 tv:
3056 1422 3207 1491 ργεῖν
3226 1419 3284 1471 δὲ
3320 1419 3411 1471 τον
3435 1418 3654 1472 παλαιὸν
3672 1418 3742 1469 νόν

2206 1526 2328 1579 μον,
2361 1509 2453 1563 τὸν
2484 1511 2577 1563 ἐπὶ
2603 1514 2667 1581 τῇ
2701 1511 2974 1582 μνηστείᾳ
3001 1510 3412 1581 ὲκφωνηθέντα,
3436 1511 3494 1562 ἑν
3540 1511 3645 1571 τοῖς
3671 1526 3744 1562 κε-

2202 1603 2540 1671 κωλυμένοις
2571 1603 2884 1673 προσώποις
2943 1604 3104 1673 μόνον
3136 1605 3230 1656 ἐπὶ
3274 1606 3342 1673 τῇ
3376 1602 3745 1672 ἀποζευχθείσῃ

2206 1698 2443 1765 μνηστῇ,
2479 1694 2569 1749 διὰ
2598 1696 2660 1747 τὸ
2700 1696 2891 1767 περιὸν
2925 1696 3033 1759 τοῖς
3081 1694 3234 1765 παρά
3280 1695 3623 1762 Χριστιανοίς
3665 1697 3747 1763 ἑμ-

2204 1785 2627 1856 πολιτευομένης
2654 1785 3057 1847 καταστάσεως.
3088 1786 3152 1840 Εί
3171 1785 3279 1856 γὰρ
3308 1787 3399 1840 καὶ
3418 1785 3494 1858 μὴ
3512 1787 3744 1858 μνηστεία

2204 1878 2340 1942 ἐστὶ,
2374 1878 2517 1931 κατὰ
2546 1877 2606 1931 τὸ
2633 1879 2881 1947 ἀκριϐὲς,
2918 1879 3130 1942 ἐντελὲς
3180 1878 3241 1931 τὸ
3285 1879 3589 1948 γινόμενον,
3645 1877 3744 1931 ἀλλ’

2202 1972 2285 2025 ὅτι
2314 1972 2518 2025 σκοπὸν
2543 1971 2689 2042 ἔχειν
2715 1972 3013 2043 μηνσττίας
3061 1974 3229 2039 δοκεῖ,
3282 1973 3375 2024 καὶ
3405 1973 3643 2042 θεμέλιος
3660 1974 3742 2040 γά-

2159 2061 2168 2071 ”
2206 2081 2306 2135 μου
2333 2063 2584 2117 ἐντεῦθεν
2611 2064 3144 2133 προκαταϐἀλλεται,
3176 2065 3361 2128 καλῶς
3420 2065 3488 2120 ἂν
3519 2066 3641 2135 ἔχοι,
3686 2065 3743 2119 τὰ

2203 2156 2564 2227 κεκωλυμένα
2586 2156 2664 2227 τῷ
2683 2157 2834 2227 νόμῳ
2856 2157 3127 2227 πρόσωπα
3148 2160 3240 2212 καὶ
3260 2157 3420 2222 αὖθις
3449 2158 3739 2222 κωλύεσθαι,

2202 2250 2298 2303 καὶ
2329 2248 2536 2320 μηδένα
2571 2249 2652 2311 είς
2681 2251 2915 2319 γυναῖκα
2977 2249 3304 2321 λαμϐάνειν,
3361 2250 3429 2321 ἢν
3487 2252 3516 2303 δ
3548 2248 3741 2310 παλαιὸς

2203 2343 2369 2413 νόμος
2399 2343 2642 2414 μνηστήν
2669 2357 2815 2406 τινος
2853 2343 3180 2414 γενομένην,
3199 2344 3296 2398 καὶ
3323 2343 3423 2414 τῆς
3484 2341 3741 2414 μνηστείας

2204 2435 2495 2507 λυομένης,
2521 2435 2621 2490 οὐκ
2648 2438 2861 2507 ἀφῆκεν
2891 2435 3065 2508 ἑτέρῳ
3099 2439 3239 2491 κατὰ
3294 2440 3471 2508 γάμον
3531 2436 3745 2508 συνέρχε-

2198 2527 2347 2582 σθαι.

2552 2620 2693 2689 Περὶ
2719 2621 3059 2690 μνηστείας
3099 2622 3420 2691 κληρικῶν.

2276 2713 2636 2781 Βαλσαμών.
2707 2713 2926 2781 ’Δμέλει
2959 2717 3055 2768 καὶ
3101 2715 3201 2769 οὑκ
3247 2717 3460 2785 ἐφεῖταί
3516 2736 3611 2773 τινι
3654 2719 3739 2773 τῶν

2199 2804 2294 2859 τοῦ
2326 2805 2597 2876 βήματος,
2637 2803 2911 2877 θανάτῳῆ
2943 2806 3080 2876 ἄλλῃ
3113 2807 3261 2878 αἰτίᾳ
3288 2809 3390 2875 τῆς
3426 2810 3627 2874 οἰκείας
3645 2810 3739 2865 δια-

2208 2896 2496 2969 ζευχθέντι
2528 2898 2773 2969 μνηστῆς
2803 2896 2911 2969 πρὸ
2940 2897 3034 2951 τοῦ
3062 2899 3264 2971 γάμου,
3297 2900 3461 2972 ἑτέρᾳ
3512 2902 3742 2956 συνάπτε-

2206 2992 2331 3043 σθαι
2357 2989 2601 3058 γυναικί.
2646 2990 2708 3043 ὐ
2735 2991 2844 3059 γὰρ
2884 2995 3255 3065 ,πεποιηκέναι
3290 2984 3450 3049 τοῦτο
3501 2995 3741 3066 φωραθεὶς

2201 3083 2277 3147 ὡς
2314 3083 2803 3154 δευτερογαμήσας
2859 3074 3246 3156 καθαιρεῖται·
3314 3088 3408 3140 καί⁵
3456 3090 3485 3142 δ
3518 3088 3742 3160 ἐμπεσὼν

2200 3175 2283 3237 είς
2310 3191 2361 3227 τι
2393 3173 2633 3228 τοιοῦτον
2658 3174 3019 3247 ἀναγνώστης
3059 3178 3141 3241 είς
3170 3178 3359 3248 ἕτερον
3378 3180 3439 3233 οὔ
3473 3181 3741 3249 προκόπτει

2202 3271 2302 3343 βαθ
2312 3272 2429 3340 μόν.

2273 3364 2335 3416 El
2367 3364 2424 3417 δὲ
2444 3364 2751 3431 ἁσύστατός
2806 3367 2953 3422 ἔστιν
3013 3368 3047 3438 ἡ
3103 3368 3396 3438 μνηστείᾳ,
3454 3372 3503 3424 ει
3557 3371 3646 3441 μὲν
3692 3369 3741 3423 τὸ

2203 3454 2582 3526 κατεγγυηθὲν
2633 3458 2928 3528 πρόσωπον
2956 3457 3035 3528 τῷ
3077 3458 3287 3512 θέλοντι
3340 3462 3623 3531 ίερωθῆναι
3667 3462 3741 3516 τὸν

2202 3545 2361 3597 ἕκτον
2396 3545 2637 3617 ὑπερέϐη
2667 3551 2879 3619 χρόνον,
2909 3550 2970 3603 ού
3021 3552 3559 3624 παραχωρηθήσεται
3579 3556 3606 3607 ὁ
3630 3572 3742 3625 μνη-

2205 3639 2579 3707 στευσάμενος
2612 3639 2777 3711 ἑτέρᾳ
2816 3640 3157 3709 συναφθῆναι
3201 3646 3449 3712 γυναικὶ,
3484 3648 3576 3698 καὶ
3597 3644 3742 3706 οὕτως

2207 3727 2499 3798 ἱερωθῆναι
2520 3744 2536 3759 ο
2569 3730 2801 3799 δίγαμος
2830 3731 2939 3801 γὰρ
2973 3733 3248 3801 λογίζεται
3304 3735 3393 3788 διὰ
3427 3736 3527 3806 τὴν
3588 3735 3742 3789 ἐπιθυ-

2208 3817 2363 3888 μίαν,
2395 3820 2471 3889 τῷ
2502 3819 2761 3890 δεκτικὴν
2791 3820 2994 3891 ἔρωτος
3018 3819 3162 3877 εἶναι
3192 3825 3506 3895 τηνικαῦτα
3550 3825 3640 3896 τὴν
3665 3844 3743 3895 γυ-

2206 3916 2393 3967 ναῖκα.
2432 3914 2494 3966 Εἰ
2519 3902 2575 3966 δὲ
2605 3914 2785 3985 ἥττων
2813 3916 2921 3969 τῶν
2947 3914 3005 3980 ἒξ
3032 3919 3242 3987 χρόνων
3272 3913 3342 3988 ἦν
3373 3920 3433 3973 τὸ
3465 3934 3741 3987 κατεγγυη-

2208 4005 2297 4057 θὲν
2328 4006 2479 4076 αὐτῷ
2504 4008 2821 4077 πρόσωπον,
2848 4008 2934 4061 ὅτε
2959 4009 2991 4078 ἡ
3024 4009 3285 4079 ἀθέτησις
3311 4010 3422 4063 τῶν
3469 4011 3744 4081 συμφώνων

2206 4098 2443 4163 ἐγένετο,
2508 4097 2733 4153 δύναται
2800 4100 2827 4152 ό
2878 4099 3140 4165 τοιοῦτος,
3200 4104 3297 4153 καὶ
3355 4103 3517 4175 ἑτέρᾳ
3555 4103 3746 4172 γυναικὶ

2213 4190 2554 4258 συζευχθεῑς,
2586 4189 2883 4251 ἀκωλύτως
2910 4193 2991 4253 είς
3036 4191 3340 4262 ἱερωσύνην
3368 4195 3557 4249 ἐλθεῖν.
3599 4193 3747 4248 Τοῦτο

2208 4279 2265 4330 δὲ
2298 4280 2388 4331 ἐπὶ
2420 4279 2622 4330 λαῖκῶν
2654 4280 2713 4331 οὐ
2762 4282 2982 4346 κρατεῖ·
3023 4280 3221 4350 μόνους
3254 4285 3364 4352 γὰρ
3398 4284 3519 4347 τοὺς
3548 4283 3633 4336 τοῦ
3662 4283 3748 4352 βή-

2212 4388 2382 4440 ματος
2418 4373 2548 4440 μιᾶς
2580 4373 2837 4438 γυναικὸς
2882 4372 2974 4424 καὶ
3004 4371 3216 4443 ταύτης
3275 4376 3543 4446 παρθένον
3573 4377 3747 4446 ἄνδρας

2207 4459 2349 4514 εἶναι
2377 4463 2475 4527 δεῖ,
2507 4458 2593 4514 οἷα
2621 4465 2713 4515 καὶ
2740 4463 2939 4525 αὐτοὺς
2970 4463 3193 4527 πάντως
3226 4464 3292 4537 τῇ
3356 4467 3617 4538 ⁴παρθενίᾳ
3658 4467 3747 4534 πρὸ

2207 4555 2397 4607 τούτου
2426 4557 2884 4626 σεμνυνομένους.

529 4643 604 4682 oo
631 4637 754 4681 ante
782 4628 1186 4681 matrimonium
1220 4638 1563 4684 contractum
1593 4630 1917 4701 virginitatis
1950 4631 2105 4687 laude
2203 4690 2207 4697 ,

531 4719 755 4785 gloriari
789 4718 1007 4773 debent.

602 4810 875 4863 Caeterum
922 4810 1012 4863 ubi
1045 4807 1282 4877 perfecta
1310 4817 1439 4864 sunt
1463 4810 1758 4879 sponsalia,
1801 4811 1927 4866 licet
1952 4821 2105 4866 ante-

525 4918 701 4972 quam
742 4884 864 4953 cum
893 4904 1217 4970 desponsata
1252 4902 1353 4957 sibi
1394 4902 1477 4956 vir
1529 4914 1704 4967 coeat,
1738 4919 1834 4973 per
1877 4916 2104 4960 mortem

526 4997 605 5046 ab
637 5009 698 5046 ea
758 4994 1054 5062 diremptus
1105 4992 1292 5060 fuerit,
1327 5009 1392 5047 ne
1434 4994 1604 5050 laicus
1661 4997 1874 5064 quidem
1911 4999 2109 5052 ducere

536 5094 715 5155 potest
752 5085 830 5137 vel
875 5086 1263 5139 consobrinam
1304 5085 1442 5154 ejus,
1477 5087 1557 5140 vel
1609 5088 1768 5141 aliain
1821 5105 2106 5158 personam

538 5181 655 5245 lege
710 5177 1061 5245 prohibitam.
1119 5177 1404 5230 Nomenim
1465 5178 1577 5247 ipsa
1639 5181 1972 5248 conjunctio,
2014 5183 2108 5236 sed

526 5284 657 5336 quin.
693 5282 911 5336 precum
971 5268 1279 5322 interventu
1314 5269 1371 5322 ﬁt
1421 5272 1780 5338 consecratio,
1836 5274 2108 5342 sponsalia

534 5373 637 5424 pro
661 5355 864 5424 nuptiis
892 5355 1093 5407 habere
1121 5354 1267 5409 facit.
1844 5344 1863 5372 ⁸

536 5448 613 5501 De
630 5465 690 5502 eo
708 5449 796 5519 qui
825 5463 941 5499 cum
970 5462 1119 5499 socru
1151 5464 1248 5500 sua
1272 5451 1443 5511 stupri
1458 5453 1882 5508 consuetudinem
1905 5456 2107 5510 habuit.

604 5539 919 5592 Balsama".
963 5537 1251 5591 Enimvero
1289 5542 1332 5593 si
1387 5552 1511 5594 ante
1559 5542 1846 5606 perfectam
1899 5548 2113 5617 nuptia-

541 5647 662 5684 rum
696 5633 1206 5695 consecrationem,
1262 5635 1610 5700 sponsalibus
1658 5637 1924 5691 duntaxat
1978 5655 2112 5692 cou-

542 5725 751 5790 tractis,
781 5740 1041 5793 sponsum
1082 5737 1206 5776 eum
1238 5738 1399 5777 socru
1452 5726 1621 5791 stupri
1666 5730 2110 5784 consuetudinem

544 5814 743 5868 habere
772 5814 1076 5881 contigerit,
1107 5814 1187 5869 Vel
1216 5829 1336 5868 cum
1373 5814 1477 5868 alia
1501 5830 1717 5884 Sponsa:
1749 5835 1859 5875 sum
1883 5834 2112 5889 cognata

2280 4820 2506 4883 Τελείας
2534 4820 2589 4872 δὲ
2620 4822 2718 4887 τῆς
2752 4822 3049 4890 μνηστείας
3074 4821 3265 4895 οὔσης,
3304 4827 3402 4878 καὶ
3458 4828 3505 4879 εί
3540 4826 3637 4896 πρὸ
3664 4823 3746 4877 τοῦ

2214 4913 2559 4981 συμμιγῆναι
2589 4914 2653 4981 τῇ
2723 4917 3178 4988 μνηστευσαμένῃ
3210 4917 3300 4969 τὸν
3357 4917 3521 4986 ἄνδρα
3560 4917 3747 4983 θανάτῳ

2212 5005 2416 5069 ταύτης
2449 5003 2780 5070 διέζευκται,
2814 5008 2935 5058 οὐδὲ
2968 5008 2996 5059 δ
3031 5007 3216 5070 λαῖκὸς
3254 5009 3438 5063 λαϐεῖν
3482 5011 3691 5063 δύναται
3720 5007 3745 5059 ἦ

2213 5092 2513 5160 ὲξαδέλφην
2545 5093 2771 5159 ταύτης,
2807 5094 2837 5162 ἦ
2872 5096 3061 5164 ἕτερον
3094 5099 3389 5167 πρόσωπον
3413 5102 3471 5150 ὲκ
3502 5099 3592 5150 τοῦ
3608 5100 3747 5166 νόμου

2214 5185 2628 5253 κεκωλυμένον·
2671 5189 2732 5238 οὐ
2769 5191 2876 5256 γὰρ
2917 5190 2948 5258 ὴ
3004 5193 3292 5258 συνάφεια,
3332 5192 3444 5245 ἀλλ’
3487 5193 3520 5261 ή
3552 5194 3642 5260 τῆς
3670 5194 3747 5240 sti-

2213 5276 2316 5344 χῆς
2340 5275 2529 5346 τελετὴ
2561 5279 2833 5346 ποιεῖτὴν
2870 5280 3168 5349 μνηστείαν
3211 5281 3287 5344 ὡς
3338 5285 3506 5352 γάμον
3570 5280 3748 5345 λογίζε-

2216 5366 2361 5417 σθαι.

2324 5456 2460 5526 Περί
2484 5457 2592 5511 τοῦ
2634 5459 3095 5527 συμφθαρέντος
3128 5461 3203 5531 τῇ
3252 5463 3373 5533 ἰδίῃ
3399 5461 3658 5532 πει-θηρᾷ.

2291 5549 2651 5618 Βαλσαμών.
2673 5551 2734 5602 Ei
2766 5553 2867 5619 μέν
2889 5568 2969 5604 τοι
3000 5553 3107 5623 πρὸ
3129 5555 3336 5616 τελείας
3367 5554 3745 5624 ίεροτελ.εστὶα;,

2217 5643 2383 5709 μάνης
2408 5642 2463 5693 δὲ
2514 5645 2814 5710 μνηστείας
2864 5646 3286 5715 συνισταμένης,
3317 5648 3406 5698 τὸν
3450 5647 3669 5713 νυμφίον

2219 5732 2458 5803 πενθερᾷ
2492 5736 2879 5805 συμφθαρῆναι
2939 5738 3161 5806 συνέϐη,
3193 5738 3225 5808 ἢ
3256 5740 3423 5809 ἑτέρῳ
3466 5733 3744 5805 συγγενωιῴ

2219 5826 2497 5892 προσώπῳ
2528 5832 2620 5892 τῆς
2652 5850 2661 5893 ε
2694 5832 2893 5893 νηστῆς
2916 5832 3102 5893 αἰτοῦ,
3130 5833 3499 5893 κωλυθήσεται
3526 5846 3547 5883 ο
3574 5849 3741 5884 nam.
