3902 6556
505 362 642 434 ιτοι

1696 358 2067 428 ΜΑΤΤΗίΕῙ
2112 368 2538 428 BLASTARIS

3609 366 3721 441 1192

490 484 691 539 diserte
726 494 834 537 non
860 477 1266 535 contradicunt.
1303 478 1457 537 Tunc
1486 490 1669 537 autem
1708 482 1801 537 ﬁlii
1830 492 1884 538 et
1912 483 2062 538 tiliae-

2174 483 2531 549 εξούσιοιρὃτε
2550 483 2658 544 τοῖς
2674 483 2896 551 τρόποις
2913 479 3165 549 ἀναξίους
3177 482 3274 538 καὶ
3296 483 3553 557 αἰσχροὺς
3570 491 3722 556 αὐτοῖς

491 575 730 630 familias
764 574 1138 629 contradicere
1174 573 1445 630 duntaxat
1472 586 1722 645 possunt,
1773 592 1898 632 cum
1948 590 2068 632 mo-

490 668 640 721 ribus
668 667 917 735 indignos
950 676 1003 721 et
1047 675 1232 738 turpes
1282 668 1364 723 eis
1414 683 1645 739 sponsos
1685 676 1941 739 parentes
1973 666 2073 723 eli-

488 771 639 829 gunt.
697 761 754 813 Si
786 761 923 816 tales
955 771 1135 815 autem
1166 777 1278 816 non
1321 761 1455 827 sint,
1490 761 1579 831 qui
1615 761 1694 816 eis
1725 762 2069 832 desponden-

492 870 598 920 tur,
628 854 754 907 licet
789 853 1129 909 exhaaredari
1178 870 1237 909 se
1270 854 1437 909 liberi.
1474 854 1684 917 malint,
1716 855 1982 909 duntaxat
2011 862 2071 909 ut

490 966 594 1003 non
629 957 943 1020 parentum.
974 949 1067 1002 sed
1103 965 1215 1003 suae
1246 948 1515 1003 voluntati
1548 947 1921 1013 satisfaciant,
1952 964 2070 1002 om-

490 1044 617 1096 nino
649 1058 754 1096 non
788 1043 971 1096 valere
1016 1043 1298 1097 sancimus
1344 1056 1532 1096 eorum
1567 1041 1899 1096 institutum.
1937 1040 2070 1094 Nam

489 1138 813 1207 cupiditates
865 1136 1169 1203 iuvenum,
1227 1134 1294 1189 ad
1361 1134 1634 1189 excidium
1683 1145 1736 1189 et
1790 1135 2068 1189 interitum

488 1230 766 1299 preprium
817 1231 1120 1294 tendentes,
1157 1227 1306 1282 omni
1357 1228 1521 1281 modo
1556 1227 1890 1283 coercendas
1926 1243 2067 1291 esse,

487 1328 630 1390 leges
655 1320 787 1389 ipsa:
820 1328 1088 1375 statuunt.

558 1412 1023 1468 Dissentientibus
1084 1422 1265 1466 autem
1320 1412 1641 1481 parentibus
1683 1412 1736 1465 in
1782 1412 2067 1480 electione,

485 1505 832 1559 manifestum
879 1515 961 1560 est
986 1507 1155 1575 patris
1202 1505 1384 1559 valere
1418 1505 1708 1573 judicium.
1739 1504 1883 1560 Filio
1915 1506 2075 1560 fami-

483 1598 581 1653 lias
607 1598 982 1663 dissentiente,
1011 1599 1287 1667 sponsalia
1338 1598 1558 1652 nomine
1580 1597 1695 1666 ejus
1736 1612 1846 1653 non
1876 1601 2033 1654 tlunt.

552 1780 714 1834 Pater
781 1777 1142 1833 ﬁliaefnmilias
1193 1778 1466 1848 sponsalia
1514 1778 1815 1836 dissolvere
1872 1789 2066 1851 potest,

480 1887 589 1925 non
628 1871 790 1924 etiam
824 1870 1203 1939 emancipatus.

555 1962 687 2029 Quae
718 1965 863 2033 quod
893 1964 1092 2032 agitur,
1119 1963 1422 2033 intelligere
1453 1964 1681 2028 videtur,
1718 1972 1865 2017 recte
1894 1978 2063 2032 spon-

480 2057 617 2111 salia
650 2056 952 2122 contrahit,
981 2056 1084 2109 hoc
1115 2065 1220 2120 est,
1250 2070 1369 2125 quae
1397 2070 1502 2107 non
1536 2054 1714 2107 minor
1739 2063 1822 2107 est
1856 2063 2066 2122 septem

480 2148 662 2200 annis.
703 2147 993 2200 Enimvero
1049 2147 1094 2201 si
1145 2146 1490 2214 sponsalibus
1524 2145 1681 2199 factis
1734 2144 1876 2198 intra
1921 2145 2069 2199 deci-

482 2256 631 2293 tnum
687 2240 904 2292 tertium
962 2254 1190 2302 annum,
1245 2239 1360 2291 ausi
1417 2238 1636 2306 quidam
1696 2236 1902 2291 fuerint
1971 2236 2067 2291 de-

481 2333 754 2403 sponsatis
811 2332 897 2385 vel
930 2330 1404 2393 benedictionem,
1466 2345 1627 2399 quam
1687 2335 1920 2393 vocant,
1985 2328 2069 2382 vel

483 2440 745 2479 coronam
799 2424 1060 2491 impertiri
1116 2438 1288 2478 :cum
1341 2436 1635 2476 sacrarum
1675 2420 1849 2491 legum
1890 2428 2071 2473 trans-

482 2531 761 2587 gressores
824 2515 957 2569 facti
1015 2514 1147 2577 sint,
1206 2514 1386 2568 statim
1440 2522 1719 2567 contracta
1769 2512 2066 2591 sponsalia,

480 2625 607 2665 eum
660 2624 722 2663 ea
758 2608 1171 2679 conjunctione,
1224 2622 1343 2676 quae
1403 2607 1637 2674 speciem
1676 2606 1939 2659 duntaxat
1971 2604 2071 2658 ali-

481 2719 643 2772 quam
680 2704 861 2766 habet,
907 2702 1300 2763 dissolventur;
1334 2708 1390 2754 et
1420 2701 1487 2752 ah
1515 2707 1744 2766 utraque
1775 2705 1927 2766 parte
1958 2697 2068 2751 col-

478 2797 620 2852 latas
652 2796 707 2848 in
767 2793 1119 2863 sponsalibus
1151 2806 1359 2861 poenas,
1391 2789 1647 2843 facinoris
1682 2788 1908 2843 admissi
1938 2803 2068 2841 cau-

481 2904 561 2944 sae
604 2888 877 2955 jacturam
908 2886 1047 2938 hanc
1102 2881 1620 2936 sustinentesﬁsco
1666 2879 1945 2934 inferent:
2004 2894 2070 2934 ne
2116 2876 2119 2879 ’

481 2979 769 3035 sacerdote
818 2978 1061 3045 quidem.
1096 2975 1189 3043 qui
1228 2974 1324 3029 tali
1374 2988 1544 3028 ausus
1582 2972 1747 3027 fuerit
1801 2970 2069 3027 interesse

490 3068 658 3135 actui,
693 3079 846 3124 extra
900 3068 1111 3136 culpam
1142 3067 1446 3120 constituto
1472 3104 1488 3131 ,
1525 3065 1618 3120 sed
1660 3065 1838 3134 legum
1885 3079 2069 3120 sacra-

482 3179 602 3216 rum
647 3161 925 3217 severitati
961 3158 1323 3228 subiiciendo.

552 3253 758 3309 Luctus
818 3252 1002 3307 mariti
1059 3251 1341 3306 mulierem
1406 3249 1682 3320 sponsalia
1736 3249 2064 3305 contrahere

476 3363 583 3403 non
637 3348 905 3417 prohibet.

547 3439 652 3505 Qui
689 3440 923 3508 puellam
983 3430 1744 3514 adultam.sihi°despondit,
1794 3453 1895 3495 nec
1927 3447 2066 3493 temo

477 3546 580 3599 pus
609 3531 662 3582 in
702 3530 1054 3610 sponsalibus
1085 3532 1414 3599 constituit,
1466 3534 1686 3602 nuptias
1731 3532 1980 3600 exsequi,
2015 3545 2063 3605 si

474 3623 664 3677 eadem
719 3623 772 3675 in
826 3622 1103 3690 provincia
1154 3624 1319 3692 degit,
1355 3625 1495 3678 intra
1534 3624 1814 3680 biennium
1862 3623 2061 3677 debet:

474 3716 557 3768 sin
605 3713 803 3768 absens
845 3722 951 3777 est,
1003 3715 1144 3769 intra
1206 3715 1524 3770 triennium.
1576 3714 1733 3782 Quod
1770 3703 1815 3770 si
1884 3713 2065 3770 facere

476 3806 853 3873 supersederit
901 3807 1111 3877 absque
1143 3808 1414 3876 probabili
1449 3823 1637 3874 causa,
1685 3807 1841 3864 alteri
1886 3806 2062 3878 puella

475 3897 734 3965 conjungi
776 3908 972 3966 potest.

547 3988 810 4045 Praesitles
862 3994 917 4045 in
967 4006 1030 4046 ea
1090 3990 1388 4061 provincia,
1441 4006 1602 4061 quam
1650 3989 2059 4056 administrant,

471 4081 749 4148 sponsalia
804 4082 1129 4136 contrahere
1178 4096 1282 4133 non
1323 4082 1542 4135 debent.
1584 4079 1640 4134 Si
1672 4095 1797 4133 vero
1829 4079 1880 4132 id
1914 4077 2063 4133 fece-

472 4175 603 4240 rint,
634 4175 757 4228 licet
786 4175 994 4243 puellm,
1024 4190 1089 4227 ac
1118 4173 1434 4242 parentibus
1468 4174 1610 4241 ejus,
1644 4182 1736 4227 aut
1768 4173 2061 4236 tutoribus,

474 4277 569 4321 aut
598 4268 941 4321 curatoribus
970 4268 1277 4322 detrectare
1316 4267 1747 4329 matrimonium,
1788 4275 1842 4319 et
1868 4264 2062 4319 arrltas

474 4344 672 4413 lucrari
700 4373 714 4411 :
762 4359 950 4413 eodem
986 4360 1162 4413 locum
1203 4359 1456 4413 habituro
1478 4368 1534 4413 et
1558 4358 1611 4412 itt
1641 4357 1788 4423 tiliis,
1820 4366 1873 4411 et
1894 4372 2063 4426 nepoo

473 4453 640 4515 tibus,
671 4460 723 4505 et
759 4452 1101 4520 propinquis,
1129 4460 1184 4506 et
1214 4450 1550 4515 domesticis,
1579 4459 1633 4505 et
1665 4450 2059 4513 assessorihus,

2177 575 2569 647 μνηστεύονται
2615 577 2665 629 οἱ
2717 577 2913 643 γονεῖς.
2947 575 3219 632 Τοιούτων
3243 576 3302 630 δὲ
3346 577 3423 649 μὴ
3448 578 3610 634 ὅντων
3634 583 3722 640 τῶν

2177 667 2660 738 μνηστευομένων,
2695 666 2799 721 κᾶν
2829 669 2879 721 εί
2900 667 3255 739 ἁποκλήρους
3287 669 3720 743 έαυτοὺςαίροῦνο

2172 776 2263 814 ται
2289 759 2537 815 τὰτέκνα
2578 762 2773 822 ποιεῖν,
2810 760 2972 831 μόνον
3009 760 3098 823 ἵνα
3142 760 3217 833 μὴ
3243 760 3342 832 τὴν
3370 762 3483 815 τῶν
3521 763 3719 830 γονέων,

2175 850 2313 904 ἀλλὰ
2342 850 2439 921 τὴν
2468 850 2676 905 οἰκείαν
2704 851 3107 923 ἐκπληρῶσωσι
3153 852 3398 921 θέλησιν,
3453 854 3719 924 ἀνίσχυρον

2174 937 2316 996 εἶναι
2337 942 2517 995 αὐτῶν
2549 942 2880 1012 θεσπίζομεν
2900 944 2990 996 διὰ
3020 942 3223 1007 παντὸς
3265 944 3328 996 τὺ
3358 943 3627 1030 βούλημα.
3655 945 3722 999 Τὰ

2173 1036 2282 1107 γὰρ
2307 1037 2400 1090 ἐπὶ
2437 1036 2543 1107 ίδίᾳ
2578 1037 2934 1107 καταστροφῇ
2992 1035 3089 1087 καὶ
3150 1035 3402 1108 ἀπωλείᾳ
3450 1036 3562 1089 τῶν
3608 1038 3721 1090 νέων

2171 1128 2470 1199 ὁρμήματα
2517 1128 2681 1182 παντὶ
2731 1127 2923 1198 τρόπῳ
2973 1125 3207 1180 κωλύειν
3264 1128 3322 1180 oi
3381 1128 3535 1199 νόμοι
3574 1129 3717 1198 ὲγνὼο

2174 1235 2352 1275 κασιν.

2244 1401 2638 1471 Διχονοούντων
2663 1402 2722 1456 δὲ
2778 1401 2887 1464 τῶν
2916 1402 3121 1472 γονέων
3176 1401 3309 1473 περὶ
3364 1403 3467 1473 τῆς
3511 1402 3715 1472 ἐκλογῆς

2173 1494 2440 1565 δηλονότι,
2470 1496 2505 1567 ή
2545 1496 2642 1551 τοῦ
2669 1498 2875 1570 πατρὸς
2923 1496 3116 1567 γνώμη
3172 1499 3387 1567 κρατεῖτε
3422 1497 3711 1568 Διχονοοῦν·
3756 1552 3780 1575 ο

2173 1602 2264 1648 τος
2291 1586 2385 1640 τοῦ
2421 1587 2766 1656 ὑπεξουσίου,
2831 1588 2891 1641 οὐ
2939 1587 3149 1656 γίνεται
3200 1586 3468 1659 μνηστεία
3521 1588 3719 1659 ὀνόματι

2173 1675 2361 1730 αὐτοῦ.

2261 1770 2320 1825 Ὀ
2349 1773 2532 1844 πατὴρ
2567 1773 2665 1840 τῆς
2714 1774 3041 1840 ὑπεξουσίας
3086 1775 3314 1831 δύναται
3357 1775 3591 1829 διαλύειν
3633 1776 3719 1847 την

2098 1859 2142 1915 Β
2175 1866 2511 1936 μνηστείαν·
2549 1867 2611 1919 οὐ
2668 1866 2775 1939 μὴν
2805 1870 2902 1922 καὶ
2934 1867 3444 1945 τῆςαῦτεξουσίας.

2256 1957 2321 2011 Ἥ
2355 1958 2416 2013 τδ
2445 1960 2734 2030 γινόμενον
2756 1961 2990 2014 δοκοῦσα
3039 1964 3183 2015 νοεῖν
3230 1963 3414 2026 καλως
3448 1962 3719 2032 μνηστεύε-

2172 2067 2282 2115 ται,
2315 2051 2613 2120 τουτέστιν,
2645 2053 2680 2122 η
2735 2053 2809 2123 μὴ
2843 2048 2980 2107 οὖσα
3010 2054 3193 2125 ἥττων
3217 2053 3328 2107 τῶν
3387 2053 3529 2107 ἑπτὰ
3578 2053 3712 2109 ἐτῶν.

2171 2142 2235 2196 Ei
2292 2143 2476 2212 μέντοι
2534 2161 2599 2211 γε
2633 2144 2734 2212 τῆς
2790 2145 3086 2215 μνηστείας
3124 2146 3499 2216 γεγενημένης
3542 2143 3717 2199 ἔσωθεν

2171 2235 2267 2289 τοῦ
2301 2235 2818 2306 τρισκαιδεκπτοῦς
2843 2237 3064 2307 χρόνου,
3103 2236 3436 2308 τολμήσαιέν
3457 2254 3600 2298 τινες
3619 2240 3717 2300 τοῖς

2177 2329 2665 2399 μνηστευομένοις,
2706 2328 2739 2399 ἢ
2783 2330 2885 2398 τὴν
2923 2328 3229 2400 λεγομένην
3281 2329 3571 2398 εὐλόγησιν
3603 2329 3631 2398 ἢ
3664 2329 3715 2381 τὸ

2174 2421 2509 2491 στεφάνωμα
2541 2420 2872 2490 περιθεῖναι,
2905 2421 2979 2484 ὡς
3010 2420 3118 2475 τῶν
3147 2422 3307 2475 θείων
3335 2421 3521 2490 νόμων
3563 2436 3714 2491 παρα-

2174 2513 2337 2567 ϐάται
2376 2513 2759 2583 γεγενημένοι,
2823 2513 3019 2568 αὐτίκα
3082 2513 3183 2581 τὴν
3219 2513 3321 2582 μὲν
3370 2512 3715 2581 προελθοῦσαν

2176 2605 2493 2675 μνηστείαν,
2532 2605 2652 2674 ἃμα
2701 2612 2765 2675 τῇ
2810 2605 3043 2677 δοκούσῃ
3103 2608 3370 2676 συναφείᾳ
3404 2605 3713 2669 διαλύεσθαι,

2172 2700 2270 2753 καὶ
2303 2698 2371 2751 τὰ
2403 2698 2533 2768 παρ’
2567 2698 2834 2768 ἑκατέρου
2861 2696 2955 2750 τοῦ
2991 2696 3193 2766 μέρους
3250 2696 3310 2749 ἐν
3368 2698 3433 2766 τῇ
3478 2696 3715 2766 μνηστείᾳ

2173 2788 2558 2859 συμϐληθέντα
2587 2788 2955 2859 προστίματα,
2993 2786 3090 2840 τοῦ
3136 2786 3488 2856 τολμήματος
3540 2786 3715 2857 ζημίαν

2173 2882 2500 2952 ὑπέχοντας,
2525 2879 2604 2947 τῷ
2633 2880 2726 2933 τοῦ
2755 2880 3020 2950 δημοσίου
3054 2879 3470 2950 εἰσκομίζεσθαι
3528 2880 3671 2951 μέρει
3696 2892 3710 2908 ⁶
3750 2888 3753 2891 ⁷

2173 2973 2309 3045 μηδέ
2331 2973 2423 3027 τοῦ
2459 2973 2771 3044 τολμῶντος
2813 2974 3000 3043 ἱερέως
3016 2973 3111 3026 ἐπὶ
3137 2975 3202 3043 τῇ
3226 2970 3448 3043 τοιαύτη
3477 2975 3712 3043 παρεῖναι

2168 3066 2393 3137 πράξει,
2437 3067 2731 3121 ἀνευθύνου
2754 3066 3176 3135 καθεστηκότος,
3216 3063 3355 3119 ἀλλά
3376 3068 3438 3137 τῇ
3456 3064 3715 3136 αὐστηρίσ.

2167 3159 2280 3213 τῶν
2318 3159 2482 3231 ίερῶν
2511 3159 2880 3229 ὑποκειμένου
2907 3157 3177 3214 κανόνων.

2237 3252 2312 3305 To
2341 3250 2536 3315 πένθος
2573 3251 2669 3305 τοῦ
2721 3251 2915 3323 ἀνδρὸς
2975 3250 3035 3304 οὐ
3094 3249 3296 3304 κωλύει
3355 3249 3456 3320 τὴν
3498 3251 3715 3321 γυναῖκα

2171 3343 2599 3414 μνηστευθῆναι.
3124 3376 3135 3384 -

2248 3440 2310 3491 '0
2343 3435 2823 3509 μνηστευσάμενος
2849 3436 3018 3506 κόρην
3044 3432 3269 3506 ἔφηϐον,
3324 3432 3421 3487 καὶ
3471 3431 3546 3505 μὴ
3595 3451 3715 3503 συμ-

2167 3529 2424 3599 φωνήσας
2467 3528 2662 3599 χρόνον
2708 3528 2765 3580 ἐν
2798 3529 2864 3597 τῇ
2907 3526 3195 3597 μνηστείᾳ,
3242 3524 3455 3594 ὀφείλει
3505 3527 3710 3588 ταύτην,

2145 3625 2214 3677 ei
2242 3622 2343 3693 μὲν
2364 3624 2422 3677 ἐν
2444 3624 2512 3692 τῇ
2543 3622 2681 3692 αὐτῇ
2710 3620 2951 3691 ἐπαρχίᾳ
2991 3618 3192 3685 διάγει,
3240 3619 3371 3672 εῑσω
3408 3618 3602 3681 διετίας
3631 3633 3711 3684 γα-

2171 3717 2314 3787 μεῖν,
2349 3714 2399 3767 εί
2431 3714 2487 3767 δὲ
2517 3715 2574 3767 ἐν
2596 3712 2853 3781 ἀπουσίᾳ,
2878 3712 3010 3765 εῐσω
3036 3710 3301 3779 τριετίας.
3331 3710 3392 3762 Et
3417 3710 3476 3762 δὲ
3496 3706 3711 3772 ὑπέρη-

2164 3823 2256 3859 ται
2294 3806 2465 3875 χωρὶς
2495 3803 2721 3871 εὐλόγου
2785 3801 2985 3871 αἰτίας,
3018 3799 3242 3856 δύναται
3274 3802 3308 3871 η
3360 3800 3495 3873 κόρη
3557 3796 3710 3866 ἐτέρῳ

2164 3896 2555 3952 συνάπτεσθαι.
3234 3950 3239 3953 ,

2232 3990 2308 4046 Οὐ
2340 3989 2449 4061 χρὴ
2475 3990 2599 4053 τοὺς
2627 3989 2896 4060 ἄρχοντας
2933 3987 2994 4054 ἐξ
3021 3985 3235 4055 ἐκείνης
3284 3985 3385 4057 τῆς
3435 3984 3708 4056 ἐπαρχίας,

2160 4075 2228 4151 ἦς
2258 4082 2508 4151 ἄρχουσι,
2551 4078 2971 4149 μνηστεύεσθαι.
3000 4078 3065 4132 ΕΞ
3096 4078 3153 4131 δέ
3185 4073 3343 4130 τοῦτο
3385 4076 3707 4145 ποιήσουσιν,

2161 4172 2339 4239 ἔξεστι
2382 4174 2448 4242 τῇ
2478 4171 2617 4242 κόρῃ
2670 4170 2766 4225 καὶ
2823 4172 2934 4232 τοῖς
2981 4168 3232 4238 γονεῦσιν
3276 4167 3466 4235 αὐτῆς,
3504 4168 3536 4238 ἤ
3600 4168 3710 4219 ἐπι-

2162 4262 2464 4335 τρόποις,ἢ
2518 4262 2875 4334 κουράτορσι,
2922 4258 3314 4328 παραιτεῖσθαι
3376 4258 3468 4311 τὸν
3516 4256 3704 4326 γάμον,

2160 4353 2258 4406 καὶ
2306 4351 2607 4423 κερδαίνειν
2670 4350 2797 4413 τοὺς
2835 4348 3182 4422 ἀρραϐῶνας,
3225 4347 3321 4402 τοῦ
3369 4345 3529 4401 αὐτοῦ
3584 4360 3708 4413 κρα-

2159 4445 2380 4507 τοῦντος
2410 4443 2506 4498 καὶ
2533 4444 2623 4498 ἐπὶ
2657 4441 2809 4507 υίῶν,
2849 4441 2946 4495 καὶ
2993 4440 3253 4509 ἐγγόνων,
3286 4441 3381 4494 καὶ
3425 4437 3707 4506 συγγενῶν,

469 4554 523 4598 et
564 4550 840 4605 murrinus,
877 4544 970 4614 qui
1027 4554 1152 4597 sunt
1187 4543 1307 4611 ejus
1359 4542 1698 4611 apparitores
1750 4553 1800 4596 et
1832 4544 2053 4612 partici-

2174 4534 2257 4587 mi.
2280 4531 2689 4604 συγκαθέδρων,
2721 4530 2814 4584 καὶ⁸
2842 4531 2936 4583 ἐπὶ
2965 4530 3185 4584 πάντων
3217 4529 3327 4583 τῶν
3370 4530 3430 4584 ἐν
3457 4529 3516 4599 τῇ
3542 4526 3706 4590 τάξει,

472 4653 567 4708 pes
597 4654 609 4689 :
636 4637 904 4706 siquidem
929 4642 1099 4704 opera
1125 4636 1370 4705 praesidis
1397 4634 1507 4705 '79
1531 4635 1807 4705 sponsalia
1835 4646 2053 4688 contra-

472 4738 685 4783 xerunt.
725 4729 779 4780 Si
830 4738 1008 4781 tamen
1043 4730 1092 4780 ei
1149 4725 1345 4796 puella,
1394 4717 1679 4795 postquam
1731 4725 2050 4793 magistratu

470 4822 689 4884 abierit,
727 4820 931 4874 nubere
962 4818 1098 4885 vult,
1149 4817 1559 4872 matrimonium
1615 4824 1792 4870 ratum
1827 4825 1929 4870 est.

543 5003 730 5068 Itaque
763 4999 1002 5062 notabis,
1037 5000 1179 5067 quod
1239 5008 1368 5053 tunc
1419 5003 1757 5051 contractum
1788 4996 1929 5051 hunc
1964 4995 2053 5051 lex

472 5094 797 5161 prohibt-at,
864 5105 986 5142 cum
1046 5089 1224 5142 adhuc
1282 5102 1481 5155 praises
1532 5084 1768 5140 oliicium
1815 5085 2051 5139 admitti-

470 5197 630 5247 strat,
657 5197 709 5238 et
747 5185 1060 5253 parentibus
1092 5183 1281 5252 puellae
1310 5180 1669 5235 formidabilis
1696 5194 1818 5233 esse
1846 5188 2047 5248 potest.

470 5284 590 5347 Qeo
623 5280 700 5343 iit,
737 5289 791 5331 ut
817 5280 860 5331 si
894 5291 1096 5346 pm-ses
1130 5275 1346 5344 quidem
1392 5282 1533 5336 erat,
1566 5272 1659 5325 sed
1686 5273 1820 5325 satis
1850 5271 2048 5325 virium

470 5391 577 5428 non
612 5374 844 5425 hahehat
889 5371 954 5424 ad
988 5369 1315 5425 territandos
1341 5365 1532 5435 puclla:
1573 5373 1848 5443 parentes,
1882 5380 2052 5434 spon—

468 5467 599 5519 salia
645 5480 749 5516 non
789 5464 991 5517 fuerint
1025 5462 1317 5530 prohibita.

468 5581 618 5636 CAP.
652 5575 789 5632 ΧΥ).
828 5578 902 5631 De
938 5577 1139 5630 clericis
1171 5590 1359 5627 uxores
1394 5591 1517 5627 sua:
1552 5582 1808 5642 pra'tcxlu
1844 5573 2050 5643 religio-

1030 5653 1109 5699 nis
1170 5647 1519 5713 ejicienn'bus.

539 5744 725 5798 Cauon
784 5750 1098 5797 sanctorum
1149 5738 1516 5806 apostolorum
1567 5736 1792 5804 quintus
1843 5733 2055 5803 cpisco2

470 5851 623 5901 nutu,
656 5835 759 5890 νοίι
794 5835 1198 5905 presbyterum,
1234 5830 1317 5885 vel
1348 5829 1661 5893 diaconum,
1699 5829 1792 5898 qui
1829 5840 2050 5882 uxorem

2156 4626 2252 4679 καὶ
2281 4623 2390 4677 τῶν
2416 4622 2637 4678 οἰκείων
2673 4622 2861 4686 αὐτοῦ,
2894 4621 2990 4675 ἐὰν
3040 4621 3185 4674 κατὰ
3236 4620 3471 4691 σπουδὴν
3492 4617 3585 4670 τοῦ
3614 4616 3707 4683 ἄρα

2155 4734 2342 4787 χοντος
2374 4714 2830 4786 ἐμνηστεύσαντο.
2860 4714 2922 4767 Ei
2950 4713 3246 4783 μέντοι-καὶ
3271 4713 3412 4780 μετὰ
3436 4707 3703 4778 τὴνάρχὴν

2160 4809 2423 4880 βούλεται
2472 4809 2508 4878 η
2561 4808 2702 4880 κόρη
2757 4805 3099 4876 συναφθῆναι
3170 4803 3343 4875 αὐτῷ,
3396 4801 3625 4874 ἔρρωται
3679 4799 3705 4851 ό

2208 4901 2356 4953 inec.

2278 4917 2305 4952 ο
2341 4937 2356 4953 .

2156 4917 2549 5062 γαξηῗιείωσαι
2570 4987 2725 5057 γοῦν,
2756 4987 2838 5041 ότι
2868 4987 2991 5039 τότε
3023 4985 3224 5039 κωλύει
3270 4984 3333 5038 τδ
3366 4984 3707 5051 συνάλλαγμα

2154 5090 2183 5141 ὁ
2211 5089 2397 5157 νόμος,
2427 5087 2517 5139 ὅτε
2546 5086 2605 5137 τὸ
2631 5085 2885 5152 όφφίκιον
2911 5083 2940 5135 ό
2996 5080 3181 5149 ἄρχων
3218 5080 3558 5151 διαχειρίζει,
3595 5079 3704 5141 ξκαὶ

2144 5178 2382 5265 δύναται
2439 5177 2671 5247 φοϐερὸς
2730 5171 2872 5226 εἶναι
2922 5175 3035 5234 τοῖς
3094 5171 3311 5239 γονεῦσι
3355 5175 3449 5241 τῆς
3501 5174 3703 5241 κόρης·

2136 5260 2321 5336 ίῶστε,
2355 5271 2469 5338 εἴγε
2505 5268 2690 5339 ἄρχων
2722 5267 2822 5338 μὲν
2876 5261 2968 5337 ἦν,
3022 5265 3123 5317 οὐκ
3178 5260 3249 5334 ἦν
3299 5264 3358 5317 δὲ
3413 5264 3591 5324 ἱκανὸς
3626 5264 3706 5312 ἐκ·

2156 5363 2395 5431 φοϐῆσαι
2446 5358 2575 5420 τοὺς
2599 5359 2780 5426 γονεῖς
2828 5357 2945 5425 τῆς,
2975 5355 3167 5424 κόρης,
3220 5355 3282 5406 οὐ
3320 5353 3617 5406 κεκώλυται
3674 5351 3704 5418 ἡ

2158 5453 2446 5526 μνηστεία.

2156 5568 2410 5620 ΚΕΦΑΛ.
2471 5565 2589 5631 Ιςκ
2656 5563 2793 5631 Περὶ
2857 5561 2976 5614 τῶν
3048 5562 3157 5625 τὰς
3221 5560 3372 5625 ιδίας
3428 5554 3703 5633 avrai:ch

2189 5637 2489 5705 προφάσει
2526 5636 2845 5699 εὐλαϐείας
2897 5633 3325 5686 ἐκϐαλλόντων
3362 5634 3670 5692 κληρικων.

2240 5728 2300 5781 '0
2347 5735 2387 5780 ε’
2414 5727 2523 5780 τῶν
2574 5726 2746 5794 ἁγίων
2781 5726 3097 5778 ἀποστόλων
3151 5725 3333 5777 κανὼν
3390 5720 3700 5781 ἐπίσκοπον,

2156 5820 2625 5893 ἢπρεσὸύτερον,
2673 5817 3005 5889 ἣδιάκονον,
3062 5818 3161 5887 τὴν
3215 5812 3410 5870 ἑαυτοῦ
3457 5806 3711 5881 γυναῖκα,
