  <div class='ocr_page' id='page_1' title='image "/cluster/home/n/w/nwhite01/storage/ocr_20150623/144/hvd.32044019208339/604.png"; bbox 0 0 3902 6552; ppageno 0'>
   <div class='ocr_carea' id='block_1_1' title="bbox 267 463 385 530">
    <p class='ocr_par' dir='ltr' id='par_1_1' title="bbox 267 463 385 530">
     <span class='ocr_line' id='line_1_1' title="bbox 267 463 385 530; baseline -0.008 0"><span class='ocrx_word' id='word_1_1' title='bbox 267 463 385 530; x_wconf 80' lang='grc'><strong>1193</strong></span> 
     </span>
    </p>
   </div>
   <div class='ocr_carea' id='block_1_2' title="bbox 1230 465 2460 552">
    <p class='ocr_par' dir='ltr' id='par_1_2' title="bbox 1230 465 2460 552">
     <span class='ocr_line' id='line_1_2' title="bbox 1230 465 2460 552; baseline 0.016 -20"><span class='ocrx_word' id='word_1_2' title='bbox 1230 465 1635 537; x_wconf 75' lang='lat' dir='ltr'><strong>SYNTAGMA</strong></span> <span class='ocrx_word' id='word_1_3' title='bbox 1663 475 2275 548; x_wconf 75' lang='lat' dir='ltr'><strong>ALPHARETICUM.</strong></span> <span class='ocrx_word' id='word_1_4' title='bbox 2303 514 2373 526; x_wconf 91' lang='lat'><strong>-</strong></span> <span class='ocrx_word' id='word_1_5' title='bbox 2402 480 2460 552; x_wconf 77' lang='grc' dir='ltr'><strong>Γ.</strong></span> 
     </span>
    </p>
   </div>
   <div class='ocr_carea' id='block_1_3' title="bbox 3319 499 3464 565">
    <p class='ocr_par' dir='ltr' id='par_1_3' title="bbox 3319 499 3464 565">
     <span class='ocr_line' id='line_1_3' title="bbox 3319 499 3464 565; baseline 0.021 -2"><span class='ocrx_word' id='word_1_6' title='bbox 3319 499 3464 565; x_wconf 69' lang='lat' dir='ltr'><strong>11M</strong></span> 
     </span>
    </p>
   </div>
   <div class='ocr_carea' id='block_1_4' title="bbox 262 575 1769 681">
    <p class='ocr_par' dir='ltr' id='par_1_4' title="bbox 262 575 1769 662">
     <span class='ocr_line' id='line_1_4' title="bbox 262 575 1769 662; baseline 0.005 -33"><span class='ocrx_word' id='word_1_7' title='bbox 262 577 506 646; x_wconf 70' lang='grc' dir='ltr'>προφάσει</span> <span class='ocrx_word' id='word_1_8' title='bbox 535 575 844 645; x_wconf 81' lang='grc' dir='ltr'>εὐλαϐείας,</span> <span class='ocrx_word' id='word_1_9' title='bbox 903 580 1254 649; x_wconf 73' lang='grc' dir='ltr'>ἐκϐάλλοντα,</span> <span class='ocrx_word' id='word_1_10' title='bbox 1292 587 1565 658; x_wconf 74' lang='grc' dir='ltr'><strong>ἀφορίζει,</strong></span> <span class='ocrx_word' id='word_1_11' title='bbox 1602 590 1769 662; x_wconf 66' lang='grc' dir='ltr'>μέχρι</span> 
     </span>
    </p>
   </div>
   <div class='ocr_carea' id='block_1_5' title="bbox 1880 575 3464 681">
    <p class='ocr_par' dir='ltr' id='par_1_5' title="bbox 1900 601 3464 681">
     <span class='ocr_line' id='line_1_5' title="bbox 1900 601 3464 681; baseline 0.01 -30"><span class='ocrx_word' id='word_1_12' title='bbox 1900 611 2053 652; x_wconf 90' lang='lat' dir='ltr'><strong>suam</strong></span> <span class='ocrx_word' id='word_1_13' title='bbox 2084 605 2344 668; x_wconf 76' lang='lat' dir='ltr'><strong>praetextu</strong></span> <span class='ocrx_word' id='word_1_14' title='bbox 2386 601 2665 672; x_wconf 78' lang='lat' dir='ltr'><strong>religionis</strong></span> <span class='ocrx_word' id='word_1_15' title='bbox 2713 603 2878 671; x_wconf 81' lang='lat' dir='ltr'><strong>ejicit,</strong></span> <span class='ocrx_word' id='word_1_16' title='bbox 2915 606 3181 676; x_wconf 70' lang='lat' dir='ltr'><strong>tantisper</strong></span> <span class='ocrx_word' id='word_1_17' title='bbox 3210 621 3464 681; x_wconf 72' lang='lat' dir='ltr'><strong>segregat</strong></span> 
     </span>
    </p>
   </div>
   <div class='ocr_carea' id='block_1_6' title="bbox 257 668 1787 754">
    <p class='ocr_par' dir='ltr' id='par_1_6' title="bbox 257 668 1787 754">
     <span class='ocr_line' id='line_1_6' title="bbox 257 668 1787 754; baseline 0.01 -33"><span class='ocrx_word' id='word_1_18' title='bbox 257 669 315 722; x_wconf 72' lang='grc' dir='ltr'>ἄν</span> <span class='ocrx_word' id='word_1_19' title='bbox 353 668 500 732; x_wconf 84' lang='grc' dir='ltr'>αὖθις</span> <span class='ocrx_word' id='word_1_20' title='bbox 547 671 941 742; x_wconf 84' lang='grc' dir='ltr'>προσλὰϐηται,</span> <span class='ocrx_word' id='word_1_21' title='bbox 991 675 1320 748; x_wconf 77' lang='grc' dir='ltr'><strong>ἐπιμένοντα</strong></span> <span class='ocrx_word' id='word_1_22' title='bbox 1378 679 1457 746; x_wconf 71' lang='grc' dir='ltr'>δὲ,</span> <span class='ocrx_word' id='word_1_23' title='bbox 1515 681 1787 754; x_wconf 80' lang='grc' dir='ltr'>καθαιρεῖ.</span> 
     </span>
    </p>
   </div>
   <div class='ocr_carea' id='block_1_7' title="bbox 258 762 1794 842">
    <p class='ocr_par' dir='ltr' id='par_1_7' title="bbox 258 762 1794 842">
     <span class='ocr_line' id='line_1_7' title="bbox 258 762 1794 842; baseline 0.012 -30"><span class='ocrx_word' id='word_1_24' title='bbox 258 762 408 814; x_wconf 81' lang='grc' dir='ltr'>Τοῦτο</span> <span class='ocrx_word' id='word_1_25' title='bbox 429 762 535 832; x_wconf 80' lang='grc' dir='ltr'><strong>γάρ</strong></span> <span class='ocrx_word' id='word_1_26' title='bbox 563 765 656 816; x_wconf 80' lang='grc' dir='ltr'>καὶ</span> <span class='ocrx_word' id='word_1_27' title='bbox 689 765 717 816; x_wconf 75' lang='grc' dir='ltr'><strong>ὁ</strong></span> <span class='ocrx_word' id='word_1_28' title='bbox 744 767 948 836; x_wconf 79' lang='grc' dir='ltr'>Κύριος</span> <span class='ocrx_word' id='word_1_29' title='bbox 974 769 1032 821; x_wconf 75' lang='grc' dir='ltr'>ὲν</span> <span class='ocrx_word' id='word_1_30' title='bbox 1087 773 1200 832; x_wconf 73' lang='grc' dir='ltr'>τοῖς</span> <span class='ocrx_word' id='word_1_31' title='bbox 1261 770 1614 842; x_wconf 80' lang='grc' dir='ltr'>Εὐαγγελίοις</span> <span class='ocrx_word' id='word_1_32' title='bbox 1673 775 1794 830; x_wconf 72' lang='grc' dir='ltr'><strong>ἑθέ-</strong></span> 
     </span>
    </p>
   </div>
   <div class='ocr_carea' id='block_1_8' title="bbox 256 855 1788 938">
    <p class='ocr_par' dir='ltr' id='par_1_8' title="bbox 256 855 1788 938">
     <span class='ocr_line' id='line_1_8' title="bbox 256 855 1788 938; baseline 0.01 -34"><span class='ocrx_word' id='word_1_33' title='bbox 256 871 422 914; x_wconf 80' lang='grc' dir='ltr'>σπισε,</span> <span class='ocrx_word' id='word_1_34' title='bbox 453 856 524 922; x_wconf 69' lang='grc' dir='ltr'>μὴ</span> <span class='ocrx_word' id='word_1_35' title='bbox 544 855 745 920; x_wconf 78' lang='grc' dir='ltr'>ἐξεῖναί</span> <span class='ocrx_word' id='word_1_36' title='bbox 777 873 887 910; x_wconf 83' lang='grc' dir='ltr'>τινι</span> <span class='ocrx_word' id='word_1_37' title='bbox 921 859 999 930; x_wconf 80' lang='grc' dir='ltr'>τῷ</span> <span class='ocrx_word' id='word_1_38' title='bbox 1034 859 1253 932; x_wconf 80' lang='grc' dir='ltr'>παλαιῷ</span> <span class='ocrx_word' id='word_1_39' title='bbox 1278 867 1788 938; x_wconf 82' lang='grc' dir='ltr'>προσέχοντινόμῳ,</span> 
     </span>
    </p>
   </div>
   <div class='ocr_carea' id='block_1_9' title="bbox 251 945 1788 1028">
    <p class='ocr_par' dir='ltr' id='par_1_9' title="bbox 251 945 1788 1028">
     <span class='ocr_line' id='line_1_9' title="bbox 251 945 1788 1028; baseline 0.009 -29"><span class='ocrx_word' id='word_1_40' title='bbox 251 949 326 999; x_wconf 75' lang='grc' dir='ltr'>ὅτε</span> <span class='ocrx_word' id='word_1_41' title='bbox 360 945 597 1016; x_wconf 84' lang='grc' dir='ltr'>βούλοιτο</span> <span class='ocrx_word' id='word_1_42' title='bbox 641 946 737 1017; x_wconf 79' lang='grc' dir='ltr'>τὴν</span> <span class='ocrx_word' id='word_1_43' title='bbox 780 948 916 1004; x_wconf 83' lang='grc' dir='ltr'>ίδίαν</span> <span class='ocrx_word' id='word_1_44' title='bbox 964 950 1247 1008; x_wconf 73' lang='grc' dir='ltr'>ἐκϐάλλειν</span> <span class='ocrx_word' id='word_1_45' title='bbox 1309 955 1545 1024; x_wconf 82' lang='grc' dir='ltr'>γυναῖκα</span> <span class='ocrx_word' id='word_1_46' title='bbox 1619 962 1788 1028; x_wconf 59' lang='grc' dir='ltr'>χωμς</span> 
     </span>
    </p>
   </div>
   <div class='ocr_carea' id='block_1_10' title="bbox 252 1039 1788 1118">
    <p class='ocr_par' dir='ltr' id='par_1_10' title="bbox 252 1039 1788 1118">
     <span class='ocr_line' id='line_1_10' title="bbox 252 1039 1788 1118; baseline 0.011 -30"><span class='ocrx_word' id='word_1_47' title='bbox 252 1039 611 1109; x_wconf 78' lang='grc' dir='ltr'>ἁπειρημένης</span> <span class='ocrx_word' id='word_1_48' title='bbox 663 1041 859 1105; x_wconf 76' lang='grc' dir='ltr'>αἰτίας.</span> <span class='ocrx_word' id='word_1_49' title='bbox 890 1041 1074 1098; x_wconf 85' lang='grc' dir='ltr'>Ἐοικε</span> <span class='ocrx_word' id='word_1_50' title='bbox 1108 1047 1215 1115; x_wconf 82' lang='grc' dir='ltr'>γὰρ</span> <span class='ocrx_word' id='word_1_51' title='bbox 1239 1047 1332 1102; x_wconf 74' lang='grc' dir='ltr'><strong>τὸν</strong></span> <span class='ocrx_word' id='word_1_52' title='bbox 1367 1049 1542 1118; x_wconf 82' lang='grc' dir='ltr'>γάμον</span> <span class='ocrx_word' id='word_1_53' title='bbox 1567 1049 1788 1104; x_wconf 76' lang='grc' dir='ltr'>διαϐάλ-</span> 
     </span>
    </p>
   </div>
   <div class='ocr_carea' id='block_1_11' title="bbox 250 1131 1786 1210">
    <p class='ocr_par' dir='ltr' id='par_1_11' title="bbox 250 1131 1786 1210">
     <span class='ocr_line' id='line_1_11' title="bbox 250 1131 1786 1210; baseline 0.01 -29"><span class='ocrx_word' id='word_1_54' title='bbox 250 1131 365 1192; x_wconf 83' lang='grc' dir='ltr'>λειν,</span> <span class='ocrx_word' id='word_1_55' title='bbox 400 1131 473 1193; x_wconf 84' lang='grc' dir='ltr'><strong>ὡς</strong></span> <span class='ocrx_word' id='word_1_56' title='bbox 505 1131 814 1202; x_wconf 79' lang='grc' dir='ltr'><strong>ἀκάθαρτον</strong></span> <span class='ocrx_word' id='word_1_57' title='bbox 843 1134 900 1186; x_wconf 82' lang='grc' dir='ltr'>ὃν</span> <span class='ocrx_word' id='word_1_58' title='bbox 931 1135 990 1188; x_wconf 84' lang='grc' dir='ltr'><strong>τδ</strong></span> <span class='ocrx_word' id='word_1_59' title='bbox 1022 1139 1273 1208; x_wconf 79' lang='grc' dir='ltr'><strong>νομίμως</strong></span> <span class='ocrx_word' id='word_1_60' title='bbox 1313 1141 1628 1210; x_wconf 84' lang='grc' dir='ltr'>μίγνυσθαι.</span> <span class='ocrx_word' id='word_1_61' title='bbox 1695 1144 1786 1196; x_wconf 85' lang='grc' dir='ltr'><strong>Τί-</strong></span> 
     </span>
    </p>
   </div>
   <div class='ocr_carea' id='block_1_12' title="bbox 251 1221 1785 1304">
    <p class='ocr_par' dir='ltr' id='par_1_12' title="bbox 251 1221 1785 1304">
     <span class='ocr_line' id='line_1_12' title="bbox 251 1221 1785 1304; baseline 0.01 -32"><span class='ocrx_word' id='word_1_62' title='bbox 251 1239 356 1287; x_wconf 77' lang='grc' dir='ltr'>μιον</span> <span class='ocrx_word' id='word_1_63' title='bbox 383 1221 436 1274; x_wconf 79' lang='grc' dir='ltr'>δὲ</span> <span class='ocrx_word' id='word_1_64' title='bbox 469 1223 499 1291; x_wconf 81' lang='grc' dir='ltr'>ἡ</span> <span class='ocrx_word' id='word_1_65' title='bbox 534 1223 726 1295; x_wconf 77' lang='grc' dir='ltr'>Γραφὴ</span> <span class='ocrx_word' id='word_1_66' title='bbox 756 1226 847 1278; x_wconf 82' lang='grc' dir='ltr'>τὸν</span> <span class='ocrx_word' id='word_1_67' title='bbox 873 1227 1051 1298; x_wconf 83' lang='grc' dir='ltr'>γάμον</span> <span class='ocrx_word' id='word_1_68' title='bbox 1073 1230 1409 1301; x_wconf 77' lang='grc' dir='ltr'>ἀπεφήνατο,</span> <span class='ocrx_word' id='word_1_69' title='bbox 1443 1232 1535 1286; x_wconf 78' lang='grc' dir='ltr'><strong>καὶ</strong></span> <span class='ocrx_word' id='word_1_70' title='bbox 1556 1233 1785 1304; x_wconf 77' lang='grc' dir='ltr'>τὴνκοί-</span> 
     </span>
    </p>
   </div>
   <div class='ocr_carea' id='block_1_13' title="bbox 247 1314 637 1382">
    <p class='ocr_par' dir='ltr' id='par_1_13' title="bbox 247 1314 637 1382">
     <span class='ocr_line' id='line_1_13' title="bbox 247 1314 637 1382; baseline 0.021 -20"><span class='ocrx_word' id='word_1_71' title='bbox 247 1325 330 1378; x_wconf 73' lang='grc' dir='ltr'>την</span> <span class='ocrx_word' id='word_1_72' title='bbox 354 1314 637 1382; x_wconf 77' lang='grc' dir='ltr'>ἀμίαντον.</span> 
     </span>
    </p>
   </div>
   <div class='ocr_carea' id='block_1_14' title="bbox 305 1403 1784 1476">
    <p class='ocr_par' dir='ltr' id='par_1_14' title="bbox 305 1403 1784 1476">
     <span class='ocr_line' id='line_1_14' title="bbox 305 1403 1784 1476; baseline 0.011 -22"><span class='ocrx_word' id='word_1_73' title='bbox 305 1403 496 1456; x_wconf 78' lang='grc' dir='ltr'>Τούτου</span> <span class='ocrx_word' id='word_1_74' title='bbox 525 1407 620 1458; x_wconf 78' lang='grc' dir='ltr'>καὶ</span> <span class='ocrx_word' id='word_1_75' title='bbox 649 1408 676 1458; x_wconf 84' lang='grc' dir='ltr'><strong>ὁ</strong></span> <span class='ocrx_word' id='word_1_76' title='bbox 709 1414 781 1475; x_wconf 84' lang='grc' dir='ltr'>ιγ’</span> <span class='ocrx_word' id='word_1_77' title='bbox 809 1407 908 1476; x_wconf 82' lang='grc' dir='ltr'>τῆς</span> <span class='ocrx_word' id='word_1_78' title='bbox 959 1403 1140 1473; x_wconf 69' lang='grc' dir='ltr'>ἕκτης</span> <span class='ocrx_word' id='word_1_79' title='bbox 1183 1412 1402 1466; x_wconf 68' lang='grc' dir='ltr'>συνόδου</span> <span class='ocrx_word' id='word_1_80' title='bbox 1443 1414 1623 1469; x_wconf 73' lang='grc' dir='ltr'>κανὼν</span> <span class='ocrx_word' id='word_1_81' title='bbox 1687 1418 1784 1470; x_wconf 76' lang='grc' dir='ltr'>αύ-</span> 
     </span>
    </p>
   </div>
   <div class='ocr_carea' id='block_1_15' title="bbox 244 1495 1779 1571">
    <p class='ocr_par' dir='ltr' id='par_1_15' title="bbox 244 1495 1779 1571">
     <span class='ocr_line' id='line_1_15' title="bbox 244 1495 1779 1571; baseline 0.01 -26"><span class='ocrx_word' id='word_1_82' title='bbox 244 1495 358 1555; x_wconf 62' lang='grc' dir='ltr'>τοῖς</span> <span class='ocrx_word' id='word_1_83' title='bbox 395 1495 605 1564; x_wconf 72' lang='grc' dir='ltr'>ῥήμασι</span> <span class='ocrx_word' id='word_1_84' title='bbox 652 1497 927 1568; x_wconf 74' lang='grc' dir='ltr'><strong>μέμνηται</strong></span> <span class='ocrx_word' id='word_1_85' title='bbox 984 1499 1110 1554; x_wconf 73' lang='grc' dir='ltr'>ἄνευ</span> <span class='ocrx_word' id='word_1_86' title='bbox 1170 1502 1270 1571; x_wconf 84' lang='grc' dir='ltr'>τῆς</span> <span class='ocrx_word' id='word_1_87' title='bbox 1317 1496 1411 1558; x_wconf 81' lang='grc' dir='ltr'>τοῦ</span> <span class='ocrx_word' id='word_1_88' title='bbox 1479 1507 1779 1561; x_wconf 77' lang='grc' dir='ltr'>ἐπισκόπου</span> 
     </span>
    </p>
   </div>
   <div class='ocr_carea' id='block_1_16' title="bbox 245 1587 1778 1668">
    <p class='ocr_par' dir='ltr' id='par_1_16' title="bbox 245 1587 1778 1668">
     <span class='ocr_line' id='line_1_16' title="bbox 245 1587 1778 1668; baseline 0.012 -34"><span class='ocrx_word' id='word_1_89' title='bbox 245 1587 556 1655; x_wconf 61' lang='grc' dir='ltr'>προσθήκης.</span> <span class='ocrx_word' id='word_1_90' title='bbox 624 1587 772 1658; x_wconf 78' lang='grc' dir='ltr'>Αὕτη</span> <span class='ocrx_word' id='word_1_91' title='bbox 823 1591 932 1660; x_wconf 83' lang='grc' dir='ltr'><strong>γὰρ</strong></span> <span class='ocrx_word' id='word_1_92' title='bbox 987 1593 1021 1662; x_wconf 78' lang='grc' dir='ltr'><strong>ὴ</strong></span> <span class='ocrx_word' id='word_1_93' title='bbox 1095 1591 1314 1658; x_wconf 78' lang='grc' dir='ltr'>σύνοδος</span> <span class='ocrx_word' id='word_1_94' title='bbox 1388 1597 1579 1668; x_wconf 83' lang='grc' dir='ltr'><strong>πρώτη</strong></span> <span class='ocrx_word' id='word_1_95' title='bbox 1657 1605 1778 1664; x_wconf 77' lang='grc' dir='ltr'>ταῖς</span> 
     </span>
    </p>
   </div>
   <div class='ocr_carea' id='block_1_17' title="bbox 243 1678 1778 1750">
    <p class='ocr_par' dir='ltr' id='par_1_17' title="bbox 243 1678 1778 1750">
     <span class='ocr_line' id='line_1_17' title="bbox 243 1678 1778 1750; baseline 0.011 -23"><span class='ocrx_word' id='word_1_96' title='bbox 243 1680 482 1745; x_wconf 77' lang='grc' dir='ltr'>γαμεταῖς</span> <span class='ocrx_word' id='word_1_97' title='bbox 537 1678 938 1735; x_wconf 82' lang='grc' dir='ltr'>ἀποτάττεσθαι</span> <span class='ocrx_word' id='word_1_98' title='bbox 993 1684 1120 1746; x_wconf 76' lang='grc' dir='ltr'>τοὺς</span> <span class='ocrx_word' id='word_1_99' title='bbox 1186 1686 1517 1750; x_wconf 72' lang='grc' dir='ltr'>ἱπισκόπους</span> <span class='ocrx_word' id='word_1_100' title='bbox 1559 1689 1778 1744; x_wconf 62' lang='grc' dir='ltr'>ἐθέσπι-</span> 
     </span>
    </p>
   </div>
   <div class='ocr_carea' id='block_1_18' title="bbox 243 1780 340 1819">
    <p class='ocr_par' dir='ltr' id='par_1_18' title="bbox 243 1780 340 1819">
     <span class='ocr_line' id='line_1_18' title="bbox 243 1780 340 1819; baseline 0.031 -3"><span class='ocrx_word' id='word_1_101' title='bbox 243 1780 340 1819; x_wconf 86' lang='grc' dir='ltr'>σεν.</span> 
     </span>
    </p>
   </div>
   <div class='ocr_carea' id='block_1_19' title="bbox 266 1879 1745 2010">
    <p class='ocr_par' dir='ltr' id='par_1_19' title="bbox 266 1879 1745 2010">
     <span class='ocr_line' id='line_1_19' title="bbox 266 1879 1745 2010; baseline 0.013 -79"><span class='ocrx_word' id='word_1_102' title='bbox 266 1879 387 1948; x_wconf 66' lang='grc' dir='ltr'>Περὶ</span> <span class='ocrx_word' id='word_1_103' title='bbox 432 1881 549 1935; x_wconf 82' lang='grc' dir='ltr'><strong>τῶν</strong></span> <span class='ocrx_word' id='word_1_104' title='bbox 601 1883 710 1951; x_wconf 81' lang='grc' dir='ltr'>τὰς</span> <span class='ocrx_word' id='word_1_105' title='bbox 754 1885 917 2010; x_wconf 68' lang='grc' dir='ltr'>ιδιαὲ</span> <span class='ocrx_word' id='word_1_106' title='bbox 962 1888 1250 2009; x_wconf 48' lang='grc' dir='ltr'><strong>⁸ἴυςιιῖκας</strong></span> <span class='ocrx_word' id='word_1_107' title='bbox 1317 1881 1745 1950; x_wconf 73' lang='grc' dir='ltr'>ἐκϐαλλόντων</span> 
     </span>
     <span class='ocr_line' id='line_1_20' title="bbox 921 1975 1128 2010; baseline 0 0"><span class='ocrx_word' id='word_1_108' title='bbox 921 1975 958 2010; x_wconf 85' lang='grc' dir='ltr'><strong>α</strong></span> <span class='ocrx_word' id='word_1_109' title='bbox 983 1975 1128 2010; x_wconf 77' lang='grc' dir='ltr'>κων.</span> 
     </span>
    </p>
   </div>
   <div class='ocr_carea' id='block_1_20' title="bbox 921 1968 1642 2022">
    <p class='ocr_par' dir='ltr' id='par_1_20' title="bbox 921 1968 1642 2022">
     <span class='ocr_line' id='line_1_21' title="bbox 921 1968 1642 2022; baseline 0.01 -13"><span class='ocrx_word' id='word_1_110' title='bbox 921 1968 1128 2015; x_wconf 61' lang='lat' dir='ltr'><strong>amatr.</strong></span> <span class='ocrx_word' id='word_1_111' title='bbox 1635 2015 1642 2022; x_wconf 82' lang='grc'><strong>,</strong></span> 
     </span>
    </p>
   </div>
   <div class='ocr_carea' id='block_1_21' title="bbox 309 2040 1777 2115">
    <p class='ocr_par' dir='ltr' id='par_1_21' title="bbox 309 2040 1777 2115">
     <span class='ocr_line' id='line_1_22' title="bbox 309 2040 1777 2115; baseline 0.008 -22"><span class='ocrx_word' id='word_1_112' title='bbox 309 2041 362 2094; x_wconf 87' lang='lat'><strong>&#39;0</strong></span> <span class='ocrx_word' id='word_1_113' title='bbox 387 2040 444 2093; x_wconf 73' lang='grc' dir='ltr'>δὲ</span> <span class='ocrx_word' id='word_1_114' title='bbox 496 2042 858 2106; x_wconf 77' lang='grc' dir='ltr'>ἁποστολικδς</span> <span class='ocrx_word' id='word_1_115' title='bbox 913 2051 1006 2115; x_wconf 81' lang='grc' dir='ltr'><strong>μη⁹</strong></span> <span class='ocrx_word' id='word_1_116' title='bbox 1049 2047 1140 2100; x_wconf 79' lang='grc' dir='ltr'>τὸν</span> <span class='ocrx_word' id='word_1_117' title='bbox 1197 2047 1532 2103; x_wconf 73' lang='grc' dir='ltr'>ἐκϐάλλοντα</span> <span class='ocrx_word' id='word_1_118' title='bbox 1591 2051 1777 2105; x_wconf 73' lang='grc' dir='ltr'>λαῐκὺν</span> 
     </span>
    </p>
   </div>
   <div class='ocr_carea' id='block_1_22' title="bbox 239 2134 1778 2212">
    <p class='ocr_par' dir='ltr' id='par_1_22' title="bbox 239 2134 1778 2212">
     <span class='ocr_line' id='line_1_23' title="bbox 239 2134 1778 2212; baseline 0.006 -26"><span class='ocrx_word' id='word_1_119' title='bbox 239 2134 543 2204; x_wconf 73' lang='grc' dir='ltr'>παραλόγως</span> <span class='ocrx_word' id='word_1_120' title='bbox 565 2145 670 2205; x_wconf 79' lang='grc' dir='ltr'><strong>την</strong></span> <span class='ocrx_word' id='word_1_121' title='bbox 696 2136 894 2190; x_wconf 75' lang='grc' dir='ltr'>ἑαυτοῦ</span> <span class='ocrx_word' id='word_1_122' title='bbox 929 2139 1191 2205; x_wconf 73' lang='grc' dir='ltr'>γυναῖκα,</span> <span class='ocrx_word' id='word_1_123' title='bbox 1215 2141 1311 2193; x_wconf 81' lang='grc' dir='ltr'>καὶ</span> <span class='ocrx_word' id='word_1_124' title='bbox 1346 2139 1542 2210; x_wconf 64' lang='grc' dir='ltr'>ἑτέραν</span> <span class='ocrx_word' id='word_1_125' title='bbox 1567 2141 1778 2212; x_wconf 83' lang='grc' dir='ltr'>λαμϐά-</span> 
     </span>
    </p>
   </div>
   <div class='ocr_carea' id='block_1_23' title="bbox 235 2225 1777 2299">
    <p class='ocr_par' dir='ltr' id='par_1_23' title="bbox 235 2225 1777 2299">
     <span class='ocr_line' id='line_1_24' title="bbox 235 2225 1777 2299; baseline 0.005 -22"><span class='ocrx_word' id='word_1_126' title='bbox 235 2241 391 2287; x_wconf 85' lang='grc' dir='ltr'>νοντα,</span> <span class='ocrx_word' id='word_1_127' title='bbox 424 2225 517 2277; x_wconf 74' lang='grc' dir='ltr'><strong>καὶ</strong></span> <span class='ocrx_word' id='word_1_128' title='bbox 545 2225 644 2278; x_wconf 76' lang='grc' dir='ltr'><strong>τὸν</strong></span> <span class='ocrx_word' id='word_1_129' title='bbox 674 2226 1107 2296; x_wconf 79' lang='grc' dir='ltr'>ὑποποιούμενον</span> <span class='ocrx_word' id='word_1_130' title='bbox 1139 2229 1238 2299; x_wconf 84' lang='grc' dir='ltr'>τὴν</span> <span class='ocrx_word' id='word_1_131' title='bbox 1286 2229 1418 2299; x_wconf 82' lang='grc' dir='ltr'>παρ’</span> <span class='ocrx_word' id='word_1_132' title='bbox 1442 2229 1604 2283; x_wconf 71' lang='grc' dir='ltr'>ἄλλου</span> <span class='ocrx_word' id='word_1_133' title='bbox 1643 2232 1777 2285; x_wconf 81' lang='grc' dir='ltr'>ἀπο-</span> 
     </span>
    </p>
   </div>
   <div class='ocr_carea' id='block_1_24' title="bbox 233 2315 1776 2391">
    <p class='ocr_par' dir='ltr' id='par_1_24' title="bbox 233 2315 1776 2391">
     <span class='ocr_line' id='line_1_25' title="bbox 233 2315 1776 2391; baseline 0.005 -25"><span class='ocrx_word' id='word_1_134' title='bbox 233 2315 524 2386; x_wconf 78' lang='grc' dir='ltr'>λελυμένην,</span> <span class='ocrx_word' id='word_1_135' title='bbox 562 2316 643 2386; x_wconf 74' lang='grc' dir='ltr'>μὴ</span> <span class='ocrx_word' id='word_1_136' title='bbox 682 2317 826 2371; x_wconf 84' lang='grc' dir='ltr'>κατά</span> <span class='ocrx_word' id='word_1_137' title='bbox 855 2317 1051 2388; x_wconf 84' lang='grc' dir='ltr'>νόμους</span> <span class='ocrx_word' id='word_1_138' title='bbox 1079 2319 1306 2389; x_wconf 78' lang='grc' dir='ltr'>δηλαδὴ,</span> <span class='ocrx_word' id='word_1_139' title='bbox 1328 2321 1621 2391; x_wconf 74' lang='grc' dir='ltr'>ἀφορισμῷ</span> <span class='ocrx_word' id='word_1_140' title='bbox 1645 2322 1776 2376; x_wconf 67' lang='lat'><strong>61:0-</strong></span> 
     </span>
    </p>
   </div>
   <div class='ocr_carea' id='block_1_25' title="bbox 232 2407 416 2463">
    <p class='ocr_par' dir='ltr' id='par_1_25' title="bbox 232 2407 416 2463">
     <span class='ocr_line' id='line_1_26' title="bbox 232 2407 416 2463; baseline 0.011 -3"><span class='ocrx_word' id='word_1_141' title='bbox 232 2407 416 2463; x_wconf 79' lang='grc' dir='ltr'>ϐάλλει.</span> 
     </span>
    </p>
   </div>
   <div class='ocr_carea' id='block_1_26' title="bbox 291 2503 1775 2575">
    <p class='ocr_par' dir='ltr' id='par_1_26' title="bbox 291 2503 1775 2575">
     <span class='ocr_line' id='line_1_27' title="bbox 291 2503 1775 2575; baseline 0.002 -20"><span class='ocrx_word' id='word_1_142' title='bbox 291 2503 422 2556; x_wconf 85' lang='grc' dir='ltr'>Ὅσα</span> <span class='ocrx_word' id='word_1_143' title='bbox 441 2517 503 2571; x_wconf 78' lang='grc' dir='ltr'><strong>γε</strong></span> <span class='ocrx_word' id='word_1_144' title='bbox 533 2503 646 2575; x_wconf 84' lang='grc' dir='ltr'>μὴν</span> <span class='ocrx_word' id='word_1_145' title='bbox 675 2505 806 2574; x_wconf 79' lang='grc' dir='ltr'>περὶ</span> <span class='ocrx_word' id='word_1_146' title='bbox 859 2505 1050 2556; x_wconf 85' lang='grc' dir='ltr'>τούτου</span> <span class='ocrx_word' id='word_1_147' title='bbox 1097 2506 1156 2557; x_wconf 82' lang='grc' dir='ltr'><strong>τὸ</strong></span> <span class='ocrx_word' id='word_1_148' title='bbox 1222 2505 1446 2574; x_wconf 81' lang='grc' dir='ltr'>Πνεῦμα</span> <span class='ocrx_word' id='word_1_149' title='bbox 1501 2506 1561 2559; x_wconf 76' lang='grc' dir='ltr'><strong>τὸ</strong></span> <span class='ocrx_word' id='word_1_150' title='bbox 1621 2507 1775 2574; x_wconf 79' lang='grc' dir='ltr'>ἅγιον</span> 
     </span>
    </p>
   </div>
   <div class='ocr_carea' id='block_1_27' title="bbox 229 2593 1775 2671">
    <p class='ocr_par' dir='ltr' id='par_1_27' title="bbox 229 2593 1775 2671">
     <span class='ocr_line' id='line_1_28' title="bbox 229 2593 1775 2671; baseline 0.003 -24"><span class='ocrx_word' id='word_1_151' title='bbox 229 2593 304 2651; x_wconf 78' lang='grc' dir='ltr'>διὰ</span> <span class='ocrx_word' id='word_1_152' title='bbox 359 2597 452 2665; x_wconf 82' lang='grc' dir='ltr'>τῆς</span> <span class='ocrx_word' id='word_1_153' title='bbox 493 2596 596 2650; x_wconf 79' lang='grc' dir='ltr'><strong>τοῦ</strong></span> <span class='ocrx_word' id='word_1_154' title='bbox 652 2595 888 2665; x_wconf 82' lang='grc' dir='ltr'>μεγάλου</span> <span class='ocrx_word' id='word_1_155' title='bbox 933 2595 1137 2664; x_wconf 71' lang='grc' dir='ltr'>Πατρὸς</span> <span class='ocrx_word' id='word_1_156' title='bbox 1194 2597 1480 2650; x_wconf 86' lang='grc' dir='ltr'>Βασιλείου</span> <span class='ocrx_word' id='word_1_157' title='bbox 1529 2598 1775 2671; x_wconf 81' lang='grc' dir='ltr'>γλώττης</span> 
     </span>
    </p>
   </div>
   <div class='ocr_carea' id='block_1_28' title="bbox 229 2686 1774 2760">
    <p class='ocr_par' dir='ltr' id='par_1_28' title="bbox 229 2686 1774 2760">
     <span class='ocr_line' id='line_1_29' title="bbox 229 2686 1774 2760; baseline 0.005 -23"><span class='ocrx_word' id='word_1_158' title='bbox 229 2688 682 2758; x_wconf 73' lang='grc' dir='ltr'>ἐχρησμοδότησεν</span> <span class='ocrx_word' id='word_1_159' title='bbox 713 2690 772 2741; x_wconf 81' lang='grc' dir='ltr'>ἐν</span> <span class='ocrx_word' id='word_1_160' title='bbox 815 2686 893 2757; x_wconf 79' lang='grc' dir='ltr'>τῷ</span> <span class='ocrx_word' id='word_1_161' title='bbox 941 2686 987 2740; x_wconf 84' lang='grc' dir='ltr'>θ’</span> <span class='ocrx_word' id='word_1_162' title='bbox 1040 2688 1206 2740; x_wconf 78' lang='grc' dir='ltr'>αὑτοῦ</span> <span class='ocrx_word' id='word_1_163' title='bbox 1258 2688 1466 2753; x_wconf 69' lang='grc' dir='ltr'>κανόνι,</span> <span class='ocrx_word' id='word_1_164' title='bbox 1517 2689 1774 2760; x_wconf 81' lang='grc' dir='ltr'>ἄγνωμον</span> 
     </span>
    </p>
   </div>
   <div class='ocr_carea' id='block_1_29' title="bbox 229 2775 1773 2852">
    <p class='ocr_par' dir='ltr' id='par_1_29' title="bbox 229 2775 1773 2852">
     <span class='ocr_line' id='line_1_30' title="bbox 229 2775 1773 2852; baseline 0.005 -23"><span class='ocrx_word' id='word_1_165' title='bbox 229 2779 399 2849; x_wconf 83' lang='grc' dir='ltr'>κομιδῆ</span> <span class='ocrx_word' id='word_1_166' title='bbox 435 2781 508 2850; x_wconf 81' lang='grc' dir='ltr'>μὴ</span> <span class='ocrx_word' id='word_1_167' title='bbox 535 2779 684 2834; x_wconf 79' lang='grc' dir='ltr'>κατά</span> <span class='ocrx_word' id='word_1_168' title='bbox 735 2779 899 2849; x_wconf 80' lang='grc' dir='ltr'>μέρος</span> <span class='ocrx_word' id='word_1_169' title='bbox 926 2777 1202 2842; x_wconf 81' lang='grc' dir='ltr'>διεξιέναι.</span> <span class='ocrx_word' id='word_1_170' title='bbox 1237 2775 1346 2832; x_wconf 84' lang='grc' dir='ltr'>Ἦν</span> <span class='ocrx_word' id='word_1_171' title='bbox 1383 2779 1482 2848; x_wconf 77' lang='grc' dir='ltr'>μὲν</span> <span class='ocrx_word' id='word_1_172' title='bbox 1511 2781 1642 2850; x_wconf 85' lang='grc' dir='ltr'>γὰρ,</span> <span class='ocrx_word' id='word_1_173' title='bbox 1671 2798 1773 2852; x_wconf 82' lang='grc' dir='ltr'><strong>φη·</strong></span> 
     </span>
    </p>
   </div>
   <div class='ocr_carea' id='block_1_30' title="bbox 231 2871 1770 2942">
    <p class='ocr_par' dir='ltr' id='par_1_30' title="bbox 231 2871 1770 2942">
     <span class='ocr_line' id='line_1_31' title="bbox 231 2871 1770 2942; baseline 0.003 -20"><span class='ocrx_word' id='word_1_174' title='bbox 231 2871 322 2932; x_wconf 73' lang='grc' dir='ltr'>οὶν,</span> <span class='ocrx_word' id='word_1_175' title='bbox 363 2871 678 2933; x_wconf 80' lang='grc' dir='ltr'>ἀκόλουθον,</span> <span class='ocrx_word' id='word_1_176' title='bbox 719 2871 859 2923; x_wconf 82' lang='grc' dir='ltr'>κατὰ</span> <span class='ocrx_word' id='word_1_177' title='bbox 892 2872 991 2940; x_wconf 76' lang='grc' dir='ltr'>τὴν</span> <span class='ocrx_word' id='word_1_178' title='bbox 1021 2871 1115 2923; x_wconf 83' lang='grc' dir='ltr'>τοῦ</span> <span class='ocrx_word' id='word_1_179' title='bbox 1147 2873 1352 2942; x_wconf 74' lang='grc' dir='ltr'>Κυρίου</span> <span class='ocrx_word' id='word_1_180' title='bbox 1384 2873 1685 2940; x_wconf 77' lang='grc' dir='ltr'>ἀπόφασιν,</span> <span class='ocrx_word' id='word_1_181' title='bbox 1711 2873 1770 2940; x_wconf 76' lang='grc' dir='ltr'>ἐξ</span> 
     </span>
    </p>
   </div>
   <div class='ocr_carea' id='block_1_31' title="bbox 230 2963 1767 3034">
    <p class='ocr_par' dir='ltr' id='par_1_31' title="bbox 230 2963 1767 3034">
     <span class='ocr_line' id='line_1_32' title="bbox 230 2963 1767 3034; baseline 0.005 -24"><span class='ocrx_word' id='word_1_182' title='bbox 230 2963 334 3032; x_wconf 48' lang='lat' dir='ltr'><strong>ire:</strong></span> <span class='ocrx_word' id='word_1_183' title='bbox 363 2965 452 3015; x_wconf 72' lang='grc' dir='ltr'>καὶ</span> <span class='ocrx_word' id='word_1_184' title='bbox 482 2963 714 3032; x_wconf 76' lang='grc' dir='ltr'>ἀνδράσι</span> <span class='ocrx_word' id='word_1_185' title='bbox 748 2963 842 3016; x_wconf 71' lang='grc' dir='ltr'><strong>καὶ</strong></span> <span class='ocrx_word' id='word_1_186' title='bbox 867 2963 1084 3030; x_wconf 79' lang='grc' dir='ltr'>γυναιξὶ</span> <span class='ocrx_word' id='word_1_187' title='bbox 1141 2964 1239 3033; x_wconf 82' lang='grc' dir='ltr'>τὴν</span> <span class='ocrx_word' id='word_1_188' title='bbox 1275 2964 1372 3030; x_wconf 78' lang='grc' dir='ltr'>τῆς</span> <span class='ocrx_word' id='word_1_189' title='bbox 1399 2965 1658 3034; x_wconf 76' lang='grc' dir='ltr'>πορνείας</span> <span class='ocrx_word' id='word_1_190' title='bbox 1679 2966 1767 3017; x_wconf 75' lang='grc' dir='ltr'><strong>αἱ·</strong></span> 
     </span>
    </p>
   </div>
   <div class='ocr_carea' id='block_1_32' title="bbox 228 3048 1770 3127">
    <p class='ocr_par' dir='ltr' id='par_1_32' title="bbox 228 3048 1770 3127">
     <span class='ocr_line' id='line_1_33' title="bbox 228 3048 1770 3127; baseline 0.003 -23"><span class='ocrx_word' id='word_1_191' title='bbox 228 3052 328 3104; x_wconf 80' lang='grc' dir='ltr'>τίαν</span> <span class='ocrx_word' id='word_1_192' title='bbox 352 3053 502 3106; x_wconf 81' lang='grc' dir='ltr'>λύσιν</span> <span class='ocrx_word' id='word_1_193' title='bbox 529 3051 676 3106; x_wconf 78' lang='grc' dir='ltr'>εἶναι</span> <span class='ocrx_word' id='word_1_194' title='bbox 705 3053 802 3106; x_wconf 78' lang='grc' dir='ltr'>τοῦ</span> <span class='ocrx_word' id='word_1_195' title='bbox 837 3053 1044 3123; x_wconf 81' lang='grc' dir='ltr'>γάμου.</span> <span class='ocrx_word' id='word_1_196' title='bbox 1089 3048 1150 3106; x_wconf 84' lang='grc' dir='ltr'>Ἢ</span> <span class='ocrx_word' id='word_1_197' title='bbox 1180 3054 1236 3107; x_wconf 83' lang='grc' dir='ltr'>δέ</span> <span class='ocrx_word' id='word_1_198' title='bbox 1283 3067 1348 3123; x_wconf 82' lang='grc' dir='ltr'><strong>γε</strong></span> <span class='ocrx_word' id='word_1_199' title='bbox 1381 3057 1485 3126; x_wconf 83' lang='grc' dir='ltr'>τῆς</span> <span class='ocrx_word' id='word_1_200' title='bbox 1540 3057 1770 3127; x_wconf 81' lang='grc' dir='ltr'>Ἐκκλη-</span> 
     </span>
    </p>
   </div>
   <div class='ocr_carea' id='block_1_33' title="bbox 230 3145 1770 3218">
    <p class='ocr_par' dir='ltr' id='par_1_33' title="bbox 230 3145 1770 3218">
     <span class='ocr_line' id='line_1_34' title="bbox 230 3145 1770 3218; baseline 0.005 -21"><span class='ocrx_word' id='word_1_201' title='bbox 230 3145 331 3209; x_wconf 83' lang='grc' dir='ltr'>σίας</span> <span class='ocrx_word' id='word_1_202' title='bbox 371 3148 628 3218; x_wconf 80' lang='grc' dir='ltr'>συνήθεια</span> <span class='ocrx_word' id='word_1_203' title='bbox 687 3149 785 3217; x_wconf 71' lang='grc' dir='ltr'><strong>οὐχ</strong></span> <span class='ocrx_word' id='word_1_204' title='bbox 834 3145 1009 3210; x_wconf 77' lang='grc' dir='ltr'>οὕτως</span> <span class='ocrx_word' id='word_1_205' title='bbox 1053 3147 1248 3216; x_wconf 76' lang='grc' dir='ltr'>ἔχουσα</span> <span class='ocrx_word' id='word_1_206' title='bbox 1309 3149 1620 3203; x_wconf 74' lang='grc' dir='ltr'>δείκνυταιο</span> <span class='ocrx_word' id='word_1_207' title='bbox 1675 3151 1770 3204; x_wconf 65' lang='grc' dir='ltr'><strong>ἐπὶ</strong></span> 
     </span>
    </p>
   </div>
   <div class='ocr_carea' id='block_1_34' title="bbox 229 3239 1841 3339">
    <p class='ocr_par' dir='ltr' id='par_1_34' title="bbox 229 3239 1841 3339">
     <span class='ocr_line' id='line_1_35' title="bbox 229 3239 1841 3339; baseline 0.002 -47"><span class='ocrx_word' id='word_1_208' title='bbox 229 3241 310 3306; x_wconf 85' lang='grc' dir='ltr'>μὲν</span> <span class='ocrx_word' id='word_1_209' title='bbox 349 3241 451 3310; x_wconf 78' lang='grc' dir='ltr'>γὰρ</span> <span class='ocrx_word' id='word_1_210' title='bbox 505 3241 623 3293; x_wconf 83' lang='grc' dir='ltr'><strong>τῶν</strong></span> <span class='ocrx_word' id='word_1_211' title='bbox 683 3239 962 3308; x_wconf 84' lang='grc' dir='ltr'>γυναικῶν</span> <span class='ocrx_word' id='word_1_212' title='bbox 1019 3240 1222 3309; x_wconf 80' lang='grc' dir='ltr'>πολλὴν</span> <span class='ocrx_word' id='word_1_213' title='bbox 1289 3241 1619 3312; x_wconf 83' lang='grc' dir='ltr'>εὑρίσκομεν</span> <span class='ocrx_word' id='word_1_214' title='bbox 1668 3242 1841 3339; x_wconf 65' lang='grc' dir='ltr'>τὴνϐ</span> 
     </span>
    </p>
   </div>
   <div class='ocr_carea' id='block_1_35' title="bbox 225 3332 1765 3402">
    <p class='ocr_par' dir='ltr' id='par_1_35' title="bbox 225 3332 1765 3402">
     <span class='ocr_line' id='line_1_36' title="bbox 225 3332 1765 3402; baseline 0.004 -20"><span class='ocrx_word' id='word_1_215' title='bbox 225 3333 502 3401; x_wconf 84' lang='grc' dir='ltr'>ἀκρίϐειαν,</span> <span class='ocrx_word' id='word_1_216' title='bbox 534 3332 638 3386; x_wconf 83' lang='grc' dir='ltr'>τοῦ</span> <span class='ocrx_word' id='word_1_217' title='bbox 667 3332 766 3402; x_wconf 81' lang='grc' dir='ltr'>μὲν</span> <span class='ocrx_word' id='word_1_218' title='bbox 799 3333 1120 3386; x_wconf 77' lang='grc' dir='ltr'>’Δποστόλου</span> <span class='ocrx_word' id='word_1_219' title='bbox 1154 3333 1401 3401; x_wconf 82' lang='grc' dir='ltr'>λέγοντος</span> <span class='ocrx_word' id='word_1_220' title='bbox 1435 3349 1450 3365; x_wconf 88' lang='grc'><strong>·</strong></span> <span class='ocrx_word' id='word_1_221' title='bbox 1497 3352 1518 3386; x_wconf 73' lang='grc' dir='ltr'><strong>ι</strong></span> <span class='ocrx_word' id='word_1_222' title='bbox 1564 3335 1626 3386; x_wconf 86' lang='grc' dir='ltr'>Ὀ</span> <span class='ocrx_word' id='word_1_223' title='bbox 1643 3335 1765 3388; x_wconf 75' lang='grc' dir='ltr'>κολ-</span> 
     </span>
    </p>
   </div>
   <div class='ocr_carea' id='block_1_36' title="bbox 224 3419 1764 3494">
    <p class='ocr_par' dir='ltr' id='par_1_36' title="bbox 224 3419 1764 3494">
     <span class='ocr_line' id='line_1_37' title="bbox 224 3419 1764 3494; baseline 0.006 -25"><span class='ocrx_word' id='word_1_224' title='bbox 224 3419 436 3490; x_wconf 76' lang='grc' dir='ltr'>λώμενος</span> <span class='ocrx_word' id='word_1_225' title='bbox 463 3425 528 3494; x_wconf 75' lang='grc' dir='ltr'>τῇ</span> <span class='ocrx_word' id='word_1_226' title='bbox 566 3425 740 3492; x_wconf 80' lang='grc' dir='ltr'>πόρνῃ</span> <span class='ocrx_word' id='word_1_227' title='bbox 763 3421 821 3474; x_wconf 79' lang='grc' dir='ltr'>ἓν</span> <span class='ocrx_word' id='word_1_228' title='bbox 852 3421 1014 3492; x_wconf 85' lang='grc' dir='ltr'>σῶμά</span> <span class='ocrx_word' id='word_1_229' title='bbox 1043 3424 1181 3476; x_wconf 69' lang='grc' dir='ltr'>ἐστι’</span> <span class='ocrx_word' id='word_1_230' title='bbox 1215 3441 1234 3473; x_wconf 69' lang='grc' dir='ltr'><strong>ι</strong></span> <span class='ocrx_word' id='word_1_231' title='bbox 1265 3422 1357 3476; x_wconf 82' lang='grc' dir='ltr'>τοῦ</span> <span class='ocrx_word' id='word_1_232' title='bbox 1380 3423 1436 3476; x_wconf 78' lang='grc' dir='ltr'>δὲ</span> <span class='ocrx_word' id='word_1_233' title='bbox 1475 3425 1764 3494; x_wconf 81' lang='grc' dir='ltr'>Ἱερεμίου,</span> 
     </span>
    </p>
   </div>
   <div class='ocr_carea' id='block_1_37' title="bbox 224 3512 1766 3586">
    <p class='ocr_par' dir='ltr' id='par_1_37' title="bbox 224 3512 1766 3586">
     <span class='ocr_line' id='line_1_38' title="bbox 224 3512 1766 3586; baseline 0.005 -23"><span class='ocrx_word' id='word_1_234' title='bbox 224 3512 312 3576; x_wconf 86' lang='grc' dir='ltr'>ὅτι,</span> <span class='ocrx_word' id='word_1_235' title='bbox 340 3533 358 3566; x_wconf 83' lang='grc' dir='ltr'><strong>ι</strong></span> <span class='ocrx_word' id='word_1_236' title='bbox 411 3515 535 3568; x_wconf 82' lang='grc' dir='ltr'><strong>Ἐὰν</strong></span> <span class='ocrx_word' id='word_1_237' title='bbox 587 3514 814 3584; x_wconf 82' lang='grc' dir='ltr'>γένηται</span> <span class='ocrx_word' id='word_1_238' title='bbox 880 3513 1035 3584; x_wconf 71' lang='grc' dir='ltr'>άνδρὶ</span> <span class='ocrx_word' id='word_1_239' title='bbox 1063 3515 1255 3585; x_wconf 80' lang='grc' dir='ltr'>ἑτέρῳ,</span> <span class='ocrx_word' id='word_1_240' title='bbox 1301 3515 1403 3568; x_wconf 79' lang='grc' dir='ltr'><strong>οὑκ</strong></span> <span class='ocrx_word' id='word_1_241' title='bbox 1447 3517 1766 3586; x_wconf 76' lang='grc' dir='ltr'>ἐπιστρέψει</span> 
     </span>
    </p>
   </div>
   <div class='ocr_carea' id='block_1_38' title="bbox 223 3604 1768 3677">
    <p class='ocr_par' dir='ltr' id='par_1_38' title="bbox 223 3604 1768 3677">
     <span class='ocr_line' id='line_1_39' title="bbox 223 3604 1768 3677; baseline 0.003 -23"><span class='ocrx_word' id='word_1_242' title='bbox 223 3605 340 3672; x_wconf 72' lang='grc' dir='ltr'>πρὸς</span> <span class='ocrx_word' id='word_1_243' title='bbox 377 3606 464 3659; x_wconf 73' lang='grc' dir='ltr'><strong>τὸν</strong></span> <span class='ocrx_word' id='word_1_244' title='bbox 494 3606 672 3676; x_wconf 76' lang='grc' dir='ltr'>ἄνδρα</span> <span class='ocrx_word' id='word_1_245' title='bbox 725 3604 919 3670; x_wconf 80' lang='grc' dir='ltr'>αὐτῆς,</span> <span class='ocrx_word' id='word_1_246' title='bbox 971 3604 1108 3658; x_wconf 70' lang='grc' dir='ltr'>ἀλλὰ</span> <span class='ocrx_word' id='word_1_247' title='bbox 1172 3605 1498 3674; x_wconf 82' lang='grc' dir='ltr'>μιαινομένη</span> <span class='ocrx_word' id='word_1_248' title='bbox 1539 3607 1768 3677; x_wconf 74' lang='grc' dir='ltr'>μιανθῆ-</span> 
     </span>
    </p>
   </div>
   <div class='ocr_carea' id='block_1_39' title="bbox 224 3697 1767 3768">
    <p class='ocr_par' dir='ltr' id='par_1_39' title="bbox 224 3697 1767 3768">
     <span class='ocr_line' id='line_1_40' title="bbox 224 3697 1767 3768; baseline 0.002 -23"><span class='ocrx_word' id='word_1_249' title='bbox 224 3709 376 3752; x_wconf 83' lang='grc' dir='ltr'>σεται.</span> <span class='ocrx_word' id='word_1_250' title='bbox 410 3715 427 3749; x_wconf 73' lang='grc' dir='ltr'><strong>ι</strong></span> <span class='ocrx_word' id='word_1_251' title='bbox 465 3700 531 3751; x_wconf 81' lang='lat' dir='ltr'><strong>El</strong></span> <span class='ocrx_word' id='word_1_252' title='bbox 563 3699 639 3768; x_wconf 83' lang='grc' dir='ltr'>μὴ</span> <span class='ocrx_word' id='word_1_253' title='bbox 664 3697 951 3768; x_wconf 79' lang='grc' dir='ltr'>βουληθείη</span> <span class='ocrx_word' id='word_1_254' title='bbox 969 3697 1172 3766; x_wconf 78' lang='grc' dir='ltr'>δηλαδὴ</span> <span class='ocrx_word' id='word_1_255' title='bbox 1196 3697 1376 3766; x_wconf 74' lang='grc' dir='ltr'>ὀάνὴρ</span> <span class='ocrx_word' id='word_1_256' title='bbox 1407 3697 1576 3766; x_wconf 82' lang='grc' dir='ltr'>αὐτὴν</span> <span class='ocrx_word' id='word_1_257' title='bbox 1600 3713 1767 3766; x_wconf 83' lang='grc' dir='ltr'>προσ-</span> 
     </span>
    </p>
   </div>
   <div class='ocr_carea' id='block_1_40' title="bbox 221 3785 1766 3858">
    <p class='ocr_par' dir='ltr' id='par_1_40' title="bbox 221 3785 1766 3858">
     <span class='ocr_line' id='line_1_41' title="bbox 221 3785 1766 3858; baseline 0.005 -23"><span class='ocrx_word' id='word_1_258' title='bbox 221 3785 459 3842; x_wconf 80' lang='grc' dir='ltr'>λαϐέσθαι</span> <span class='ocrx_word' id='word_1_259' title='bbox 491 3807 505 3823; x_wconf 87' lang='grc'><strong>·</strong></span> <span class='ocrx_word' id='word_1_260' title='bbox 536 3791 638 3842; x_wconf 78' lang='grc' dir='ltr'>καὶ</span> <span class='ocrx_word' id='word_1_261' title='bbox 666 3790 695 3842; x_wconf 81' lang='grc' dir='ltr'>ὁ</span> <span class='ocrx_word' id='word_1_262' title='bbox 727 3787 985 3858; x_wconf 83' lang='grc' dir='ltr'>Σολομὼν</span> <span class='ocrx_word' id='word_1_263' title='bbox 1017 3788 1075 3840; x_wconf 85' lang='grc' dir='ltr'>ἐν</span> <span class='ocrx_word' id='word_1_264' title='bbox 1108 3789 1227 3852; x_wconf 82' lang='grc' dir='ltr'>ταῖς</span> <span class='ocrx_word' id='word_1_265' title='bbox 1257 3789 1620 3857; x_wconf 83' lang='grc' dir='ltr'>Παροιμίαις’</span> <span class='ocrx_word' id='word_1_266' title='bbox 1665 3807 1683 3842; x_wconf 80' lang='grc' dir='ltr'><strong>ι</strong></span> <span class='ocrx_word' id='word_1_267' title='bbox 1708 3790 1766 3843; x_wconf 83' lang='lat'><strong>&#39;0</strong></span> 
     </span>
    </p>
   </div>
   <div class='ocr_carea' id='block_1_41' title="bbox 222 3880 1768 3954">
    <p class='ocr_par' dir='ltr' id='par_1_41' title="bbox 222 3880 1768 3954">
     <span class='ocr_line' id='line_1_42' title="bbox 222 3880 1768 3954; baseline 0.002 -22"><span class='ocrx_word' id='word_1_268' title='bbox 222 3880 342 3949; x_wconf 76' lang='grc' dir='ltr'>ἔχων</span> <span class='ocrx_word' id='word_1_269' title='bbox 368 3884 653 3954; x_wconf 78' lang='grc' dir='ltr'>μοιχαλίδα</span> <span class='ocrx_word' id='word_1_270' title='bbox 679 3883 868 3952; x_wconf 74' lang='grc' dir='ltr'>ἄφρων</span> <span class='ocrx_word' id='word_1_271' title='bbox 906 3883 1000 3936; x_wconf 65' lang='grc' dir='ltr'>καὶ</span> <span class='ocrx_word' id='word_1_272' title='bbox 1017 3883 1224 3952; x_wconf 79' lang='grc' dir='ltr'>ἀσεϐής</span> <span class='ocrx_word' id='word_1_273' title='bbox 1250 3899 1265 3913; x_wconf 80' lang='grc' dir='ltr'><strong><em>ο</em></strong></span> <span class='ocrx_word' id='word_1_274' title='bbox 1318 3901 1338 3934; x_wconf 75' lang='grc' dir='ltr'><strong>ι</strong></span> <span class='ocrx_word' id='word_1_275' title='bbox 1381 3884 1681 3944; x_wconf 81' lang='grc' dir='ltr'>τουτέστιν,</span> <span class='ocrx_word' id='word_1_276' title='bbox 1739 3883 1768 3934; x_wconf 83' lang='grc' dir='ltr'><strong>ὁ</strong></span> 
     </span>
    </p>
   </div>
   <div class='ocr_carea' id='block_1_42' title="bbox 225 3974 1768 4045">
    <p class='ocr_par' dir='ltr' id='par_1_42' title="bbox 225 3974 1768 4045">
     <span class='ocr_line' id='line_1_43' title="bbox 225 3974 1768 4045; baseline 0.001 -21"><span class='ocrx_word' id='word_1_277' title='bbox 225 3977 537 4044; x_wconf 78' lang='grc' dir='ltr'>μιγνύμενος</span> <span class='ocrx_word' id='word_1_278' title='bbox 579 3975 840 4045; x_wconf 83' lang='grc' dir='ltr'>ύπάνδρῳ</span> <span class='ocrx_word' id='word_1_279' title='bbox 867 3976 1113 4042; x_wconf 66' lang='grc' dir='ltr'>γυναικὶ,</span> <span class='ocrx_word' id='word_1_280' title='bbox 1143 3975 1268 4043; x_wconf 68' lang='grc' dir='ltr'><strong>⁴’ἥτις</strong></span> <span class='ocrx_word' id='word_1_281' title='bbox 1312 3974 1587 4027; x_wconf 84' lang='grc' dir='ltr'>δείκνυται</span> <span class='ocrx_word' id='word_1_282' title='bbox 1645 3991 1768 4044; x_wconf 75' lang='grc' dir='ltr'>μοι·</span> 
     </span>
    </p>
   </div>
   <div class='ocr_carea' id='block_1_43' title="bbox 220 4063 1766 4136">
    <p class='ocr_par' dir='ltr' id='par_1_43' title="bbox 220 4063 1766 4136">
     <span class='ocr_line' id='line_1_44' title="bbox 220 4063 1766 4136; baseline 0.003 -23"><span class='ocrx_word' id='word_1_283' title='bbox 220 4063 372 4130; x_wconf 80' lang='grc' dir='ltr'>χαλίς.</span> <span class='ocrx_word' id='word_1_284' title='bbox 399 4065 534 4128; x_wconf 84' lang='grc' dir='ltr'>Τοὺς</span> <span class='ocrx_word' id='word_1_285' title='bbox 567 4066 621 4118; x_wconf 79' lang='grc' dir='ltr'>δὲ</span> <span class='ocrx_word' id='word_1_286' title='bbox 656 4065 1016 4136; x_wconf 81' lang='grc' dir='ltr'>μοιχεύοντας</span> <span class='ocrx_word' id='word_1_287' title='bbox 1048 4068 1159 4117; x_wconf 81' lang='grc' dir='ltr'><strong>τῶν</strong></span> <span class='ocrx_word' id='word_1_288' title='bbox 1185 4064 1417 4136; x_wconf 83' lang='grc' dir='ltr'>ἀνδρῶν,</span> <span class='ocrx_word' id='word_1_289' title='bbox 1465 4065 1496 4136; x_wconf 71' lang='grc' dir='ltr'>ἢ</span> <span class='ocrx_word' id='word_1_290' title='bbox 1538 4067 1766 4134; x_wconf 83' lang='grc' dir='ltr'>πορνεύ-</span> 
     </span>
    </p>
   </div>
   <div class='ocr_carea' id='block_1_44' title="bbox 217 4157 1770 4225">
    <p class='ocr_par' dir='ltr' id='par_1_44' title="bbox 217 4157 1770 4225">
     <span class='ocr_line' id='line_1_45' title="bbox 217 4157 1770 4225; baseline 0.003 -22"><span class='ocrx_word' id='word_1_291' title='bbox 217 4171 378 4219; x_wconf 82' lang='grc' dir='ltr'>οντας,</span> <span class='ocrx_word' id='word_1_292' title='bbox 407 4157 740 4225; x_wconf 77' lang='grc' dir='ltr'>κατέχεσθαι</span> <span class='ocrx_word' id='word_1_293' title='bbox 777 4157 882 4208; x_wconf 73' lang='grc' dir='ltr'><strong>ὑπὸ</strong></span> <span class='ocrx_word' id='word_1_294' title='bbox 907 4157 1017 4209; x_wconf 84' lang='grc' dir='ltr'><strong>τῶν</strong></span> <span class='ocrx_word' id='word_1_295' title='bbox 1077 4158 1224 4210; x_wconf 72' lang='grc' dir='ltr'>ἰδίων</span> <span class='ocrx_word' id='word_1_296' title='bbox 1253 4157 1531 4224; x_wconf 83' lang='grc' dir='ltr'>γυναικῶν</span> <span class='ocrx_word' id='word_1_297' title='bbox 1584 4157 1770 4210; x_wconf 71' lang='grc' dir='ltr'>ὑποτί-</span> 
     </span>
    </p>
   </div>
   <div class='ocr_carea' id='block_1_45' title="bbox 221 4243 1763 4318">
    <p class='ocr_par' dir='ltr' id='par_1_45' title="bbox 221 4243 1763 4318">
     <span class='ocr_line' id='line_1_46' title="bbox 221 4243 1763 4318; baseline 0.003 -21"><span class='ocrx_word' id='word_1_298' title='bbox 221 4243 351 4299; x_wconf 75' lang='grc' dir='ltr'>θεται</span> <span class='ocrx_word' id='word_1_299' title='bbox 372 4264 384 4277; x_wconf 91' lang='grc'><strong>·</strong></span> <span class='ocrx_word' id='word_1_300' title='bbox 417 4250 524 4301; x_wconf 77' lang='grc' dir='ltr'>εἴτε</span> <span class='ocrx_word' id='word_1_301' title='bbox 561 4249 670 4318; x_wconf 78' lang='grc' dir='ltr'><strong>γὰρ</strong></span> <span class='ocrx_word' id='word_1_302' title='bbox 699 4249 795 4300; x_wconf 73' lang='grc' dir='ltr'>καὶ</span> <span class='ocrx_word' id='word_1_303' title='bbox 838 4247 1263 4317; x_wconf 79' lang='grc' dir='ltr'>ἑμπικραίνοιτό</span> <span class='ocrx_word' id='word_1_304' title='bbox 1295 4264 1382 4308; x_wconf 83' lang='grc' dir='ltr'><strong>τις</strong></span> <span class='ocrx_word' id='word_1_305' title='bbox 1418 4252 1483 4318; x_wconf 82' lang='grc' dir='ltr'>τῇ</span> <span class='ocrx_word' id='word_1_306' title='bbox 1517 4250 1763 4315; x_wconf 78' lang='grc' dir='ltr'>γυναικὶ,</span> 
     </span>
    </p>
   </div>
   <div class='ocr_carea' id='block_1_46' title="bbox 220 4337 1766 4409">
    <p class='ocr_par' dir='ltr' id='par_1_46' title="bbox 220 4337 1766 4409">
     <span class='ocr_line' id='line_1_47' title="bbox 220 4337 1766 4409; baseline 0.005 -25"><span class='ocrx_word' id='word_1_307' title='bbox 220 4337 300 4387; x_wconf 72' lang='grc' dir='ltr'>καὶ</span> <span class='ocrx_word' id='word_1_308' title='bbox 333 4338 542 4407; x_wconf 82' lang='grc' dir='ltr'>πληγὰς</span> <span class='ocrx_word' id='word_1_309' title='bbox 597 4338 845 4400; x_wconf 80' lang='grc' dir='ltr'>ὲντείνοι,</span> <span class='ocrx_word' id='word_1_310' title='bbox 904 4341 1198 4408; x_wconf 82' lang='grc' dir='ltr'>καρτερεῖν</span> <span class='ocrx_word' id='word_1_311' title='bbox 1250 4338 1452 4409; x_wconf 84' lang='grc' dir='ltr'>ταύτην</span> <span class='ocrx_word' id='word_1_312' title='bbox 1487 4339 1604 4392; x_wconf 57' lang='lat' dir='ltr'><strong>Sel.“</strong></span> <span class='ocrx_word' id='word_1_313' title='bbox 1653 4342 1766 4394; x_wconf 75' lang='grc' dir='ltr'>εἴτε</span> 
     </span>
    </p>
   </div>
   <div class='ocr_carea' id='block_1_47' title="bbox 221 4427 1765 4500">
    <p class='ocr_par' dir='ltr' id='par_1_47' title="bbox 221 4427 1765 4500">
     <span class='ocr_line' id='line_1_48' title="bbox 221 4427 1765 4500; baseline -0.008 -15"><span class='ocrx_word' id='word_1_314' title='bbox 221 4427 288 4488; x_wconf 75' lang='grc' dir='ltr'><strong>εἰς</strong></span> <span class='ocrx_word' id='word_1_315' title='bbox 315 4431 573 4499; x_wconf 83' lang='grc' dir='ltr'>χρήματα</span> <span class='ocrx_word' id='word_1_316' title='bbox 609 4432 824 4500; x_wconf 76' lang='grc' dir='ltr'>ζημιοῖ,</span> <span class='ocrx_word' id='word_1_317' title='bbox 861 4431 1094 4498; x_wconf 81' lang='grc' dir='ltr'>κάκείνη</span> <span class='ocrx_word' id='word_1_318' title='bbox 1127 4430 1227 4498; x_wconf 85' lang='grc' dir='ltr'>τὴν</span> <span class='ocrx_word' id='word_1_319' title='bbox 1259 4433 1466 4500; x_wconf 72' lang='grc' dir='ltr'>προῖκα</span> <span class='ocrx_word' id='word_1_320' title='bbox 1506 4432 1765 4486; x_wconf 80' lang='grc' dir='ltr'>δαπανω-</span> 
     </span>
    </p>
   </div>
   <div class='ocr_carea' id='block_1_48' title="bbox 221 4521 1768 4593">
    <p class='ocr_par' dir='ltr' id='par_1_48' title="bbox 221 4521 1768 4593">
     <span class='ocr_line' id='line_1_49' title="bbox 221 4521 1768 4593; baseline 0.003 -23"><span class='ocrx_word' id='word_1_321' title='bbox 221 4521 368 4590; x_wconf 74' lang='grc' dir='ltr'>μένην</span> <span class='ocrx_word' id='word_1_322' title='bbox 408 4523 582 4593; x_wconf 78' lang='grc' dir='ltr'>ὁρῴη,</span> <span class='ocrx_word' id='word_1_323' title='bbox 645 4523 675 4592; x_wconf 81' lang='grc' dir='ltr'>ἦ</span> <span class='ocrx_word' id='word_1_324' title='bbox 730 4523 824 4575; x_wconf 73' lang='grc' dir='ltr'>καὶ</span> <span class='ocrx_word' id='word_1_325' title='bbox 891 4521 1208 4592; x_wconf 79' lang='grc' dir='ltr'>ζηλοτύπως</span> <span class='ocrx_word' id='word_1_326' title='bbox 1266 4525 1378 4590; x_wconf 73' lang='grc' dir='ltr'>ἔχοι</span> <span class='ocrx_word' id='word_1_327' title='bbox 1437 4522 1514 4593; x_wconf 81' lang='grc' dir='ltr'><strong>τῷ</strong></span> <span class='ocrx_word' id='word_1_328' title='bbox 1551 4522 1768 4592; x_wconf 78' lang='grc' dir='ltr'>ἑτέραις</span> 
     </span>
    </p>
   </div>
   <div class='ocr_carea' id='block_1_49' title="bbox 1895 687 3463 766">
    <p class='ocr_par' dir='ltr' id='par_1_49' title="bbox 1895 687 3463 766">
     <span class='ocr_line' id='line_1_50' title="bbox 1895 687 3463 766; baseline 0.01 -26"><span class='ocrx_word' id='word_1_329' title='bbox 1895 687 2069 744; x_wconf 87' lang='lat' dir='ltr'><strong>donec</strong></span> <span class='ocrx_word' id='word_1_330' title='bbox 2107 705 2227 745; x_wconf 85' lang='lat' dir='ltr'><strong>eam</strong></span> <span class='ocrx_word' id='word_1_331' title='bbox 2274 693 2339 761; x_wconf 88' lang='lat' dir='ltr'><strong>ad</strong></span> <span class='ocrx_word' id='word_1_332' title='bbox 2389 708 2448 748; x_wconf 90' lang='lat' dir='ltr'><strong>se</strong></span> <span class='ocrx_word' id='word_1_333' title='bbox 2497 693 2763 764; x_wconf 77' lang='lat' dir='ltr'><strong>receperit</strong></span> <span class='ocrx_word' id='word_1_334' title='bbox 2792 736 2808 763; x_wconf 90' lang='lat'><strong>,</strong></span> <span class='ocrx_word' id='word_1_335' title='bbox 2858 707 3296 766; x_wconf 78' lang='lat' dir='ltr'><strong>perseverantem</strong></span> <span class='ocrx_word' id='word_1_336' title='bbox 3331 709 3463 756; x_wconf 75' lang='lat' dir='ltr'><strong>vero</strong></span> 
     </span>
    </p>
   </div>
   <div class='ocr_carea' id='block_1_50' title="bbox 1894 781 3468 862">
    <p class='ocr_par' dir='ltr' id='par_1_50' title="bbox 1894 781 3468 862">
     <span class='ocr_line' id='line_1_51' title="bbox 1894 781 3468 862; baseline 0.007 -26"><span class='ocrx_word' id='word_1_337' title='bbox 1894 781 2135 851; x_wconf 90' lang='lat' dir='ltr'><strong>deponit.</strong></span> <span class='ocrx_word' id='word_1_338' title='bbox 2175 781 2288 838; x_wconf 79' lang='lat' dir='ltr'><strong>Hoc</strong></span> <span class='ocrx_word' id='word_1_339' title='bbox 2345 787 2488 839; x_wconf 88' lang='lat' dir='ltr'><strong>enim</strong></span> <span class='ocrx_word' id='word_1_340' title='bbox 2519 785 2784 842; x_wconf 83' lang='lat' dir='ltr'><strong>Dominus</strong></span> <span class='ocrx_word' id='word_1_341' title='bbox 2836 789 2996 843; x_wconf 86' lang='lat' dir='ltr'><strong>etiam</strong></span> <span class='ocrx_word' id='word_1_342' title='bbox 3047 789 3102 843; x_wconf 92' lang='lat' dir='ltr'><strong>in</strong></span> <span class='ocrx_word' id='word_1_343' title='bbox 3155 791 3468 862; x_wconf 74' lang='lat' dir='ltr'><strong>Evangeliis</strong></span> 
     </span>
    </p>
   </div>
   <div class='ocr_carea' id='block_1_51' title="bbox 1896 871 3466 952">
    <p class='ocr_par' dir='ltr' id='par_1_51' title="bbox 1896 871 3466 952">
     <span class='ocr_line' id='line_1_52' title="bbox 1896 871 3466 952; baseline 0.007 -24"><span class='ocrx_word' id='word_1_344' title='bbox 1896 874 2152 939; x_wconf 78' lang='lat' dir='ltr'><strong>sant-ivit,</strong></span> <span class='ocrx_word' id='word_1_345' title='bbox 2185 883 2290 930; x_wconf 82' lang='lat' dir='ltr'><strong>non</strong></span> <span class='ocrx_word' id='word_1_346' title='bbox 2313 871 2478 931; x_wconf 79' lang='lat' dir='ltr'><strong>licere</strong></span> <span class='ocrx_word' id='word_1_347' title='bbox 2503 877 2663 932; x_wconf 83' lang='lat' dir='ltr'><strong>alicui</strong></span> <span class='ocrx_word' id='word_1_348' title='bbox 2697 880 2888 949; x_wconf 77' lang='lat' dir='ltr'><strong>priscae</strong></span> <span class='ocrx_word' id='word_1_349' title='bbox 2915 879 3019 949; x_wconf 80' lang='lat' dir='ltr'><strong>legi</strong></span> <span class='ocrx_word' id='word_1_350' title='bbox 3047 879 3466 952; x_wconf 87' lang='lat' dir='ltr'><strong>obtemperanti,</strong></span> 
     </span>
    </p>
   </div>
   <div class='ocr_carea' id='block_1_52' title="bbox 1895 958 3472 1044">
    <p class='ocr_par' dir='ltr' id='par_1_52' title="bbox 1895 958 3472 1044">
     <span class='ocr_line' id='line_1_53' title="bbox 1895 958 3472 1044; baseline 0.006 -27"><span class='ocrx_word' id='word_1_351' title='bbox 1895 973 1953 1018; x_wconf 91' lang='lat' dir='ltr'><strong>ut</strong></span> <span class='ocrx_word' id='word_1_352' title='bbox 1986 979 2081 1033; x_wconf 89' lang='lat' dir='ltr'><strong>pro</strong></span> <span class='ocrx_word' id='word_1_353' title='bbox 2104 965 2274 1020; x_wconf 91' lang='lat' dir='ltr'><strong>lubitu</strong></span> <span class='ocrx_word' id='word_1_354' title='bbox 2307 983 2406 1022; x_wconf 85' lang='lat' dir='ltr'><strong>suo</strong></span> <span class='ocrx_word' id='word_1_355' title='bbox 2435 983 2842 1024; x_wconf 81' lang='lat' dir='ltr'><strong>uxorem.suam</strong></span> <span class='ocrx_word' id='word_1_356' title='bbox 2876 971 3081 1041; x_wconf 87' lang='lat' dir='ltr'><strong>ejiciat,</strong></span> <span class='ocrx_word' id='word_1_357' title='bbox 3106 958 3312 1044; x_wconf 72' lang='lat' dir='ltr'><strong>absque</strong></span> <span class='ocrx_word' id='word_1_358' title='bbox 3340 991 3472 1030; x_wconf 81' lang='lat' dir='ltr'><strong>cau-</strong></span> 
     </span>
    </p>
   </div>
   <div class='ocr_carea' id='block_1_53' title="bbox 1890 1059 3468 1138">
    <p class='ocr_par' dir='ltr' id='par_1_53' title="bbox 1890 1059 3468 1138">
     <span class='ocr_line' id='line_1_54' title="bbox 1890 1059 3468 1138; baseline 0.009 -28"><span class='ocrx_word' id='word_1_359' title='bbox 1890 1072 1950 1111; x_wconf 86' lang='lat' dir='ltr'><strong>sa</strong></span> <span class='ocrx_word' id='word_1_360' title='bbox 1994 1059 2125 1125; x_wconf 69' lang='lat' dir='ltr'><strong>legis</strong></span> <span class='ocrx_word' id='word_1_361' title='bbox 2172 1061 2463 1118; x_wconf 86' lang='lat' dir='ltr'><strong>interdicto</strong></span> <span class='ocrx_word' id='word_1_362' title='bbox 2496 1063 2908 1133; x_wconf 81' lang='lat' dir='ltr'><strong>comprehensa.</strong></span> <span class='ocrx_word' id='word_1_363' title='bbox 2941 1067 3150 1138; x_wconf 86' lang='lat' dir='ltr'><strong>Quippe</strong></span> <span class='ocrx_word' id='word_1_364' title='bbox 3189 1070 3468 1130; x_wconf 88' lang='lat' dir='ltr'><strong>matrimo-</strong></span> 
     </span>
    </p>
   </div>
   <div class='ocr_carea' id='block_1_54' title="bbox 1890 1151 3466 1232">
    <p class='ocr_par' dir='ltr' id='par_1_54' title="bbox 1890 1151 3466 1232">
     <span class='ocr_line' id='line_1_55' title="bbox 1890 1151 3466 1232; baseline 0.009 -28"><span class='ocrx_word' id='word_1_365' title='bbox 1890 1151 2039 1205; x_wconf 90' lang='lat' dir='ltr'><strong>nium</strong></span> <span class='ocrx_word' id='word_1_366' title='bbox 2068 1152 2346 1208; x_wconf 90' lang='lat' dir='ltr'><strong>criminari</strong></span> <span class='ocrx_word' id='word_1_367' title='bbox 2371 1155 2602 1221; x_wconf 88' lang='lat' dir='ltr'><strong>videtur,</strong></span> <span class='ocrx_word' id='word_1_368' title='bbox 2631 1159 2783 1228; x_wconf 84' lang='lat' dir='ltr'><strong>quasi</strong></span> <span class='ocrx_word' id='word_1_369' title='bbox 2811 1159 2989 1216; x_wconf 89' lang='lat' dir='ltr'><strong>coitus</strong></span> <span class='ocrx_word' id='word_1_370' title='bbox 3013 1160 3290 1230; x_wconf 82' lang='lat' dir='ltr'><strong>legitimus</strong></span> <span class='ocrx_word' id='word_1_371' title='bbox 3316 1177 3466 1232; x_wconf 71' lang='lat' dir='ltr'><strong>qure-</strong></span> 
     </span>
    </p>
   </div>
   <div class='ocr_carea' id='block_1_55' title="bbox 1890 1237 3467 1324">
    <p class='ocr_par' dir='ltr' id='par_1_55' title="bbox 1890 1237 3467 1324">
     <span class='ocr_line' id='line_1_56' title="bbox 1890 1237 3467 1324; baseline 0.006 -24"><span class='ocrx_word' id='word_1_372' title='bbox 1890 1244 2014 1300; x_wconf 79' lang='lat' dir='ltr'><strong>dam</strong></span> <span class='ocrx_word' id='word_1_373' title='bbox 2050 1247 2121 1300; x_wconf 89' lang='lat' dir='ltr'><strong>sit</strong></span> <span class='ocrx_word' id='word_1_374' title='bbox 2153 1248 2461 1318; x_wconf 89' lang='lat' dir='ltr'><strong>impuritas.</strong></span> <span class='ocrx_word' id='word_1_375' title='bbox 2494 1237 2854 1307; x_wconf 79' lang='lat' dir='ltr'><strong>Honorabiles</strong></span> <span class='ocrx_word' id='word_1_376' title='bbox 2887 1261 3064 1308; x_wconf 83' lang='lat' dir='ltr'><strong>autem</strong></span> <span class='ocrx_word' id='word_1_377' title='bbox 3101 1255 3319 1324; x_wconf 82' lang='lat' dir='ltr'><strong>nuptias</strong></span> <span class='ocrx_word' id='word_1_378' title='bbox 3346 1271 3467 1309; x_wconf 87' lang='lat' dir='ltr'><strong>esse</strong></span> 
     </span>
    </p>
   </div>
   <div class='ocr_carea' id='block_1_56' title="bbox 1893 1335 3251 1413">
    <p class='ocr_par' dir='ltr' id='par_1_56' title="bbox 1893 1335 3251 1413">
     <span class='ocr_line' id='line_1_57' title="bbox 1893 1335 3251 1413; baseline 0.007 -23"><span class='ocrx_word' id='word_1_379' title='bbox 1893 1335 2174 1407; x_wconf 84' lang='lat' dir='ltr'><strong>Scriptura</strong></span> <span class='ocrx_word' id='word_1_380' title='bbox 2201 1342 2535 1409; x_wconf 90' lang='lat' dir='ltr'><strong>pronuntiat,</strong></span> <span class='ocrx_word' id='word_1_381' title='bbox 2559 1351 2612 1397; x_wconf 89' lang='lat' dir='ltr'><strong>et</strong></span> <span class='ocrx_word' id='word_1_382' title='bbox 2646 1344 2844 1398; x_wconf 89' lang='lat' dir='ltr'><strong>lectum</strong></span> <span class='ocrx_word' id='word_1_383' title='bbox 2882 1345 3251 1413; x_wconf 90' lang='lat' dir='ltr'><strong>impollutum.</strong></span> 
     </span>
    </p>
   </div>
   <div class='ocr_carea' id='block_1_57' title="bbox 1956 1425 3463 1508">
    <p class='ocr_par' dir='ltr' id='par_1_57' title="bbox 1956 1425 3463 1508">
     <span class='ocr_line' id='line_1_58' title="bbox 1956 1425 3463 1508; baseline 0.005 -25"><span class='ocrx_word' id='word_1_384' title='bbox 1956 1425 2128 1498; x_wconf 82' lang='lat' dir='ltr'><strong>Hujus</strong></span> <span class='ocrx_word' id='word_1_385' title='bbox 2154 1432 2317 1486; x_wconf 87' lang='lat' dir='ltr'><strong>etiam</strong></span> <span class='ocrx_word' id='word_1_386' title='bbox 2363 1433 2610 1490; x_wconf 89' lang='lat' dir='ltr'><strong>decimus</strong></span> <span class='ocrx_word' id='word_1_387' title='bbox 2642 1435 2835 1490; x_wconf 89' lang='lat' dir='ltr'><strong>tertius</strong></span> <span class='ocrx_word' id='word_1_388' title='bbox 2867 1447 3030 1492; x_wconf 66' lang='lat' dir='ltr'><strong>sextae</strong></span> <span class='ocrx_word' id='word_1_389' title='bbox 3061 1437 3252 1508; x_wconf 85' lang='lat' dir='ltr'><strong>synodi</strong></span> <span class='ocrx_word' id='word_1_390' title='bbox 3289 1451 3463 1491; x_wconf 88' lang='lat' dir='ltr'><strong>canon</strong></span> 
     </span>
    </p>
   </div>
   <div class='ocr_carea' id='block_1_58' title="bbox 1885 1517 3461 1608">
    <p class='ocr_par' dir='ltr' id='par_1_58' title="bbox 1885 1517 3461 1608">
     <span class='ocr_line' id='line_1_59' title="bbox 1885 1517 3461 1608; baseline 0.004 -38"><span class='ocrx_word' id='word_1_391' title='bbox 1885 1517 2131 1591; x_wconf 88' lang='lat' dir='ltr'><strong>ipsismet</strong></span> <span class='ocrx_word' id='word_1_392' title='bbox 2156 1521 2339 1608; x_wconf 67' lang='lat' dir='ltr'><strong>yerbis</strong></span> <span class='ocrx_word' id='word_1_393' title='bbox 2372 1523 2641 1588; x_wconf 85' lang='lat' dir='ltr'><strong>meminit,</strong></span> <span class='ocrx_word' id='word_1_394' title='bbox 2671 1524 2877 1596; x_wconf 83' lang='lat' dir='ltr'><strong>absque</strong></span> <span class='ocrx_word' id='word_1_395' title='bbox 2906 1533 3085 1579; x_wconf 89' lang='lat' dir='ltr'><strong>tamen</strong></span> <span class='ocrx_word' id='word_1_396' title='bbox 3127 1525 3276 1580; x_wconf 82' lang='lat' dir='ltr'><strong>vocis</strong></span> <span class='ocrx_word' id='word_1_397' title='bbox 3343 1524 3461 1593; x_wconf 81' lang='lat' dir='ltr'><strong>epi-</strong></span> 
     </span>
    </p>
   </div>
   <div class='ocr_carea' id='block_1_59' title="bbox 1885 1611 3462 1690">
    <p class='ocr_par' dir='ltr' id='par_1_59' title="bbox 1885 1611 3462 1690">
     <span class='ocr_line' id='line_1_60' title="bbox 1885 1611 3462 1690; baseline 0.008 -26"><span class='ocrx_word' id='word_1_398' title='bbox 1885 1611 2037 1681; x_wconf 82' lang='lat' dir='ltr'><strong>scopi</strong></span> <span class='ocrx_word' id='word_1_399' title='bbox 2082 1613 2409 1682; x_wconf 87' lang='lat' dir='ltr'><strong>adjectione.</strong></span> <span class='ocrx_word' id='word_1_400' title='bbox 2449 1617 2576 1671; x_wconf 77' lang='lat' dir='ltr'><strong>Haec</strong></span> <span class='ocrx_word' id='word_1_401' title='bbox 2625 1619 2770 1672; x_wconf 88' lang='lat' dir='ltr'><strong>enim</strong></span> <span class='ocrx_word' id='word_1_402' title='bbox 2831 1619 3071 1690; x_wconf 85' lang='lat' dir='ltr'><strong>synodus</strong></span> <span class='ocrx_word' id='word_1_403' title='bbox 3120 1617 3295 1687; x_wconf 87' lang='lat' dir='ltr'><strong>prima</strong></span> <span class='ocrx_word' id='word_1_404' title='bbox 3334 1616 3462 1677; x_wconf 71' lang='lat' dir='ltr'><strong>fuit.</strong></span> 
     </span>
    </p>
   </div>
   <div class='ocr_carea' id='block_1_60' title="bbox 1882 1705 3458 1779">
    <p class='ocr_par' dir='ltr' id='par_1_60' title="bbox 1882 1705 3458 1779">
     <span class='ocr_line' id='line_1_61' title="bbox 1882 1705 3458 1779; baseline 0.001 -23"><span class='ocrx_word' id='word_1_405' title='bbox 1882 1717 2001 1770; x_wconf 83' lang='lat' dir='ltr'><strong>quae</strong></span> <span class='ocrx_word' id='word_1_406' title='bbox 2018 1705 2269 1772; x_wconf 85' lang='lat' dir='ltr'><strong>saneivit,</strong></span> <span class='ocrx_word' id='word_1_407' title='bbox 2295 1717 2355 1761; x_wconf 92' lang='lat' dir='ltr'><strong>ut</strong></span> <span class='ocrx_word' id='word_1_408' title='bbox 2379 1709 2645 1764; x_wconf 79' lang='lat' dir='ltr'><strong>uxoribus</strong></span> <span class='ocrx_word' id='word_1_409' title='bbox 2668 1709 2782 1764; x_wconf 89' lang='lat' dir='ltr'><strong>suis</strong></span> <span class='ocrx_word' id='word_1_410' title='bbox 2797 1709 3037 1779; x_wconf 87' lang='lat' dir='ltr'><strong>episcopi</strong></span> <span class='ocrx_word' id='word_1_411' title='bbox 3061 1709 3458 1764; x_wconf 81' lang='lat' dir='ltr'><strong>renuntiarent.</strong></span> 
     </span>
    </p>
   </div>
   <div class='ocr_carea' id='block_1_61' title="bbox 2164 1880 3177 1958">
    <p class='ocr_par' dir='ltr' id='par_1_61' title="bbox 2164 1880 3177 1958">
     <span class='ocr_line' id='line_1_62' title="bbox 2164 1880 3177 1958; baseline 0.006 -22"><span class='ocrx_word' id='word_1_412' title='bbox 2164 1880 2242 1938; x_wconf 84' lang='lat' dir='ltr'><strong>De</strong></span> <span class='ocrx_word' id='word_1_413' title='bbox 2273 1885 2425 1940; x_wconf 75' lang='lat' dir='ltr'><strong>laicis</strong></span> <span class='ocrx_word' id='word_1_414' title='bbox 2449 1901 2636 1940; x_wconf 68' lang='lat' dir='ltr'><strong>uxores</strong></span> <span class='ocrx_word' id='word_1_415' title='bbox 2663 1902 2787 1941; x_wconf 82' lang='lat' dir='ltr'><strong>suas</strong></span> <span class='ocrx_word' id='word_1_416' title='bbox 2822 1887 3177 1958; x_wconf 79' lang='lat' dir='ltr'><strong>ejicientibus.</strong></span> 
     </span>
    </p>
   </div>
   <div class='ocr_carea' id='block_1_62' title="bbox 1952 2038 3462 2112">
    <p class='ocr_par' dir='ltr' id='par_1_62' title="bbox 1952 2038 3462 2112">
     <span class='ocr_line' id='line_1_63' title="bbox 1952 2038 3462 2112; baseline 0.003 -21"><span class='ocrx_word' id='word_1_417' title='bbox 1952 2038 2140 2093; x_wconf 88' lang='lat' dir='ltr'><strong>Canou</strong></span> <span class='ocrx_word' id='word_1_418' title='bbox 2169 2049 2350 2096; x_wconf 88' lang='lat' dir='ltr'><strong>autem</strong></span> <span class='ocrx_word' id='word_1_419' title='bbox 2377 2041 2752 2112; x_wconf 85' lang='lat' dir='ltr'><strong>apostolorum</strong></span> <span class='ocrx_word' id='word_1_420' title='bbox 2797 2043 2866 2098; x_wconf 71' lang='grc' dir='ltr'>ιθ</span> <span class='ocrx_word' id='word_1_421' title='bbox 2914 2042 3137 2106; x_wconf 90' lang='lat' dir='ltr'><strong>laicum,</strong></span> <span class='ocrx_word' id='word_1_422' title='bbox 3197 2042 3290 2112; x_wconf 91' lang='lat' dir='ltr'><strong>qui</strong></span> <span class='ocrx_word' id='word_1_423' title='bbox 3325 2056 3462 2111; x_wconf 64' lang='lat' dir='ltr'><strong>prte-</strong></span> 
     </span>
    </p>
   </div>
   <div class='ocr_carea' id='block_1_63' title="bbox 1885 2119 3454 2204">
    <p class='ocr_par' dir='ltr' id='par_1_63' title="bbox 1885 2119 3454 2204">
     <span class='ocr_line' id='line_1_64' title="bbox 1885 2119 3454 2204; baseline 0.004 -23"><span class='ocrx_word' id='word_1_424' title='bbox 1885 2139 1965 2182; x_wconf 91' lang='lat' dir='ltr'><strong>ter</strong></span> <span class='ocrx_word' id='word_1_425' title='bbox 1996 2131 2260 2187; x_wconf 84' lang='lat' dir='ltr'><strong>rationem</strong></span> <span class='ocrx_word' id='word_1_426' title='bbox 2311 2133 2460 2204; x_wconf 85' lang='lat' dir='ltr'><strong>ejicit</strong></span> <span class='ocrx_word' id='word_1_427' title='bbox 2493 2149 2719 2190; x_wconf 83' lang='lat' dir='ltr'><strong>uxorem</strong></span> <span class='ocrx_word' id='word_1_428' title='bbox 2752 2150 2932 2197; x_wconf 85' lang='lat' dir='ltr'><strong>suam.</strong></span> <span class='ocrx_word' id='word_1_429' title='bbox 2965 2119 3038 2190; x_wconf 16' lang='lat' dir='ltr'><strong>let</strong></span> <span class='ocrx_word' id='word_1_430' title='bbox 3089 2136 3252 2190; x_wconf 89' lang='lat' dir='ltr'><strong>aliam</strong></span> <span class='ocrx_word' id='word_1_431' title='bbox 3282 2134 3454 2197; x_wconf 88' lang='lat' dir='ltr'><strong>ducit,</strong></span> 
     </span>
    </p>
   </div>
   <div class='ocr_carea' id='block_1_64' title="bbox 1883 2221 3458 2298">
    <p class='ocr_par' dir='ltr' id='par_1_64' title="bbox 1883 2221 3458 2298">
     <span class='ocr_line' id='line_1_65' title="bbox 1883 2221 3458 2298; baseline 0.004 -24"><span class='ocrx_word' id='word_1_432' title='bbox 1883 2221 2045 2288; x_wconf 82' lang='lat' dir='ltr'><strong>quive</strong></span> <span class='ocrx_word' id='word_1_433' title='bbox 2093 2225 2357 2292; x_wconf 87' lang='lat' dir='ltr'><strong>pertrabit</strong></span> <span class='ocrx_word' id='word_1_434' title='bbox 2390 2227 2457 2280; x_wconf 90' lang='lat' dir='ltr'><strong>ad</strong></span> <span class='ocrx_word' id='word_1_435' title='bbox 2517 2242 2575 2282; x_wconf 87' lang='lat' dir='ltr'><strong>se</strong></span> <span class='ocrx_word' id='word_1_436' title='bbox 2604 2226 2837 2283; x_wconf 88' lang='lat' dir='ltr'><strong>divortio</strong></span> <span class='ocrx_word' id='word_1_437' title='bbox 2885 2237 3192 2298; x_wconf 85' lang='lat' dir='ltr'><strong>separatam</strong></span> <span class='ocrx_word' id='word_1_438' title='bbox 3226 2227 3294 2282; x_wconf 91' lang='lat' dir='ltr'><strong>ab</strong></span> <span class='ocrx_word' id='word_1_439' title='bbox 3328 2227 3458 2290; x_wconf 85' lang='lat' dir='ltr'><strong>alio,</strong></span> 
     </span>
    </p>
   </div>
   <div class='ocr_carea' id='block_1_65' title="bbox 1882 2315 3428 2388">
    <p class='ocr_par' dir='ltr' id='par_1_65' title="bbox 1882 2315 3428 2388">
     <span class='ocr_line' id='line_1_66' title="bbox 1882 2315 3428 2388; baseline 0.003 -22"><span class='ocrx_word' id='word_1_440' title='bbox 1882 2325 1992 2366; x_wconf 89' lang='lat' dir='ltr'><strong>non</strong></span> <span class='ocrx_word' id='word_1_441' title='bbox 2023 2315 2322 2370; x_wconf 85' lang='lat' dir='ltr'><strong>secundum</strong></span> <span class='ocrx_word' id='word_1_442' title='bbox 2363 2315 2507 2387; x_wconf 75' lang='lat' dir='ltr'><strong>leges</strong></span> <span class='ocrx_word' id='word_1_443' title='bbox 2535 2317 2764 2383; x_wconf 87' lang='lat' dir='ltr'><strong>scilicet,</strong></span> <span class='ocrx_word' id='word_1_444' title='bbox 2797 2318 3160 2388; x_wconf 75' lang='lat' dir='ltr'><strong>segregationi</strong></span> <span class='ocrx_word' id='word_1_445' title='bbox 3187 2317 3428 2387; x_wconf 69' lang='lat' dir='ltr'><strong>subiicit.</strong></span> 
     </span>
    </p>
   </div>
   <div class='ocr_carea' id='block_1_66' title="bbox 1952 2491 3466 2567">
    <p class='ocr_par' dir='ltr' id='par_1_66' title="bbox 1952 2491 3466 2567">
     <span class='ocr_line' id='line_1_67' title="bbox 1952 2491 3466 2567; baseline 0.003 -22"><span class='ocrx_word' id='word_1_446' title='bbox 1952 2491 2220 2548; x_wconf 73' lang='lat' dir='ltr'><strong>Caeterum</strong></span> <span class='ocrx_word' id='word_1_447' title='bbox 2244 2511 2363 2562; x_wconf 67' lang='lat' dir='ltr'><strong>quae</strong></span> <span class='ocrx_word' id='word_1_448' title='bbox 2402 2496 2502 2550; x_wconf 79' lang='lat' dir='ltr'><strong>hac</strong></span> <span class='ocrx_word' id='word_1_449' title='bbox 2527 2495 2594 2552; x_wconf 90' lang='lat' dir='ltr'><strong>de</strong></span> <span class='ocrx_word' id='word_1_450' title='bbox 2625 2511 2682 2550; x_wconf 90' lang='lat' dir='ltr'><strong>re</strong></span> <span class='ocrx_word' id='word_1_451' title='bbox 2709 2495 2947 2566; x_wconf 81' lang='lat' dir='ltr'><strong>Spiritus</strong></span> <span class='ocrx_word' id='word_1_452' title='bbox 2979 2507 3200 2552; x_wconf 88' lang='lat' dir='ltr'><strong>sanctus</strong></span> <span class='ocrx_word' id='word_1_453' title='bbox 3226 2512 3323 2567; x_wconf 88' lang='lat' dir='ltr'><strong>per</strong></span> <span class='ocrx_word' id='word_1_454' title='bbox 3348 2511 3466 2550; x_wconf 85' lang='lat' dir='ltr'><strong>ma-</strong></span> 
     </span>
    </p>
   </div>
   <div class='ocr_carea' id='block_1_67' title="bbox 1881 2583 3462 2657">
    <p class='ocr_par' dir='ltr' id='par_1_67' title="bbox 1881 2583 3462 2657">
     <span class='ocr_line' id='line_1_68' title="bbox 1881 2583 3462 2657; baseline 0.004 -22"><span class='ocrx_word' id='word_1_455' title='bbox 1881 2598 2047 2651; x_wconf 71' lang='lat' dir='ltr'><strong>gnum</strong></span> <span class='ocrx_word' id='word_1_456' title='bbox 2070 2583 2229 2638; x_wconf 84' lang='lat' dir='ltr'><strong>illum</strong></span> <span class='ocrx_word' id='word_1_457' title='bbox 2256 2585 2468 2640; x_wconf 86' lang='lat' dir='ltr'><strong>Patrem</strong></span> <span class='ocrx_word' id='word_1_458' title='bbox 2500 2585 2755 2641; x_wconf 88' lang='lat' dir='ltr'><strong>Basilium</strong></span> <span class='ocrx_word' id='word_1_459' title='bbox 2781 2588 2928 2640; x_wconf 90' lang='lat' dir='ltr'><strong>velut</strong></span> <span class='ocrx_word' id='word_1_460' title='bbox 2951 2589 3176 2642; x_wconf 87' lang='lat' dir='ltr'><strong>oraculo</strong></span> <span class='ocrx_word' id='word_1_461' title='bbox 3222 2588 3462 2657; x_wconf 82' lang='lat' dir='ltr'><strong>prodidit</strong></span> 
     </span>
    </p>
   </div>
   <div class='ocr_carea' id='block_1_68' title="bbox 1881 2672 3459 2748">
    <p class='ocr_par' dir='ltr' id='par_1_68' title="bbox 1881 2672 3459 2748">
     <span class='ocr_line' id='line_1_69' title="bbox 1881 2672 3459 2748; baseline 0.005 -24"><span class='ocrx_word' id='word_1_462' title='bbox 1881 2672 1935 2726; x_wconf 89' lang='lat' dir='ltr'><strong>in</strong></span> <span class='ocrx_word' id='word_1_463' title='bbox 1968 2688 2115 2728; x_wconf 91' lang='lat' dir='ltr'><strong>nono</strong></span> <span class='ocrx_word' id='word_1_464' title='bbox 2146 2673 2320 2743; x_wconf 76' lang='lat' dir='ltr'><strong>ipsius</strong></span> <span class='ocrx_word' id='word_1_465' title='bbox 2344 2690 2579 2742; x_wconf 88' lang='lat' dir='ltr'><strong>canone,</strong></span> <span class='ocrx_word' id='word_1_466' title='bbox 2608 2677 2952 2746; x_wconf 86' lang='lat' dir='ltr'><strong>periniquum</strong></span> <span class='ocrx_word' id='word_1_467' title='bbox 2986 2677 3152 2734; x_wconf 83' lang='lat' dir='ltr'><strong>fuerit</strong></span> <span class='ocrx_word' id='word_1_468' title='bbox 3181 2693 3290 2732; x_wconf 92' lang='lat' dir='ltr'><strong>non</strong></span> <span class='ocrx_word' id='word_1_469' title='bbox 3330 2694 3459 2748; x_wconf 83' lang='lat' dir='ltr'><strong>par-</strong></span> 
     </span>
    </p>
   </div>
   <div class='ocr_carea' id='block_1_69' title="bbox 1884 2764 3460 2841">
    <p class='ocr_par' dir='ltr' id='par_1_69' title="bbox 1884 2764 3460 2841">
     <span class='ocr_line' id='line_1_70' title="bbox 1884 2764 3460 2841; baseline 0.004 -24"><span class='ocrx_word' id='word_1_470' title='bbox 1884 2764 2148 2820; x_wconf 83' lang='lat' dir='ltr'><strong>ticulatim</strong></span> <span class='ocrx_word' id='word_1_471' title='bbox 2183 2781 2475 2837; x_wconf 83' lang='lat' dir='ltr'><strong>exponere.</strong></span> <span class='ocrx_word' id='word_1_472' title='bbox 2534 2768 2975 2824; x_wconf 86' lang='lat' dir='ltr'><strong>Consentaneum</strong></span> <span class='ocrx_word' id='word_1_473' title='bbox 3003 2778 3141 2836; x_wconf 87' lang='lat' dir='ltr'><strong>erat,</strong></span> <span class='ocrx_word' id='word_1_474' title='bbox 3175 2771 3460 2841; x_wconf 72' lang='lat' dir='ltr'><strong>inquit,,ut</strong></span> 
     </span>
    </p>
   </div>
   <div class='ocr_carea' id='block_1_70' title="bbox 1879 2855 3459 2928">
    <p class='ocr_par' dir='ltr' id='par_1_70' title="bbox 1879 2855 3459 2928">
     <span class='ocr_line' id='line_1_71' title="bbox 1879 2855 3459 2928; baseline 0.006 -20"><span class='ocrx_word' id='word_1_475' title='bbox 1879 2855 2176 2911; x_wconf 83' lang='lat' dir='ltr'><strong>secundum</strong></span> <span class='ocrx_word' id='word_1_476' title='bbox 2213 2860 2540 2913; x_wconf 86' lang='lat' dir='ltr'><strong>sententiam</strong></span> <span class='ocrx_word' id='word_1_477' title='bbox 2576 2859 2790 2914; x_wconf 90' lang='lat' dir='ltr'><strong>Domini</strong></span> <span class='ocrx_word' id='word_1_478' title='bbox 2869 2861 3208 2928; x_wconf 70' lang='lat' dir='ltr'><strong>aequabiliter</strong></span> <span class='ocrx_word' id='word_1_479' title='bbox 3241 2871 3347 2915; x_wconf 89' lang='lat' dir='ltr'><strong>tam</strong></span> <span class='ocrx_word' id='word_1_480' title='bbox 3381 2861 3459 2920; x_wconf 81' lang='lat' dir='ltr'><strong>vi.-</strong></span> 
     </span>
    </p>
   </div>
   <div class='ocr_carea' id='block_1_71' title="bbox 1880 2949 3457 3016">
    <p class='ocr_par' dir='ltr' id='par_1_71' title="bbox 1880 2949 3457 3016">
     <span class='ocr_line' id='line_1_72' title="bbox 1880 2949 3457 3016; baseline 0.003 -14"><span class='ocrx_word' id='word_1_481' title='bbox 1880 2949 1976 3014; x_wconf 88' lang='lat' dir='ltr'><strong>ris,</strong></span> <span class='ocrx_word' id='word_1_482' title='bbox 2004 2962 2166 3016; x_wconf 85' lang='lat' dir='ltr'><strong>quam</strong></span> <span class='ocrx_word' id='word_1_483' title='bbox 2203 2950 2549 3015; x_wconf 82' lang='lat' dir='ltr'><strong>mulieribus,</strong></span> <span class='ocrx_word' id='word_1_484' title='bbox 2579 2953 2928 3006; x_wconf 90' lang='lat' dir='ltr'><strong>scortationis</strong></span> <span class='ocrx_word' id='word_1_485' title='bbox 2955 2968 3120 3007; x_wconf 90' lang='lat' dir='ltr'><strong>causa</strong></span> <span class='ocrx_word' id='word_1_486' title='bbox 3171 2952 3457 3006; x_wconf 83' lang='lat' dir='ltr'><strong>matrimo-</strong></span> 
     </span>
    </p>
   </div>
   <div class='ocr_carea' id='block_1_72' title="bbox 1877 3039 3455 3103">
    <p class='ocr_par' dir='ltr' id='par_1_72' title="bbox 1877 3039 3455 3103">
     <span class='ocr_line' id='line_1_73' title="bbox 1877 3039 3455 3103; baseline 0.006 -10"><span class='ocrx_word' id='word_1_487' title='bbox 1877 3039 2030 3094; x_wconf 82' lang='lat' dir='ltr'><strong>nium</strong></span> <span class='ocrx_word' id='word_1_488' title='bbox 2063 3041 2406 3096; x_wconf 81' lang='lat' dir='ltr'><strong>dissolveret.</strong></span> <span class='ocrx_word' id='word_1_489' title='bbox 2457 3039 2654 3097; x_wconf 82' lang='lat' dir='ltr'><strong>Verum</strong></span> <span class='ocrx_word' id='word_1_490' title='bbox 2699 3045 2954 3100; x_wconf 76' lang='lat' dir='ltr'><strong>Ecclesiae</strong></span> <span class='ocrx_word' id='word_1_491' title='bbox 3003 3047 3455 3103; x_wconf 77' lang='lat' dir='ltr'><strong>consuetudinem</strong></span> 
     </span>
    </p>
   </div>
   <div class='ocr_carea' id='block_1_73' title="bbox 1879 3130 3452 3208">
    <p class='ocr_par' dir='ltr' id='par_1_73' title="bbox 1879 3130 3452 3208">
     <span class='ocr_line' id='line_1_74' title="bbox 1879 3130 3452 3208; baseline 0.004 -23"><span class='ocrx_word' id='word_1_492' title='bbox 1879 3130 1952 3185; x_wconf 90' lang='lat' dir='ltr'><strong>ita</strong></span> <span class='ocrx_word' id='word_1_493' title='bbox 2003 3142 2374 3201; x_wconf 73' lang='lat' dir='ltr'><strong>comparatam</strong></span> <span class='ocrx_word' id='word_1_494' title='bbox 2427 3149 2534 3188; x_wconf 89' lang='lat' dir='ltr'><strong>non</strong></span> <span class='ocrx_word' id='word_1_495' title='bbox 2583 3149 2710 3190; x_wconf 88' lang='lat' dir='ltr'><strong>esse</strong></span> <span class='ocrx_word' id='word_1_496' title='bbox 2763 3145 3003 3191; x_wconf 87' lang='lat' dir='ltr'><strong>constat.</strong></span> <span class='ocrx_word' id='word_1_497' title='bbox 3034 3136 3168 3190; x_wconf 87' lang='lat' dir='ltr'><strong>Nam</strong></span> <span class='ocrx_word' id='word_1_498' title='bbox 3203 3139 3347 3208; x_wconf 82' lang='lat' dir='ltr'><strong>quod</strong></span> <span class='ocrx_word' id='word_1_499' title='bbox 3383 3139 3452 3192; x_wconf 86' lang='lat' dir='ltr'><strong>ad</strong></span> 
     </span>
    </p>
   </div>
   <div class='ocr_carea' id='block_1_74' title="bbox 1879 3223 3449 3296">
    <p class='ocr_par' dir='ltr' id='par_1_74' title="bbox 1879 3223 3449 3296">
     <span class='ocr_line' id='line_1_75' title="bbox 1879 3223 3449 3296; baseline 0.004 -19"><span class='ocrx_word' id='word_1_500' title='bbox 1879 3223 2134 3278; x_wconf 87' lang='lat' dir='ltr'><strong>mulieres</strong></span> <span class='ocrx_word' id='word_1_501' title='bbox 2161 3225 2372 3291; x_wconf 89' lang='lat' dir='ltr'><strong>attinet,</strong></span> <span class='ocrx_word' id='word_1_502' title='bbox 2407 3241 2660 3296; x_wconf 82' lang='lat' dir='ltr'><strong>magnam</strong></span> <span class='ocrx_word' id='word_1_503' title='bbox 2689 3227 3093 3282; x_wconf 87' lang='lat' dir='ltr'><strong>accnrationem</strong></span> <span class='ocrx_word' id='word_1_504' title='bbox 3121 3228 3449 3291; x_wconf 87' lang='lat' dir='ltr'><strong>invenimus.</strong></span> 
     </span>
    </p>
   </div>
   <div class='ocr_carea' id='block_1_75' title="bbox 1877 3316 3448 3392">
    <p class='ocr_par' dir='ltr' id='par_1_75' title="bbox 1877 3316 3448 3392">
     <span class='ocr_line' id='line_1_76' title="bbox 1877 3316 3448 3392; baseline 0.006 -24"><span class='ocrx_word' id='word_1_505' title='bbox 1877 3316 2138 3387; x_wconf 79' lang='lat' dir='ltr'><strong>Apostolo</strong></span> <span class='ocrx_word' id='word_1_506' title='bbox 2187 3317 2402 3372; x_wconf 87' lang='lat' dir='ltr'><strong>dicente</strong></span> <span class='ocrx_word' id='word_1_507' title='bbox 2449 3335 2518 3372; x_wconf 77' lang='grc' dir='ltr'>ει</span> <span class='ocrx_word' id='word_1_508' title='bbox 2560 3317 2668 3385; x_wconf 90' lang='lat' dir='ltr'><strong>Qui</strong></span> <span class='ocrx_word' id='word_1_509' title='bbox 2735 3319 3006 3374; x_wconf 90' lang='lat' dir='ltr'><strong>meretrici</strong></span> <span class='ocrx_word' id='word_1_510' title='bbox 3064 3321 3448 3392; x_wconf 74' lang='lat' dir='ltr'><strong>agglutinatur,</strong></span> 
     </span>
    </p>
   </div>
   <div class='ocr_carea' id='block_1_76' title="bbox 1876 3410 3451 3481">
    <p class='ocr_par' dir='ltr' id='par_1_76' title="bbox 1876 3410 3451 3481">
     <span class='ocr_line' id='line_1_77' title="bbox 1876 3410 3451 3481; baseline 0.004 -19"><span class='ocrx_word' id='word_1_511' title='bbox 1876 3424 2042 3463; x_wconf 89' lang='lat' dir='ltr'><strong>unum</strong></span> <span class='ocrx_word' id='word_1_512' title='bbox 2065 3425 2188 3464; x_wconf 88' lang='lat' dir='ltr'><strong>cum</strong></span> <span class='ocrx_word' id='word_1_513' title='bbox 2209 3426 2273 3464; x_wconf 88' lang='lat' dir='ltr'><strong>ea</strong></span> <span class='ocrx_word' id='word_1_514' title='bbox 2300 3425 2496 3481; x_wconf 89' lang='lat' dir='ltr'><strong>corpus</strong></span> <span class='ocrx_word' id='word_1_515' title='bbox 2518 3423 2600 3465; x_wconf 89' lang='lat' dir='ltr'><strong>est</strong></span> <span class='ocrx_word' id='word_1_516' title='bbox 2624 3426 2640 3477; x_wconf 90' lang='lat'><strong>;</strong></span> <span class='ocrx_word' id='word_1_517' title='bbox 2672 3430 2690 3464; x_wconf 75' lang='grc' dir='ltr'><strong>ι</strong></span> <span class='ocrx_word' id='word_1_518' title='bbox 2722 3421 2774 3466; x_wconf 89' lang='lat' dir='ltr'><strong>et</strong></span> <span class='ocrx_word' id='word_1_519' title='bbox 2799 3410 3056 3478; x_wconf 82' lang='lat' dir='ltr'><strong>Jeremia,</strong></span> <span class='ocrx_word' id='word_1_520' title='bbox 3093 3429 3111 3463; x_wconf 86' lang='grc' dir='ltr'><strong>ι</strong></span> <span class='ocrx_word' id='word_1_521' title='bbox 3139 3411 3194 3467; x_wconf 91' lang='lat' dir='ltr'><strong>Si</strong></span> <span class='ocrx_word' id='word_1_522' title='bbox 3225 3413 3451 3469; x_wconf 87' lang='lat' dir='ltr'><strong>alterius</strong></span> 
     </span>
    </p>
   </div>
   <div class='ocr_carea' id='block_1_77' title="bbox 1875 3501 3447 3570">
    <p class='ocr_par' dir='ltr' id='par_1_77' title="bbox 1875 3501 3447 3570">
     <span class='ocr_line' id='line_1_78' title="bbox 1875 3501 3447 3570; baseline 0.003 -16"><span class='ocrx_word' id='word_1_523' title='bbox 1875 3502 1976 3555; x_wconf 74' lang='lat' dir='ltr'><strong>viri</strong></span> <span class='ocrx_word' id='word_1_524' title='bbox 2021 3501 2161 3556; x_wconf 77' lang='lat' dir='ltr'><strong>facta</strong></span> <span class='ocrx_word' id='word_1_525' title='bbox 2198 3502 2382 3565; x_wconf 79' lang='lat' dir='ltr'><strong>fuerit,</strong></span> <span class='ocrx_word' id='word_1_526' title='bbox 2421 3504 2486 3556; x_wconf 89' lang='lat' dir='ltr'><strong>ad</strong></span> <span class='ocrx_word' id='word_1_527' title='bbox 2517 3505 2772 3564; x_wconf 85' lang='lat' dir='ltr'><strong>maritum</strong></span> <span class='ocrx_word' id='word_1_528' title='bbox 2815 3519 2972 3556; x_wconf 88' lang='lat' dir='ltr'><strong>suum</strong></span> <span class='ocrx_word' id='word_1_529' title='bbox 2995 3517 3100 3558; x_wconf 90' lang='lat' dir='ltr'><strong>non</strong></span> <span class='ocrx_word' id='word_1_530' title='bbox 3123 3514 3447 3570; x_wconf 84' lang='lat' dir='ltr'><strong>revertetur,</strong></span> 
     </span>
    </p>
   </div>
   <div class='ocr_carea' id='block_1_78' title="bbox 1876 3577 3446 3664">
    <p class='ocr_par' dir='ltr' id='par_1_78' title="bbox 1876 3577 3446 3664">
     <span class='ocr_line' id='line_1_79' title="bbox 1876 3577 3446 3664; baseline 0.002 -17"><span class='ocrx_word' id='word_1_531' title='bbox 1876 3594 1972 3648; x_wconf 78' lang='lat' dir='ltr'><strong>sed</strong></span> <span class='ocrx_word' id='word_1_532' title='bbox 2000 3577 2286 3663; x_wconf 82' lang='lat' dir='ltr'><strong>polluendo</strong></span> <span class='ocrx_word' id='word_1_533' title='bbox 2315 3595 2650 3664; x_wconf 73' lang='lat' dir='ltr'><strong>pollueturu</strong></span> <span class='ocrx_word' id='word_1_534' title='bbox 2682 3595 2786 3650; x_wconf 87' lang='lat' dir='ltr'><strong>nisi</strong></span> <span class='ocrx_word' id='word_1_535' title='bbox 2805 3596 3054 3652; x_wconf 85' lang='lat' dir='ltr'><strong>videlicet</strong></span> <span class='ocrx_word' id='word_1_536' title='bbox 3079 3598 3309 3652; x_wconf 88' lang='lat' dir='ltr'><strong>maritus</strong></span> <span class='ocrx_word' id='word_1_537' title='bbox 3328 3612 3446 3652; x_wconf 82' lang='lat' dir='ltr'><strong>eam</strong></span> 
     </span>
    </p>
   </div>
   <div class='ocr_carea' id='block_1_79' title="bbox 1875 3684 3445 3756">
    <p class='ocr_par' dir='ltr' id='par_1_79' title="bbox 1875 3684 3445 3756">
     <span class='ocr_line' id='line_1_80' title="bbox 1875 3684 3445 3756; baseline 0.002 -18"><span class='ocrx_word' id='word_1_538' title='bbox 1875 3685 2112 3756; x_wconf 88' lang='lat' dir='ltr'><strong>recipere</strong></span> <span class='ocrx_word' id='word_1_539' title='bbox 2135 3687 2388 3742; x_wconf 86' lang='lat' dir='ltr'><strong>voluerit.</strong></span> <span class='ocrx_word' id='word_1_540' title='bbox 2415 3684 2482 3741; x_wconf 86' lang='lat' dir='ltr'><strong>Et</strong></span> <span class='ocrx_word' id='word_1_541' title='bbox 2511 3686 2766 3741; x_wconf 89' lang='lat' dir='ltr'><strong>Salomon</strong></span> <span class='ocrx_word' id='word_1_542' title='bbox 2819 3688 2874 3740; x_wconf 91' lang='lat' dir='ltr'><strong>in</strong></span> <span class='ocrx_word' id='word_1_543' title='bbox 2921 3685 3251 3753; x_wconf 86' lang='lat' dir='ltr'><strong>Proverbiis,</strong></span> <span class='ocrx_word' id='word_1_544' title='bbox 3289 3707 3308 3741; x_wconf 83' lang='grc' dir='ltr'><strong>ι</strong></span> <span class='ocrx_word' id='word_1_545' title='bbox 3342 3687 3445 3755; x_wconf 85' lang='lat' dir='ltr'><strong>Qui</strong></span> 
     </span>
    </p>
   </div>
   <div class='ocr_carea' id='block_1_80' title="bbox 1874 3771 3548 3846">
    <p class='ocr_par' dir='ltr' id='par_1_80' title="bbox 1874 3771 3548 3846">
     <span class='ocr_line' id='line_1_81' title="bbox 1874 3771 3548 3846; baseline 0.003 -18"><span class='ocrx_word' id='word_1_546' title='bbox 1874 3774 2177 3828; x_wconf 85' lang='lat' dir='ltr'><strong>adulteram</strong></span> <span class='ocrx_word' id='word_1_547' title='bbox 2211 3775 2393 3841; x_wconf 82' lang='lat' dir='ltr'><strong>habet,</strong></span> <span class='ocrx_word' id='word_1_548' title='bbox 2443 3777 2644 3831; x_wconf 89' lang='lat' dir='ltr'><strong>stultus</strong></span> <span class='ocrx_word' id='word_1_549' title='bbox 2689 3787 2772 3831; x_wconf 89' lang='lat' dir='ltr'><strong>est</strong></span> <span class='ocrx_word' id='word_1_550' title='bbox 2804 3785 2862 3828; x_wconf 91' lang='lat' dir='ltr'><strong>et</strong></span> <span class='ocrx_word' id='word_1_551' title='bbox 2898 3776 3137 3846; x_wconf 83' lang='lat' dir='ltr'><strong>impius:</strong></span> <span class='ocrx_word' id='word_1_552' title='bbox 3175 3795 3194 3828; x_wconf 66' lang='grc' dir='ltr'><strong>ι</strong></span> <span class='ocrx_word' id='word_1_553' title='bbox 3235 3777 3339 3832; x_wconf 91' lang='lat' dir='ltr'><strong>boc</strong></span> <span class='ocrx_word' id='word_1_554' title='bbox 3364 3789 3447 3833; x_wconf 90' lang='lat' dir='ltr'><strong>est</strong></span> <span class='ocrx_word' id='word_1_555' title='bbox 3543 3771 3548 3777; x_wconf 80' lang='grc'><em>’</em></span> 
     </span>
    </p>
   </div>
   <div class='ocr_carea' id='block_1_81' title="bbox 1875 3866 3445 3938">
    <p class='ocr_par' dir='ltr' id='par_1_81' title="bbox 1875 3866 3445 3938">
     <span class='ocr_line' id='line_1_82' title="bbox 1875 3866 3445 3938; baseline 0.004 -21"><span class='ocrx_word' id='word_1_556' title='bbox 1875 3867 1964 3932; x_wconf 91' lang='lat' dir='ltr'><strong>qni</strong></span> <span class='ocrx_word' id='word_1_557' title='bbox 1993 3881 2106 3920; x_wconf 89' lang='lat' dir='ltr'><strong>rem</strong></span> <span class='ocrx_word' id='word_1_558' title='bbox 2142 3866 2307 3920; x_wconf 80' lang='lat' dir='ltr'><strong>habet</strong></span> <span class='ocrx_word' id='word_1_559' title='bbox 2335 3882 2460 3922; x_wconf 92' lang='lat' dir='ltr'><strong>cum</strong></span> <span class='ocrx_word' id='word_1_560' title='bbox 2485 3869 2713 3923; x_wconf 85' lang='lat' dir='ltr'><strong>muliere</strong></span> <span class='ocrx_word' id='word_1_561' title='bbox 2738 3868 3012 3933; x_wconf 82' lang='lat' dir='ltr'><strong>maritata,</strong></span> <span class='ocrx_word' id='word_1_562' title='bbox 3043 3878 3098 3922; x_wconf 94' lang='lat' dir='ltr'><strong>et</strong></span> <span class='ocrx_word' id='word_1_563' title='bbox 3122 3883 3286 3938; x_wconf 92' lang='lat' dir='ltr'><strong>quam</strong></span> <span class='ocrx_word' id='word_1_564' title='bbox 3321 3884 3445 3924; x_wconf 90' lang='lat' dir='ltr'><strong>esse</strong></span> 
     </span>
    </p>
   </div>
   <div class='ocr_carea' id='block_1_82' title="bbox 1874 3956 3444 4013">
    <p class='ocr_par' dir='ltr' id='par_1_82' title="bbox 1874 3956 3444 4013">
     <span class='ocr_line' id='line_1_83' title="bbox 1874 3956 3444 4013; baseline 0 -3"><span class='ocrx_word' id='word_1_565' title='bbox 1874 3965 2089 4010; x_wconf 81' lang='lat' dir='ltr'><strong>constat</strong></span> <span class='ocrx_word' id='word_1_566' title='bbox 2115 3957 2440 4012; x_wconf 86' lang='lat' dir='ltr'><strong>adulteram.</strong></span> <span class='ocrx_word' id='word_1_567' title='bbox 2469 3956 2668 4011; x_wconf 76' lang='lat' dir='ltr'><strong>Verum</strong></span> <span class='ocrx_word' id='word_1_568' title='bbox 2693 3959 2921 4012; x_wconf 89' lang='lat' dir='ltr'><strong>maritos</strong></span> <span class='ocrx_word' id='word_1_569' title='bbox 2945 3958 3272 4012; x_wconf 87' lang='lat' dir='ltr'><strong>adulterium</strong></span> <span class='ocrx_word' id='word_1_570' title='bbox 3292 3974 3444 4013; x_wconf 80' lang='lat' dir='ltr'><strong>cout-</strong></span> 
     </span>
    </p>
   </div>
   <div class='ocr_carea' id='block_1_83' title="bbox 1876 4049 3440 4112">
    <p class='ocr_par' dir='ltr' id='par_1_83' title="bbox 1876 4049 3440 4112">
     <span class='ocr_line' id='line_1_84' title="bbox 1876 4049 3440 4112; baseline 0.001 -10"><span class='ocrx_word' id='word_1_571' title='bbox 1876 4049 2180 4104; x_wconf 86' lang='lat' dir='ltr'><strong>mittentes.</strong></span> <span class='ocrx_word' id='word_1_572' title='bbox 2213 4049 2299 4103; x_wconf 91' lang='lat' dir='ltr'><strong>vel</strong></span> <span class='ocrx_word' id='word_1_573' title='bbox 2331 4059 2658 4112; x_wconf 86' lang='lat' dir='ltr'><strong>scortantes.</strong></span> <span class='ocrx_word' id='word_1_574' title='bbox 2689 4051 2914 4104; x_wconf 88' lang='lat' dir='ltr'><strong>retineri</strong></span> <span class='ocrx_word' id='word_1_575' title='bbox 2936 4050 3047 4105; x_wconf 91' lang='lat' dir='ltr'><strong>suis</strong></span> <span class='ocrx_word' id='word_1_576' title='bbox 3073 4051 3139 4104; x_wconf 83' lang='lat' dir='ltr'><strong>ab</strong></span> <span class='ocrx_word' id='word_1_577' title='bbox 3172 4050 3440 4104; x_wconf 78' lang='lat' dir='ltr'><strong>uxoribus</strong></span> 
     </span>
    </p>
   </div>
   <div class='ocr_carea' id='block_1_84' title="bbox 1873 4139 3439 4212">
    <p class='ocr_par' dir='ltr' id='par_1_84' title="bbox 1873 4139 3439 4212">
     <span class='ocr_line' id='line_1_85' title="bbox 1873 4139 3439 4212; baseline -0.001 -15"><span class='ocrx_word' id='word_1_578' title='bbox 1873 4151 2079 4197; x_wconf 87' lang='lat' dir='ltr'><strong>monet.</strong></span> <span class='ocrx_word' id='word_1_579' title='bbox 2100 4139 2234 4196; x_wconf 88' lang='lat' dir='ltr'><strong>Nam</strong></span> <span class='ocrx_word' id='word_1_580' title='bbox 2263 4143 2379 4198; x_wconf 85' lang='lat' dir='ltr'><strong>sive</strong></span> <span class='ocrx_word' id='word_1_581' title='bbox 2406 4144 2532 4212; x_wconf 91' lang='lat' dir='ltr'><strong>quis</strong></span> <span class='ocrx_word' id='word_1_582' title='bbox 2559 4143 2818 4198; x_wconf 86' lang='lat' dir='ltr'><strong>acerbqu</strong></span> <span class='ocrx_word' id='word_1_583' title='bbox 2842 4151 3016 4197; x_wconf 89' lang='lat' dir='ltr'><strong>semet</strong></span> <span class='ocrx_word' id='word_1_584' title='bbox 3049 4156 3178 4212; x_wconf 73' lang='lat' dir='ltr'><strong>erga</strong></span> <span class='ocrx_word' id='word_1_585' title='bbox 3213 4158 3439 4196; x_wconf 82' lang='lat' dir='ltr'><strong>uxorem</strong></span> 
     </span>
    </p>
   </div>
   <div class='ocr_carea' id='block_1_85' title="bbox 1874 4233 3441 4305">
    <p class='ocr_par' dir='ltr' id='par_1_85' title="bbox 1874 4233 3441 4305">
     <span class='ocr_line' id='line_1_86' title="bbox 1874 4233 3441 4305; baseline -0.001 -16"><span class='ocrx_word' id='word_1_586' title='bbox 1874 4234 2147 4297; x_wconf 79' lang='lat' dir='ltr'><strong>exhibeat.</strong></span> <span class='ocrx_word' id='word_1_587' title='bbox 2208 4236 2370 4305; x_wconf 84' lang='lat' dir='ltr'><strong>eique</strong></span> <span class='ocrx_word' id='word_1_588' title='bbox 2420 4235 2648 4290; x_wconf 83' lang='lat' dir='ltr'><strong>verbera</strong></span> <span class='ocrx_word' id='word_1_589' title='bbox 2713 4233 2944 4302; x_wconf 71' lang='lat' dir='ltr'><strong>inﬂigat,</strong></span> <span class='ocrx_word' id='word_1_590' title='bbox 3005 4233 3326 4288; x_wconf 86' lang='lat' dir='ltr'><strong>tolerantem</strong></span> <span class='ocrx_word' id='word_1_591' title='bbox 3381 4248 3441 4288; x_wconf 89' lang='lat' dir='ltr'><strong>se</strong></span> 
     </span>
    </p>
   </div>
   <div class='ocr_carea' id='block_1_86' title="bbox 1874 4323 3434 4395">
    <p class='ocr_par' dir='ltr' id='par_1_86' title="bbox 1874 4323 3434 4395">
     <span class='ocr_line' id='line_1_87' title="bbox 1874 4323 3434 4395; baseline -0.001 -18"><span class='ocrx_word' id='word_1_592' title='bbox 1874 4333 2029 4391; x_wconf 74' lang='lat' dir='ltr'><strong>gerat</strong></span> <span class='ocrx_word' id='word_1_593' title='bbox 2070 4335 2286 4394; x_wconf 88' lang='lat' dir='ltr'><strong>oportet</strong></span> <span class='ocrx_word' id='word_1_594' title='bbox 2317 4344 2331 4380; x_wconf 88' lang='lat'><strong>:</strong></span> <span class='ocrx_word' id='word_1_595' title='bbox 2371 4326 2486 4389; x_wconf 85' lang='lat' dir='ltr'><strong>sive</strong></span> <span class='ocrx_word' id='word_1_596' title='bbox 2517 4325 2874 4394; x_wconf 86' lang='lat' dir='ltr'><strong>pecuniarum</strong></span> <span class='ocrx_word' id='word_1_597' title='bbox 2929 4325 3212 4395; x_wconf 86' lang='lat' dir='ltr'><strong>jacturam-</strong></span> <span class='ocrx_word' id='word_1_598' title='bbox 3250 4323 3434 4386; x_wconf 79' lang='lat' dir='ltr'><strong>faciat,</strong></span> 
     </span>
    </p>
   </div>
   <div class='ocr_carea' id='block_1_87' title="bbox 1873 4416 3436 4486">
    <p class='ocr_par' dir='ltr' id='par_1_87' title="bbox 1873 4416 3436 4486">
     <span class='ocr_line' id='line_1_88' title="bbox 1873 4416 3436 4486; baseline -0.001 -16"><span class='ocrx_word' id='word_1_599' title='bbox 1873 4417 2164 4486; x_wconf 86' lang='lat' dir='ltr'><strong>dotemque</strong></span> <span class='ocrx_word' id='word_1_600' title='bbox 2191 4433 2346 4472; x_wconf 85' lang='lat' dir='ltr'><strong>suam</strong></span> <span class='ocrx_word' id='word_1_601' title='bbox 2385 4417 2597 4472; x_wconf 85' lang='lat' dir='ltr'><strong>absumi</strong></span> <span class='ocrx_word' id='word_1_602' title='bbox 2637 4416 2839 4484; x_wconf 84' lang='lat' dir='ltr'><strong>videat,</strong></span> <span class='ocrx_word' id='word_1_603' title='bbox 2867 4419 2949 4470; x_wconf 79' lang='lat' dir='ltr'><strong>vel</strong></span> <span class='ocrx_word' id='word_1_604' title='bbox 2983 4418 3149 4471; x_wconf 87' lang='lat' dir='ltr'><strong>etiam</strong></span> <span class='ocrx_word' id='word_1_605' title='bbox 3193 4417 3436 4486; x_wconf 86' lang='lat' dir='ltr'><strong>zelotypa</strong></span> 
     </span>
    </p>
   </div>
   <div class='ocr_carea' id='block_1_88' title="bbox 1875 4505 3437 4578">
    <p class='ocr_par' dir='ltr' id='par_1_88' title="bbox 1875 4505 3437 4578">
     <span class='ocr_line' id='line_1_89' title="bbox 1875 4505 3437 4578; baseline -0.003 -15"><span class='ocrx_word' id='word_1_606' title='bbox 1875 4509 1948 4563; x_wconf 90' lang='lat' dir='ltr'><strong>sit</strong></span> <span class='ocrx_word' id='word_1_607' title='bbox 1986 4519 2272 4578; x_wconf 86' lang='lat' dir='ltr'><strong>propterea</strong></span> <span class='ocrx_word' id='word_1_608' title='bbox 2301 4509 2446 4576; x_wconf 89' lang='lat' dir='ltr'><strong>quod</strong></span> <span class='ocrx_word' id='word_1_609' title='bbox 2480 4522 2605 4562; x_wconf 87' lang='lat' dir='ltr'><strong>cum</strong></span> <span class='ocrx_word' id='word_1_610' title='bbox 2647 4507 2772 4560; x_wconf 90' lang='lat' dir='ltr'><strong>aliis</strong></span> <span class='ocrx_word' id='word_1_611' title='bbox 2816 4507 3046 4561; x_wconf 89' lang='lat' dir='ltr'><strong>maritus</strong></span> <span class='ocrx_word' id='word_1_612' title='bbox 3087 4505 3262 4575; x_wconf 85' lang='lat' dir='ltr'><strong>stupri</strong></span> <span class='ocrx_word' id='word_1_613' title='bbox 3307 4520 3437 4560; x_wconf 83' lang='lat' dir='ltr'><strong>con-</strong></span> 
     </span>
    </p>
   </div>
   <div class='ocr_carea' id='block_1_89' title="bbox 217 4595 1769 4686">
    <p class='ocr_par' dir='ltr' id='par_1_89' title="bbox 217 4611 1758 4685">
     <span class='ocr_line' id='line_1_90' title="bbox 217 4611 1758 4685; baseline 0.005 -25"><span class='ocrx_word' id='word_1_614' title='bbox 217 4611 295 4662; x_wconf 70' lang='grc' dir='ltr'>τὸν</span> <span class='ocrx_word' id='word_1_615' title='bbox 331 4615 489 4685; x_wconf 74' lang='grc' dir='ltr'>ἄνδρα</span> <span class='ocrx_word' id='word_1_616' title='bbox 523 4615 986 4685; x_wconf 75' lang='grc' dir='ltr'>συμφθείρεσθαι,</span> <span class='ocrx_word' id='word_1_617' title='bbox 1030 4615 1130 4665; x_wconf 70' lang='grc' dir='ltr'><strong>οὐκ</strong></span> <span class='ocrx_word' id='word_1_618' title='bbox 1158 4617 1366 4682; x_wconf 79' lang='grc' dir='ltr'>ἐφεῖται</span> <span class='ocrx_word' id='word_1_619' title='bbox 1414 4616 1587 4685; x_wconf 83' lang='grc' dir='ltr'>ταύτῃ</span> <span class='ocrx_word' id='word_1_620' title='bbox 1644 4615 1758 4668; x_wconf 85' lang='grc' dir='ltr'>δια-</span> 
     </span>
    </p>
   </div>
   <div class='ocr_carea' id='block_1_90' title="bbox 1880 4595 3438 4686">
    <p class='ocr_par' dir='ltr' id='par_1_90' title="bbox 1880 4595 3438 4666">
     <span class='ocr_line' id='line_1_91' title="bbox 1880 4595 3438 4666; baseline -0.004 -14"><span class='ocrx_word' id='word_1_621' title='bbox 1880 4600 2222 4652; x_wconf 87' lang='lat' dir='ltr'><strong>suetudincm</strong></span> <span class='ocrx_word' id='word_1_622' title='bbox 2281 4599 2506 4661; x_wconf 77' lang='lat' dir='ltr'><strong>habeat;</strong></span> <span class='ocrx_word' id='word_1_623' title='bbox 2541 4612 2649 4652; x_wconf 91' lang='lat' dir='ltr'><strong>non</strong></span> <span class='ocrx_word' id='word_1_624' title='bbox 2685 4609 2866 4651; x_wconf 88' lang='lat' dir='ltr'><strong>tamen</strong></span> <span class='ocrx_word' id='word_1_625' title='bbox 2894 4597 2946 4650; x_wconf 90' lang='lat' dir='ltr'><strong>ei</strong></span> <span class='ocrx_word' id='word_1_626' title='bbox 2983 4595 3340 4666; x_wconf 85' lang='lat' dir='ltr'><strong>permittitur,</strong></span> <span class='ocrx_word' id='word_1_627' title='bbox 3379 4603 3438 4647; x_wconf 89' lang='lat' dir='ltr'><strong>ut</strong></span> 
     </span>
    </p>
   </div>
   <div class='ocr_carea' id='block_1_91' title="bbox 219 4700 1752 4774">
    <p class='ocr_par' dir='ltr' id='par_1_91' title="bbox 219 4700 1752 4774">
     <span class='ocr_line' id='line_1_92' title="bbox 219 4700 1752 4774; baseline 0.002 -21"><span class='ocrx_word' id='word_1_628' title='bbox 219 4700 526 4770; x_wconf 81' lang='grc' dir='ltr'>ζεύγνυσθαι</span> <span class='ocrx_word' id='word_1_629' title='bbox 551 4705 646 4758; x_wconf 82' lang='grc' dir='ltr'>τοῦ</span> <span class='ocrx_word' id='word_1_630' title='bbox 674 4705 866 4773; x_wconf 77' lang='grc' dir='ltr'>ἀνδρὸς</span> <span class='ocrx_word' id='word_1_631' title='bbox 890 4703 1252 4772; x_wconf 73' lang='grc' dir='ltr'>παρὰταῦτα.</span> <span class='ocrx_word' id='word_1_632' title='bbox 1269 4704 1327 4754; x_wconf 74' lang='lat' dir='ltr'><strong>Et</strong></span> <span class='ocrx_word' id='word_1_633' title='bbox 1350 4703 1480 4774; x_wconf 83' lang='grc' dir='ltr'>γὰρ,</span> <span class='ocrx_word' id='word_1_634' title='bbox 1520 4705 1752 4756; x_wconf 83' lang='grc' dir='ltr'>ἀπίστου</span> 
     </span>
    </p>
   </div>
   <div class='ocr_carea' id='block_1_92' title="bbox 219 4789 1759 4864">
    <p class='ocr_par' dir='ltr' id='par_1_92' title="bbox 219 4789 1759 4864">
     <span class='ocr_line' id='line_1_93' title="bbox 219 4789 1759 4864; baseline 0.001 -23"><span class='ocrx_word' id='word_1_635' title='bbox 219 4789 426 4862; x_wconf 80' lang='grc' dir='ltr'>θατέρου</span> <span class='ocrx_word' id='word_1_636' title='bbox 483 4795 595 4846; x_wconf 79' lang='grc' dir='ltr'><strong>τῶν</strong></span> <span class='ocrx_word' id='word_1_637' title='bbox 649 4793 1044 4848; x_wconf 83' lang='grc' dir='ltr'>συνοικούντων</span> <span class='ocrx_word' id='word_1_638' title='bbox 1093 4795 1476 4862; x_wconf 77' lang='grc' dir='ltr'>τυγχάνοντος,</span> <span class='ocrx_word' id='word_1_639' title='bbox 1543 4794 1759 4864; x_wconf 81' lang='grc' dir='ltr'>θατέρῳ</span> 
     </span>
    </p>
   </div>
   <div class='ocr_carea' id='block_1_93' title="bbox 218 4887 1756 4957">
    <p class='ocr_par' dir='ltr' id='par_1_93' title="bbox 218 4887 1756 4957">
     <span class='ocr_line' id='line_1_94' title="bbox 218 4887 1756 4957; baseline 0.004 -21"><span class='ocrx_word' id='word_1_640' title='bbox 218 4887 533 4956; x_wconf 72' lang='grc' dir='ltr'>χωρισθῆναι</span> <span class='ocrx_word' id='word_1_641' title='bbox 568 4889 628 4940; x_wconf 79' lang='grc' dir='ltr'><strong>οὐ</strong></span> <span class='ocrx_word' id='word_1_642' title='bbox 647 4887 877 4950; x_wconf 82' lang='grc' dir='ltr'>δέδοται,</span> <span class='ocrx_word' id='word_1_643' title='bbox 914 4889 1054 4940; x_wconf 84' lang='grc' dir='ltr'>κατὰ</span> <span class='ocrx_word' id='word_1_644' title='bbox 1088 4888 1178 4938; x_wconf 75' lang='grc' dir='ltr'>τὸν</span> <span class='ocrx_word' id='word_1_645' title='bbox 1220 4889 1490 4957; x_wconf 87' lang='grc' dir='ltr'>μακάριον</span> <span class='ocrx_word' id='word_1_646' title='bbox 1521 4888 1756 4954; x_wconf 84' lang='grc' dir='ltr'>Παῦλον,</span> 
     </span>
    </p>
   </div>
   <div class='ocr_carea' id='block_1_94' title="bbox 215 4976 1756 5050">
    <p class='ocr_par' dir='ltr' id='par_1_94' title="bbox 215 4976 1756 5050">
     <span class='ocr_line' id='line_1_95' title="bbox 215 4976 1756 5050; baseline 0.006 -25"><span class='ocrx_word' id='word_1_647' title='bbox 215 4976 291 5028; x_wconf 77' lang='grc' dir='ltr'>διὰ</span> <span class='ocrx_word' id='word_1_648' title='bbox 321 4979 377 5031; x_wconf 79' lang='grc' dir='ltr'>τὸ</span> <span class='ocrx_word' id='word_1_649' title='bbox 404 4981 600 5050; x_wconf 84' lang='grc' dir='ltr'>ἄδηλον</span> <span class='ocrx_word' id='word_1_650' title='bbox 632 4981 731 5049; x_wconf 81' lang='grc' dir='ltr'>τῆς</span> <span class='ocrx_word' id='word_1_651' title='bbox 765 4980 1052 5043; x_wconf 73' lang='grc' dir='ltr'>ἐκϐάσεως</span> <span class='ocrx_word' id='word_1_652' title='bbox 1085 4980 1170 5050; x_wconf 87' lang='grc' dir='ltr'><strong>(Τί</strong></span> <span class='ocrx_word' id='word_1_653' title='bbox 1197 4981 1307 5049; x_wconf 81' lang='grc' dir='ltr'>γὰρ</span> <span class='ocrx_word' id='word_1_654' title='bbox 1354 4976 1525 5046; x_wconf 80' lang='grc' dir='ltr'>οἶδας,</span> <span class='ocrx_word' id='word_1_655' title='bbox 1574 4982 1756 5049; x_wconf 82' lang='grc' dir='ltr'>γύναι,</span> 
     </span>
    </p>
   </div>
   <div class='ocr_carea' id='block_1_95' title="bbox 217 5069 1757 5139">
    <p class='ocr_par' dir='ltr' id='par_1_95' title="bbox 217 5069 1757 5139">
     <span class='ocr_line' id='line_1_96' title="bbox 217 5069 1757 5139; baseline 0.003 -20"><span class='ocrx_word' id='word_1_656' title='bbox 217 5073 385 5136; x_wconf 62' lang='grc' dir='ltr'>φησιν,</span> <span class='ocrx_word' id='word_1_657' title='bbox 409 5071 456 5122; x_wconf 89' lang='grc' dir='ltr'><strong>εί</strong></span> <span class='ocrx_word' id='word_1_658' title='bbox 486 5071 578 5123; x_wconf 83' lang='grc' dir='ltr'>τὸν</span> <span class='ocrx_word' id='word_1_659' title='bbox 613 5071 780 5139; x_wconf 81' lang='grc' dir='ltr'>ἄνδρα</span> <span class='ocrx_word' id='word_1_660' title='bbox 803 5069 998 5132; x_wconf 83' lang='grc' dir='ltr'>σώσεις</span> <span class='ocrx_word' id='word_1_661' title='bbox 1019 5069 1058 5137; x_wconf 93' lang='lat'><strong>;)</strong></span> <span class='ocrx_word' id='word_1_662' title='bbox 1089 5085 1102 5098; x_wconf 75' lang='grc' dir='ltr'><strong><em>ο</em></strong></span> <span class='ocrx_word' id='word_1_663' title='bbox 1131 5070 1248 5126; x_wconf 81' lang='grc' dir='ltr'>πῶς</span> <span class='ocrx_word' id='word_1_664' title='bbox 1276 5069 1569 5132; x_wconf 75' lang='grc' dir='ltr'>ἀνεύθυνος</span> <span class='ocrx_word' id='word_1_665' title='bbox 1600 5071 1757 5123; x_wconf 75' lang='grc' dir='ltr'>ἔσται</span> 
     </span>
    </p>
   </div>
   <div class='ocr_carea' id='block_1_96' title="bbox 217 5157 1755 5230">
    <p class='ocr_par' dir='ltr' id='par_1_96' title="bbox 217 5157 1755 5230">
     <span class='ocr_line' id='line_1_97' title="bbox 217 5157 1755 5230; baseline 0.002 -21"><span class='ocrx_word' id='word_1_666' title='bbox 217 5157 244 5223; x_wconf 70' lang='grc' dir='ltr'><strong>ἡ</strong></span> <span class='ocrx_word' id='word_1_667' title='bbox 273 5157 334 5209; x_wconf 79' lang='grc' dir='ltr'><strong>δι’</strong></span> <span class='ocrx_word' id='word_1_668' title='bbox 352 5161 544 5230; x_wconf 77' lang='grc' dir='ltr'>ἑτέραν</span> <span class='ocrx_word' id='word_1_669' title='bbox 571 5161 754 5214; x_wconf 86' lang='grc' dir='ltr'>αἰτίαν</span> <span class='ocrx_word' id='word_1_670' title='bbox 801 5160 1006 5212; x_wconf 87' lang='grc' dir='ltr'>λύουσα</span> <span class='ocrx_word' id='word_1_671' title='bbox 1039 5159 1134 5229; x_wconf 83' lang='grc' dir='ltr'>τὴν</span> <span class='ocrx_word' id='word_1_672' title='bbox 1189 5157 1492 5226; x_wconf 76' lang='grc' dir='ltr'>συζυγίαν;</span> <span class='ocrx_word' id='word_1_673' title='bbox 1531 5160 1696 5212; x_wconf 84' lang='grc' dir='ltr'>Ὥστε</span> <span class='ocrx_word' id='word_1_674' title='bbox 1721 5161 1755 5230; x_wconf 78' lang='grc' dir='ltr'><strong>ἡ</strong></span> 
     </span>
    </p>
   </div>
   <div class='ocr_carea' id='block_1_97' title="bbox 215 5247 1756 5321">
    <p class='ocr_par' dir='ltr' id='par_1_97' title="bbox 215 5247 1756 5321">
     <span class='ocr_line' id='line_1_98' title="bbox 215 5247 1756 5321; baseline 0.005 -24"><span class='ocrx_word' id='word_1_675' title='bbox 215 5247 294 5298; x_wconf 79' lang='grc' dir='ltr'><strong>τὸν</strong></span> <span class='ocrx_word' id='word_1_676' title='bbox 318 5250 479 5320; x_wconf 80' lang='grc' dir='ltr'>ἄνδρα</span> <span class='ocrx_word' id='word_1_677' title='bbox 507 5252 836 5319; x_wconf 79' lang='grc' dir='ltr'>παραλόγως</span> <span class='ocrx_word' id='word_1_678' title='bbox 873 5250 1244 5311; x_wconf 77' lang='grc' dir='ltr'>ἀπολιποῦσα.</span> <span class='ocrx_word' id='word_1_679' title='bbox 1279 5253 1327 5302; x_wconf 85' lang='grc' dir='ltr'><strong>εί</strong></span> <span class='ocrx_word' id='word_1_680' title='bbox 1372 5251 1520 5321; x_wconf 76' lang='grc' dir='ltr'>ἄλλῳ</span> <span class='ocrx_word' id='word_1_681' title='bbox 1578 5268 1756 5305; x_wconf 82' lang='grc' dir='ltr'>συνοι-</span> 
     </span>
    </p>
   </div>
   <div class='ocr_carea' id='block_1_98' title="bbox 215 5339 1753 5412">
    <p class='ocr_par' dir='ltr' id='par_1_98' title="bbox 215 5339 1753 5412">
     <span class='ocr_line' id='line_1_99' title="bbox 215 5339 1753 5412; baseline 0.006 -27"><span class='ocrx_word' id='word_1_682' title='bbox 215 5339 380 5406; x_wconf 82' lang='grc' dir='ltr'>κήσει,</span> <span class='ocrx_word' id='word_1_683' title='bbox 414 5343 665 5412; x_wconf 71' lang='grc' dir='ltr'>μοιχαλὶς</span> <span class='ocrx_word' id='word_1_684' title='bbox 694 5343 991 5410; x_wconf 81' lang='grc' dir='ltr'>λογίζεται.</span> <span class='ocrx_word' id='word_1_685' title='bbox 1034 5342 1098 5394; x_wconf 83' lang='grc' dir='ltr'>Ἢ</span> <span class='ocrx_word' id='word_1_686' title='bbox 1133 5343 1189 5394; x_wconf 81' lang='grc' dir='ltr'>δὲ</span> <span class='ocrx_word' id='word_1_687' title='bbox 1228 5343 1305 5411; x_wconf 86' lang='grc' dir='ltr'><strong>τῷ</strong></span> <span class='ocrx_word' id='word_1_688' title='bbox 1337 5343 1753 5411; x_wconf 83' lang='grc' dir='ltr'>καταλειφθέντι</span> 
     </span>
    </p>
   </div>
   <div class='ocr_carea' id='block_1_99' title="bbox 215 5428 1754 5504">
    <p class='ocr_par' dir='ltr' id='par_1_99' title="bbox 215 5428 1754 5504">
     <span class='ocr_line' id='line_1_100' title="bbox 215 5428 1754 5504; baseline 0.005 -26"><span class='ocrx_word' id='word_1_689' title='bbox 215 5428 350 5497; x_wconf 74' lang='grc' dir='ltr'>ἀνδρὶ</span> <span class='ocrx_word' id='word_1_690' title='bbox 378 5433 706 5502; x_wconf 80' lang='grc' dir='ltr'>συναφθεῖσα</span> <span class='ocrx_word' id='word_1_691' title='bbox 736 5435 985 5504; x_wconf 80' lang='grc' dir='ltr'>νομίμως</span> <span class='ocrx_word' id='word_1_692' title='bbox 1025 5433 1151 5485; x_wconf 77' lang='grc' dir='ltr'>οὔτε</span> <span class='ocrx_word' id='word_1_693' title='bbox 1206 5433 1281 5494; x_wconf 84' lang='grc' dir='ltr'>ὼς</span> <span class='ocrx_word' id='word_1_694' title='bbox 1307 5433 1580 5503; x_wconf 72' lang='grc' dir='ltr'>μοιχαλὶς,</span> <span class='ocrx_word' id='word_1_695' title='bbox 1629 5432 1754 5485; x_wconf 75' lang='grc' dir='ltr'>οὔτε</span> 
     </span>
    </p>
   </div>
   <div class='ocr_carea' id='block_1_100' title="bbox 213 5519 1753 5598">
    <p class='ocr_par' dir='ltr' id='par_1_100' title="bbox 213 5519 1753 5598">
     <span class='ocr_line' id='line_1_101' title="bbox 213 5519 1753 5598; baseline -0.003 -16"><span class='ocrx_word' id='word_1_696' title='bbox 213 5519 276 5582; x_wconf 70' lang='grc' dir='ltr'><strong>ὡς</strong></span> <span class='ocrx_word' id='word_1_697' title='bbox 307 5525 473 5595; x_wconf 69' lang='grc' dir='ltr'>πόρνη</span> <span class='ocrx_word' id='word_1_698' title='bbox 499 5529 913 5598; x_wconf 79' lang='grc' dir='ltr'>κατακρίνεται.</span> <span class='ocrx_word' id='word_1_699' title='bbox 951 5528 1010 5579; x_wconf 84' lang='grc' dir='ltr'><strong>Εἰ</strong></span> <span class='ocrx_word' id='word_1_700' title='bbox 1047 5528 1232 5595; x_wconf 85' lang='grc' dir='ltr'>μέντοι</span> <span class='ocrx_word' id='word_1_701' title='bbox 1264 5528 1291 5577; x_wconf 86' lang='grc' dir='ltr'><strong>ὁ</strong></span> <span class='ocrx_word' id='word_1_702' title='bbox 1319 5527 1460 5596; x_wconf 79' lang='grc' dir='ltr'>ἀνὴρ</span> <span class='ocrx_word' id='word_1_703' title='bbox 1505 5526 1753 5587; x_wconf 79' lang='grc' dir='ltr'>ἀποστάς</span> 
     </span>
    </p>
   </div>
   <div class='ocr_carea' id='block_1_101' title="bbox 214 5613 1752 5689">
    <p class='ocr_par' dir='ltr' id='par_1_101' title="bbox 214 5613 1752 5689">
     <span class='ocr_line' id='line_1_102' title="bbox 214 5613 1752 5689; baseline -0.001 -17"><span class='ocrx_word' id='word_1_704' title='bbox 214 5613 298 5681; x_wconf 73' lang='grc' dir='ltr'><strong>τῆς</strong></span> <span class='ocrx_word' id='word_1_705' title='bbox 325 5622 595 5685; x_wconf 73' lang='grc' dir='ltr'>γυναικὸς,</span> <span class='ocrx_word' id='word_1_706' title='bbox 626 5621 713 5671; x_wconf 72' lang='grc' dir='ltr'><strong>ἐπ’</strong></span> <span class='ocrx_word' id='word_1_707' title='bbox 747 5619 914 5688; x_wconf 75' lang='grc' dir='ltr'>ἄλλην</span> <span class='ocrx_word' id='word_1_708' title='bbox 943 5615 1096 5689; x_wconf 79' lang='grc' dir='ltr'>ἦλθε,</span> <span class='ocrx_word' id='word_1_709' title='bbox 1126 5619 1221 5670; x_wconf 73' lang='grc' dir='ltr'>καὶ</span> <span class='ocrx_word' id='word_1_710' title='bbox 1252 5619 1414 5680; x_wconf 84' lang='grc' dir='ltr'>αὐτὸς</span> <span class='ocrx_word' id='word_1_711' title='bbox 1443 5619 1656 5686; x_wconf 76' lang='grc' dir='ltr'>μοιχὸς.</span> <span class='ocrx_word' id='word_1_712' title='bbox 1677 5617 1752 5680; x_wconf 81' lang='grc' dir='ltr'><strong>ὡς</strong></span> 
     </span>
    </p>
   </div>
   <div class='ocr_carea' id='block_1_102' title="bbox 213 5708 1754 5782">
    <p class='ocr_par' dir='ltr' id='par_1_102' title="bbox 213 5708 1754 5782">
     <span class='ocr_line' id='line_1_103' title="bbox 213 5708 1754 5782; baseline 0.001 -24"><span class='ocrx_word' id='word_1_713' title='bbox 213 5710 364 5760; x_wconf 77' lang='grc' dir='ltr'>’ποιῶν</span> <span class='ocrx_word' id='word_1_714' title='bbox 388 5712 552 5782; x_wconf 78' lang='grc' dir='ltr'>αὐτὴν</span> <span class='ocrx_word' id='word_1_715' title='bbox 585 5712 958 5782; x_wconf 77' lang='grc' dir='ltr'>μοιχευθῆναι.</span> <span class='ocrx_word' id='word_1_716' title='bbox 990 5712 1082 5762; x_wconf 73' lang='grc' dir='ltr'>καὶ</span> <span class='ocrx_word' id='word_1_717' title='bbox 1129 5712 1160 5776; x_wconf 85' lang='grc' dir='ltr'><strong>ἡ</strong></span> <span class='ocrx_word' id='word_1_718' title='bbox 1217 5708 1544 5761; x_wconf 82' lang='grc' dir='ltr'>συνοικοῦσα</span> <span class='ocrx_word' id='word_1_719' title='bbox 1580 5709 1754 5778; x_wconf 82' lang='grc' dir='ltr'>τούτῳ</span> 
     </span>
    </p>
   </div>
   <div class='ocr_carea' id='block_1_103' title="bbox 217 5802 1754 5875">
    <p class='ocr_par' dir='ltr' id='par_1_103' title="bbox 217 5802 1754 5875">
     <span class='ocr_line' id='line_1_104' title="bbox 217 5802 1754 5875; baseline 0.001 -23"><span class='ocrx_word' id='word_1_720' title='bbox 217 5805 461 5871; x_wconf 64' lang='grc' dir='ltr'>μοιχαλὶς,</span> <span class='ocrx_word' id='word_1_721' title='bbox 493 5808 626 5859; x_wconf 83' lang='grc' dir='ltr'>διότι</span> <span class='ocrx_word' id='word_1_722' title='bbox 649 5807 788 5875; x_wconf 78' lang='grc' dir='ltr'>πρὸς</span> <span class='ocrx_word' id='word_1_723' title='bbox 821 5805 1023 5872; x_wconf 77' lang='grc' dir='ltr'>ἑαυτὴν</span> <span class='ocrx_word' id='word_1_724' title='bbox 1067 5803 1355 5872; x_wconf 81' lang='grc' dir='ltr'>ἀλλότριον</span> <span class='ocrx_word' id='word_1_725' title='bbox 1417 5802 1754 5870; x_wconf 82' lang='grc' dir='ltr'>μετέστησεν</span> 
     </span>
    </p>
   </div>
   <div class='ocr_carea' id='block_1_104' title="bbox 211 5895 1754 5968">
    <p class='ocr_par' dir='ltr' id='par_1_104' title="bbox 211 5895 1754 5968">
     <span class='ocr_line' id='line_1_105' title="bbox 211 5895 1754 5968; baseline -0.002 -18"><span class='ocrx_word' id='word_1_726' title='bbox 211 5896 376 5966; x_wconf 72' lang='grc' dir='ltr'>ἄνδρα.</span> <span class='ocrx_word' id='word_1_727' title='bbox 419 5901 574 5953; x_wconf 83' lang='grc' dir='ltr'><strong>Ἀλλὰ</strong></span> <span class='ocrx_word' id='word_1_728' title='bbox 602 5899 776 5953; x_wconf 78' lang='grc' dir='ltr'>ταῦτα</span> <span class='ocrx_word' id='word_1_729' title='bbox 806 5899 905 5968; x_wconf 80' lang='grc' dir='ltr'>μὲν</span> <span class='ocrx_word' id='word_1_730' title='bbox 938 5898 1131 5958; x_wconf 72' lang='grc' dir='ltr'>οὕτως.</span> <span class='ocrx_word' id='word_1_731' title='bbox 1168 5896 1300 5949; x_wconf 73' lang='grc' dir='ltr'><strong>Ἀπὸ</strong></span> <span class='ocrx_word' id='word_1_732' title='bbox 1327 5896 1380 5948; x_wconf 76' lang='grc' dir='ltr'>δὲ</span> <span class='ocrx_word' id='word_1_733' title='bbox 1407 5898 1503 5963; x_wconf 70' lang='grc' dir='ltr'>τῆς</span> <span class='ocrx_word' id='word_1_734' title='bbox 1532 5895 1754 5964; x_wconf 73' lang='grc' dir='ltr'>ὕστερον</span> 
     </span>
    </p>
   </div>
   <div class='ocr_carea' id='block_1_105' title="bbox 439 5990 1232 6056">
    <p class='ocr_par' dir='ltr' id='par_1_105' title="bbox 439 5990 1232 6056">
     <span class='ocr_line' id='line_1_106' title="bbox 439 5990 1232 6056; baseline -0.01 0"><span class='ocrx_word' id='word_1_735' title='bbox 439 6027 442 6030; x_wconf 79' lang='lat'><strong><em>~</em></strong></span> <span class='ocrx_word' id='word_1_736' title='bbox 506 5996 776 6056; x_wconf 78' lang='grc' dir='ltr'>ΡΑτιιοῐ..</span> <span class='ocrx_word' id='word_1_737' title='bbox 823 5996 932 6053; x_wconf 78' lang='lat' dir='ltr'><strong>Gn.</strong></span> <span class='ocrx_word' id='word_1_738' title='bbox 973 5990 1232 6053; x_wconf 74' lang='lat' dir='ltr'><strong>CXLIV.</strong></span> 
     </span>
    </p>
   </div>
   <div class='ocr_carea' id='block_1_106' title="bbox 1871 4684 3434 4760">
    <p class='ocr_par' dir='ltr' id='par_1_106' title="bbox 1871 4684 3434 4760">
     <span class='ocr_line' id='line_1_107' title="bbox 1871 4684 3434 4760; baseline -0.004 -17"><span class='ocrx_word' id='word_1_739' title='bbox 1871 4700 2089 4760; x_wconf 88' lang='lat' dir='ltr'><strong>propter</strong></span> <span class='ocrx_word' id='word_1_740' title='bbox 2128 4689 2227 4742; x_wconf 89' lang='lat' dir='ltr'><strong>bas</strong></span> <span class='ocrx_word' id='word_1_741' title='bbox 2272 4701 2469 4742; x_wconf 89' lang='lat' dir='ltr'><strong>causas</strong></span> <span class='ocrx_word' id='word_1_742' title='bbox 2515 4701 2544 4740; x_wconf 89' lang='lat' dir='ltr'><strong>a</strong></span> <span class='ocrx_word' id='word_1_743' title='bbox 2586 4687 2784 4740; x_wconf 83' lang='lat' dir='ltr'><strong>marito</strong></span> <span class='ocrx_word' id='word_1_744' title='bbox 2827 4686 3082 4740; x_wconf 81' lang='lat' dir='ltr'><strong>divertat.</strong></span> <span class='ocrx_word' id='word_1_745' title='bbox 3138 4685 3353 4754; x_wconf 81' lang='lat' dir='ltr'><strong>Quippe</strong></span> <span class='ocrx_word' id='word_1_746' title='bbox 3389 4684 3434 4739; x_wconf 90' lang='lat' dir='ltr'><strong>si</strong></span> 
     </span>
    </p>
   </div>
   <div class='ocr_carea' id='block_1_107' title="bbox 1859 4775 3436 4847">
    <p class='ocr_par' dir='ltr' id='par_1_107' title="bbox 1859 4775 3436 4847">
     <span class='ocr_line' id='line_1_108' title="bbox 1859 4775 3436 4847; baseline -0.003 -14"><span class='ocrx_word' id='word_1_747' title='bbox 1859 4782 2117 4834; x_wconf 88' lang='lat' dir='ltr'><strong>alterutro</strong></span> <span class='ocrx_word' id='word_1_748' title='bbox 2146 4778 2438 4847; x_wconf 75' lang='lat' dir='ltr'><strong>coniugum</strong></span> <span class='ocrx_word' id='word_1_749' title='bbox 2468 4777 2763 4833; x_wconf 84' lang='lat' dir='ltr'><strong>exsistente</strong></span> <span class='ocrx_word' id='word_1_750' title='bbox 2815 4775 3042 4836; x_wconf 84' lang='lat' dir='ltr'><strong>inﬁdeli.</strong></span> <span class='ocrx_word' id='word_1_751' title='bbox 3069 4776 3222 4830; x_wconf 84' lang='lat' dir='ltr'><strong>alteri</strong></span> <span class='ocrx_word' id='word_1_752' title='bbox 3251 4776 3436 4829; x_wconf 86' lang='lat' dir='ltr'><strong>divor-</strong></span> 
     </span>
    </p>
   </div>
   <div class='ocr_carea' id='block_1_108' title="bbox 1860 4867 3426 4938">
    <p class='ocr_par' dir='ltr' id='par_1_108' title="bbox 1860 4867 3426 4938">
     <span class='ocr_line' id='line_1_109' title="bbox 1860 4867 3426 4938; baseline -0.004 -11"><span class='ocrx_word' id='word_1_753' title='bbox 1860 4873 1994 4927; x_wconf 86' lang='lat' dir='ltr'><strong>tium</strong></span> <span class='ocrx_word' id='word_1_754' title='bbox 2021 4873 2089 4926; x_wconf 88' lang='lat' dir='ltr'><strong>ab</strong></span> <span class='ocrx_word' id='word_1_755' title='bbox 2123 4885 2188 4923; x_wconf 90' lang='lat' dir='ltr'><strong>eo</strong></span> <span class='ocrx_word' id='word_1_756' title='bbox 2214 4870 2394 4924; x_wconf 74' lang='lat' dir='ltr'><strong>facere</strong></span> <span class='ocrx_word' id='word_1_757' title='bbox 2420 4885 2528 4922; x_wconf 87' lang='lat' dir='ltr'><strong>non</strong></span> <span class='ocrx_word' id='word_1_758' title='bbox 2563 4870 2709 4931; x_wconf 87' lang='lat' dir='ltr'><strong>licet,</strong></span> <span class='ocrx_word' id='word_1_759' title='bbox 2742 4868 2900 4938; x_wconf 83' lang='lat' dir='ltr'><strong>juxta</strong></span> <span class='ocrx_word' id='word_1_760' title='bbox 2936 4867 3082 4921; x_wconf 89' lang='lat' dir='ltr'><strong>beati</strong></span> <span class='ocrx_word' id='word_1_761' title='bbox 3119 4867 3269 4920; x_wconf 73' lang='lat' dir='ltr'><strong>Pauli</strong></span> <span class='ocrx_word' id='word_1_762' title='bbox 3305 4883 3426 4922; x_wconf 90' lang='lat' dir='ltr'><strong>sen-</strong></span> 
     </span>
    </p>
   </div>
   <div class='ocr_carea' id='block_1_109' title="bbox 1862 4954 3428 5026">
    <p class='ocr_par' dir='ltr' id='par_1_109' title="bbox 1862 4954 3428 5026">
     <span class='ocr_line' id='line_1_110' title="bbox 1862 4954 3428 5026; baseline -0.003 -11"><span class='ocrx_word' id='word_1_763' title='bbox 1862 4961 2120 5022; x_wconf 84' lang='lat' dir='ltr'><strong>tentiam,</strong></span> <span class='ocrx_word' id='word_1_764' title='bbox 2154 4966 2434 5026; x_wconf 70' lang='lat' dir='ltr'><strong>proliterea</strong></span> <span class='ocrx_word' id='word_1_765' title='bbox 2482 4956 2624 5026; x_wconf 77' lang='lat' dir='ltr'><strong>quod</strong></span> <span class='ocrx_word' id='word_1_766' title='bbox 2656 4956 2952 5011; x_wconf 84' lang='lat' dir='ltr'><strong>obscurum</strong></span> <span class='ocrx_word' id='word_1_767' title='bbox 2995 4957 3089 5022; x_wconf 85' lang='lat' dir='ltr'><strong>sit,</strong></span> <span class='ocrx_word' id='word_1_768' title='bbox 3149 4954 3428 5024; x_wconf 66' lang='lat' dir='ltr'><strong>quidem-</strong></span> 
     </span>
    </p>
   </div>
   <div class='ocr_carea' id='block_1_110' title="bbox 1860 5048 3429 5120">
    <p class='ocr_par' dir='ltr' id='par_1_110' title="bbox 1860 5048 3429 5120">
     <span class='ocr_line' id='line_1_111' title="bbox 1860 5048 3429 5120; baseline -0.003 -15"><span class='ocrx_word' id='word_1_769' title='bbox 1860 5054 1980 5106; x_wconf 88' lang='lat' dir='ltr'><strong>nire</strong></span> <span class='ocrx_word' id='word_1_770' title='bbox 2037 5059 2203 5120; x_wconf 79' lang='lat' dir='ltr'><strong>queat</strong></span> <span class='ocrx_word' id='word_1_771' title='bbox 2251 5050 2479 5120; x_wconf 66' lang='lat' dir='ltr'><strong>(Ecquid</strong></span> <span class='ocrx_word' id='word_1_772' title='bbox 2526 5049 2671 5103; x_wconf 87' lang='lat' dir='ltr'><strong>enim</strong></span> <span class='ocrx_word' id='word_1_773' title='bbox 2731 5048 2874 5102; x_wconf 88' lang='lat' dir='ltr'><strong>nosti</strong></span> <span class='ocrx_word' id='word_1_774' title='bbox 2935 5049 3150 5113; x_wconf 84' lang='lat' dir='ltr'><strong>mulier,</strong></span> <span class='ocrx_word' id='word_1_775' title='bbox 3205 5049 3302 5112; x_wconf 87' lang='lat' dir='ltr'><strong>ait,</strong></span> <span class='ocrx_word' id='word_1_776' title='bbox 3363 5063 3429 5102; x_wconf 86' lang='lat' dir='ltr'><strong>an</strong></span> 
     </span>
    </p>
   </div>
   <div class='ocr_carea' id='block_1_111' title="bbox 1859 5139 3432 5210">
    <p class='ocr_par' dir='ltr' id='par_1_111' title="bbox 1859 5139 3432 5210">
     <span class='ocr_line' id='line_1_112' title="bbox 1859 5139 3432 5210; baseline -0.004 -12"><span class='ocrx_word' id='word_1_777' title='bbox 1859 5146 2114 5198; x_wconf 88' lang='lat' dir='ltr'><strong>maritum</strong></span> <span class='ocrx_word' id='word_1_778' title='bbox 2136 5144 2212 5198; x_wconf 84' lang='lat' dir='ltr'><strong>sis</strong></span> <span class='ocrx_word' id='word_1_779' title='bbox 2227 5152 2505 5196; x_wconf 85' lang='lat' dir='ltr'><strong>servatura</strong></span> <span class='ocrx_word' id='word_1_780' title='bbox 2521 5141 2598 5210; x_wconf 86' lang='lat'><strong>&#39;!);</strong></span> <span class='ocrx_word' id='word_1_781' title='bbox 2632 5155 2868 5209; x_wconf 89' lang='lat' dir='ltr'><strong>quonam</strong></span> <span class='ocrx_word' id='word_1_782' title='bbox 2894 5142 3058 5196; x_wconf 89' lang='lat' dir='ltr'><strong>modo</strong></span> <span class='ocrx_word' id='word_1_783' title='bbox 3087 5139 3243 5210; x_wconf 87' lang='lat' dir='ltr'><strong>culpa</strong></span> <span class='ocrx_word' id='word_1_784' title='bbox 3277 5154 3432 5193; x_wconf 87' lang='lat' dir='ltr'><strong>carc-</strong></span> 
     </span>
    </p>
   </div>
   <div class='ocr_carea' id='block_1_112' title="bbox 1858 5233 3432 5306">
    <p class='ocr_par' dir='ltr' id='par_1_112' title="bbox 1858 5233 3432 5306">
     <span class='ocr_line' id='line_1_113' title="bbox 1858 5233 3432 5306; baseline -0.005 -15"><span class='ocrx_word' id='word_1_785' title='bbox 1858 5239 1956 5301; x_wconf 86' lang='lat' dir='ltr'><strong>bit,</strong></span> <span class='ocrx_word' id='word_1_786' title='bbox 1982 5253 2101 5306; x_wconf 66' lang='lat' dir='ltr'><strong>qum</strong></span> <span class='ocrx_word' id='word_1_787' title='bbox 2131 5246 2353 5306; x_wconf 86' lang='lat' dir='ltr'><strong>propter</strong></span> <span class='ocrx_word' id='word_1_788' title='bbox 2381 5237 2541 5288; x_wconf 88' lang='lat' dir='ltr'><strong>aliam</strong></span> <span class='ocrx_word' id='word_1_789' title='bbox 2563 5250 2786 5289; x_wconf 87' lang='lat' dir='ltr'><strong>causam</strong></span> <span class='ocrx_word' id='word_1_790' title='bbox 2815 5235 3130 5305; x_wconf 75' lang='lat' dir='ltr'><strong>conjugium</strong></span> <span class='ocrx_word' id='word_1_791' title='bbox 3153 5233 3432 5288; x_wconf 82' lang='lat' dir='ltr'><strong>dissolvit?</strong></span> 
     </span>
    </p>
   </div>
   <div class='ocr_carea' id='block_1_113' title="bbox 1862 5328 3421 5398">
    <p class='ocr_par' dir='ltr' id='par_1_113' title="bbox 1862 5328 3421 5398">
     <span class='ocr_line' id='line_1_114' title="bbox 1862 5328 3421 5398; baseline -0.005 -12"><span class='ocrx_word' id='word_1_792' title='bbox 1862 5331 2016 5386; x_wconf 87' lang='lat' dir='ltr'><strong>Unde</strong></span> <span class='ocrx_word' id='word_1_793' title='bbox 2045 5329 2388 5384; x_wconf 86' lang='lat' dir='ltr'><strong>(oncluditur</strong></span> <span class='ocrx_word' id='word_1_794' title='bbox 2417 5344 2557 5392; x_wconf 79' lang='lat' dir='ltr'><strong>eam,</strong></span> <span class='ocrx_word' id='word_1_795' title='bbox 2591 5344 2713 5398; x_wconf 79' lang='lat' dir='ltr'><strong>qu:e</strong></span> <span class='ocrx_word' id='word_1_796' title='bbox 2744 5328 2999 5382; x_wconf 86' lang='lat' dir='ltr'><strong>maritum</strong></span> <span class='ocrx_word' id='word_1_797' title='bbox 3040 5330 3245 5396; x_wconf 87' lang='lat' dir='ltr'><strong>absque</strong></span> <span class='ocrx_word' id='word_1_798' title='bbox 3276 5328 3421 5395; x_wconf 81' lang='lat' dir='ltr'><strong>jnsta</strong></span> 
     </span>
    </p>
   </div>
   <div class='ocr_carea' id='block_1_114' title="bbox 1861 5417 3427 5482">
    <p class='ocr_par' dir='ltr' id='par_1_114' title="bbox 1861 5417 3427 5482">
     <span class='ocr_line' id='line_1_115' title="bbox 1861 5417 3427 5482; baseline -0.004 -7"><span class='ocrx_word' id='word_1_799' title='bbox 1861 5436 2029 5475; x_wconf 88' lang='lat' dir='ltr'><strong>causa</strong></span> <span class='ocrx_word' id='word_1_800' title='bbox 2082 5420 2409 5482; x_wconf 79' lang='lat' dir='ltr'><strong>deseruerit,</strong></span> <span class='ocrx_word' id='word_1_801' title='bbox 2459 5419 2506 5474; x_wconf 91' lang='lat' dir='ltr'><strong>si</strong></span> <span class='ocrx_word' id='word_1_802' title='bbox 2541 5418 2772 5473; x_wconf 89' lang='lat' dir='ltr'><strong>alterius</strong></span> <span class='ocrx_word' id='word_1_803' title='bbox 2829 5419 2883 5472; x_wconf 92' lang='lat' dir='ltr'><strong>in</strong></span> <span class='ocrx_word' id='word_1_804' title='bbox 2922 5417 3262 5473; x_wconf 86' lang='lat' dir='ltr'><strong>consortium</strong></span> <span class='ocrx_word' id='word_1_805' title='bbox 3305 5432 3427 5470; x_wconf 91' lang='lat' dir='ltr'><strong>sese</strong></span> 
     </span>
    </p>
   </div>
   <div class='ocr_carea' id='block_1_115' title="bbox 1859 5508 3424 5582">
    <p class='ocr_par' dir='ltr' id='par_1_115' title="bbox 1859 5508 3424 5582">
     <span class='ocr_line' id='line_1_116' title="bbox 1859 5508 3424 5582; baseline -0.004 -14"><span class='ocrx_word' id='word_1_806' title='bbox 1859 5515 2095 5580; x_wconf 83' lang='lat' dir='ltr'><strong>dederit,</strong></span> <span class='ocrx_word' id='word_1_807' title='bbox 2123 5529 2218 5582; x_wconf 82' lang='lat' dir='ltr'><strong>pro</strong></span> <span class='ocrx_word' id='word_1_808' title='bbox 2246 5514 2494 5566; x_wconf 87' lang='lat' dir='ltr'><strong>adultera</strong></span> <span class='ocrx_word' id='word_1_809' title='bbox 2521 5511 2852 5566; x_wconf 85' lang='lat' dir='ltr'><strong>habendam.</strong></span> <span class='ocrx_word' id='word_1_810' title='bbox 2871 5509 3002 5577; x_wconf 67' lang='lat' dir='ltr'><strong>Quae</strong></span> <span class='ocrx_word' id='word_1_811' title='bbox 3031 5524 3159 5563; x_wconf 89' lang='lat' dir='ltr'><strong>vero</strong></span> <span class='ocrx_word' id='word_1_812' title='bbox 3189 5508 3424 5577; x_wconf 81' lang='lat' dir='ltr'><strong>legitime</strong></span> 
     </span>
    </p>
   </div>
   <div class='ocr_carea' id='block_1_116' title="bbox 1865 5601 3426 5666">
    <p class='ocr_par' dir='ltr' id='par_1_116' title="bbox 1865 5601 3426 5666">
     <span class='ocr_line' id='line_1_117' title="bbox 1865 5601 3426 5666; baseline -0.007 -3"><span class='ocrx_word' id='word_1_813' title='bbox 1865 5625 1988 5663; x_wconf 85' lang='lat' dir='ltr'><strong>cum</strong></span> <span class='ocrx_word' id='word_1_814' title='bbox 2022 5610 2140 5662; x_wconf 74' lang='lat' dir='ltr'><strong>viro</strong></span> <span class='ocrx_word' id='word_1_815' title='bbox 2171 5607 2387 5660; x_wconf 84' lang='lat' dir='ltr'><strong>deserto</strong></span> <span class='ocrx_word' id='word_1_816' title='bbox 2419 5606 2477 5660; x_wconf 91' lang='lat' dir='ltr'><strong>in</strong></span> <span class='ocrx_word' id='word_1_817' title='bbox 2509 5620 2731 5658; x_wconf 85' lang='lat' dir='ltr'><strong>manum</strong></span> <span class='ocrx_word' id='word_1_818' title='bbox 2771 5605 2902 5666; x_wconf 88' lang='lat' dir='ltr'><strong>coit,</strong></span> <span class='ocrx_word' id='word_1_819' title='bbox 2937 5618 3034 5656; x_wconf 92' lang='lat' dir='ltr'><strong>nec</strong></span> <span class='ocrx_word' id='word_1_820' title='bbox 3066 5611 3124 5654; x_wconf 88' lang='lat' dir='ltr'><strong>ut</strong></span> <span class='ocrx_word' id='word_1_821' title='bbox 3154 5601 3426 5658; x_wconf 85' lang='lat' dir='ltr'><strong>adultera.</strong></span> 
     </span>
    </p>
   </div>
   <div class='ocr_carea' id='block_1_117' title="bbox 1863 5691 3425 5760">
    <p class='ocr_par' dir='ltr' id='par_1_117' title="bbox 1863 5691 3425 5760">
     <span class='ocr_line' id='line_1_118' title="bbox 1863 5691 3425 5760; baseline -0.01 0"><span class='ocrx_word' id='word_1_822' title='bbox 1863 5722 1962 5760; x_wconf 88' lang='lat' dir='ltr'><strong>nec</strong></span> <span class='ocrx_word' id='word_1_823' title='bbox 1993 5712 2052 5756; x_wconf 89' lang='lat' dir='ltr'><strong>ut</strong></span> <span class='ocrx_word' id='word_1_824' title='bbox 2091 5701 2344 5755; x_wconf 81' lang='lat' dir='ltr'><strong>meretrix</strong></span> <span class='ocrx_word' id='word_1_825' title='bbox 2373 5696 2793 5752; x_wconf 82' lang='lat' dir='ltr'><strong>condemnatur.</strong></span> <span class='ocrx_word' id='word_1_826' title='bbox 2817 5693 2958 5748; x_wconf 86' lang='lat' dir='ltr'><strong>Sane</strong></span> <span class='ocrx_word' id='word_1_827' title='bbox 2985 5693 3030 5747; x_wconf 91' lang='lat' dir='ltr'><strong>si</strong></span> <span class='ocrx_word' id='word_1_828' title='bbox 3056 5691 3285 5746; x_wconf 87' lang='lat' dir='ltr'><strong>maritus</strong></span> <span class='ocrx_word' id='word_1_829' title='bbox 3312 5692 3425 5760; x_wconf 77' lang='lat'><strong>80</strong></span> 
     </span>
    </p>
   </div>
   <div class='ocr_carea' id='block_1_118' title="bbox 1863 5784 3418 5860">
    <p class='ocr_par' dir='ltr' id='par_1_118' title="bbox 1863 5784 3418 5860">
     <span class='ocr_line' id='line_1_119' title="bbox 1863 5784 3418 5860; baseline -0.012 -8"><span class='ocrx_word' id='word_1_830' title='bbox 1863 5798 1932 5852; x_wconf 88' lang='lat' dir='ltr'><strong>ab</strong></span> <span class='ocrx_word' id='word_1_831' title='bbox 1962 5809 2132 5853; x_wconf 78' lang='lat' dir='ltr'><strong>uxore</strong></span> <span class='ocrx_word' id='word_1_832' title='bbox 2177 5791 2480 5860; x_wconf 82' lang='lat' dir='ltr'><strong>diverterit,</strong></span> <span class='ocrx_word' id='word_1_833' title='bbox 2513 5796 2569 5842; x_wconf 90' lang='lat' dir='ltr'><strong>et</strong></span> <span class='ocrx_word' id='word_1_834' title='bbox 2599 5787 2666 5839; x_wconf 87' lang='lat' dir='ltr'><strong>ad</strong></span> <span class='ocrx_word' id='word_1_835' title='bbox 2711 5786 2869 5838; x_wconf 89' lang='lat' dir='ltr'><strong>aliam</strong></span> <span class='ocrx_word' id='word_1_836' title='bbox 2926 5799 3045 5838; x_wconf 88' lang='lat' dir='ltr'><strong>sese</strong></span> <span class='ocrx_word' id='word_1_837' title='bbox 3076 5784 3370 5837; x_wconf 89' lang='lat' dir='ltr'><strong>contulerit</strong></span> <span class='ocrx_word' id='word_1_838' title='bbox 3403 5823 3418 5845; x_wconf 94' lang='lat'><strong>,</strong></span> 
     </span>
    </p>
   </div>
   <div class='ocr_carea' id='block_1_119' title="bbox 1861 5877 3498 5958">
    <p class='ocr_par' dir='ltr' id='par_1_119' title="bbox 1861 5877 3498 5958">
     <span class='ocr_line' id='line_1_120' title="bbox 1861 5877 3498 5958; baseline -0.011 -12"><span class='ocrx_word' id='word_1_839' title='bbox 1861 5902 1974 5945; x_wconf 89' lang='lat' dir='ltr'><strong>tum</strong></span> <span class='ocrx_word' id='word_1_840' title='bbox 2020 5889 2134 5958; x_wconf 88' lang='lat' dir='ltr'><strong>ipse</strong></span> <span class='ocrx_word' id='word_1_841' title='bbox 2177 5885 2388 5940; x_wconf 84' lang='lat' dir='ltr'><strong>adulter</strong></span> <span class='ocrx_word' id='word_1_842' title='bbox 2423 5891 2530 5948; x_wconf 88' lang='lat' dir='ltr'><strong>est,</strong></span> <span class='ocrx_word' id='word_1_843' title='bbox 2573 5879 2736 5934; x_wconf 86' lang='lat' dir='ltr'><strong>veluti</strong></span> <span class='ocrx_word' id='word_1_844' title='bbox 2787 5877 2877 5947; x_wconf 84' lang='lat' dir='ltr'><strong>qui</strong></span> <span class='ocrx_word' id='word_1_845' title='bbox 2918 5886 3108 5931; x_wconf 73' lang='lat' dir='ltr'><strong>aut-tor</strong></span> <span class='ocrx_word' id='word_1_846' title='bbox 3140 5877 3230 5941; x_wconf 89' lang='lat' dir='ltr'><strong>sit,</strong></span> <span class='ocrx_word' id='word_1_847' title='bbox 3271 5887 3424 5931; x_wconf 81' lang='lat' dir='ltr'><strong>utea</strong></span> <span class='ocrx_word' id='word_1_848' title='bbox 3493 5891 3498 5900; x_wconf 88' lang='grc'>·</span> 
     </span>
    </p>
   </div>
   <div class='ocr_carea' id='block_1_120' title="bbox 3027 5971 3103 6034">
    <p class='ocr_par' dir='ltr' id='par_1_120' title="bbox 3027 5971 3103 6034">
     <span class='ocr_line' id='line_1_121' title="bbox 3027 5971 3103 6034; baseline 0.026 -2"><span class='ocrx_word' id='word_1_849' title='bbox 3027 5971 3103 6034; x_wconf 87' lang='grc'><strong>38</strong></span> 
     </span>
    </p>
   </div>
  </div>
