3902 6606
443 444 580 516 1195
1630 449 2004 518 Murum
2036 449 2456 517 BLASTARIS
3555 423 3694 526 me

439 586 538 640 per
563 563 889 622 adulterium
936 563 1246 636 polluatur;
1281 573 1393 620 tum
1449 562 1572 638 qua:
1602 567 1660 623 in
1698 569 1874 638 ipsius
1926 585 1980 625 es

2153 572 2490 643 Ξενεχθείσης
2535 571 2973 627 Ἰουστινιανείου
3009 575 3236 646 νεαρᾶς,
3287 576 3353 648 ῆν
3406 577 3465 631 τδ
3499 585 3569 648 ιγ’
3601 581 3694 634 τοῦ

439 659 800 717 contubernio
833 655 1084 712 adultera
1109 663 1214 724 est,
1254 666 1542 728 propterea
1574 659 1722 729 quod
1753 659 1980 714 maritur

2150 665 2396 734 ιαρόντος
2423 665 2700 734 στοιχείου
2733 662 2984 737 περιέχει
3028 669 3354 736 κεφάλαιον,
3417 673 3514 725 καὶ
3551 672 3691 744 αὕτη

433 753 671 809 alienum
709 752 776 804 ad
813 763 934 831 sese
969 747 1294 803 traduxerit.
1328 749 1456 806 Haec
1490 749 1764 806 Basilius.
1795 749 1875 804 Ex
1913 766 1974 822 pu

2151 755 2238 818 αῖς
2270 754 2461 820 ἄλλαις
2511 752 2716 820 αἰτίαις
2767 757 3092 828 ἠρίθμηται,
3129 760 3200 813 δι’
3256 759 3323 826 ἃς
3360 761 3509 817 λύειν
3571 753 3691 827 “cui;

435 845 629 900 blicata
673 857 802 897 vero
841 837 1336 909 de’inceps‘novella
1367 838 1690 908 Justiniani,
1740 845 1904 912 quam
1947 841 1976 897 d

2156 847 2339 913 υναιξὶ
2366 847 2434 901 τὰ
2466 849 2788 903 συνοικέσια
2817 850 3026 904 δίδοται
3060 868 3073 882 ·
3109 854 3159 905 εί
3191 853 3248 906 ὲν
3298 857 3365 924 τῇ
3417 843 3556 927 αὐτῇ
3604 857 3695 924 δη⁹

434 937 708 993 sclutione
733 932 1069 988 matrimonii
1099 941 1262 1003 supra
1299 932 1534 1002 positum
1557 929 1720 1000 caput
1748 930 1975 989 continei

2151 939 2251 1011 αδὴ
2281 939 2501 1013 οίκίᾷἢ
2558 940 2714 994 πόλει
2769 942 2937 1015 ἑτέρᾳ
2995 947 3022 997 ὁ
3079 944 3223 1017 ἀνὴρ
3295 947 3690 1020 συμφθείροιτο

427 1030 591 1085 etiam
637 1027 753 1082 haec
798 1025 939 1079 inter
984 1024 1124 1080 alias
1183 1035 1382 1080 causas
1432 1035 1529 1086 est,
1579 1037 1968 1082 connumerata

2136 1031 2357 1096 ὐναικὶ,
2398 1033 2609 1086 καὶτοῦ
2643 1035 2847 1106 μέρους
2873 1035 2972 1107 τῆς
3014 1037 3153 1101 ἰδίας
3183 1041 3451 1106 γυναικὸς
3502 1043 3677 1095 ἐπιτι-

430 1131 650 1191 propter
673 1133 812 1188 quas
840 1116 1104 1171 uxoribus
1129 1113 1387 1186 coniugia
1426 1115 1733 1171 dissolvere
1767 1120 1971 1188 pennis

2144 1122 2342 1177 ,ὡντων
2423 1123 2578 1196 αύτῷ
2670 1127 2766 1181 καὶ
2836 1127 3293 1204 ὑποτιθεμένων,
3378 1134 3685 1202 ἀποστῆναι

425 1231 547 1269 sum
578 1221 704 1268 est:
736 1211 781 1266 si
825 1209 1074 1264 videlicet
1121 1208 1310 1263 eadem
1346 1208 1401 1264 in
1435 1210 1598 1264 domo
1651 1210 1736 1266 vel
1771 1211 1966 1266 civitati

2142 1218 2204 1290 ἧς
2271 1215 2410 1286 πρὸς
2475 1217 2695 1288 ἐκείνην
2744 1208 2966 1290 ὁμιλίας
3025 1225 3102 1292 μὴ
3177 1213 3464 1277 πείθοιτο·
3525 1242 3683 1296 τηνι-

431 1321 557 1361 cum
605 1305 710 1358 alia
743 1301 970 1358 muliere
1022 1301 1198 1371 stupri
1253 1302 1705 1357 consuetudinem
1767 1303 1964 1360 maritu

2141 1305 2287 1360 αὔτα
2328 1307 2434 1379 γὰρ
2465 1309 2622 1362 λύειν
2671 1311 2798 1376 τοὺς
2831 1312 3044 1383 γάμους
3093 1313 3184 1370 διὰ
3210 1313 3312 1384 τὴν
3342 1316 3682 1387 ζηλοτυπίαν

425 1401 658 1466 habeat;
715 1409 770 1454 et
809 1395 1129 1467 prepinquis
1187 1397 1378 1451 uxoris
1425 1411 1539 1450 suae
1588 1397 1996 1467 increpantibus
2104 1400 2346 1471 ἐφίησιν.

422 1517 573 1564 cum,
612 1513 674 1554 ac
724 1495 1095 1560 monentibus,
1164 1505 1225 1548 ut
1277 1493 1346 1547 ab
1439 1493 1587 1549 illius
1642 1483 2047 1551 consuetudine
2115 1497 2413 1566 abstineat,
2473 1515 2583 1556 non
2641 1500 2997 1572 obtemperet.
3061 1501 3217 1561 Tunc
3269 1504 3414 1560 enim
3471 1504 3683 1563 mulier;

404 1596 735 1669 permittit,
799 1602 860 1647 ut
920 1601 1148 1663 propter
1207 1593 1531 1663 zelotypiam
1589 1574 2000 1649 matrimonium
2026 1595 2224 1650 solvat.

472 1689 549 1744 ~ln
582 1704 707 1743 can.
744 1695 931 1740 autem
953 1686 1047 1752 21,
1085 1700 1235 1750 eum,
1267 1686 1517 1755 quicum
1555 1684 1786 1741 muliere
1826 1687 1998 1742 coha-

2191 1691 2281 1745 Ἐν
2297 1691 2354 1744 δὲ
2379 1691 2441 1746 τδ
2481 1690 2690 1760 καττδν
2743 1694 3103 1748 συνοικοῦντα
3146 1695 3386 1764 γυναικὶ,
3419 1697 3490 1750 δι’
3520 1697 3682 1750 ἀσέλ-

416 1785 557 1841 bitat
587 1793 642 1837 et
675 1789 902 1851 propter
937 1779 1220 1834 libidinem
1256 1795 1382 1834 eum
1418 1779 1522 1834 alia
1564 1779 1851 1848 polluitur,
1886 1778 1957 1833 fut

2139 1798 2266 1834 ἐιαν
2295 1781 2354 1835 δὲ
2380 1785 2474 1836 καὶ
2529 1784 2700 1856 ἑτέρᾳ
2726 1785 3230 1858 συμφθειρόμενον,
3267 1788 3525 1859 πορνείας
3581 1789 3680 1860 μὲν

421 1874 714 1931 nicatiouis
773 1887 924 1927 reum
984 1885 1108 1926 esse
1143 1869 1394 1940 judicat;
1458 1871 1648 1941 utique
1703 1879 1759 1926 ει
1822 1869 1962 1940 poeni

2145 1873 2366 1928 πόδικον
2390 1872 2536 1930 εἶναι
2566 1876 2770 1948 κρίνει,
2796 1881 2892 1932 ἐπὶ
2919 1878 3081 1933 πλέον
3103 1880 3160 1934 δὲ
3211 1882 3327 1944 τοῖς
3377 1881 3679 1952 ἐπιτιμίοις

420 1963 724 2032 majoribus
752 1960 936 2025 allicit,
979 1975 1144 2030 quam
1185 1975 1310 2014 eum
1349 1960 1443 2031 qui
1472 1976 1596 2015 cum
1626 1959 1861 2016 muliere
1894 1975 1961 2014 no

2136 1959 2455 2019 ιαΘικνεῖται
2481 1966 2578 2021 τοῦ
2617 1968 2693 2038 μὴ
2735 1968 3012 2033 συζῶντος
3058 1970 3301 2038 γυναικὶ,
3349 1970 3446 2025 καὶ
3473 1971 3553 2040 τῷ
3585 1970 3677 2023 πά-

417 2055 740 2115 cobabitans
771 2058 824 2111 in
863 2058 1052 2111 eodem
1096 2041 1327 2111 crimine
1357 2057 1737 2124 deprehensus
1804 2055 1955 2111 fueri

2141 2071 2192 2107 ει
2217 2055 2395 2124 τούτῳ
2427 2056 2672 2122 ἁλόντος.
2709 2057 2800 2126 Τῷ
2831 2060 2932 2130 μὲν
2983 2061 3091 2130 γὰρ
3118 2059 3424 2131 συγγνώμη
3465 2077 3566 2124 τις.
3592 2061 3677 2115 διὰ

423 2154 560 2208 lluic
593 2153 739 2206 enim
771 2150 928 2204 venia
953 2150 1134 2213 aliqua
1151 2149 1316 2203 datur
1332 2158 1556 2218 propter
1575 2158 1784 2204 naturae
1809 2163 1964 2204 neces

2131 2146 2204 2217 τὴν
2229 2149 2476 2220 ἀνάγκην
2499 2153 2598 2221 τῆς
2631 2151 2845 2220 φύσεως
2867 2169 2884 2186 ο
2937 2156 2964 2207 δ
2989 2154 3046 2208 δὲ
3101 2154 3308 2227 ταύτης
3356 2156 3672 2228 ἐστέρηται,

413 2247 662 2308 sitatetn,
692 2243 784 2297 ille
812 2251 994 2297 autem
1025 2256 1150 2296 eam
1185 2257 1294 2296 non
1317 2242 1652 2312 assequitur,
1689 2251 1876 2314 utpote
1901 2259 1954 2314 qt

2134 2256 2200 2292 ,τε
2229 2240 2327 2310 τῆς
2360 2241 2598 2312 φυσικῆς
2627 2245 2943 2314 τυραννίδος
3009 2245 3112 2316 τὴν
3141 2245 3375 2318 νόμιμον
3411 2248 3556 2317 ἔχων
3575 2266 3675 2303 πα-

417 2339 717 2408 lcgititnam
759 2336 1048 2404 coniugem
1105 2333 1303 2389 habent
1360 2349 1482 2404 quae
1537 2345 1750 2390 natura:
1813 2345 1958 2406 tyran

2132 2332 2406 2400 ιαμυθίαν,
2438 2333 2528 2388 διά
2559 2334 2615 2388 δὲ
2649 2337 2818 2407 μόνην
2834 2337 3107 2408 ἀκρασίαν
3137 2338 3216 2410 τῷ
3241 2340 3346 2410 τῆς
3375 2340 3673 2405 ἀκολασίας

415 2433 602 2488 nidem
657 2431 985 2496 demulceat,
1021 2431 1228 2500 quique
1272 2439 1496 2499 prepter
1543 2429 1716 2485 solam
1757 2430 1956 2486 ineunti

2126 2423 2352 2496 ιορϐόρῳ
2381 2426 2896 2498 ὲγκυλινδούμενος.
2959 2430 3034 2483 Ού
3068 2431 3254 2500 μέντοι
3284 2435 3377 2485 καὶ
3439 2435 3667 2498 κανόνα,

417 2527 659 2581 nentiam
715 2526 770 2580 in
811 2535 972 2580 c’aano
1031 2521 1277 2577 libidinis
1308 2521 1606 2577 volutatur.
1646 2521 1790 2590 Quin
1832 2524 1958 2579 etiai

2131 2517 2287 2584 μησὶν,
2317 2515 2540 2587 ἔχομεν,
2571 2520 2667 2574 έάν
2697 2521 2778 2584 είς
2807 2521 3098 2592 ἐλευθέραν
3131 2526 3312 2594 γάμου
3341 2528 3373 2596 ἠ
3424 2527 3672 2597 ἁμαρτία

415 2628 706 2681 cauo‘nem,
735 2615 935 2686 inquit,
969 2629 1078 2670 non
1115 2614 1579 2680 liabemus,eum,
1640 2615 1685 2670 si
1707 2616 1769 2670 in
1803 2618 1956 2672 matri

2137 2605 2354 2677 ένηται,
2395 2607 2476 2677 τῷ
2505 2609 2605 2678 τῆς
2646 2612 2904 2681 μοιχείας
2934 2613 3097 2668 αὐτὸν
3122 2613 3409 2684 ὑπάγοντα
3475 2618 3673 2689 ἐγκλή-

418 2712 605 2765 ιιιοιιῑο
657 2710 893 2764 solutam
956 2717 1240 2778 peccatum
1282 2709 1395 2772 fiat,
1463 2707 1714 2763 adulterii
1773 2709 1959 2764 crimit:

2130 2714 2256 2762 ιατι,
2291 2698 2323 2769 ἢ
2365 2699 2465 2769 τῆς
2496 2701 2635 2770 πρὸς
2663 2701 2764 2772 τὴν
2795 2703 3002 2757 οἰκείαν
3026 2707 3261 2772 γυναῖκα
3297 2710 3671 2779 συνοικήσεως

414 2803 716 2858 obnoxium
770 2801 1114 2866 reddentem,
1149 2800 1236 2856 vel
1269 2814 1297 2854 a
1345 2800 1582 2871 propria:
1609 2801 1807 2856 uxoris
1837 2817 1955 2857 com

2129 2789 2460 2843 ηποκλείοντα
2489 2806 2502 2822 ·
2556 2791 2697 2846 ὥστε
2724 2795 2758 2865 ἠ
2789 2793 2889 2863 μὲν
2917 2795 3057 2866 γυνὴ
3116 2797 3227 2850 ἀπὸ
3251 2802 3516 2879 πορνείας
3536 2803 3670 2854 ἐπα-

415 2896 624 2950 inercio
661 2894 992 2966 abigentem.
1027 2895 1200 2947 Porro
1249 2891 1470 2963 quidem
1497 2891 1699 2946 mulier
1729 2893 1956 2948 maritur

2131 2879 2277 2933 ιὸντα
2331 2881 2439 2935 τὸν·
2482 2883 2650 2954 ἄνδρα
2701 2885 2915 2950 δέξεται
2947 2905 2963 2922 ·
3015 2885 3169 2954 οὗτος
3195 2892 3252 2946 δὲ
3301 2891 3402 2963 τὴν
3427 2897 3669 2962 γυναῖκα

414 3005 443 3043 a
480 2987 845 3042 fornicatione
879 2996 1157 3040 reversum
1193 2985 1499 3055 stiscipiet;
1540 2981 1628 3038 ille
1655 2991 1838 3038 autem
1870 2999 1955 3040 mu

2210 2975 2348 3027 ιτσαν
2379 2975 2553 3046 ἑτέρῳ
2615 2977 2724 3033 τῶν
2779 2980 2947 3034 οίκων
2983 2981 3328 3052 ἀποπέμψει,
3382 2985 3480 3038 καὶ
3519 2985 3670 3039 ἄκων
3732 2988 3751 2998 “

409 3077 598 3131 lierem
624 3087 753 3144 qua:
778 3084 901 3129 cum
935 3073 1042 3128 alio
1075 3073 1466 3128 commercium
1505 3072 1719 3136 habuit,
1756 3088 1822 3127 ex
1853 3074 1950 3129 aedi

2128 3066 2298 3136 αύτην
2333 3068 2738 3137 προσλαϐέσθαι
2763 3071 2865 3126 οὐκ
2895 3075 3404 3146 ἀναγκασθήσεται.
3444 3076 3669 3131 Τούτων

413 3170 515 3222 bus
547 3165 770 3234 ej'iciet;
808 3175 862 3220 ει
894 3165 1101 3219 invitus
1134 3179 1254 3219 eam
1299 3165 1544 3234 recipere
1585 3179 1696 3218 non
1737 3174 1954 3233 cogetur

2127 3160 2194 3210 ὲὸ
2229 3159 2408 3228 λόγος,
2447 3169 2632 3232 φησιν,
2669 3165 2728 3216 ού
2780 3165 2985 3236 ῥᾴδιος,
3021 3169 3054 3238 ἡ
3107 3168 3164 3222 δὲ
3205 3169 3471 3240 συνήθεια
3518 3171 3668 3225 οὓτω

410 3259 613 3314 llarum
642 3275 850 3323 rerum,
885 3259 1082 3327 inquit,
1107 3256 1254 3313 ratio
1277 3272 1384 3312 non
1416 3256 1594 3314 facilis
1632 3270 1737 3326 est,
1787 3271 1951 3314 ‘verur

917 3259 1082 3327 nquit,
1107 3256 1254 3313 ratio
1277 3272 1384 3312 non
1416 3256 1594 3314 facilis
1632 3270 1737 3326 est,
1787 3271 1982 3314 ‘verum
2013 3285 2057 3344 ο
2091 3255 2458 3324 κεκράτηκεν.

405 3352 752 3408 consuetudo
790 3353 859 3405 ita
891 3351 1154 3405 obtinuit.
2333 3383 2336 3386 -
2803 3403 2805 3406 .

473 3443 535 3498 ln
561 3458 772 3499 canone
797 3457 930 3498 vero
957 3443 1026 3498 35
1067 3441 1175 3497 :ln
1204 3443 1271 3498 iis
1310 3442 1404 3514 qui
1435 3443 1842 3500 matrimonium
1872 3446 1987 3501 dis-

2179 3432 2266 3487 Ἑν
2298 3434 2354 3487 δὲ
2381 3435 2574 3506 τῷλέ,
2620 3438 2746 3491 Ἐπὶ
2771 3439 2884 3492 τῶν
2926 3440 3255 3496 διαλυὸντων
3303 3444 3394 3496 τὸν
3461 3447 3671 3516 γάμον,

401 3538 925 3600 Solvunt,‘causam,
970 3535 1170 3606 inquit,
1223 3537 1580 3592 considerare
1631 3546 1866 3608 oportet.
1917 3538 1942 3592 Ε

2128 3524 2186 3596 ὴν
2219 3527 2398 3579 αἰτίαν
2429 3528 2556 3598 χρὴ,
2592 3531 2750 3598 φησὶ,
2785 3535 3034 3590 σκοπεῖν.
3075 3536 3189 3588 Καὶ
3214 3536 3264 3588 εί
3301 3536 3402 3606 μὲν
3417 3540 3669 3610 παραλό-

403 3630 675 3699 siquidem
716 3629 911 3682 mulier
944 3629 1066 3682 sine
1110 3638 1277 3685 causa
1313 3643 1342 3682 a
1385 3630 1504 3684 viro
1547 3631 1858 3696 secesserit,
1894 3631 1944 3685 ill

2128 3636 2199 3682 ως
2226 3620 2320 3672 τοῦ
2349 3621 2544 3691 ἀνδρὸς
2579 3623 2936 3694 ἀνεχώρησεν
2971 3627 3003 3696 ἡ
3049 3627 3207 3697 γυνὴ,
3238 3631 3270 3699 ἠ
3311 3631 3413 3699 μὲν
3488 3633 3669 3686 ἐπιτι-

399 3723 624 3794 quidem
670 3729 850 3789 paena,
900 3720 992 3775 hic
1022 3726 1202 3776 autem
1223 3722 1394 3776 ‘venia
1425 3721 1626 3791 dignus
1660 3722 1940 3792 iudicatur

2134 3711 2247 3773 ξων,
2281 3712 2393 3766 δδὲ
2462 3715 2796 3787 συγγνώμης
2855 3719 3006 3784 ἄξιος
3068 3723 3335 3792 κρίνεται,
3414 3725 3558 3796 πρὸς
3607 3730 3669 3780 τὸ

400 3812 660 3867 nimirum
708 3819 766 3864 ut
788 3823 919 3866 cum
943 3809 1196 3866 Ecclesia
1226 3811 1616 3880 communicet,
1658 3825 1766 3868 non
1795 3822 1941 3868 amet

2126 3807 2363 3857 οινωνείν
2414 3805 2598 3875 μέντοι
2624 3810 2689 3878 τῇ
2730 3809 3054 3882 Ἐκκλησία,
3090 3813 3151 3866 ού
3200 3813 3311 3884 μὴν
3361 3817 3461 3868 καὶ
3497 3818 3667 3888 ἑτέρᾳ

400 3914 458 3958 ut
478 3903 582 3958 alia
617 3912 829 3958 utatur.

2079 3893 2282 3965 δηλαδὴ
2301 3896 2471 3963 κεχρῆ
2481 3895 2623 3950 σθαι.

465 3995 610 4062 Quin
644 4004 697 4049 et
721 3995 772 4049 in
807 4010 932 4050 can.
967 3994 1073 4050 77:
1111 3993 1224 4061 ’Qui
1267 3995 1549 4052 mulierem
1595 3995 1701 4052 sibi
1739 3997 1978 4068 legitime

2154 3984 2243 4037 Ἑν
2267 3986 2324 4039 δὲ
2345 3985 2422 4056 τῷ
2451 3985 2552 4051 (ιζ’,
2586 3987 2644 4040 ’0
2687 3989 2870 4058 μέντοι
2930 3993 3365 4062 καταλιμπάνων
3415 3996 3516 4068 τὴν
3577 4017 3667 4050 νο-

395 4088 748 4158 conjunctam
773 4087 1057 4157 relinquit,
1087 4095 1141 4140 ει
1171 4087 1332 4140 aliam
1363 4089 1534 4153 ducit,
1568 4089 1831 4144 adulterii
1865 4091 1936 4143 cri

2129 4075 2267 4146 ίμως
2321 4079 2469 4148 αύτῷ
2534 4081 2905 4150 συναφθεῖσαν
2971 4085 3067 4139 καὶ
3132 4086 3327 4156 ἑτέραν
3387 4090 3670 4160 ἀγόμενος

398 4180 537 4235 mini
574 4179 850 4234 obnoxius
894 4188 996 4232 est.
1050 4177 1240 4233 Patres
1282 4185 1468 4234 autem
1518 4181 1716 4245 nostri,
1774 4180 1939 4250 inquit

2126 4166 2277 4237 ρτῆς
2301 4168 2560 4239 μοιχείας
2592 4171 2886 4224 ὑπόκειται
2929 4173 3181 4242 κρίματι·
3211 4179 3262 4228 oi
3319 4178 3378 4231 δὲ
3413 4179 3667 4250 Πατέρες

394 4272 476 4327 eis
530 4269 800 4340 scptennii
836 4283 1054 4338 pcenam
1102 4267 1438 4332 inllixeruu‘t.
1497 4279 1556 4324 ἐι
1592 4271 1679 4324 ‘sic
1723 4284 1935 4325 commu

2124 4259 2262 4328 μῶν,
2298 4263 2483 4328 φησιν,
2519 4261 2600 4325 είς
2623 4263 2918 4316 ἑπταετίαν
2945 4267 3058 4327 τοῖς
3090 4265 3355 4332 τοιούτοις
3409 4272 3665 4324 ἐπιτετι-

393 4365 556 4420 nione
581 4363 776 4433 dignos
818 4370 1066 4424 censent,
1114 4360 1159 4417 si
1203 4375 1329 4415 cum
1393 4360 1649 4430 lacrymis
1703 4361 1934 4431 pmuitcn

2125 4352 2316 4421 ήκασι,
2349 4353 2442 4406 καὶ
2461 4353 2603 4408 οὕτω
2629 4355 2730 4424 τῆς
2755 4359 3072 4428 προσφορᾶς
3101 4359 3367 4429 ἀξιοῦσιν,
3394 4363 3490 4416 ἐὰν
3511 4367 3664 4434 μετά

394 4457 521 4511 tiam
543 4453 778 4525 egerint.

2067 4443 2327 4512 δακρύων
2361 4447 2759 4516 μετανοήσωσι.

3565 4503 3592 4522 κ

461 4547 590 4602 Ηῖεε
626 4561 677 4600 vr
723 4561 846 4619 syn.
883 4545 1072 4599 Patres
1109 4545 1162 4598 in
1201 4560 1301 4600 can
1331 4545 1422 4611 87,
1472 4546 1764 4617 ipsissimis
1793 4549 1970 4604 sancti

2145 4534 2328 4588 Ταῦτα
2359 4537 2454 4590 καὶ
2479 4538 2528 4589 oi
2555 4540 2654 4609 τῆς
2686 4538 2850 4611 ἕκτης
2892 4543 3114 4596 συνόδου
3144 4545 3203 4597 ὲν
3227 4543 3306 4614 τῷ
3347 4544 3435 4610 ’κζ’
3460 4549 3665 4601 κανόνι

389 4642 572 4698 verbis
596 4643 680 4696 usi
701 4640 1054 4705 confirmant;
1079 4656 1314 4709 eamque
1341 4656 1462 4710 quae
1482 4651 1679 4711 praeter
1702 4643 1930 4698 ratiunet

2125 4626 2439 4699 τικυροῦσιν
2470 4628 2657 4693 αὐτοῖς
2689 4631 2784 4684 τοῦ
2836 4632 2992 4700 ἁγίου
3020 4635 3363 4704 χρησάμενοι
3386 4640 3617 4708 ,ῥήμασι
3644 4654 3666 4671 ⁸

387 4739 564 4790 virum
607 4750 768 4788 suum
809 4727 1175 4802 relinquit'ut
1232 4733 1538 4788 adulteram
1577 4735 1928 4790 condemnari

2125 4720 2169 4773 ri.
2199 4720 2297 4790 τὴν
2332 4721 2432 4789 μὲν
2479 4723 2807 4791 παραλόγως
2861 4725 3237 4780 ἀπολιποῦσαν
3291 4728 3386 4782 τὸν
3473 4730 3666 4802 ἄνδρα

390 4828 507 4880 viro
542 4833 723 4879 autem
760 4823 973 4877 veniant
1004 4823 1158 4886 dant,
1192 4831 1248 4876 et
1276 4838 1400 4878 cum
1447 4824 1694 4880 Ecclesia
1725 4840 1931 4881 commt

2124 4828 2149 4874 ς
2193 4813 2476 4882 μοιχαλίδα
2537 4815 2928 4885 κατακρίνουσι
2961 4833 2974 4846 ·
3020 4818 3112 4870 τὸν
3182 4818 3240 4872 δὲ
3315 4817 3665 4894 συγγνώμης

389 4918 577 4974 nicare
624 4916 968 4986 praecipiunt.
1021 4913 1158 4968 Eum
1217 4930 1348 4969 vero
1403 4917 1499 4986 qui
1567 4916 1812 4986 legitime
1863 4917 1930 4973 sil

2122 4904 2305 4982 Ξιοῦσι,
2341 4906 2436 4958 καὶ
2469 4909 2534 4976 τῇ
2579 4907 2876 4978 Ἐκκλησία
2919 4913 3199 4964 κοινωνεῖν
3228 4915 3608 4982 παρεγγυῶσι
3650 4935 3663 4946 ·

380 5013 628 5080 junctam
660 5008 943 5076 relinquit,
974 5017 1026 5061 et
1062 5023 1182 5061 cum
1209 5007 1316 5062 alia
1345 5007 1543 5064 exinde
1564 5009 1921 5064 matrimonia]

2132 5017 2160 5050 ν
2191 5016 2252 5066 γε
2287 4999 2395 5068 μὴν
2418 4999 2908 5070 καταλιμπάνοντα
2947 5002 3047 5073 τὴν
3073 5003 3325 5072 νομίμως
3358 5006 3669 5073 συναφθεί-

385 5110 728 5157 contractum
785 5099 939 5161 facit,
999 5107 1259 5168 tanquam
1319 5099 1592 5166 adulterii,
1651 5115 1716 5155 ex
1751 5099 1926 5154 Domit

2126 5110 2194 5157 tv,
2230 5094 2324 5147 καὶ
2366 5093 2486 5162 μεθ’
2519 5095 2717 5165 ἑτέρας
2757 5095 2998 5164 γαμικὸν
3021 5096 3182 5164 δῆθεν
3233 5097 3490 5151 ποιοῦντα
3528 5117 3667 5151 συν-

384 5194 676 5258 sententia,
707 5207 858 5245 reum
894 5193 945 5244 in
983 5191 1330 5262 septi-uniuni
1351 5207 1380 5244 a
1404 5193 1770 5248 sacramentis
1793 5207 1925 5248 arce:

2121 5185 2349 5255 ιλαγμα,
2383 5186 2459 5250 ὡς
2493 5186 2572 5254 τῷ
2601 5188 2836 5257 κρίματι
2888 5187 2984 5241 τοῦ
3029 5191 3221 5259 μοιχοῦ
3255 5190 3662 5260 ὑποκείμενον,

2067 5279 2324 5341 κατάτὴν
2355 5279 2450 5332 τοῦ
2476 5281 2682 5346 Κυρίου
2732 5281 3034 5349 ἀπόφασιν,
3088 5282 3284 5352 μέχρις
3345 5283 3662 5348 ἑπταετίας

2064 5369 2175 5423 τῶν
2211 5371 2584 5441 ἀγιασμάτων
2607 5372 2962 5441 ἀπείργουσι.

455 5465 668 5518 Rursus
700 5471 925 5516 sanctus
947 5458 1209 5525 Basilius,
1241 5461 1292 5514 in
1329 5465 1450 5518 c'an.
1473 5462 1562 5523 46.
1593 5477 1714 5532 qua:
1740 5465 1857 5520 viro
1889 5466 1958 5520 ab

2137 5463 2246 5514 Καὶ
2282 5460 2436 5524 αὖθις
2467 5463 2500 5532 ἡ
2533 5461 2805 5531 βασίλειος
2861 5462 2960 5531 τῆς
2987 5461 3319 5531 Ἐκκλησίας
3360 5461 3554 5530 στολὴ,
3598 5465 3663 5517 ὲν

382 5571 555 5610 uxore
599 5569 697 5610 sua
750 5567 850 5622 pro
891 5561 1139 5622 tempore
1173 5552 1434 5606 derelicto
1493 5564 1718 5624 propter
1759 5569 1923 5609 maere

2122 5551 2138 5602 i
2164 5557 2281 5620 μςν,
2321 5551 2397 5620 τῷ
2426 5553 2561 5622 πρὸς
2584 5552 2765 5619 ὀλίγον
2821 5552 2975 5622 παρά
3043 5552 3145 5621 τῆς
3201 5553 3339 5616 ἰδίας
3386 5553 3663 5606 καταλει-

383 5664 497 5702 ι·ειιι
519 5646 702 5702 forsan
740 5644 819 5699 vel
843 5643 1012 5696 animi
1038 5642 1450 5710 dctnissionem,
1472 5659 1570 5714 per
1594 5646 1924 5715 ignorantiam

2121 5645 2254 5696 ιέντι
2278 5647 2557 5712 γυναικὸς,
2608 5645 2696 5698 διά
2719 5663 2838 5698 τινα
2873 5645 3052 5715 λύπην
3079 5645 3230 5713 ἴσως,
3282 5646 3315 5716 ἢ
3369 5647 3662 5716 μικροψυ-

387 5743 564 5806 nullis,
622 5755 808 5814 postea
840 5756 970 5795 vero
1013 5752 1186 5792 uxore
1236 5737 1429 5809 priori,
1484 5755 1548 5794 ex
1606 5742 1708 5795 alia
1771 5739 1928 5795 forsai

2120 5757 2204 5803 αν,
2240 5741 2462 5808 τούτῳὴ
2500 5739 2639 5792 κατά
2694 5739 2920 5808 ἄγνοιαν
2973 5740 3296 5812 γημαμένη,
3357 5737 3474 5792 εἶτα
3541 5741 3654 5810 τῆς

300 5879 313 5892 .
385 5837 623 5907 regione,
674 5850 893 5892 reversa
949 5834 1016 5887 ab
1061 5847 1128 5888 eo
1160 5831 1386 5888 diruisse
1444 5832 1628 5897 fuerit,
1679 5850 1742 5888 ex
1799 5835 1841 5906 ig

2112 5830 2284 5902 ρώτης
2334 5831 2741 5900 ἐπανελθούσης
2797 5832 2854 5897 ἐξ
2901 5832 3210 5905 ἀλλοδαπῆς
3262 5836 3397 5898 ἴσως
3437 5833 3653 5903 χώρας

378 5932 556 5988 rantia
588 5931 803 5999 quidem
847 5927 1114 5984 fornicata
1144 5937 1244 5993 est,
1280 5926 1374 5982 sed
1410 5944 1438 5982 a
1464 5926 1816 5983 matrimonio
1844 5943 1912 5982 no

2116 5924 2190 5993 zp‘
2216 5922 2380 5977 αὑτοῦ
2407 5923 2692 5993 ἀφεθεῖσα,
2724 5924 3020 5996 ἐπόρνευσε
3059 5927 3157 5996 μὲν
3193 5929 3254 5981 ἐν
3287 5924 3502 5994 ἀγνοίᾳ,
3546 5928 3657 5992 ’,ά-
