3902 6566
439 423 580 493 1Ϊ99

1629 415 1998 487 ΜΛΤἸἮΒΙ
2043 427 2467 490 BLASTARIS

3558 425 3697 497 1200

441 551 643 612 potest;
671 553 796 598 cum
826 553 948 598 sese
976 536 1290 610 frequenter
1315 536 1652 604 intueantur,
1687 538 1819 607 quin
1859 552 2012 593 amor

2122 541 2195 612 μὴ
2220 537 2555 595 ἀνάπτεσθαι
2589 538 2738 609 σφίσι
2761 540 2854 593 τὸν
2888 540 3067 610 ἔρωτα
3097 541 3162 612 τῇ
3203 540 3393 615 μνῄμῃ
3419 543 3520 614 τῆς
3553 563 3692 618 προ·

449 639 502 690 in
532 636 623 690 eis‘
648 648 750 706 per
765 630 1032 688 consortii
1064 629 1279 701 pristini
1311 628 1628 684 memoriam
1661 629 2012 685 accendatur.

444 728 520 782 Eo
547 737 729 782 tamen
765 726 819 780 in
848 723 971 779 loco
1001 722 1212 789 volunt,
1246 730 1306 776 ut
1359 720 1603 792 episcopi
1655 721 2012 793 providentia

428 814 680 870 -fructum
717 813 1022 885 .percipiat,
1051 813 1094 869 si
1147 823 1428 884 prematur
1456 811 1662 882 inepia.
1701 810 1909 882 Quippe
1959 811 2010 866 si

441 905 580 959 ultra
622 919 710 960 res
742 903 1085 960 necessarias
1119 903 1254 959 nihil
1296 903 1512 975 ipsimet
1565 902 1825 974 episcopo
1854 916 2010 956 suam

441 1001 494 1054 in
523 1013 814 1069 personam
851 996 918 1051 de
955 995 1114 1052 bonis
1143 995 1490 1066 episcopatus
1543 995 1848 1064 expendere
1893 1009 2014 1064 per-

334 1123 335 1126 η
437 1089 671 1144 mittitur
698 1105 714 1154 ;
745 1086 922 1141 multo
947 1085 1126 1141 minus
1157 1083 1360 1155 aliquid
1423 1083 1547 1137 huic
1579 1082 1646 1137 de
1699 1082 1856 1137 bonis
1919 1097 2012 1137 ec-

437 1181 614 1239 tlesite
647 1179 884 1243 dabitur,
919 1177 966 1235 si
1025 1192 1087 1233 ex
1137 1176 1428 1246 semetipsa
1483 1175 1647 1230 victui
1703 1173 2012 1229 necessaria

433 1273 710 1330 habuerit.
737 1271 908 1338 Quod
948 1271 992 1326 si
1028 1271 1136 1325 vita
1188 1268 1308 1338 ejus
1343 1268 1572 1323 honesta
1599 1276 1652 1322 et
1681 1268 1860 1335 gravis
1919 1267 2010 1330 sit,

434 1367 600 1422 etiam
633 1365 701 1421 ad
731 1366 1056 1420 diaconatus
1082 1363 1310 1434 gradum
1354 1361 1629 1416 evehitur.
1659 1357 1925 1414 Caeterum
1955 1367 2014 1414 ut

436 1458 828 1516 monasterium
859 1455 1214 1526 ingrediatur,
1241 1453 1446 1508 idcirco
1475 1452 1821 1524 praecipiunt,
1865 1452 2011 1522 quod

434 1552 792 1609 excusatione
825 1550 973 1606 nulla
999 1551 1291 1625 impetrare
1318 1548 1510 1618 possit,
1537 1548 1669 1617 quin
1700 1547 2007 1602 tondeatur.

436 1646 568 1702 Nam
598 1653 920 1717 potestatem
994 1642 1230 1698 habebat
1285 1653 1411 1696 ante
1462 1641 1562 1696 viri
1609 1639 2011 1696 ordinationem

439 1737 729 1794 recusandi
759 1737 1064 1793 divortium
1092 1751 1108 1792 :
1139 1748 1250 1807 quo
1281 1732 1448 1798 facto,
1491 1742 1605 1787 tum
1642 1731 1893 1801 impediri
1923 1746 2015 1784 or-

436 1831 665 1897 dinatio,
726 1837 842 1884 tum
869 1829 1031 1884 etiam
1062 1829 1284 1884 tonsura
1347 1835 1586 1896 poterat.
1622 1823 1823 1878 Verum
1865 1833 2014 1895 post-

435 1941 602 1997 quam
627 1925 862 1996 ipsamet
893 1923 945 1979 in
977 1921 1382 1997 ordinationem
1443 1919 1746 1983 consensit,
1789 1932 2014 1972 necesse

426 2026 958 2090 estper'tonsuram
1008 1993 1300 2070 divortium
1351 2013 1730 2068 conﬁrmetur.
1781 2010 1892 2066 [lac
1947 2010 2013 2066 de

437 2130 496 2170 re
525 2120 818 2168 tractatum
863 2107 965 2164 fuit
1015 2116 1257 2178 tempore
1310 2105 1526 2177 imperii
1564 2104 1754 2161 lsaacii
1797 2104 2011 2174 Angeli,

437 2201 968 2275 tribus'patriarcbis
999 2201 1052 2255 in
1082 2199 1316 2256 concilio
1340 2198 1720 2269 praesentibus,
1752 2197 2010 2251 nimirum

437 2296 755 2363 universali,
772 2305 826 2352 et
852 2293 1215 2357 Antiocheno,
1244 2301 1300 2346 et
1321 2290 1838 2362 llierosolymitano,
1876 2305 2013 2360 pra:-

437 2403 519 2449 ter
553 2388 1002 2458 metropolitanos
1034 2385 1148 2441 fere
1179 2385 1250 2440 40
1281 2385 1392 2456 82
1434 2383 1527 2453 qui
1556 2384 1776 2438 decreto
1825 2380 2011 2436 sancio

437 2481 822 2548 verunt,citra
869 2478 1274 2535 recusationem
1315 2474 1528 2530 tonderi
1561 2474 1760 2529 debere
1816 2473 2013 2527 mulie-

435 2592 550 2635 rem
576 2572 818 2645 episcopi
835 2570 1104 2636 ordinati,
1145 2567 1501 2642 synodalibus
1543 2566 1595 2622 id
1635 2565 1829 2621 litteris
1855 2580 2013 2620 com-

435 2670 733 2740 plectentes
787 2672 841 2720 et
897 2661 1308 2721 confirmantes.
1371 2657 1512 2714 Hinc
1566 2657 1849 2727 probatur,
1912 2671 2013 2712 nec

435 2761 783 2819 sacerdotum
849 2754 1116 2815 uxoribus
1152 2752 1242 2809 las
1273 2765 1416 2815 esse,
1461 2747 1735 2807 secundas
1768 2757 1826 2804 ut
1878 2761 2013 2803 con-

371 2841 374 2844 ’
435 2855 654 2910 trahant
681 2849 922 2923 nuptias.

505 2943 682 3015 Hujus
713 2950 896 2998 autem
929 2954 1050 3012 syn.
1081 2952 1206 2993 can.
1235 2934 1307 2992 50
1335 2947 1611 3006 expresse,
1649 2930 1844 3002 inquit,
1879 2944 2008 3001 pro-

433 3040 722 3098 nuntiatur
753 3053 782 3094 a
813 3036 1020 3096 sanctis
1077 3032 1330 3089 Patribus
1419 3031 1487 3086 de
1537 3027 1915 3085 sacerdotibus
1958 3035 2015 3082 et

387 3199 390 3203 ,
434 3134 682 3192 diaconis
742 3130 1098 3189 barbararum
1148 3123 1501 3181 ecclesiarum
1533 3160 1550 3187 ,
1612 3122 1706 3192 qui
1794 3119 2012 3192 pietatis

435 3237 697 3299 praetextu
720 3238 844 3282 cum
878 3218 1144 3277 uxoribus
1203 3215 1321 3273 suis
1349 3227 1678 3271 consensum
1706 3211 1948 3267 inierunt
1979 3225 2010 3265 a

437 3330 627 3376 mutua
649 3312 1045 3374 consuetudine
1067 3310 1359 3366 abstinere.
1387 3305 1710 3370 Statuimus,
1731 3303 2008 3374 inquiunt,

435 3427 533 3468 eos
563 3424 673 3465 non
699 3406 934 3484 amplius
961 3418 1086 3460 cum
1119 3401 1226 3457 illis
1253 3398 1574 3456 cohabitare
1597 3397 1828 3462 debere;
1858 3403 1918 3449 ut
1941 3410 2008 3449 ex

436 3519 504 3561 eo
525 3501 686 3556 nobis
720 3497 1018 3570 perfectam
1054 3495 1139 3550 sui
1171 3490 1424 3562 promissi
1485 3488 2008 3545 demonstrationem

440 3595 735 3666 praebeant.
799 3589 917 3646 lloe
970 3595 1154 3642 autem
1195 3583 1303 3639 illis
1367 3580 1739 3636 concessimus
1792 3584 2012 3648 propter

437 3699 729 3752 externum
774 3693 829 3740 et
862 3682 1160 3738 barbarum
1191 3691 1382 3734 eorum
1414 3688 1647 3744 morem,
1696 3681 1752 3728 et
1785 3676 2014 3743 propter

437 3794 627 3836 eorum
662 3777 717 3832 in
743 3775 849 3832 fide
872 3771 1323 3835 imbecillitatem,
1353 3777 1408 3824 et
1456 3782 1563 3824 non
1594 3766 1730 3822 satis
1778 3765 2010 3821 solidam

437 3870 842 3936 constantiam;
892 3873 1064 3938 utque
1104 3864 1160 3920 in
1192 3869 1446 3932 suscepto
1495 3859 1850 3915 continentia:
1881 3871 2014 3913 con-

439 3963 566 4020 silio
590 3959 1040 4026 corroborentur,
1068 3954 1228 4024 longe
1256 3951 1325 4008 ab
1375 3949 1644 4006 uxoribus
1681 3948 1794 4004 suis
1828 3947 2015 4003 viven-

441 4067 540 4112 tes.
569 4054 705 4111 Cum
735 4052 803 4108 iis
847 4047 994 4114 enim
1024 4045 1360 4110 cohabitare,
1390 4041 1460 4098 ad
1522 4055 1819 4098 veneream
1872 4053 2014 4097 cou-

439 4149 774 4222 gressionem
809 4142 1039 4200 forsitan
1079 4139 1437 4195 incitamento
1461 4134 1585 4190 erit.

438 4264 595 4320 CAP.
649 4257 836 4314 XVlll.
895 4254 1049 4320 Quod
1104 4249 1403 4305 sacerdotes
1455 4249 1518 4300 ab
1579 4247 1834 4300 uxoribus
1903 4246 2013 4300 suis

544 4332 809 4390 abstinere
835 4326 1045 4387 debent,
1088 4338 1208 4376 cum
1253 4337 1406 4374 sacra
1443 4320 1724 4372 tractaturi
1761 4326 1906 4372 sunt.

513 4509 701 4564 Canon
725 4503 919 4580 synodi
951 4498 1394 4570 Carthaginiensis
1456 4497 1646 4553 tertius
1708 4497 1905 4552 debere
1934 4495 2017 4551 di—

2115 631 2279 702 τέρας
2309 631 2618 702 διαγωγῆς·
2652 631 2812 685 κάκεῖ
2839 631 2895 685 δέ
2935 633 3035 702 τῆς
3079 632 3174 686 τοῦ
3213 635 3519 690 ἐπισκόπου
3554 655 3691 708 προ-

2115 721 2260 786 νοίας
2297 721 2597 776 ἀπολαύειν
2641 721 2813 794 αὐτὴν
2861 721 3127 790 ἀξιοῦσιν,
3173 727 3222 778 εί
3261 725 3463 790 ἐνδεῶς
3491 729 3695 798 ἔχουσα

2116 813 2226 883 εἴη.
2267 815 2327 867 Ei
2367 815 2478 885 γὰρ
2507 811 2658 884 αύτῷ
2697 814 2761 884 δὴ
2790 815 2867 885 τῷ
2906 815 3196 887 ἐπισκόπῳ
3245 819 3562 890 περαιτέρω
3588 821 3695 874 τῶν

2116 903 2430 971 ἀναγκαίων
2459 905 2539 968 εἰς
2585 904 2784 957 ἑαυτὸν
2819 904 3065 976 δαπανᾷν
3094 907 3158 960 ἐκ
3200 907 3307 960 τῶν
3333 908 3432 976 τῆς
3471 911 3697 964 ἐπίσκια

2117 995 2227 1065 πῆς
2259 995 2359 1048 ούκ
2386 997 2615 1064 ἐφεῖται,
2666 995 2830 1067 σχολῇ
2866 995 2919 1066 γ’
2963 997 3029 1052 ἂν
3060 999 3234 1071 ταύτῃ
3285 999 3396 1054 τῶν
3449 1002 3548 1069 τῆς
3610 1006 3672 1056 ἐκ

2116 1086 2348 1157 κλησίας
2379 1087 2689 1158 δοθήσεται,
2731 1087 2942 1142 οἴκοθεν
3017 1091 3291 1162 ἐσχηκυία
3329 1093 3428 1156 ea;
3471 1094 3612 1163 προς
3638 1095 3696 1148 τὸ

2117 1180 2218 1252 ζῇν
2245 1182 2523 1250 ἀφορμάς.
2561 1175 2623 1235 Ei
2655 1172 2841 1236 δὲ’καὶ
2872 1184 2900 1234 ὀ
2944 1182 3062 1253 βίος
3117 1182 3290 1256 αὐτῆς
3344 1187 3541 1256 σεμνὸς
3589 1190 3694 1256 είη,

2116 1272 2214 1326 καὶ
2240 1274 2320 1337 είς
2349 1273 2440 1326 τὸν
2465 1273 2563 1344 τῆς
2591 1273 2869 1339 διακονίας
2900 1272 3112 1345 βαθμὸν
3149 1275 3544 1348 προϐιὸἁζεται
3567 1292 3583 1308 ⁸
3619 1282 3696 1342 είς

2118 1367 2481 1436 μοναστήριον
2509 1367 2566 1420 δὲ
2593 1369 2817 1422 είσιέναι
2848 1369 3187 1440 κελεύουσιν,
3217 1371 3291 1436 ὡς
3316 1372 3695 1444 ἀπαραίτητον

2114 1458 2174 1512 ὃν
2201 1460 2602 1531 ἀποκείρασθαι
2642 1461 2870 1532 ταύτην.
2929 1459 3088 1532 Ἐξῆν
3122 1464 3221 1534 μὲν
3252 1465 3362 1534 γὰρ
3405 1467 3542 1536 αὐτῇ
3589 1470 3696 1536 πρὸ

2114 1547 2214 1617 τῆς
2251 1551 2588 1619 χειροτονίας
2618 1550 2713 1606 τοῦ
2736 1552 2932 1623 ἀνδρὸς
2969 1553 3046 1624 μὴ
3075 1553 3426 1624 διαζυγῆναι,
3464 1555 3697 1609 κάντεῦ-

2115 1641 2208 1696 θεν
2241 1645 2334 1697 καὶ
2365 1644 2465 1714 τὴν
2495 1646 2832 1716 χειροτονίαν
2865 1647 3176 1718 κωλυθῆναι
3202 1650 3296 1703 καὶ
3323 1648 3423 1719 τὴν
3444 1650 3694 1722 ἀπόκαρο

2117 1751 2223 1789 σιν.
2258 1735 2387 1788 Ὀτε
2415 1737 2471 1788 δέ
2523 1755 2586 1802 γε
2625 1740 2693 1790 τὰ
2727 1739 2826 1808 τῆς
2872 1740 3207 1810 χειροτονίας
3250 1739 3530 1810 συνῄνεσε,
3573 1741 3692 1795 δέον

2117 1828 2210 1879 καὶ
2239 1830 2304 1898 τῇ
2336 1827 2642 1899 ἀποκάρσει
2667 1829 2763 1898 τὴν
2786 1830 3066 1896 διάζευξιν
3090 1830 3516 1901 βεϐαιώσασθαι.
3535 1832 3692 1903 Ἐζή-

2114 1942 2277 1996 τηται
2300 1926 2355 1979 δὲ
2379 1926 2447 1980 τά
2469 1927 2604 1997 περὶ
2625 1927 2816 1981 τούτου
2843 1930 2935 1980 καὶ
2967 1929 3063 1982 ἐπὶ
3081 1929 3180 1998 τῆς
3209 1927 3489 1998 βασιλείας
3516 1927 3692 1982 Ἱσαα-

2114 2016 2236 2068 κίου
2265 2016 2360 2070 τοῦ
2401 2018 2683 2085 Ἀγγέλου,
2707 2018 2818 2071 τῶν
2842 2018 3010 2090 τριῶν
3033 2017 3391 2090 πατριαρχῶν
3414 2017 3692 2088 συνεδριαο

2114 2108 2339 2174 ζνὶντων,
2373 2107 2468 2161 τοῦ
2515 2109 2923 2178 οἰκουμενικοῦ,
2953 2109 3049 2163 τοῦ
3089 2110 3442 2182 Ἀντιοχείας,
3473 2110 3572 2164 καὶ
3600 2107 3689 2163 τοῦ

2125 2198 2557 2270 Ἰῖροσολύμων,
2616 2203 2709 2256 καὶ
2764 2202 3186 2274 μητροπολιτῶν
3245 2202 3381 2256 ὡσεὶ
3425 2202 3694 2272 τεσσαράρ

2114 2309 2301 2357 κοντα,
2350 2293 2400 2346 οἶ
2458 2297 2553 2347 καὶ
2613 2293 2956 2364 ἐψηφίσαντο
3011 2295 3407 2365 ἀπαραιτήτως
3460 2293 3694 2364 ὀφείλειν

2113 2384 2522 2456 ἀποκείρασθαι
2570 2386 2668 2456 τὴν
2714 2384 2810 2440 τοῦ
2862 2387 3336 2456 χειροτονηθέντος
3389 2387 3688 2440 ἐπισκόπου

2115 2483 2378 2550 γυναῖκα.
2415 2479 2717 2540 συνοδικοῖς
2739 2479 3034 2548 γράμμασι
3064 2477 3225 2531 τοῦτο
3253 2476 3691 2548 σημειωσάμενοι

2114 2571 2208 2624 καὶ
2235 2573 2612 2642 κυρώσαντες.
2656 2570 2944 2624 Ἐντεῦθεν
2976 2570 3254 2624 δείκνυται
3287 2571 3427 2640 μηδέ
3453 2571 3557 2634 τὰς
3591 2568 3692 2624 τῶν

2116 2662 2310 2736 ἱερέων
2339 2665 2607 2731 γυναῖκας
2637 2661 2860 2733 θεμιτὸν
2894 2658 3034 2716 εἶναι
3065 2663 3521 2734 δευτερογαμεῖν.

2191 2927 2258 2986 ’⁸0
2283 2931 2341 2986 δέ
2375 2948 2436 3000 γε
2469 2933 2676 2999 ταύτης
2697 2931 2740 2984 λ’
2767 2930 2950 2994 ίδικῶς
2977 2931 3364 3002 ἐκπεφώνηται
3392 2930 3508 2993 τοῖς
3536 2929 3690 2993 θείοις

2115 3025 2364 3095 Πατράαι
2420 3025 2550 3094 περὶ
2615 3025 2723 3076 τῶν
2770 3025 2828 3076 ἐν
2891 3025 3009 3086 ταῖς
3082 3023 3446 3094 βαρϐαρικαῖς
3503 3021 3695 3093 ἐκκλη-

2119 3119 2267 3181 σίαις
2306 3118 2496 3188 ἱερέων
2527 3118 2622 3170 καὶ
2647 3117 2936 3181 διακόνων,
2967 3115 3074 3169 τῶν
3108 3117 3377 3187 προφάσει
3409 3114 3691 3178 εὐλαϐείας

2119 3213 2258 3284 μετὰ
2278 3229 2306 3266 τ
2325 3214 2387 3268 ὒν
2416 3213 2636 3267 οἰκείων
2657 3212 2818 3281 δῆθεν
2851 3210 3110 3282 γαμετῶν
3135 3210 3576 3281 συμφωνούντων
3597 3208 3687 3278 τῆς

2038 3269 2084 3330 C
2114 3269 2253 3376 ἔπρδς
2306 3303 2570 3374 ἀλλήλους
2629 3269 2875 3374 ὀμὲλίας’
2914 3269 3271 3374 ἀπέχεσθαί
3304 3300 3544 3364 τούτους
3591 3269 3692 3368 γέβ

2115 3399 2311 3469 μηκέτι
2336 3398 2560 3459 ταύταις
2591 3400 2862 3450 συνοικεῖν
2903 3392 3364 3464 διακελευόμεθα,
3397 3393 3588 3457 φασιν,
3619 3390 3690 3453 ὡς

2114 3491 2182 3546 ἂν
2209 3493 2341 3562 ἡμῖν
2363 3489 2616 3543 ἐντεῦθεν
2643 3489 2834 3558 ἐντελῆ
2865 3490 2964 3560 τῆς
2989 3487 3340 3558 ὑποσχέσεως
3367 3485 3690 3555 παράσχωσι

2112 3583 2211 3654 τὴν
2236 3582 2532 3648 ἀπόδειξιν.
2587 3583 2696 3636 Καὶ
2747 3579 2906 3635 τοῦτο
2942 3580 3129 3640 αὐτοῖς
3176 3577 3559 3646 ἐνδεδὼκαμεν
3609 3575 3689 3629 διὰ

2111 3675 2174 3728 τὸ
2226 3674 2647 3745 ἀπεξενωμένον
2698 3672 2879 3727 αὐτῶν
2929 3673 3024 3727 καὶ
3073 3671 3351 3741 βάρὸαρον
3398 3665 3554 3740 ἦθος,
3604 3670 3691 3721 καὶ

2115 3767 2206 3820 διὰ
2264 3767 2326 3820 τὸ
2384 3767 2517 3839 περὶ
2567 3771 2664 3849 τὴν
2699 3767 2915 3849 λτίστιν
2976 3765 3210 3832 ἀπαγὲς,
3256 3764 3354 3816 καὶ
3414 3763 3492 3833 μὴ
3552 3761 3687 3814 πάνυ

2114 3859 2350 3930 ἑδραῖον,
2392 3861 2484 3912 καί⁸
2510 3859 2597 3913 ἴνα
2627 3843 3133 3928 πρδςσωφροσύνην
3167 3854 3370 3925 μᾶλλον
3406 3854 3681 3924 ἐπιρρων-

2115 3955 2347 4013 νύοιντο,
2383 3952 2574 4022 πόρρω
2604 3951 2715 4003 τῶν
2765 3948 2960 4020 πρώην
2994 3949 3278 4017 διάγοντες
3309 3947 3588 4014 γαμετῶν.
3621 3944 3688 3997 Τὸ

2117 4043 2227 4114 γὰρ
2259 4043 2449 4108 αὑταῖς
2477 4042 2746 4096 συνοικεῖν
2775 4044 2855 4106 εἰς
2890 4040 3245 4112 παροξυσμὸν
3266 4039 3482 4108 πέφυκε
3505 4038 3685 4108 φέρειν

2116 4135 2218 4204 τῆς
2243 4133 2379 4206 πρὸς
2408 4133 2578 4196 αύτάς
2608 4133 2846 4203 ὁμιλίας.

2118 4247 2374 4302 ΚΕΦΑΛ.
2408 4247 2519 4302 1Η’.
2558 4248 2679 4301 Ὅτι
2728 4248 2852 4301 τῶν
2877 4247 3048 4301 ἰδίων
3080 4242 3389 4315 Turnumq-
3427 4242 3523 4297 δεῖ
3550 4241 3687 4307 τοὺς

2187 4320 2542 4387 ίερωμένους
2573 4319 3063 4388 ἐγκρατεύεσθαι,
3090 4313 3202 4368 ⁷ὄτε
3241 4315 3315 4368 τὰ
3345 4313 3484 4377 ἅγια
3516 4329 3687 4384 μετα·

2189 4389 2536 4459 χαριεῖσθαι
2560 4390 2925 4459 μέλλουσιν.

2201 4502 2260 4555 Ὅ
2285 4503 2466 4573 τρίτος
2499 4503 2597 4572 τῆς
2629 4505 2688 4558 ἐν
2719 4501 3052 4572 Καρθαγένῃ
3100 4499 3322 4554 συνόδου
3358 4498 3540 4552 κανὼν
3563 4497 3687 4560 τοὺς

441 4606 514 4662 cit
539 4617 635 4658 eos
670 4600 764 4670 qui
798 4611 997 4653 munus
1022 4592 1361 4652 sacerdotale
1387 4590 1563 4648 sortiti
1589 4590 1718 4656 sint,
1770 4599 1824 4645 et
1865 4605 2010 4645 sem-

2122 4597 2368 4668 ίερᾶσοαι
2424 4597 2719 4667 λαχόντας,
2773 4595 2957 4666 φησιν,
3020 4594 3112 4648 ἀεὶ
3149 4593 3250 4663 μὲν
3285 4593 3382 4645 καὶ
3416 4594 3474 4644 ἐν
3525 4591 3688 4642 πᾶσιν

441 4713 557 4767 per,
583 4704 636 4750 et
673 4694 727 4749 in
763 4691 1019 4748 omnibus
1051 4683 1466 4750 continentiam,
1503 4682 1834 4747 castitatem,
1896 4696 2013 4734 om-

444 4805 674 4859 nemque
705 4787 865 4842 aliam
901 4784 1156 4838 virtutem
1188 4778 1388 4844 colere,
1428 4786 1488 4832 ut.
1518 4775 1641 4847 puri
1691 4774 1758 4829 ad
1815 4790 2012 4844 purum

441 4881 790 4943 accedentes,
819 4885 1070 4930 votorum
1127 4886 1352 4927 suorum
1387 4876 1670 4940 compotes
1719 4868 1872 4930 liaut,
1911 4866 2012 4936 ipsi

444 4974 775 5029 mediatores
798 4969 938 5022 inter
969 4965 1140 5020 Deum
1169 4974 1222 5017 et
1265 4962 1515 5016 homines
1569 4960 1650 5015 sic
1709 4958 2014 5022 constituti,

445 5076 504 5120 ut
539 5065 666 5118 dum
698 5057 1161 5116 internuntiorum
1221 5069 1350 5125 erga
1411 5054 1575 5107 Deum
1611 5065 1839 5106 munere
1894 5051 2015 5104 hm-

445 5164 668 5222 guntur,
707 5149 1027 5205 mortalibus
1085 5161 1210 5201 cum
1244 5144 1554 5216 (quantum
1603 5143 1721 5212 ejus
1757 5141 1870 5194 ﬁeri
1919 5157 2013 5210 po-

445 5245 598 5316 test)
640 5241 936 5316 propitium
990 5238 1238 5300 reddant,
1275 5246 1329 5289 et
1382 5232 1587 5289 mundo
1618 5247 1806 5302 pacem
1849 5247 2017 5301 expo-

445 5347 621 5394 seant.
657 5335 711 5390 In
753 5331 942 5403 primis
969 5345 1100 5384 vero
1133 5329 1398 5382 invitante
1450 5327 1601 5396 ipsos
1631 5324 1840 5378 ratione
1881 5331 2017 5376 tem-

449 5431 599 5500 poris
638 5425 705 5480 ad
737 5437 1018 5482 sacrorum
1073 5419 1454 5474 tractationem
1503 5426 1558 5470 et
1606 5415 2014 5486 perceptionem

451 5520 858 5594 mysteriorum,
895 5529 1021 5571 cunt
1073 5526 1265 5580 reapse
1295 5510 1600 5565 castitatem
1637 5518 1898 5580 praestare
1928 5509 2020 5563 dc-

447 5621 627 5683 heaut,
646 5616 810 5673 etiam
838 5612 907 5668 ab
929 5624 1160 5667 uxorum
1185 5623 1408 5664 suarum
1431 5605 1824 5662 consuetudine
1848 5614 2019 5660 semet

447 5714 776 5768 abstineant.

517 5803 692 5873 Hujus
720 5809 898 5856 autem
952 5812 1073 5866 syn.
1104 5809 1226 5848 can.
1259 5791 1291 5846 4
1323 5799 1375 5848 ct
1417 5791 1488 5844 28
1540 5805 1640 5844 nec
1670 5806 1776 5844 non
1811 5792 1880 5844 73
1916 5789 2013 5843 ub-

444 5913 601 5960 scure
629 5892 780 5959 dicti,
824 5900 878 5946 et
909 5897 1174 5954 sacratos,
1212 5883 1305 5955 qui
1355 5882 1537 5939 divina
1594 5882 1852 5951 mysteria
1885 5897 2017 5937 cono

2122 4689 2456 4760 ἐγκράτειαν
2487 4687 2584 4741 καὶ
2617 4685 3002 4756 σωφροσύνην,
3038 4685 3130 4737 καὶ
3156 4685 3337 4736 πᾶσαν
3380 4681 3542 4749 ἄλλην
3568 4681 3690 4746 ἀρε-

2119 4784 2216 4851 τὴν
2250 4783 2495 4853 μετιέναι
2525 4781 2623 4843 δεῖ,
2653 4781 2802 4843 ὅπως
2827 4779 3056 4850 καθαροὶ
3082 4777 3161 4846 τῷ
3179 4775 3408 4846 καθαρῷ
3436 4771 3688 4842 προσιόν-

2119 4893 2228 4940 τες,
2280 4877 2386 4928 τῶν
2425 4873 2746 4942 αἰτημάτων
2790 4873 3242 4942 ἐπιτυγχάνοιεν,
3293 4869 3516 4938 μεσίται
3553 4862 3682 4916 Θεοῦ

2119 4967 2555 5039 χρηματίζοντες
2610 4969 2702 5017 καὶ
2747 4963 3054 5031 ἀνθρώπων
3076 4979 3090 4992 ·
3127 4961 3270 5014 ὥστε
3303 4954 3685 5029 διαπρεσϐευό·

2123 5077 2273 5128 μενοι
2303 5060 2440 5131 πρὸς
2473 5059 2562 5111 τὸν
2613 5059 2766 5119 Θεὶν,
2813 5055 3023 5117 τούτοις
3053 5055 3286 5116 ἐκεῖνον,
3321 5053 3398 5115 ὡς
3442 5048 3681 5120 ἐφικτὸν,

2120 5149 2524 5215 ἐξιλάσκεσθαι,
2558 5151 2653 5202 καὶ
2684 5149 2906 5218 εἰρήνην
2925 5145 3014 5215 ’τῷ
3045 5145 3238 5214 κόσμῳ
3263 5143 3560 5197 αἰτεῖσθαι·
3591 5138 3683 5206 οὐχ

2119 5244 2319 5314 ἥκιστα
2349 5243 2405 5294 δέ
2442 5240 2534 5294 τοῦ
2577 5239 2770 5312 καιροῦ
2813 5238 3107 5302 καλοῦντος
3148 5237 3348 5299 αὐτοὺς
3419 5233 3551 5303 πρὸς
3588 5229 3680 5298 τὴν

2119 5335 2228 5388 τῶν
2279 5333 2438 5386 θείων
2491 5331 2884 5403 μεταχείρησίν
2927 5347 2986 5382 τε
3018 5330 3114 5382 καὶ
3149 5327 3452 5397 μετάληψιν
3483 5337 3683 5392 μυστη-

2124 5427 2280 5497 ρίων,
2328 5427 2473 5493 ἔργῳ
2512 5428 2578 5478 τά
2605 5426 2700 5492 τῆς
2733 5422 3090 5492 σωφροσύνης
3129 5418 3410 5472 δεικνύναι
3451 5412 3685 5482 ὀφείλον-

2118 5534 2239 5581 τας,
2276 5517 2367 5569 καὶ
2402 5516 2501 5582 τῆς
2534 5513 2642 5566 τῶν
2677 5513 2823 5566 ίδίυιν
2854 5513 3110 5581 γαμετῶν
3139 5508 3362 5580 ὁμιλίας
3389 5501 3681 5574 ἀπέχεσθαι

2120 5611 2248 5679 zeit-

2193 5788 2260 5839 Ὄ
2289 5803 2351 5855 γε
2379 5787 2484 5856 μὴν
2510 5786 2552 5839 δ’
2577 5787 2782 5856 ταύτης
2811 5787 2907 5839 καὶ
2950 5786 2978 5838 ὁ
3011 5790 3122 5856 κη’,
3165 5784 3392 5853 προσέτι
3430 5779 3518 5834 καί.
3545 5781 3574 5831 ὁ
3604 5783 3676 5843 ογ⁹

2120 5881 2346 5950 ἀσαφῶς
2376 5880 2682 5950 εἰρημένοι,
2732 5882 2829 5934 καὶ
2863 5879 2989 5943 τοὺς
3022 5877 3092 5936 τά
3126 5877 3248 5933 θεῖα
3274 5876 3541 5951 μυστήρια
3581 5871 3680 5940 tl"?
