3902 6588
229 470 352 536 1201

1220 488 1634 550 SYNTAGMA
1675 491 2276 557 ALPHABETICUM
2338 521 2407 534 -
2436 490 2500 556 Γ.

3315 489 3453 556 1‘202

221 587 505 654 λαφῶντας
537 589 872 660 ίερωμένους
911 593 972 646 ἐκ
1003 593 1111 647 τῶν
1163 594 1311 648 ίδίων
1354 598 1785 667 ὲγκρατεύεσθαι

1907 607 2166 666 .rectant,
2214 599 2282 655 ab
2339 599 2601 655 uxoribus
2646 598 2763 656 suis
2835 595 3107 655 abstinere
3151 596 3452 669 jubentes,

224 677 470 748 συμϐίων
493 680 831 749 κελεύοντες,
851 684 1126 754 πρόφασιν
1153 689 1266 750 τοῖς
1288 689 1538 752 Λατίνοις
1560 691 1785 759 ἐνῆκαν,

221 768 344 831 τοὺς
367 770 772 842 ίερωθήσεσθαι
804 776 1096 845 μέλλοντας
1111 779 1483 850 εἰσπράττειν,
1514 783 1622 836 τῶν
1643 781 1791 837 ἰδίων

218 861 551 933 χωρίζεσθαι
587 870 884 934 γυναικῶν.
926 871 992 924 Et
1017 873 1200 928 τοίνυν
1229 876 1370 929 οὕτω
1395 876 1554 947 δόξης
1574 876 1789 947 ἔχουσιν

217 956 264 1006 οι
296 957 536 1011 τοιοῦτοι
571 961 818 1026 κανόνες,
872 963 1025 1018 αὐτοὶ
1061 966 1127 1020 ἂν
1179 961 1293 1021 εἷεν
1335 969 1537 1037 μᾶλλον
1588 969 1788 1024 δίκαιοι

219 1047 323 1100 τῶν
348 1049 390 1100 ie
402 1050 514 1119 ρῶν
538 1053 782 1108 κανόνων
811 1057 1167 1127 χωρίζεσθαι,
1193 1059 1304 1113 τῶν
1328 1078 1387 1114 τε
1413 1062 1788 1116 ἀποστολικῶν

218 1139 308 1192 καὶ
336 1143 655 1206 συνοδικῶν,
677 1147 755 1210 ὥς
777 1149 1038 1215 τάναντία
1059 1152 1272 1216 τούτοις
1300 1154 1559 1225 ἄντικρυς
1585 1155 1790 1226 δογμα-

217 1229 482 1296 τίζοντες.
513 1235 685 1290 Τοῦτο
713 1238 821 1308 γὰρ
857 1241 921 1293 ἐκ
952 1242 1150 1295 πολλοῦ
1185 1244 1277 1296 τοῦ
1307 1248 1620 1315 κρείττονος
1658 1249 1789 1300 ἀναο

216 1323 438 1391 τρέπων
463 1327 492 1378 δ
519 1330 578 1380 ἐν
629 1328 706 1398 τῷ
754 1330 797 1401 β’
843 1334 1120 1406 κεφαλαίῳ
1152 1337 1340 1406 ῥηθεὶς
1378 1338 1471 1392 τοῦ
1520 1341 1790 1411 παρόντος

219 1416 490 1483 στοιχείου
533 1417 604 1486 ιγ’
630 1419 732 1490 τῆς
772 1429 828 1486 ς’
853 1426 1074 1479 συνόδου
1105 1426 1304 1490 κανὼν,
1338 1431 1645 1501 ἀφορισμῦν
1666 1433 1788 1485 ἐπι-

218 1505 356 1558 σείει
389 1510 506 1570 τοῖς
537 1510 678 1564 οὕτω
727 1516 820 1567 καὶ
858 1519 1117 1585 φρονοῦσι
1165 1521 1258 1573 καὶ
1298 1523 1654 1589 πράττουσιν.
1698 1525 1788 1579 Ἐν

218 1598 402 1666 μέντοι
450 1603 530 1668 τῷ
603 1607 780 1677 καιρῷ
823 1611 923 1679 τῆς
956 1612 1067 1664 τῶν
1119 1612 1284 1666 θείων
1343 1618 1788 1688 μεταχειρήσεως

220 1691 539 1780 μυστηρίων
593 1696 719 1756 τοὺς
762 1697 842 1767 τῷ
909 1700 1095 1772 κλήρῳ
1153 1705 1607 1775 κατειλεγμένους
1688 1709 1789 1780 τῆς

214 1777 440 1846 ὁμιλίας
491 1783 598 1836 τῶν
638 1785 786 1840 ἰδίων
823 1791 1126 1861 ἀπέχεσθαι
1182 1798 1460 1862 γυναικῶν
1511 1801 1604 1852 καὶ
1635 1777 1788 1866 οὗτος

1889 696 2210 758 praetextum
2263 688 2472 746 Latinis
2529 689 2795 745 dederunt
2843 679 3088 759 exigendi
3137 687 3206 742 ab
3245 687 3312 742 iis
3359 685 3454 757 qui

1889 778 2177 834 ordinandi
2198 789 2371 846 erant,
2408 789 2526 836 uta
2573 781 2808 852 propriis
2867 779 3131 834 uxoribus
3178 779 3453 834 recedant.

1890 869 2050 936 Quod
2109 872 2157 929 si
2198 887 2433 929 canones
2492 872 2584 929 isti
2634 874 2709 928 ita
2785 873 3077 938 sentiant,
3118 871 3221 942 ipsi
3272 873 3456 942 potius

1891 963 2040 1035 digni
2089 971 2221 1020 sunt
2269 979 2302 1020 a
2366 965 2540 1024 sacris
2599 966 2922 1030 canonibus,
2963 973 3078 1020 tum
3134 964 3453 1034 apostolicis

1893 1066 2007 1113 tum
2040 1056 2316 1129 synodicis
2341 1058 2629 1124 removeri,
2655 1059 2798 1129 quod
2835 1057 2904 1113 iis
2933 1057 3156 1114 omnino
3183 1057 3454 1112 contraria

1889 1149 2141 1206 doceant.
2171 1149 2306 1206 Illud
2331 1149 2476 1206 enim
2501 1149 2644 1206 clare
2674 1150 2964 1205 admodum
3011 1157 3257 1214 evertens
3278 1162 3452 1202 canon

1891 1243 2134 1299 deeimus
2180 1241 2376 1299 tertius
2425 1250 2591 1298 sextae
2624 1242 2818 1316 synodi
2851 1243 2904 1297 in
2939 1240 3116 1310 capite
3163 1240 3456 1295 undecimo

1889 1336 2172 1408 praesentis
2211 1335 2404 1391 litteras
2429 1336 2726 1406 expositus,
2786 1336 2855 1390 iis
2884 1335 2976 1406 qui
3023 1334 3102 1389 ita
3135 1333 3378 1390 sentiunt
3403 1340 3457 1386 et

1891 1425 2098 1483 faciunt
2128 1430 2562 1499 segregationem
2595 1427 2844 1482 intentat.
2873 1427 2932 1480 in
2958 1435 3202 1497 tempore
3232 1424 3454 1492 quidem

1889 1533 1999 1588 quo
2037 1533 2192 1575 sacra
2229 1519 2485 1590 mysteria
2516 1525 2947 1583 contrectantur,
3003 1516 3190 1587 utqui
3227 1515 3283 1570 in
3345 1515 3456 1569 cle-

1889 1625 2012 1666 rum
2048 1611 2270 1682 ascripti
2297 1619 2443 1678 sunt,
2471 1610 2540 1667 ab
2594 1625 2829 1669 uxorum
2863 1623 3089 1665 suarum
3127 1605 3464 1664 commercio

1891 1705 2224 1772 abstineant,
2280 1705 2614 1762 conveniens
2641 1713 2696 1760 et
2758 1710 3006 1760 sanctum
3059 1716 3183 1757 esse
3225 1699 3466 1769 iudicat,

1889 1797 1946 1852 d.
1972 1796 2137 1853 Paulo
2172 1812 2377 1852 morem
2406 1811 2603 1866 gerens
2631 1795 2833 1851 dicenti
2857 1811 2872 1848 :
2917 1811 2936 1846 ι
2965 1791 3044 1848 Ne
3071 1790 3334 1847 fraudetis
3362 1805 3461 1844 vos

215 1868 461 1990 xaﬁj‘xov
524 1870 666 1930 εἶναι
721 1880 898 1950 κρίνει
942 1884 1036 1936 καὶ
1086 1886 1258 1950 ὅσιον,
1311 1889 1389 1960 τῷ
1433 1890 1564 1963 θείῳ
1593 1892 1791 1965 Παύλῳ

1907 1891 2152 1954 invicem,
2192 1889 2292 1946 nisi
2322 1905 2385 1944 ex
2417 1903 2690 1944 consensu
2728 1887 2840 1954 ﬁat,
2867 1897 2928 1942 ut
2952 1884 3189 1941 orationi
3229 1894 3284 1939 et
3316 1882 3462 1952 jeju-

212 1961 598 2033 πειθόμενος,ι
634 1969 727 2039 Μὴ
754 1973 1128 2046 ἀποστερεῖτε,
1151 1977 1381 2046 λέγοντι,
1411 1961 1698 2052 ἀλλήλους.
1740 1961 1788 2040 ἐι

1907 1985 1989 2037 nio
2024 1982 2246 2047 vacetis,
2286 2001 2304 2034 ι
2336 1983 2388 2036 in
2419 1981 2577 2037 statis
2597 1979 2803 2037 scilicet
2831 1977 3170 2050 temporibus
3189 1975 3464 2047 jejunium

214 2053 293 2122 μή
327 2071 383 2108 τι
423 2057 494 2110 ἂν
523 2061 588 2113 ὲκ
643 2065 936 2133 συμφώνου
967 2069 1220 2141 γένηται,
1255 2073 1342 2127 ἵνα
1375 2075 1674 2146 σχολάσητε
1721 2080 1788 2150 τῇ

1907 2077 2224 2146 intelligens,
2260 2074 2482 2145 quando
2510 2073 2635 2146 quis
2658 2081 2998 2129 sacramenta
3031 2069 3462 2141 participaturns

209 2152 498 2234 προσευχῇ
519 2153 614 2206 καὶ
639 2157 706 2225 τῇ
740 2157 1016 2229 νηστείᾳ,ἱ
1047 2162 1147 2232 τὴν
1170 2164 1227 2215 ἐν
1242 2165 1568 2236 ὡρισμένοις
1590 2169 1790 2241 δηλαδὴ

212 2241 440 2308 καιροῖς
469 2245 725 2310 νηστείαν
755 2246 956 2316 δηλῶν,
997 2251 1086 2305 ὅτε
1129 2269 1212 2318 τις
1247 2255 1431 2324 μέλλει
1477 2257 1590 2312 τῶν
1635 2260 1793 2327 ἀγιαο

213 2331 446 2396 σμάτων
482 2334 752 2403 μεθέξειν,
789 2340 882 2393 καὶ
906 2342 1008 2412 τὴν
1035 2343 1470 2416 ἑπιτεταγμένην
1502 2351 1639 2418 μετὰ
1670 2350 1794 2421 θερ-

216 2421 339 2489 μῶν
378 2424 637 2496 δακρύων
686 2434 1018 2504 προσευχὴν,
1071 2436 1133 2489 ού
1186 2437 1293 2508 μὴν
1433 2441 1792 2512 προσανέχειν

211 2515 586 2582 ἀδιαλείπτως
655 2521 1097 2599 ἐπιτεοτὲιγμεθα⁹
1137 2545 1158 2581 s
1207 2528 1592 2596 ’Δδιαλείπτως
1641 2535 1790 2604 γὰρ.

207 2610 791 2684 φησὶ,προσεύχεσθε.
833 2633 853 2668 ι
883 2618 990 2670 Καὶ
1017 2621 1130 2683 τοῖς
1174 2621 1448 2686 Ἰουδαίοις
1478 2625 1588 2695 γὰρ
1625 2625 1794 2680 πάλαι

207 2696 584 2767 ἐπετέτακτο,
629 2704 737 2758 τῶν
785 2705 846 2759 ἐν
902 2708 1022 2780 ὄρει
1074 2710 1331 2780 μέλλουσι
1369 2712 1532 2767 θείων
1575 2716 1793 2769 ἐπαΐειν

209 2788 438 2858 φωνῶν.
462 2792 557 2845 ἐπὶ
583 2794 762 2864 τρισὶν
796 2798 1033 2870 ἡμέραις
1073 2803 1302 2870 γυναικὶ
1336 2803 1412 2875 μὴ
1445 2783 1754 2876 προσιέναι.

292 2882 359 2938 ’0
403 2883 465 2937 δὲ
514 2891 564 2954 γ’
604 2887 699 2940 τοῦ
752 2889 1150 2964 ίερομάρτυρος
1203 2897 1487 2950 Διονυσίου
1542 2900 1788 2968 Ἀλεξανο

207 2974 404 3046 δρείας
459 2978 764 3047 ἀρκοῦντας
785 2982 1037 3056 ἐφίστησι
1069 2985 1254 3056 σφίσιν
1276 2989 1461 3056 αὐτοῖς
1486 2993 1612 3057 τοὺς
1636 2996 1794 3065 ἱερω-

211 3067 422 3136 μένους
475 3069 775 3144 διαιτητὰς,
831 3076 996 3146 ἡνίκα
1039 3079 1152 3142 τοῖς
1201 3082 1454 3148 φρικτοίς
1502 3086 1793 3155 προσιέναι

214 3158 481 3228 μέλλουσι
517 3164 862 3235 μυστηρίοις,
894 3168 1198 3240 ἀπέχεσθαι
1236 3172 1336 3241 μὲν
1365 3173 1474 3226 τῶν
1511 3176 1660 3229 ίδίων
1697 3194 1796 3246 γυ-

1891 2177 1995 2235 est,
2029 2177 2082 2224 et
2133 2169 2401 2224 intensam
2446 2181 2570 2222 cum
2614 2165 2947 2222 ferventibus
2978 2163 3235 2235 lacrymis
3275 2175 3463 2232 preca-

1893 2260 2123 2326 tionem,
2154 2274 2260 2314 non
2285 2267 2466 2313 autem
2489 2273 2610 2314 eam
2643 2257 2728 2314 cui
2753 2257 3123 2314 indesinenter
3145 2253 3463 2310 incumbere

1891 2351 2032 2422 jnssi
2087 2367 2296 2408 sumus.
2327 2370 2347 2403 ι
2381 2349 2545 2407 Orate
2573 2350 2742 2417 enim,
2780 2349 2979 2420 inquit,
3026 2349 3144 2404 sine
3189 2345 3464 2402 intermis-

1893 2445 2066 2501 sione.
2083 2463 2102 2498 ι
2137 2444 2279 2512 Quin
2307 2454 2361 2499 et
2386 2441 2590 2498 Judxis
2619 2442 2747 2498 olim
2767 2439 3086 2496 mandatum
3112 2446 3252 2503 erat,
3277 2451 3464 2494 sacras

1894 2553 2052 2593 voces
2090 2537 2142 2592 in
2178 2546 2363 2592 monte
2394 2535 2667 2593 audituris
2717 2533 2893 2594 tribus
2925 2531 3124 2589 diebus
3161 2531 3226 2590 ad
3261 2543 3470 2589 uxores.

1895 2645 2026 2685 suas
2054 2645 2163 2685 non
2203 2629 2484 2688 accedere.

1965 2892 2180 2949 Tertius
2226 2903 2406 2948 autem
2459 2906 2634 2948 canon
2687 2889 2862 2949 sancti
2899 2888 3156 2960 martyris
3214 2885 3468 2957 Dionysii.

1893 2987 2137 3058 episcopi
2177 2985 2554 3051 Alexandrini,
2583 2984 2897 3041 sacerdotes
2929 2981 3150 3039 sibimet
3172 2980 3306 3051 ipsis
3340 2979 3464 3034 ido-

1895 3093 2026 3134 neos
2057 3079 2148 3133 dat
2175 3077 2410 3148 judices,
2443 3093 2568 3133 cum
2599 3077 2664 3132 ad
2703 3076 3004 3132 reverenda
3029 3081 3159 3128 sunt
3187 3070 3460 3127 accessuri

1895 3169 2178 3240 mysteria,
2213 3168 2331 3224 suis
2365 3176 2425 3222 ut
2455 3167 2525 3222 ab
2551 3166 2820 3222 uxoribus
2845 3163 3179 3229 abstineant,
3210 3177 3277 3215 ex
3310 3175 3467 3216 com-

209 3251 451 3317 ναικῶν,
477 3252 596 3307 ἀλλ’
633 3257 698 3310 ὲκ
745 3259 936 3330 κοινῆς
981 3261 1324 3333 συμφωνίας,
1361 3266 1503 3319 κατὰ
1551 3268 1648 3340 τὴν
1699 3269 1792 3324 τοῦ

1907 3265 2046 3318 muni
2076 3272 2255 3318 tamen
2289 3276 2584 3325 consensu,
2643 3257 2945 3316 secundum
2972 3255 3202 3311 verbum
3257 3253 3363 3309 hoc
3403 3252 3467 3308 il-

213 3344 469 3412 μεγάλου
503 3345 716 3402 Παύλου
747 3351 952 3422 φωνὴν,
981 3354 1064 3407 ὅτι
1093 3356 1122 3408 ὁ
1146 3354 1288 3427 ἀνὴρ
1315 3356 1410 3410 τοῦ
1447 3357 1576 3412 ίδίου
1601 3359 1792 3431 σώμα-

209 3448 305 3496 τος
350 3433 457 3486 οὐκ
480 3435 809 3504 ἐξουσιάζει,
841 3441 936 3495 κειὶ⁵
973 3443 1043 3496 τὰ
1072 3444 1222 3513 ἑξῆς.

297 3526 456 3580 Ὀ-δὲ
495 3526 536 3581 ε’
580 3531 673 3583 καὶ
702 3533 730 3585 ὁ
791 3530 862 3602 ιγ’
921 3533 1016 3588 τοῦ
1065 3535 1331 3607 Τιμοθέου
1392 3539 1797 3613 Ἀλεξανδρείας

204 3618 348 3683 τοὺς
386 3623 672 3691 σαρκικῶς
717 3625 815 3696 τῆς
845 3627 1040 3692 νυκτὸς
1087 3631 1462 3700 συναφθέντας
1505 3636 1708 3706 ἄνδρας
1737 3654 1796 3691 τε

206 3714 310 3766 καὶ
373 3716 646 3780 γυναῖκας
727 3718 846 3788 μεθ’
886 3721 1102 3792 ἡμέραν
1161 3724 1441 3796 ἀπείργει,
1498 3728 1596 3797 τῆς
1647 3730 1799 3800 ίερᾶς

205 3807 558 3876 τελουμένης
590 3810 887 3877 συνάξεως,
913 3813 1024 3868 τῶν
1046 3814 1211 3870 θείων
1236 3821 1562 3891 κοινωνῆσαι
1593 3840 1799 3893 μυστη-

208 3897 380 3968 ρίων,
439 3898 743 3971 μαρτύριον
804 3903 1047 3972 ἀσφαλὲς
1092 3907 1192 3976 τὴν
1240 3910 1651 3982 προρρηθεῖσαν
1704 3911 1798 3965 τοῦ

203 3989 552 4043 Ἀποστόλου
575 3992 733 4062 ῥῆσιν
769 3993 864 4048 xei.
898 3990 1062 4060 οὗτος
1091 4001 1492 4070 προϊσχόμενος
1512 4018 1526 4033 ·
1563 4003 1801 4072 μάλιστά

209 4082 284 4151 γέ
327 4099 416 4137 τοι
448 4081 542 4136 τοῦ
563 4085 846 4142 Σαδϐἀτου
872 4089 966 4142 καὶ
983 4091 1273 4162 Κυριακῆς
1304 4093 1668 4163 φυλάττεσθαι
1691 4096 1798 4166 χρή

209 4192 361 4244 φησι
393 4174 494 4244 τῆς
526 4176 662 4246 πρὸς
707 4178 976 4248 ἀλλήλοις
1017 4183 1325 4249 κοινωνίας,
1377 4180 1466 4240 οἷα
1500 4188 1802 4258 τηνικαῦτα

206 4269 320 4338 τῆς
365 4269 520 4342 ἱερᾶς
562 4268 753 4335 θυσίας
791 4271 866 4342 τῷ
904 4273 1096 4346 Κυρίῳ
1129 4276 1569 4349 ἀναφερομένης.

208 4380 484 4460 ΚΕΦΑΛἶ
522 4378 625 4460 19'.
666 4383 805 4460 Περὶ
848 4383 978 4460 τῶν.
1016 4385 1308 4460 γυναῖκας
1356 4390 1805 4460 συνεισὰκτους

459 4451 726 4520 ἐχόντων
755 4451 1132 4522 ἐπισκόπων,
1169 4457 1207 4526 ἢ
1242 4451 1570 4526 κληρικῶν.

305 4541 374 4596 ’0
411 4538 468 4609 γ’
493 4540 593 4611 τῆς
651 4543 871 4613 πρώτης
917 4544 1138 4599 συνόδου
1189 4545 1373 4600 κανὼν
1423 4547 1804 4622 ὲπίσκοπον,ῆ

1897 3356 2005 3410 lius
2037 3353 2218 3424 magni
2249 3353 2438 3408 Pauli:
2477 3371 2497 3405 ι
2531 3351 2759 3407 Maritus
2808 3348 3086 3420 propriunt
3116 3361 3318 3417 corpus
3354 3360 3469 3403 non

1898 3447 2062 3502 habet
2094 3447 2148 3501 in
2177 3454 2496 3516 potestate,»
2521 3453 2574 3500 et
2601 3459 2722 3515 quae
2743 3451 3070 3512 sequuntur.

1966 3541 2075 3614 83
2101 3540 2288 3596 Canon
2317 3547 2497 3594 autem
2528 3537 2635 3593 5et
2669 3535 2737 3591 15
2783 3533 3055 3590 Timothei
3109 3528 3466 3588 Alexandrini

1898 3633 2049 3689 viros
2086 3641 2140 3687 et
2191 3631 2449 3686 mulieres
2485 3629 2579 3700 qui
2629 3638 2789 3684 nocte
2835 3624 3134 3680 carnaliter
3189 3621 3470 3693 conjuncti

1901 3733 2050 3785 sunt,
2085 3722 2345 3785 interdiu,
2374 3721 2505 3776 dum
2554 3735 2713 3777 sacra
2763 3718 2984 3791 synaxis
3043 3715 3356 3772 celebratur
3382 3753 3398 3777 ,
3437 3729 3469 3768 ιι

1903 3813 2176 3885 mysteriis
2218 3820 2393 3878 arcet,
2436 3812 2578 3866 lirmi
2635 3810 2931 3866 testimonii
2974 3809 3098 3863 loco
3153 3806 3469 3877 praedictum

1901 3903 2141 3975 Apostoli
2214 3918 2523 3960 sermonem
2562 3901 2839 3972 allegans:
2877 3918 2896 3954 ι
2949 3899 3231 3968 Ριτερὶρυο
3285 3904 3468 3951 autem

1905 3995 2169 4059 Sabbato,
2205 3994 2400 4064 inquit,
2449 4002 2502 4049 et
2540 3993 2629 4048 die
2681 3991 2984 4054 Dominico,
3017 4005 3048 4044 a
3079 3997 3270 4044 mutuo
3317 4001 3472 4042 com-

1905 4089 2111 4143 mercio
2143 4086 2526 4142 abstinendum
2565 4092 2670 4150 est,
2709 4101 2727 4136 ι
2750 4091 2937 4154 utpote
2983 4080 3126 4152 quod
3170 4090 3284 4136 tum
3317 4093 3470 4134 sacra

1905 4181 2107 4236 oblatio
2141 4179 2375 4235 Domino
2405 4178 2687 4235 offeratur.
3154 4198 3159 4203 ο

1905 4381 2059 4439 CAP.
2094 4381 2239 4437 XIX.
2271 4381 2348 4436 De
2388 4381 2700 4438 habentibus
2749 4384 2806 4436 in
2829 4379 3172 4435 contubernio
3222 4379 3473 4436 mulieres

2217 4464 2500 4508 extraneas
2532 4452 2788 4523 episcopis
2815 4460 2908 4506 aut
2931 4451 3160 4506 clericis.

1979 4543 2168 4600 Canon
2194 4543 2356 4614 primi
2391 4543 2612 4600 concilii
2643 4543 2835 4600 tertius
2892 4544 3228 4614 episcopum,
3268 4541 3351 4596 vel
3376 4541 3477 4598 ali—

211 4651 357 4690 τινα
385 4632 493 4687 τῶν
541 4633 637 4686 τοῦ
684 4635 914 4706 κλήρου,
955 4636 1307 4694 συνείσακτον
1351 4640 1497 4710 ἔχειν
1548 4644 1795 4710 γυναίκα1

1909 4651 2070 4708 quem
2098 4651 2162 4693 ex
2195 4636 2366 4704 clero,
2399 4651 2508 4691 non
2560 4635 2762 4692 debere
2802 4644 2960 4706 putat
3007 4635 3060 4690 in
3114 4634 3478 4691 contubernio

208 4728 330 4784 οὐκ
364 4724 537 4778 οἴεται
569 4726 700 4792 δεῖν,
737 4726 788 4780 εί
839 4727 914 4798 μὴ
956 4726 1064 4799 ἄρα
1102 4729 1338 4800 μητέρα,
1393 4730 1427 4801 ἢ
1469 4731 1726 4803 ἀδελφὴν,
1766 4733 1800 4804 ἢ

211 4821 410 4885 θείαν,
447 4818 480 4888 ἢ
512 4817 548 4872 ὃ.
580 4819 718 4888 μόνα
745 4819 1010 4890 πρόσωπα
1041 4823 1224 4876 πᾶσαν
1253 4821 1621 4893 διαπέφευγεν
1666 4826 1803 4880 ὐπο-

209 4913 389 4984 ψίαν.
427 4911 824 4974 Συνεισάκτους
854 4911 908 4965 δέ
944 4929 1080 4984 φησι
1112 4913 1210 4976 τὰς
1249 4914 1514 4986 ἑλομένας
1537 4920 1806 4973 συνοικεῖν

211 5003 479 5078 ἱερεῦσιν
515 5003 762 5072 ἁζύγοις,
821 5004 890 5058 τά
939 5006 1077 5074 πρὸς
1115 5007 1213 5070 τὰς
1263 5007 1572 5076 ἀναγκαίας
1617 5011 1806 5082 χρείας

211 5101 420 5160 αὐτοῖς
458 5097 910 5167 διαπονουμένας.

311 5371 522 5427 Τούτου
570 5369 665 5424 καὶ⁹
693 5372 720 5423 ὁ
759 5369 799 5424 ε’
841 5371 940 5441 τῆς
984 5369 1152 5440 ἕκτης
1200 5371 1420 5425 συνόδου
1465 5371 1810 5443 μεμνημένος

222 5464 429 5522 κανὼν
483 5463 611 5526 τοὺς
639 5463 912 5528 τοιούτους
941 5465 1177 5533 γυναῖκα
1215 5463 1534 5532 κεκτῆσθαι,
1570 5463 1603 5534 ἢ
1635 5464 1810 5534 θερα-

221 5555 490 5621 παινίδα,
523 5555 702 5625 πάντη
730 5555 1023 5626 ἀπείρηκε,
1055 5555 1326 5624 πρόφασιν
1367 5554 1661 5608 σκανδάλου
1689 5555 1813 5608 τού-

214 5666 368 5712 τους
399 5647 476 5719 μὴ
509 5647 712 5700 διδόναι
745 5646 1148 5717 προνοούμενος
1168 5663 1184 5679 ο
1220 5647 1297 5718 τῷ
1325 5647 1384 5702 δὲ
1417 5647 1811 5719 παραϐαίνοντι

219 5740 662 5798 ὲπανατείνεται
689 5740 787 5804 τὴν
821 5740 1160 5812 καθαίρεσιν.
1224 5740 1572 5813 Προσεπάγει
1620 5741 1677 5795 δὲ
1715 5740 1812 5793 καὶ

215 5835 369 5898 τους
397 5833 688 5904 εὐνούχους
719 5833 901 5886 πᾶσαν
927 5828 1070 5887 εἶναι
1096 5833 1344 5904 ἀνάγκην
1364 5833 1520 5886 τοῦτο
1559 5850 1812 5903 παραφυ-

221 5924 557 5991 λάττεσθαι,
595 5925 693 5997 τὴν
743 5925 990 5980 ἐντεῦθεν
1046 5925 1256 5996 μέμψιν
1306 5926 1712 5998 ὑφορωμένους,
1762 5928 1810 5978 εί

1911 4731 2199 4796 mulierem
2225 4737 2538 4786 extraneam
2581 4728 2822 4784 habere:
2880 4728 2990 4787 nisi
3044 4726 3185 4784 forte
3223 4736 3476 4794 matrem,

1913 4822 2000 4880 vel
2031 4837 2305 4889 sororem,
2332 4821 2579 4884 amitam,
2634 4820 2716 4876 vel
2741 4834 2835 4876 eas
2865 4819 3137 4876 duntaxat
3187 4835 3478 4888 personas,

1914 4930 2036 4989 quae
2059 4915 2128 4971 ab
2152 4914 2299 4971 omni
2332 4914 2646 4986 suspicione
2675 4914 2858 4970 liberte
2883 4922 3031 4969 sunt.
3077 4911 3246 4970 Vocat
3295 4923 3478 4971 autem

1915 5016 2206 5064 extraneas
2237 5007 2328 5062 vel
2361 5005 2786 5070 introductitias,
2830 5020 2954 5074 quat
2997 5004 3316 5062 cohabitare
3353 5021 3478 5062 cum

1915 5099 2236 5168 expertibus
2273 5096 2510 5168 conjugii
2549 5095 2930 5151 sacerdotibus
2978 5094 3205 5165 eligunt,
3236 5094 3368 5150 dum
3423 5095 3478 5149 in

1917 5191 2025 5248 illis
2049 5204 2268 5259 Operam
2295 5203 2450 5244 suam
2483 5187 2566 5243 eis
2595 5185 2852 5241 exhibent
2889 5201 3013 5256 qua:
3042 5186 3386 5243 necessarios
3411 5185 3479 5240 ad

1917 5296 2051 5336 usus
2076 5286 2346 5350 spectant.

1987 5371 2164 5441 Hujus
2198 5373 2275 5428 rei
2314 5386 2435 5427 can.
2464 5372 2498 5426 5
2523 5385 2643 5443 ενα.
2683 5387 2738 5428 vt
2775 5371 3047 5439 meminit,
3075 5370 3169 5427 ubi
3211 5369 3479 5442 ejusmodi

1916 5467 2168 5523 homines
2195 5465 2476 5520 mnlierem
2513 5465 2596 5520 vel
2655 5465 2905 5523 ancillam
2950 5464 3228 5536 possidere
3257 5464 3483 5520 omnino

1918 5558 2211 5628 prohibet;
2239 5556 2534 5628 providens
2558 5557 2819 5614 nimirum
2849 5573 2918 5613 ne
2947 5555 3192 5614 scandali
3234 5555 3483 5612 occasio-

1918 5666 2042 5706 nem
2070 5650 2297 5704 darent:
2334 5649 2493 5720 eique
2521 5649 2612 5720 qui
2641 5651 3055 5721 transgreditur,
3085 5647 3482 5718 depositionem

1919 5746 2174 5800 intentat.
2235 5743 2397 5800 Addit
2445 5746 2606 5800 etiam
2658 5747 2896 5800 maxime
2955 5742 3326 5801 necessarium
3362 5758 3484 5800 esse

1919 5846 1979 5891 ut
2015 5837 2120 5891 hoc
2150 5836 2330 5907 ipsum
2388 5836 2625 5892 eunuchi
2677 5845 2898 5894 servent
2926 5875 2942 5900 .
2999 5834 3482 5905 reprehensionem

1917 5926 2112 5982 exinde
2191 5926 2609 5984 reformidantes
2647 5967 2662 5993 ,
2722 5928 2764 5982 si
2834 5939 2992 5982 secus
3066 5923 3379 5993 voluerint;
3439 5925 3484 5980 si
