3902 6552
515 422 536 490 l
549 421 654 486 203

1706 414 2079 479 ΜΑΤΤΗᾹΞΙ
2124 413 2551 480 BLASTARIS

3617 404 3740 470 1204

510 534 656 590 enim
686 527 870 588 clerici
902 525 1127 593 fuerint,
1174 523 1536 596 deponentur,
1584 523 1668 585 sin
1705 524 1850 590 laici,
1895 538 2073 594 aegre-

2185 529 2262 596 μὴ
2311 525 2604 595 βούλοιντο,
2640 519 2936 591 κληρικοῦς
2971 517 3070 589 μὲν
3112 518 3293 582 δντας,
3341 517 3739 588 καθαιρεῖσθαι,

505 626 798 700 gabuntur.
848 652 870 676 .

576 737 766 793 Canon
799 746 980 792 autem
1022 736 1090 791 18
1131 751 1256 806 syn.
1313 749 1388 788 vn
1461 748 1652 802 omnes
1686 731 1778 802 qui
1819 747 1883 790 ex
1931 730 2077 786 clero

506 837 657 895 sunt,
679 827 838 898 juxta
870 829 1216 898 Apostolum,
1272 826 1390 887 sine
1419 825 1721 888 oﬂ'ensione
1755 823 2072 893 essejuhet,

507 935 613 973 non
639 919 816 975 solum
842 918 1111 982 fidelibus,
1149 918 1242 973 sed
1277 926 1331 972 et
1363 916 1433 972 iis
1455 915 1656 985 quibus
1691 913 1882 982 religio
1931 926 2076 970 cura:

507 1026 612 1069 non
653 1020 770 1076 est;
807 1024 978 1078 quare
1014 1009 1106 1077 qui
1147 1006 1512 1062 ministerium
1559 1004 1923 1075 quodcunque
1955 1017 2073 1057 tnu-

506 1104 624 1159 lieri
659 1118 828 1156 servae
865 1104 947 1156 vel
977 1101 1162 1158 libera:
1189 1100 1242 1162 in
1290 1099 1568 1168 episeopiu
1611 1098 1691 1150 vel
1741 1096 2075 1149 monasterio

504 1188 1061 1259 eommiSerit,pui_tiri
1085 1189 1262 1258 jubet,
1293 1197 1342 1242 et
1370 1195 1810 1257 perseverantem
1853 1184 2074 1251 deponi.

509 1281 704 1352 Utique
735 1291 789 1336 et
812 1282 1068 1352 episcopo
1120 1280 1202 1334 vel
1232 1279 1486 1354 praefecto
1522 1278 1574 1330 in
1607 1278 1820 1347 privato
1873 1275 2076 1329 subur-

504 1377 647 1431 bano
673 1373 986 1436 divertenti,
1056 1372 1147 1428 uhi
1197 1371 1457 1426 mulieres
1492 1369 1793 1430 ministeria
1849 1367 2072 1430 obeunt,

505 1483 611 1534 nun
648 1481 766 1531 eas,
801 1465 894 1520 sed
934 1465 1079 1529 viros
1123 1463 1431 1530 ministrare
1459 1462 1608 1532 vult;
1654 1469 1708 1514 et
1737 1458 1989 1522 mulieres
2019 1457 2074 1518 in

505 1557 616 1610 alio
667 1557 792 1610 loco
839 1553 1070 1626 versari,
1113 1553 1286 1624 donec
1311 1551 1598 1620 episcopus
1646 1548 1729 1602 vel
1787 1547 2074 1616 praefectus

502 1649 704 1703 exinde
730 1648 1040 1714 recesserit.
1077 1645 1133 1704 Si
1164 1645 1307 1699 enim
1346 1644 1398 1698 in
1425 1643 1604 1697 alieno
1629 1640 1943 1697 suburbano
1989 1638 2073 1692 vel

505 1741 722 1811 publico
755 1738 993 1807 hospitio
1034 1737 1332 1800 divertant,
1372 1735 1586 1790 dillicile
1608 1743 1710 1798 cst,
1743 1742 1804 1787 ut
1856 1731 2068 1807 opinor,

504 1847 568 1891 ca
595 1849 716 1906 quae
747 1831 799 1887 in
829 1845 1037 1904 canone
1069 1829 1425 1899 continentur
1452 1827 1753 1897 observari.
1907 1813 1909 1815 ’

572 2127 768 2182 Canon
819 2141 952 2188 vero
1003 2125 1070 2182 10
1144 2126 1444 2194 Ancyram:
1505 2121 1737 2193 synodi,
1814 2121 2074 2174 mulieres

507 2217 744 2286 virgines
779 2215 846 2270 ad
899 2214 1164 2286 quosdam
1207 2215 1499 2280 accedere,
1528 2223 1786 2283 tanquam
1834 2211 2028 2268 fratres
2057 2250 2072 2276 ,

508 2317 674 2364 vetat.

580 2423 895 2477 Secundum
923 2423 1022 2477 hos
1060 2438 1254 2494 magna
1276 2422 1466 2478 isthaec
1499 2423 1627 2478 tuba
1670 2422 1934 2485 veritatis,
1961 2435 2076 2474 ma-

507 2529 649 2584 gnus
681 2514 771 2569 ille
802 2515 1062 2582 Basilius,
1099 2515 1165 2569 ad
1196 2514 1517 2585 Gregorium
1555 2513 1933 2585 presbyterum
1960 2511 2074 2581 epi-

507 2607 649 2662 stola
677 2606 866 2671 missa,
901 2607 1093 2677 majori
1138 2621 1261 2662 cum
1295 2606 1686 2675 increpationis
1731 2605 2073 2660 vehementia

509 2697 963 2768 tangit_eum,qni
996 2697 1122 2752 huic
1157 2712 1216 2752 se
1264 2697 1395 2750 vitio
1443 2696 1611 2752 dedit.
1671 2695 1860 2765 Neque
1911 2693 2073 2765 primi

508 2803 629 2852 nos,
659 2787 857 2857 inquit,
893 2804 1071 2856 neque
1099 2788 1201 2842 soli
1233 2788 1551 2854 statuimus,
1584 2804 1694 2841 non
1721 2788 1920 2842 debere
1951 2802 2074 2840 mu-

509 2879 667 2932 lieres
708 2866 761 2931 ιη
804 2880 1045 2932 virorum
1077 2893 1198 2934 esse
1241 2879 1647 2933 contubernio:
1691 2878 1784 2931 sed
1831 2877 2074 2946 promul-

508 2963 691 3040 gatum
725 2985 755 3026 a
784 2971 985 3024 sanctis
1012 2970 1261 3024 Patribus
1290 2971 1493 3026 nosrris
1525 2971 1576 3023 in
1606 2969 1840 3024 concilio
1857 2968 2076 3022 Νίσαιηο

506 3044 770 3117 canonetn
799 3061 986 3130 legito,
1032 3061 1126 3130 qui
1155 3061 1444 3114 manifesto
1487 3059 1784 3130 prohibuit,
1843 3075 1912 3112 ne
1964 3058 2076 3112 sint

510 3152 768 3207 mulieres
798 3151 1186 3207 introduc-litim
1220 3155 1300 3207 vel
1325 3163 1616 3207 extraneze.
1646 3153 1938 3206 leibatus
1971 3167 2067 3210 au-

507 3253 615 3298 tem
650 3245 887 3314 dignitas
927 3258 990 3298 ac
1028 3246 1302 3300 veneratio
1343 3245 1395 3298 in
1426 3243 1530 3298 hoc
1559 3243 1833 3306 consistit,
1864 3251 1920 3295 ut
1946 3243 2072 3311 quis

511 3353 538 3386 ιι
569 3336 852 3392 consortio
919 3336 1172 3390 muliebri
1228 3347 1531 3404 separetur.
1599 3334 1808 3404 Quippe
1857 3335 1903 3387 si
1953 3334 2075 3403 quis

507 3443 629 3479 eum
667 3427 832 3480 verbo
877 3435 1038 3480 tenus
1080 3427 1425 3496 promittens,
1463 3441 1653 3495 reapse
1681 3427 1840 3480 faciat
1871 3441 1932 3479 ea
1957 3442 2076 3495 qua:

507 3515 679 3569 solent
705 3515 797 3583 qui
841 3515 1129 3569 mulierum
1159 3517 1216 3569 in
1271 3519 1551 3569 consortio
1601 3516 1836 3584 degunt:
1895 3517 2073 3569 mutti-

509 3601 706 3656 festum
742 3605 808 3657 de
843 3618 902 3658 se
944 3605 1151 3673 praebet
1203 3605 1483 3672 iudicium,
1540 3608 1682 3674 quod
1745 3607 2074 3676 virginitatis

507 3696 674 3752 decus
702 3699 920 3752 nomine
945 3707 1103 3752 tenus
1129 3707 1387 3763 sectetur,
1439 3715 1625 3754 verum
1684 3697 1929 3754 fceditate
1973 3715 2070 3751 vu-

509 3790 733 3857 luptatis
762 3805 872 3842 non
898 3789 1188 3843 abstineat.
1231 3789 1350 3844 Non
1375 3791 1520 3844 enim
1550 3792 1801 3860 equidem
1856 3802 2075 3860 septua-

508 3881 653 3947 ginta
684 3891 870 3936 natum
897 3898 1073 3937 annos
1105 3883 1306 3939 lascive
1348 3883 1559 3937 mulieri
1593 3883 1905 3938 cohabitare
1951 3899 2075 3938 cre-

507 3975 762 4040 didm-ini,
806 3992 908 4032 nec
944 3978 1087 4031 velut
1113 3978 1348 4046 alicujus
1404 3978 1630 4032 absurdi
1666 3976 1931 4032 facinoris
1982 3979 2074 4029 ad-

506 4069 658 4123 missi
701 4085 866 4124 causa
923 4071 1215 4127 statuimus
1270 4069 1346 4134 id,
1409 4069 1551 4139 quod
1606 4069 1916 4125 statuimus.
1969 4068 2073 4123 Sed

505 4170 813 4231 propterea,
851 4162 996 4230 quod
1048 4161 1227 4216 edocti
1278 4163 1450 4216 simus
1501 4160 1569 4214 ab
1623 4161 1903 4229 Apostolo,
1964 4176 2071 4213 non

503 4269 624 4308 esse
658 4254 811 4308 fratri
841 4253 1228 4308 olfendiculum
1274 4255 1606 4324 ponendum,
1638 4257 1780 4324 quod
1808 4255 1857 4310 ei
1917 4269 2074 4307 scan-

502 4343 626 4397 dalo
653 4345 747 4408 sit,
779 4352 963 4403 etnon
1020 4343 1336 4411 ignoramus
1392 4342 1444 4404 id
1505 4345 1648 4412 quod
1673 4344 1743 4397 ab
1799 4341 2073 4410 aliquibus

504 4443 648 4488 recte.
681 4434 792 4499 fiat,
826 4435 950 4488 aliis
982 4436 1326 4488 occasionem
1361 4434 1618 4503 peccandi
1679 4432 2068 4502 prmhiturum:

2183 617 2402 680 λαῖκοὺς
2432 615 2511 680 δὲ,
2548 613 2927 685 ἀφορίζεσθαι.

2259 735 2320 787 ’0
2370 733 2427 785 δὲ
2483 737 2558 801 ιη’
2596 731 2694 799 τῆς
2747 725 2793 793 ζ’
2850 729 3073 782 συνόδου
3117 727 3298 783 κανὼν
3365 728 3737 796 ἀπροσκόπους

2179 822 2319 880 εἶναι
2342 824 2484 877 κατά
2508 824 2596 876 τὸν
2629 821 2959 876 ’Δπόστολον
2982 820 3110 882 τοὺς
3135 820 3229 873 τοῦ
3255 819 3462 892 κλήρου
3491 819 3648 884 ἀξιοῖ,
3672 821 3738 890 μὴ

2178 921 2259 973 ὅτι
2290 920 2402 978 τοῖς
2432 917 2667 982 πιστοῖς,
2697 914 2833 968 ἀλλά
2865 929 2929 980 γε
2957 914 3054 967 καὶ
3085 908 3166 976 οἷς
3198 912 3353 965 οὐδὲν
3386 911 3498 966 τῶν
3536 913 3629 980 τῆς
3655 911 3736 964 se.

2181 1009 2399 1070 σε6είας
2430 1009 2684 1077 ἐμέλησε.
2725 1008 2824 1060 Διά
2851 1023 2935 1059 τοι
2981 1005 3163 1068 τοῦτο,
3205 1004 3300 1058 καὶ
3342 1004 3435 1056 τὸν
3463 1005 3736 1070 ἡντιναοῦν

2177 1104 2456 1160 διακονίαν
2502 1103 2876 1172 ἐπιτρέποντα
2905 1102 3127 1168 γυναικὶ
3156 1099 3340 1172 δούλῃ,
3382 1099 3416 1169 ἢ
3469 1099 3734 1170 ἐλευθέρα,

2177 1198 2236 1250 ἐν
2269 1196 2606 1262 ἐπισκοπείῳ
2640 1194 2672 1264 ἦ
2707 1193 3077 1264 μοναστηρίῳ,
3130 1190 3492 1260 ἐπιτιμᾶσθαι
3541 1208 3736 1259 παρεγ-

2178 1291 2401 1356 γυᾶται,
2441 1289 2770 1356 ἐπιμένοντα
2815 1286 2892 1348 δὲ,
2944 1284 3355 1350 καθαιρεῖσθαι.
3395 1284 3489 1345 Εἰς
3539 1283 3736 1336 ἴδιονδέ

2178 1380 2409 1434 ἀπιόντα
2444 1378 2770 1448 προάστειον
2803 1377 2896 1429 τὸν
2923 1377 3272 1446 ἐπίσκοπονῆ
3308 1375 3400 1428 τὸν
3425 1374 3734 1443 ἡγούμενον,

2176 1470 2304 1522 ἔνθα
2336 1471 2597 1536 γυναῖκες
2631 1469 2700 1521 τά
2729 1468 2828 1536 τῆς
2872 1463 3177 1533 ὑπηρεσίας
3213 1464 3489 1532 μετίασιν,
3521 1466 3616 1531 οὐχ
3641 1464 3735 1514 ὑπὸ

2175 1562 2382 1615 τούτων
2410 1563 2501 1614 καὶ
2535 1561 2754 1624 αὑτοὺς,
2795 1559 2912 1613 ἀλλ’
2959 1558 3064 1612 ὑπὸ
3108 1558 3317 1627 ἀνδρῶν
3355 1557 3732 1626 ὑπηρετεῖσθαι

2177 1655 2462 1724 βούλεταιο
2506 1653 2724 1715 ἐκείνας
2771 1652 2829 1704 δὲ
2880 1652 2940 1703 ἐν
2979 1650 3153 1720 ἐτὲρῳ
3185 1649 3398 1716 διάγειν
3439 1650 3606 1716 τόπῳ,
3638 1648 3730 1710 ’ἐως

2177 1745 2242 1799 ἂν
2273 1745 2300 1796 ό
2335 1743 2629 1804 ἐπίσκοπος
2659 1741 2692 1811 ἢ
2725 1743 2752 1794 ὁ
2779 1740 3084 1810 ἡγούμενος
3137 1739 3349 1793 ἐκεῖθεν
3394 1737 3730 1806 ὑποχωρήσῃ.

2177 1838 2241 1892 Ei
2265 1835 2373 1905 γάρ
2401 1837 2479 1896 είς
2514 1833 2793 1903 ἀλλότριον
2822 1830 3149 1901 προάστειον
3179 1829 3212 1898 ἢ
3247 1827 3572 1896 ξενώοχείον
3599 1819 3730 1877 οῦτοι

2179 1928 2570 1998 καταλὺσουσι,
2608 1924 2867 1994 δυσχερὲς
2896 1917 3052 1992 οἶμαι
3087 1921 3156 1974 τά
3183 1919 3279 1980 τοῦ
3309 1919 3539 1981 κανόνος
3567 1934 3723 1986 τηρη-

2178 2020 2361 2090 θῆναι.

2261 2133 2320 2186 ’0
2355 2132 2414 2186 δέ
2446 2132 2544 2202 τῆς
2571 2131 2628 2185 ἐν
2655 2129 2903 2202 Ἀγκὺρᾳ
2927 2122 3000 2182 ἶθ¹
3027 2128 3330 2196 παρθένους
3355 2125 3612 2192 γυναῖκας
3640 2139 3728 2174 κω-

2177 2225 2296 2279 λύει
2331 2223 2691 2295 συνέρχεσθαί
2722 2239 2864 2275 τισιν
2893 2221 2970 2284 ὡς
2993 2219 3264 2288 ἀδελφοῖς.

2260 2432 2382 2484 Ἐπὶ
2407 2429 2619 2492 τούτοις
2681 2431 2708 2497 ἡ
2765 2426 2980 2498 μεγάλη
3010 2425 3110 2494 τῆς
3141 2422 3397 2495 ἀληθείας
3431 2419 3676 2486 σάλπιγξ,
3705 2419 3728 2468 ό

2181 2525 2358 2595 μέγας
2395 2522 2698 2583 Βασίλειος,
2755 2518 3046 2588 ἐπιστολὴν
3092 2516 3230 2586 πρός
3275 2530 3396 2566 τινα
3451 2510 3726 2581 Γρηγόριον

2179 2615 2555 2688 πρεσϐύτερον
2626 2612 2888 2686 πέμψας,
2955 2607 3503 2679 ἐπιπληκτικώτερον
3557 2602 3726 2662 τούτου

2177 2707 2538 2767 καθάπτεται,
2563 2701 2641 2772 τῷ
2661 2700 2892 2770 τοιούτῳ
2918 2699 3346 2770 προσανέχοντος
3374 2695 3566 2747 πάθει.
3608 2691 3725 2746 Οὑτε

2178 2799 2384 2869 πρῶτοι
2413 2797 2544 2864 γάρ,
2599 2794 2786 2863 φησὶν,
2837 2791 2962 2844 υῦτε
3017 2791 3169 2859 μόνοι
3215 2787 3724 2857 νενομοθετήκαμεν,

2176 2892 2444 2958 γυναῖκας
2487 2887 2716 2956 ἀνδράσι
2749 2883 2823 2954 μὴ
2861 2885 3168 2937 συνοικείνο
3205 2880 3324 2934 ἀλλ’
3353 2877 3725 2947 ἀνάγνωθιτὸν

2177 2980 2528 3051 ἐξενεχθέντα
2557 2980 2757 3031 κανόνα
2789 2977 2938 3046 παρὰ
2958 2974 3066 3027 τῶν
3089 2974 3259 3040 ἁγίων
3283 2971 3544 3040 Πατέρων
3591 2967 3724 3037 ἡμῶν

2175 3077 2234 3128 ἐν
2270 3077 2334 3144 τῇ
2389 3073 2592 3142 συνόδῳ
2653 3070 2909 3132 Νικαίας,
2969 3068 3029 3131 ὃς
3091 3065 3348 3135 φανερῶς
3397 3063 3723 3133 ἀπηγόρευσε

2181 3163 2568 3223 συνεισάκτους
2595 3161 2672 3231 μὴ
2701 3159 2862 3213 εἶναι.
2886 3158 3123 3226 Ἀγαμία
3153 3156 3210 3209 δέ
3251 3158 3308 3208 ἐν
3340 3153 3513 3223 τούτῳ
3543 3153 3646 3222 ἔχει
3675 3149 3725 3200 τδ

2180 3255 2398 3326 σεμνὸν,
2429 3255 2486 3308 ἐν
2516 3253 2592 3322 τῷ
2634 3249 2969 3322 κεχωρίσθαι
3021 3249 3120 3318 τῆς
3166 3247 3305 3317 μετά
3337 3245 3444 3300 τῶν
3467 3241 3722 3313 γυναικῶν

2177 3347 2479 3416 διαγωγῆς.
2519 3343 2608 3408 Ὠς
2655 3345 2770 3407 ἐὰν,
2828 3341 3302 3411 ἐπαγγελλόμενός
3345 3356 3430 3402 τις
3468 3336 3633 3404 αὐτὴν
3660 3334 3724 3401 τῷ

2178 3437 2422 3504 ὀνόματι,
2449 3435 2596 3504 ἔργῳ
2618 3436 2686 3486 τά
2708 3433 2815 3485 τῶν
2838 3431 3055 3502 γυναιξὶ
3077 3429 3474 3482 συνοικούντων
3506 3428 3720 3496 ποιῆται,

2178 3527 2336 3596 δῆλός
2385 3528 2500 3578 ἐστι
2550 3525 2610 3575 τὸ
2653 3523 2754 3591 μὲν
2788 3510 2890 3588 τῆς
2951 3520 3247 3590 παρθενίας
3307 3519 3504 3588 σεμνὸν
3559 3520 3612 3570 ἐν
3664 3517 3718 3584 τῇ

2175 3618 2523 3690 προσηγορία
2553 3615 2786 3675 διώκων,
2833 3613 2929 3668 τοῦ
2973 3614 3031 3666 δὲ
3083 3613 3208 3666 καθ’
3239 3612 3432 3682 ἡδονὴν
3462 3607 3720 3679 ἀπρεποῦς

2181 3712 2256 3781 μὴ
2309 3710 2700 3777 ἀφιστάμενος.
2755 3706 2895 3759 υῦτε
2953 3707 3062 3776 γὰρ
3120 3705 3211 3758 τὸν
3274 3701 3717 3773 ἑϐδομηκονταετῆ

2179 3803 2444 3870 γεγονότα
2485 3801 2744 3869 πείθομαι
2769 3800 3033 3870 ἐμπαθῶς
3059 3799 3279 3865 γυναικὶ
3302 3799 3590 3857 συνοικεῖν,
3612 3793 3715 3846 οὔτε

2179 3895 2253 3956 ὡς
2273 3894 2364 3945 ἐπὶ
2400 3895 2667 3965 γενομένῃ
2701 3895 2806 3946 τινὶ
2829 3893 3017 3959 ἀτόπῳ
3049 3891 3246 3960 πράξει
3278 3889 3557 3959 ὡρίσαμεν
3583 3887 3616 3940 ἃ
3641 3887 3717 3938 καὶ

2180 3992 2357 4060 ὡρίσα
2366 4007 2485 4059 μεν.
2507 3988 2647 4040 ’Δλλ’
2677 3989 2798 4039 ἐπεὶ
2815 3985 3172 4056 ἐδιδάχθημεν
3200 4003 3272 4037 πα
3283 3985 3349 4055 ρά
3373 3983 3466 4037 τοῦ
3486 3982 3719 4036 Ἀποστά-

2179 4084 2295 4148 λου,
2336 4083 2409 4152 μὴ
2439 4081 2644 4134 τιθέναι
2674 4079 3012 4149 πρόσκομμα
3051 4077 3127 4146 τῷ
3163 4075 3403 4144 ἀδελφῷ,
3437 4076 3470 4143 ἢ
3515 4072 3720 4126 σκάίδα-

2181 4177 2290 4240 λον,
2321 4177 2543 4243 οἴδαμεν
2573 4173 2626 4225 δὲ
2661 4173 2742 4224 ὅτι
2777 4171 2838 4223 τὸ
2865 4169 3018 4241 παρά
3051 4187 3212 4222 τινων
3247 4168 3419 4235 ὑγιῶς
3457 4166 3719 4234 γινόμενον

2179 4268 2358 4329 ἄλλοις
2380 4267 2601 4338 ἀφορμὴ
2627 4264 2754 4334 τρδς
2786 4264 3058 4334 ἁμαρτίαν
3086 4259 3340 4331 ὑπάρξει,
3364 4260 3550 4314 τούτου
3575 4259 3719 4311 ἕνεκα

2180 4357 2618 4428 προσετάξαμεν,
2674 4355 2936 4424 ἑπόμενοι
2986 4358 3054 4424 τῇ
3127 4355 3362 4422 διαταγῇ
3415 4353 3523 4405 τῶν
3570 4349 3720 4416 ἀγίων

2181 4451 2464 4520 Πατέρων,
2501 4447 2839 4519 χωρισθῆναί
2865 4465 2923 4500 σε
2955 4447 3051 4500 τοῦ
3081 4447 3323 4514 γυναίου.
3359 4445 3588 4498 Ἔκϐαλε
3624 4443 3720 4495 τοί-

504 4527 708 4579 ideirco
736 4527 1106 4596 praecipimus,
1131 4525 1243 4596 84
1265 4527 1728 4580 conversationem
1757 4536 2071 4581 sanctorum

2183 4561 2274 4596 νυν
2310 4535 2478 4610 αὑτὴν
2512 4542 2620 4593 ἀπὸ
2644 4540 2739 4594 τοῦ
2769 4541 2920 4592 οἴκου
2957 4557 3052 4592 σου
3079 4553 3094 4567 ⁹
3127 4539 3468 4607 κατάστησον
3493 4535 3650 4604 αὑτὴν
3671 4535 3719 4584 ἐν

503 4619 726 4672 Patrum
755 4627 1050 4683 sectantes,
1088 4634 1115 4670 a
1140 4617 1457 4674 muliercula
1493 4618 1694 4672 debere
1721 4627 1772 4672 te
1802 4617 2071 4684 separari.

503 4707 871 4773 Quamobrem
899 4723 964 4762 ex
995 4708 1202 4762 aedibus
1235 4708 1345 4762 tuis
1379 4724 1497 4761 eam
1525 4707 1730 4777 ejieito,
1762 4718 1816 4762 et
1859 4709 1913 4762 in
1955 4724 2073 4762 mo-

504 4802 804 4856 nasterium
837 4803 1042 4855 abdito.
1107 4800 1189 4854 Sit
1241 4802 1354 4869 ipsa
1386 4815 1508 4854 cum
1548 4799 1872 4871 virginibus,
1930 4810 1984 4854 et
2018 4808 2072 4854 tu

504 4896 748 4950 virorum
778 4905 934 4949 ntere
962 4893 1309 4950 ministerio:
1350 4909 1417 4947 ne
1471 4909 1666 4947 nomen
1706 4892 1800 4946 Dei
1853 4904 2075 4963 propter

503 5003 603 5041 nos
633 4986 1062 5055 blasphemetur.
1096 4984 1348 5050 Quandiu
1387 4999 1517 5038 vero
1557 4984 1668 5038 hanc
1704 4983 1894 5048 facies,
1937 4983 2074 5037 nihil

503 5078 600 5132 tibi
635 5080 932 5146 proderunt
961 5077 1066 5132 illze
1099 5077 1392 5147 myriades,
1441 5092 1672 5146 quarum
1717 5077 1770 5128 in
1827 5076 2076 5144 epistolis

503 5169 832 5224 mentionem
880 5168 1051 5235 facis;
1113 5171 1206 5223 sed
1241 5177 1299 5222 ut
1354 5169 1516 5221 homo
1563 5183 1746 5224 sccors
1797 5166 2072 5230 morieris,

503 5271 558 5315 et
581 5259 841 5315 secordis:
891 5269 995 5314 tuan
1024 5261 1287 5314 rationem
1335 5260 1443 5314 Deo
1472 5259 1685 5314 reddes.
1727 5257 1884 5324 Quod
1931 5261 1976 5313 si
2023 5268 2074 5313 te

507 5353 733 5408 minime
772 5354 1078 5424 corrigens,
1122 5354 1359 5408 retinere
1389 5366 1572 5408 tamen
1601 5353 1965 5407 sacerdotium
1989 5363 2073 5406 at-

505 5446 800 5501 tentaveris
829 5463 842 5499 :
880 5446 993 5499 eris
1023 5445 1171 5498 omni
1206 5446 1408 5514 populo
1454 5446 1762 5508 anathema,
1791 5446 1994 5516 quique
2021 5455 2073 5498 te

507 5540 798 5608 recipient,
835 5539 888 5592 in
931 5539 1081 5592 omni
1126 5538 1368 5593 Ecclesia
1412 5539 1556 5593 velut
1601 5538 1837 5598 abslcnti
1891 5537 2072 5607 publi-

505 5647 566 5684 ca
575 5632 794 5685 buntur.

579 5744 654 5797 Ex
691 5745 790 5799 hac
825 5756 1006 5802 autem
1047 5745 1278 5815 epistola
1315 5745 1571 5814 colligere
1599 5746 1726 5800 licet
1767 5761 1871 5810 non
1908 5764 2070 5816 opor-

510 5846 620 5895 tere
655 5839 834 5892 statim
863 5839 1132 5909 segregari
1173 5839 1548 5908 presbyterum
1585 5839 1674 5910 qui
1718 5854 1843 5894 cum
1900 5841 2073 5895 aliena

2183 4633 2567 4702 μοναστηρίῳ·
2602 4632 2742 4684 ἔστω
2775 4631 2960 4701 ἐκείνη
2987 4631 3125 4700 μετὰ
3172 4631 3482 4700 παρθένων,
3522 4628 3610 4680 καὶ
3662 4625 3715 4677 σὺ

2181 4705 2458 4793 ὑπηρετοῦ
2489 4724 2592 4777 ὑπὸ
2621 4723 2854 4794 ἀνδρῶν,
2884 4723 2971 4777 ἶνα
3000 4723 3073 4793 μὴ
3099 4723 3158 4774 τὸ
3185 4724 3359 4795 ὄνομα
3387 4721 3480 4775 τοῦ
3512 4718 3638 4774 Θεοῦ
3661 4719 3716 4769 δι’

2179 4818 2327 4886 ἡμᾶς
2361 4816 2769 4886 βλασφημῆται.
2798 4816 2946 4877 Ἕως
2976 4815 3021 4867 δ’
3045 4815 3112 4868 ἂν
3138 4813 3310 4868 ταῦτα
3342 4817 3517 4884 ποιῇς,
3549 4814 3599 4864 αί
3629 4829 3717 4880 pu-

2181 4908 2384 4976 ριάδες,
2409 4909 2472 4970 εις
2495 4925 2601 4978 περ
2635 4909 2699 4960 σὺ
2731 4908 2964 4978 γράφεις
2991 4907 3079 4960 διά
3106 4907 3212 4960 τῶν
3239 4908 3552 4978 ἐπιστολῶν,
3578 4904 3714 4957 οὐδὲν

2176 4995 2518 5066 ὠφελήσουσί
2546 5013 2627 5063 σε,
2661 4996 2797 5050 ἀλλὰ
2813 4997 3163 5060 τελευτήσεις
3181 4997 3390 5068 ἀργῶν,
3423 4998 3509 5052 καὶ
3539 4995 3712 5055 δώσεις

2175 5087 2252 5157 τῷ
2285 5089 2474 5160 Κυρίῳ
2523 5075 2680 5157 λόγον
2709 5089 2806 5158 τῆς
2849 5088 3079 5141 σεαυτοῦ
3122 5088 3344 5158 ἀργίας,
3374 5090 3498 5143 Ἐἀν
3527 5089 3578 5139 δὲ
3608 5085 3713 5138 τολ-

2181 5183 2381 5252 μήσῃς»
2428 5181 2503 5251 μὴ
2531 5181 2966 5252 διορθωσάμενος
2997 5182 3249 5245 σεαυτὸν,
3279 5181 3584 5252 ἀντέχεσθαι
3627 5179 3711 5245 τῆς

2178 5275 2502 5344 ἱερωσύνης,
2531 5274 2776 5346 ἀνάθεμα
2804 5273 2900 5345 ἔσῃ
2933 5274 3097 5327 παντὶ
3127 5275 3204 5344 τῷ
3225 5274 3362 5344 λαῷ,
3389 5276 3476 5328 καὶ
3503 5273 3551 5324 οἱ
3579 5271 3712 5340 δεχό-

2181 5367 2331 5436 μενοί
2374 5355 2450 5417 σε’
2478 5367 2844 5436 ἐκκήρυκτοι··
2875 5366 3016 5421 κατὰ
3045 5370 3226 5436 πᾶσαν
3273 5365 3592 5437 Ἐκκλησίαν
3626 5378 3707 5432 γε·

2179 5460 2455 5533 νησονταιτ

2253 5753 2346 5803 Ἐκ
2375 5753 2432 5804 δέ
2464 5752 2556 5818 τῆς
2594 5750 2882 5820 ἐπιστολῆς
2919 5751 3120 5821 ταύτης
3159 5754 3389 5825 πάρεστι
3413 5752 3600 5819 γνῶναι
3646 5749 3708 5817 μὴ

2182 5843 2288 5896 δεῖν
2323 5844 2482 5906 εὐθὺς
2514 5842 2862 5915 ἀφορίζεσθαι
2893 5846 2984 5900 τὸν
3023 5844 3282 5918 ἀλλοτρίᾳ
3321 5842 3526 5916 γυναικὶ
3556 5855 3708 5894 συνοι-
