3902 6552
479 363 582 425 207

1661 373 2032 435 MATTH/EI
2066 377 2492 444 BLASTARIS

3545 396 3686 460 laus

440 476 594 535 CAP.
620 475 788 531 XXII.
819 477 971 543 Quod
997 479 1236 574 mulieres
1264 481 1332 574 ad
1359 497 1572 574 sacrum
1603 483 1774 539 altare
1801 487 2018 542 introire

2144 493 2373 552 (ΕΦΑΛ.
2421 495 2548 574 KB_'.
2593 496 2723 574 ’ρει
2754 499 3040 574 γυναῖκας
3067 504 3138 557 οὐ
3162 503 3275 574 ,δεῖ
3297 505 3685 574 είσέρχεσθαι

988 596 994 601 .
1039 565 1142 604 non
1173 563 1432 621 oporteat.

513 662 702 719 canon
729 662 798 718 M
828 677 948 734 syn.
983 661 1206 721 Laodic.
1237 666 1532 722 absurdum
1559 667 1708 723 ducit
1734 680 1793 724 ut
1818 669 2013 726 mulier

449 759 517 813 ad
552 773 767 813 sacrum
800 763 972 814 altare
997 760 1264 828 introeat;
1289 765 1542 834 quamvis
1571 765 1621 818 id
1640 765 1770 819 olim
1797 766 1862 822 iis
1895 781 2016 836 per-

449 850 682 905 missum
715 859 854 904 erat.
891 850 948 904 Si
978 853 1124 906 enim
1158 853 1290 907 viris
1326 853 1478 908 laieis
1518 853 1624 909 hoc
1659 855 1884 908 velitum
1919 855 2011 919 sit,

449 941 622 995 multo
681 941 856 1014 magis
907 942 1248 999 mulieribus.
1319 943 1626 1013 Ejiciuntur
1685 953 1893 1009 autem,
1957 955 2016 1000 ut

448 1033 696 1088 nonnulli
743 1034 952 1099 dicunt,
989 1043 1211 1103 propter
1240 1035 1666 1089 involuntarium
1704 1047 2015 1090 menstruo-

449 1117 581 1178 rum"
606 1123 831 1180 ﬂuxum.
855 1127 1049 1192 Quare
1070 1129 1233 1184 etiam
1261 1128 1313 1181 Η
1341 1143 1462 1198 cap.
1487 1127 1772 1198 praesentis
1801 1127 2012 1193 litterae,

448 1224 502 1268 et
534 1213 568 1269 6
597 1230 717 1286 cap.
755 1217 836 1271 lit.
865 1218 924 1271 Β.

449 1421 603 1479 CAP.
624 1420 816 1477 XXIII.
843 1423 995 1490 Quod
1017 1424 1264 1478 mulieres
1282 1423 1337 1478 in
1356 1423 1573 1480 ecclesia
1591 1424 1744 1479 silere
1759 1433 2014 1493 oporteat.

520 1581 712 1638 Canon
745 1583 812 1638 70
836 1599 959 1655 syn.
988 1600 1041 1638 γι
1075 1585 1331 1640 mulieres
1356 1585 1632 1640 silentium
1657 1599 1816 1652 agere
1839 1583 2016 1652 jubet.

446 1673 602 1742 iuxta
633 1677 814 1747 magni
851 1676 1007 1731 Pauli
1043 1692 1255 1739 vocem,
1291 1693 1396 1731 non
1420 1679 1597 1732 solum
1640 1678 1692 1730 in
1729 1679 2016 1732 ministerii

2464 568 2553 632 εις
2583 567 2646 622 τὸ
2674 567 2848 638 ἅγιον
2875 567 3330 643 θυσιαστήριον.

2197 679 2255 733 '0
2291 679 2372 750 μδ⁹
2400 681 2501 751 τῆς
2523 681 2581 735 ἐν
2609 682 2900 756 Λαοδικείᾳ
2933 685 3147 739 συνόδου
3177 686 3357 741 κανὼν
3410 689 3684 757 είσιτητδν

2115 766 2252 825 εἶναι
2285 772 2504 839 γυναιξὶ
2553 772 2612 827 τὸ
2663 774 2819 842 ἅγιον
2869 776 3252 848 θυσιαστήριον
3323 780 3432 833 τῶν
3467 781 3686 833 ἀτόπων

2115 865 2352 933 ἡγεῖται,
2391 866 2440 918 ει
2472 865 2564 918 καὶ
2615 865 2806 938 πρώην
2854 863 2921 938 ἦν
2967 869 3248 940 ἀνειμένον
3295 871 3391 925 καὶ
3435 873 3682 933 ταύταις.

2115 956 2178 1010 El
2211 956 2340 1024 γοῦν
2379 957 2584 1021 λαῖκοῐς
2614 959 2836 1029 ἀνδράσι
2861 961 3016 1015 τοῦτο
3043 963 3361 1034 ἀπείρηται,
3396 964 3596 1017 πολλοῦ
3623 981 3686 1031 γε

2119 1050 2200 1102 δεῖ
2223 1048 2491 1116 γυναιξίν.
2530 1051 2919 1121 Ἐκὸἐϐληνται
2949 1053 3026 1117 δὲ,
3049 1054 3126 1118 ὥς
3155 1055 3288 1122 φασί
3321 1073 3488 1120 τινες,
3529 1056 3688 1126 παρὰ

2116 1141 2215 1212 τὴν
2239 1141 2344 1194 τῶν
2375 1143 2635 1213 ἐμμήνων
2671 1144 3034 1215 ἀπροαίρετον
3074 1145 3251 1216 ῥύσιν.
3302 1149 3463 1216 Ζήτει
3501 1150 3600 1201 καὶ
3629 1147 3688 1199 τὸ

2121 1231 2186 1285 ια’
2219 1232 2512 1301 κεφάλαιον
2536 1234 2628 1288 τοῦ
2656 1238 2922 1306 παρόντος
2955 1239 3247 1308 στοιχείου,
3276 1239 3371 1292 καὶ
3398 1239 3458 1291 τὸ
3479 1240 3532 1304 ς’
3557 1256 3685 1308 usq.

2117 1324 2213 1379 τοῦ
2246 1327 2286 1377 Β
2318 1327 2604 1396 στοιχείου.

2121 1440 2371 1494 ΚΕΦΑΛ.
2417 1440 2544 1497 ΚΓ.
2599 1441 2720 1496 Ὀτι
2765 1443 3058 1521 γυναῖκας
3106 1443 3203 1498 δεῖ
3267 1445 3337 1497 ἐν
3387 1445 3689 1513 ἐκκλησίᾳ

2796 1529 2995 1567 atq-ar.

2796 1530 2858 1566 σι
2940 1531 2995 1567 ν.

2203 1601 2265 1654 Ὀ
2321 1599 2362 1654 o'
2393 1603 2491 1671 τῆς
2526 1601 2577 1666 ς’
2628 1603 2842 1656 συνόδου
2862 1530 3075 1657 τιῗανὼν
3127 1605 3284 1676 σιγὴν
3327 1607 3510 1659 ἀσκεῖν
3570 1610 3691 1668 ταῖς

2123 1696 2368 1760 γυναιξὶν
2399 1695 2698 1760 ἐπιτάττει,
2733 1696 2874 1749 κατᾶ
2905 1697 3005 1766 τὴν
3041 1696 3136 1751 τοῦ
3195 1699 3432 1767 μεγάλου
3468 1699 3688 1753 Παύλου

456 1777 724 1836 tempore,
761 1769 856 1822 sed
895 1767 950 1822 in
991 1768 1138 1822 omni
1173 1767 1416 1822 ﬁdelium
1452 1777 1746 1821 conventu.
1783 1767 1936 1833 Quod
1973 1767 2019 1822 si

2144 1786 2330 1856 ρωνὴν.
2359 1787 2458 1839 οὒκ
2483 1790 2539 1840 ἐν
2567 1788 2642 1857 τῷ
2667 1788 2766 1854 τῆς
2795 1789 3139 1859 λειτουργίας
3165 1789 3310 1859 μόνῳ
3331 1790 3527 1861 καιρῷ,
3554 1791 3694 1862 ἀλλῇ

454 1861 752 1930 quidquam
802 1860 1016 1915 discere
1069 1861 1368 1922 voluerint,
1418 1862 1646 1914 maritos
1696 1874 1828 1913 suos
1871 1859 2016 1912 domi

2144 1893 2186 1944 re
2211 1880 2302 1929 καὶ
2329 1879 2418 1930 ἐπὶ
2448 1878 2629 1949 πάσης
2659 1879 2766 1932 τῶν
2794 1880 3002 1932 πιστῶν
3035 1881 3418 1944 συνελεύσεως.
3455 1882 3514 1934 Εἰ
3545 1883 3607 1934 δέ
3634 1900 3683 1934 τι

454 1955 813 2024 interrogent.
853 1953 964 2009 Hoc
987 1956 1147 2008 etiam
1179 1954 1247 2008 iis
1267 1953 1360 2023 qui
1393 1963 1521 2007 sunt
1545 1963 1698 2008 extra
1724 1953 2018 2007 ecclesiam

448 2047 782 2102 conveniens
842 2047 1020 2101 visum
1070 2057 1170 2101 est.
1231 2046 1368 2101 Dicit
1427 2045 1572 2100 enim
1634 2053 1790 2113 poeta
1837 2044 2021 2100 nescio

447 2137 592 2207 quis,

875 2228 1128 2283 Mulieres
1172 2240 1325 2284 ornat
1357 2229 1648 2283 silentium.

450 2343 603 2400 CAP.
634 2342 826 2400 XXlV.
871 2343 1021 2409 Quod
1039 2345 1283 2399 mulieres
1328 2361 1445 2400 cum
1475 2345 1600 2398 viris
1649 2345 2022 2400 commercium

567 2413 784 2481 habere,
822 2424 870 2468 et
916 2427 1077 2469 vestes
1109 2416 1281 2467 viriles
1311 2416 1527 2468 induere
1554 2431 1650 2468 non
1690 2424 1913 2482 oportet.

523 2506 810 2564 CanoniS
855 2523 977 2575 syn.
1022 2507 1226 2578 Gangr.
1264 2496 1522 2564 mulieres
1561 2523 1670 2561 non
1724 2507 2019 2576 impunitas

452 2600 741 2670 praeteriit,
802 2615 925 2670 qua:
988 2607 1210 2670 propter
1250 2615 1394 2665 eam,
1458 2614 1580 2669 qua}
1642 2599 2017 2662 existimatur,

451 2692 925 2757 exercitationem,
955 2708 1052 2761 pro
1083 2702 1347 2747 consueto
1389 2692 1643 2746 muliebri
1677 2691 2018 2756 indumento,

454 2793 659 2838 vestem
684 2783 890 2838 virilem
919 2785 1236 2847 induerunt,
1269 2783 1362 2838 sed
1385 2797 1477 2836 eas
1499 2767 1844 2837 anathemate
1875 2780 2018 2835 ferit.

456 2876 852 2946 Unusquisque
878 2876 1047 2941 enim,
1078 2874 1272 2943 inquit,
1309 2874 1362 2928 in
1392 2889 1458 2929 eo
1488 2873 1682 2928 ordine
1719 2888 1829 2943 quo
1860 2887 2023 2927 voca-

458 2981 547 3023 tus
570 2977 675 3032 est,
710 2976 1044 3038 permaneat.
1072 2965 1288 3022 Scimus
1308 2977 1488 3021 autem
1521 2965 1776 3021 mulieres
1801 2951 2035 3035 propter

453 3075 640 3115 veram
696 3071 751 3114 et
799 3075 908 3114 non
954 3059 1266 3116 simulatam
1319 3058 1765 3112 exercitationem
1812 3067 2017 3110 vestem

2128 1969 2322 2038 μαθεῖν
2368 1969 2665 2036 ὲθέλουσιν,
2704 1972 2762 2024 ἐν
2794 1973 2929 2034 οἴκῳ
2959 1972 3085 2034 τοὺς
3133 1973 3298 2034 ίδίους
3333 1972 3532 2043 ἄνδρας
3563 1973 3692 2024 ἕπεο

2128 2063 2476 2134 ρωτὰτωσαν.
2527 2064 2699 2116 Τοῦτο
2755 2064 2812 2117 δὲ
2860 2067 3106 2129 καὶτοῖς
3150 2065 3385 2136 θύραθεν
3436 2065 3692 2136 ἁρμόδιον

2123 2152 2300 2216 ἔδοξευ
2329 2155 2464 2222 φησὶ
2493 2153 2598 2222 γάρ
2631 2171 2715 2216 τις
2746 2154 2846 2224 (Ι).
3090 2165 3122 2180 ’⁵

2266 2246 2474 2310 Γύναι,
2507 2236 2746 2314 γυναιξὶ
2784 2247 3017 2316 κόσμον
3049 2247 3085 2314 ἠ
3115 2245 3259 2314 σιγῆ
3285 2247 3471 2314 φέρει.

2123 2356 2370 2411 ΚΕΦΔΛ.
2412 2358 2537 2411 ΚΔ’.
2572 2358 2701 2411 Ὅτι
2719 2359 2795 2428 ,οὐ
2817 2357 2912 2411 δεῖ
2931 2358 3215 2428 γυναῖκας
3238 2359 3534 2427 ἀνδρικὴν
3558 2375 3692 2414 στο-

2661 2431 2701 2481 .1
2713 2427 2788 2495 ὴν
2813 2428 3158 2484 ἐνδύεσθαι.

2206 2519 2266 2573 ‘0
2306 2518 2374 2587 ιγ’
2401 2520 2500 2590 τῆς
2546 2520 2604 2573 ὲν
2644 2520 2869 2591 Γάγγρᾳ
2917 2522 3133 2574 συνόδου
3174 2522 3357 2575 κανὼν
3434 2521 3559 2575 οὐδὲ
3593 2520 3694 2573 τῶν

2124 2611 2402 2679 γυναικῶν
2437 2612 2861 2680 ἀνεπιτιμήτους
2889 2610 3093 2673 εἴασεν,
3129 2612 3253 2666 ὅσαι
3283 2610 3693 2682 διὰυνομιζομέ-

2123 2721 2223 2774 νην
2275 2703 2508 2772 ἄσκησιν
2589 2704 2712 2757 ἀντὶ
2769 2704 2866 2772 τῆς
2925 2703 3179 2766 εἰωθυίας
3239 2703 3456 2770 γυναιξὶ
3505 2702 3694 2773 στολῆς

2123 2795 2365 2866 ἀνδρῷον
2411 2795 2625 2862 ἔσθημα
2683 2795 3128 2865 περιϐέϐληνται,
3175 2794 3309 2847 ἀλλά
3362 2797 3458 2848 καὶ
3491 2793 3692 2855 ταύτας

2121 2887 2199 2956 τῷ
2235 2875 2536 2954 ἀναθέμαξι
2570 2885 2950 2956 παραπέμπει.
3013 2886 3284 2948 Ἕκαστος
3325 2884 3452 2955 γὰρ,
3506 2888 3690 2955 φησιν,

2123 2981 2184 3032 ἐν
2212 2973 2255 3047 ᾧ
2282 2979 2508 3050 ἔκλῆθη,
2549 2981 2606 3031 ὲν
2655 2977 2826 3048 τούτῳ
2854 2977 3087 3047 μενέτω.
3140 2979 3329 3048 Ἶσμεν
3379 2977 3436 3029 δὲ
3475 2978 3579 3040 τὰς
3628 2976 3693 3030 δι’

2127 3073 2364 3142 ἄσκησιν
2405 3070 2605 3142 ἀληθῆ.
2644 3072 2738 3126 καὶ
2766 3071 2828 3124 οὐ
2873 3070 2998 3139 καθ’
3027 3071 3318 3141 ὑπόκρισιν
3347 3070 3506 3123 τοῦτο
3535 3069 3695 3124 ὑπελ-

458 3152 776 3222 hujusmodi
819 3152 1127 3217 induentes,
1173 3161 1307 3221 quot
1337 3166 1535 3205 rursus
1569 3149 1835 3204 aseeticos
1864 3164 2021 3216 pere-

2144 3165 2330 3226 Ξούσας
2358 3163 2420 3216 τὸ
2453 3163 2660 3233 σχῆμα.
2699 3165 2854 3224 ὅσους
2887 3163 3219 3233 ἀσκητικοὺς
3249 3161 3470 3229 ἀγῶνας
3518 3161 3696 3231 διήνυς

456 3254 676 3316 gerunt,
707 3245 930 3302 virtutis
989 3245 1264 3315 fastigium
1320 3252 1604 3297 assecuta.
1640 3243 1831 3310 Quaere
1861 3241 2023 3297 etiam

2144 3275 2252 3323 ταν,
2283 3260 2383 3312 καὶ
2432 3256 2524 3309 τοῦ
2576 3257 2746 3326 ἄκρου
2775 3256 2876 3322 τῆς
2921 3255 3123 3326 ἀρετῆς
3153 3253 3504 3308 ιπεὶάδοντο.
3537 3255 3694 3322 Ζήττι

459 3345 511 3398 in
539 3344 574 3398 ὅ
609 3358 732 3413 cap.
768 3343 964 3397 littera:
991 3343 1055 3398 Ε.
1083 3356 1203 3396 can.
1236 3339 1305 3397 62
1327 3356 1448 3411 syn.
1477 3356 1552 3394 v1.

457 3546 611 3606 CAP.
649 3545 821 3602 XXV.
855 3545 1009 3611 Quod
1040 3561 1296 3614 puerpera
1323 3550 1390 3599 ad
1435 3551 1578 3596 stata
1605 3541 1811 3610 jejunio
1857 3541 2030 3593 obser-

951 3619 1126 3670 vanda
1171 3632 1273 3668 non
1311 3624 1536 3668 tenetur.

531 3711 723 3765 Cauon
781 3710 815 3765 8
871 3707 1142 3764 Timothei
1191 3707 1544 3763 Alexandrini
1603 3722 1922 3776 puerperam
1975 3707 2028 3761 in

463 3804 689 3860 Pascha:
717 3803 1146 3873 Quadragesima
1201 3811 1402 3856 statum
1428 3801 1693 3872 jejunium
1716 3815 1823 3855 non
1846 3799 2032 3853 obser-

467 3913 596 3953 vare
625 3897 819 3968 jubet;
861 3896 956 3950 sed
993 3895 1098 3948 vini
1153 3894 1470 3963 participem
1511 3908 1653 3955 esse,
1705 3902 1761 3945 et
1800 3889 2030 3944 modicis

466 3991 626 4057 cibis,
651 4000 914 4060 quantum
946 3988 1088 4042 l'erre
1113 3988 1332 4058 poterit,
1353 4001 1475 4040 sese
1491 3985 1734 4039 reticere.
1757 3981 2030 4052 Jejunium

467 4083 615 4138 enim
650 4083 717 4136 ad
767 4077 1196 4134 humiliationem
1230 4077 1479 4145 corporis
1510 4075 1878 4140 excogitatum
1915 4084 2032 4138 est;

467 4175 615 4244 quod
641 4189 765 4228 cum
798 4171 1077 4226 inﬁrmum
1103 4179 1204 4235 est,
1231 4185 1336 4223 non
1367 4168 1655 4236 disciplina
1690 4168 1916 4235 indiget,
1939 4168 2033 4219 sed

467 4267 698 4332 auxilio,
734 4274 793 4322 ut
823 4259 1172 4321 convalescat
1202 4271 1256 4318 et
1291 4262 1504 4334 priores
1541 4261 1685 4318 vires
1727 4268 2034 4330 recupcret.

469 4569 582 4640 se
630 4565 783 4623 car.
847 4563 1062 4640 xxvn
1113 4563 1186 4616 De
1243 4577 1303 4616 eo

1016 4638 1278 4688 obsessam
1349 4632 1525 4684 habet.

541 4730 866 4784 Timotheus
905 4725 1262 4780 Alexandrin.
1291 4723 1344 4777 in
1376 4738 1501 4778 can.
1545 4723 1612 4777 15
1635 4739 1651 4780 :
1676 4722 1802 4788 Qui,
1833 4721 2034 4790 inquit,

474 4837 647 4879 uxore
686 4838 783 4877 sua
814 4821 1062 4874 daemone
1091 4817 1316 4871 obsessa
1347 4815 1418 4870 ita
1446 4824 1504 4869 ut
1522 4815 1727 4870 ferreos
1747 4814 2038 4882 compedes

475 4924 674 4988 gestet,
739 4929 864 4968 cum
913 4911 1262 4966 continenter
1301 4909 1486 4962 vivere
1549 4914 1804 4975 nequeat,
1858 4905 1927 4958 ab
1974 4917 2038 4958 ea

477 5009 616 5067 solvi
654 5017 710 5063 et
739 5006 902 5060 aliam
930 5005 1132 5060 ducere
1161 5002 1411 5066 voluerit,
1443 5000 1567 5065 iste,
1598 5009 1752 5067 puto,
1784 4998 2036 5052 adulterii

481 5111 664 5162 notam
707 5113 816 5156 non
851 5099 1094 5168 etiugiet.
1125 5095 1326 5151 Verum
1368 5095 1514 5149 circa
1546 5109 1631 5154 ea,
1655 5107 1889 5162 quorum
1923 5106 2041 5146 cer-

481 5207 590 5251 tam
616 5190 902 5250 scientiam
933 5203 1042 5244 non
1077 5187 1272 5253 habeo,
1301 5198 1483 5242 tacere
1510 5187 1681 5242 satius
1707 5183 1861 5242 duxi.

1185 5366 1314 5423 Lex.

552 5471 631 5525 Ex
666 5464 878 5521 novella
911 5471 1092 5518 autem
1119 5462 1470 5532 imperatoris
1498 5460 1699 5516 Leonis
1727 5458 2043 5530 Philosophi

485 5563 682 5620 marito
709 5572 1032 5628 concessum
1063 5564 1168 5619 est,
1198 5569 1323 5609 cum
1357 5554 1602 5619 muliere,
1633 5570 1753 5624 quae
1783 5561 2044 5623 perpetua

2135 3354 2232 3406 uel.
2261 3352 2317 3405 ιν
2350 3350 2427 3419 τῷ
2457 3349 2505 3417 γ’
2540 3366 2664 3416 κεφ.
2691 3346 2786 3400 τοῦ
2810 3349 2850 3400 Ε
2884 3347 3151 3418 στοιχείου
3177 3346 3376 3400 κανόνα
3397 3341 3476 3413 ξβ⁹
3508 3347 3610 3413 τῆς
3640 3350 3693 3408 ς’

2134 3433 2376 3498 συνόδου.

2133 3557 2387 3611 ΚΕΦᾹΛ.
2423 3557 2466 3608 1(
2480 3557 2552 3612 Ε¹.
2582 3556 2709 3608 Ὀτι
2760 3568 3018 3622 γυναικα
3044 3552 3160 3618 τὴν
3185 3553 3348 3621 λεχὼ
3368 3553 3482 3606 οὐκ
3514 3553 3697 3622 ἀναγ-

2203 3627 2374 3680 καῖον
2425 3625 2530 3690 τὰς
2589 3623 3026 3693 νενομισμένας
3063 3626 3353 3690 νηστείας
3399 3623 3626 3688 τηρεῖν.

2216 3720 2276 3775 ’0
2308 3724 2360 3787 η’
2407 3715 2586 3770 κανὼν
2636 3713 2732 3769 τοῦ
2789 3712 3056 3782 Τιμοθέου
3123 3711 3530 3781 Ἀλεξανδρείας
3603 3710 3696 3781 τὴν

2133 3811 2400 3865 τεκοῦσαν
2431 3807 2662 3875 γυναῖκα
2690 3803 2830 3859 κατὰ
2867 3804 2966 3874 τὴν
2991 3801 3436 3872 τεσσαρακοστὴν
3463 3799 3556 3854 τοῦ
3592 3802 3697 3854 Πά-

2139 3922 2243 3975 σχα
2293 3903 2368 3973 μὴ
2431 3901 2720 3971 φυλάττειν
2747 3900 2847 3967 τὴν
2890 3897 3285 3966 νενομισμένην
3320 3895 3576 3965 νηστείαν
3613 3911 3698 3948 κει

2136 3994 2303 4057 λεύει,
2339 3991 2474 4045 ἀλλὰ
2506 3989 2600 4043 καὶ
2623 3989 2768 4040 οἴνου
2796 3986 3114 4056 μεταλήψει.
3151 3986 3248 4038 καὶ
3281 3983 3524 4053 μετρίοις

2140 4101 2330 4156 μασιν,
2375 4083 2545 4152 ὁπόση
2587 4081 2842 4152 δύναμις,
2869 4079 3067 4149 ἑαυτὴν
3092 4076 3452 4132 ἀνακτᾶσθαι.
3503 4076 3568 4130 Ἦ
3595 4078 3698 4147 γὰρ

2140 4177 2365 4248 νηστεία
2418 4175 2510 4229 διὰ
2564 4173 2858 4228 κατάλυσιν
2909 4171 3003 4225 τοῦ
3043 4170 3295 4242 σώματος
3341 4169 3698 4237 ἐπινενόηται,

2139 4270 2298 4326 τοῦτο
2329 4267 2386 4332 δὲ
2413 4265 2652 4327 ἀσθενῶς
2680 4264 2824 4334 εχον,
2851 4263 2914 4317 οὐ
2951 4263 3122 4328 δεῖται
3144 4261 3539 4329 παιδαγωγίας,
3564 4259 3698 4312 ἀλλὰ

2142 4359 2414 4432 βοηθείας,
2465 4361 2544 4420 είς
2593 4357 2655 4411 τὸ
2707 4355 2982 4427 ῥωσθῆναί
3026 4370 3109 4421 τε,
3159 4357 3255 4409 καὶ
3299 4355 3402 4424 τὴν
3435 4351 3699 4422 προτέραν

2143 4452 2475 4519 συναγαγεῖν
2503 4447 2750 4518 δύναμιν.

1364 4561 1456 4642 qui
1521 4575 1737 4614 uxorem
1803 4561 2025 4613 dromon:

2145 4570 2396 4626 ΚΕΦΑΛ.
2435 4568 2582 4633 KG’.
2624 4563 2765 4633 Περὶ
2805 4562 2911 4642 τοᾷ
2940 4561 3196 4632 γυναῖκα
3225 4559 3474 4629 ἔχοντος
3497 4559 3699 4628 δαιμο-

2820 4648 3053 4688 νωσαν.

2233 4731 2295 4783 '0
2322 4730 2422 4799 μὲν
2453 4726 2717 4798 Τιμόθεος
2750 4722 3154 4792 ’Δλεξανδρείας
3203 4723 3260 4774 ἐν
3289 4721 3366 4790 τῷ
3409 4726 3469 4773 ιε’
3519 4718 3703 4772 κανόνι

2154 4824 2364 4885 Ὅστις,
2408 4821 2560 4890 φησὶ,
2617 4815 2961 4886 δαιμονὼσης
3011 4813 3111 4882 τῆς
3159 4810 3438 4880 γυναικὸς,
3486 4809 3558 4871 ὡς
3611 4809 3702 4862 καὶ

2149 4914 2326 4984 δεσμὰ
2357 4909 2698 4979 περικεῖσθαι
2729 4907 2934 4974 ταύτην
2966 4903 3166 4973 σιδήρῳ
3201 4901 3562 4970 πεποιημένα,
3599 4917 3703 4951 σω-

2148 5007 2362 5075 φρόνως
2394 5001 2469 5071 μὴ
2487 5000 2787 5068 δυνάμενος
2819 4997 2985 5065 ἔχειν,
3009 4991 3214 5058 ταύτης
3243 4992 3340 5060 μὲν
3360 4988 3698 5075 διαζυγῇναι.

2147 5071 2340 5164 ἑτέραν
2375 5091 2422 5144 δ’
2456 5087 2760 5158 ἀγαγέσθαι
2815 5081 3130 5156 βουληθείη,
3181 5075 3356 5142 οὗτος,
3408 5077 3481 5141 ὡς
3523 5071 3697 5164 οἶμαι,

2146 5163 2368 5256 γραφήν
2404 5184 2650 5254 μοιχείας
2701 5180 2761 5233 οὐ
2812 5177 3168 5244 διαπέφευγε.
3222 5172 3372 5240 Πλὴν
3405 5173 3461 5224 ἐν
3501 5163 3583 5232 οἷς
3609 5169 3706 5222 οὐκ

2149 5275 2269 5333 οἶδα
2306 5275 2536 5349 βεϐαίως
2563 5274 2760 5336 εἰπεῖν,
2785 5269 3008 5339 ἄμεινον
3032 5266 3250 5338 ἥγημαι
3284 5263 3508 5334 σιωπᾷν.

2830 5361 3049 5429 Νόμος.
3491 5415 3495 5419 ,

2235 5462 2331 5515 Ἐκ
2357 5459 2412 5512 δὲ
2433 5457 2529 5527 τῆς
2567 5455 2787 5525 Νεαρᾶς
2815 5451 2910 5504 τοῦ
2947 5441 3210 5522 βασιλέως
3240 5445 3464 5506 Λέοντος
3485 5439 3576 5494 τοῦ
3614 5442 3704 5494 Σο-
3779 5501 3784 5506 ι

2156 5552 2256 5625 φοῦ
2297 5552 2506 5606 δέδοται
2535 5548 2610 5619 τῷ
2638 5547 2811 5616 ἀνδρὶ,
2847 5543 3074 5613 διηνεκῆ
3107 5540 3304 5611 μανίαν
3330 5535 3584 5604 νοσούσης
3605 5534 3700 5602 τῆς

485 5656 702 5716 insania
749 5653 984 5718 laborat,
1037 5647 1448 5704 matrimonium
1501 5647 1733 5712 solvere,
1791 5659 1844 5704 ct
1889 5649 2025 5704 alter

2158 5645 2433 5718 γυναικὸς,
2466 5642 2613 5698 λύειν
2647 5640 2738 5695 τὸν
2767 5639 2967 5711 γάμον,
3001 5636 3094 5690 καὶ
3121 5633 3286 5708 ἑτέρᾳ
3313 5628 3696 5689 συνάπτεσθαι·

557 5841 636 5910 (Η
689 5838 975 5910 Sophocl.,
1013 5838 1151 5906 Αἴας
1171 5850 1413 5908 μαστιγ.
1457 5851 1529 5903 Iv,
1561 5833 1690 5890 9.92.
