3902 6552
219 410 361 476 ιῖίυ

1195 408 1609 471 SYNTAGMA
1637 405 2265 470 ALPHABETICUM.
2313 429 2350 441 ἰ
2377 399 2416 451 Γ
2463 449 2477 462 .

3347 387 3487 454 1210

214 535 359 604 πλὴν
386 534 480 586 τὸν
515 532 617 603 μὲν
658 532 829 604 ἄνδρα
853 531 948 588 ἐπὶ
971 531 1213 604 τριετίαν
1243 531 1620 600 διακαρτερεῖν
1653 527 1797 598 αὕτη

1913 524 2185 596 conjungi.
2229 522 2433 578 Eadem
2471 533 2604 575 vero
2638 515 2850 572 novella
2900 511 3159 568 maritum
3192 523 3290 582 per
3316 509 3491 564 trien-

213 628 452 691 κελεύει,
479 630 578 682 καὶ
601 626 754 690 ἐντὸς
785 627 991 694 ταύτης
1025 626 1100 697 μὴ
1130 625 1371 679 διαλύειν
1399 623 1497 696 τὴν
1529 623 1666 694 μετὰ
1698 622 1798 692 τῆς

216 719 490 789 μανείσης
511 719 770 788 γυναικὸς
796 717 963 772 αὐτοῦ
994 718 1260 786 συζυγίαν
1281 734 1296 748 ·
1326 717 1425 787 τὴν
1470 716 1527 769 δὲ
1567 716 1798 783 γυναῖκα

216 816 293 885 μὴ
331 813 759 882 διαζεύγνυσθαι
793 811 883 866 τοῦ
918 813 1177 882 μανέντος
1205 811 1397 882 ἀνδρὸς
1420 810 1615 878 αὐτῆς,
1646 808 1695 860 εί
1723 806 1798 879 μὴ

216 907 488 976 παρέλθοι
532 906 855 962 πενταετία.
879 905 1048 958 Τοῦτο
1078 905 1172 957 καὶ
1217 905 1250 973 ὴ
1279 902 1374 956 τοῦ
1405 901 1669 973 βασιλέως
1692 900 1796 953 Νι-

215 997 469 1068 κηφόρου
495 998 590 1051 τοῦ
616 998 971 1051 Βοτανειάτου
995 996 1275 1065 νομοθετεῖ
1294 994 1483 1066 Νεαρόι
1505 1012 1520 1026 ο
1548 994 1612 1047 El
1629 993 1748 1053 καὶ,
1769 990 1798 1043 ὁ

217 1089 383 1159 νόμος
418 1091 575 1159 φησὶ,
607 1088 775 1158 μανία
808 1085 1090 1160 ἐμποδίζει
1117 1085 1210 1139 τὸν
1239 1085 1440 1158 γάμον,
1466 1085 1527 1139 ού
1559 1083 1664 1155 μὴν
1688 1083 1802 1137 διας

214 1183 333 1238 λύει
365 1184 462 1237 τὸν
491 1183 672 1247 καλῶς
701 1186 1000 1237 συστάντα.

213 1298 476 1351 ΚΕΦΔΛ.
514 1295 641 1351 ΚΖ’.
677 1296 818 1363 Περὶ
875 1294 994 1348 τῶν
1023 1292 1330 1363 γυναικῶν
1376 1290 1495 1345 τῶν
1539 1289 1608 1344 ἐν
1652 1286 1800 1363 ἀφέ-

506 1369 646 1437 δρφ,
679 1360 808 1436 ἤτοι
849 1366 970 1421 τῶν
1005 1360 1211 1420 οὐσῶν
1225 1365 1294 1418 ἐν
1313 1365 1512 1432 ῥύσει.
1587 1370 1594 1379 '
1747 1360 1750 1364 ί

243 1509 254 1516 ρ
284 1465 458 1532 Ζήτει
483 1463 547 1514 τὸ
576 1468 654 1526 ις’
688 1460 990 1530 κεφάλαιον
1020 1457 1116 1512 τοῦ
1149 1459 1197 1525 Α,
1223 1456 1513 1526 στοιχείου.

213 1576 477 1630 ΚΕΦΑΛ.
528 1573 664 1630 κη’.
702 1574 839 1641 Περὶ
874 1572 995 1626 τῶν
1040 1570 1345 1641 γυναικῶν
1385 1567 1502 1622 τῶν
1531 1567 1682 1635 πρὸς
1731 1567 1798 1619 τὸ

480 1643 798 1714 ἀμϐλῶσαι
830 1643 1118 1713 φάρμακα
1146 1641 1514 1710 δεχομένων.

297 1740 362 1792 Ὁ
405 1736 494 1806 ιμ’
523 1738 624 1807 τῆς
673 1742 730 1802 ς’
769 1735 990 1790 συνόδου
1031 1731 1215 1788 κανὼν
1275 1732 1439 1799 φόνου
1487 1731 1647 1794 δίκας
1691 1729 1799 1782 ὕπο

1907 620 2060 674 nium
2094 623 2420 688 exspectare
2445 613 2624 684 jubet,
2653 620 2709 666 et
2746 610 2892 666 intra
2923 607 3056 661 illud
3097 619 3224 661 cum
3255 602 3489 657 muliere

1905 711 2113 766 furiosa
2139 706 2458 778 conjugium
2491 720 2600 759 non
2627 703 2882 766 solvere;
2919 697 3207 754 mulierem
3242 705 3424 750 autem
3457 709 3484 743 ιο

1903 802 2102 858 marito
2140 817 2240 856 sun
2275 799 2484 854 furioso
2521 813 2630 851 non
2685 793 2954 862 separari,
2990 799 3282 859 antequam
3321 787 3482 856 quin-

1901 894 2202 967 quennium
2239 901 2492 947 exactum
2535 889 2636 945 sit.
2689 888 2837 942 ldem
2861 884 3026 940 etiam
3057 880 3272 938 novella
3305 878 3480 947 impe-

1902 987 2105 1041 ratoris
2177 982 2470 1052 Nicephori
2523 980 2847 1035 Botaniatiae
2910 975 3154 1032 statuit:
3217 969 3482 1038 Quamvis

1901 1074 2140 1136 insania,
2205 1074 2384 1143 inquit
2438 1073 2545 1138 lex,
2606 1067 3025 1125 matrimonium
3080 1062 3326 1132 impedit,
3367 1075 3480 1115 non

1903 1178 2091 1224 tamen
2126 1176 2274 1222 recte
2294 1175 2640 1222 contractum
2682 1161 2959 1219 dissolvit.

1901 1284 2056 1340 CAP.
2095 1283 2308 1343 XXVII.
2350 1283 2426 1339 De
2473 1279 2784 1336 mulieribus
2813 1274 3176 1340 uteustrualis,
3218 1272 3326 1327 sive
3373 1284 3490 1341 qua:

2419 1356 2626 1424 ﬂuxum
2663 1355 2965 1421 patiuntur.

1971 1456 2168 1523 Qntere
2196 1468 2318 1522 cap.
2348 1450 2414 1504 16
2444 1450 2639 1504 litterae
2669 1448 2735 1502 A.

1899 1567 2052 1626 CAP.
2073 1563 2311 1621 XXVIII.
2333 1564 2407 1616 De
2427 1560 2733 1614 mulieribus
2758 1557 3043 1627 pharmaca
3067 1554 3136 1609 ad
3157 1551 3486 1608 abortiouem

2365 1633 2607 1688 ciendam
2636 1629 2991 1685 sumentibus.

1972 1732 2162 1788 Canon
2193 1729 2257 1786 9f
2297 1743 2420 1800 syn.
2461 1740 2516 1780 v1
2557 1721 2842 1778 homicidii
2883 1735 3079 1792 ptenas
3135 1718 3293 1773 luere
3332 1713 3491 1784 jubet

211 1833 364 1903 ἐχειν
417 1831 659 1893 κελεύει,
710 1832 833 1884 ὅσαι
885 1829 997 1883 τῶν
1044 1827 1326 1897 γυναικῶν
1367 1827 1400 1897 ἢ
1438 1825 1709 1895 δέχονται,
1761 1822 1794 1894 ἢ

1913 1825 2171 1880 mulieres
2203 1837 2324 1892 quae
2350 1820 2438 1876 vel
2471 1819 2751 1888 accipiunt
2779 1815 2864 1871 vel
2903 1814 3027 1869 aliis
3057 1811 3302 1882 praebent
3325 1807 3490 1878 phar-

207 1887 409 1988 lilat;
428 1887 686 1996 ὀρέγουσι
715 1923 853 1993 πρὸς
881 1922 942 1976 τὸ
965 1887 1254 1992 ἀμὸλῶσαι
1288 1887 1580 1992 φάῥμαὲα.
1607 1887 1798 1988 Λάθρα

1913 1933 2061 1973 maca
2099 1917 2167 1972 ad
2207 1914 2551 1972 abortionem
2599 1910 2876 1968 ciendam.
2919 1907 3130 1973 Aliqua:
3160 1902 3306 1959 enim
3337 1899 3480 1955 clam

207 2016 347 2085 γοῦν
378 2033 531 2079 τινες
581 2015 808 2086 ἀνδράσι
845 2015 1202 2086 μιγνύμεναι,
1251 2013 1350 2067 καὶ
1391 2010 1800 2080 συλλαμϐάνου-

207 2125 326 2176 σαι,
379 2109 493 2162 δέει
522 2106 620 2161 τοῦ
671 2106 748 2178 μὴ
804 2107 1014 2160 ἁλῶναι
1067 2105 1325 2178 πορνείας
1386 2103 1635 2174 γονεῦσιν
1670 2102 1800 2165 ἴσως

206 2202 239 2268 ἦ
282 2199 613 2263 δεσπόταις,
649 2202 714 2270 τῇ
747 2198 841 2254 τοῦ
892 2199 1226 2269 δηλητηρίου
1262 2197 1420 2251 πόσει
1455 2196 1522 2250 τὰ
1578 2195 1800 2265 ἔμϐρυα

217 2291 481 2362 φθείρειν
515 2291 968 2360 ἐπιτηδεύουσιν,
1007 2292 1041 2361 ἢ
1077 2291 1173 2344 καὶ
1221 2290 1380 2362 βάρει
1431 2289 1532 2352 τὰς
1591 2287 1800 2352 κοιλίας

209 2383 528 2447 πιέζουσιν,
561 2383 704 2438 ὥστε
737 2384 913 2456 νεκρὰ
946 2385 1046 2455 τῆς
1078 2384 1320 2453 γαστρὶς
1366 2385 1623 2436 ἐκπεσεῖν
1647 2397 1662 2410 ·
1705 2381 1803 2436 καὶ

205 2476 270 2530 οὐ
303 2475 491 2530 ταῦτα
532 2476 896 2548 μόνον,ῗά).λὰ
925 2477 1020 2531 καὶ
1047 2477 1253 2538 ἑαυτὰς
1281 2475 1454 2528 ἐνίοτε
1483 2473 1799 2544 προσαπολ-

207 2568 464 2623 λύουσιν.

289 2663 356 2717 ὀ
393 2663 455 2716 δὲ
511 2668 600 2717 κα’
642 2663 744 2732 τῆς
789 2663 846 2715 ὲν
905 2661 1176 2733 Ἀγκύρα,
1208 2662 1270 2716 El
1318 2662 1414 2714 καὶ
1448 2661 1476 2714 ό
1514 2660 1802 2730 πρότερος,
1833 2650 1842 2659 ”

213 2756 416 2825 φησιν,
468 2754 594 2825 5.00;
642 2757 838 2826 μέχρις
898 2755 1086 2820 ἐξόδου
1119 2755 1222 2826 τῆς
1263 2756 1550 2814 κοινωνίας
1602 2751 1801 2818 ἐξέωσε

209 2848 310 2911 τὰς
350 2847 658 2917 δεχομένας
691 2847 760 2900 τὰ
791 2846 1018 2917 φθόρια,
1068 2845 1186 2900 ἀλλ’
1213 2847 1374 2916 ἡμεῖς
1425 2843 1804 2915 φιλανθρωπό-

209 2937 378 3008 τερὰν
397 2955 452 2990 τι
481 2936 787 3000 ποιοῦντες,
811 2936 1046 3008 δεκαετῆ
1075 2936 1267 3008 χρόνον
1299 2935 1581 3008 ὡρίσαμεν
1611 2937 1802 3007 ἀρκεῖν

211 3032 426 3094 αὐταῖς
455 3031 537 3092 εἱς
569 3031 879 3101 μετάνοιαν.

293 3123 473 3178 Ἀλλὰ
505 3123 604 3176 καὶ
634 3124 661 3175 ὁ
689 3119 733 3192 β’
764 3122 861 3175 τοῦ
892 3123 1131 3192 μεγάλου
1167 3124 1454 3178 Βατιλείου
1513 3124 1574 3177 τὸ
1605 3125 1802 3195 μέτρον

1902 2024 2027 2065 cum
2059 2009 2196 2065 viris
2227 2015 2516 2068 coeuntes,
2545 2015 2599 2060 et
2629 2002 3023 2071 concipientes,
3048 2004 3192 2052 metu
3219 2009 3287 2049 ne
3319 1989 3493 2046 forni-

1903 2102 2047 2157 catio
2087 2100 2374 2170 detegatur
2425 2113 2455 2150 a
2518 2094 2841 2166 parentibus
2894 2091 3038 2147 forte
3084 2089 3169 2144 vel
3220 2084 3488 2146 dominis,

1896 2191 2290 2267 medicamenti
2321 2188 2568 2245 deleterii
2603 2196 2736 2257 potu
2779 2185 2948 2239 foetus
2981 2192 3342 2249 corrumpere
3368 2185 3490 2231 stu-

1903 2287 2057 2352 dent,
2090 2285 2175 2341 vel
2207 2291 2427 2339 ventres
2456 2295 2589 2336 suos
2618 2279 2857 2350 pondere
2886 2281 3164 2347 premunt,
3192 2279 3254 2327 ut
3286 2267 3490 2324 mortui

1905 2396 1971 2436 ex
2028 2379 2258 2433 matrice
2303 2376 2603 2439 excidant,
2647 2383 2842 2426 etnon
2884 2369 3061 2426 solum
3118 2365 3264 2430 illos,
3313 2361 3406 2419 sed
3439 2370 3494 2416 et

1906 2474 2121 2544 seipsas
2150 2469 2449 2541 aliquando
2476 2464 2835 2523 interimunt.

1974 2657 2162 2714 Canon
2194 2662 2375 2708 autem
2400 2650 2461 2704 2i
2502 2665 2627 2721 syn.
2651 2647 2978 2718 Ancyranre,
3003 2640 3258 2713 quamvis
3283 2639 3490 2708 inquit,

1905 2751 2132 2822 antiqua
2197 2745 2464 2811 deﬁnitio,
2519 2757 2616 2798 cas
2662 2755 2783 2810 qua:
2827 2737 3234 2793 medicamenta
3293 2733 3488 2787 {mlunt

1905 2843 2178 2904 necantia,
2217 2854 2394 2909 usque
2438 2837 2504 2891 ad
2542 2834 2750 2890 obitum
2798 2845 2828 2885 a
2863 2826 3255 2885 communione
3295 2823 3488 2895 abigit,

1907 2952 2009 2992 nos
2059 2945 2240 2990 tamen
2306 2929 2647 2986 humanitate
2703 2926 2789 2982 usi
2839 2921 3093 2980 decennii
3151 2929 3369 2989 tempus
3419 2917 3489 2970 ad

1906 3027 2285 3101 pmnitentiam
2322 3025 2388 3080 iis
2420 3023 2669 3079 sufficere
2696 3019 3072 3074 decernimus.

1978 3119 2122 3186 Quin
2167 3123 2222 3172 et
2269 3115 2304 3169 ἓ
2351 3111 2532 3183 magni
2565 3109 2758 3165 Basilii
2791 3121 2920 3161 can.
2954 3102 3205 3159 eamdem
3237 3096 3486 3156 decennii

211 3215 381 3270 τοῦτο
421 3215 522 3284 τῆς
572 3215 860 3277 δεκαετίας
910 3217 1033 3278 ταῖς
1074 3215 1356 3278 τοιαύταις
1394 3215 1660 3284 ὁρίζεταιο
1704 3215 1799 3268 καὶ

1913 3225 2224 3266 mensuram
2253 3204 2525 3278 ejusmodi
2561 3199 2893 3257 mulieribus
2922 3195 3196 3257 decernit,
3230 3202 3288 3248 et
3317 3191 3491 3245 medi-

213 3309 309 3379 τὴν
342 3282 658 3376 θεραπείαν
715 3307 778 3360 ού
827 3305 905 3376 τῷ
934 3307 1113 3378 χρόνῳ
1158 3307 1360 3376 μᾶλλον
1503 3305 1580 3376 τῷ
1619 3306 1804 3378 τρόπῳ

1913 3304 2085 3358 cinam
2123 3315 2230 3355 non
2263 3314 2326 3354 ex
2361 3305 2608 3364 tempore
2630 3293 2726 3348 sed
2757 3292 2918 3345 modo
2948 3284 3288 3358 poenitentia:
3320 3282 3485 3336 fidam

215 3375 480 3452 πιστεύει
514 3397 615 3466 τῆς
649 3375 1169 3467 μετανοίαςξἙπει
1212 3397 1258 3450 δ’
1298 3398 1326 3450 ὁ
1380 3375 1674 3459 Μωσαῗκὸς
1720 3375 1804 3449 vd-

1913 3396 2128 3465 judicat.
2178 3392 2448 3461 Quoniam
2489 3398 2672 3443 autem
2719 3385 2804 3439 lex
2841 3382 3108 3444 Mosaica,
3144 3394 3268 3433 cum
3321 3375 3488 3432 fmus

215 3507 345 3559 μος,
385 3490 480 3542 ὅτε
518 3488 621 3558 μὲν
675 3487 780 3540 οὐκ
833 3486 1273 3558 ὲξεικονισμένον
1308 3486 1370 3540 τὸ
1415 3486 1655 3556 ἔμϐρυον
1699 3487 1806 3556 ημ-

213 3581 420 3644 6λωτο,
481 3582 562 3643 εἰς
615 3580 879 3650 χρήματα
941 3579 1217 3651 ἐζημίου,
1265 3579 1705 3645 ὲξεικονισμένου
1759 3576 1804 3631 δ’

212 3675 617 3740 ἐκπίπτοντος,
673 3677 755 3739 είς
789 3673 970 3745 ψυχὴν
1028 3672 1382 3738 κατεδίκαζε,
1415 3672 1672 3743 θνήσκειν
1715 3677 1824 3723 κε-’

213 3767 402 3822 λεύων
433 3766 529 3820 τδν
558 3767 656 3837 τὴν
679 3769 912 3836 γυναῖκα
944 3766 1284 3833 πατάξαντα·
1321 3764 1510 3818 τούτου
1546 3763 1808 3836 μνησθεὶς

213 3864 242 3914 ὁ
282 3861 476 3928 ἅγιος,
509 3858 812 3930 Διαφορὰν,
868 3859 1056 3929 φησιν,
1094 3860 1260 3929 ἡμεῖς
1309 3857 1408 3911 οὐκ
1436 3857 1656 3926 ἔχομεν,
1693 3856 1805 3908 είτε

218 3953 669 4024 μεμορφωμὲνα,
699 3951 800 4006 εἴτ’
835 3952 928 4006 οὖν
955 3951 1266 4022 ἁμόρφωτά.
1301 3951 1408 4003 εἱσι
1446 3949 1516 4002 τὰ
1563 3949 1805 4002 ἀποϐαλ-

216 4044 460 4115 λόμενα.
485 4043 560 4096 Ού
594 4043 705 4113 γὰρ
735 4043 814 4103 είς
834 4043 1098 4113 χρήματα
1129 4040 1458 4111 ζημιοῦμεν,
1484 4038 1618 4094 ἀλλᾶ
1643 4039 1827 4109 φόνου-

216 4137 492 4205 κρίνομεν
530 4135 629 4204 τὴν
687 4135 848 4188 τοῦτο
902 4135 1216 4205 ποιήσασαν
1249 4174 1264 4196 ,
1319 4133 1408 4189 διά
1447 4149 1506 4184 τε
1555 4131 1655 4202 τὴν
1708 4131 1804 4184 τοῦ

217 4223 474 4297 ἐμϐρύου
510 4223 722 4295 φθορὰν
755 4223 850 4276 καὶ
887 4224 1058 4293 αὐτῆς
1091 4224 1148 4277 δὲ
1178 4225 1278 4292 τῆς
1319 4223 1763 4292 ἀποδεῦληκυίας
1788 4239 1804 4255 ο

215 4316 622 4387 ὲπισυμὸαἰνει
650 4315 762 4384 γὰρ
792 4314 906 4369 ἔσθ’
948 4317 1040 4371 ὅτε
1083 4315 1163 4387 τῷ
1193 4314 1419 4387 ἐμϐρύῳ
1470 4316 1565 4369 καὶ
1599 4315 1804 4386 ταύτην

216 4406 685 4485 συμφθείρεσθαι.
726 4407 800 4459 Τὸ
843 4405 974 4475 γοῦν
1025 4407 1249 4478 σπέρμα
1303 4410 1369 4478 τῇ
1424 4409 1608 4478 μήτρᾳ
1637 4424 1808 4463 κατα·-

217 4498 588 4566 6αλλόμενον,
639 4498 904 4569 πρότερον
952 4498 1054 4568 μὲν
1107 4496 1522 4566 ὲξαιματοῦται,
1572 4494 1693 4552 εἶτα
1726 4499 1806 4560 είς

1905 3487 2148 3544 nondum
2189 3485 2515 3541 efl'ormatus
2543 3479 2830 3535 abortivus
2874 3482 3015 3540 erat,
3049 3473 3276 3527 multam
3322 3483 3493 3539 pecu-

1903 3583 2137 3640 ninriam
2189 3576 2496 3648 imposuit;
2537 3588 2661 3628 cum
2716 3583 2848 3625 vero
2881 3568 3153 3624 formatus
3189 3561 3487 3618 excideret.

1903 3674 2015 3728 vita
2052 3669 2329 3734 multavit,
2362 3666 2501 3722 mori
2529 3665 2727 3736 jubens
2759 3677 2885 3717 eum
2923 3660 3016 3730 qui
3046 3656 3331 3711 mulierem
3367 3668 3490 3706 ver-

1904 3765 2192 3829 berasset;
2253 3760 2399 3815 facta
2436 3758 2601 3828 hujus
2633 3755 2770 3825 legis
2792 3753 3092 3814 mentione,
3134 3747 3272 3810 Nos.
3307 3745 3490 3816 inquit

1903 3863 2154 3918 sanctus,
2182 3852 2390 3906 nullum
2420 3849 2724 3905 discrimen
2749 3849 3067 3908 statuimus,
3102 3841 3221 3896 sive
3253 3839 3486 3894 formata

1901 3947 2014 4003 sint
2041 3947 2157 4001 sive
2186 3945 2445 3998 informia
2479 3956 2601 4012 qua:
2633 3939 2953 4010 ejiciuntur.
3010 3935 3128 3988 Non
3164 3933 3311 3987 enim
3345 3931 3488 3986 mul-

1904 4049 2017 4094 tam
2082 4037 2460 4107 pecuniariam
2508 4032 2864 4104 imponimus,
2908 4029 3002 4085 sed
3045 4025 3328 4081 homicidii
3363 4038 3481 4077 eam

1905 4149 2030 4205 qua:
2072 4132 2123 4187 id
2160 4131 2396 4202 patravit
2423 4128 2876 4189 condemnamus,
2910 4131 3024 4178 tum
3049 4121 3120 4175 ob
3151 4120 3341 4174 fretum
3360 4131 3486 4171 eor-

1905 4231 2157 4291 ruptum,
2189 4230 2303 4274 tum
2351 4218 2422 4273 ob
2469 4217 2756 4272 mulierem
2794 4229 2824 4269 e
2854 4227 2960 4283 qua
3005 4211 3054 4264 is
3099 4208 3308 4279 ejectus
3364 4215 3484 4268 est,

1904 4313 2177 4384 siquidem
2207 4329 2331 4370 eum
2361 4312 2493 4368 fretu
2517 4312 2692 4382 ipsam
2717 4323 2933 4379 quoque
2951 4305 3176 4361 interire
3193 4301 3488 4372 aliquando

1904 4411 2013 4482 8']
2049 4409 2350 4477 contingat.
2393 4407 2592 4460 Semen
2624 4404 2790 4474 igitur
2819 4402 2873 4457 in
2909 4399 3188 4455 matricem
3222 4396 3484 4464 injectum

1907 4506 2144 4574 primum
2166 4503 2220 4556 in
2248 4501 2582 4569 sanguinem
2611 4497 2863 4557 vertitur,
2918 4490 3118 4546 deinde
3174 4489 3227 4542 in
3261 4500 3484 4540 carnem

219 4595 558 4664 ἁμόρφιυτον
602 4591 882 4662 πήγνυται
940 4591 1144 4662 σάρκα,
1199 4589 1301 4645 εἷθ’
1340 4591 1516 4655 οὕτως
1544 4590 1802 4656 ἐξεικονί-

1913 4597 2200 4652 informem
2265 4590 2590 4652 concrescit.
2656 4597 2771 4642 tum
2821 4587 2876 4640 in
2929 4582 3175 4638 membra
3220 4588 3275 4635 et
3306 4586 3488 4648 partes

221 4685 376 4746 ζεται
413 4684 510 4737 καὶ
538 4682 895 4739 διατυποῦται
929 4685 1010 4747 είς
1047 4682 1183 4755 μέλη
1237 4683 1334 4736 καὶ
1383 4684 1571 4754 μόρια.

311 4778 458 4832 Ἀλλ’
507 4779 566 4831 ἐν
625 4777 725 4847 μὲν
775 4777 853 4846 τῷ
885 4778 1030 4831 τέλει
1081 4779 1178 4831 τοῦ
1226 4784 1277 4847 η’
1327 4778 1575 4842 κανόνος,
1607 4777 1718 4830 Καὶ
1748 4778 1805 4830 αἱ

225 4872 498 4936 διδοῦσαι,
549 4873 721 4941 φησὶ,
759 4873 854 4924 καὶ
896 4871 953 4924 αἱ
987 4870 1280 4941 δεχόμεναι
1320 4870 1390 4923 τὰ
1426 4870 1806 4941 ἐμϐρυοκτόνα

220 4963 538 5033 δηλητήρια
602 4964 666 5015 ὲν
696 4964 807 5026 τοῖς
865 4962 1128 5026 ἑκουσίως
1183 4962 1471 5032 φονεύουσι
1513 4961 1802 5029 καταλογίο

221 5055 439 5120 ζονται.
466 5055 736 5108 Ἐνταῦθα
755 5055 812 5108 δὲ
836 5055 898 5108 τὸ
925 5054 1019 5109 τοῦ
1047 5056 1306 5108 ἀκουσίου
1339 5056 1501 5124 φόνου
1527 5054 1806 5125 ἐπιτίμιον

219 5148 327 5220 τὴν
373 5147 667 5201 δεκαετίαν
709 5147 990 5218 ἐπιτίθησι
1040 5146 1291 5214 ταύταις,
1324 5145 1507 5218 οἶμαι,
1562 5146 1712 5216 παρὰ
1745 5146 1804 5198 τὸ

227 5243 404 5312 μήπω
439 5239 807 5310 γεγονέναιτδ
836 5240 1279 5312 κυοφορούμενον
1311 5243 1369 5294 ὲν
1399 5241 1582 5309 φύσει,
1623 5241 1717 5294 καὶ
1744 5241 1805 5294 τὺ

227 5332 308 5402 μὴ
337 5333 403 5385 ἐκ
429 5333 724 5396 διαθέσεως
755 5333 1126 5402 ἀπανθρώπου
1178 5333 1541 5405 μελετηθῐψαι
1571 5333 1664 5386 τὸν
1704 5333 1801 5402 φά-

223 5441 342 5490 νυν,
370 5423 511 5478 ἀλλὰ
538 5422 608 5477 δι’
634 5422 946 5495 αἰσχύνηνῆ
971 5424 1136 5493 φόὸον
1163 5426 1352 5495 ἀγενῆ,
1385 5427 1594 5493 γονέων
1618 5425 1802 5496 τυχὸν,

225 5515 262 5588 ἢ
293 5515 580 5582 δεσπότου,
610 5514 642 5586 ἢ
674 5514 837 5569 ἄλλου
894 5515 1073 5583 τινὸς,
1129 5516 1375 5571 κίνδυνον
1424 5516 1802 5582 ἀπειλοῦντος.

901 5698 1105 5765 Νόμοι.

309 5788 378 5848 Ἠ
424 5785 677 5857 ἐπίτηδες
727 5788 1053 5860 ἐκτρώσαοα
1086 5794 1438 5862 προσκαίρως
1476 5793 1795 5866 ὲξορὶζεται.

1909 4686 2152 4742 hominis
2174 4683 2446 4754 eﬂigiatur
2476 4690 2531 4735 et
2551 4680 2844 4734 formatur.

1979 4781 2038 4836 In
2069 4780 2176 4834 fine
2205 4785 2387 4835 autem
2421 4776 2454 4832 8
2488 4790 2613 4830 ean.
2655 4782 2711 4830 et
2739 4786 2860 4843 quae
2898 4772 3050 4836 dant,
3084 4777 3139 4823 et
3181 4779 3304 4836 quae
3338 4763 3488 4819 acci-

1907 4875 2065 4945 piunt
2118 4871 2514 4926 medicamenta
2557 4867 2721 4922 fetum
2781 4861 3107 4935 perimentia
3160 4857 3489 4915 voluntariis

1910 4965 2199 5022 homicidis
2225 4963 2680 5019 adnumerantur.
2722 4957 2823 5014 Hic
2847 4971 2979 5012 vero
3005 4953 3340 5026 paenitentia
3389 4951 3487 5006 de-

1908 5061 2204 5123 cennium,
2255 5071 2471 5127 pmnam
2539 5053 2802 5109 nimirum
2857 5049 3025 5106 caedis
3085 5045 3488 5109 involuntariaz,

1907 5152 2174 5223 ejusmodi
2219 5149 2540 5204 mulieribus
2587 5145 2841 5215 imponit.
2875 5142 3039 5207 Puto,
3080 5141 3226 5212 quod
3253 5141 3396 5195 fetus
3429 5138 3484 5192 in

1910 5252 2066 5297 utero
2098 5241 2152 5295 in
2188 5255 2371 5295 rerum
2405 5250 2601 5292 natura
2637 5251 2746 5290 non
2785 5235 2877 5298 sit,
2921 5243 2972 5289 et
3003 5233 3150 5304 quod
3183 5248 3290 5286 non
3321 5229 3486 5285 inltu-

1909 5335 2146 5389 maniter
2200 5331 2392 5386 affecta
2445 5340 2675 5386 mortem
2727 5329 2914 5383 molita
2969 5327 3062 5393 sit,
3111 5326 3206 5382 sed
3262 5330 3486 5393 propter

1907 5426 2172 5497 pudorem
2228 5424 2313 5479 vel
2370 5435 2574 5479 metum
2630 5438 2740 5477 non
2799 5417 3157 5486 illiberalem,
3197 5425 3482 5488 parentum

1906 5518 2071 5582 forte,
2103 5517 2189 5572 vel
2238 5515 2474 5583 domini,
2516 5515 2598 5570 vel
2647 5515 2887 5586 alicujus
2914 5512 3145 5568 alterius
3179 5508 3481 5578 periculum

1908 5610 2236 5666 minitantis.

2603 5701 2785 5770 Leges.

1976 5791 2108 5858 Quae
2131 5793 2254 5849 data
2281 5809 2444 5866 opera
2476 5793 2784 5858 abortierit,
2811 5793 2865 5848 in
2895 5791 3192 5863 temporale
3223 5790 3478 5848 exsilium

1905 5888 2087 5944 datur.
