3902 6560
484 398 614 464 1⁸311

483 605 798 660 facultatem
838 606 931 658 dat
971 602 1386 659 matrimonium
1441 617 1567 658 cum
1620 604 1847 658 muliere
1890 605 2069 685 divel:

484 696 668 764 lendi,
720 711 842 766 quae
887 696 1014 751 data
1065 710 1233 767 opera
1291 710 1478 751 semen
1534 712 1694 752 suum
1750 696 2058 752 abortivum

485 790 638 846 facit.
1648 792 1669 811 ‘

557 884 661 950 Qui
695 887 1004 943 abortionis
1050 888 1309 957 poculum
1355 885 1587 948 dederit.
1621 883 1672 940 si
1720 883 1844 938 vilis
1873 882 1967 947 sit,
2005 882 2060 936 in

486 979 765 1033 metallum
802 979 1139 1045 damnatur;
1197 979 1243 1033 si
1300 979 1601 1044 honestus,
1655 975 1863 1031 amissa
1913 984 2064 1045 parte

488 1070 759 1125 bonorum
820 1072 1119 1142 relegatur.
1187 1069 1247 1125 Si
1303 1072 1428 1140 quis
1480 1085 1612 1124 vero
1658 1069 1784 1124 inde
1840 1077 2063 1123 enectus

489 1159 675 1225 fuerit,
708 1177 983 1217 summum
1023 1162 1358 1231 supplicium
1411 1161 1698 1231 inﬂigitur,
1736 1160 1898 1230 idque
1936 1160 2067 1214 licet

485 1252 623 1306 citra
661 1254 843 1308 dolum
874 1254 1178 1310 abortionis
1219 1254 1679 1311 medicamentum
1712 1253 1896 1307 datum
1933 1251 2026 1331 sit.

486 1364 637 1422 CAP.
690 1365 881 1420 XXIX.
932 1368 1009 1421 De
1041 1367 1259 1421 muliere
1306 1383 1424 1436 qua
1484 1368 1649 1437 fetum
1703 1368 1937 1438 ncgligit,
1973 1380 2061 1420 aut

1155 1442 1397 1507 exponit.

557 1528 744 1583 Canon
778 1529 848 1585 55
872 1546 1019 1600 mag.
1053 1530 1242 1585 Basilii
1266 1545 1478 1585 necnon
1496 1530 1567 1585 52
1597 1544 1715 1585 eam
1744 1545 1865 1600 quae
1898 1529 2066 1593 invia

487 1621 651 1688 parit,
681 1621 729 1674 si
760 1620 950 1683 fetum,
991 1638 1116 1676 cum
1149 1622 1403 1676 eumdem
1462 1637 1682 1676 servare
1727 1630 1932 1692 posset,
1968 1637 2065 1676 ne-

486 1714 739 1782 glexcrit,
783 1712 1066 1773 homicidii
1114 1728 1308 1783 ptenas
1349 1713 1502 1768 luere
1546 1723 1801 1783 oportere
1854 1721 2063 1777 censet,

486 1803 741 1872 quamvis
771 1804 913 1861 alius
939 1821 1062 1861 eum
1089 1806 1399 1872 sustulerit,
1422 1816 1478 1862 et
1504 1806 1813 1861 humaniter
1835 1807 2066 1862 atl‘ectus

1669 400 2040 459 MATTILEI‘
2076 400 2419 459 BLASTAR
2431 399 2504 459 IS‘

556 514 771 568 Novella
809 525 985 568 autem
1024 510 1376 581 imperatoris
1401 509 1602 565 Leonis
1631 508 1907 580 Sapientis
1936 510 2057 566 viro
2088 520 2130 571 Δ

2241 511 2304 562 Ἦ
2355 511 2414 564 δὲ
2444 508 2632 580 Νεαρὰ
2685 510 2780 563 τοῦ
2829 508 3098 579 βασιλέως
3132 510 3367 575 Λέοντος
3405 509 3507 565 τοῦ
3568 512 3733 582 Σοφοθ

2164 603 2353 658 ἄδειαν
2401 601 2584 656 δίδωσι
2620 600 2701 673 τῷ
2751 601 2907 672 ἀνδρὶ
2935 603 3171 675 διασπᾷν
3207 603 3300 658 τὸν
3336 608 3480 675 μετὰ
3511 606 3612 675 τῆς
3640 625 3733 677 γυο

2165 694 2351 758 ναικὸς
2400 693 2577 748 αὑτοῦ.
2595 693 2796 764 γάμον,
2827 693 3148 765 ἐξεπίτηδες
3172 694 3615 767 ἀμϐλωσκούσης
3643 699 3733 768 τὴν

2164 785 2379 839 δκείνου
2430 787 2661 856 σποράν.

2251 877 2309 931 '0
2361 878 2515 948 πόμα
2562 877 2815 942 δεδωκὼς
2863 878 3263 950 ἀμϐλωθρίδιον
3286 920 3304 946 ,
3363 880 3592 951 εὐτελὴς
3644 882 3736 952 μὲν

2165 970 2264 1034 ὢν,
2298 968 2705 1040 μεταλλίζεται,
2752 971 2936 1040 τίμιος
2981 969 3063 1035 δὲ,
3102 970 3407 1041 ὲξορίζεται
3437 971 3581 1041 μετά
3622 988 3734 1025 και-

2170 1064 2331 1134 ρικῆς
2379 1062 2722 1134 δημεύσεως.
2770 1063 3006 1135 Ἐσχάτῃ
3068 1062 3127 1117 δὲ
3155 1064 3401 1135 τιμωρίᾳ
3446 1064 3730 1132 ὑπάγεται,

2165 1155 2260 1209 ὲάν
2290 1173 2372 1217 τις
2407 1155 2689 1209 ἀπέθανεν
2726 1155 2791 1209 ἐκ
2843 1154 3065 1222 τούτου,
3097 1155 3196 1217 καὶ
3222 1155 3273 1209 εί
3298 1157 3465 1228 χωρὶς
3507 1156 3665 1217 δόλοιι
3680 1157 3734 1220 τὸ

2169 1245 2576 1318 ἀμϐλωθρίδιον
2610 1246 2864 1302 δέδωκεν.

2169 1360 2424 1416 ΚΕΦᾹΛ.
2473 1358 2600 1414 ΚΘΕ
2633 1361 2777 1434 Περί
2804 1363 3094 1434 γυναικός
3126 1363 3239 1432 τῆς
3284 1364 3517 1434 ἀμελῶς
3568 1365 3733 1434 ἐχού-

2381 1445 2500 1496 σης
2541 1430 2677 1500 περὶ
2715 1432 2786 1487 τὸ
2814 1430 3021 1503 κύημα
3053 1432 3091 1501 ὴ
3123 1430 3529 1505 ἐκτιθελιένης.

2248 1524 2309 1576 '0
2334 1522 2417 1591 λγ¹
2449 1523 2545 1577 τοῦ
2597 1525 2841 1594 μεγάλου
2886 1527 3173 1582 Βασιλείου
3221 1528 3425 1593 κανὼν,
3452 1528 3532 1582 ἔτι
3563 1529 3619 1583 δὲ
3646 1530 3734 1591 καιὶ

2166 1616 2195 1667 6
2234 1612 2335 1683 νβ’,
2412 1614 2514 1685 τὴν
2569 1616 2712 1671 κατά
2758 1617 2858 1688 τὴν
2885 1619 3002 1673 όδὸν
3046 1616 3349 1689 κυήσασαν,
3374 1621 3429 1674 εί
3448 1638 3520 1689 ,γε
3570 1623 3734 1690 παρὸν

2170 1705 2345 1760 σῶσαι
2401 1707 2864 1779 καταπεφρόνηκε
2914 1708 3009 1763 τοῦ
3065 1711 3372 1781 κυήματος,
3401 1713 3563 1782 φόνου
3588 1712 3734 1775 δίκας

2170 1800 2398 1871 ὗπέχειν
2421 1801 2596 1856 οἴεται
2627 1802 2761 1869 δεῖν,
2809 1804 2917 1858 κᾶν
2952 1805 3002 1858 εί
3042 1803 3238 1875 ιτερος
3268 1796 3616 1877 ἀνελόμενος,
3644 1810 3731 1859 καὶ

486 1893 670 1948 vivum
724 1898 1168 1965 conservaverit,
1227 1899 1357 1954 dum
1438 1908 1613 1953 mater
1671 1900 1962 1956 brutaliter
2004 1912 2057 1955 et

2178 1891 2555 1962 ριλανθρώπως
2583 1895 2948 1965 χρησάμενος,
2990 1896 3049 1950 τὸ
3087 1896 3189 1968 ζῇν
3210 1896 3358 1967 αὐτῷ
3387 1898 3732 1969 κεχάρισται,

487 1985 858 2042 inhumaniter
916 1986 1108 2045 affecta
1163 1999 1285 2054 est,
1341 2005 1408 2046 ex
1462 1989 1823 2047 fornicatione
1878 1990 2062 2047 forsan

487 2080 821 2148 concipiens,
872 2091 927 2136 et
980 2093 1265 2152 peccatum
1322 2099 1480 2139 suum
1537 2085 1642 2140 hoc
1686 2096 1848 2157 pacto
1887 2086 2066 2140 celare

487 2170 734 2226 studens.
765 2172 922 2239 Quod
969 2174 1037 2238 si,
1072 2186 1298 2244 propter
1334 2175 1683 2232 inimicorum
1735 2176 2063 2246 periculum,

486 2260 574 2315 vel
626 2264 1063 2320 necessariorum
1121 2266 1431 2334 defectum,
1501 2269 1584 2324 vel
1648 2269 1795 2341 quod
1850 2269 2062 2339 captiva

487 2352 651 2407 ducta
683 2354 776 2419 sit,
809 2356 916 2421 vel,
950 2367 1008 2412 ut
1059 2359 1249 2416 hostes
1295 2360 1490 2433 fugiat,
1526 2363 1768 2428 latuerit,
1815 2373 1869 2419 et
1914 2362 2065 2434 peri-

486 2446 667 2499 culum
700 2447 773 2501 sit
801 2464 869 2503 ne
895 2449 1131 2508 infantis.
1155 2454 1363 2523 ejulatu
1410 2455 1698 2525 prodatur,
1730 2471 1851 2513 sese
1897 2456 2063 2513 simul

486 2546 541 2590 et
589 2538 853 2594 infantem
908 2556 1129 2599 servare
1176 2561 1284 2600 non
1335 2547 1597 2617 potuerit,
1649 2558 1823 2604 mater
1876 2548 2060 2605 damni

485 2630 696 2684 veniam
729 2645 1117 2706 consequetur.

556 2920 693 2978 Hinc
716 2922 880 2980 etiam
910 2924 979 2981 de
1010 2926 1081 2982 iis
1104 2929 1198 2998 qui
1231 2927 1469 2986 infantes
1491 2945 1623 2986 suos
1649 2930 1704 2984 in
1735 2931 2056 3000 templorum

484 3013 721 3071 aditibus
743 3027 1044 3085 exponunt,
1075 3020 1128 3074 in
1153 3036 1310 3075 sacra
1334 3024 1545 3092 synodo
1567 3023 1762 3092 smpius
1783 3022 2056 3092 discepta-

487 3114 599 3161 tum
628 3105 765 3174 fuit;
802 3117 857 3164 et
884 3110 1114 3180 placuit,
1139 3127 1231 3167 eas
1263 3122 1319 3168 ut
1363 3114 1671 3170 homicidas
1715 3115 1922 3184 puniri,
1953 3114 2053 3169 etsi

484 3199 628 3257 alius
664 3198 903 3259 infantes
934 3204 1217 3273 suscipiat,
1259 3214 1313 3260 et
1349 3221 1474 3261 cum
1509 3222 1641 3263 cura
1670 3208 1888 3263 educat.

1201 3380 1334 3439 Lex.

555 3468 771 3526 Occidit
822 3470 991 3526 fetum
1082 3488 1190 3528 non
1256 3476 1433 3531 solum
1491 3477 1586 3546 qui
1643 3478 1896 3545 squcat,
1963 3481 2057 3537 sed

482 3559 645 3615 etiam
690 3562 787 3632 qui
843 3563 1052 3632 abiicit,
1085 3574 1140 3619 et
1179 3582 1288 3619 non
1339 3567 1540 3631 nutrit;
1575 3580 1629 3623 et
1673 3570 1767 3639 qtti
1816 3570 1871 3624 in
1926 3570 2059 3628 locis

484 3652 721 3721 publicis
747 3656 973 3721 exponit
1002 3657 1069 3712 ad
1123 3658 1557 3716 misericordiam
1589 3676 1754 3731 quam
1799 3663 1918 3732 ipse
1948 3680 2055 3720 non

486 3743 674 3800 habet.

637 3858 796 3915 CAP.
830 3860 998 3917 XXX.
1035 3862 1113 3918 De
1149 3864 1219 3919 iis
1246 3866 1337 3936 qui
1363 3866 1590 3937 virgines
1620 3857 1893 3925 stunt-aut.

555 4015 746 4071 Canon
774 4016 844 4072 67
869 4029 1049 4075 sanet.
1092 4030 1269 4091 apost.
1300 4040 1315 4076 :
1350 4022 1483 4078 Eum
1512 4026 1607 4095 qui
1636 4026 1901 4096 virginem
1949 4041 2057 4081 non

484 4107 810 4178 desponsam
870 4120 1105 4182 stuprat,
1168 4116 1447 4185 segregari
1498 4116 1654 4186 jubet
1702 4119 2055 4189 (desponsam

484 4197 630 4252 enim
656 4199 751 4268 qui
779 4208 1013 4271 stuprat,
1039 4203 1162 4272 quis
1188 4205 1331 4260 dicet
1354 4220 1479 4261 eum
1516 4223 1625 4262 non
1661 4218 1720 4263 ut
1747 4210 2057 4265 adulterum

487 4288 819 4355 puniendum
850 4305 976 4347 esse
991 4292 1034 4360 τ)
1059 4308 1294 4364 eamque
1315 4296 1537 4364 habere,
1570 4305 1626 4352 et
1659 4314 1767 4353 non
1797 4300 2057 4369 abjieere,

485 4384 741 4449 quamv's
778 4383 1131 4454 pauperrima
1154 4385 1226 4441 sit
1262 4397 1315 4441 et
1353 4388 1503 4444 illius
1536 4405 1735 4459 genere
1774 4391 2017 4462 indigna.

1132 4584 1249 4655 88
1285 4585 1415 4642 Lex.

557 4656 701 4730 Dicit
721 4675 869 4731 enim
899 4677 1006 4741 lex,
1034 4692 1159 4732 eum
1200 4678 1293 4748 qui
1327 4695 1448 4733 eum
1478 4682 1791 4736 continente
1829 4684 2060 4738 muliere

486 4784 602 4822 rem
637 4769 818 4831 habet,
851 4769 973 4842 cogi
996 4780 1215 4840 oportet
1262 4787 1381 4827 eam
1412 4771 1468 4826 in
1510 4774 1843 4829 matrimonii
1880 4776 2059 4832 socie-

488 4867 648 4913 tatem
676 4861 944 4930 accipere.

555 4948 744 5007 Canon
776 4952 960 5024 igitur,
1008 4965 1069 5009 ut
1107 4955 1342 5019 videtur,
1392 4966 1617 5027 propter
1674 4959 1781 5012 vim
1834 4959 2055 5029 quidem

484 5045 767 5116 segregari
789 5060 914 5100 eum
950 5047 1048 5117 qui
1076 5047 1344 5116 peccavit,
1370 5058 1590 5119 propter
1616 5051 1845 5121 virginis
1875 5061 2056 5106 ttulettl

485 5139 717 5195 salutem
757 5138 878 5209 cogi
909 5138 1090 5209 ipsum
1118 5139 1171 5194 ei
1200 5138 1443 5210 legitime
1481 5140 1764 5213 conjungi,
1791 5143 2054 5198 decernit.

566 5321 762 5377 Verum
792 5320 849 5376 in
901 5319 1119 5377 actione
1148 5321 1216 5378 de
1249 5322 1299 5376 vi
1354 5322 1526 5393 legem
1575 5321 1651 5376 ita
1684 5329 1925 5378 statuere
1950 5338 2060 5379 non

484 5422 766 5469 ostensum
799 5419 906 5467 εει.

1177 5497 1356 5571 Leges.

557 5594 699 5652 Dicit
736 5595 880 5652 enim
907 5610 922 5648 :
946 5592 1049 5661 Qui
1082 5593 1277 5664 puellae
1300 5596 1407 5648 vim
1437 5593 1616 5660 all'ert,
1651 5606 1880 5663 eamque
1911 5606 2062 5649 con—

488 5698 728 5759 stuprat,
756 5703 916 5744 nares
963 5686 1013 5743 ei
1049 5685 1467 5751 abscindantur,
1496 5693 1550 5741 et
1598 5685 1820 5741 lertiam
1852 5696 2059 5755 partem

488 5799 715 5840 suarum
749 5782 1068 5837 facultatum
1102 5778 1297 5852 puellae
1343 5778 1456 5834 det.

564 5875 669 5933 Oui
714 5891 838 5931 cum
883 5874 1095 5940 virgine
1139 5872 1314 5941 puella
1366 5871 1522 5940 coiit,
1564 5870 1687 5943 ipsa
1716 5872 1936 5944 quidem
1966 5887 2061 5929 vo-

2086 3204 2137 3314 ϐ,

2166 1985 2335 2055 αὐτῆς
2373 1984 2632 2054 θηριώδει
2666 1988 2762 2042 καὶ
2789 1986 3146 2059 ἀπανθρώπῳ
3168 1988 3416 2060 λογισμῷ
3455 1992 3730 2060 χρησαμέ-

2166 2094 2287 2148 νης,
2325 2077 2391 2132 ὲκ
2438 2078 2694 2150 πορνείας
2737 2078 2869 2143 ίσως
2919 2079 3079 2135 τοῦτο
3129 2081 3160 2154 ἢ
3197 2083 3448 2152 μοιχείας
3490 2082 3725 2152 συνειλη-

2168 2169 2354 2240 φυίας,
2393 2171 2491 2224 καὶ
2538 2170 2639 2241 τὴν
2693 2172 2972 2244 ἁμαρτίαν
3003 2174 3179 2245 ταύτῇ
3211 2175 3577 2247 πειραθείσης
3609 2193 3728 2244 συγ-

2165 2260 2392 2332 κρύψαι.
2427 2262 2488 2319 Εἰ
2515 2261 2572 2318 δὲ
2615 2261 2770 2337 παρά
2803 2263 2905 2335 τὴν
2954 2265 3193 2339 ἀπορίαν
3216 2267 3327 2322 τῶν
3360 2269 3729 2339 προστησομέ-

2167 2370 2299 2421 νων,
2333 2354 2367 2425 ἢ
2401 2355 2502 2425 τὴν
2533 2354 2749 2410 ἔνδειαν
2777 2357 2887 2410 τῶν
2916 2357 3236 2427 ἀναγκαίων
3258 2399 3275 2425 ,
3312 2344 3357 2430 ἢν
3393 2361 3725 2432 αίχμάλωτος

2165 2447 2435 2517 ἀγομένη,
2460 2448 2494 2517 ἢ
2528 2447 2609 2519 τῷ
2654 2448 2879 2518 φεύγειν
2912 2449 3207 2519 πολεμίους
3235 2452 3614 2522 κρυπτομένη,
3643 2454 3725 2507 καὶ

2162 2537 2258 2592 τοῦ
2288 2538 2525 2609 βρέφους
2568 2538 3150 2611 κλαυθμυριζομένου,
3203 2542 3602 2597 κινδυνεύουσα
3633 2562 3728 2614 μη-.

2163 2628 2430 2698 νυθῆναι,
2489 2630 2693 2701 ἑαυτὴν
2750 2631 2869 2702 ἃμα
2907 2634 3005 2686 καί
3052 2633 3114 2686 τδ
3165 2633 3361 2705 τεχθὲν
3408 2635 3511 2689 οὐκ
3540 2636 3725 2707 ἢρκεσε

2162 2722 2603 2790 περισώσασθαι,
2644 2722 2971 2795 συγγνωστη
3027 2723 3229 2794 μᾶλλον
3290 2726 3324 2797 η
3385 2728 3572 2799 μήτηρ
3635 2725 3723 2798 τῆς

2160 2810 2449 2881 ἐπηρείας.

2266 2904 2364 2958 Ἐκ
2416 2904 2473 2959 δὲ
2524 2906 2722 2962 τούτου
2779 2908 2876 2969 καὶ
2923 2908 3055 2980 περὶ
3099 2907 3209 2962 τῶν
3253 2907 3623 2979 ἐκτιθεμένων
3665 2910 3724 2963 τὰ

2159 2996 2336 3050 οίκεῖα
2362 2995 2542 3068 βρέφη
2594 3000 2733 3069 πρὸς
2763 3002 2885 3066 ταῖς
2925 3001 3153 3064 εἰσόδοις
3194 3001 3306 3056 τῶν
3357 2992 3524 3070 ἱερῶν
3584 3001 3727 3067 λόγος

2159 3087 2413 3153 πολλάκις
2470 3090 2562 3145 ἐπὶ
2587 3091 2692 3160 τῆς
2721 3092 2875 3165 ἱερᾶς
2908 3092 3131 3146 συνόδου
3182 3092 3374 3160 γέγονε
3397 3110 3411 3124 ·
3463 3091 3562 3145 καὶ
3598 3093 3718 3163 ἦρε-

2160 3198 2252 3236 σεν
2299 3182 2376 3246 ὡς
2436 3184 2761 3256 φονευτρίας
2782 3186 2986 3249 ταύτας
3030 3184 3376 3252 κολάζεσθαι,
3420 3186 3525 3239 κᾶν
3553 3185 3724 3258 ἔτερος

2164 3273 2445 3345 ἀνέληται,
2485 3275 2577 3330 καὶ
2610 3258 3087 3348 ἔπιέιελησάμενος
3116 3277 3467 3349 ζωογονήσῃ.

2564 3429 2568 3433 ,
2839 3371 3056 3439 Νόμος.

2228 3459 2452 3514 Φονεύει
2476 3458 2538 3515 τὸ
2585 3463 2904 3534 τικτόμενον
2973 3465 3036 3517 οὐ
3069 3462 3230 3534 μόνον
3264 3464 3293 3516 6
3323 3462 3553 3533 πνίγων,
3592 3465 3718 3518 ἀλλά

2158 3554 2254 3605 καὶ
2277 3554 2305 3606 6
2348 3553 2580 3625 ῥίπτων,
2612 3554 2709 3608 καὶ
2737 3556 2766 3608 6
2797 3556 2875 3625 μὴ
2903 3556 3143 3628 τρέφων,
3189 3556 3293 3610 καὶ
3315 3558 3343 3610 6
3371 3559 3431 3610 ὲν
3456 3558 3721 3627 δημοσίοις

2156 3645 2343 3709 τόποις
2396 3646 2748 3718 έκτιθέμενος
2784 3649 2892 3709 ἐπὶ
2943 3648 3309 3721 ἐλεημοσύνη,
3336 3650 3405 3719 ἢν
3436 3649 3601 3714 αὐτὸς
3628 3650 3718 3703 οὐκ

2158 3740 2341 3811 ἔσχεν.
3320 3731 3329 3741 ’

2160 3854 2412 3910 ΚΕΦΔΔ.
2446 3857 2526 3911 Λν.
2572 3855 2719 3925 Περὶ
2757 3853 3209 3997 τίὲνμέγνναίκας
3241 3856 3577 3926 παρθένους
3599 3856 3721 3922 ,βια-

2838 3944 2870 3980 ο
2949 3944 3096 3983 νων.

2838 3944 3096 3983 οιιενων.

2243 4017 2304 4072 ὐ
2333 4018 2445 4073 τῶν
2490 4018 2666 4087 ἀγίων
2711 4019 3027 4073 ἀποστόλων
3058 4017 3136 4085 ξς
3166 4020 3350 4075 κανὼν
3421 4023 3512 4077 τὸν
3538 4023 3718 4093 βιασά-

2163 4129 2325 4185 μενον
2375 4111 2646 4180 παρθένον
2700 4113 3077 4184 ἀμνήστευτον
3146 4114 3507 4184 ἀφορίζεσθαι
3549 4116 3720 4181 ἀξιοίη

2176 4206 2290 4276 (τὸν
2337 4203 2445 4275 γάρ
2489 4221 2571 4259 τοι
2605 4203 3096 4276 μεμνηπευμένην
3165 4206 3249 4268 τίς
3281 4206 3498 4276 ἀντερεῖ
3516 4207 3589 4278 μὴ
3610 4207 3726 4278 οὐχὶ

2162 4298 2257 4352 καὶ
2292 4297 2368 4360 ὡς
2416 4297 2601 4365 μοιχὸν
2652 4295 3016 4366 τιμωρεῖσθαι
3059 4293 3169 4349 δεῖν
3194 4296 3237 4366 ;)
3275 4294 3423 4366 ἔχειν
3447 4297 3504 4351 δὲ
3523 4298 3720 4368 ταύτην

2161 4389 2256 4444 καὶ
2294 4388 2386 4460 ,μὴ
2425 4388 2750 4453 έκσάλλειν,
2803 4390 2853 4442 εί
2902 4387 2994 4442 καὶ
3048 4386 3158 4440 τῶν
3212 4388 3557 4451 πενεστάτων
3594 4384 3720 4444 οὖσα

2160 4480 2445 4551 τυγχάνει,
2471 4478 2570 4534 καὶ
2598 4479 2677 4549 τῷ
2706 4479 2923 4534 ἐκείνου
2958 4479 3034 4549 μὴ
3063 4479 3419 4551 προσήκουσα
3446 4480 3614 4547 γένει.

2686 4580 2689 4581 ⁷
2843 4573 3050 4641 Νόμοι.

2230 4667 2371 4736 Φησὶ
2425 4666 2534 4735 γάρ
2582 4666 2610 4719 ό
2637 4666 2800 4735 νόμος
2825 4679 2839 4694 ·
2891 4664 2997 4718 Τὸν
3029 4663 3169 4732 μετά
3206 4662 3481 4734 σώφρονος
3521 4664 3715 4719 παλλαο

2161 4758 2458 4828 κευόμενον
2504 4756 2790 4826 γυναικὸς,
2822 4754 3236 4823 ἀναγκάζεσθαι
3279 4755 3362 4817 δεῖ
3390 4756 3483 4812 καὶ
3506 4759 3583 4819 εἰς
3619 4757 3712 4824 γά-

2163 4867 2268 4922 μου
2309 4848 2604 4907 κοινωνίαν
2633 4847 2931 4918 λαμϐάνειν
2969 4847 3164 4916 αὐτὴν.

2168 4990 2173 4993 .
2243 4944 2335 5007 Ὠς
2388 4942 2536 4996 ἔοικε
2588 4942 2774 4996 τοίνυν
2810 4941 2906 4996 καὶ
2953 4942 2982 4992 6
3037 4942 3231 4998 κανὼν
3298 4945 3439 5015 ὑπὲρ
3485 4945 3576 5016 μὲν
3624 4941 3714 5010 τῆς

2164 5036 2286 5107 βίας
2337 5032 2699 5111 ἀφορίζεσθαι
2758 5034 2849 5087 τὸν
2912 5033 3393 5106 πλημμελήσαντα
3427 5036 3713 5095 ἐπιτάττει,

2160 5131 2247 5184 διὰ
2285 5130 2343 5183 δέ
2391 5144 2455 5197 γε
2509 5131 2609 5199 τῆς
2647 5127 2923 5198 παρθένου
2957 5128 3055 5199 τὴν
3091 5130 3372 5200 σωτηρίαν
3426 5128 3714 5198 ἀναγκάζειν

2163 5222 2287 5276 σθαι
2310 5219 2407 5273 καὶ
2434 5218 2683 5289 νομίμως
2708 5218 2847 5289 αὐτῇ
2876 5218 3238 5290 συναφθῆναι.

2231 5314 2307 5367 Οὐ
2354 5311 2463 5383 μὴν
2505 5312 2650 5381 ὲνίτῇ
2688 5310 2819 5381 περὶ
2853 5309 2977 5381 βίας
3014 5312 3212 5385 ἀγωγῇ
3271 5309 3417 5370 οὔτω
3447 5312 3712 5378 θεσπίζειν

2161 5410 2191 5471 ό
2218 5407 2379 5478 νόμος
2413 5405 2713 5465 δείκνυται.

2835 5500 3046 5570 Νόμοι..

2234 5596 2375 5666 Φησὶ
2440 5594 2589 5664 γάρ’
2637 5593 2698 5648 '0
2750 5593 3079 5664 βιασάμενος
3133 5591 3306 5662 κόρην
3369 5591 3460 5646 καὶ
3502 5585 3708 5659 φθείρας

2165 5685 2334 5757 αὐτὴν
2364 5683 2759 5756 ρινοκοπείσθω
2785 5725 2802 5749 ,
2834 5683 3014 5746 διδοὺς
3043 5683 3180 5754 αὐτῇ
3211 5682 3308 5736 καὶ
3334 5682 3395 5737 τὸ
3416 5681 3586 5753 τρίτον
3620 5676 3706 5745 τῆς

2165 5778 2517 5841 ὑποστάσεως
2548 5775 2743 5836 αὐτοῦ.

2248 5871 2307 5925 Ὀ
2333 5870 2587 5942 παρθένῳ
2617 5869 2757 5944 κόρῃ
2786 5873 3114 5947 μιγνύμενος
3163 5871 3380 5945 ὲκείνης
3410 5869 3500 5943 μὶν
3521 5876 3700 5934 προαι-
