3902 6610
195 439 320 504 i‘Zl3
1155 444 1565 509 SYNTAGMA
1595 447 2222 512 ALPHABETICUM.
2264 475 2331 488 --
2356 447 2414 502 Δ.
3337 449 3476 516 1‘2”

193 555 352 625 ρὲσει,
407 554 774 621 ἀγνοουντων
823 557 879 612 δὲ
930 558 1043 612 τῶν
1076 563 1309 630 γονέων,
1365 565 1468 634 τῆς
1527 565 1771 634 πράξεως

1896 567 2064 635 lente,
2101 569 2440 639 'parentibns
2484 577 2667 624 autem
2721 567 3129 638 ignorantibus,
3179 575 3473 638 postquam

188 648 742 754 διαγυδωσκομὲνης,
791 653 840 703 εί
879 651 981 722 μὲν
1033 652 1178 708 θέλει
1231 655 1418 710 λαϐεῖν
1476 658 1647 726 αὐτὴν
1704 661 1771 722 είς

1889 679 1977 717 res
2013 663 2228 732 cognita
2259 662 2448 727 fuerit,
2487 663 2533 717 si
2572 677 2692 717 eam
2723 661 2948 732 quidem
2985 662 3041 716 in
3071 677 3298 716 uxorem
3331 663 3478 717 acci-

188 741 432 809 γυναῖκα,
467 741 572 793 καὶ
607 743 932 798 συναινοῦσι
964 746 1062 798 καὶ
1105 748 1154 800 οί
1205 752 1410 816 γονεῖς,
1454 749 1691 816 γινέσθω
1723 752 1771 804 τί

1887 769 2018 824 pere
2045 754 2301 818 voluerit,
2354 764 2408 809 et
2456 763 2710 824 parentes
2761 753 3140 815 consentiant,
3193 755 3286 807 tiat
3339 768 3476 807 con-

188 833 563 904 συνάλλαγμα.
619 835 694 890 Εἰ
741 838 799 892 δὲ
851 838 946 892 τοῦ
993 840 1115 904 ἐνὸς
1171 843 1472 912 προσώπου
1514 846 1566 896 οἱ
1601 848 1771 914 γονεῖς

1887 857 2118 904 tractus.
2161 847 2318 915 Quod
2357 849 2403 902 si
2437 849 2664 904 alterius
2703 863 2954 919 personae
2981 855 3240 917 parentes
3274 847 3326 901 id
3360 862 3470 901 non

184 928 329 983 τοῦτο
359 928 424 980 οὐ
456 929 896 999 καταδέχονται,
931 934 981 985 εί
1018 933 1120 1003 μὲν
1151 933 1387 1006 εὖπορός
1419 937 1572 992 ἐστιν
1594 941 1620 992 δ
1646 939 1778 1008 φθοσ

189 1022 324 1092 ρεὺς,
356 1026 425 1092 τῇ
465 1021 764 1097 φθαρείσῃ
812 1026 954 1097 κόρῃ
1001 1026 1194 1080 διδότω
1230 1028 1423 1098 λίτραν
1472 1030 1607 1100 μίαν
1641 1049 1780 1102 χρυ-

187 1113 312 1166 σίουο
345 1114 396 1165 εἰ
427 1111 488 1165 δὲ
521 1113 747 1185 ἐνδεὴς,
771 1117 833 1168 τὸ
861 1117 1037 1187 ἣμισυ
1066 1121 1168 1188 τῆς
1195 1118 1548 1183 ὑποστάσεως
1584 1120 1773 1176 αὐτοῦ’

184 1208 227 1261 εἰ
257 1205 310 1258 δὲ
340 1205 643 1271 παντελῶς
691 1209 919 1280 ἄπορος,
952 1211 1295 1283 τυπτόμενος
1325 1215 1420 1268 καὶ
1449 1214 1779 1285 κουρευόμε-

185 1315 265 1362 νος
294 1299 668 1368 ἐξοριζέσθω.

254 1388 314 1446 Ὀ
341 1391 675 1463 ὡρισμένος
733 1395 813 1460 είς
850 1398 1188 1469 κατηγορίαν
1237 1400 1339 1468 τῆς
1375 1403 1623 1472 μοιχείας
1649 1403 1776 1472 χρό-

183 1500 261 1546 νος
288 1485 386 1554 τῆς
413 1487 764 1552 πενταετίας
829 1490 931 1544 οὐκ
974 1490 1088 1562 ἔχει
1145 1492 1331 1562 χώραν
1376 1496 1470 1548 ἐπὶ
1499 1495 1600 1564 τῆς
1629 1495 1774 1549 κατὰ

186 1575 293 1645 βίαν
321 1577 647 1650 γενομένης
699 1581 930 1652 φθορᾶς,
964 1584 1434 1656 ἀπροσδιορίστως
1463 1587 1572 1657 γὰρ
1603 1589 1773 1640 κινεῖ-

183 1685 284 1735 ται,
317 1670 510 1739 ἐπειδὴ
543 1675 654 1726 καὶ
681 1672 921 1748 δημοσίᾳ
954 1678 987 1746 ὴ
1035 1677 1128 1747 βία
1161 1674 1595 1750 πλημμελείται.

493 1761 770 1818 ΚΕΦΔΛ.
805 1767 934 1820 AA'.
966 1766 1113 1835 Περὶ
1149 1772 1452 1838 γοητείας.

247 1852 404 1923 Ζήτει
431 1853 498 1906 τὸ
531 1861 586 1908 α’
630 1857 929 1926 κεφάλαιον
954 1857 1050 1912 τοῦ
1089 1859 1146 1914 Μ
1192 1862 1484 1930 στοιχείου.

531 1969 731 2035 ΑΡΧΗ
766 1974 906 2031 ΤΟΥ
939 1977 978 2028 Δ
1022 1977 1419 2042 ΣΤΟΙΧΕΙΟΓ.

191 2065 432 2120 ΚΕΦΑΛ.
474 2067 562 2122 A’.
595 2070 744 2138 Περὶ
779 2070 1201 2146 «Samarobrth
1233 2076 1271 2143 ἢ
1313 2075 1607 2146 δαιμονᾶν
1631 2080 1778 2134 ὐπο-

790 2143 1186 2212 κρινομένων.

259 2228 319 2281 ’0
346 2227 423 2282 οθ⁹
455 2231 572 2284 τῶν
615 2230 791 2299 ἁγίων
843 2235 1161 2288 ἀποστόλων
1216 2237 1398 2292 κανὼν
1469 2225 1562 2294 τδν
1592 2241 1780 2312 δαιμο-

197 2318 362 2375 νῶντα
424 2323 574 2394 μήτε
607 2324 875 2396 κληρικδν
903 2327 1186 2384 ἐπιτάττει
1213 2331 1485 2398 γίνεσθαι,
1531 2336 1660 2405 μήτ’
1685 2337 1777 2388 εὐ-

193 2413 282 2481 χῆς
302 2415 413 2477 τοῖς
441 2419 672 2480 πιστοῖς
704 2421 1004 2473 κοινωνεῖν·
1033 2420 1460 2493 ἀπαλλαχθέντα
1483 2426 1540 2479 δὲ
1573 2426 1777 2490 τελέως

193 2505 276 2558 τοῦ
304 2505 591 2576 δαίμονος,
635 2510 732 2562 καὶ
767 2511 850 2574 είς
879 2511 1087 2583 κλῆρον
1117 2515 1463 2583 προϐαίνειν,
1502 2517 1645 2587 εἴγε
1680 2521 1777 2573 καὶ

193 2596 254 2650 τὰ
271 2597 358 2650 τοῦ
401 2597 521 2668 βίου
555 2599 858 2670 συμϐαίνει
888 2603 969 2674 τῷ
1001 2604 1299 2674 ἀξιώματιο
1329 2609 1452 2660 ἐπεί
1477 2627 1560 2662 τοι
1589 2627 1653 2678 γε
1686 2614 1777 2666 τὶν

196 2688 253 2738 ἐκ
302 2686 733 2759 διαλειμμάτων
826 2692 1086 2749 νοσοῦντα
1161 2699 1639 2771 συγκαταλιγῆναι
1698 2703 1776 2774 τῷ

199 2778 371 2851 κλήρῳ
391 2780 494 2853 οὐχ
524 2784 706 2845 ὅσιον.
742 2786 829 2838 ἵνα
861 2787 935 2856 μὴ
987 2788 1064 2859 τῷ
1101 2790 1279 2860 καιρῷ
1320 2792 1420 2861 τῆς
1454 2796 1655 2862 μανίας
1684 2798 1778 2850 αύ-

191 2871 278 2926 τοῦ
304 2878 399 2930 καὶ
452 2875 525 2930 τὰ
566 2877 674 2947 τῆς
708 2878 1012 2948 ἱερωσύνης
1043 2881 1368 2952 ὑϐρίζηται,
1413 2888 1510 2940 καὶ
1543 2888 1602 2940 τὸ
1630 2889 1775 2943 θεῖον

193 2966 416 3036 ἁτεχνῶς
446 2969 876 3040 βλασφημῆται.
906 2973 1032 3038 Πῶς
1063 2975 1174 3044 γὰρ
1207 2970 1320 3029 οἷόν
1356 2995 1414 3030 τε
1439 2980 1502 3031 τὸ
1529 2981 1774 3054 καθαρὸν

193 3057 281 3124 τῆς
307 3058 622 3131 ἱερωσύνης
647 3062 760 3131 φῶς
785 3063 934 3135 ψυχῇ
969 3067 1358 3138 πιστευθῆναι,
1389 3062 1452 3123 τὸ
1485 3072 1772 3141 ἐξάγιστον

195 3149 608 3226 εἰσοικισαμένη
651 3153 754 3224 τῆς
799 3157 1047 3227 πονηρᾶς
1095 3158 1384 3231 δυνάμεως
1432 3165 1629 3231 σκότος
1685 3167 1774 3222 διὰ

1883 940 2136 1010 probent,
2171 940 2222 994 si
2249 941 2401 994 dives
2453 940 2524 994 sit
2564 949 2866 1009 stuprator,
2916 938 3132 992 violatae
3160 938 3354 1006 puellae
3381 935 3474 990 det

1884 1050 2046 1088 unam
2103 1034 2223 1088 auri
2278 1033 2494 1098 libram,
2545 1034 2629 1088 sin
2683 1041 2868 1087 autem
2931 1032 3196 1100 egentior,
3243 1045 3469 1086 suarum

1881 1127 2208 1181 facultatum
2259 1126 2581 1185 dimidium;
2618 1141 2812 1180 verum
2849 1124 2896 1181 si
2938 1125 2992 1179 in
3043 1134 3288 1178 extrema
3341 1137 3472 1191 pau-

1878 1229 2088 1292 pertate
2118 1218 2211 1287 sit,
2246 1219 2570 1273 verberatus
2596 1227 2649 1274 et
2676 1228 2874 1274 tonsus
2903 1217 3325 1272 exterminetur.

1951 1401 2326 1472 Quinquennii
2366 1409 2578 1468 tempus
2623 1397 3007 1452 fornicationis
3041 1395 3261 1450 crimini
3296 1398 3471 1464 praeti-

1877 1495 2078 1557 nitum,
2110 1496 2298 1546 locum
2331 1505 2441 1546 non
2475 1489 2640 1544 habet
2683 1488 2738 1542 in
2776 1497 2971 1556 stupro
3005 1501 3101 1557 per
3129 1488 3236 1540 vim
3287 1485 3466 1552 facto;

1876 1585 2163 1643 indefinite
2215 1584 2361 1639 enim
2412 1590 2688 1645 movetur,
2739 1580 2964 1651 quando
3007 1579 3096 1635 vel
3136 1578 3353 1649 publice
3384 1583 3468 1636 vel

1877 1695 1970 1751 per
2008 1679 2118 1734 vim
2145 1686 2424 1748 peccatur.

2257 1771 2410 1826 CAP.
2445 1767 2638 1823 XXXI.
2677 1766 2754 1821 De
2787 1765 3091 1834 maleﬁciis.

1953 1869 2145 1935 Quaare
2173 1863 2406 1936 ’caputl
2450 1863 2646 1917 littera:
2692 1860 2766 1914 Μ.

2235 1980 2350 2056 89
2378 1974 2652 2033 INlTlUM
2691 1973 3018 2030 LITTERAE
3049 1977 3108 2026 Δ.

1881 2074 2036 2132 CAP.
2070 2075 2110 2129 1.
2149 2073 2222 2128 De
2253 2074 2322 2126 iis
2360 2071 2452 2140 qui
2503 2087 2535 2124 a
2580 2067 2819 2123 (immane
2858 2067 3244 2140 corripiuntur,
3288 2075 3334 2118 et
3379 2067 3469 2134 qui

2095 2161 2150 2200 se
2200 2162 2232 2198 a
2275 2137 2511 2197 dwmone
2542 2147 2809 2208 correptos
2835 2153 2946 2192 esse
2970 2137 3252 2191 simulant.

1951 2236 2137 2291 Canon
2199 2243 2515 2288 sanctorum
2578 2228 2954 2298 apostolorum
3019 2227 3106 2293 79,
3167 2242 3294 2281 eum
3373 2226 3466 2295 qni

1880 2332 2182 2385 «Immunem
2217 2328 2403 2388 habet,
2437 2338 2611 2390 neque
2643 2323 2904 2377 clericum
2946 2321 3087 2384 lieri,
3124 2334 3298 2389 neque
3342 2334 3465 2372 cum

1883 2424 2134 2479 ﬁdelibus
2207 2435 2314 2473 una
2365 2417 2578 2488 precari
2631 2415 2824 2486 jubet;
2881 2429 2909 2468 a
2973 2413 3221 2467 daemone
3281 2420 3464 2464 autem

1880 2516 2109 2571 omnino
2154 2513 2444 2567 liberatum
2486 2511 2651 2565 etiam
2699 2509 2766 2563 ad
2812 2506 3078 2561 clericum
3117 2503 3370 2574 provehi,
3418 2504 3463 2556 si

1881 2608 2042 2662 modo
2076 2606 2184 2659 vita
2225 2604 2346 2673 ejus
2389 2600 2642 2672 dignitati
2683 2597 3018 2655 conveniat:
3054 2594 3259 2664 quippe
3313 2591 3465 2646 nefas

1877 2713 1982 2764 est,
2034 2709 2093 2757 ut
2135 2700 2228 2768 qui
2277 2714 2373 2769 per
2420 2695 2659 2750 dilucida
2702 2691 2988 2748 intervalla
3038 2689 3262 2753 insanit,
3317 2690 3466 2742 clero

1879 2799 2311 2856 adnumeretur,
2383 2806 2450 2845 ne
2516 2788 2720 2843 furoris
2781 2795 3030 2854 tempore
3094 2783 3462 2838 sacerdotium

1878 2887 2210 2945 contumelia
2235 2883 2518 2946 afficiatur,
2541 2892 2595 2935 et
2617 2878 2827 2933 Numen
2848 2877 3005 2946 plane
3028 2875 3462 2942 hlasphemetur.

1877 2982 2168 3050 Quomodo
2189 2979 2335 3033 enim
2361 2992 2495 3043 pura
2522 2972 2813 3030 sacerdotii
2840 2972 2931 3024 lux
2959 2968 3167 3023 homini
3188 2967 3462 3032 credetur,

1880 3077 1931 3129 in
1973 3089 2083 3144 quo
2115 3070 2272 3126 mala:
2311 3067 2599 3138 potestatis
2630 3064 2870 3119 tenebrae
2944 3061 3170 3129 impura:
3217 3057 3466 3113 habitant

1877 3177 2096 3239 propter
2128 3165 2248 3234 ejus
2279 3163 2344 3216 ad
2366 3161 2571 3215 malum
2601 3157 3010 3212 inclinationem
3038 3157 3062 3208 ?
3091 3153 3276 3223 Neque
3311 3152 3459 3206 enim

193 3241 281 3337 τὴν
309 3246 442 3337 πρὸς
479 3247 552 3302 τὰ
600 3248 783 3317 φαῦλα
827 3252 1042 3321 ροπήν;
1076 3257 1174 3307 καὶ
1210 3257 1412 3328 σαπρῷ
1445 3260 1555 3330 γὰρ
1581 3261 1760 3331 δήπου

1884 3261 2188 3335 juisquam,
2233 3253 2326 3322 qui
2357 3251 2525 3320 sapit,
2571 3248 2721 3319 putri
2771 3246 2888 3301 vasi
2924 3253 3264 3314 unguentum
3313 3257 3463 3296 com-

196 3335 371 3407 δοχιίῳ
435 3340 622 3412 μύρον
677 3341 787 3395 οὐδ’
819 3344 885 3398 ἂν
925 3339 1007 3408 εἷς
1050 3347 1176 3400 νοῦν
1211 3347 1352 3418 ἔχων
1397 3354 1766 3410 πιστεύσειεν.

205 3427 261 3480 Ἦ
298 3431 406 3502 γὰρ
435 3433 717 3506 ἐλευθέρα
755 3435 866 3490 τῶν
895 3438 1234 3511 ἀκαθάρτων
1267 3442 1459 3497 παθῶν
1490 3444 1641 3517 ψυχὴ
1674 3450 1768 3503 καὶ

197 3525 253 3592 τῇ
295 3527 584 3601 ἁγιωσύνῃ
619 3529 735 3584 τῶν
781 3532 1010 3596 ἀγαθῶν
1057 3534 1336 3606 χαίρουσα
1370 3537 1648 3608 πράξεων.
1678 3560 1771 3611 φο-

198 3611 321 3683 ϐερά
365 3619 434 3688 τῇ
485 3621 712 3690 πονηρᾷ
763 3620 874 3674 τῶν
919 3622 1197 3694 δαιμόνων
1254 3622 1397 3681 εἶναι
1448 3633 1770 3686 πιστεύεται

201 3706 452 3778 φάλαγγι.
483 3712 699 3796 Ἄλλως
737 3730 802 3766 τε
853 3717 948 3769 καὶ
1002 3715 1266 3788 λογισμοῦ
1300 3723 1394 3775 καὶ
1453 3725 1770 3796 φρονήσεως

198 3797 387 3869 ἔρημος
412 3801 488 3856 ὢν
517 3807 547 3858 ό
585 3793 883 3876 δαιμονῶν,
931 3810 1025 3863 καὶ
1055 3811 1238 3877 φαῦλά
1267 3830 1387 3866 τινα
1429 3793 1524 3867 καὶ
1554 3793 1770 3886 ἄσεμνα

199 3889 680 3969 διαπραττόμενος,
719 3901 812 3952 καὶ
855 3902 1236 3972 δαιμονιώδεις
1285 3908 1470 3973 φωνὰς
1502 3911 1664 3978 προῖέ
1677 3927 1770 3979 με·

199 3999 298 4044 νος.
328 3987 418 4041 τδν
437 3989 573 4043 λαδν
605 3993 1026 4061 συνταράττειν,
1057 3995 1152 4048 καὶ
1183 3997 1284 4068 τὴν
1312 3997 1368 4050 ἐν
1389 3997 1468 4070 τῷ
1496 4001 1604 4071 νεῷ
1633 3998 1772 4070 ψαλ-

206 4075 394 4144 μῳδίαν
434 4081 705 4152 ἀχρειοῦν
738 4082 988 4152 ἔμελλεν.

277 4164 333 4219 '0
377 4167 433 4221 δέ
478 4169 530 4239 γ’
565 4171 664 4224 τοῦ
700 4172 973 4241 Τιμοθέου
1014 4175 1430 4249 ’Δλεξανδρείας
1477 4181 1570 4235 τὸν
1599 4184 1675 4253 μὴ
1702 4184 1773 4236 δι’

204 4253 336 4321 ὅλου,
368 4259 486 4312 ἀλλ’
545 4263 614 4316 ἐκ
643 4263 1047 4332 διαλείμματος
1110 4271 1211 4337 τὴν
1261 4276 1462 4341 μανίαν
1488 4275 1769 4342 νοσοῦντα,

210 4351 641 4451 μεταλαμϐάνειν
673 4358 869 4427 ἐφίησι
901 4359 1011 4413 τῶν
1059 4361 1442 4432 ἁγιασμάτων,
1495 4366 1681 4438 εἴπερ,
1711 4370 1770 4424 ἐν

206 4447 246 4502 t'p
283 4447 578 4513 σωφρονῶν
631 4448 830 4519 δρᾶται
881 4452 1082 4521 καιρῷ,
1141 4455 1216 4522 μὴ
1248 4453 1484 4530 διασύρῃ
1513 4457 1584 4511 τὰ
1627 4459 1767 4523 θεῖα,

208 4532 291 4584 καὶ
328 4535 628 4611 βλασφημῇ
669 4546 730 4595 τὸ
789 4547 1115 4613 μυστήριον,
1179 4546 1316 4617 μηδὲ
1369 4553 1510 4604 κατὰ
1552 4551 1656 4622 τῆς
1681 4553 1772 4606 πί-

1875 3359 2078 3409 mtttet.
2114 3345 2330 3400 Etenim
2378 3343 2586 3403 anima,
2616 3357 2737 3412 qua:
2795 3338 2864 3392 ab
2897 3336 3129 3404 impuris
3175 3335 3462 3400 perturba-

1873 3443 2118 3500 tionibus
2144 3439 2431 3499 liberatur,
2465 3445 2519 3489 et
2547 3434 2602 3487 in
2631 3434 2916 3486 honestate
2949 3433 3214 3484 bonorum
3239 3441 3460 3495 operam

1871 3536 2133 3600 exsultat,
2186 3531 2452 3601 improha
2489 3528 2802 3583 daemonum
2861 3522 3114 3594 phalangi
3169 3517 3460 3575 metuenda

1871 3644 1993 3685 esse
2046 3624 2309 3680 creditur.
2376 3622 2520 3687 Quin
2579 3627 2635 3674 et
2689 3615 3104 3679 daemoniaeus,
3186 3611 3458 3680 siquidem

1873 3723 2093 3776 ratione
2158 3727 2213 3772 et
2270 3716 2556 3772 intellectu
2624 3713 2898 3782 privatur,
2964 3708 3103 3760 n'ala
3166 3705 3347 3774 aliqua
3406 3711 3462 3757 et

1873 3815 2166 3870 inhonesta
2215 3817 2557 3879 perpetratis,
2601 3814 2656 3858 ct
2690 3819 2851 3857 voces
2883 3801 3255 3855 daemoniacas
3299 3796 3461 3850 emit-

1874 3900 2324 3971 tens,'popnlum
2364 3894 2738 3961 conturbabit,
2789 3901 2843 3947 et
2881 3891 3126 3945 divinum
3164 3890 3218 3942 in
3255 3887 3460 3958 templo

1873 3996 2116 4052 ofﬁcium
2148 3991 2424 4061 impediet.

1944 4175 2166 4231 Tertius
2246 4180 2428 4227 autem
2494 4166 2772 4223 Timothei
2834 4163 3194 4220 Alexandrini
3257 4177 3458 4224 canon,

1873 4285 1997 4324 eum
2033 4268 2126 4338 qui
2172 4281 2281 4321 non
2333 4271 2616 4334 perpetuo,
2647 4260 2742 4315 sed
2785 4274 2880 4330 per
2913 4257 3199 4313 intervalla
3246 4255 3460 4310 insania

1872 4362 2106 4424 laborat,
2161 4365 2632 4416 sacramentorum
2684 4352 3008 4423 participem
3057 4365 3178 4405 esse
3227 4348 3380 4410 sinit,
3413 4347 3460 4400 si

1872 4470 1938 4508 co
1964 4463 2227 4521 tempore,
2258 4465 2370 4521 quo
2397 4466 2546 4505 same
2576 4449 2777 4502 mentis
2802 4461 2925 4501 esse
2953 4445 3185 4506 videtur,
3222 4443 3275 4496 in
3302 4455 3460 4496 sacra

1874 4561 1983 4600 non
2042 4544 2340 4606 invehitur,
2392 4556 2493 4596 nec
2543 4540 2868 4609 mysterium
2931 4536 3298 4606 hlasphemat,
3361 4547 3462 4586 nec

210 4637 365 4691 στεως
401 4631 735 4702 φθέγγηται·
772 4630 861 4689 οἷα
893 4636 991 4688 καὶ
1018 4639 1046 4690 δ
1089 4638 1292 4701 Ἰούδας
1319 4640 1570 4710 ἔδρασεν,
1604 4646 1770 4697 ἐκκα-

1884 4647 2068 4694 contra
2099 4635 2260 4691 ﬁdem
2293 4635 2535 4705 loquitur
2561 4650 2577 4700 ;
2603 4630 3070 4702 quemadmodum
3105 4629 3237 4688 fecit
3263 4626 3459 4689 Judas,

209 4714 367 4788 λύψας
399 4722 435 4777 ἃ
462 4726 718 4800 ἐδιδάχθη
746 4731 862 4789 τοῖς
893 4729 1190 4798 Ἰουδαίοις,
1215 4731 1290 4795 ὡς
1315 4737 1432 4798 τοῖς
1462 4737 1772 4807 γινομένοις

211 4808 518 4886 διαπιστῷν,
573 4819 668 4874 καὶ
707 4820 798 4890 τῷ
847 4821 1159 4894 διδασκάλῳ
1202 4824 1280 4891 ὡς
1329 4827 1606 4900 ἀνθρώπῳ
1631 4828 1774 4902 ψιλῷ

212 4907 498 4980 προσέχων,
537 4913 634 4966 καὶ
659 4914 720 4967 ού
750 4914 891 4985 Θεῷ.

283 5083 337 5138 Ὀ
386 5088 442 5143 δὲ
493 5090 577 5156 ιδ’,
621 5090 689 5150 Εί
718 5111 825 5160 τις,
869 5098 1026 5166 φησὶ,
1081 5099 1159 5169 μὴ
1215 5099 1348 5167 ὑγιᾶ
1387 5101 1478 5154 τὸν
1511 5101 1772 5174 λογισμὸν

212 5174 276 5239 ὡς
324 5180 538 5254 ἀληθῶς
570 5187 939 5257 κεκτημένος,
991 5189 1184 5242 ἐαυτὸν
1229 5191 1622 5264 διεχειρίσατο,
1677 5197 1770 5249 καὶ

203 5265 300 5335 ἳῆς
340 5275 477 5346 ὑπὲρ
512 5278 680 5332 αὑτοῦ
732 5283 1084 5350 προσφορᾶς,
1121 5287 1216 5336 καὶ
1260 5285 1362 5354 τῆς
1393 5287 1652 5352 εἰωθυίας
1679 5290 1769 5343 εύ-

214 5362 300 5455 ᾈῆς
324 5366 608 5432 ἀξιούσθωο
649 5373 940 5441 στέρεσθαι
974 5375 1084 5445 γὰρ
1115 5363 1210 5431 καὶ
1241 5378 1340 5446 τῆς
1367 5382 1768 5455 νενομισμένης

216 5451 352 5520 ὁσίας
378 5462 467 5515 τόν
496 5481 561 5532 γε
593 5464 841 5519 τοιοῦτον
863 5467 928 5520 οὐ
964 5469 1096 5539 χρή-

287 5547 343 5600 Ὀ
384 5551 441 5606 δέ
475 5555 516 5622 ξ’
543 5555 644 5626 τῆς
689 5564 745 5622 «3'-
782 5559 1006 5612 συνόδου
1084 5562 1211 5624 τοὺς
1242 5562 1504 5636 δαιμονᾷν
1539 5569 1768 5639 ὐποκρι-

216 5641 471 5732 νῡμένους,
504 5649 598 5703 καὶ
629 5651 852 5719 τρόπων
886 5653 1214 5724 φαυλότητι,
1250 5657 1338 5710 δια
1367 5659 1426 5710 τὸ
1459 5659 1597 5728 πρὸς
1631 5662 1757 5732 κέρ-

215 5725 290 5792 δος
313 5735 457 5808 ὁρᾷν,
480 5741 548 5795 τὰ
570 5744 793 5797 ἐκείνων
821 5748 1361 5815 σχηματιζομένους,
1400 5751 1765 5820 ἐπιτιμᾶσθαι

223 5828 508 5921 ’ξαντάπασι
539 5833 761 5900 δικαιοῖ,
801 5837 900 5890 καὶ
940 5838 1123 5900 πόνοις
1161 5838 1592 5907 ύποϐάλλεσθαι,
1629 5843 1764 5906 οἵοις

229 5923 293 5965 αν
345 5919 550 5993 ἀληθῶς
598 5927 961 6000 δαιμονῶντες
1005 5929 1362 6000 ὑποϐληθεῐεν
1415 5934 1546 6005 πρὸς
1581 5934 1760 5990 ἁπαλ-

1876 4731 1993 4800 qui,
2041 4743 2161 4796 qua:
2205 4743 2236 4782 a
2285 4724 2520 4782 Domino
2571 4727 2768 4781 doctus
2799 4734 2905 4788 est,
2940 4722 3145 4778 Judaeis
3181 4720 3460 4784 revelavit,

1879 4824 1946 4878 iis
1976 4839 2100 4893 qua:
2132 4821 2273 4877 facta
2300 4829 2477 4885 erant,
2525 4822 2685 4874 tidem
2738 4833 2851 4874 non
2901 4817 3060 4878 dans,
3102 4823 3157 4870 et
3194 4813 3462 4884 magistro

1877 4931 1978 4971 suo
2001 4925 2061 4971 ut
2090 4915 2297 4971 nomini
2322 4914 2534 4986 vulgari
2558 4922 2612 4969 et
2639 4927 2745 4968 non
2774 4922 3033 4983 tanquam
3067 4909 3196 4974 Deo,
3224 4917 3458 4963 mentem

1877 5008 2162 5064 adhibens.

1947 5101 2212 5172 Ejusdem
2249 5116 2377 5156 vero
2410 5115 2584 5156 canon
2619 5100 2686 5153 Η
2715 5117 2728 5154 :
2763 5099 2821 5152 Si
2852 5098 2999 5168 quis,
3037 5095 3237 5165 inquit,
3270 5111 3459 5148 revera

1875 5211 1985 5250 non
2017 5209 2164 5250 same
2194 5193 2416 5258 utentis,
2467 5192 2575 5247 sibi
2616 5201 2846 5246 mortem
2897 5204 2996 5244 sua
3033 5204 3197 5242 manu
3247 5189 3458 5242 consci-

1874 5288 2035 5351 verit,
2082 5287 2360 5341 oblationc
2407 5300 2508 5354 pro
2549 5299 2609 5341 se
2643 5293 2698 5338 et
2748 5284 2912 5337 solita
2958 5281 3213 5336 oratione
3261 5280 3460 5349 dignus

1876 5378 2181 5442 habeatur;
2220 5375 2383 5431 talem
2431 5377 2579 5430 enim
2627 5373 2909 5445 obsequiis
2958 5371 3216 5444 legitimis
3260 5369 3458 5439 privari

1873 5488 1982 5526 non
2015 5481 2250 5542 oportet.

1944 5564 2115 5620 Porro
2152 5564 2221 5619 60
2251 5579 2426 5618 canon
2475 5578 2597 5636 syn.
2644 5579 2722 5630 Vt,
2761 5575 2859 5618 eos
2890 5559 2984 5631 qui
3036 5573 3096 5614 se
3129 5574 3158 5610 a
3211 5556 3459 5611 daemone

1872 5666 2159 5727 correptos
2208 5671 2330 5711 esse
2380 5655 2664 5721 simulant,
2717 5665 2772 5711 et
2820 5668 3034 5708 morum
3081 5649 3456 5719 improbitate.

1872 5751 2025 5804 lucro
2057 5748 2266 5804 scilicet
2301 5748 2606 5815 inhiantes,
2632 5763 2824 5803 eorum
2857 5746 3085 5814 ﬁguram
3121 5752 3176 5797 et
3205 5741 3452 5796 habitum

1870 5839 2131 5896 simulate
2161 5854 2271 5909 pra:
2302 5853 2360 5893 se
2396 5838 2598 5902 ferunt,
2635 5836 2958 5892 omnimodo
3004 5833 3308 5906 puniendos
3333 5847 3456 5887 csa-‘0

1870 5933 2132 6000 decernit,
2187 5943 2242 5990 ct
2293 5931 2562 6004 ejusmodi
2613 5929 2894 5989 laboribus
2945 5937 2999 5988 et
3061 5926 3450 6002 asperitatibus
