3902 6624
455 447 597 514 1215

1652 449 2022 509 ΜΑΤἸἮἉΕΙ
2065 445 2495 507 BLASTARIS

3600 435 3723 504 1216

448 556 808 618 exercendas.
859 553 1060 625 quibus
1114 556 1484 626 subjiciuntur
1537 555 1597 624 ii,
1655 558 1747 626 qui
1817 572 1943 612 vere
2005 571 2033 609 a

2175 557 2315 628 αγὴν
2343 558 2443 628 τῆς
2480 553 2575 608 τοῦ
2623 553 2884 624 δαίμονος
2937 551 3248 622 ἐνεργείας.
3299 549 3409 604 Τδν
3465 549 3584 620 γὰρ
3633 550 3728 604 ὑπὸ

450 650 701 704 daemone
756 647 994 717 correpti
1035 656 1188 714 sunt,
1235 659 1294 704 ut
1340 665 1372 704 a
1419 649 1683 704 daemonis
1717 650 2035 719 operatione

450 742 775 796 liberentur.
805 733 940 794 Eum
966 739 1135 807 enim,
1184 741 1277 810 qui
1301 756 1426 796 cum
1457 741 1569 797 Deo
1595 742 1777 798 vivere
1805 742 2038 798 voluerit

453 848 543 888 res
605 833 916 888 mundanas
968 833 1306 901 contemptui
1373 834 1600 896 habens.
1670 834 1814 890 viam
1863 834 2038 889 errori

454 941 562 980 non
596 926 922 990 obnoxiam,
951 936 1004 982 et
1035 925 1089 980 in
1119 942 1227 996 qua
1253 926 1427 982 divini
1461 927 1648 983 Patres
1687 926 2036 991 institerunt,

451 1017 654 1085 eligere
706 1018 974 1087 oportuit,
1027 1033 1139 1072 non
1184 1029 1370 1073 autem
1420 1034 1567 1086 eam,
1622 1034 1746 1088 qua:
1795 1018 2039 1074 seandali

453 1108 678 1165 occasio
727 1111 943 1164 evadat.
997 1109 1208 1164 Etenim
1259 1111 1429 1166 multa
1478 1110 1546 1166 iis
1581 1126 1712 1166 cura
1762 1121 2037 1180 opus-est,

453 1202 535 1256 ιιιὶ
569 1203 748 1272 inquit
771 1212 995 1256 sanctus
1019 1203 1270 1271 quidam,
1299 1218 1368 1256 ne
1395 1202 1526 1256 dum
1561 1203 1824 1258 simulare
1850 1219 2042 1273 aggre-

452 1295 696 1361 diuntur,
732 1296 785 1348 in
820 1294 906 1349 sui
940 1295 1246 1349 illusionem
1277 1295 1558 1363 desinant,
1605 1296 1857 1365 quamvis
1891 1307 2039 1351 recta

453 1403 575 1442 cum
609 1387 822 1442 ratione
857 1389 996 1442 hanc
1022 1388 1164 1442 viam
1195 1387 1484 1458 elegerint.

519 1477 744 1545 Quaeras
779 1479 944 1532 etiam
1001 1481 1053 1532 in
1088 1495 1211 1549 cap.
1261 1479 1280 1532 1
1324 1480 1403 1533 lit.
1435 1480 1478 1532 Β
1553 1496 1676 1535 can.
1729 1481 1797 1534 45
1846 1479 2041 1550 synodi

451 1570 947 1639 Cartliaginensis;
995 1579 1051 1624 et
1097 1570 1374 1625 Timothei
1422 1570 1780 1625 Alexandrini
1856 1573 2044 1627 can.2

451 1670 506 1714 et
537 1661 592 1724 4,
625 1668 679 1715 et
709 1663 761 1713 in
801 1660 872 1713 l2
904 1675 1028 1729 cap.
1070 1661 1153 1716 lit.
1186 1660 1249 1726 E,
1299 1675 1420 1715 can.
1471 1660 1543 1714 85
1577 1677 1696 1731 syn.
1752 1661 2042 1733 Carthagi-

456 1753 687 1818 nensis;
716 1762 769 1806 et
793 1751 1014 1820 26tcap.
1051 1751 1131 1806 lit.
1177 1753 1239 1807 Γ.
1759 1764 1777 1774 ’

453 2001 563 2072 90
597 2001 748 2057 CAP.
783 2002 850 2058 ll.
887 2003 959 2059 De
1019 2005 1392 2128 creditogibus,
1425 2015 1472 2059 et
1508 2013 1714 2067 mutuo,
1743 2014 1790 2057 et
1853 2005 2039 2075 pigno-

1161 2093 1208 2128 τι
1250 2092 1330 2128 us.

1161 2092 1330 2130 fraus.

1159 2190 1343 2261 Leges.

526 2305 682 2362 Uxor
722 2304 867 2361 circa
903 2305 1085 2360 dotem
1121 2307 1400 2376 prioribus
1449 2307 1628 2361 mariti
1677 2307 2044 2362 creditoribus

457 2395 828 2464 praeferatur;
862 2412 970 2451 non
1009 2406 1192 2453 autem
1239 2399 1308 2453 iis
1359 2397 1648 2468 praefertur
1689 2399 1836 2453 circa
1868 2400 2045 2454 dona-

457 2490 662 2546 tionem
694 2499 823 2546 ante
853 2489 1095 2562 nuptias.

517 2582 676 2638 Uxor
709 2585 854 2638 υἷι-ω
889 2583 1074 2639 dotem
1113 2581 1317 2639 .debito
1365 2583 1536 2641 ﬁscaii
1582 2583 1892 2655 pra-fertur,
1941 2585 2045 2641 nisi

459 2674 745 2744 antiquius
775 2675 960 2732 fuerit.

532 2765 688 2822 Vetat
713 2769 1032 2825 constitutio
1057 2770 1317 2826 maritum
1346 2786 1526 2828 rerum
1549 2772 1815 2827 dotalium
1843 2773 2047 2827 aliena-

461 2859 686 2926 tionem,
748 2861 834 2916 vel
912 2861 1273 2933 liypotliecam
1338 2863 1557 2929 facere;
1623 2865 1734 2919 imo
1793 2866 2047 2936 quamvis

460 2968 602 3008 uxor
655 2953 722 3008 iis
765 2969 887 3023 qua:
930 2955 1072 3010 facta
1119 2966 1250 3009 sunt
1298 2957 1611 3012 consentiat
1643 2997 1658 3017 .
1712 2974 1782 3014 ne
1837 2968 2049 3015 natura:

461 3045 742 3119 femineis
775 3048 1030 3104 debilitas
1082 3063 1266 3104 rerum
1335 3065 1561 3104 suarum
1617 3050 2046 3120 deperditionem

462 3150 665 3194 causet.
699 3139 856 3205 Quod
906 3142 949 3196 si
995 3155 1133 3196 uxor
1181 3143 1443 3195 maritum
1489 3158 1577 3197 res
1611 3157 1744 3198 suas
1769 3145 2036 3213 oppigne-

2146 653 2266 724 Θεῷ
2299 653 2400 723 ζῇν
2425 651 2707 722 ἑλόμενον,
2739 649 2836 703 καὶ
2864 648 2975 701 τῶν
3014 647 3378 717 ἀνθρωπίνων
3410 645 3728 715 ἠμεληκότα

2143 747 2510 818 πραγμάτων,
2541 743 2642 815 τὴν
2688 743 2904 812 ἀπλανῆ
2934 741 3030 795 καὶ
3076 743 3192 805 τοῖς
3244 740 3416 804 θείοις
3480 739 3726 808 Πατράσι

2144 840 2378 911 βάσιμον
2399 838 2529 899 ἔδει,
2568 837 2644 906 μὴ
2737 835 2924 904 μέντοι
2964 834 3063 904 τὴν
3099 832 3447 886 ἐπικίνδυνον
3476 832 3574 885 καὶ
3614 833 3731 884 πολ-

2140 933 2253 996 λοῖς
2275 932 2456 985 αἰτίαν
2479 929 2758 1002 αἱρεῖσθαι
2786 928 3110 981 σκανδάλου.
3145 925 3351 995 Πολλῆς
3373 923 3727 994 γὰρῗνήψεως

2139 1028 2256 1089 τοῖς
2283 1024 2554 1087 τοιούτοις
2597 1020 2762 1092 χρεία
2819 1019 3160 1083 καθέστηκε,
3208 1016 3283 1078 ῶς
3316 1033 3405 1078 τις
3448 1018 3593 1084 φησί
3629 1015 3730 1068 τῶν

2144 1122 2340 1191 ἁγίων,
2386 1123 2588 1194 μήπως
2638 1117 2932 1189 ἐμπαίζειν
2977 1114 3474 1186 ἐπιχειρήσαντες,
3526 1111 3608 1172 εἰς
3639 1111 3730 1178 έμ-

2143 1215 2398 1286 παιγμδν
2437 1214 2652 1269 ἑαυτῶν
2686 1211 3092 1280 καταλήξωσιν,
3125 1206 3180 1260 εί
3210 1223 3273 1272 γε
3317 1207 3414 1259 καὶ
3453 1202 3608 1276 ὀρθῷ
3648 1203 3727 1254 λο-

2145 1310 2333 1383 γισμῷ
2372 1309 2474 1381 τὴν
2504 1309 2624 1364 ὁδὸν
2649 1306 2857 1378 ταύτην
2891 1306 3124 1358 εἴλοντο.

2218 1494 2382 1561 Ζήτει
2422 1491 2518 1545 καὶ
2545 1491 2605 1544 ὲν
2638 1488 2721 1559 τῷ
2768 1493 2818 1540 α’
2850 1503 2977 1553 κεφ.
3007 1483 3102 1538 τοῦ
3149 1483 3193 1535 Β
3229 1479 3504 1550 στοιχείου
3532 1476 3727 1531 κανόνα

2152 1582 2235 1653 με’
2261 1583 2362 1651 τῆς
2405 1583 2463 1634 ὲν
2489 1579 2823 1650 Καρθαγένῃ
2864 1575 3109 1637 συνόδου,
3137 1573 3232 1626 τοῦ
3264 1569 3542 1641 Τιμοθέου
3585 1567 3726 1620 Ἀλε-

2149 1674 2433 1743 ξανδρείας
2463 1670 2508 1743 β’
2548 1670 2647 1724 καὶ
2680 1671 2721 1723 δ’
2767 1669 2863 1722 καὶ
2895 1669 2953 1721 ὲν
2981 1665 3060 1735 τῷ
3101 1663 3170 1734 ιβ’
3212 1680 3342 1730 κεφ.
3373 1661 3472 1714 τοῦ
3513 1661 3552 1712 Ε
3588 1675 3730 1710 στοι-

2158 1768 2312 1840 χείου
2370 1766 2573 1820 κανόνα
2609 1770 2699 1831 πγ¹
2726 1763 2826 1832 τῆς
2881 1761 2938 1813 ὲν
2973 1757 3308 1829 Καρθαγένῃ
3354 1753 3602 1820 συνόδου,
3641 1754 3732 1805 καὶ

2149 1861 2208 1914 τὸ
2239 1859 2332 1925 κςθ
2366 1876 2494 1927 κεφ.
2523 1855 2618 1910 τοῦ
2648 1855 2699 1924 γ’
2734 1855 3027 1924 στοιχείου.

2145 2020 2396 2075 ΚΕΦΑΛ.
2431 2019 2508 2074 B'.
2563 2015 2705 2088 Περὶ
2753 2011 3113 2102 δανειστῶν,
3167 2011 3268 2066 καί
3324 2010 3598 2074 δανείου,
3640 2007 3729 2061 καί

2777 2088 2879 2141 sive
2883 2106 2919 2157 χ
2928 2088 3108 2150 ὐρων.

2834 2199 3040 2267 Νόμοι.

2228 2321 2293 2374 'H
2327 2316 2467 2388 γυνὴ
2494 2313 2862 2386 προτιμᾶσθω
2893 2312 3029 2380 περὶ
3072 2309 3175 2380 τὴν
3206 2310 3412 2380 προῖκα
3448 2306 3564 2361 τῶν
3598 2322 3719 2376 προ-

2145 2413 2321 2483 τέρων
2353 2408 2650 2462 δανειστῶν
2674 2404 2772 2458 τοῦ
2806 2401 3023 2471 ἀνδρόςο
3058 2401 3119 2454 οὺ
3153 2398 3501 2470 προτιμᾶται
3529 2396 3586 2449 δὲ
3612 2395 3721 2448 τοὺ·

2147 2523 2258 2558 των
2285 2504 2416 2574 περὶ
2448 2503 2547 2572 τὴν
2580 2497 2688 2569 πρὸ
2717 2497 2902 2566 γάμου
2931 2494 3167 2565 δωρεάν.

2229 2597 2293 2649 Ἦ
2322 2595 2462 2666 γυνὴ
2487 2593 2828 2664 προτιμᾶται
2865 2589 2996 2660 περὶ
3024 2588 3127 2660 τὴν
3160 2588 3366 2658 προῖκα
3405 2583 3508 2639 τοῦ
3566 2582 3723 2654 δημοο

2151 2688 2269 2742 σίου
2301 2687 2522 2757 χρέους,
2547 2684 2596 2737 εἰ
2629 2683 2705 2754 μή
2735 2699 2840 2736 που
2871 2679 3316 2750 προγενέστερον
3347 2674 3621 2747 ὑπῆρξεν.

2235 2772 2609 2844 Ἀπαγορεύει
2661 2773 2695 2840 ἡ
2748 2769 3006 2832 διάταξις
3065 2767 3141 2838 τῷ
3219 2766 3380 2835 ἀνδρὶ
3437 2765 3721 2834 -ὲκποίησιν

2153 2867 2431 2924 ποιείσθαι
2467 2866 2565 2919 καὶ
2596 2862 2886 2932 ὑποθήκην
2915 2861 3030 2915 τῶν
3061 2859 3445 2930 προικιμαίων
3480 2854 3719 2928 πραγμά-

2151 2978 2285 3020 των,
2324 2959 2374 3013 εἰ
2406 2957 2503 3012 καὶ
2529 2959 2645 3018 τοῖς
2680 2953 2994 3024 γινομένοις
3040 2955 3074 3023 ἡ
3105 2951 3244 3023 γυνὴ
3280 2949 3609 3014 συναινέσει,
3640 2947 3718 3000 ίνα

2156 3055 2231 3125 μὴ
2261 3053 2361 3121 τῆς
2384 3050 2711 3121 γυναικείας
2742 3049 2961 3118 φύσεως
2991 3048 3052 3101 τδ
3081 3045 3282 3119 σαθρὸν
3311 3043 3595 3099 ἀπώλειαν
3620 3042 3719 3102 τοῖς

2152 3147 2326 3214 αὐτῆς
2381 3145 2712 3214 πράγμασιν
2761 3140 3067 3210 ἐμποιήσῃ.
3100 3138 3162 3190 Εἰ
3195 3137 3252 3191 δὲ
3284 3137 3318 3203 ἡ
3370 3135 3512 3205 γυνὴ
3553 3131 3719 3204 ὁρῶσα

460 3239 672 3288 rantem
705 3233 916 3297 videns,
946 3234 1131 3289 statim
1163 3235 1439 3290 silentium
1467 3246 1612 3304 agat,
1641 3243 1896 3306 tanquam
1921 3251 2045 3291 eum

2169 3239 2244 3293 τὸν
2275 3237 2448 3308 ἄνδρα
2480 3235 2548 3288 τὰ
2591 3234 2698 3288 ίδια
2729 3230 3149 3300 ὑποτιθέμενον,
3197 3225 3516 3298 ἐσιώπησεν
3544 3225 3718 3292 ἐπίτη-

461 3325 556 3392 qui
585 3341 710 3380 cum
747 3326 944 3382 marito
974 3335 1316 3382 contractum
1365 3327 1516 3393 facit,
1566 3327 1753 3384 fallere
1785 3329 2044 3397 voluerit,

461 3428 594 3471 tunc
665 3433 770 3472 non
836 3418 1149 3487 adiuvatur.
1227 3419 1478 3474 Edictum
1560 3421 1704 3474 enim
1782 3422 2046 3478 uxoribus

463 3511 704 3580 deceptis
736 3511 1056 3580 opitulatur,
1092 3527 1199 3564 non
1233 3520 1413 3565 autem
1451 3511 1839 3568 fraudulentis.

535 3602 594 3658 Si
629 3609 870 3672 :prOpter
917 3603 1101 3657 mariti
1150 3603 1540 3674 obligationem
1591 3620 1731 3658 uxor
1768 3620 1827 3660 se
1881 3605 2043 3660 alieni

463 3707 779 3754 contractus
809 3698 1032 3753 vinculo
1069 3697 1333 3765 injecerit,
1366 3713 1606 3768 eumque
1636 3715 1733 3767 per
1765 3701 2044 3770 propriam

463 3789 828 3845 substantiam
877 3789 1213 3858 obligatione
1263 3790 1499 3845 liberare
1557 3792 1816 3853 Voluerit,
1866 3801 1920 3846 et
1970 3791 2048 3846 rei

463 3899 656 3939 curam
705 3884 966 3954 gesserit,
1020 3885 1066 3940 si
1127 3885 1371 3955 pollicita
1421 3903 1531 3940 non
1585 3887 1831 3944 solverit.
1879 3887 2052 3955 depo-

465 3978 628 4032 situm
684 3977 965 4035 vindicare
1026 3978 1241 4050 nequit,
1293 3979 1557 4050 perfectas
1608 3979 1819 4034 scilicet
1874 3981 2051 4037 aetatis

463 4071 759 4127 essistens.

536 4251 592 4307 Si
625 4268 733 4322 qua
771 4266 912 4306 uxor
941 4251 994 4305 in
1043 4251 1303 4307 cautione
1338 4253 1514 4308 mutui
1563 4253 1758 4308 marito
1792 4269 1894 4308 suo
1921 4268 2056 4308 con-

462 4360 688 4400 sensum
734 4343 826 4398 det
887 4343 1181 4398 facultates
1215 4359 1344 4398 suas
1371 4343 1744 4408 subscribere,
1783 4344 1870 4398 vel
1912 4345 2057 4414 seip-

464 4454 582 4495 sam
610 4439 837 4508 obliget,
869 4437 1004 4491 nihil
1051 4436 1323 4506 ejusmodi
1354 4436 1520 4499 valet,
1569 4437 1892 4502 obtinetve;
1939 4439 2055 4493 sive

464 4530 656 4592 semel.
685 4530 800 4584 sive
825 4528 1024 4598 saepius
1044 4529 1186 4583 idem
1211 4528 1350 4582 inea
1376 4544 1434 4582 re
1455 4527 1550 4582 fiat
1575 4545 1589 4592 ;
1614 4529 1729 4583 sive
1753 4529 2050 4598 privatum,

2149 3331 2262 3393 δες,
2292 3329 2370 3392 ὡς
2420 3328 2708 3397 ἀπατῆσαι
2739 3324 3042 3397 βουλομένη
3075 3322 3167 3376 τὸν
3195 3321 3634 3376 συναλλάσσοντα
3653 3313 3718 3385 τῷ

2149 3421 2327 3494 ἀνδρὶ,
2379 3420 2501 3474 τότε
2555 3420 2616 3473 οὐ
2675 3417 2980 3489 βοηθεῖται.
3013 3416 3150 3478 Ταῖς
3190 3414 3302 3485 γὰρ
3338 3411 3718 3484 ἀπατωμέναις

2149 3513 2370 3582 γυναιξὶ
2402 3512 2592 3583 βοηθεῖ
2623 3511 2684 3565 τὸ
2733 3511 2936 3579 δόγμα.
2969 3508 3032 3561 οὐ
3075 3509 3197 3571 ταῖς
3229 3505 3592 3576 πανούργοις.

2234 3605 2364 3658 Ἐὰν
2414 3605 2504 3658 διὰ
2555 3603 2656 3675 τὴν
2706 3602 2802 3656 τοῦ
2859 3600 3056 3671 ἀνδρὸς
3115 3599 3311 3678 ένοχὴν
3358 3595 3716 3668 παρενέϐαλεν

2150 3695 2354 3766 ἑαυτὴν
2388 3697 2420 3765 ἡ
2447 3695 2586 3765 γυνὴ
2619 3691 2921 3764 τῷδεσμῷ
2951 3691 3044 3744 τοῦ
3087 3675 3376 3758 ἄλλοτρίου
3410 3686 3710 3754 συναλλάγο

2154 3806 2366 3860 ματος.
2439 3789 2532 3841 καὶ
2581 3787 2672 3841 διὰ
2734 3786 2836 3855 τῆς
2930 3785 3068 3848 ἰδίας
3128 3783 3490 3844 ὑποστάσεως
3535 3778 3709 3833 τοῦτον

2151 3877 2465 3943 ἀπαλλάξαι
2521 3877 2773 3948 βούλεται
2816 3876 2918 3945 τῆς
2969 3875 3184 3944 ένοχῆς,
3239 3875 3336 3928 καὶ
3379 3873 3715 3943 ὲμελέτησεν.

2154 3972 2204 4024 εί
2257 3970 2356 4041 μὲν
2394 3969 2752 4040 ὑποσχομένη
2786 3968 2850 4020 οὐ
2905 3966 3228 4030 κατέϐαλεν,
3258 3965 3383 4018 οὐδὲ
3410 3961 3716 4018 καταϐαλείν

2153 4064 2236 4118 ἔτι
2290 4061 2769 4133 ἁπαιτηθήσεταιο
2806 4061 2856 4113 εἰ
2905 4060 2962 4112 δὲ
3004 4058 3300 4122 κατέϐαλε,
3340 4054 3625 4111 διεκδικεῖν
3662 4049 3712 4104 οὐ

2153 4156 2410 4219 δύναται,
2444 4154 2692 4226 δηλονότι
2725 4153 2833 4206 τῶν
2859 4152 3094 4207 ἐντελῶν
3121 4147 3280 4207 οὖσα.

2227 4247 2296 4301 El’
2324 4263 2406 4307 τις
2448 4245 2589 4316 γυνὴ
2621 4246 2679 4298 ὲν
2712 4243 2990 4314 δανειακῷ
3025 4242 3404 4314 γραμματείῳ
3434 4237 3715 4295 συναινέσει

2167 4339 2245 4409 τῷ
2298 4339 2414 4409 ἰδίῳ
2450 4338 2630 4408 ἀνδρὶ,
2669 4337 2700 4406 ἢ
2737 4336 3070 4407 ὑπογράψει,
3098 4336 3195 4389 καὶ
3245 4335 3348 4404 τὴν
3399 4333 3603 4386 οἰκείαν
3631 4343 3717 4381 πε·

2159 4432 2428 4501 ριουσίαν,
2465 4431 2499 4502 ἢ
2529 4430 2622 4484 καὶ
2646 4429 2846 4500 ἑαυτὴν
2875 4429 3279 4501 ὲνοχοποιήσει,
3304 4425 3463 4479 οὐδὲν
3495 4420 3714 4478 τοιοῦτον

2157 4526 2335 4596 ἰσχύει
2394 4527 2428 4598 ἢ
2480 4525 2699 4597 κρατεῖ,
2750 4523 2856 4577 κᾶν
2888 4541 2950 4576 τε
2991 4521 3164 4588 ἅπαξ,
3205 4521 3309 4575 κᾶν
3363 4535 3424 4571 τε
3477 4517 3716 4573 πολλάκις

467 4623 580 4676 sive
608 4622 888 4692 publicum
922 4620 1086 4675 fuerit
1114 4621 1355 4676 debitum
1384 4639 1401 4683 ;
1439 4622 1532 4677 sed
1561 4623 1752 4676 eodem
1789 4622 1954 4678 modo
1987 4637 2046 4678 se

2169 4617 2403 4671 τοιοῦτον
2453 4617 2597 4688 ὑπὲρ
2636 4616 2732 4670 τοῦ
2769 4615 2945 4672 αὐτοῦ.
2973 4614 3304 4685 πράγματος
3351 4611 3595 4680 γένηται,
3623 4606 3714 4660 εἴτε

471 4717 655 4779 liabet,
689 4731 754 4770 ac
788 4716 832 4770 si
868 4715 1185 4770 nullatenus
1209 4716 1476 4785 scriptum
1511 4715 1713 4771 fuerit:
1743 4716 1846 4772 nisi
1869 4725 2056 4786 aperte

471 4809 756 4877 probetur,
789 4808 936 4876 quod
986 4809 1231 4876 pecunia
1281 4809 1336 4864 in
1384 4809 1628 4879 privatos
1674 4809 1868 4866 uxoris
1917 4825 2053 4867 usus

468 4902 831 4958 commodata:
856 4900 1084 4957 fuerint.

544 5077 794 5132 Creditor
850 5076 1346 5148 qui.prolatioues
1418 5093 1550 5135 suas
1616 5081 1891 5137 inliciatus
1949 5090 2054 5146 est,

474 5183 745 5223 summam
777 5183 899 5236 qua:
930 5167 999 5225 iis
1047 5169 1385 5235 continetur,
1433 5180 1726 5240 postquam
1773 5173 2058 5228 convictus

457 5257 664 5328 ‘fuerit,
705 5259 942 5315 debitori
972 5259 1196 5331 duplam
1233 5262 1549 5318 rationibus
1581 5265 1732 5320 initis
1755 5265 2032 5320 refundat.

543 5351 778 5408 Fructus
805 5365 873 5406 ex
914 5351 1142 5420 pignore
1190 5354 1428 5422 percepti
1463 5353 1518 5408 in
1547 5365 1751 5409 sortem
1785 5353 2060 5423 imputan-

478 5455 590 5509 tur,
639 5452 694 5498 et
741 5445 786 5499 si
835 5443 1106 5500 suﬂiciant
1165 5445 1230 5498 ad
1283 5454 1456 5499 totum
1511 5446 1777 5508 debitum.
1829 5446 2059 5501 solvitur

476 5538 647 5604 actio,
677 5545 731 5592 et
759 5537 961 5609 pignus
990 5537 1259 5591 redditur.
1303 5538 1460 5605 Quod
1499 5539 1545 5594 si
1579 5537 1790 5594 fructus
1815 5539 2055 5595 debitum

480 5637 760 5698 superent,
792 5627 1053 5700 superﬂui
1085 5629 1419 5686 redduntur.

551 5807 784 5865 Fructus
816 5810 967 5866 fundi
991 5818 1383 5881 computantur
1412 5811 1466 5866 in
1486 5819 1712 5877 sortem,
1743 5828 1852 5867 non
1881 5813 2056 5868 solum

483 5916 623 5970 quos
655 5902 892 5958 creditor
938 5905 1204 5977 percepit,
1258 5919 1444 5959 verum
1486 5903 1648 5960 etiam
1693 5919 1832 5975 qtios
1884 5905 2059 5976 perci-

2162 4709 2356 4771 ἱδικὸν,
2413 4709 2528 4761 εἴτε
2581 4709 2844 4779 δημόσιον
2902 4707 2990 4776 εἴη
3045 4707 3108 4760 τὸ
3168 4705 3354 4777 χρέος,
3413 4703 3529 4757 ἀλλ’
3567 4700 3713 4761 οὕτως

2158 4799 2298 4857 εἷναι
2342 4802 2419 4866 ὡς
2447 4801 2514 4856 ἂν
2556 4803 2606 4855 εἰ
2645 4802 2783 4871 μηδὲ
2813 4799 3206 4872 γεγραμμένον
3239 4794 3330 4868 ἦν,
3367 4799 3417 4852 εἰ
3463 4795 3538 4867 μὴ
3575 4807 3711 4864 φανε-

2163 4894 2270 4965 ρῶς
2299 4893 2674 4962 ἀποδειχθείη,
2711 4895 2796 4948 ὅτι
2849 4893 2920 4946 τὰ
2952 4893 3215 4961 χρήματα
3261 4893 3344 4953 εἰς
3391 4889 3529 4952 ἰδίας
3565 4881 3710 4949 αὐτῆς

2159 4987 2259 5058 τῆς
2306 4986 2570 5056 γυναικὸς
2598 4986 2790 5057 χρείας
2825 4984 3138 5053 ἐδανείσθη.

2243 5078 2301 5134 ’0
2325 5079 2618 5149 δανειστὴς
2650 5080 2750 5141 τὰς
2777 5077 2989 5140 οἰκείας
3017 5073 3405 5147 ἀρνησάμενος
3437 5069 3711 5135 ἀποδείξεις

2158 5171 2441 5224 διπλάσιον
2472 5171 2535 5223 τὸ
2583 5169 2982 5240 περιεχόμενον
3035 5167 3233 5230 αὐταῖς
3281 5166 3455 5220 ποσὸν
3505 5156 3703 5229 ἐλεγχό-

2164 5281 2326 5334 μενος
2367 5263 2820 5332 καταλογιζέσθω
2850 5260 2929 5331 τῷ
2960 5258 3242 5330 χρεώστῃ.

2233 5359 2296 5411 Ol
2321 5360 2386 5412 ἐκ
2415 5357 2510 5411 τοῦ
2550 5359 2813 5427 ἐνεχύρου
2839 5353 3140 5423 ληφθέντες
3175 5351 3387 5423 καρποὶ
3409 5349 3708 5422 ψηφίζονται

2162 5453 2244 5514 εἰς
2289 5452 2351 5505 τὸ
2404 5451 2603 5522 χρέος’
2654 5449 2751 5503 καὶ
2799 5447 2896 5502 ἰὰν
2946 5449 3129 5502 ίκανοὶ
3171 5446 3442 5513 γένωνται
3493 5441 3621 5510 πρὸς
3660 5434 3708 5488 τὺ

2163 5544 2286 5598 ὅλον
2330 5543 2512 5612 χρέος.
2555 5541 2743 5594 λύεται
2785 5542 2818 5610 ἡ
2872 5539 3085 5609 ἀγωγὴ,
3143 5537 3240 5590 καὶ
3303 5535 3620 5588 ἀποδίδοται
3661 5524 3707 5577 τὸ

2165 5637 2442 5707 ἐνέχυρον.
2500 5636 2562 5688 Εἰ
2615 5634 2673 5687 δὲ
2707 5632 2804 5688 καὶ
2853 5631 3103 5694 πλείονές
3138 5633 3247 5684 εἰσι
3295 5626 3392 5682 τοῦ
3444 5625 3628 5698 χρέους
3669 5617 3706 5669 ηἱ

2167 5726 2396 5796 καρποὶ,
2423 5725 2773 5778 ἀποδίδονται
2803 5723 2853 5776 οἱ
2881 5720 3316 5792 περιττεύοντες.

2237 5817 2300 5869 Οἱ
2335 5815 2541 5887 καρποὶ⁵
2599 5814 2695 5868 τοῦ
2731 5815 2905 5886 ἀγροῦ
2943 5813 3269 5883 ψηφίζονται
3306 5811 3388 5875 εἰς
3441 5809 3509 5863 rb’
3544 5805 3702 5878 χρέος.

2169 5927 2197 5963 ο
2219 5911 2237 5961 ἰ
2269 5909 2429 5982 μόνον
2460 5906 2552 5974 οὓς
2587 5907 2778 5963 ἔλασεν
2805 5908 2833 5961 ὁ
2862 5906 3170 5977 δανειστὴς,
3205 5905 3342 5960 ἀλλὰ
3363 5905 3459 5960 καὶ
3488 5901 3577 5967 οὒς
3602 5894 3702 5970 ἡδύ·
