3902 6552
152 458 261 530 1217

1061 452 1467 516 SYNTAGMA
1513 450 2232 515 ALPHABETICUM.—-
2276 450 2336 500 Δ.

3217 450 3353 513 1218

147 593 250 629 varo
277 567 473 626 λαϐεῖν·
504 569 558 622 εί
581 561 636 622 δὲ
700 567 793 620 καὶ
830 562 1029 638 ἔϐλαψε
1060 581 1154 621 τον
1191 568 1386 638 ἀγρδν,
1420 568 1676 633 ἐνὰγεται

1801 582 1911 619 iere
1961 566 2157 634 potuit.
2193 562 2346 628 Quod
2393 561 2438 616 si
2485 573 2676 630 agrum
2726 559 3054 615 deteriorem
3089 559 3350 627 ell'ecerit,

147 670 224 720 καὶ
247 664 367 736 περὶ
388 661 606 715 τούτου.

212 757 324 812 Ἐὰν
355 758 382 810 ὁ
413 754 700 825 δανειστὴς
748 752 823 825 μὴ
856 753 984 823 παρ’
1019 752 1155 805 ίδίαν
1190 752 1373 806 αἰτίαν
1399 750 1674 822 ,ἀπολέσῃ

147 853 195 904 τὸ
215 851 476 919 ἐνέχυρον,
499 848 600 900 οὐκ
629 847 961 914 ὲγκαλεῖται.
983 845 1104 913 Χρὴ
1127 843 1184 896 δὲ
1211 842 1374 895 αὐτὸν
1400 841 1677 906 ἀποδείξαι

146 946 212 998 ὅτι
239 941 477 995 ἀπώλεσε
500 955 516 970 ο
549 939 619 992 τά
647 938 754 1009 γὰρ
794 939 1012 1007 τυχηρὰ
1080 937 1142 989 ού
1193 935 1567 988 κινδυνεύεται
1599 933 1678 1003 τῷ

146 1035 382 1102 δανειστῇ,
425 1031 564 1085 ἀλλὰ
612 1031 836 1085 δύναται
877 1030 1020 1083 κατά
1069 1028 1241 1098 τύχην
1296 1026 1569 1089 ἀπολέσας
1615 1025 1678 1078 τὸ

147 1129 369 1197 πρᾶγμα,
421 1126 676 1178 ἀπαιτεῖν
707 1124 768 1176 τὸ
798 1123 947 1192 αὐτῷ
977 1119 1492 1192 κεχρεωστημένον.
1530 1119 1593 1170 Ei
1623 1117 1680 1170 δὲ

148 1217 322 1288 μεταξὺ
347 1217 454 1270 τῶν
479 1215 956 1270 συναλλασσόντων
995 1215 1211 1285 ήρεσεν,
1238 1213 1322 1264 ἶνα
1365 1213 1398 1281 ἡ
1431 1209 1680 1264 ἀπώλεια

145 1307 236 1359 τῶν
282 1306 557 1377 ἐνεχύρων
604 1305 951 1378 ἐλευθερώσῃ
1006 1305 1098 1358 τὸν
1147 1302 1470 1374 χρεώστην,
1522 1299 1681 1354 τοῦτο

145 1399 317 1470 ίσχύει.

435 1491 695 1545 ΚΕΦΔΔ.
723 1489 797 1543 Γ’.
837 1489 979 1557 Περὶ
1022 1486 1346 1557 διαζυτίου.

201 1580 347 1650 Ζήτει
380 1579 441 1632 τδ
475 1584 546 1646 ιγ’
593 1577 892 1644 κεφάλαιον
916 1576 1010 1630 τοῦ
1057 1576 1112 1629 I"
1143 1575 1430 1644 στοιχείου.

459 1672 716 1725 ΚΕῷΑΛ.
746 1674 818 1727 Δ’.
844 1672 982 1740 Περὶ
1015 1671 1326 1736 διαθήκης.

210 1764 262 1817 '0
314 1762 364 1832 μ’
416 1764 528 1817 τῶν
583 1763 754 1830 ἁγίων
809 1762 1124 1816 ἀποστόλων
1191 1759 1375 1813 κανὼν
1419 1759 1512 1812 τὸν
1573 1759 1684 1812 rem

143 1859 450 1928 κεκτημένον
500 1857 608 1927 πρὸ
657 1857 757 1924 τῆς
833 1857 1169 1927 χειροτονίας
1226 1854 1527 1907 ἐπίσκοπον
1592 1869 1682 1904 κει

139 1951 262 2003 λεύει
292 1949 421 2018 δῆλα
467 1949 643 2002 ταῦτα
681 1949 868 2008 ποιεῖν,
903 1949 999 2000 καὶ
1048 1946 1124 2016 μὴ
1188 1948 1299 2008 τοῖς
1331 1945 1429 2013 τῆς
1486 1943 1687 2013 ἐκκλη-

140 2045 240 2106 σίας
269 2043 544 2112 μιγνύναι,
582 2041 648 2094 ἵν’
680 2041 929 2105 ἐξουσίαν
989 2039 1103 2108 ἔχοι
1133 2037 1422 2101 τελευτῶν,
1452 2030 1532 2097 οἷς
1565 2035 1688 2105 βού-

141 2134 271 2187 λεται
313 2135 403 2188 καὶ
439 2134 519 2196 ὡς
555 2132 828 2202 βούλεται,
873 2130 1047 2184 ταῦτα
1089 2128 1440 2192 καταλιπεῖν,
1469 2127 1686 2196 ὀρθοδό-

143 2228 231 2290 ξοις
268 2226 446 2296 μέντοι
505 2226 876 2297 Χριστιανοῖς,
907 2222 1002 2275 καὶ
1030 2221 1105 2293 μὴ
1136 2219 1414 2290 προφάσει
1441 2218 1551 2272 τῶν
1585 2219 1685 2287 τῆς

142 2317 406 2387 ὶκκλησίας
457 2316 810 2388 πραγμάτων
876 2312 1211 2368 ἀπόλλυσθαι
1236 2312 1306 2365 τά
1335 2311 1429 2364 τοῦ
1465 2311 1687 2386 ἐπισκό-

147 2424 253 2471 που,
285 2407 522 2474 γυναῖκα
578 2405 673 2459 καὶ
727 2405 923 2466 παῖδας
973 2403 1086 2456 ἔσθ’
1118 2404 1207 2456 ὅτε
1255 2399 1685 2471 κεκτημένου,ἣ

149 2502 424 2567 συγγενεῖς,
485 2498 520 2568 ἢ
571 2497 812 2560 οίκὲτας.
860 2496 1081 2548 Δίκαιον
1104 2495 1213 2563 γὰρ
1257 2493 1408 2563 παρά
1434 2490 1551 2562 Θεῷ
1593 2491 1687 2543 καὶ

146 2587 422 2657 ἀνθρώποις
455 2589 597 2658 μήτε
625 2585 722 2656 τὴν
756 2583 1054 2650 ἐκκλησίαν
1105 2580 1435 2652 ζημιοῦσθαι
1495 2577 1688 2648 ἀγνοίᾳ

147 2679 237 2731 τῶν
271 2679 361 2732 τοῦ
410 2678 716 2732 ἐπισκόπου
748 2675 1112 2745 πραγμάτων,
1151 2676 1289 2742 μήτε
1330 2670 1421 2724 τὸν
1463 2669 1682 2723 ἐπίσκοο

145 2786 228 2823 πον
263 2770 446 2842 ἢτοὺς
503 2767 670 2824 αὐτοῦ
719 2770 1043 2836 συγγενεῖς,
1095 2764 1371 2836 προφάσει
1426 2762 1536 2815 τῶν
1589 2761 1687 2831 τῆς

146 2863 424 2933 ἐκκλησίας,
485 2861 693 2932 ζημίαν
756 2857 1073 2929 ὑπομένειν,
1134 2857 1292 2928 βάρει
1337 2854 1511 2927 χρεῶν
1559 2854 1688 2917 ίσως

148 2957 516 3027 ὑποκειμένης,
547 2957 642 3009 καλ⁸
678 2957 759 3018 εἰς
799 2955 1108 3025 πράγματα
1138 2952 1362 3014 τούτους
1391 2953 1413 3004 ἐ
1425 2950 1690 3021 μπίπτον-

147 3066 247 3114 τας,
279 3050 352 3120 τῷ
393 3047 567 3102 αὐτοῦ
599 3049 1054 3118 διαλοιδορείσθαι
1091 3046 1326 3117 θανάτῳ.
1372 3047 1436 3098 Ei
1471 3045 1579 3112 γάρ
1611 3042 1687 3114 μὴ

148 3138 260 3209 δῆλα
285 3143 571 3212 ποιήσαιτο
604 3140 674 3194 τά
719 3157 778 3193 τε
811 3142 916 3210 πρὸ
945 3140 1047 3210 τῆς
1078 3139 1440 3212 χειροτονίας,
1475 3137 1572 3191 καὶ
1619 3136 1688 3188 τὰ

1782 657 1945 710 etiam
1980 655 2081 730 hoc
2119 654 2340 708 nomine
2371 651 2718 724 convenitur.

1851 747 1910 802 Si
1939 747 2173 802 creditor
2200 761 2306 800 non
2339 745 2498 814 culpa
2531 758 2633 800 sua
2669 743 2867 816 pignus
2896 745 3214 814 perdiderit,
3241 761 3349 801 non

1781 848 2018 896 tenetur.
2056 838 2160 894 Sed
2189 840 2236 892 ei
2266 838 2535 892 incumbit
2574 839 2880 893 necessitas
2907 837 3174 907 probandi
3211 839 3262 893 id
3291 855 3352 894 se

1782 931 2115 1001 perdidisse;
2136 931 2336 1000 quippe
2361 946 2522 986 casus
2552 918 2762 985 fortuiti
2799 945 2908 984 non
2947 930 3188 999 periculo
3221 938 3352 986 sunt

1783 1024 2091 1088 creditoris,
2120 1025 2214 1080 sed
2242 1034 2419 1093 potest
2445 1025 2490 1080 is
2516 1040 2575 1079 re
2597 1023 2825 1080 fortuito
2851 1024 3056 1080 amissa
3076 1040 3348 1079 summam

1783 1116 1886 1171 sibi
1940 1117 2176 1170 debitam
2227 1131 2541 1186 reposcere.
2592 1118 2748 1183 Quod
2800 1118 2848 1172 si
2899 1117 3353 1172 contrahentibus

1784 1208 2071 1279 placuerit,
2101 1219 2158 1264 ut
2183 1209 2468 1280 pignorum
2487 1209 2707 1280 jactura
2736 1210 3038 1267 debitorem
3072 1210 3350 1274 liberaret,

1783 1300 1916 1356 illud
1952 1301 2114 1357 valet.

2231 1439 2383 1496 CAP.
2417 1438 2506 1495 Ill.
2540 1439 2617 1494 De
2645 1439 2894 1493 diuortio.

1862 1527 2056 1595 Quaere
2091 1545 2214 1602 cap.
2245 1532 2313 1586 l3
2351 1533 2389 1584 Γ
2414 1532 2627 1588 litterae.

2111 1669 2216 1740 91
2255 1669 2406 1725 CAP.
2434 1669 2523 1724 IV.
2570 1669 2646 1724 De
2681 1678 3008 1725 testamento.

1857 1761 2180 1817 Sanctorum
2223 1761 2594 1831 apostolorum
2653 1761 2717 1816 40
2762 1777 2938 1817 canon
3019 1762 3356 1832 episcopum,

1785 1855 1874 1922 qui
1920 1863 2045 1907 ante
2089 1853 2488 1907 ordinationem
2540 1855 2678 1907 bona
2724 1853 2933 1923 privata
2987 1855 3251 1924 possidet,
3295 1869 3358 1908 ea
3421 1919 3424 1922 ,

1727 1937 1770 1991 Β
1797 1946 1972 2016 palam
1999 1945 2180 1998 facere
2203 1945 2380 2014 jubet,
2409 1953 2462 1998 et
2493 1960 2598 1998 non
2635 1960 2758 1998 (eum
2789 1945 2947 1998 bonis
2969 1944 3360 1998 ecclesiasticis

1790 2037 2281 2102 eommiscere,ut
2339 2038 2410 2092 sit
2463 2037 2517 2090 in
2579 2046 2843 2104 potestate
2899 2036 3018 2106 ejus
3077 2037 3361 2090 morientis

1788 2130 1988 2197 quibus
2042 2129 2194 2194 vult,
2243 2141 2297 2184 et
2349 2139 2408 2183 ut
2457 2129 2606 2193 vult,
2657 2130 2989 2198 relinquere,
3040 2129 3360 2183 orthodoxis

1791 2229 1969 2274 tamen
2025 2221 2398 2284 Christianis,
2465 2237 2532 2274 ne
2596 2236 2776 2274 rerum
2853 2221 3355 2276 ecclesiasticarum

1789 2313 2080 2367 occasione
2118 2329 2204 2367 res
2237 2314 2476 2382 episcopi
2519 2315 2907 2381 deperdantur,
2961 2316 3056 2382 qui
3107 2320 3361 2369 no’nnuu-

1789 2421 1950 2474 quam
2001 2421 2224 2460 uxorem
2275 2406 2436 2460 habet
2470 2417 2523 2459 ct
2572 2405 2793 2470 liberos,
2823 2406 2904 2459 vel
2939 2415 3224 2476 cognatos,
3275 2408 3360 2460 vel

1791 2495 2045 2550 famulos.
2083 2495 2179 2549 Est
2209 2495 2354 2548 enim
2385 2497 2595 2565 justum
2623 2497 2764 2564 apud
2804 2495 2972 2550 Deum
3002 2505 3057 2550 et
3092 2497 3361 2560 homines,

1791 2597 1848 2642 ut
1886 2603 1986 2642 nec
2035 2587 2262 2641 ecclesia
2314 2588 2571 2640 damnum
2615 2589 2876 2656 patiatur,
2927 2597 3147 2658 propter
3175 2604 3363 2644 rerum

1789 2680 2031 2750 episcopi
2082 2679 2501 2748 ignorationem,
2565 2695 2666 2733 nec
2720 2680 3031 2749 episcopus,
3105 2681 3186 2735 vel
3242 2681 3362 2750 ejus

1791 2775 2004 2839 cognati
2046 2774 2315 2826 bonorum
2351 2773 2595 2826 ecclesiae
2646 2781 2935 2842 praetextu,
3003 2788 3124 2842 quae
3174 2772 3360 2829 forsan

1789 2867 2094 2921 debitorum
2128 2864 2357 2934 ponderi
2389 2865 2698 2933 subjicitur,
2728 2866 2990 2920 damnum
3019 2866 3359 2932 sustineant,

1791 2967 1844 3010 et
1873 2957 1927 3010 in
1955 2956 2169 3023 negotia
2199 2967 2251 3011 et
2277 2956 2396 3010 lites
2425 2956 2726 3012 incidentes
2758 2965 2989 3011 mortem
3018 2958 3139 3028 ejus
3168 2969 3363 3013 contu-

1795 3045 1951 3098 melia
1998 3045 2254 3100 alliciant.
2297 3045 2411 3099 Nisi
2461 3047 2631 3100 enim-
2685 3047 3006 3102 manifestas
3067 3048 3228 3104 faciet
3274 3063 3364 3105 res

1793 3154 1920 3193 suas
1953 3154 2074 3209 qua‘
2117 3148 2242 3194 ante
2271 3139 2693 3205 ordinationem,
2741 3149 2794 3195 et
2834 3157 2956 3210 quae
2994 3149 3115 3211 post
3143 3143 3365 3197 ordina-

152 3231 269 3298 μετά
296 3232 510 3302 ταύτην
557 3231 707 3301 αὐτῷ
749 3232 1101 3302 περιελθόντα
1151 3231 1208 3298 ἐξ
1240 3230 1418 3292 αἰτίας
1450 3230 1689 3297 εὐπροσ-

1800 3231 1998 3285 tionem
2033 3231 2080 3284 ei
2113 3230 2353 3300 legitime
2383 3233 2741 3296 devenerunt,
2771 3233 3061 3304 episcopus
3105 3234 3197 3305 qui
3236 3250 3366 3305 pro-

150 3322 307 3388 ὡπου,
355 3328 383 3378 ὁ
418 3324 541 3395 μετ’
575 3324 740 3376 «om
783 3323 1187 3394 χειροτονηθεὶς
1217 3321 1323 3375 τῶν
1352 3319 1518 3374 αὐτοῦ
1553 3320 1689 3372 πάν-

151 3431 240 3468 των
268 3417 572 3485 ἀνθέξεται,
606 3416 1034 3486 ἀναδεδεγμένος
1076 3417 1290 3478 πάντως
1333 3415 1428 3468 καὶ
1456 3413 1556 3484 τὴν
1583 3413 1692 3465 τῶν

151 3509 301 3577 χρεῶν
331 3510 569 3563 ἔκτισιν.

217 3600 269 3654 '0
307 3601 360 3654 δὲ
395 3600 474 3672 λβ⁹
509 3601 612 3669 τῆς
647 3601 704 3653 ἐν
733 3599 1067 3672 Καρθαγένῃ
1107 3599 1352 3661 συνόδου,
1381 3599 1443 3651 Οί
1470 3600 1547 3662 εἰς
1576 3598 1694 3651 ἐπι·

151 3692 353 3762 σκοπὴν,
404 3696 564 3762 φησὶ,
626 3691 1076 3763 προελθόντες,ἢ
1141 3692 1366 3762 κλῆρον,
1429 3691 1523 3744 καὶ
1587 3693 1694 3762 πρὸ

151 3780 316 3833 τούτου
346 3783 445 3852 μὲν
480 3781 685 3850 ἀπορία
709 3782 802 3834 καὶ
835 3781 997 3852 πενίᾳ
1027 3780 1322 3847 συζῶντες,
1347 3781 1692 3851 εὐπορήσαν-

153 3886 229 3932 τες
271 3871 324 3925 δὲ
371 3871 512 3940 μετά
553 3872 733 3936 τοῦτο,
765 3871 903 3924 ὥστε
953 3874 1049 3923 καὶ
1081 3871 1289 3943 ἀγροὺς
1313 3872 1526 3932 ἑαυτοῖς
1558 3869 1691 3938 πρί-

151 3964 313 4028 ασθαι,
348 3966 444 4020 καὶ
479 3965 681 4036 χωρία,
711 3966 836 4020 ἐπεὶ
881 3963 1140 4018 δοκοῦσιν
1187 3965 1250 4014 ἐκ
1288 3962 1400 4016 τῶν
1433 3961 1693 4030 πραγμά·

152 4070 240 4106 των
262 4057 426 4110 ταῦτα.
450 4056 554 4124 τῆς
599 4057 901 4126 ἐκκλησίας
957 4053 1287 4126 κτήσασθαι,
1309 4053 1584 4121 ὀφείλουσι
1618 4051 1696 4121 μὴ

152 4145 352 4216 ἑτέροις,
382 4147 523 4201 ἀλλὰ
569 4151 636 4218 τῇ
703 4147 972 4218 ἐκκλησίᾳ
1005 4145 1176 4200 ταῦτα
1203 4144 1562 4208 καταλιπεῖν,
1597 4144 1696 4211 τὴν

152 4233 234 4302 τῆς
277 4237 582 4308 ἱεροσυλίας
623 4237 841 4305 γραφὴν
875 4235 1282 4305 φυλαττόμενοι.
1349 4236 1407 4288 Ei
1452 4233 1508 4286 δὲ
1557 4234 1697 4286 κατά

153 4325 351 4395 δωρεὰν,
377 4329 411 4400 ἢ
439 4327 718 4395 συγγενῶν
757 4327 1146 4396 κληρονομίαν,
1175 4331 1271 4382 καὶ
1300 4328 1376 4398 μὴ
1403 4327 1522 4380 καθ’
1551 4327 1694 4380 ὁντιο

155 4416 292 4470 ναούν
317 4420 506 4488 ἓτερον
533 4419 754 4488 τρόπον,
795 4420 874 4481 είς
909 4418 1238 4489 ἁναρρύσεις
1285 4420 1449 4488 τυχὸν
1492 4420 1697 4488 αἰχμαο

155 4509 335 4579 λώτων,
384 4514 417 4583 ἢ
463 4513 600 4566 νεῶν
637 4513 947 4582 οἰκοδομὰς,
995 4513 1142 4567 ἐστιν
1197 4513 1232 4568 ἀ
1265 4515 1696 4584 προεκτήσαντο,

1796 3323 1939 3376 xime
1993 3323 2314 3387 ordinatur,
2383 3341 2472 3380 res
2527 3325 2646 3396 ejus
2722 3342 2912 3382 omnes
2972 3329 3365 3398 apprehendet,

1793 3413 2101 3469 debitorum
2129 3415 2250 3486 ejus
2279 3416 2606 3473 solutionem
2641 3419 2864 3474 omnino
2903 3420 3232 3490 suscipiens.

1865 3597 2055 3654 Canon
2108 3601 2290 3654 autem
2345 3601 2415 3656 52
2465 3602 2656 3673 synodi
2721 3600 3209 3673 Carthaginensis:
3260 3603 3364 3672 Qui

1796 3688 1862 3744 ad
1891 3691 2288 3760 episcopatum,
2324 3692 2523 3761 inquit,
2563 3695 2647 3748 vel
2694 3694 2900 3750 clerum
2947 3694 3179 3764 promoti
3215 3705 3364 3757 sunt,

1795 3791 1850 3836 et
1878 3797 2002 3835 cum
2039 3791 2196 3836 antea
2224 3783 2413 3852 inopes
2439 3793 2493 3838 et
2524 3785 2836 3856 indigentes
2884 3787 3140 3851 vixerint,
3179 3797 3365 3854 postea

1797 3869 1997 3927 divites
2045 3875 2302 3938 evadunt,
2353 3883 2411 3928 ut
2451 3889 2615 3944 agros
2654 3887 2707 3931 et
2735 3876 2936 3946 prmdia
2983 3875 3086 3931 sibi
3137 3886 3363 3943 emant;

1795 3961 2055 4029 quoniam
2075 3978 2142 4018 ex
2162 3964 2320 4020 bonis
2337 3965 2579 4020 ecclesiae
2621 3979 2684 4018 ea
2709 3965 3067 4034 acquisivisse
3089 3965 3362 4029 videntur,

1798 4069 1905 4109 non
1967 4055 2115 4120 aliis,
2163 4056 2258 4112 sed
2319 4055 2569 4110 ecclesia:
2633 4056 2750 4108 haec
2809 4054 3126 4124 relinquere
3162 4055 3364 4110 debent

1797 4144 2064 4215 sacrilegii
2103 4145 2310 4200 crimen
2356 4146 2646 4198 evitantes.
2678 4142 2831 4209 Quod
2868 4142 2913 4200 si
2949 4158 3012 4197 ex
3047 4143 3362 4210 donatione,

1801 4235 1882 4290 vel
1936 4243 2291 4303 cognatorum
2345 4234 2702 4296 haereditate,
2759 4243 2812 4288 et
2868 4249 2975 4288 non
3021 4235 3131 4291 alio
3176 4237 3364 4307 aliquo

1801 4330 1985 4391 modo,
2033 4328 2100 4383 ad
2150 4328 2491 4394 captivorum
2533 4326 2744 4381 scilicet
2787 4327 3244 4395 redemptionem,
3279 4330 3364 4384 vel

1801 4420 2128 4489 templorum
2175 4419 2614 4480 aedificationem,
2659 4419 2797 4472 bona
2833 4417 3016 4486 aliqua
3059 4419 3365 4489 acquisive-

1799 4511 1934 4575 rint,
1993 4510 2187 4564 horum
2242 4507 2406 4561 etiam
2479 4516 2686 4574 partem
2737 4508 2989 4564 ecclesiae
3037 4523 3364 4566 consecrare

153 4599 220 4654 δεῖ
241 4606 328 4655 καὶ
353 4605 562 4656 τούτων
611 4604 710 4673 τὴν
752 4603 1054 4674 ἐκκλησίαν
1085 4605 1299 4675 μερῐτιν
1323 4605 1656 4674 ποιήσασθαι
1676 4620 1690 4637 ο

1800 4611 2052 4672 oportet;
2109 4599 2152 4654 si
2204 4614 2364 4654 secus
2411 4598 2656 4662 fecerint,
2727 4599 2933 4654 honore
2987 4601 3364 4657 ecclesiastico

154 4691 191 4739 εἰ
219 4691 258 4742 δ’
293 4690 401 4755 οὖν,
434 4695 535 4746 οὐκ
564 4693 702 4758 ἄξιοι
751 4695 851 4762 τῆς
901 4695 1184 4766 ἱερατικῆς
1217 4699 1384 4765 τιμῆς
1411 4695 1699 4765 κριθήσον-

153 4796 246 4834 ται.
275 4785 427 4838 Κατὰ
477 4786 586 4837 τῶν
638 4786 955 4838 ἐπισκόπων
1005 4787 1063 4839 δὲ
1102 4787 1260 4840 τοῦτο
1288 4787 1558 4856 κρατήσει
1591 4784 1698 4855 μά-

155 4868 310 4938 λιστα,
344 4877 467 4928 ἐπεὶ
504 4876 613 4928 οὐδ’
649 4875 844 4928 ὕπεστι
879 4879 1076 4946 τρόπος
1109 4879 1293 4940 αὐτοῖς
1333 4878 1459 4940 ἴσως
1489 4878 1696 4946 ἔτερος,

156 4960 212 5011 δι’
249 4964 306 5040 ὃν
331 4969 629 5037 κτήσονται
677 4968 1002 5038 πράγματα,
1055 4970 1137 5022 δτι
1175 4969 1250 5038 μὴ
1307 4971 1466 5039 μόνος
1496 4969 1542 5024 ,ὀ
1589 4968 1700 5022 ἀπὸ

159 5052 250 5105 τῶν
305 5059 400 5126 τῆς
454 5059 758 5126 ἐπισκοπῆς
809 5060 1054 5114 δικαίων.
1108 5062 1268 5130 Ζήτει
1320 5062 1412 5113 καὶ
1440 5061 1497 5112 ἐν
1541 5060 1620 5130 τῷ
1653 5062 1697 5130 β’

157 5159 264 5213 κεφ.
295 5149 382 5202 τού
412 5153 456 5202 Α
495 5150 760 5219 στοιχείου
825 5151 923 5220 τῆς
975 5151 1194 5204 συνόδου
1245 5150 1450 5220 ταύτης
1501 5155 1696 5206 κανόνα

159 5237 229 5304 at?
259 5243 346 5295 καὶ
375 5241 488 5298 πα’.

806 5338 1025 5406 Νόμος.

223 5422 282 5476 '11
301 5425 353 5478 δὲ
379 5428 492 5496 ρλα⁸
529 5427 955 5493 Ἰουστινιάνειος
975 5429 1189 5499 Νεαρά,
1229 5428 1694 5500 Ἀπαγορεύομεν,

157 5517 292 5581 φησὶ,
312 5522 422 5582 τοῖς
452 5521 770 5584 ὀσιωτάτοις
800 5522 1149 5588 ἐπισκόποις,
1181 5523 1249 5576 τά
1282 5524 1419 5591 μετά
1452 5525 1551 5594 τὴν
1575 5525 1698 5576 tm.

159 5607 345 5675 σκοπὴν
365 5610 550 5672 αὐτοῖς
582 5595 881 5681 οἱῳδήποτε
911 5611 1100 5682 τρόπῳ
1133 5613 1488 5681 περιελθόντα
1519 5615 1696 5680 πράγ-

163 5704 308 5759 ματα,
353 5699 572 5769 κινητὰ,
620 5702 652 5770 ἢ
703 5703 938 5772 ἀκίνητα
973 5704 1007 5774 ἥ
1042 5704 1392 5774 αὐτοκίνητα,
1424 5707 1503 5768 εἰς
1539 5705 1698 5768 ἰδίους

163 5794 501 5862 συγγεδιεῖς,ἢ
548 5795 686 5862 πρὸς
733 5795 926 5859 ἄλλους
971 5797 1270 5866 οἱῳδήποτε
1298 5799 1484 5868 τρόπῳ
1532 5815 1697 5865 μετα-

163 5871 346 5945 φέρειν,
401 5884 532 5937 ἀλλά
575 5885 816 5957 δαπανᾷν
849 5887 986 5940 αὐτὰ
1020 5891 1098 5951 είς
1128 5887 1281 5940 λύσιν
1313 5888 1692 5957 αἰχμαλώτων,

1803 4693 2008 4764 ἰηόίεηί
2032 4692 2446 4762 judicabuntur.
2480 4688 2593 4746 Hoc
2636 4701 2817 4748 autem
2851 4702 3044 4747 contra
3077 4694 3363 4765 episcOpos

1801 4787 2146 4858 potissimum
2181 4783 2400 4849 valebit,
2423 4783 2553 4852 quia
2586 4783 2773 4837 nullus
2801 4794 2884 4838 est
2914 4783 2981 4839 iis
3004 4785 3143 4839 alius
3175 4786 3361 4841 forsan

1801 4879 1996 4935 modus
2033 4893 2144 4948 quo
2174 4892 2259 4931 res
2292 4875 2604 4945 acquirant,
2653 4887 3019 4947 praeterquam
3050 4892 3116 4932 ex
3146 4877 3366 4947 juribus

1801 4971 2167 5039 episcopatus.
2214 4968 2438 5034 Quaeras
2469 4967 2632 5021 etiam
2667 4967 2722 5022 in
2754 4967 2790 5021 2
2822 4982 2944 5038 cap.
2987 4968 3070 5025 lit.
3098 4971 3143 5024 Α
3197 4970 3365 5040 hujus

1803 5063 1994 5132 synodi
2027 5076 2262 5116 canones
2295 5059 2365 5113 22
2393 5067 2447 5114 et
2486 5059 2576 5115 81.

2529 5328 2636 5383 Lea:

1864 5423 2156 5481 Justiniani
2219 5428 2400 5476 autem
2465 5421 2674 5476 novella
2738 5422 2880 5478 131:
2935 5425 3358 5495 Interdicimus,

1801 5519 1997 5583 inquit,
2026 5515 2390 5572 sanctissimis
2436 5513 2707 5584 episcOpis
2751 5531 2821 5570 ne
2866 5533 2977 5579 res,
3011 5534 3134 5587 quae
3162 5519 3228 5573 ad
3261 5535 3359 5574 eos

1799 5615 1919 5676 post
1963 5606 2335 5675 episcOpatum
2397 5605 2899 5676 quoutodocunque
2968 5611 3356 5677 pervenerint,

1802 5700 2053 5761 mobiles,
2113 5699 2196 5752 vel
2253 5697 2592 5762 immobiles,
2647 5699 2730 5752 vel
2764 5714 2888 5756 sese
2946 5713 3248 5767 moventes,
3305 5705 3358 5760 in

1801 5804 2063 5864 cognatos
2101 5806 2231 5846 suos
2264 5789 2348 5844 vel
2379 5789 2515 5846 alios
2548 5807 2774 5860 quoque
2795 5792 2960 5848 modo
2993 5796 3358 5856 transferant;

1802 5888 1895 5943 setl
1960 5885 2172 5943 easdem
2244 5883 2294 5938 in
2365 5883 2706 5952 captivorum
2769 5885 3222 5957 redemptionem,
3281 5889 3362 5942 vel
