  <div class='ocr_page' id='page_1' title='image "/cluster/home/n/w/nwhite01/storage/ocr_20150623/144/hvd.32044019208339/618.png"; bbox 0 0 3902 6560; ppageno 0'>
   <div class='ocr_carea' id='block_1_1' title="bbox 194 442 297 512">
    <p class='ocr_par' dir='ltr' id='par_1_1' title="bbox 194 442 297 512">
     <span class='ocr_line' id='line_1_1' title="bbox 194 442 297 512; baseline -0.019 0"><span class='ocrx_word' id='word_1_1' title='bbox 194 442 297 512; x_wconf 58' lang='lat' dir='ltr'><strong>Ml</strong></span> 
     </span>
    </p>
   </div>
   <div class='ocr_carea' id='block_1_2' title="bbox 1089 449 2359 531">
    <p class='ocr_par' dir='ltr' id='par_1_2' title="bbox 1089 449 2359 531">
     <span class='ocr_line' id='line_1_2' title="bbox 1089 449 2359 531; baseline 0.008 -25"><span class='ocrx_word' id='word_1_2' title='bbox 1089 449 1493 512; x_wconf 77' lang='lat' dir='ltr'><strong>SYNTAGMA</strong></span> <span class='ocrx_word' id='word_1_3' title='bbox 1526 450 2153 531; x_wconf 78' lang='lat' dir='ltr'><strong>ALPHABETICUM.</strong></span> <span class='ocrx_word' id='word_1_4' title='bbox 2190 483 2257 494; x_wconf 89' lang='lat'><strong>-—</strong></span> <span class='ocrx_word' id='word_1_5' title='bbox 2297 455 2359 509; x_wconf 82' lang='grc' dir='ltr'><strong>Δ-</strong></span> 
     </span>
    </p>
   </div>
   <div class='ocr_carea' id='block_1_3' title="bbox 3234 460 3376 533">
    <p class='ocr_par' dir='ltr' id='par_1_3' title="bbox 3234 460 3376 533">
     <span class='ocr_line' id='line_1_3' title="bbox 3234 460 3376 533; baseline 0.014 -3"><span class='ocrx_word' id='word_1_6' title='bbox 3234 460 3376 533; x_wconf 73' lang='lat'><strong>1222</strong></span> 
     </span>
    </p>
   </div>
   <div class='ocr_carea' id='block_1_4' title="bbox 187 559 1684 649">
    <p class='ocr_par' dir='ltr' id='par_1_4' title="bbox 187 559 1684 640">
     <span class='ocr_line' id='line_1_4' title="bbox 187 559 1684 640; baseline 0 -24"><span class='ocrx_word' id='word_1_7' title='bbox 187 564 261 616; x_wconf 71' lang='grc' dir='ltr'><strong>καὶ</strong></span> <span class='ocrx_word' id='word_1_8' title='bbox 303 560 386 615; x_wconf 75' lang='grc' dir='ltr'><strong>ἐπὶ</strong></span> <span class='ocrx_word' id='word_1_9' title='bbox 429 559 521 616; x_wconf 88' lang='grc' dir='ltr'><strong>δύο</strong></span> <span class='ocrx_word' id='word_1_10' title='bbox 557 562 860 635; x_wconf 79' lang='grc' dir='ltr'><strong>προσώπων</strong></span> <span class='ocrx_word' id='word_1_11' title='bbox 910 566 999 621; x_wconf 72' lang='grc' dir='ltr'><strong>διὰ</strong></span> <span class='ocrx_word' id='word_1_12' title='bbox 1043 571 1141 640; x_wconf 78' lang='grc' dir='ltr'><strong>την</strong></span> <span class='ocrx_word' id='word_1_13' title='bbox 1200 570 1490 639; x_wconf 77' lang='grc' dir='ltr'>συμϐᾶσαν</span> <span class='ocrx_word' id='word_1_14' title='bbox 1546 566 1684 638; x_wconf 72' lang='grc' dir='ltr'>περί-</span> 
     </span>
    </p>
   </div>
   <div class='ocr_carea' id='block_1_5' title="bbox 1799 559 3373 649">
    <p class='ocr_par' dir='ltr' id='par_1_5' title="bbox 1804 570 3373 649">
     <span class='ocr_line' id='line_1_5' title="bbox 1804 570 3373 649; baseline 0.01 -28"><span class='ocrx_word' id='word_1_15' title='bbox 1804 576 2000 637; x_wconf 86' lang='lat' dir='ltr'><strong>potest,</strong></span> <span class='ocrx_word' id='word_1_16' title='bbox 2030 573 2124 627; x_wconf 85' lang='lat' dir='ltr'><strong>sed</strong></span> <span class='ocrx_word' id='word_1_17' title='bbox 2143 570 2314 627; x_wconf 88' lang='lat' dir='ltr'><strong>etiam</strong></span> <span class='ocrx_word' id='word_1_18' title='bbox 2334 587 2519 629; x_wconf 86' lang='lat' dir='ltr'><strong>coram</strong></span> <span class='ocrx_word' id='word_1_19' title='bbox 2548 574 2763 631; x_wconf 89' lang='lat' dir='ltr'><strong>duobus</strong></span> <span class='ocrx_word' id='word_1_20' title='bbox 2791 587 3016 649; x_wconf 97' lang='lat' dir='ltr'><strong>propter</strong></span> <span class='ocrx_word' id='word_1_21' title='bbox 3039 579 3373 638; x_wconf 81' lang='lat' dir='ltr'><strong>incidentem</strong></span> 
     </span>
    </p>
   </div>
   <div class='ocr_carea' id='block_1_6' title="bbox 185 672 355 710">
    <p class='ocr_par' dir='ltr' id='par_1_6' title="bbox 185 672 355 710">
     <span class='ocr_line' id='line_1_6' title="bbox 185 672 355 710; baseline 0.006 -1"><span class='ocrx_word' id='word_1_22' title='bbox 185 672 355 710; x_wconf 79' lang='grc' dir='ltr'>στασιν.</span> 
     </span>
    </p>
   </div>
   <div class='ocr_carea' id='block_1_7' title="bbox 243 744 1692 823">
    <p class='ocr_par' dir='ltr' id='par_1_7' title="bbox 243 744 1692 823">
     <span class='ocr_line' id='line_1_7' title="bbox 243 744 1692 823; baseline 0.006 -24"><span class='ocrx_word' id='word_1_23' title='bbox 243 746 294 800; x_wconf 81' lang='grc' dir='ltr'><em>Ἦ</em></span> <span class='ocrx_word' id='word_1_24' title='bbox 334 746 386 800; x_wconf 76' lang='grc' dir='ltr'>δὲ</span> <span class='ocrx_word' id='word_1_25' title='bbox 410 744 592 822; x_wconf 75' lang='grc' dir='ltr'>Νεαρὰ</span> <span class='ocrx_word' id='word_1_26' title='bbox 633 749 726 806; x_wconf 84' lang='grc' dir='ltr'>τοῦ</span> <span class='ocrx_word' id='word_1_27' title='bbox 780 751 1049 823; x_wconf 79' lang='grc' dir='ltr'>βασιλέως</span> <span class='ocrx_word' id='word_1_28' title='bbox 1097 751 1326 820; x_wconf 84' lang='grc' dir='ltr'>Λέοντος</span> <span class='ocrx_word' id='word_1_29' title='bbox 1357 752 1451 808; x_wconf 82' lang='grc' dir='ltr'>τοῦ</span> <span class='ocrx_word' id='word_1_30' title='bbox 1492 750 1692 823; x_wconf 78' lang='grc' dir='ltr'>Σοφοῢ,</span> 
     </span>
    </p>
   </div>
   <div class='ocr_carea' id='block_1_8' title="bbox 1799 659 2286 719">
    <p class='ocr_par' dir='ltr' id='par_1_8' title="bbox 1799 659 2286 719">
     <span class='ocr_line' id='line_1_8' title="bbox 1799 659 2286 719; baseline 0.012 -6"><span class='ocrx_word' id='word_1_31' title='bbox 1799 659 2286 719; x_wconf 71' lang='lat' dir='ltr'><strong>circumstantiam.</strong></span> 
     </span>
    </p>
   </div>
   <div class='ocr_carea' id='block_1_9' title="bbox 1866 748 3370 833">
    <p class='ocr_par' dir='ltr' id='par_1_9' title="bbox 1866 748 3370 833">
     <span class='ocr_line' id='line_1_9' title="bbox 1866 748 3370 833; baseline 0.011 -29"><span class='ocrx_word' id='word_1_32' title='bbox 1866 748 2090 807; x_wconf 79' lang='lat' dir='ltr'><strong>Novella</strong></span> <span class='ocrx_word' id='word_1_33' title='bbox 2150 766 2333 810; x_wconf 88' lang='lat' dir='ltr'><strong>autem</strong></span> <span class='ocrx_word' id='word_1_34' title='bbox 2388 756 2738 827; x_wconf 82' lang='lat' dir='ltr'><strong>imperatoris</strong></span> <span class='ocrx_word' id='word_1_35' title='bbox 2797 760 2999 819; x_wconf 83' lang='lat' dir='ltr'><strong>Leonis</strong></span> <span class='ocrx_word' id='word_1_36' title='bbox 3051 761 3370 833; x_wconf 85' lang='lat' dir='ltr'><strong>Sapientis,</strong></span> 
     </span>
    </p>
   </div>
   <div class='ocr_carea' id='block_1_10' title="bbox 180 836 1684 922">
    <p class='ocr_par' dir='ltr' id='par_1_10' title="bbox 180 836 1684 917">
     <span class='ocr_line' id='line_1_10' title="bbox 180 836 1684 917; baseline 0.001 -24"><span class='ocrx_word' id='word_1_37' title='bbox 180 836 499 907; x_wconf 78' lang='grc' dir='ltr'>Θεσπὶζομεν,</span> <span class='ocrx_word' id='word_1_38' title='bbox 550 841 708 912; x_wconf 77' lang='grc' dir='ltr'>φησὶ,</span> <span class='ocrx_word' id='word_1_39' title='bbox 755 844 813 897; x_wconf 77' lang='grc' dir='ltr'>ἐν</span> <span class='ocrx_word' id='word_1_40' title='bbox 859 842 1011 917; x_wconf 78' lang='grc' dir='ltr'>πάσῃ</span> <span class='ocrx_word' id='word_1_41' title='bbox 1037 844 1193 916; x_wconf 77' lang='grc' dir='ltr'><strong>χώρᾳ</strong></span> <span class='ocrx_word' id='word_1_42' title='bbox 1253 844 1350 899; x_wconf 79' lang='grc' dir='ltr'>καὶ</span> <span class='ocrx_word' id='word_1_43' title='bbox 1398 843 1573 910; x_wconf 84' lang='grc' dir='ltr'>πόλει,</span> <span class='ocrx_word' id='word_1_44' title='bbox 1606 845 1684 899; x_wconf 56' lang='grc' dir='ltr'><strong>καί</strong></span> 
     </span>
    </p>
   </div>
   <div class='ocr_carea' id='block_1_11' title="bbox 1799 836 3368 922">
    <p class='ocr_par' dir='ltr' id='par_1_11' title="bbox 1800 841 3368 922">
     <span class='ocr_line' id='line_1_11' title="bbox 1800 841 3368 922; baseline 0.011 -26"><span class='ocrx_word' id='word_1_45' title='bbox 1800 841 2125 911; x_wconf 73' lang='lat' dir='ltr'><strong>Saucimus,</strong></span> <span class='ocrx_word' id='word_1_46' title='bbox 2166 845 2364 916; x_wconf 89' lang='lat' dir='ltr'><strong>inquit,</strong></span> <span class='ocrx_word' id='word_1_47' title='bbox 2394 856 2453 902; x_wconf 90' lang='lat' dir='ltr'><strong>ut</strong></span> <span class='ocrx_word' id='word_1_48' title='bbox 2497 848 2551 904; x_wconf 91' lang='lat' dir='ltr'><strong>in</strong></span> <span class='ocrx_word' id='word_1_49' title='bbox 2585 851 2735 904; x_wconf 90' lang='lat' dir='ltr'><strong>omni</strong></span> <span class='ocrx_word' id='word_1_50' title='bbox 2779 853 2998 922; x_wconf 76' lang='lat' dir='ltr'><strong>regione</strong></span> <span class='ocrx_word' id='word_1_51' title='bbox 3046 863 3101 908; x_wconf 91' lang='lat' dir='ltr'><strong>et</strong></span> <span class='ocrx_word' id='word_1_52' title='bbox 3147 855 3368 912; x_wconf 77' lang='lat' dir='ltr'><strong>civitate</strong></span> 
     </span>
    </p>
   </div>
   <div class='ocr_carea' id='block_1_12' title="bbox 179 928 1697 1008">
    <p class='ocr_par' dir='ltr' id='par_1_12' title="bbox 179 928 1697 1008">
     <span class='ocr_line' id='line_1_12' title="bbox 179 928 1697 1008; baseline 0.006 -27"><span class='ocrx_word' id='word_1_53' title='bbox 179 929 251 981; x_wconf 74' lang='grc' dir='ltr'><strong>ὑπ’</strong></span> <span class='ocrx_word' id='word_1_54' title='bbox 289 928 504 998; x_wconf 80' lang='grc' dir='ltr'><strong>ἀμαθῶν</strong></span> <span class='ocrx_word' id='word_1_55' title='bbox 533 932 835 1005; x_wconf 79' lang='grc' dir='ltr'><strong>κυροῦσθαι</strong></span> <span class='ocrx_word' id='word_1_56' title='bbox 882 935 981 1000; x_wconf 78' lang='grc' dir='ltr'>τὰς</span> <span class='ocrx_word' id='word_1_57' title='bbox 1037 935 1326 1007; x_wconf 81' lang='grc' dir='ltr'>διαθήκας,</span> <span class='ocrx_word' id='word_1_58' title='bbox 1363 936 1414 991; x_wconf 82' lang='grc' dir='ltr'><strong>εί</strong></span> <span class='ocrx_word' id='word_1_59' title='bbox 1448 938 1612 1008; x_wconf 82' lang='grc' dir='ltr'>μόνον</span> <span class='ocrx_word' id='word_1_60' title='bbox 1632 938 1697 992; x_wconf 82' lang='grc' dir='ltr'>ὲκ</span> 
     </span>
    </p>
   </div>
   <div class='ocr_carea' id='block_1_13' title="bbox 178 1018 1693 1099">
    <p class='ocr_par' dir='ltr' id='par_1_13' title="bbox 178 1018 1693 1099">
     <span class='ocr_line' id='line_1_13' title="bbox 178 1018 1693 1099; baseline 0.007 -30"><span class='ocrx_word' id='word_1_61' title='bbox 178 1018 248 1071; x_wconf 72' lang='grc' dir='ltr'>τοῦ</span> <span class='ocrx_word' id='word_1_62' title='bbox 269 1020 447 1088; x_wconf 75' lang='grc' dir='ltr'>τρόπον</span> <span class='ocrx_word' id='word_1_63' title='bbox 475 1022 540 1075; x_wconf 83' lang='grc' dir='ltr'>τὸ</span> <span class='ocrx_word' id='word_1_64' title='bbox 568 1023 883 1088; x_wconf 83' lang='grc' dir='ltr'>ἀξιόπιστον</span> <span class='ocrx_word' id='word_1_65' title='bbox 918 1028 966 1081; x_wconf 84' lang='lat' dir='ltr'><strong>oi</strong></span> <span class='ocrx_word' id='word_1_66' title='bbox 995 1026 1277 1099; x_wconf 76' lang='grc' dir='ltr'>μάρτυρες</span> <span class='ocrx_word' id='word_1_67' title='bbox 1302 1027 1693 1099; x_wconf 77' lang='grc' dir='ltr'>ἀποφέρονταιο</span> 
     </span>
    </p>
   </div>
   <div class='ocr_carea' id='block_1_14' title="bbox 175 1111 1694 1190">
    <p class='ocr_par' dir='ltr' id='par_1_14' title="bbox 175 1111 1694 1190">
     <span class='ocr_line' id='line_1_14' title="bbox 175 1111 1694 1190; baseline 0.007 -29"><span class='ocrx_word' id='word_1_68' title='bbox 175 1112 249 1165; x_wconf 63' lang='grc' dir='ltr'>καὶ</span> <span class='ocrx_word' id='word_1_69' title='bbox 273 1111 351 1163; x_wconf 84' lang='grc' dir='ltr'><strong>τὸν</strong></span> <span class='ocrx_word' id='word_1_70' title='bbox 392 1112 622 1183; x_wconf 82' lang='grc' dir='ltr'>ἀριθμὸν</span> <span class='ocrx_word' id='word_1_71' title='bbox 656 1114 713 1168; x_wconf 74' lang='grc' dir='ltr'>δὲ</span> <span class='ocrx_word' id='word_1_72' title='bbox 755 1117 818 1171; x_wconf 84' lang='grc' dir='ltr'><strong>οὐ</strong></span> <span class='ocrx_word' id='word_1_73' title='bbox 852 1118 1014 1188; x_wconf 84' lang='grc' dir='ltr'>μόνον</span> <span class='ocrx_word' id='word_1_74' title='bbox 1045 1118 1176 1190; x_wconf 80' lang='grc' dir='ltr'>ἄχρι</span> <span class='ocrx_word' id='word_1_75' title='bbox 1206 1118 1314 1172; x_wconf 83' lang='grc' dir='ltr'><strong>τῶν</strong></span> <span class='ocrx_word' id='word_1_76' title='bbox 1338 1118 1502 1173; x_wconf 83' lang='grc' dir='ltr'>πέντε</span> <span class='ocrx_word' id='word_1_77' title='bbox 1531 1136 1694 1189; x_wconf 79' lang='grc' dir='ltr'>περι-</span> 
     </span>
    </p>
   </div>
   <div class='ocr_carea' id='block_1_15' title="bbox 179 1195 1694 1284">
    <p class='ocr_par' dir='ltr' id='par_1_15' title="bbox 179 1195 1694 1284">
     <span class='ocr_line' id='line_1_15' title="bbox 179 1195 1694 1284; baseline 0.006 -29"><span class='ocrx_word' id='word_1_78' title='bbox 179 1204 415 1274; x_wconf 73' lang='grc' dir='ltr'>ορίζομεν,</span> <span class='ocrx_word' id='word_1_79' title='bbox 443 1195 560 1259; x_wconf 74' lang='grc' dir='ltr'>ἀλλ’</span> <span class='ocrx_word' id='word_1_80' title='bbox 586 1209 643 1261; x_wconf 77' lang='grc' dir='ltr'>ὲν</span> <span class='ocrx_word' id='word_1_81' title='bbox 669 1208 880 1276; x_wconf 80' lang='grc' dir='ltr'><strong>τόποις,</strong></span> <span class='ocrx_word' id='word_1_82' title='bbox 933 1213 991 1264; x_wconf 75' lang='grc' dir='ltr'>ἐν</span> <span class='ocrx_word' id='word_1_83' title='bbox 1019 1207 1122 1277; x_wconf 79' lang='grc' dir='ltr'>οἷς,</span> <span class='ocrx_word' id='word_1_84' title='bbox 1155 1212 1230 1275; x_wconf 84' lang='grc' dir='ltr'>ὡς</span> <span class='ocrx_word' id='word_1_85' title='bbox 1255 1211 1425 1276; x_wconf 82' lang='grc' dir='ltr'>είκδς,</span> <span class='ocrx_word' id='word_1_86' title='bbox 1458 1211 1694 1284; x_wconf 76' lang='grc' dir='ltr'>συμὸαί-</span> 
     </span>
    </p>
   </div>
   <div class='ocr_carea' id='block_1_16' title="bbox 174 1298 1693 1378">
    <p class='ocr_par' dir='ltr' id='par_1_16' title="bbox 174 1298 1693 1378">
     <span class='ocr_line' id='line_1_16' title="bbox 174 1298 1693 1378; baseline 0.016 -30"><span class='ocrx_word' id='word_1_87' title='bbox 174 1314 237 1349; x_wconf 80' lang='grc' dir='ltr'><strong>νει</strong></span> <span class='ocrx_word' id='word_1_88' title='bbox 282 1298 461 1353; x_wconf 80' lang='grc' dir='ltr'><strong>σπάνιν</strong></span> <span class='ocrx_word' id='word_1_89' title='bbox 506 1300 722 1373; x_wconf 82' lang='grc' dir='ltr'>ἀνδρῶν</span> <span class='ocrx_word' id='word_1_90' title='bbox 761 1306 844 1368; x_wconf 86' lang='grc' dir='ltr'><strong>είς</strong></span> <span class='ocrx_word' id='word_1_91' title='bbox 889 1307 1201 1378; x_wconf 73' lang='grc' dir='ltr'><strong>μαρτυρίαν</strong></span> <span class='ocrx_word' id='word_1_92' title='bbox 1231 1307 1397 1372; x_wconf 75' lang='grc' dir='ltr'>ἀξίων</span> <span class='ocrx_word' id='word_1_93' title='bbox 1441 1307 1693 1372; x_wconf 64' lang='grc' dir='ltr'><strong>εἰσιέναι,</strong></span> 
     </span>
    </p>
   </div>
   <div class='ocr_carea' id='block_1_17' title="bbox 168 1388 1691 1469">
    <p class='ocr_par' dir='ltr' id='par_1_17' title="bbox 168 1388 1691 1469">
     <span class='ocr_line' id='line_1_17' title="bbox 168 1388 1691 1469; baseline 0.01 -31"><span class='ocrx_word' id='word_1_94' title='bbox 168 1388 246 1440; x_wconf 73' lang='lat' dir='ltr'><strong>nl.</strong></span> <span class='ocrx_word' id='word_1_95' title='bbox 282 1389 430 1459; x_wconf 80' lang='grc' dir='ltr'>μέχρι</span> <span class='ocrx_word' id='word_1_96' title='bbox 464 1393 633 1461; x_wconf 79' lang='grc' dir='ltr'>τριῶν</span> <span class='ocrx_word' id='word_1_97' title='bbox 675 1394 948 1464; x_wconf 71' lang='grc' dir='ltr'>φθάνοντα</span> <span class='ocrx_word' id='word_1_98' title='bbox 1003 1398 1066 1451; x_wconf 84' lang='grc' dir='ltr'><strong>τὸ</strong></span> <span class='ocrx_word' id='word_1_99' title='bbox 1103 1398 1496 1453; x_wconf 83' lang='grc' dir='ltr'>εὐαπόδεικτον</span> <span class='ocrx_word' id='word_1_100' title='bbox 1525 1398 1691 1469; x_wconf 77' lang='grc' dir='ltr'>ἔχειν,</span> 
     </span>
    </p>
   </div>
   <div class='ocr_carea' id='block_1_18' title="bbox 170 1477 1693 1561">
    <p class='ocr_par' dir='ltr' id='par_1_18' title="bbox 170 1477 1693 1561">
     <span class='ocr_line' id='line_1_18' title="bbox 170 1477 1693 1561; baseline 0.007 -31"><span class='ocrx_word' id='word_1_101' title='bbox 170 1479 248 1531; x_wconf 77' lang='grc' dir='ltr'>καὶ</span> <span class='ocrx_word' id='word_1_102' title='bbox 275 1477 400 1534; x_wconf 81' lang='grc' dir='ltr'>εἶναι</span> <span class='ocrx_word' id='word_1_103' title='bbox 430 1482 746 1555; x_wconf 84' lang='grc' dir='ltr'>ἁθετήσεως</span> <span class='ocrx_word' id='word_1_104' title='bbox 776 1489 1011 1558; x_wconf 77' lang='grc' dir='ltr'>κρείττω</span> <span class='ocrx_word' id='word_1_105' title='bbox 1038 1490 1143 1560; x_wconf 79' lang='grc' dir='ltr'><strong>τὴν</strong></span> <span class='ocrx_word' id='word_1_106' title='bbox 1177 1489 1502 1561; x_wconf 86' lang='grc' dir='ltr'>μαρτυρίαν.</span> <span class='ocrx_word' id='word_1_107' title='bbox 1530 1491 1693 1560; x_wconf 82' lang='grc' dir='ltr'>Ζήτει</span> 
     </span>
    </p>
   </div>
   <div class='ocr_carea' id='block_1_19' title="bbox 168 1572 1692 1654">
    <p class='ocr_par' dir='ltr' id='par_1_19' title="bbox 168 1572 1692 1654">
     <span class='ocr_line' id='line_1_19' title="bbox 168 1572 1692 1654; baseline 0.01 -30"><span class='ocrx_word' id='word_1_108' title='bbox 168 1572 243 1654; x_wconf 65' lang='grc' dir='ltr'>καὶ</span> <span class='ocrx_word' id='word_1_109' title='bbox 269 1573 321 1626; x_wconf 84' lang='grc' dir='ltr'><strong>τὸ</strong></span> <span class='ocrx_word' id='word_1_110' title='bbox 360 1572 436 1644; x_wconf 86' lang='grc' dir='ltr'>λη’</span> <span class='ocrx_word' id='word_1_111' title='bbox 487 1593 613 1646; x_wconf 82' lang='grc' dir='ltr'>κεφ.</span> <span class='ocrx_word' id='word_1_112' title='bbox 657 1579 754 1634; x_wconf 82' lang='grc' dir='ltr'><strong>τοῦ</strong></span> <span class='ocrx_word' id='word_1_113' title='bbox 800 1582 847 1634; x_wconf 84' lang='grc' dir='ltr'>Κ</span> <span class='ocrx_word' id='word_1_114' title='bbox 885 1578 1182 1652; x_wconf 79' lang='grc' dir='ltr'>στοιχείου,</span> <span class='ocrx_word' id='word_1_115' title='bbox 1237 1583 1335 1637; x_wconf 75' lang='grc' dir='ltr'><strong>καί</strong></span> <span class='ocrx_word' id='word_1_116' title='bbox 1371 1581 1499 1645; x_wconf 80' lang='grc' dir='ltr'>τοὺς</span> <span class='ocrx_word' id='word_1_117' title='bbox 1528 1584 1586 1637; x_wconf 64' lang='grc' dir='ltr'>ἐν</span> <span class='ocrx_word' id='word_1_118' title='bbox 1614 1583 1692 1653; x_wconf 81' lang='grc' dir='ltr'><strong>τῷ</strong></span> 
     </span>
    </p>
   </div>
   <div class='ocr_carea' id='block_1_20' title="bbox 168 1661 1156 1744">
    <p class='ocr_par' dir='ltr' id='par_1_20' title="bbox 168 1661 1156 1744">
     <span class='ocr_line' id='line_1_20' title="bbox 168 1661 1156 1744; baseline 0.016 -30"><span class='ocrx_word' id='word_1_119' title='bbox 168 1661 353 1733; x_wconf 77' lang='grc' dir='ltr'>ις’κεφ.</span> <span class='ocrx_word' id='word_1_120' title='bbox 392 1668 483 1721; x_wconf 79' lang='grc' dir='ltr'>τοῦ</span> <span class='ocrx_word' id='word_1_121' title='bbox 526 1670 584 1724; x_wconf 88' lang='grc' dir='ltr'><strong>Μ</strong></span> <span class='ocrx_word' id='word_1_122' title='bbox 614 1673 884 1743; x_wconf 77' lang='grc' dir='ltr'><strong>στοιχείου</strong></span> <span class='ocrx_word' id='word_1_123' title='bbox 931 1676 1156 1744; x_wconf 78' lang='grc' dir='ltr'>νόμουςι</span> 
     </span>
    </p>
   </div>
   <div class='ocr_carea' id='block_1_21' title="bbox 227 1752 1341 1836">
    <p class='ocr_par' dir='ltr' id='par_1_21' title="bbox 227 1752 1341 1836">
     <span class='ocr_line' id='line_1_21' title="bbox 227 1752 1341 1836; baseline 0.011 -24"><span class='ocrx_word' id='word_1_124' title='bbox 227 1822 238 1836; x_wconf 39' lang='lat'><em>.</em></span> <span class='ocrx_word' id='word_1_125' title='bbox 466 1752 725 1818; x_wconf 55' lang='grc' dir='ltr'>κτεινέτω(</span> <span class='ocrx_word' id='word_1_126' title='bbox 754 1767 827 1820; x_wconf 85' lang='lat' dir='ltr'><strong>E’.</strong></span> <span class='ocrx_word' id='word_1_127' title='bbox 861 1768 997 1836; x_wconf 79' lang='grc' dir='ltr'>Περὶ</span> <span class='ocrx_word' id='word_1_128' title='bbox 1020 1768 1341 1824; x_wconf 77' lang='grc' dir='ltr'>διακόνων.</span> 
     </span>
    </p>
   </div>
   <div class='ocr_carea' id='block_1_22' title="bbox 226 1849 1692 1932">
    <p class='ocr_par' dir='ltr' id='par_1_22' title="bbox 226 1849 1692 1932">
     <span class='ocr_line' id='line_1_22' title="bbox 226 1849 1692 1932; baseline 0.01 -29"><span class='ocrx_word' id='word_1_129' title='bbox 226 1849 277 1903; x_wconf 86' lang='lat'><strong>&#39;0</strong></span> <span class='ocrx_word' id='word_1_130' title='bbox 296 1852 354 1905; x_wconf 83' lang='grc' dir='ltr'>ιδ’</span> <span class='ocrx_word' id='word_1_131' title='bbox 377 1853 471 1922; x_wconf 85' lang='grc' dir='ltr'>τῆς</span> <span class='ocrx_word' id='word_1_132' title='bbox 500 1853 553 1920; x_wconf 83' lang='grc' dir='ltr'>ς’</span> <span class='ocrx_word' id='word_1_133' title='bbox 582 1858 802 1911; x_wconf 77' lang='grc' dir='ltr'>συνόδου</span> <span class='ocrx_word' id='word_1_134' title='bbox 828 1861 1030 1927; x_wconf 88' lang='grc' dir='ltr'>κανὼν,</span> <span class='ocrx_word' id='word_1_135' title='bbox 1060 1864 1287 1932; x_wconf 85' lang='grc' dir='ltr'>προσέτι</span> <span class='ocrx_word' id='word_1_136' title='bbox 1314 1862 1409 1916; x_wconf 72' lang='grc' dir='ltr'><strong>καὶ</strong></span> <span class='ocrx_word' id='word_1_137' title='bbox 1429 1864 1456 1916; x_wconf 86' lang='grc' dir='ltr'><strong>ό</strong></span> <span class='ocrx_word' id='word_1_138' title='bbox 1480 1863 1562 1930; x_wconf 80' lang='grc' dir='ltr'>ιε’,</span> <span class='ocrx_word' id='word_1_139' title='bbox 1594 1863 1692 1927; x_wconf 78' lang='grc' dir='ltr'>τὰς</span> 
     </span>
    </p>
   </div>
   <div class='ocr_carea' id='block_1_23' title="bbox 166 1931 1684 2025">
    <p class='ocr_par' dir='ltr' id='par_1_23' title="bbox 166 1931 1684 2025">
     <span class='ocr_line' id='line_1_23' title="bbox 166 1931 1684 2025; baseline 0.01 -31"><span class='ocrx_word' id='word_1_140' title='bbox 166 1943 338 2011; x_wconf 71' lang='grc' dir='ltr'>ἡλικίας</span> <span class='ocrx_word' id='word_1_141' title='bbox 381 1946 658 2016; x_wconf 75' lang='grc' dir='ltr'>ὁρίζοντες</span> <span class='ocrx_word' id='word_1_142' title='bbox 713 1951 823 2004; x_wconf 82' lang='grc' dir='ltr'>τῶν</span> <span class='ocrx_word' id='word_1_143' title='bbox 874 1931 1388 2023; x_wconf 71' lang='grc' dir='ltr'>χειροτονουμένων,</span> <span class='ocrx_word' id='word_1_144' title='bbox 1435 1955 1528 2009; x_wconf 75' lang='grc' dir='ltr'>τὸν</span> <span class='ocrx_word' id='word_1_145' title='bbox 1593 1955 1684 2025; x_wconf 77' lang='grc' dir='ltr'><strong>μὲν</strong></span> 
     </span>
    </p>
   </div>
   <div class='ocr_carea' id='block_1_24' title="bbox 1799 1931 2567 2025">
    <p class='ocr_par' dir='ltr' id='par_1_24' title="bbox 1799 1939 2567 2007">
     <span class='ocr_line' id='line_1_24' title="bbox 1799 1939 2567 2007; baseline 0.007 -16"><span class='ocrx_word' id='word_1_146' title='bbox 1799 1939 2104 1994; x_wconf 84' lang='lat' dir='ltr'><strong>nandorum</strong></span> <span class='ocrx_word' id='word_1_147' title='bbox 2185 1940 2507 1996; x_wconf 80' lang='lat' dir='ltr'><strong>definientes</strong></span> <span class='ocrx_word' id='word_1_148' title='bbox 2551 1982 2567 2007; x_wconf 91' lang='lat'><strong>,</strong></span> 
     </span>
    </p>
   </div>
   <div class='ocr_carea' id='block_1_25' title="bbox 160 2036 1693 2110">
    <p class='ocr_par' dir='ltr' id='par_1_25' title="bbox 160 2036 1693 2110">
     <span class='ocr_line' id='line_1_25' title="bbox 160 2036 1693 2110; baseline 0.01 -24"><span class='ocrx_word' id='word_1_149' title='bbox 160 2036 491 2110; x_wconf 78' lang='grc' dir='ltr'>πρεσδύτερον</span> <span class='ocrx_word' id='word_1_150' title='bbox 572 2042 709 2096; x_wconf 71' lang='grc' dir='ltr'>ἑτῶν</span> <span class='ocrx_word' id='word_1_151' title='bbox 757 2043 1105 2110; x_wconf 77' lang='grc' dir='ltr'>θεσπίζουσιν</span> <span class='ocrx_word' id='word_1_152' title='bbox 1152 2044 1293 2100; x_wconf 77' lang='grc' dir='ltr'>εἶναι</span> <span class='ocrx_word' id='word_1_153' title='bbox 1342 2044 1405 2110; x_wconf 86' lang='grc' dir='ltr'>λ’,</span> <span class='ocrx_word' id='word_1_154' title='bbox 1449 2049 1497 2101; x_wconf 87' lang='grc' dir='ltr'><strong>εί</strong></span> <span class='ocrx_word' id='word_1_155' title='bbox 1528 2047 1623 2101; x_wconf 66' lang='grc' dir='ltr'><strong>κα)⁸</strong></span> <span class='ocrx_word' id='word_1_156' title='bbox 1665 2049 1693 2101; x_wconf 88' lang='grc' dir='ltr'><strong>ό</strong></span> 
     </span>
    </p>
   </div>
   <div class='ocr_carea' id='block_1_26' title="bbox 160 2129 1687 2212">
    <p class='ocr_par' dir='ltr' id='par_1_26' title="bbox 160 2129 1687 2212">
     <span class='ocr_line' id='line_1_26' title="bbox 160 2129 1687 2212; baseline 0.009 -31"><span class='ocrx_word' id='word_1_157' title='bbox 160 2129 250 2196; x_wconf 81' lang='grc' dir='ltr'>βίος</span> <span class='ocrx_word' id='word_1_158' title='bbox 299 2133 358 2204; x_wconf 69' lang='grc' dir='ltr'>ὲκ</span> <span class='ocrx_word' id='word_1_159' title='bbox 408 2135 734 2200; x_wconf 78' lang='grc' dir='ltr'><strong>περιουσίας</strong></span> <span class='ocrx_word' id='word_1_160' title='bbox 776 2138 1060 2208; x_wconf 77' lang='grc' dir='ltr'>συμϐαίνει</span> <span class='ocrx_word' id='word_1_161' title='bbox 1097 2140 1176 2208; x_wconf 83' lang='grc' dir='ltr'>τῷ</span> <span class='ocrx_word' id='word_1_162' title='bbox 1206 2138 1503 2209; x_wconf 79' lang='grc' dir='ltr'>ἀξιώματι.</span> <span class='ocrx_word' id='word_1_163' title='bbox 1543 2140 1687 2212; x_wconf 70' lang='grc' dir='ltr'>Πρὸς</span> 
     </span>
    </p>
   </div>
   <div class='ocr_carea' id='block_1_27' title="bbox 165 2223 1691 2306">
    <p class='ocr_par' dir='ltr' id='par_1_27' title="bbox 165 2223 1691 2306">
     <span class='ocr_line' id='line_1_27' title="bbox 165 2223 1691 2306; baseline 0.012 -33"><span class='ocrx_word' id='word_1_164' title='bbox 165 2223 244 2291; x_wconf 72' lang='grc' dir='ltr'><strong>γὰρ</strong></span> <span class='ocrx_word' id='word_1_165' title='bbox 280 2223 579 2295; x_wconf 79' lang='grc' dir='ltr'>ἀρχέτυπον</span> <span class='ocrx_word' id='word_1_166' title='bbox 615 2229 970 2300; x_wconf 83' lang='grc' dir='ltr'>παράδειγμα</span> <span class='ocrx_word' id='word_1_167' title='bbox 1038 2229 1139 2295; x_wconf 81' lang='grc' dir='ltr'>τὴν</span> <span class='ocrx_word' id='word_1_168' title='bbox 1168 2232 1263 2286; x_wconf 86' lang='grc' dir='ltr'>τοῦ</span> <span class='ocrx_word' id='word_1_169' title='bbox 1299 2234 1552 2304; x_wconf 76' lang='grc' dir='ltr'><strong>Σωτῆρος</strong></span> <span class='ocrx_word' id='word_1_170' title='bbox 1584 2233 1691 2306; x_wconf 84' lang='grc' dir='ltr'><strong>χρὴ</strong></span> 
     </span>
    </p>
   </div>
   <div class='ocr_carea' id='block_1_28' title="bbox 158 2312 1690 2395">
    <p class='ocr_par' dir='ltr' id='par_1_28' title="bbox 158 2312 1690 2395">
     <span class='ocr_line' id='line_1_28' title="bbox 158 2312 1690 2395; baseline 0.01 -30"><span class='ocrx_word' id='word_1_171' title='bbox 158 2312 341 2381; x_wconf 75' lang='grc' dir='ltr'>βλέπειν</span> <span class='ocrx_word' id='word_1_172' title='bbox 359 2318 699 2389; x_wconf 69' lang='grc' dir='ltr'>οἰκονομίαν,</span> <span class='ocrx_word' id='word_1_173' title='bbox 727 2321 787 2384; x_wconf 86' lang='grc' dir='ltr'>ὃς</span> <span class='ocrx_word' id='word_1_174' title='bbox 811 2326 1234 2395; x_wconf 80' lang='grc' dir='ltr'>τριακοντούτης</span> <span class='ocrx_word' id='word_1_175' title='bbox 1262 2324 1690 2395; x_wconf 83' lang='grc' dir='ltr'>βαπτισάμενος,</span> 
     </span>
    </p>
   </div>
   <div class='ocr_carea' id='block_1_29' title="bbox 156 2405 1690 2489">
    <p class='ocr_par' dir='ltr' id='par_1_29' title="bbox 156 2405 1690 2489">
     <span class='ocr_line' id='line_1_29' title="bbox 156 2405 1690 2489; baseline 0.01 -33"><span class='ocrx_word' id='word_1_176' title='bbox 156 2405 287 2489; x_wconf 43' lang='grc' dir='ltr'>εὐθίίς</span> <span class='ocrx_word' id='word_1_177' title='bbox 318 2409 409 2462; x_wconf 79' lang='grc' dir='ltr'>τοῦ</span> <span class='ocrx_word' id='word_1_178' title='bbox 436 2410 714 2466; x_wconf 80' lang='grc' dir='ltr'>διδάσκειν</span> <span class='ocrx_word' id='word_1_179' title='bbox 752 2413 1039 2485; x_wconf 79' lang='grc' dir='ltr'>ἀπήρξατο</span> <span class='ocrx_word' id='word_1_180' title='bbox 1060 2430 1075 2446; x_wconf 77' lang='grc'><strong><em>⁸</em></strong></span> <span class='ocrx_word' id='word_1_181' title='bbox 1123 2416 1216 2470; x_wconf 81' lang='grc' dir='ltr'>τὸν</span> <span class='ocrx_word' id='word_1_182' title='bbox 1253 2416 1311 2469; x_wconf 86' lang='grc' dir='ltr'><strong>δέ</strong></span> <span class='ocrx_word' id='word_1_183' title='bbox 1349 2433 1414 2485; x_wconf 86' lang='grc' dir='ltr'><strong>γε</strong></span> <span class='ocrx_word' id='word_1_184' title='bbox 1443 2418 1690 2472; x_wconf 83' lang='grc' dir='ltr'>διάκονον</span> 
     </span>
    </p>
   </div>
   <div class='ocr_carea' id='block_1_30' title="bbox 154 2492 1690 2578">
    <p class='ocr_par' dir='ltr' id='par_1_30' title="bbox 154 2492 1690 2578">
     <span class='ocr_line' id='line_1_30' title="bbox 154 2492 1690 2578; baseline 0.01 -30"><span class='ocrx_word' id='word_1_185' title='bbox 154 2504 185 2549; x_wconf 81' lang='lat' dir='ltr'><strong>t’</strong></span> <span class='ocrx_word' id='word_1_186' title='bbox 202 2492 323 2553; x_wconf 75' lang='grc' dir='ltr'>εἶναι</span> <span class='ocrx_word' id='word_1_187' title='bbox 350 2501 439 2555; x_wconf 77' lang='grc' dir='ltr'><strong>καὶ</strong></span> <span class='ocrx_word' id='word_1_188' title='bbox 461 2508 531 2568; x_wconf 88' lang='grc' dir='ltr'>κ’,</span> <span class='ocrx_word' id='word_1_189' title='bbox 559 2505 971 2576; x_wconf 81' lang='grc' dir='ltr'>τεσσαράκοντα</span> <span class='ocrx_word' id='word_1_190' title='bbox 992 2507 1048 2561; x_wconf 84' lang='grc' dir='ltr'>δὲ</span> <span class='ocrx_word' id='word_1_191' title='bbox 1073 2507 1171 2578; x_wconf 83' lang='grc' dir='ltr'><strong>τὴν</strong></span> <span class='ocrx_word' id='word_1_192' title='bbox 1197 2508 1443 2563; x_wconf 80' lang='grc' dir='ltr'>διάκονον</span> <span class='ocrx_word' id='word_1_193' title='bbox 1465 2525 1480 2543; x_wconf 86' lang='grc'><strong>·</strong></span> <span class='ocrx_word' id='word_1_194' title='bbox 1512 2510 1605 2564; x_wconf 80' lang='grc' dir='ltr'>τὸν</span> <span class='ocrx_word' id='word_1_195' title='bbox 1632 2509 1690 2564; x_wconf 70' lang='grc' dir='ltr'><strong>δδ</strong></span> 
     </span>
    </p>
   </div>
   <div class='ocr_carea' id='block_1_31' title="bbox 152 2589 1690 2670">
    <p class='ocr_par' dir='ltr' id='par_1_31' title="bbox 152 2589 1690 2670">
     <span class='ocr_line' id='line_1_31' title="bbox 152 2589 1690 2670; baseline 0.011 -31"><span class='ocrx_word' id='word_1_196' title='bbox 152 2589 462 2646; x_wconf 82' lang='grc' dir='ltr'>ὺποδιάκονον</span> <span class='ocrx_word' id='word_1_197' title='bbox 517 2594 593 2664; x_wconf 80' lang='grc' dir='ltr'><strong>μὴ</strong></span> <span class='ocrx_word' id='word_1_198' title='bbox 622 2594 924 2660; x_wconf 70' lang='grc' dir='ltr'><strong>ἐλαττόνως</strong></span> <span class='ocrx_word' id='word_1_199' title='bbox 954 2595 1101 2667; x_wconf 79' lang='grc' dir='ltr'>ἔχειν</span> <span class='ocrx_word' id='word_1_200' title='bbox 1125 2599 1235 2654; x_wconf 84' lang='grc' dir='ltr'>τῶν</span> <span class='ocrx_word' id='word_1_201' title='bbox 1256 2597 1324 2654; x_wconf 84' lang='grc' dir='ltr'><strong>κ’.</strong></span> <span class='ocrx_word' id='word_1_202' title='bbox 1360 2600 1463 2655; x_wconf 87' lang='grc' dir='ltr'>Τόν</span> <span class='ocrx_word' id='word_1_203' title='bbox 1489 2617 1554 2669; x_wconf 85' lang='grc' dir='ltr'><strong>γε</strong></span> <span class='ocrx_word' id='word_1_204' title='bbox 1581 2599 1690 2670; x_wconf 79' lang='grc' dir='ltr'><strong>μὴν</strong></span> 
     </span>
    </p>
   </div>
   <div class='ocr_carea' id='block_1_32' title="bbox 151 2685 1687 2767">
    <p class='ocr_par' dir='ltr' id='par_1_32' title="bbox 151 2685 1687 2767">
     <span class='ocr_line' id='line_1_32' title="bbox 151 2685 1687 2767; baseline 0.007 -32"><span class='ocrx_word' id='word_1_205' title='bbox 151 2685 236 2753; x_wconf 79' lang='grc' dir='ltr'><strong>πρὸ</strong></span> <span class='ocrx_word' id='word_1_206' title='bbox 262 2685 359 2739; x_wconf 84' lang='grc' dir='ltr'><strong>τῶν</strong></span> <span class='ocrx_word' id='word_1_207' title='bbox 388 2687 673 2758; x_wconf 78' lang='grc' dir='ltr'>ῥηθέντων</span> <span class='ocrx_word' id='word_1_208' title='bbox 700 2688 1147 2761; x_wconf 85' lang='grc' dir='ltr'>χειροτονηθέντα</span> <span class='ocrx_word' id='word_1_209' title='bbox 1155 2692 1394 2767; x_wconf 52' lang='grc' dir='ltr'>χρόνων</span> <span class='ocrx_word' id='word_1_210' title='bbox 1449 2692 1687 2762; x_wconf 80' lang='grc' dir='ltr'>ἀφειδῶς</span> 
     </span>
    </p>
   </div>
   <div class='ocr_carea' id='block_1_33' title="bbox 149 2775 833 2846">
    <p class='ocr_par' dir='ltr' id='par_1_33' title="bbox 149 2775 833 2846">
     <span class='ocr_line' id='line_1_33' title="bbox 149 2775 833 2846; baseline 0.015 -22"><span class='ocrx_word' id='word_1_211' title='bbox 149 2775 499 2846; x_wconf 76' lang='grc' dir='ltr'><strong>καθαιρεῖσθαι</strong></span> <span class='ocrx_word' id='word_1_212' title='bbox 525 2778 833 2835; x_wconf 84' lang='grc' dir='ltr'>κελεύουσι.</span> 
     </span>
    </p>
   </div>
   <div class='ocr_carea' id='block_1_34' title="bbox 206 2868 1687 2948">
    <p class='ocr_par' dir='ltr' id='par_1_34' title="bbox 206 2868 1687 2948">
     <span class='ocr_line' id='line_1_34' title="bbox 206 2868 1687 2948; baseline 0.007 -26"><span class='ocrx_word' id='word_1_213' title='bbox 206 2868 325 2932; x_wconf 65' lang='grc' dir='ltr'>τοὺς</span> <span class='ocrx_word' id='word_1_214' title='bbox 354 2871 556 2935; x_wconf 82' lang='grc' dir='ltr'>αὐτοὺς</span> <span class='ocrx_word' id='word_1_215' title='bbox 579 2871 682 2943; x_wconf 79' lang='grc' dir='ltr'>τῆς</span> <span class='ocrx_word' id='word_1_216' title='bbox 708 2873 925 2947; x_wconf 75' lang='grc' dir='ltr'>ἡλικίας</span> <span class='ocrx_word' id='word_1_217' title='bbox 947 2874 1040 2929; x_wconf 82' lang='grc' dir='ltr'>τοῦ</span> <span class='ocrx_word' id='word_1_218' title='bbox 1070 2875 1320 2932; x_wconf 74' lang='grc' dir='ltr'>διακόνου</span> <span class='ocrx_word' id='word_1_219' title='bbox 1345 2878 1570 2948; x_wconf 84' lang='grc' dir='ltr'>χρόνους</span> <span class='ocrx_word' id='word_1_220' title='bbox 1594 2879 1687 2932; x_wconf 78' lang='grc' dir='ltr'><strong>καὶ</strong></span> 
     </span>
    </p>
   </div>
   <div class='ocr_carea' id='block_1_35' title="bbox 148 2960 1684 3041">
    <p class='ocr_par' dir='ltr' id='par_1_35' title="bbox 148 2960 1684 3041">
     <span class='ocr_line' id='line_1_35' title="bbox 148 2960 1684 3041; baseline 0.009 -30"><span class='ocrx_word' id='word_1_221' title='bbox 148 2960 264 3026; x_wconf 74' lang='grc' dir='ltr'>ὀις¹</span> <span class='ocrx_word' id='word_1_222' title='bbox 306 2963 482 3018; x_wconf 84' lang='grc' dir='ltr'>κανὼν</span> <span class='ocrx_word' id='word_1_223' title='bbox 528 2965 628 3034; x_wconf 83' lang='grc' dir='ltr'>τῆς</span> <span class='ocrx_word' id='word_1_224' title='bbox 669 2966 725 3018; x_wconf 81' lang='grc' dir='ltr'>ὲν</span> <span class='ocrx_word' id='word_1_225' title='bbox 756 2965 1088 3040; x_wconf 77' lang='grc' dir='ltr'>Καρθαγένῃ</span> <span class='ocrx_word' id='word_1_226' title='bbox 1132 2969 1353 3023; x_wconf 82' lang='grc' dir='ltr'>συνόδου</span> <span class='ocrx_word' id='word_1_227' title='bbox 1402 2970 1684 3041; x_wconf 71' lang='grc' dir='ltr'>ὁρίζεται’</span> 
     </span>
    </p>
   </div>
   <div class='ocr_carea' id='block_1_36' title="bbox 145 3051 1687 3136">
    <p class='ocr_par' dir='ltr' id='par_1_36' title="bbox 145 3051 1687 3136">
     <span class='ocr_line' id='line_1_36' title="bbox 145 3051 1687 3136; baseline 0.008 -31"><span class='ocrx_word' id='word_1_228' title='bbox 145 3051 226 3122; x_wconf 84' lang='grc' dir='ltr'><strong>τῆς</strong></span> <span class='ocrx_word' id='word_1_229' title='bbox 252 3054 303 3109; x_wconf 73' lang='grc' dir='ltr'>δὲ</span> <span class='ocrx_word' id='word_1_230' title='bbox 325 3056 573 3125; x_wconf 79' lang='grc' dir='ltr'>διακόνου</span> <span class='ocrx_word' id='word_1_231' title='bbox 628 3056 657 3109; x_wconf 82' lang='grc' dir='ltr'>ὁ</span> <span class='ocrx_word' id='word_1_232' title='bbox 684 3062 748 3112; x_wconf 87' lang='grc' dir='ltr'>ιε’</span> <span class='ocrx_word' id='word_1_233' title='bbox 779 3057 880 3127; x_wconf 81' lang='grc' dir='ltr'>τῆς</span> <span class='ocrx_word' id='word_1_234' title='bbox 903 3056 943 3112; x_wconf 90' lang='grc' dir='ltr'>δ’</span> <span class='ocrx_word' id='word_1_235' title='bbox 967 3062 1189 3116; x_wconf 83' lang='grc' dir='ltr'>συνόδου</span> <span class='ocrx_word' id='word_1_236' title='bbox 1208 3103 1223 3119; x_wconf 91' lang='grc'><strong>.</strong></span> <span class='ocrx_word' id='word_1_237' title='bbox 1256 3064 1419 3134; x_wconf 78' lang='grc' dir='ltr'>Ζήτει</span> <span class='ocrx_word' id='word_1_238' title='bbox 1458 3064 1529 3117; x_wconf 81' lang='grc' dir='ltr'>τὰ</span> <span class='ocrx_word' id='word_1_239' title='bbox 1558 3063 1687 3136; x_wconf 79' lang='grc' dir='ltr'>περὶ</span> 
     </span>
    </p>
   </div>
   <div class='ocr_carea' id='block_1_37' title="bbox 146 3145 1682 3227">
    <p class='ocr_par' dir='ltr' id='par_1_37' title="bbox 146 3145 1682 3227">
     <span class='ocr_line' id='line_1_37' title="bbox 146 3145 1682 3227; baseline 0.01 -30"><span class='ocrx_word' id='word_1_240' title='bbox 146 3145 233 3200; x_wconf 85' lang='grc' dir='ltr'><strong>τῶν</strong></span> <span class='ocrx_word' id='word_1_241' title='bbox 246 3147 503 3204; x_wconf 76' lang='grc' dir='ltr'>διακόνων</span> <span class='ocrx_word' id='word_1_242' title='bbox 532 3151 813 3219; x_wconf 84' lang='grc' dir='ltr'>γυναικῶν</span> <span class='ocrx_word' id='word_1_243' title='bbox 838 3152 1231 3227; x_wconf 79' lang='grc' dir='ltr'>ἀκριϐέστερον</span> <span class='ocrx_word' id='word_1_244' title='bbox 1259 3157 1318 3209; x_wconf 81' lang='grc' dir='ltr'>ὲν</span> <span class='ocrx_word' id='word_1_245' title='bbox 1349 3155 1427 3227; x_wconf 81' lang='grc' dir='ltr'>τῷ</span> <span class='ocrx_word' id='word_1_246' title='bbox 1458 3155 1530 3211; x_wconf 81' lang='grc' dir='ltr'>ια’</span> <span class='ocrx_word' id='word_1_247' title='bbox 1555 3174 1682 3226; x_wconf 71' lang='grc' dir='ltr'>κειρ.</span> 
     </span>
    </p>
   </div>
   <div class='ocr_carea' id='block_1_38' title="bbox 144 3236 1665 3314">
    <p class='ocr_par' dir='ltr' id='par_1_38' title="bbox 144 3236 1665 3314">
     <span class='ocr_line' id='line_1_38' title="bbox 144 3236 1665 3314; baseline 0.011 -26"><span class='ocrx_word' id='word_1_248' title='bbox 144 3236 217 3289; x_wconf 81' lang='grc' dir='ltr'>τοῦ</span> <span class='ocrx_word' id='word_1_249' title='bbox 242 3238 278 3291; x_wconf 81' lang='grc' dir='ltr'><strong><em>Γ</em></strong></span> <span class='ocrx_word' id='word_1_250' title='bbox 308 3243 598 3314; x_wconf 83' lang='grc' dir='ltr'>στοιχείου.</span> <span class='ocrx_word' id='word_1_251' title='bbox 1660 3301 1665 3305; x_wconf 25' lang='grc' dir='ltr'><strong>Α</strong></span> 
     </span>
    </p>
   </div>
   <div class='ocr_carea' id='block_1_39' title="bbox 198 3333 1682 3413">
    <p class='ocr_par' dir='ltr' id='par_1_39' title="bbox 198 3333 1682 3413">
     <span class='ocr_line' id='line_1_39' title="bbox 198 3333 1682 3413; baseline 0.011 -28"><span class='ocrx_word' id='word_1_252' title='bbox 198 3333 337 3388; x_wconf 82' lang='grc' dir='ltr'><strong>Καὶό</strong></span> <span class='ocrx_word' id='word_1_253' title='bbox 361 3337 463 3406; x_wconf 80' lang='grc' dir='ltr'><strong>μὲν</strong></span> <span class='ocrx_word' id='word_1_254' title='bbox 495 3336 597 3406; x_wconf 82' lang='grc' dir='ltr'>τῆς</span> <span class='ocrx_word' id='word_1_255' title='bbox 639 3339 697 3394; x_wconf 79' lang='grc' dir='ltr'>ἑν</span> <span class='ocrx_word' id='word_1_256' title='bbox 739 3338 1147 3411; x_wconf 76' lang='grc' dir='ltr'>Νεοκαισαρείᾳ</span> <span class='ocrx_word' id='word_1_257' title='bbox 1177 3337 1261 3404; x_wconf 85' lang='grc' dir='ltr'>ιε’,</span> <span class='ocrx_word' id='word_1_258' title='bbox 1295 3341 1361 3411; x_wconf 74' lang='grc' dir='ltr'>τῇ</span> <span class='ocrx_word' id='word_1_259' title='bbox 1394 3341 1682 3413; x_wconf 71' lang='grc' dir='ltr'>ὁμωνυμίᾳ</span> 
     </span>
    </p>
   </div>
   <div class='ocr_carea' id='block_1_40' title="bbox 143 3420 1682 3502">
    <p class='ocr_par' dir='ltr' id='par_1_40' title="bbox 143 3420 1682 3502">
     <span class='ocr_line' id='line_1_40' title="bbox 143 3420 1682 3502; baseline 0.011 -32"><span class='ocrx_word' id='word_1_260' title='bbox 143 3420 228 3473; x_wconf 81' lang='grc' dir='ltr'>τῶν</span> <span class='ocrx_word' id='word_1_261' title='bbox 253 3423 304 3475; x_wconf 83' lang='grc' dir='ltr'>ὲν</span> <span class='ocrx_word' id='word_1_262' title='bbox 331 3428 448 3488; x_wconf 82' lang='grc' dir='ltr'>ταῖς</span> <span class='ocrx_word' id='word_1_263' title='bbox 494 3428 768 3498; x_wconf 79' lang='grc' dir='ltr'>Πρὰξεσιν</span> <span class='ocrx_word' id='word_1_264' title='bbox 807 3430 951 3484; x_wconf 78' lang='grc' dir='ltr'>ἑπτὰ</span> <span class='ocrx_word' id='word_1_265' title='bbox 978 3430 1250 3484; x_wconf 89' lang='grc' dir='ltr'>διακόνων</span> <span class='ocrx_word' id='word_1_266' title='bbox 1284 3430 1682 3502; x_wconf 80' lang='grc' dir='ltr'>καθυπαχθεὶς,</span> 
     </span>
    </p>
   </div>
   <div class='ocr_carea' id='block_1_41' title="bbox 145 3512 1685 3600">
    <p class='ocr_par' dir='ltr' id='par_1_41' title="bbox 145 3512 1685 3600">
     <span class='ocr_line' id='line_1_41' title="bbox 145 3512 1685 3600; baseline 0.008 -34"><span class='ocrx_word' id='word_1_267' title='bbox 145 3512 203 3581; x_wconf 72' lang='grc' dir='ltr'><strong>μὴ</strong></span> <span class='ocrx_word' id='word_1_268' title='bbox 228 3515 470 3581; x_wconf 81' lang='grc' dir='ltr'>πλείονας</span> <span class='ocrx_word' id='word_1_269' title='bbox 499 3513 641 3572; x_wconf 84' lang='grc' dir='ltr'>εἶναι</span> <span class='ocrx_word' id='word_1_270' title='bbox 668 3520 777 3575; x_wconf 85' lang='grc' dir='ltr'><strong>τῶν</strong></span> <span class='ocrx_word' id='word_1_271' title='bbox 806 3521 854 3587; x_wconf 77' lang='grc' dir='ltr'><strong>ζ’</strong></span> <span class='ocrx_word' id='word_1_272' title='bbox 875 3522 1140 3575; x_wconf 88' lang='grc' dir='ltr'>διακόνων</span> <span class='ocrx_word' id='word_1_273' title='bbox 1170 3520 1471 3586; x_wconf 80' lang='grc' dir='ltr'>ὲτύπωσεν,</span> <span class='ocrx_word' id='word_1_274' title='bbox 1509 3527 1565 3600; x_wconf 38' lang='grc' dir='ltr'><strong>εί,</strong></span> <span class='ocrx_word' id='word_1_275' title='bbox 1588 3527 1685 3580; x_wconf 79' lang='grc' dir='ltr'>καὶ</span> 
     </span>
    </p>
   </div>
   <div class='ocr_carea' id='block_1_42' title="bbox 140 3601 1685 3683">
    <p class='ocr_par' dir='ltr' id='par_1_42' title="bbox 140 3601 1685 3683">
     <span class='ocr_line' id='line_1_42' title="bbox 140 3601 1685 3683; baseline 0.012 -31"><span class='ocrx_word' id='word_1_276' title='bbox 140 3601 235 3665; x_wconf 76' lang='grc' dir='ltr'>ταῖς</span> <span class='ocrx_word' id='word_1_277' title='bbox 257 3607 461 3672; x_wconf 75' lang='grc' dir='ltr'>μεέζοσι</span> <span class='ocrx_word' id='word_1_278' title='bbox 482 3606 593 3663; x_wconf 82' lang='grc' dir='ltr'>τῶν</span> <span class='ocrx_word' id='word_1_279' title='bbox 617 3609 827 3665; x_wconf 77' lang='grc' dir='ltr'>πόλεων</span> <span class='ocrx_word' id='word_1_280' title='bbox 846 3613 905 3665; x_wconf 75' lang='grc' dir='ltr'>τὸ</span> <span class='ocrx_word' id='word_1_281' title='bbox 925 3611 1025 3682; x_wconf 71' lang='grc' dir='ltr'>τὴν</span> <span class='ocrx_word' id='word_1_282' title='bbox 1055 3610 1385 3681; x_wconf 83' lang='grc' dir='ltr'>Ἐκκλησίαν</span> <span class='ocrx_word' id='word_1_283' title='bbox 1406 3613 1528 3683; x_wconf 77' lang='grc' dir='ltr'>ἕχον</span> <span class='ocrx_word' id='word_1_284' title='bbox 1547 3615 1685 3670; x_wconf 75' lang='grc' dir='ltr'>ἄστυ</span> 
     </span>
    </p>
   </div>
   <div class='ocr_carea' id='block_1_43' title="bbox 140 3697 532 3763">
    <p class='ocr_par' dir='ltr' id='par_1_43' title="bbox 140 3697 532 3763">
     <span class='ocr_line' id='line_1_43' title="bbox 140 3697 532 3763; baseline 0.033 -22"><span class='ocrx_word' id='word_1_285' title='bbox 140 3697 532 3763; x_wconf 81' lang='grc' dir='ltr'>συναμιλλᾶται.</span> 
     </span>
    </p>
   </div>
   <div class='ocr_carea' id='block_1_44' title="bbox 202 3775 1683 3872">
    <p class='ocr_par' dir='ltr' id='par_1_44' title="bbox 202 3775 1683 3872">
     <span class='ocr_line' id='line_1_44' title="bbox 202 3775 1683 3872; baseline 0.009 -32"><span class='ocrx_word' id='word_1_286' title='bbox 202 3786 253 3839; x_wconf 90' lang='grc'><strong>’0</strong></span> <span class='ocrx_word' id='word_1_287' title='bbox 278 3790 331 3842; x_wconf 82' lang='grc' dir='ltr'>δὲ</span> <span class='ocrx_word' id='word_1_288' title='bbox 359 3793 463 3862; x_wconf 77' lang='grc' dir='ltr'>τῆς</span> <span class='ocrx_word' id='word_1_289' title='bbox 506 3791 564 3859; x_wconf 84' lang='grc' dir='ltr'>ς’</span> <span class='ocrx_word' id='word_1_290' title='bbox 597 3794 821 3848; x_wconf 76' lang='grc' dir='ltr'>συνόδου</span> <span class='ocrx_word' id='word_1_291' title='bbox 859 3775 934 3861; x_wconf 66' lang='grc' dir='ltr'>ις’</span> <span class='ocrx_word' id='word_1_292' title='bbox 962 3797 1055 3850; x_wconf 82' lang='grc' dir='ltr'><strong>τὸν</strong></span> <span class='ocrx_word' id='word_1_293' title='bbox 1087 3801 1333 3871; x_wconf 72' lang='grc' dir='ltr'>παρόντα</span> <span class='ocrx_word' id='word_1_294' title='bbox 1361 3801 1683 3872; x_wconf 71' lang='grc' dir='ltr'>διαγράφων</span> 
     </span>
    </p>
   </div>
   <div class='ocr_carea' id='block_1_45' title="bbox 136 3878 1683 3963">
    <p class='ocr_par' dir='ltr' id='par_1_45' title="bbox 136 3878 1683 3963">
     <span class='ocr_line' id='line_1_45' title="bbox 136 3878 1683 3963; baseline 0.013 -36"><span class='ocrx_word' id='word_1_295' title='bbox 136 3878 327 3943; x_wconf 80' lang='grc' dir='ltr'>κανόνα,</span> <span class='ocrx_word' id='word_1_296' title='bbox 357 3888 458 3936; x_wconf 75' lang='grc' dir='ltr'>καὶ</span> <span class='ocrx_word' id='word_1_297' title='bbox 497 3885 566 3937; x_wconf 80' lang='grc' dir='ltr'>τὰ</span> <span class='ocrx_word' id='word_1_298' title='bbox 607 3886 748 3956; x_wconf 79' lang='grc' dir='ltr'>ῥητὰ</span> <span class='ocrx_word' id='word_1_299' title='bbox 772 3885 874 3955; x_wconf 84' lang='grc' dir='ltr'><strong>τῆς</strong></span> <span class='ocrx_word' id='word_1_300' title='bbox 897 3885 1082 3957; x_wconf 78' lang='grc' dir='ltr'>βίϐλου</span> <span class='ocrx_word' id='word_1_301' title='bbox 1113 3891 1224 3944; x_wconf 85' lang='grc' dir='ltr'>τῶν</span> <span class='ocrx_word' id='word_1_302' title='bbox 1264 3893 1527 3963; x_wconf 80' lang='grc' dir='ltr'>Πράξεων</span> <span class='ocrx_word' id='word_1_303' title='bbox 1555 3892 1683 3960; x_wconf 78' lang='grc' dir='ltr'><strong>ἑξη-</strong></span> 
     </span>
    </p>
   </div>
   <div class='ocr_carea' id='block_1_46' title="bbox 134 3968 1681 4056">
    <p class='ocr_par' dir='ltr' id='par_1_46' title="bbox 134 3968 1681 4056">
     <span class='ocr_line' id='line_1_46' title="bbox 134 3968 1681 4056; baseline 0.012 -33"><span class='ocrx_word' id='word_1_304' title='bbox 134 3968 390 4038; x_wconf 78' lang='grc' dir='ltr'>γοΰμενος,</span> <span class='ocrx_word' id='word_1_305' title='bbox 433 3975 533 4030; x_wconf 79' lang='grc' dir='ltr'><strong>καὶ</strong></span> <span class='ocrx_word' id='word_1_306' title='bbox 566 3978 661 4031; x_wconf 77' lang='grc' dir='ltr'><strong>τὸν</strong></span> <span class='ocrx_word' id='word_1_307' title='bbox 700 3980 802 4051; x_wconf 77' lang='grc' dir='ltr'>τὴν</span> <span class='ocrx_word' id='word_1_308' title='bbox 831 3982 1082 4050; x_wconf 84' lang='grc' dir='ltr'>γλῶτταν</span> <span class='ocrx_word' id='word_1_309' title='bbox 1119 3985 1386 4054; x_wconf 77' lang='grc' dir='ltr'>παράγων</span> <span class='ocrx_word' id='word_1_310' title='bbox 1423 3986 1681 4056; x_wconf 72' lang='grc' dir='ltr'>χρυσοῦν,</span> 
     </span>
    </p>
   </div>
   <div class='ocr_carea' id='block_1_47' title="bbox 135 4060 1681 4148">
    <p class='ocr_par' dir='ltr' id='par_1_47' title="bbox 135 4060 1681 4148">
     <span class='ocr_line' id='line_1_47' title="bbox 135 4060 1681 4148; baseline 0.013 -35"><span class='ocrx_word' id='word_1_311' title='bbox 135 4060 225 4116; x_wconf 78' lang='grc' dir='ltr'>τῶν</span> <span class='ocrx_word' id='word_1_312' title='bbox 270 4066 450 4136; x_wconf 74' lang='grc' dir='ltr'>ῥητῶν</span> <span class='ocrx_word' id='word_1_313' title='bbox 476 4069 576 4141; x_wconf 82' lang='grc' dir='ltr'><strong>τὴν</strong></span> <span class='ocrx_word' id='word_1_314' title='bbox 608 4071 850 4129; x_wconf 83' lang='grc' dir='ltr'>διάνοιαν</span> <span class='ocrx_word' id='word_1_315' title='bbox 880 4076 1084 4140; x_wconf 84' lang='grc' dir='ltr'>παντὸς</span> <span class='ocrx_word' id='word_1_316' title='bbox 1117 4077 1324 4146; x_wconf 82' lang='grc' dir='ltr'>μᾶλλον</span> <span class='ocrx_word' id='word_1_317' title='bbox 1355 4070 1681 4148; x_wconf 79' lang='grc' dir='ltr'>ἀκριϐέστε-</span> 
     </span>
    </p>
   </div>
   <div class='ocr_carea' id='block_1_48' title="bbox 135 4158 1682 4240">
    <p class='ocr_par' dir='ltr' id='par_1_48' title="bbox 135 4158 1682 4240">
     <span class='ocr_line' id='line_1_48' title="bbox 135 4158 1682 4240; baseline 0.012 -33"><span class='ocrx_word' id='word_1_318' title='bbox 135 4168 211 4220; x_wconf 80' lang='grc' dir='ltr'><strong>ρον</strong></span> <span class='ocrx_word' id='word_1_319' title='bbox 255 4158 690 4231; x_wconf 73' lang='grc' dir='ltr'>ἀναπτύσσοντα,</span> <span class='ocrx_word' id='word_1_320' title='bbox 731 4167 971 4222; x_wconf 80' lang='grc' dir='ltr'>δείκνυσι</span> <span class='ocrx_word' id='word_1_321' title='bbox 1049 4171 1125 4240; x_wconf 83' lang='grc' dir='ltr'><strong>μὴ</strong></span> <span class='ocrx_word' id='word_1_322' title='bbox 1172 4170 1456 4233; x_wconf 80' lang='grc' dir='ltr'>διακόνους</span> <span class='ocrx_word' id='word_1_323' title='bbox 1500 4171 1682 4239; x_wconf 83' lang='grc' dir='ltr'>λέγειν</span> 
     </span>
    </p>
   </div>
   <div class='ocr_carea' id='block_1_49' title="bbox 131 4243 1678 4330">
    <p class='ocr_par' dir='ltr' id='par_1_49' title="bbox 131 4243 1678 4330">
     <span class='ocr_line' id='line_1_49' title="bbox 131 4243 1678 4330; baseline 0.014 -32"><span class='ocrx_word' id='word_1_324' title='bbox 131 4243 337 4306; x_wconf 74' lang='grc' dir='ltr'>ἐνταῦθα</span> <span class='ocrx_word' id='word_1_325' title='bbox 369 4255 470 4323; x_wconf 81' lang='grc' dir='ltr'>τὴν</span> <span class='ocrx_word' id='word_1_326' title='bbox 499 4254 650 4310; x_wconf 85' lang='grc' dir='ltr'>θείαν</span> <span class='ocrx_word' id='word_1_327' title='bbox 679 4258 903 4330; x_wconf 76' lang='grc' dir='ltr'>Γραφὴν</span> <span class='ocrx_word' id='word_1_328' title='bbox 958 4260 1083 4324; x_wconf 77' lang='grc' dir='ltr'>τοὺς</span> <span class='ocrx_word' id='word_1_329' title='bbox 1121 4262 1179 4315; x_wconf 76' lang='grc' dir='ltr'>ἐν</span> <span class='ocrx_word' id='word_1_330' title='bbox 1212 4265 1324 4326; x_wconf 75' lang='grc' dir='ltr'>τοῖς</span> <span class='ocrx_word' id='word_1_331' title='bbox 1360 4263 1528 4327; x_wconf 83' lang='grc' dir='ltr'>θείοις</span> <span class='ocrx_word' id='word_1_332' title='bbox 1558 4265 1678 4319; x_wconf 85' lang='grc' dir='ltr'>δια-</span> 
     </span>
    </p>
   </div>
   <div class='ocr_carea' id='block_1_50' title="bbox 130 4344 1681 4426">
    <p class='ocr_par' dir='ltr' id='par_1_50' title="bbox 130 4344 1681 4426">
     <span class='ocr_line' id='line_1_50' title="bbox 130 4344 1681 4426; baseline 0.014 -37"><span class='ocrx_word' id='word_1_333' title='bbox 130 4344 467 4410; x_wconf 80' lang='grc' dir='ltr'>κονουμένους</span> <span class='ocrx_word' id='word_1_334' title='bbox 522 4349 867 4421; x_wconf 86' lang='grc' dir='ltr'>μυστηρίοις,</span> <span class='ocrx_word' id='word_1_335' title='bbox 927 4352 1145 4406; x_wconf 84' lang='grc' dir='ltr'>οὐδέπω</span> <span class='ocrx_word' id='word_1_336' title='bbox 1196 4358 1309 4424; x_wconf 81' lang='grc' dir='ltr'>γὰρ</span> <span class='ocrx_word' id='word_1_337' title='bbox 1359 4351 1501 4426; x_wconf 75' lang='grc' dir='ltr'>ἦσαν</span> <span class='ocrx_word' id='word_1_338' title='bbox 1555 4355 1681 4411; x_wconf 77' lang='grc' dir='ltr'>οὔτε</span> 
     </span>
    </p>
   </div>
   <div class='ocr_carea' id='block_1_51' title="bbox 129 4428 1676 4518">
    <p class='ocr_par' dir='ltr' id='par_1_51' title="bbox 129 4428 1676 4518">
     <span class='ocr_line' id='line_1_51' title="bbox 129 4428 1676 4518; baseline 0.009 -32"><span class='ocrx_word' id='word_1_339' title='bbox 129 4428 414 4505; x_wconf 83' lang='grc' dir='ltr'>ἐπίσκοποι,</span> <span class='ocrx_word' id='word_1_340' title='bbox 450 4437 578 4493; x_wconf 77' lang='grc' dir='ltr'>οὔτε</span> <span class='ocrx_word' id='word_1_341' title='bbox 628 4442 1018 4514; x_wconf 74' lang='grc' dir='ltr'>πρεσϐύτεροι,</span> <span class='ocrx_word' id='word_1_342' title='bbox 1074 4445 1197 4500; x_wconf 76' lang='grc' dir='ltr'>οὔτε</span> <span class='ocrx_word' id='word_1_343' title='bbox 1259 4447 1369 4518; x_wconf 84' lang='grc' dir='ltr'><strong>μὴν</strong></span> <span class='ocrx_word' id='word_1_344' title='bbox 1415 4447 1676 4515; x_wconf 81' lang='grc' dir='ltr'>διάκονοι,</span> 
     </span>
    </p>
   </div>
   <div class='ocr_carea' id='block_1_52' title="bbox 126 4522 1672 4609">
    <p class='ocr_par' dir='ltr' id='par_1_52' title="bbox 126 4522 1672 4609">
     <span class='ocr_line' id='line_1_52' title="bbox 126 4522 1672 4609; baseline 0.013 -35"><span class='ocrx_word' id='word_1_345' title='bbox 126 4522 247 4594; x_wconf 81' lang='grc' dir='ltr'>πλὴν</span> <span class='ocrx_word' id='word_1_346' title='bbox 307 4531 489 4597; x_wconf 88' lang='grc' dir='ltr'>μόνων</span> <span class='ocrx_word' id='word_1_347' title='bbox 546 4531 658 4584; x_wconf 85' lang='grc' dir='ltr'>τῶν</span> <span class='ocrx_word' id='word_1_348' title='bbox 724 4535 1065 4601; x_wconf 85' lang='grc' dir='ltr'>ἀποστόλων,</span> <span class='ocrx_word' id='word_1_349' title='bbox 1131 4537 1248 4591; x_wconf 79' lang='grc' dir='ltr'>ἀλλ’</span> <span class='ocrx_word' id='word_1_350' title='bbox 1317 4532 1399 4603; x_wconf 74' lang='grc' dir='ltr'>οἷς</span> <span class='ocrx_word' id='word_1_351' title='bbox 1459 4540 1672 4609; x_wconf 82' lang='grc' dir='ltr'>ἔμελεν,</span> 
     </span>
    </p>
   </div>
   <div class='ocr_carea' id='block_1_53' title="bbox 1796 934 3364 1014">
    <p class='ocr_par' dir='ltr' id='par_1_53' title="bbox 1796 934 3364 1014">
     <span class='ocr_line' id='line_1_53' title="bbox 1796 934 3364 1014; baseline 0.01 -28"><span class='ocrx_word' id='word_1_352' title='bbox 1796 934 1963 1014; x_wconf 67' lang='lat' dir='ltr'><strong>etiam</strong></span> <span class='ocrx_word' id='word_1_353' title='bbox 2003 937 2070 992; x_wconf 89' lang='lat' dir='ltr'><strong>ab</strong></span> <span class='ocrx_word' id='word_1_354' title='bbox 2102 936 2370 1008; x_wconf 80' lang='lat' dir='ltr'><strong>imperitis</strong></span> <span class='ocrx_word' id='word_1_355' title='bbox 2398 949 2720 996; x_wconf 86' lang='lat' dir='ltr'><strong>testamenta</strong></span> <span class='ocrx_word' id='word_1_356' title='bbox 2760 945 3174 1009; x_wconf 81' lang='lat' dir='ltr'><strong>conﬁrmentur,</strong></span> <span class='ocrx_word' id='word_1_357' title='bbox 3202 947 3364 1001; x_wconf 79' lang='lat' dir='ltr'><strong>dum-</strong></span> 
     </span>
    </p>
   </div>
   <div class='ocr_carea' id='block_1_54' title="bbox 1798 1027 3368 1103">
    <p class='ocr_par' dir='ltr' id='par_1_54' title="bbox 1798 1027 3368 1103">
     <span class='ocr_line' id='line_1_54' title="bbox 1798 1027 3368 1103; baseline 0.006 -23"><span class='ocrx_word' id='word_1_358' title='bbox 1798 1027 1961 1081; x_wconf 88' lang='lat' dir='ltr'><strong>modo</strong></span> <span class='ocrx_word' id='word_1_359' title='bbox 2016 1042 2198 1085; x_wconf 87' lang='lat' dir='ltr'><strong>mores</strong></span> <span class='ocrx_word' id='word_1_360' title='bbox 2255 1030 2475 1085; x_wconf 78' lang='lat' dir='ltr'><strong>testium</strong></span> <span class='ocrx_word' id='word_1_361' title='bbox 2523 1032 2683 1087; x_wconf 84' lang='lat' dir='ltr'><strong>tidem</strong></span> <span class='ocrx_word' id='word_1_362' title='bbox 2736 1047 3074 1090; x_wconf 84' lang='lat' dir='ltr'><strong>mercantur.</strong></span> <span class='ocrx_word' id='word_1_363' title='bbox 3124 1035 3264 1103; x_wconf 88' lang='lat' dir='ltr'><strong>Quin</strong></span> <span class='ocrx_word' id='word_1_364' title='bbox 3313 1053 3368 1092; x_wconf 84' lang='lat' dir='ltr'><strong>et</strong></span> 
     </span>
    </p>
   </div>
   <div class='ocr_carea' id='block_1_55' title="bbox 1799 1122 3364 1195">
    <p class='ocr_par' dir='ltr' id='par_1_55' title="bbox 1799 1122 3364 1195">
     <span class='ocr_line' id='line_1_55' title="bbox 1799 1122 3364 1195; baseline 0.007 -25"><span class='ocrx_word' id='word_1_365' title='bbox 1799 1133 2081 1173; x_wconf 90' lang='lat' dir='ltr'><strong>numerum</strong></span> <span class='ocrx_word' id='word_1_366' title='bbox 2117 1137 2222 1175; x_wconf 89' lang='lat' dir='ltr'><strong>non</strong></span> <span class='ocrx_word' id='word_1_367' title='bbox 2252 1122 2428 1177; x_wconf 88' lang='lat' dir='ltr'><strong>solum</strong></span> <span class='ocrx_word' id='word_1_368' title='bbox 2460 1123 2525 1177; x_wconf 89' lang='lat' dir='ltr'><strong>ad</strong></span> <span class='ocrx_word' id='word_1_369' title='bbox 2554 1126 2796 1195; x_wconf 86' lang='lat' dir='ltr'><strong>quinque</strong></span> <span class='ocrx_word' id='word_1_370' title='bbox 2832 1128 3232 1191; x_wconf 81' lang='lat' dir='ltr'><strong>contrahimus,</strong></span> <span class='ocrx_word' id='word_1_371' title='bbox 3267 1129 3364 1183; x_wconf 89' lang='lat' dir='ltr'><strong>sed</strong></span> 
     </span>
    </p>
   </div>
   <div class='ocr_carea' id='block_1_56' title="bbox 1798 1206 3367 1287">
    <p class='ocr_par' dir='ltr' id='par_1_56' title="bbox 1798 1206 3367 1287">
     <span class='ocr_line' id='line_1_56' title="bbox 1798 1206 3367 1287; baseline 0.008 -30"><span class='ocrx_word' id='word_1_372' title='bbox 1798 1206 1864 1263; x_wconf 90' lang='lat' dir='ltr'><strong>iis</strong></span> <span class='ocrx_word' id='word_1_373' title='bbox 1913 1208 1969 1262; x_wconf 90' lang='lat' dir='ltr'><strong>in</strong></span> <span class='ocrx_word' id='word_1_374' title='bbox 2015 1209 2147 1264; x_wconf 86' lang='lat' dir='ltr'><strong>locis</strong></span> <span class='ocrx_word' id='word_1_375' title='bbox 2193 1210 2245 1264; x_wconf 88' lang='lat' dir='ltr'><strong>in</strong></span> <span class='ocrx_word' id='word_1_376' title='bbox 2293 1212 2492 1281; x_wconf 83' lang='lat' dir='ltr'><strong>quibus</strong></span> <span class='ocrx_word' id='word_1_377' title='bbox 2538 1229 2695 1270; x_wconf 88' lang='lat' dir='ltr'><strong>raros</strong></span> <span class='ocrx_word' id='word_1_378' title='bbox 2744 1216 2854 1271; x_wconf 87' lang='lat' dir='ltr'><strong>tidc</strong></span> <span class='ocrx_word' id='word_1_379' title='bbox 2904 1217 3097 1286; x_wconf 79' lang='lat' dir='ltr'><strong>dignos</strong></span> <span class='ocrx_word' id='word_1_380' title='bbox 3147 1220 3367 1287; x_wconf 89' lang='lat' dir='ltr'><strong>prodire</strong></span> 
     </span>
    </p>
   </div>
   <div class='ocr_carea' id='block_1_57' title="bbox 1795 1303 3374 1370">
    <p class='ocr_par' dir='ltr' id='par_1_57' title="bbox 1795 1303 3374 1370">
     <span class='ocr_line' id='line_1_57' title="bbox 1795 1303 3374 1370; baseline 0.008 -22"><span class='ocrx_word' id='word_1_381' title='bbox 1795 1304 2030 1362; x_wconf 88' lang='lat' dir='ltr'><strong>constat,</strong></span> <span class='ocrx_word' id='word_1_382' title='bbox 2065 1307 2175 1354; x_wconf 86' lang='lat' dir='ltr'><strong>tres</strong></span> <span class='ocrx_word' id='word_1_383' title='bbox 2223 1314 2442 1370; x_wconf 89' lang='lat' dir='ltr'><strong>quoque</strong></span> <span class='ocrx_word' id='word_1_384' title='bbox 2476 1303 2715 1369; x_wconf 88' lang='lat' dir='ltr'><strong>admitti,</strong></span> <span class='ocrx_word' id='word_1_385' title='bbox 2748 1314 2802 1360; x_wconf 92' lang='lat' dir='ltr'><strong>et</strong></span> <span class='ocrx_word' id='word_1_386' title='bbox 2840 1306 3213 1360; x_wconf 74' lang='lat' dir='ltr'><strong>testimonium</strong></span> <span class='ocrx_word' id='word_1_387' title='bbox 3255 1307 3374 1360; x_wconf 90' lang='lat' dir='ltr'><strong>illo-</strong></span> 
     </span>
    </p>
   </div>
   <div class='ocr_carea' id='block_1_58' title="bbox 1798 1394 3365 1472">
    <p class='ocr_par' dir='ltr' id='par_1_58' title="bbox 1798 1394 3365 1472">
     <span class='ocr_line' id='line_1_58' title="bbox 1798 1394 3365 1472; baseline 0.008 -31"><span class='ocrx_word' id='word_1_388' title='bbox 1798 1404 1912 1443; x_wconf 89' lang='lat' dir='ltr'><strong>rum</strong></span> <span class='ocrx_word' id='word_1_389' title='bbox 1944 1406 2052 1444; x_wconf 89' lang='lat' dir='ltr'><strong>non</strong></span> <span class='ocrx_word' id='word_1_390' title='bbox 2085 1394 2363 1463; x_wconf 82' lang='lat' dir='ltr'><strong>reprobari</strong></span> <span class='ocrx_word' id='word_1_391' title='bbox 2396 1396 2666 1453; x_wconf 86' lang='lat' dir='ltr'><strong>volumus.</strong></span> <span class='ocrx_word' id='word_1_392' title='bbox 2693 1399 2887 1465; x_wconf 64' lang='lat' dir='ltr'><strong>Quaere</strong></span> <span class='ocrx_word' id='word_1_393' title='bbox 2920 1400 3083 1457; x_wconf 86' lang='lat' dir='ltr'><strong>etiam</strong></span> <span class='ocrx_word' id='word_1_394' title='bbox 3133 1402 3203 1458; x_wconf 81' lang='lat'><strong>38</strong></span> <span class='ocrx_word' id='word_1_395' title='bbox 3240 1416 3365 1472; x_wconf 87' lang='lat' dir='ltr'><strong>cap.</strong></span> 
     </span>
    </p>
   </div>
   <div class='ocr_carea' id='block_1_59' title="bbox 1797 1482 2879 1562">
    <p class='ocr_par' dir='ltr' id='par_1_59' title="bbox 1797 1482 2879 1562">
     <span class='ocr_line' id='line_1_59' title="bbox 1797 1482 2879 1562; baseline 0.012 -27"><span class='ocrx_word' id='word_1_396' title='bbox 1797 1482 1902 1537; x_wconf 83' lang='lat' dir='ltr'><strong>un.</strong></span> <span class='ocrx_word' id='word_1_397' title='bbox 1937 1482 2005 1548; x_wconf 85' lang='grc' dir='ltr'>Κ,</span> <span class='ocrx_word' id='word_1_398' title='bbox 2043 1494 2098 1540; x_wconf 90' lang='lat' dir='ltr'><strong>et</strong></span> <span class='ocrx_word' id='word_1_399' title='bbox 2133 1486 2278 1557; x_wconf 81' lang='lat' dir='ltr'><strong>leges</strong></span> <span class='ocrx_word' id='word_1_400' title='bbox 2313 1488 2368 1542; x_wconf 93' lang='lat' dir='ltr'><strong>in</strong></span> <span class='ocrx_word' id='word_1_401' title='bbox 2407 1489 2473 1543; x_wconf 83' lang='lat' dir='ltr'><strong>t6</strong></span> <span class='ocrx_word' id='word_1_402' title='bbox 2498 1503 2619 1562; x_wconf 88' lang='lat' dir='ltr'><strong>cap.</strong></span> <span class='ocrx_word' id='word_1_403' title='bbox 2669 1492 2772 1548; x_wconf 83' lang='lat' dir='ltr'><strong>nn.</strong></span> <span class='ocrx_word' id='word_1_404' title='bbox 2804 1492 2879 1548; x_wconf 72' lang='grc' dir='ltr'>ιι.</span> 
     </span>
    </p>
   </div>
   <div class='ocr_carea' id='block_1_60' title="bbox 2254 1752 2903 1812">
    <p class='ocr_par' dir='ltr' id='par_1_60' title="bbox 2254 1752 2903 1812">
     <span class='ocr_line' id='line_1_60' title="bbox 2254 1752 2903 1812; baseline 0.006 -4"><span class='ocrx_word' id='word_1_405' title='bbox 2254 1752 2407 1811; x_wconf 71' lang='lat' dir='ltr'><strong>CAP.</strong></span> <span class='ocrx_word' id='word_1_406' title='bbox 2450 1752 2511 1811; x_wconf 70' lang='grc' dir='ltr'>ν.</span> <span class='ocrx_word' id='word_1_407' title='bbox 2544 1755 2616 1810; x_wconf 82' lang='lat' dir='ltr'><strong>De</strong></span> <span class='ocrx_word' id='word_1_408' title='bbox 2645 1755 2903 1812; x_wconf 77' lang='lat' dir='ltr'><strong>diacouis.</strong></span> 
     </span>
    </p>
   </div>
   <div class='ocr_carea' id='block_1_61' title="bbox 1863 1843 3370 1916">
    <p class='ocr_par' dir='ltr' id='par_1_61' title="bbox 1863 1843 3370 1916">
     <span class='ocr_line' id='line_1_61' title="bbox 1863 1843 3370 1916; baseline 0.006 -15"><span class='ocrx_word' id='word_1_409' title='bbox 1863 1843 2048 1901; x_wconf 86' lang='lat' dir='ltr'><strong>Canon</strong></span> <span class='ocrx_word' id='word_1_410' title='bbox 2094 1847 2160 1900; x_wconf 79' lang='grc' dir='ltr'>Η</span> <span class='ocrx_word' id='word_1_411' title='bbox 2197 1863 2317 1914; x_wconf 79' lang='lat' dir='ltr'><strong>syn.</strong></span> <span class='ocrx_word' id='word_1_412' title='bbox 2362 1858 2451 1913; x_wconf 78' lang='lat' dir='ltr'><strong>Vt,‘</strong></span> <span class='ocrx_word' id='word_1_413' title='bbox 2500 1865 2597 1905; x_wconf 90' lang='lat' dir='ltr'><strong>nec</strong></span> <span class='ocrx_word' id='word_1_414' title='bbox 2643 1865 2750 1904; x_wconf 91' lang='lat' dir='ltr'><strong>non</strong></span> <span class='ocrx_word' id='word_1_415' title='bbox 2817 1852 2904 1916; x_wconf 80' lang='grc'><strong>15,</strong></span> <span class='ocrx_word' id='word_1_416' title='bbox 2959 1860 3148 1910; x_wconf 68' lang='grc' dir='ltr'>ωιοιοε</span> <span class='ocrx_word' id='word_1_417' title='bbox 3216 1856 3370 1911; x_wconf 88' lang='lat' dir='ltr'><strong>ordi-</strong></span> 
     </span>
    </p>
   </div>
   <div class='ocr_carea' id='block_1_62' title="bbox 2643 1944 3365 2015">
    <p class='ocr_par' dir='ltr' id='par_1_62' title="bbox 2643 1944 3365 2015">
     <span class='ocr_line' id='line_1_62' title="bbox 2643 1944 3365 2015; baseline 0.011 -18"><span class='ocrx_word' id='word_1_418' title='bbox 2643 1944 3020 2015; x_wconf 74' lang='lat' dir='ltr'><strong>presbyterum</strong></span> <span class='ocrx_word' id='word_1_419' title='bbox 3094 1964 3365 2005; x_wconf 87' lang='lat' dir='ltr'><strong>annorum</strong></span> 
     </span>
    </p>
   </div>
   <div class='ocr_carea' id='block_1_63' title="bbox 1799 2030 3364 2112">
    <p class='ocr_par' dir='ltr' id='par_1_63' title="bbox 1799 2030 3364 2112">
     <span class='ocr_line' id='line_1_63' title="bbox 1799 2030 3364 2112; baseline 0.008 -28"><span class='ocrx_word' id='word_1_420' title='bbox 1799 2030 2019 2099; x_wconf 78' lang='lat' dir='ltr'><strong>triginta</strong></span> <span class='ocrx_word' id='word_1_421' title='bbox 2051 2047 2174 2087; x_wconf 87' lang='lat' dir='ltr'><strong>esse</strong></span> <span class='ocrx_word' id='word_1_422' title='bbox 2211 2034 2539 2097; x_wconf 86' lang='lat' dir='ltr'><strong>decernunt,</strong></span> <span class='ocrx_word' id='word_1_423' title='bbox 2574 2037 2790 2092; x_wconf 88' lang='lat' dir='ltr'><strong>etiamsi</strong></span> <span class='ocrx_word' id='word_1_424' title='bbox 2824 2039 2931 2093; x_wconf 89' lang='lat' dir='ltr'><strong>vita</strong></span> <span class='ocrx_word' id='word_1_425' title='bbox 2967 2039 3084 2108; x_wconf 85' lang='lat' dir='ltr'><strong>ejus</strong></span> <span class='ocrx_word' id='word_1_426' title='bbox 3111 2042 3364 2112; x_wconf 82' lang='lat' dir='ltr'><strong>dignitati</strong></span> 
     </span>
    </p>
   </div>
   <div class='ocr_carea' id='block_1_64' title="bbox 1797 2122 3365 2201">
    <p class='ocr_par' dir='ltr' id='par_1_64' title="bbox 1797 2122 3365 2201">
     <span class='ocr_line' id='line_1_64' title="bbox 1797 2122 3365 2201; baseline 0.008 -27"><span class='ocrx_word' id='word_1_427' title='bbox 1797 2122 2009 2176; x_wconf 84' lang='lat' dir='ltr'><strong>abunde</strong></span> <span class='ocrx_word' id='word_1_428' title='bbox 2037 2125 2348 2180; x_wconf 85' lang='lat' dir='ltr'><strong>conveniat.</strong></span> <span class='ocrx_word' id='word_1_429' title='bbox 2389 2126 2471 2180; x_wconf 85' lang='lat' dir='ltr'><strong>Ad</strong></span> <span class='ocrx_word' id='word_1_430' title='bbox 2503 2129 2783 2197; x_wconf 79' lang='lat' dir='ltr'><strong>exemplar</strong></span> <span class='ocrx_word' id='word_1_431' title='bbox 2829 2130 2973 2184; x_wconf 87' lang='lat' dir='ltr'><strong>enim</strong></span> <span class='ocrx_word' id='word_1_432' title='bbox 3013 2132 3281 2201; x_wconf 84' lang='lat' dir='ltr'><strong>originale</strong></span> <span class='ocrx_word' id='word_1_433' title='bbox 3313 2145 3365 2187; x_wconf 76' lang='lat' dir='ltr'><strong>et</strong></span> 
     </span>
    </p>
   </div>
   <div class='ocr_carea' id='block_1_65' title="bbox 1799 2213 3363 2294">
    <p class='ocr_par' dir='ltr' id='par_1_65' title="bbox 1799 2213 3363 2294">
     <span class='ocr_line' id='line_1_65' title="bbox 1799 2213 3363 2294; baseline 0.008 -29"><span class='ocrx_word' id='word_1_434' title='bbox 1799 2213 2106 2269; x_wconf 86' lang='lat' dir='ltr'><strong>Servatoris</strong></span> <span class='ocrx_word' id='word_1_435' title='bbox 2161 2217 2332 2271; x_wconf 82' lang='lat' dir='ltr'><strong>nostri</strong></span> <span class='ocrx_word' id='word_1_436' title='bbox 2384 2220 2751 2273; x_wconf 74' lang='lat' dir='ltr'><strong>meonomiant</strong></span> <span class='ocrx_word' id='word_1_437' title='bbox 2802 2222 3079 2291; x_wconf 86' lang='lat' dir='ltr'><strong>respicere</strong></span> <span class='ocrx_word' id='word_1_438' title='bbox 3126 2233 3363 2294; x_wconf 82' lang='lat' dir='ltr'><strong>oportet,</strong></span> 
     </span>
    </p>
   </div>
   <div class='ocr_carea' id='block_1_66' title="bbox 1795 2306 3369 2379">
    <p class='ocr_par' dir='ltr' id='par_1_66' title="bbox 1795 2306 3369 2379">
     <span class='ocr_line' id='line_1_66' title="bbox 1795 2306 3369 2379; baseline 0.01 -22"><span class='ocrx_word' id='word_1_439' title='bbox 1795 2306 1887 2373; x_wconf 88' lang='lat' dir='ltr'><strong>qui</strong></span> <span class='ocrx_word' id='word_1_440' title='bbox 1914 2307 2192 2362; x_wconf 88' lang='lat' dir='ltr'><strong>tricesimo</strong></span> <span class='ocrx_word' id='word_1_441' title='bbox 2237 2323 2380 2365; x_wconf 85' lang='lat' dir='ltr'><strong>anno</strong></span> <span class='ocrx_word' id='word_1_442' title='bbox 2440 2310 2768 2379; x_wconf 80' lang='lat' dir='ltr'><strong>baptizatus.</strong></span> <span class='ocrx_word' id='word_1_443' title='bbox 2808 2315 2989 2368; x_wconf 80' lang='lat' dir='ltr'><strong>statim</strong></span> <span class='ocrx_word' id='word_1_444' title='bbox 3034 2314 3229 2371; x_wconf 89' lang='lat' dir='ltr'><strong>docere</strong></span> <span class='ocrx_word' id='word_1_445' title='bbox 3254 2331 3369 2371; x_wconf 85' lang='lat' dir='ltr'><strong>coe-</strong></span> 
     </span>
    </p>
   </div>
   <div class='ocr_carea' id='block_1_67' title="bbox 1804 2397 3363 2470">
    <p class='ocr_par' dir='ltr' id='par_1_67' title="bbox 1804 2397 3363 2470">
     <span class='ocr_line' id='line_1_67' title="bbox 1804 2397 3363 2470; baseline 0.009 -22"><span class='ocrx_word' id='word_1_446' title='bbox 1804 2397 1911 2466; x_wconf 90' lang='lat' dir='ltr'><strong>pit;</strong></span> <span class='ocrx_word' id='word_1_447' title='bbox 1933 2398 2220 2454; x_wconf 80' lang='lat' dir='ltr'><strong>diac0num</strong></span> <span class='ocrx_word' id='word_1_448' title='bbox 2245 2412 2427 2456; x_wconf 87' lang='lat' dir='ltr'><strong>autem</strong></span> <span class='ocrx_word' id='word_1_449' title='bbox 2444 2402 2515 2457; x_wconf 73' lang='lat'><strong>25</strong></span> <span class='ocrx_word' id='word_1_450' title='bbox 2532 2412 2802 2458; x_wconf 87' lang='lat' dir='ltr'><strong>annorum</strong></span> <span class='ocrx_word' id='word_1_451' title='bbox 2823 2421 2970 2470; x_wconf 84' lang='lat' dir='ltr'><strong>esse,</strong></span> <span class='ocrx_word' id='word_1_452' title='bbox 2993 2407 3363 2465; x_wconf 77' lang='lat' dir='ltr'><strong>diaconissam</strong></span> 
     </span>
    </p>
   </div>
   <div class='ocr_carea' id='block_1_68' title="bbox 1792 2486 3368 2568">
    <p class='ocr_par' dir='ltr' id='par_1_68' title="bbox 1792 2486 3368 2568">
     <span class='ocr_line' id='line_1_68' title="bbox 1792 2486 3368 2568; baseline 0.008 -28"><span class='ocrx_word' id='word_1_453' title='bbox 1792 2486 1896 2553; x_wconf 68' lang='lat'><strong>40;</strong></span> <span class='ocrx_word' id='word_1_454' title='bbox 1944 2490 2337 2546; x_wconf 73' lang='lat' dir='ltr'><strong>subdiaconum</strong></span> <span class='ocrx_word' id='word_1_455' title='bbox 2386 2508 2491 2548; x_wconf 88' lang='lat' dir='ltr'><strong>non</strong></span> <span class='ocrx_word' id='word_1_456' title='bbox 2540 2498 2827 2564; x_wconf 82' lang='lat' dir='ltr'><strong>pauciores</strong></span> <span class='ocrx_word' id='word_1_457' title='bbox 2855 2513 3015 2568; x_wconf 84' lang='lat' dir='ltr'><strong>agere</strong></span> <span class='ocrx_word' id='word_1_458' title='bbox 3060 2515 3225 2568; x_wconf 84' lang='lat' dir='ltr'><strong>quam</strong></span> <span class='ocrx_word' id='word_1_459' title='bbox 3271 2500 3368 2554; x_wconf 77' lang='lat'><strong>9.0.</strong></span> 
     </span>
    </p>
   </div>
   <div class='ocr_carea' id='block_1_69' title="bbox 1795 2580 3362 2659">
    <p class='ocr_par' dir='ltr' id='par_1_69' title="bbox 1795 2580 3362 2659">
     <span class='ocr_line' id='line_1_69' title="bbox 1795 2580 3362 2659; baseline 0.008 -25"><span class='ocrx_word' id='word_1_460' title='bbox 1795 2580 1932 2635; x_wconf 82' lang='lat' dir='ltr'><strong>Eunt</strong></span> <span class='ocrx_word' id='word_1_461' title='bbox 1977 2598 2109 2637; x_wconf 84' lang='lat' dir='ltr'><strong>vero</strong></span> <span class='ocrx_word' id='word_1_462' title='bbox 2150 2584 2402 2654; x_wconf 86' lang='lat' dir='ltr'><strong>quiante</strong></span> <span class='ocrx_word' id='word_1_463' title='bbox 2466 2587 2757 2656; x_wconf 64' lang='lat' dir='ltr'><strong>praedictos</strong></span> <span class='ocrx_word' id='word_1_464' title='bbox 2821 2603 2994 2645; x_wconf 86' lang='lat' dir='ltr'><strong>annos</strong></span> <span class='ocrx_word' id='word_1_465' title='bbox 3051 2592 3362 2659; x_wconf 82' lang='lat' dir='ltr'><strong>ordinatur,</strong></span> 
     </span>
    </p>
   </div>
   <div class='ocr_carea' id='block_1_70' title="bbox 1792 2674 2588 2750">
    <p class='ocr_par' dir='ltr' id='par_1_70' title="bbox 1792 2674 2588 2750">
     <span class='ocr_line' id='line_1_70' title="bbox 1792 2674 2588 2750; baseline 0.006 -20"><span class='ocrx_word' id='word_1_466' title='bbox 1792 2674 2106 2731; x_wconf 84' lang='lat' dir='ltr'><strong>omnimode</strong></span> <span class='ocrx_word' id='word_1_467' title='bbox 2139 2679 2334 2748; x_wconf 87' lang='lat' dir='ltr'><strong>deponi</strong></span> <span class='ocrx_word' id='word_1_468' title='bbox 2371 2678 2588 2750; x_wconf 80' lang='lat' dir='ltr'><strong>jubent.</strong></span> 
     </span>
    </p>
   </div>
   <div class='ocr_carea' id='block_1_71' title="bbox 1857 2858 3361 2936">
    <p class='ocr_par' dir='ltr' id='par_1_71' title="bbox 1857 2858 3361 2936">
     <span class='ocr_line' id='line_1_71' title="bbox 1857 2858 3361 2936; baseline 0.007 -23"><span class='ocrx_word' id='word_1_469' title='bbox 1857 2858 1965 2929; x_wconf 82' lang='lat'><strong>93</strong></span> <span class='ocrx_word' id='word_1_470' title='bbox 2018 2860 2254 2917; x_wconf 86' lang='lat' dir='ltr'><strong>Eosdem</strong></span> <span class='ocrx_word' id='word_1_471' title='bbox 2315 2862 2480 2919; x_wconf 87' lang='lat' dir='ltr'><strong>etiam</strong></span> <span class='ocrx_word' id='word_1_472' title='bbox 2539 2880 2638 2936; x_wconf 87' lang='lat' dir='ltr'><strong>pro</strong></span> <span class='ocrx_word' id='word_1_473' title='bbox 2696 2865 2915 2923; x_wconf 87' lang='lat' dir='ltr'><strong>diaconi</strong></span> <span class='ocrx_word' id='word_1_474' title='bbox 2966 2874 3124 2924; x_wconf 68' lang='lat' dir='ltr'><strong>aetate</strong></span> <span class='ocrx_word' id='word_1_475' title='bbox 3182 2882 3361 2924; x_wconf 88' lang='lat' dir='ltr'><strong>annos</strong></span> 
     </span>
    </p>
   </div>
   <div class='ocr_carea' id='block_1_72' title="bbox 1789 2952 3361 3028">
    <p class='ocr_par' dir='ltr' id='par_1_72' title="bbox 1789 2952 3361 3028">
     <span class='ocr_line' id='line_1_72' title="bbox 1789 2952 3361 3028; baseline 0.008 -24"><span class='ocrx_word' id='word_1_476' title='bbox 1789 2966 1912 3007; x_wconf 81' lang='lat' dir='ltr'><strong>ean.</strong></span> <span class='ocrx_word' id='word_1_477' title='bbox 1960 2952 2025 3007; x_wconf 81' lang='grc'>16</span> <span class='ocrx_word' id='word_1_478' title='bbox 2078 2969 2202 3024; x_wconf 77' lang='lat' dir='ltr'><strong>syn.</strong></span> <span class='ocrx_word' id='word_1_479' title='bbox 2258 2956 2518 3028; x_wconf 75' lang='lat' dir='ltr'><strong>Carthag.</strong></span> <span class='ocrx_word' id='word_1_480' title='bbox 2570 2959 2802 3027; x_wconf 86' lang='lat' dir='ltr'><strong>detinit;</strong></span> <span class='ocrx_word' id='word_1_481' title='bbox 2855 2960 3177 3017; x_wconf 84' lang='lat' dir='ltr'><strong>diaconissae</strong></span> <span class='ocrx_word' id='word_1_482' title='bbox 3228 2976 3361 3018; x_wconf 88' lang='lat' dir='ltr'><strong>vero</strong></span> 
     </span>
    </p>
   </div>
   <div class='ocr_carea' id='block_1_73' title="bbox 1788 3045 3360 3120">
    <p class='ocr_par' dir='ltr' id='par_1_73' title="bbox 1788 3045 3360 3120">
     <span class='ocr_line' id='line_1_73' title="bbox 1788 3045 3360 3120; baseline 0.008 -23"><span class='ocrx_word' id='word_1_483' title='bbox 1788 3056 1912 3099; x_wconf 84' lang='lat' dir='ltr'><strong>can.</strong></span> <span class='ocrx_word' id='word_1_484' title='bbox 1967 3045 2034 3100; x_wconf 82' lang='lat' dir='ltr'><strong>t5</strong></span> <span class='ocrx_word' id='word_1_485' title='bbox 2073 3062 2192 3116; x_wconf 88' lang='lat' dir='ltr'><strong>syu.</strong></span> <span class='ocrx_word' id='word_1_486' title='bbox 2228 3063 2303 3104; x_wconf 85' lang='lat' dir='ltr'><strong>tv.</strong></span> <span class='ocrx_word' id='word_1_487' title='bbox 2330 3047 2554 3115; x_wconf 75' lang='lat' dir='ltr'><strong>Qureras</strong></span> <span class='ocrx_word' id='word_1_488' title='bbox 2588 3049 2804 3120; x_wconf 80' lang='lat' dir='ltr'><strong>plenius</strong></span> <span class='ocrx_word' id='word_1_489' title='bbox 2836 3051 2907 3108; x_wconf 83' lang='lat' dir='ltr'><strong>de</strong></span> <span class='ocrx_word' id='word_1_490' title='bbox 2949 3052 3276 3112; x_wconf 72' lang='lat' dir='ltr'><strong>diaconissis</strong></span> <span class='ocrx_word' id='word_1_491' title='bbox 3304 3054 3360 3109; x_wconf 88' lang='lat' dir='ltr'><strong>in</strong></span> 
     </span>
    </p>
   </div>
   <div class='ocr_carea' id='block_1_74' title="bbox 1789 3135 2315 3209">
    <p class='ocr_par' dir='ltr' id='par_1_74' title="bbox 1789 3135 2315 3209">
     <span class='ocr_line' id='line_1_74' title="bbox 1789 3135 2315 3209; baseline 0.01 -20"><span class='ocrx_word' id='word_1_492' title='bbox 1789 3135 1851 3189; x_wconf 79' lang='lat' dir='ltr'><strong>lt</strong></span> <span class='ocrx_word' id='word_1_493' title='bbox 1877 3151 1996 3207; x_wconf 86' lang='lat' dir='ltr'><strong>cap.</strong></span> <span class='ocrx_word' id='word_1_494' title='bbox 2032 3138 2223 3209; x_wconf 79' lang='lat' dir='ltr'><strong>litterae</strong></span> <span class='ocrx_word' id='word_1_495' title='bbox 2256 3139 2315 3194; x_wconf 86' lang='grc' dir='ltr'><strong>Γ.</strong></span> 
     </span>
    </p>
   </div>
   <div class='ocr_carea' id='block_1_75' title="bbox 1857 3318 3355 3400">
    <p class='ocr_par' dir='ltr' id='par_1_75' title="bbox 1857 3318 3355 3400">
     <span class='ocr_line' id='line_1_75' title="bbox 1857 3318 3355 3400; baseline 0.007 -28"><span class='ocrx_word' id='word_1_496' title='bbox 1857 3318 2022 3375; x_wconf 84' lang='lat' dir='ltr'><strong>Porro</strong></span> <span class='ocrx_word' id='word_1_497' title='bbox 2047 3334 2170 3375; x_wconf 89' lang='lat' dir='ltr'><strong>can.</strong></span> <span class='ocrx_word' id='word_1_498' title='bbox 2206 3321 2274 3375; x_wconf 71' lang='grc'><strong>15</strong></span> <span class='ocrx_word' id='word_1_499' title='bbox 2318 3336 2439 3393; x_wconf 87' lang='lat' dir='ltr'><strong>syu.</strong></span> <span class='ocrx_word' id='word_1_500' title='bbox 2496 3320 2957 3382; x_wconf 64' lang='lat' dir='ltr'><strong>Neocaesariensis</strong></span> <span class='ocrx_word' id='word_1_501' title='bbox 3001 3325 3355 3400; x_wconf 79' lang='lat' dir='ltr'><strong>Itomonymia</strong></span> 
     </span>
    </p>
   </div>
   <div class='ocr_carea' id='block_1_76' title="bbox 1786 3413 3352 3489">
    <p class='ocr_par' dir='ltr' id='par_1_76' title="bbox 1786 3413 3352 3489">
     <span class='ocr_line' id='line_1_76' title="bbox 1786 3413 3352 3489; baseline 0.004 -21"><span class='ocrx_word' id='word_1_502' title='bbox 1786 3420 1994 3482; x_wconf 86' lang='lat' dir='ltr'><strong>septem</strong></span> <span class='ocrx_word' id='word_1_503' title='bbox 2061 3413 2115 3467; x_wconf 90' lang='lat' dir='ltr'><strong>in</strong></span> <span class='ocrx_word' id='word_1_504' title='bbox 2151 3415 2380 3469; x_wconf 81' lang='lat' dir='ltr'><strong>Actibus</strong></span> <span class='ocrx_word' id='word_1_505' title='bbox 2440 3415 2795 3473; x_wconf 87' lang='lat' dir='ltr'><strong>diaconorum</strong></span> <span class='ocrx_word' id='word_1_506' title='bbox 2862 3433 3184 3489; x_wconf 80' lang='lat' dir='ltr'><strong>persuasus,</strong></span> <span class='ocrx_word' id='word_1_507' title='bbox 3242 3435 3352 3476; x_wconf 89' lang='lat' dir='ltr'><strong>non</strong></span> 
     </span>
    </p>
   </div>
   <div class='ocr_carea' id='block_1_77' title="bbox 1784 3505 3355 3583">
    <p class='ocr_par' dir='ltr' id='par_1_77' title="bbox 1784 3505 3355 3583">
     <span class='ocr_line' id='line_1_77' title="bbox 1784 3505 3355 3583; baseline 0.006 -25"><span class='ocrx_word' id='word_1_508' title='bbox 1784 3505 1968 3575; x_wconf 86' lang='lat' dir='ltr'><strong>plures</strong></span> <span class='ocrx_word' id='word_1_509' title='bbox 1992 3520 2117 3561; x_wconf 85' lang='lat' dir='ltr'><strong>esse</strong></span> <span class='ocrx_word' id='word_1_510' title='bbox 2144 3515 2348 3575; x_wconf 82' lang='lat' dir='ltr'><strong>septem</strong></span> <span class='ocrx_word' id='word_1_511' title='bbox 2372 3506 2615 3565; x_wconf 64' lang='lat' dir='ltr'><strong>Maeonis</strong></span> <span class='ocrx_word' id='word_1_512' title='bbox 2643 3511 2901 3576; x_wconf 83' lang='lat' dir='ltr'><strong>decrevit,</strong></span> <span class='ocrx_word' id='word_1_513' title='bbox 2930 3513 3182 3583; x_wconf 81' lang='lat' dir='ltr'><strong>quamvis</strong></span> <span class='ocrx_word' id='word_1_514' title='bbox 3214 3513 3355 3568; x_wconf 77' lang='lat' dir='ltr'><strong>civi-</strong></span> 
     </span>
    </p>
   </div>
   <div class='ocr_carea' id='block_1_78' title="bbox 1784 3598 3354 3666">
    <p class='ocr_par' dir='ltr' id='par_1_78' title="bbox 1784 3598 3354 3666">
     <span class='ocr_line' id='line_1_78' title="bbox 1784 3598 3354 3666; baseline 0.004 -16"><span class='ocrx_word' id='word_1_515' title='bbox 1784 3603 1870 3651; x_wconf 88' lang='lat' dir='ltr'><strong>tas</strong></span> <span class='ocrx_word' id='word_1_516' title='bbox 1921 3613 2041 3666; x_wconf 84' lang='lat' dir='ltr'><strong>qu:e</strong></span> <span class='ocrx_word' id='word_1_517' title='bbox 2094 3598 2384 3654; x_wconf 88' lang='lat' dir='ltr'><strong>ecclesiam</strong></span> <span class='ocrx_word' id='word_1_518' title='bbox 2454 3598 2618 3654; x_wconf 84' lang='lat' dir='ltr'><strong>habet</strong></span> <span class='ocrx_word' id='word_1_519' title='bbox 2698 3601 3060 3657; x_wconf 79' lang='lat' dir='ltr'><strong>maximarum</strong></span> <span class='ocrx_word' id='word_1_520' title='bbox 3137 3602 3354 3658; x_wconf 84' lang='lat' dir='ltr'><strong>urbium</strong></span> 
     </span>
    </p>
   </div>
   <div class='ocr_carea' id='block_1_79' title="bbox 1783 3690 2207 3751">
    <p class='ocr_par' dir='ltr' id='par_1_79' title="bbox 1783 3690 2207 3751">
     <span class='ocr_line' id='line_1_79' title="bbox 1783 3690 2207 3751; baseline 0.002 -7"><span class='ocrx_word' id='word_1_521' title='bbox 1783 3690 1980 3744; x_wconf 66' lang='lat' dir='ltr'><strong>{cunila</strong></span> <span class='ocrx_word' id='word_1_522' title='bbox 2022 3690 2207 3751; x_wconf 79' lang='lat' dir='ltr'><strong>fuerit.</strong></span> 
     </span>
    </p>
   </div>
   <div class='ocr_carea' id='block_1_80' title="bbox 1855 3781 3355 3859">
    <p class='ocr_par' dir='ltr' id='par_1_80' title="bbox 1855 3781 3355 3859">
     <span class='ocr_line' id='line_1_80' title="bbox 1855 3781 3355 3859; baseline 0.008 -25"><span class='ocrx_word' id='word_1_523' title='bbox 1855 3781 2041 3857; x_wconf 84' lang='lat' dir='ltr'><strong>Canon</strong></span> <span class='ocrx_word' id='word_1_524' title='bbox 2064 3792 2247 3837; x_wconf 82' lang='lat' dir='ltr'><strong>autem</strong></span> <span class='ocrx_word' id='word_1_525' title='bbox 2283 3782 2353 3839; x_wconf 78' lang='lat' dir='ltr'><strong>t6</strong></span> <span class='ocrx_word' id='word_1_526' title='bbox 2402 3800 2524 3850; x_wconf 82' lang='lat' dir='ltr'><strong>syn.</strong></span> <span class='ocrx_word' id='word_1_527' title='bbox 2585 3801 2661 3852; x_wconf 72' lang='lat' dir='ltr'><strong>Vl,</strong></span> <span class='ocrx_word' id='word_1_528' title='bbox 2700 3801 2967 3842; x_wconf 89' lang='lat' dir='ltr'><strong>canonem</strong></span> <span class='ocrx_word' id='word_1_529' title='bbox 3030 3799 3355 3859; x_wconf 65' lang='lat' dir='ltr'><strong>praesentem</strong></span> 
     </span>
    </p>
   </div>
   <div class='ocr_carea' id='block_1_81' title="bbox 1782 3873 3351 3944">
    <p class='ocr_par' dir='ltr' id='par_1_81' title="bbox 1782 3873 3351 3944">
     <span class='ocr_line' id='line_1_81' title="bbox 1782 3873 3351 3944; baseline 0.006 -18"><span class='ocrx_word' id='word_1_530' title='bbox 1782 3873 2086 3941; x_wconf 85' lang='lat' dir='ltr'><strong>corrigens,</strong></span> <span class='ocrx_word' id='word_1_531' title='bbox 2123 3883 2335 3944; x_wconf 76' lang='lat' dir='ltr'><strong>etqure</strong></span> <span class='ocrx_word' id='word_1_532' title='bbox 2369 3875 2423 3929; x_wconf 93' lang='lat' dir='ltr'><strong>in</strong></span> <span class='ocrx_word' id='word_1_533' title='bbox 2465 3875 2602 3930; x_wconf 87' lang='lat' dir='ltr'><strong>libro</strong></span> <span class='ocrx_word' id='word_1_534' title='bbox 2632 3876 2863 3939; x_wconf 79' lang='lat' dir='ltr'><strong>Aetuum</strong></span> <span class='ocrx_word' id='word_1_535' title='bbox 2895 3878 3040 3933; x_wconf 89' lang='lat' dir='ltr'><strong>dicta</strong></span> <span class='ocrx_word' id='word_1_536' title='bbox 3101 3890 3231 3936; x_wconf 85' lang='lat' dir='ltr'><strong>sunt</strong></span> <span class='ocrx_word' id='word_1_537' title='bbox 3262 3881 3351 3935; x_wconf 83' lang='lat' dir='ltr'><strong>in—</strong></span> 
     </span>
    </p>
   </div>
   <div class='ocr_carea' id='block_1_82' title="bbox 1783 3964 3356 4038">
    <p class='ocr_par' dir='ltr' id='par_1_82' title="bbox 1783 3964 3356 4038">
     <span class='ocr_line' id='line_1_82' title="bbox 1783 3964 3356 4038; baseline 0.006 -21"><span class='ocrx_word' id='word_1_538' title='bbox 1783 3970 2106 4034; x_wconf 88' lang='lat' dir='ltr'><strong>terpretans,</strong></span> <span class='ocrx_word' id='word_1_539' title='bbox 2130 3974 2184 4019; x_wconf 90' lang='lat' dir='ltr'><strong>et</strong></span> <span class='ocrx_word' id='word_1_540' title='bbox 2219 3964 2697 4036; x_wconf 82' lang='lat' dir='ltr'><strong>Cbrysostotnnm,</strong></span> <span class='ocrx_word' id='word_1_541' title='bbox 2735 3970 2829 4038; x_wconf 88' lang='lat' dir='ltr'><strong>qui</strong></span> <span class='ocrx_word' id='word_1_542' title='bbox 2888 3969 3183 4025; x_wconf 76' lang='lat' dir='ltr'><strong>verborum</strong></span> <span class='ocrx_word' id='word_1_543' title='bbox 3223 3987 3356 4027; x_wconf 86' lang='lat' dir='ltr'><strong>sen-</strong></span> 
     </span>
    </p>
   </div>
   <div class='ocr_carea' id='block_1_83' title="bbox 1784 4054 3359 4125">
    <p class='ocr_par' dir='ltr' id='par_1_83' title="bbox 1784 4054 3359 4125">
     <span class='ocr_line' id='line_1_83' title="bbox 1784 4054 3359 4125; baseline 0.004 -14"><span class='ocrx_word' id='word_1_544' title='bbox 1784 4069 1904 4111; x_wconf 86' lang='lat' dir='ltr'><strong>sum</strong></span> <span class='ocrx_word' id='word_1_545' title='bbox 1939 4054 2287 4111; x_wconf 82' lang='lat' dir='ltr'><strong>exactissime</strong></span> <span class='ocrx_word' id='word_1_546' title='bbox 2312 4056 2567 4125; x_wconf 75' lang='lat' dir='ltr'><strong>explicat,</strong></span> <span class='ocrx_word' id='word_1_547' title='bbox 2598 4058 2897 4125; x_wconf 86' lang='lat' dir='ltr'><strong>adducens,</strong></span> <span class='ocrx_word' id='word_1_548' title='bbox 2961 4062 3202 4115; x_wconf 87' lang='lat' dir='ltr'><strong>ostendit</strong></span> <span class='ocrx_word' id='word_1_549' title='bbox 3265 4077 3359 4117; x_wconf 85' lang='lat' dir='ltr'><strong>sa-</strong></span> 
     </span>
    </p>
   </div>
   <div class='ocr_carea' id='block_1_84' title="bbox 1782 4146 3353 4225">
    <p class='ocr_par' dir='ltr' id='par_1_84' title="bbox 1782 4146 3353 4225">
     <span class='ocr_line' id='line_1_84' title="bbox 1782 4146 3353 4225; baseline 0.003 -22"><span class='ocrx_word' id='word_1_550' title='bbox 1782 4162 1932 4203; x_wconf 88' lang='lat' dir='ltr'><strong>cram</strong></span> <span class='ocrx_word' id='word_1_551' title='bbox 1965 4146 2301 4225; x_wconf 86' lang='lat' dir='ltr'><strong>Scripturam</strong></span> <span class='ocrx_word' id='word_1_552' title='bbox 2331 4148 2443 4204; x_wconf 90' lang='lat' dir='ltr'><strong>illic</strong></span> <span class='ocrx_word' id='word_1_553' title='bbox 2469 4150 2732 4205; x_wconf 86' lang='lat' dir='ltr'><strong>diaconos</strong></span> <span class='ocrx_word' id='word_1_554' title='bbox 2762 4150 2946 4206; x_wconf 80' lang='lat' dir='ltr'><strong>dicere</strong></span> <span class='ocrx_word' id='word_1_555' title='bbox 2997 4166 3227 4207; x_wconf 88' lang='lat' dir='ltr'><strong>noneos</strong></span> <span class='ocrx_word' id='word_1_556' title='bbox 3259 4152 3353 4222; x_wconf 89' lang='lat' dir='ltr'><strong>qui</strong></span> 
     </span>
    </p>
   </div>
   <div class='ocr_carea' id='block_1_85' title="bbox 1781 4240 3354 4313">
    <p class='ocr_par' dir='ltr' id='par_1_85' title="bbox 1781 4240 3354 4313">
     <span class='ocr_line' id='line_1_85' title="bbox 1781 4240 3354 4313; baseline 0.004 -18"><span class='ocrx_word' id='word_1_557' title='bbox 1781 4240 1981 4295; x_wconf 85' lang='lat' dir='ltr'><strong>divinis</strong></span> <span class='ocrx_word' id='word_1_558' title='bbox 2011 4241 2288 4310; x_wconf 84' lang='lat' dir='ltr'><strong>mysteriis</strong></span> <span class='ocrx_word' id='word_1_559' title='bbox 2344 4241 2661 4296; x_wconf 89' lang='lat' dir='ltr'><strong>ministrant</strong></span> <span class='ocrx_word' id='word_1_560' title='bbox 2693 4241 2960 4313; x_wconf 88' lang='lat' dir='ltr'><strong>(nondum</strong></span> <span class='ocrx_word' id='word_1_561' title='bbox 3018 4246 3165 4300; x_wconf 91' lang='lat' dir='ltr'><strong>enim</strong></span> <span class='ocrx_word' id='word_1_562' title='bbox 3197 4257 3354 4301; x_wconf 88' lang='lat' dir='ltr'><strong>erant</strong></span> 
     </span>
    </p>
   </div>
   <div class='ocr_carea' id='block_1_86' title="bbox 1782 4331 3355 4404">
    <p class='ocr_par' dir='ltr' id='par_1_86' title="bbox 1782 4331 3355 4404">
     <span class='ocr_line' id='line_1_86' title="bbox 1782 4331 3355 4404; baseline 0 -17"><span class='ocrx_word' id='word_1_563' title='bbox 1782 4332 2049 4402; x_wconf 84' lang='lat' dir='ltr'><strong>episcopi,</strong></span> <span class='ocrx_word' id='word_1_564' title='bbox 2081 4332 2163 4387; x_wconf 83' lang='lat' dir='ltr'><strong>vel</strong></span> <span class='ocrx_word' id='word_1_565' title='bbox 2192 4331 2522 4401; x_wconf 87' lang='lat' dir='ltr'><strong>presbyteri,</strong></span> <span class='ocrx_word' id='word_1_566' title='bbox 2554 4334 2638 4387; x_wconf 80' lang='lat' dir='ltr'><strong>vel</strong></span> <span class='ocrx_word' id='word_1_567' title='bbox 2670 4333 2911 4396; x_wconf 86' lang='lat' dir='ltr'><strong>diaconi,</strong></span> <span class='ocrx_word' id='word_1_568' title='bbox 2948 4335 3040 4388; x_wconf 90' lang='lat' dir='ltr'><strong>sed</strong></span> <span class='ocrx_word' id='word_1_569' title='bbox 3072 4334 3175 4390; x_wconf 91' lang='lat' dir='ltr'><strong>soli</strong></span> <span class='ocrx_word' id='word_1_570' title='bbox 3216 4351 3355 4404; x_wconf 82' lang='lat' dir='ltr'><strong>apo-</strong></span> 
     </span>
    </p>
   </div>
   <div class='ocr_carea' id='block_1_87' title="bbox 1785 4423 3352 4496">
    <p class='ocr_par' dir='ltr' id='par_1_87' title="bbox 1785 4423 3352 4496">
     <span class='ocr_line' id='line_1_87' title="bbox 1785 4423 3352 4496; baseline 0.001 -17"><span class='ocrx_word' id='word_1_571' title='bbox 1785 4423 1964 4496; x_wconf 91' lang='lat' dir='ltr'><strong>stoli),</strong></span> <span class='ocrx_word' id='word_1_572' title='bbox 1999 4439 2184 4479; x_wconf 77' lang='lat' dir='ltr'><strong>verum</strong></span> <span class='ocrx_word' id='word_1_573' title='bbox 2212 4437 2308 4478; x_wconf 91' lang='lat' dir='ltr'><strong>eos</strong></span> <span class='ocrx_word' id='word_1_574' title='bbox 2336 4425 2428 4492; x_wconf 88' lang='lat' dir='ltr'><strong>qui</strong></span> <span class='ocrx_word' id='word_1_575' title='bbox 2459 4424 2781 4479; x_wconf 85' lang='lat' dir='ltr'><strong>hominibus</strong></span> <span class='ocrx_word' id='word_1_576' title='bbox 2812 4425 3196 4495; x_wconf 72' lang='lat' dir='ltr'><strong>amplectenda:</strong></span> <span class='ocrx_word' id='word_1_577' title='bbox 3230 4426 3352 4480; x_wconf 84' lang='lat' dir='ltr'><strong>ﬁdei</strong></span> 
     </span>
    </p>
   </div>
   <div class='ocr_carea' id='block_1_88' title="bbox 1786 4514 3352 4585">
    <p class='ocr_par' dir='ltr' id='par_1_88' title="bbox 1786 4514 3352 4585">
     <span class='ocr_line' id='line_1_88' title="bbox 1786 4514 3352 4585; baseline -0.001 -14"><span class='ocrx_word' id='word_1_578' title='bbox 1786 4515 1966 4572; x_wconf 89' lang='lat' dir='ltr'><strong>studio</strong></span> <span class='ocrx_word' id='word_1_579' title='bbox 2001 4514 2066 4569; x_wconf 88' lang='lat' dir='ltr'><strong>ad</strong></span> <span class='ocrx_word' id='word_1_580' title='bbox 2103 4516 2382 4585; x_wconf 87' lang='lat' dir='ltr'><strong>apostolos</strong></span> <span class='ocrx_word' id='word_1_581' title='bbox 2401 4515 2619 4570; x_wconf 86' lang='lat' dir='ltr'><strong>assidue</strong></span> <span class='ocrx_word' id='word_1_582' title='bbox 2640 4517 3074 4572; x_wconf 83' lang='lat' dir='ltr'><strong>commeantibus</strong></span> <span class='ocrx_word' id='word_1_583' title='bbox 3095 4518 3352 4571; x_wconf 87' lang='lat' dir='ltr'><strong>alimenta</strong></span> 
     </span>
    </p>
   </div>
   <div class='ocr_carea' id='block_1_89' title="bbox 123 4596 1684 4702">
    <p class='ocr_par' dir='ltr' id='par_1_89' title="bbox 123 4596 1677 4702">
     <span class='ocr_line' id='line_1_89' title="bbox 123 4596 1677 4702; baseline 0.011 -34"><span class='ocrx_word' id='word_1_584' title='bbox 123 4612 251 4681; x_wconf 76' lang='grc' dir='ltr'>ὅπως</span> <span class='ocrx_word' id='word_1_585' title='bbox 300 4622 586 4692; x_wconf 70' lang='grc' dir='ltr'>τρέφοιντο</span> <span class='ocrx_word' id='word_1_586' title='bbox 637 4625 686 4677; x_wconf 81' lang='grc' dir='ltr'>οἱ</span> <span class='ocrx_word' id='word_1_587' title='bbox 744 4626 872 4695; x_wconf 78' lang='grc' dir='ltr'>περὶ</span> <span class='ocrx_word' id='word_1_588' title='bbox 927 4596 1060 4691; x_wconf 75' lang='grc' dir='ltr'>τοὺς</span> <span class='ocrx_word' id='word_1_589' title='bbox 1113 4596 1449 4693; x_wconf 69' lang='grc' dir='ltr'>ἀποστόλους</span> <span class='ocrx_word' id='word_1_590' title='bbox 1491 4596 1677 4702; x_wconf 51' lang='grc' dir='ltr'><strong>διθροιᾇ</strong></span> 
     </span>
    </p>
   </div>
   <div class='ocr_carea' id='block_1_90' title="bbox 1799 4596 3352 4702">
    <p class='ocr_par' dir='ltr' id='par_1_90' title="bbox 1799 4596 3352 4679">
     <span class='ocr_line' id='line_1_90' title="bbox 1799 4596 3352 4679; baseline 0.003 -20"><span class='ocrx_word' id='word_1_591' title='bbox 1799 4608 2176 4677; x_wconf 70' lang='grc' dir='ltr'>ποερὶεενρηῐ,</span> <span class='ocrx_word' id='word_1_592' title='bbox 2206 4622 2237 4661; x_wconf 87' lang='lat' dir='ltr'><strong>a</strong></span> <span class='ocrx_word' id='word_1_593' title='bbox 2259 4596 2458 4678; x_wconf 84' lang='lat' dir='ltr'><strong>quibus</strong></span> <span class='ocrx_word' id='word_1_594' title='bbox 2486 4609 2792 4677; x_wconf 75' lang='lat' dir='ltr'><strong>exemplum</strong></span> <span class='ocrx_word' id='word_1_595' title='bbox 2824 4624 3045 4679; x_wconf 84' lang='lat' dir='ltr'><strong>quoque</strong></span> <span class='ocrx_word' id='word_1_596' title='bbox 3071 4611 3122 4663; x_wconf 92' lang='lat' dir='ltr'><strong>in</strong></span> <span class='ocrx_word' id='word_1_597' title='bbox 3149 4625 3352 4677; x_wconf 79' lang='lat' dir='ltr'><strong>egenos</strong></span> 
     </span>
    </p>
   </div>
   <div class='ocr_carea' id='block_1_91' title="bbox 123 4703 1677 4793">
    <p class='ocr_par' dir='ltr' id='par_1_91' title="bbox 123 4703 1677 4793">
     <span class='ocr_line' id='line_1_91' title="bbox 123 4703 1677 4793; baseline 0.013 -34"><span class='ocrx_word' id='word_1_598' title='bbox 123 4703 319 4776; x_wconf 82' lang='grc' dir='ltr'>ζόμενοι</span> <span class='ocrx_word' id='word_1_599' title='bbox 372 4713 468 4767; x_wconf 80' lang='grc' dir='ltr'>καὶ</span> <span class='ocrx_word' id='word_1_600' title='bbox 521 4714 894 4781; x_wconf 79' lang='grc' dir='ltr'>πιστεύοντες,</span> <span class='ocrx_word' id='word_1_601' title='bbox 940 4716 1036 4782; x_wconf 74' lang='grc' dir='ltr'><strong>οὓς</strong></span> <span class='ocrx_word' id='word_1_602' title='bbox 1078 4720 1174 4774; x_wconf 79' lang='grc' dir='ltr'><strong>καὶ</strong></span> <span class='ocrx_word' id='word_1_603' title='bbox 1208 4723 1290 4785; x_wconf 75' lang='grc' dir='ltr'><strong>τίς</strong></span> <span class='ocrx_word' id='word_1_604' title='bbox 1331 4722 1501 4776; x_wconf 87' lang='grc' dir='ltr'>τύπον</span> <span class='ocrx_word' id='word_1_605' title='bbox 1543 4725 1677 4793; x_wconf 74' lang='grc' dir='ltr'>ἡμῖν</span> 
     </span>
    </p>
   </div>
   <div class='ocr_carea' id='block_1_92' title="bbox 121 4802 1679 4885">
    <p class='ocr_par' dir='ltr' id='par_1_92' title="bbox 121 4802 1679 4885">
     <span class='ocr_line' id='line_1_92' title="bbox 121 4802 1679 4885; baseline 0.012 -34"><span class='ocrx_word' id='word_1_606' title='bbox 121 4802 379 4867; x_wconf 83' lang='grc' dir='ltr'>γεγονέναι</span> <span class='ocrx_word' id='word_1_607' title='bbox 419 4805 523 4875; x_wconf 75' lang='grc' dir='ltr'><strong>τῆς</strong></span> <span class='ocrx_word' id='word_1_608' title='bbox 567 4809 695 4877; x_wconf 76' lang='grc' dir='ltr'>περὶ</span> <span class='ocrx_word' id='word_1_609' title='bbox 722 4809 848 4872; x_wconf 76' lang='grc' dir='ltr'>τοὺς</span> <span class='ocrx_word' id='word_1_610' title='bbox 875 4808 1166 4880; x_wconf 81' lang='grc' dir='ltr'>δεομένους</span> <span class='ocrx_word' id='word_1_611' title='bbox 1209 4813 1443 4885; x_wconf 83' lang='grc' dir='ltr'>σπουδῆς</span> <span class='ocrx_word' id='word_1_612' title='bbox 1481 4831 1540 4867; x_wconf 86' lang='grc' dir='ltr'><strong>τε</strong></span> <span class='ocrx_word' id='word_1_613' title='bbox 1581 4817 1679 4870; x_wconf 82' lang='grc' dir='ltr'>καὶ</span> 
     </span>
    </p>
   </div>
   <div class='ocr_carea' id='block_1_93' title="bbox 123 4893 472 4961">
    <p class='ocr_par' dir='ltr' id='par_1_93' title="bbox 123 4893 472 4961">
     <span class='ocr_line' id='line_1_93' title="bbox 123 4893 472 4961; baseline 0.026 -18"><span class='ocrx_word' id='word_1_614' title='bbox 123 4893 472 4961; x_wconf 78' lang='grc' dir='ltr'>μεταδόσεως.</span> 
     </span>
    </p>
   </div>
   <div class='ocr_carea' id='block_1_94' title="bbox 191 4985 1676 5069">
    <p class='ocr_par' dir='ltr' id='par_1_94' title="bbox 191 4985 1676 5069">
     <span class='ocr_line' id='line_1_94' title="bbox 191 4985 1676 5069; baseline 0.009 -29"><span class='ocrx_word' id='word_1_615' title='bbox 191 4985 245 5040; x_wconf 85' lang='lat'><strong>&#39;0</strong></span> <span class='ocrx_word' id='word_1_616' title='bbox 268 4990 453 5045; x_wconf 82' lang='grc' dir='ltr'>τοίνυν</span> <span class='ocrx_word' id='word_1_617' title='bbox 484 4992 582 5061; x_wconf 86' lang='grc' dir='ltr'>τῆς</span> <span class='ocrx_word' id='word_1_618' title='bbox 614 4993 672 5046; x_wconf 77' lang='grc' dir='ltr'>ὲν</span> <span class='ocrx_word' id='word_1_619' title='bbox 708 4993 1115 5068; x_wconf 83' lang='grc' dir='ltr'>Νεοκαισαρείᾳ</span> <span class='ocrx_word' id='word_1_620' title='bbox 1151 4997 1333 5051; x_wconf 85' lang='grc' dir='ltr'>κανὼν</span> <span class='ocrx_word' id='word_1_621' title='bbox 1378 4999 1453 5069; x_wconf 86' lang='grc' dir='ltr'><strong>μὴ</strong></span> <span class='ocrx_word' id='word_1_622' title='bbox 1485 4985 1676 5054; x_wconf 84' lang='grc' dir='ltr'>εὐστό-</span> 
     </span>
    </p>
   </div>
   <div class='ocr_carea' id='block_1_95' title="bbox 118 5082 1680 5162">
    <p class='ocr_par' dir='ltr' id='par_1_95' title="bbox 118 5082 1680 5162">
     <span class='ocr_line' id='line_1_95' title="bbox 118 5082 1680 5162; baseline 0.003 -21"><span class='ocrx_word' id='word_1_623' title='bbox 118 5094 216 5142; x_wconf 79' lang='grc' dir='ltr'>κως</span> <span class='ocrx_word' id='word_1_624' title='bbox 240 5082 446 5149; x_wconf 73' lang='grc' dir='ltr'>ῥηθεὶς,</span> <span class='ocrx_word' id='word_1_625' title='bbox 473 5084 595 5137; x_wconf 76' lang='grc' dir='ltr'>οὐδὲ</span> <span class='ocrx_word' id='word_1_626' title='bbox 626 5085 735 5154; x_wconf 79' lang='grc' dir='ltr'><strong>πρὸ</strong></span> <span class='ocrx_word' id='word_1_627' title='bbox 756 5087 854 5156; x_wconf 79' lang='grc' dir='ltr'>τῆς</span> <span class='ocrx_word' id='word_1_628' title='bbox 876 5093 930 5152; x_wconf 80' lang='grc' dir='ltr'>ς’</span> <span class='ocrx_word' id='word_1_629' title='bbox 957 5089 1208 5158; x_wconf 79' lang='grc' dir='ltr'>ἐτηρεῖτο</span> <span class='ocrx_word' id='word_1_630' title='bbox 1233 5090 1471 5144; x_wconf 84' lang='grc' dir='ltr'>συνόδου.</span> <span class='ocrx_word' id='word_1_631' title='bbox 1493 5090 1555 5147; x_wconf 86' lang='grc'><strong>’0</strong></span> <span class='ocrx_word' id='word_1_632' title='bbox 1579 5093 1680 5162; x_wconf 79' lang='grc' dir='ltr'><strong>μὲν</strong></span> 
     </span>
    </p>
   </div>
   <div class='ocr_carea' id='block_1_96' title="bbox 119 5173 1678 5253">
    <p class='ocr_par' dir='ltr' id='par_1_96' title="bbox 119 5173 1678 5253">
     <span class='ocr_line' id='line_1_96' title="bbox 119 5173 1678 5253; baseline 0.01 -32"><span class='ocrx_word' id='word_1_633' title='bbox 119 5173 216 5240; x_wconf 71' lang='grc' dir='ltr'><strong>γὰρ</strong></span> <span class='ocrx_word' id='word_1_634' title='bbox 265 5174 642 5240; x_wconf 88' lang='grc' dir='ltr'>Ἰουστινιανὸς</span> <span class='ocrx_word' id='word_1_635' title='bbox 690 5177 799 5246; x_wconf 85' lang='grc' dir='ltr'><strong>πρὸ</strong></span> <span class='ocrx_word' id='word_1_636' title='bbox 858 5178 1066 5249; x_wconf 85' lang='grc' dir='ltr'>ταύτης</span> <span class='ocrx_word' id='word_1_637' title='bbox 1112 5180 1374 5250; x_wconf 85' lang='grc' dir='ltr'>γεγονὼς,</span> <span class='ocrx_word' id='word_1_638' title='bbox 1410 5182 1678 5253; x_wconf 79' lang='grc' dir='ltr'>ἑξήκοντα</span> 
     </span>
    </p>
   </div>
   <div class='ocr_carea' id='block_1_97' title="bbox 119 5264 1680 5344">
    <p class='ocr_par' dir='ltr' id='par_1_97' title="bbox 119 5264 1680 5344">
     <span class='ocr_line' id='line_1_97' title="bbox 119 5264 1680 5344; baseline 0.011 -34"><span class='ocrx_word' id='word_1_639' title='bbox 119 5264 530 5338; x_wconf 76' lang='grc' dir='ltr'>πρεσϐυτέρους,</span> <span class='ocrx_word' id='word_1_640' title='bbox 583 5267 682 5320; x_wconf 71' lang='grc' dir='ltr'>καὶ</span> <span class='ocrx_word' id='word_1_641' title='bbox 732 5268 1019 5333; x_wconf 86' lang='grc' dir='ltr'>διακόνους</span> <span class='ocrx_word' id='word_1_642' title='bbox 1065 5270 1259 5324; x_wconf 76' lang='grc' dir='ltr'>ἑκατὸν</span> <span class='ocrx_word' id='word_1_643' title='bbox 1301 5273 1680 5344; x_wconf 75' lang='grc' dir='ltr'>ἄρῤενας,καὶ</span> 
     </span>
    </p>
   </div>
   <div class='ocr_carea' id='block_1_98' title="bbox 119 5350 1673 5438">
    <p class='ocr_par' dir='ltr' id='par_1_98' title="bbox 119 5350 1673 5438">
     <span class='ocr_line' id='line_1_98' title="bbox 119 5350 1673 5438; baseline 0.01 -33"><span class='ocrx_word' id='word_1_644' title='bbox 119 5350 321 5422; x_wconf 78' lang='grc' dir='ltr'>θηλείας</span> <span class='ocrx_word' id='word_1_645' title='bbox 372 5355 428 5427; x_wconf 82' lang='grc' dir='ltr'><strong>μ’</strong></span> <span class='ocrx_word' id='word_1_646' title='bbox 464 5360 526 5411; x_wconf 71' lang='grc' dir='ltr'>ἐν</span> <span class='ocrx_word' id='word_1_647' title='bbox 570 5361 637 5431; x_wconf 82' lang='grc' dir='ltr'>τῇ</span> <span class='ocrx_word' id='word_1_648' title='bbox 698 5361 911 5433; x_wconf 79' lang='grc' dir='ltr'>μεγάλῃ</span> <span class='ocrx_word' id='word_1_649' title='bbox 963 5362 1302 5434; x_wconf 79' lang='grc' dir='ltr'>κατέστησεν</span> <span class='ocrx_word' id='word_1_650' title='bbox 1350 5365 1673 5438; x_wconf 68' lang='grc' dir='ltr'>Ἐκκλησία·</span> 
     </span>
    </p>
   </div>
   <div class='ocr_carea' id='block_1_99' title="bbox 126 5442 1672 5522">
    <p class='ocr_par' dir='ltr' id='par_1_99' title="bbox 126 5442 1672 5522">
     <span class='ocr_line' id='line_1_99' title="bbox 126 5442 1672 5522; baseline 0.007 -24"><span class='ocrx_word' id='word_1_651' title='bbox 126 5442 430 5516; x_wconf 78' lang='grc' dir='ltr'>Ἡράκλειος</span> <span class='ocrx_word' id='word_1_652' title='bbox 483 5450 564 5514; x_wconf 74' lang='grc' dir='ltr'>δὲ,</span> <span class='ocrx_word' id='word_1_653' title='bbox 599 5452 706 5521; x_wconf 82' lang='grc' dir='ltr'><strong>πρὸ</strong></span> <span class='ocrx_word' id='word_1_654' title='bbox 739 5453 837 5522; x_wconf 80' lang='grc' dir='ltr'>τῆς</span> <span class='ocrx_word' id='word_1_655' title='bbox 888 5458 943 5517; x_wconf 79' lang='grc' dir='ltr'>ς’</span> <span class='ocrx_word' id='word_1_656' title='bbox 982 5452 1058 5507; x_wconf 82' lang='grc' dir='ltr'><strong>ὢν</strong></span> <span class='ocrx_word' id='word_1_657' title='bbox 1099 5456 1195 5508; x_wconf 79' lang='grc' dir='ltr'><strong>καὶ</strong></span> <span class='ocrx_word' id='word_1_658' title='bbox 1237 5454 1399 5517; x_wconf 73' lang='grc' dir='ltr'>αὐτὸς</span> <span class='ocrx_word' id='word_1_659' title='bbox 1428 5458 1672 5522; x_wconf 86' lang='grc' dir='ltr'>συνόδου,</span> 
     </span>
    </p>
   </div>
   <div class='ocr_carea' id='block_1_100' title="bbox 117 5542 1674 5620">
    <p class='ocr_par' dir='ltr' id='par_1_100' title="bbox 117 5542 1674 5620">
     <span class='ocr_line' id='line_1_100' title="bbox 117 5542 1674 5620; baseline 0.01 -32"><span class='ocrx_word' id='word_1_660' title='bbox 117 5542 202 5592; x_wconf 73' lang='grc' dir='ltr'>καὶ</span> <span class='ocrx_word' id='word_1_661' title='bbox 232 5542 511 5617; x_wconf 70' lang='grc' dir='ltr'>ῐπηύξησε</span> <span class='ocrx_word' id='word_1_662' title='bbox 545 5544 754 5599; x_wconf 83' lang='grc' dir='ltr'>τούτων</span> <span class='ocrx_word' id='word_1_663' title='bbox 781 5544 876 5598; x_wconf 80' lang='grc' dir='ltr'>τὸν</span> <span class='ocrx_word' id='word_1_664' title='bbox 916 5545 1176 5615; x_wconf 78' lang='grc' dir='ltr'>ἀριθμόν.</span> <span class='ocrx_word' id='word_1_665' title='bbox 1217 5545 1388 5600; x_wconf 82' lang='grc' dir='ltr'>Τοῦτο</span> <span class='ocrx_word' id='word_1_666' title='bbox 1414 5549 1511 5602; x_wconf 71' lang='grc' dir='ltr'><strong>καὶ</strong></span> <span class='ocrx_word' id='word_1_667' title='bbox 1541 5551 1674 5620; x_wconf 75' lang='grc' dir='ltr'>περὶ</span> 
     </span>
    </p>
   </div>
   <div class='ocr_carea' id='block_1_101' title="bbox 117 5636 1678 5708">
    <p class='ocr_par' dir='ltr' id='par_1_101' title="bbox 117 5636 1678 5708">
     <span class='ocr_line' id='line_1_101' title="bbox 117 5636 1678 5708; baseline 0.001 -15"><span class='ocrx_word' id='word_1_668' title='bbox 117 5636 203 5693; x_wconf 57' lang='grc' dir='ltr'><strong>τὶς</strong></span> <span class='ocrx_word' id='word_1_669' title='bbox 253 5637 414 5702; x_wconf 75' lang='grc' dir='ltr'>ἄλλας</span> <span class='ocrx_word' id='word_1_670' title='bbox 466 5639 575 5693; x_wconf 84' lang='grc' dir='ltr'><strong>τῶν</strong></span> <span class='ocrx_word' id='word_1_671' title='bbox 619 5637 928 5708; x_wconf 78' lang='grc' dir='ltr'>ἐκκλησιῶν</span> <span class='ocrx_word' id='word_1_672' title='bbox 983 5638 1224 5706; x_wconf 81' lang='grc' dir='ltr'>ἐγένετο,</span> <span class='ocrx_word' id='word_1_673' title='bbox 1268 5640 1366 5693; x_wconf 81' lang='grc' dir='ltr'>τοῦ</span> <span class='ocrx_word' id='word_1_674' title='bbox 1411 5642 1471 5693; x_wconf 71' lang='grc' dir='ltr'>ἐν</span> <span class='ocrx_word' id='word_1_675' title='bbox 1544 5642 1678 5696; x_wconf 78' lang='lat' dir='ltr'><strong>Neo-</strong></span> 
     </span>
    </p>
   </div>
   <div class='ocr_carea' id='block_1_102' title="bbox 119 5729 1675 5805">
    <p class='ocr_par' dir='ltr' id='par_1_102' title="bbox 119 5729 1675 5805">
     <span class='ocr_line' id='line_1_102' title="bbox 119 5729 1675 5805; baseline 0.01 -33"><span class='ocrx_word' id='word_1_676' title='bbox 119 5730 391 5803; x_wconf 73' lang='grc' dir='ltr'>καισαρείᾳ</span> <span class='ocrx_word' id='word_1_677' title='bbox 428 5731 656 5794; x_wconf 85' lang='grc' dir='ltr'>κανόνος</span> <span class='ocrx_word' id='word_1_678' title='bbox 696 5731 861 5802; x_wconf 80' lang='grc' dir='ltr'>μέχρι</span> <span class='ocrx_word' id='word_1_679' title='bbox 894 5729 991 5785; x_wconf 85' lang='grc' dir='ltr'>τοῦ</span> <span class='ocrx_word' id='word_1_680' title='bbox 1018 5731 1297 5801; x_wconf 78' lang='grc' dir='ltr'>γραφῆναι</span> <span class='ocrx_word' id='word_1_681' title='bbox 1335 5733 1499 5803; x_wconf 83' lang='grc' dir='ltr'>μόνον</span> <span class='ocrx_word' id='word_1_682' title='bbox 1541 5751 1675 5805; x_wconf 79' lang='grc' dir='ltr'>προ-</span> 
     </span>
    </p>
   </div>
   <div class='ocr_carea' id='block_1_103' title="bbox 117 5812 385 5884">
    <p class='ocr_par' dir='ltr' id='par_1_103' title="bbox 117 5812 385 5884">
     <span class='ocr_line' id='line_1_103' title="bbox 117 5812 385 5884; baseline 0.03 -22"><span class='ocrx_word' id='word_1_683' title='bbox 117 5812 385 5884; x_wconf 66' lang='grc' dir='ltr'>κόψαντας,</span> 
     </span>
    </p>
   </div>
   <div class='ocr_carea' id='block_1_104' title="bbox 191 5904 1729 5999">
    <p class='ocr_par' dir='ltr' id='par_1_104' title="bbox 191 5904 1729 5999">
     <span class='ocr_line' id='line_1_104' title="bbox 191 5904 1729 5999; baseline 0.007 -40"><span class='ocrx_word' id='word_1_684' title='bbox 191 5904 247 5959; x_wconf 81' lang='lat'><strong>&#39;0</strong></span> <span class='ocrx_word' id='word_1_685' title='bbox 275 5908 326 5962; x_wconf 79' lang='grc' dir='ltr'>δὲ</span> <span class='ocrx_word' id='word_1_686' title='bbox 355 5912 452 5978; x_wconf 74' lang='grc' dir='ltr'>τῆς</span> <span class='ocrx_word' id='word_1_687' title='bbox 485 5910 709 5984; x_wconf 69' lang='grc' dir='ltr'>πρώτης</span> <span class='ocrx_word' id='word_1_688' title='bbox 733 5911 955 5966; x_wconf 83' lang='grc' dir='ltr'>συνόδου</span> <span class='ocrx_word' id='word_1_689' title='bbox 1026 5909 1098 5982; x_wconf 84' lang='grc' dir='ltr'>ιη’</span> <span class='ocrx_word' id='word_1_690' title='bbox 1132 5909 1314 5965; x_wconf 82' lang='grc' dir='ltr'>κανὼν</span> <span class='ocrx_word' id='word_1_691' title='bbox 1338 5911 1461 5988; x_wconf 58' lang='grc' dir='ltr'>τους</span> <span class='ocrx_word' id='word_1_692' title='bbox 1493 5911 1671 5968; x_wconf 81' lang='grc' dir='ltr'>διακὸ-</span> <span class='ocrx_word' id='word_1_693' title='bbox 1716 5984 1729 5999; x_wconf 25' lang='grc' dir='ltr'><em>θ</em></span> 
     </span>
    </p>
   </div>
   <div class='ocr_carea' id='block_1_105' title="bbox 1728 4700 3354 4771">
    <p class='ocr_par' dir='ltr' id='par_1_105' title="bbox 1728 4700 3354 4771">
     <span class='ocr_line' id='line_1_105' title="bbox 1728 4700 3354 4771; baseline 0 -16"><span class='ocrx_word' id='word_1_694' title='bbox 1728 4709 1733 4713; x_wconf 87' lang='grc'><strong>·</strong></span> <span class='ocrx_word' id='word_1_695' title='bbox 1781 4700 2066 4756; x_wconf 80' lang='lat' dir='ltr'><strong>charitatis</strong></span> <span class='ocrx_word' id='word_1_696' title='bbox 2100 4701 2311 4771; x_wconf 66' lang='lat' dir='ltr'><strong>piaeque</strong></span> <span class='ocrx_word' id='word_1_697' title='bbox 2344 4701 2689 4758; x_wconf 76' lang='lat' dir='ltr'><strong>liberalitatis</strong></span> <span class='ocrx_word' id='word_1_698' title='bbox 2711 4700 2778 4757; x_wconf 89' lang='lat' dir='ltr'><strong>ad</strong></span> <span class='ocrx_word' id='word_1_699' title='bbox 2802 4713 2990 4757; x_wconf 87' lang='lat' dir='ltr'><strong>nostra</strong></span> <span class='ocrx_word' id='word_1_700' title='bbox 3019 4717 3191 4771; x_wconf 77' lang='lat' dir='ltr'><strong>usque</strong></span> <span class='ocrx_word' id='word_1_701' title='bbox 3213 4712 3354 4757; x_wconf 82' lang='lat' dir='ltr'><strong>tern-</strong></span> 
     </span>
    </p>
   </div>
   <div class='ocr_carea' id='block_1_106' title="bbox 1780 4790 2192 4862">
    <p class='ocr_par' dir='ltr' id='par_1_106' title="bbox 1780 4790 2192 4862">
     <span class='ocr_line' id='line_1_106' title="bbox 1780 4790 2192 4862; baseline -0.002 -15"><span class='ocrx_word' id='word_1_702' title='bbox 1780 4806 1913 4862; x_wconf 84' lang='lat' dir='ltr'><strong>pora</strong></span> <span class='ocrx_word' id='word_1_703' title='bbox 1943 4790 2192 4847; x_wconf 86' lang='lat' dir='ltr'><strong>ductum.</strong></span> 
     </span>
    </p>
   </div>
   <div class='ocr_carea' id='block_1_107' title="bbox 1850 4992 3351 5067">
    <p class='ocr_par' dir='ltr' id='par_1_107' title="bbox 1850 4992 3351 5067">
     <span class='ocr_line' id='line_1_107' title="bbox 1850 4992 3351 5067; baseline -0.001 -16"><span class='ocrx_word' id='word_1_704' title='bbox 1850 4996 2043 5051; x_wconf 78' lang='lat' dir='ltr'><strong>Ganon</strong></span> <span class='ocrx_word' id='word_1_705' title='bbox 2098 4995 2264 5067; x_wconf 88' lang='lat' dir='ltr'><strong>igitur</strong></span> <span class='ocrx_word' id='word_1_706' title='bbox 2314 4994 2510 5065; x_wconf 84' lang='lat' dir='ltr'><strong>synodi</strong></span> <span class='ocrx_word' id='word_1_707' title='bbox 2571 4992 3039 5049; x_wconf 70' lang='lat' dir='ltr'><strong>Neocatsariensis</strong></span> <span class='ocrx_word' id='word_1_708' title='bbox 3096 5008 3205 5048; x_wconf 83' lang='lat' dir='ltr'><strong>non</strong></span> <span class='ocrx_word' id='word_1_709' title='bbox 3229 5002 3351 5065; x_wconf 75' lang='lat' dir='ltr'><strong>apte</strong></span> 
     </span>
    </p>
   </div>
   <div class='ocr_carea' id='block_1_108' title="bbox 1778 5086 3387 5157">
    <p class='ocr_par' dir='ltr' id='par_1_108' title="bbox 1778 5086 3387 5157">
     <span class='ocr_line' id='line_1_108' title="bbox 1778 5086 3387 5157; baseline -0.001 -14"><span class='ocrx_word' id='word_1_710' title='bbox 1778 5088 1956 5143; x_wconf 84' lang='lat' dir='ltr'><strong>dictus</strong></span> <span class='ocrx_word' id='word_1_711' title='bbox 1994 5096 2121 5142; x_wconf 88' lang='lat' dir='ltr'><strong>ante</strong></span> <span class='ocrx_word' id='word_1_712' title='bbox 2167 5101 2432 5142; x_wconf 89' lang='lat' dir='ltr'><strong>canonem</strong></span> <span class='ocrx_word' id='word_1_713' title='bbox 2491 5101 2611 5157; x_wconf 88' lang='lat' dir='ltr'><strong>syn.</strong></span> <span class='ocrx_word' id='word_1_714' title='bbox 2670 5099 2726 5140; x_wconf 83' lang='lat' dir='ltr'><strong>vr</strong></span> <span class='ocrx_word' id='word_1_715' title='bbox 2776 5099 2885 5140; x_wconf 92' lang='lat' dir='ltr'><strong>non</strong></span> <span class='ocrx_word' id='word_1_716' title='bbox 2937 5086 3387 5143; x_wconf 68' lang='lat' dir='ltr'><strong>observabatur.‘</strong></span> 
     </span>
    </p>
   </div>
   <div class='ocr_carea' id='block_1_109' title="bbox 1776 5179 3351 5250">
    <p class='ocr_par' dir='ltr' id='par_1_109' title="bbox 1776 5179 3351 5250">
     <span class='ocr_line' id='line_1_109' title="bbox 1776 5179 3351 5250; baseline -0.003 -11"><span class='ocrx_word' id='word_1_717' title='bbox 1776 5182 2122 5239; x_wconf 81' lang='lat' dir='ltr'><strong>Justinianus</strong></span> <span class='ocrx_word' id='word_1_718' title='bbox 2166 5183 2336 5245; x_wconf 90' lang='lat' dir='ltr'><strong>enim,</strong></span> <span class='ocrx_word' id='word_1_719' title='bbox 2373 5180 2467 5250; x_wconf 85' lang='lat' dir='ltr'><strong>qui</strong></span> <span class='ocrx_word' id='word_1_720' title='bbox 2519 5182 2646 5234; x_wconf 77' lang='lat' dir='ltr'><strong>ante</strong></span> <span class='ocrx_word' id='word_1_721' title='bbox 2701 5179 2843 5233; x_wconf 85' lang='lat' dir='ltr'><strong>hanc</strong></span> <span class='ocrx_word' id='word_1_722' title='bbox 2882 5179 3149 5250; x_wconf 84' lang='lat' dir='ltr'><strong>synodum</strong></span> <span class='ocrx_word' id='word_1_723' title='bbox 3195 5181 3351 5246; x_wconf 79' lang='lat' dir='ltr'><strong>vixit,</strong></span> 
     </span>
    </p>
   </div>
   <div class='ocr_carea' id='block_1_110' title="bbox 1779 5270 3355 5347">
    <p class='ocr_par' dir='ltr' id='par_1_110' title="bbox 1779 5270 3355 5347">
     <span class='ocr_line' id='line_1_110' title="bbox 1779 5270 3355 5347; baseline -0.003 -15"><span class='ocrx_word' id='word_1_724' title='bbox 1779 5276 2060 5347; x_wconf 72' lang='lat' dir='ltr'><strong>sexaginta</strong></span> <span class='ocrx_word' id='word_1_725' title='bbox 2088 5273 2451 5345; x_wconf 83' lang='lat' dir='ltr'><strong>presbyteros,</strong></span> <span class='ocrx_word' id='word_1_726' title='bbox 2471 5280 2689 5327; x_wconf 90' lang='lat' dir='ltr'><strong>centum</strong></span> <span class='ocrx_word' id='word_1_727' title='bbox 2721 5272 3013 5337; x_wconf 81' lang='lat' dir='ltr'><strong>diaconos,</strong></span> <span class='ocrx_word' id='word_1_728' title='bbox 3033 5281 3085 5326; x_wconf 89' lang='lat' dir='ltr'><strong>et</strong></span> <span class='ocrx_word' id='word_1_729' title='bbox 3115 5270 3355 5342; x_wconf 79' lang='lat' dir='ltr'><strong>quadra-</strong></span> 
     </span>
    </p>
   </div>
   <div class='ocr_carea' id='block_1_111' title="bbox 1779 5363 3350 5438">
    <p class='ocr_par' dir='ltr' id='par_1_111' title="bbox 1779 5363 3350 5438">
     <span class='ocr_line' id='line_1_111' title="bbox 1779 5363 3350 5438; baseline -0.002 -16"><span class='ocrx_word' id='word_1_730' title='bbox 1779 5370 1924 5438; x_wconf 78' lang='lat' dir='ltr'><strong>ginta</strong></span> <span class='ocrx_word' id='word_1_731' title='bbox 1973 5367 2321 5423; x_wconf 86' lang='lat' dir='ltr'><strong>diaconissas</strong></span> <span class='ocrx_word' id='word_1_732' title='bbox 2363 5366 2419 5421; x_wconf 89' lang='lat' dir='ltr'><strong>in</strong></span> <span class='ocrx_word' id='word_1_733' title='bbox 2487 5364 2678 5437; x_wconf 82' lang='lat' dir='ltr'><strong>Magna</strong></span> <span class='ocrx_word' id='word_1_734' title='bbox 2730 5363 2974 5419; x_wconf 85' lang='lat' dir='ltr'><strong>Ecclesia</strong></span> <span class='ocrx_word' id='word_1_735' title='bbox 3040 5365 3350 5420; x_wconf 86' lang='lat' dir='ltr'><strong>constituit.</strong></span> 
     </span>
    </p>
   </div>
   <div class='ocr_carea' id='block_1_112' title="bbox 1779 5457 3350 5529">
    <p class='ocr_par' dir='ltr' id='par_1_112' title="bbox 1779 5457 3350 5529">
     <span class='ocr_line' id='line_1_112' title="bbox 1779 5457 3350 5529; baseline -0.003 -15"><span class='ocrx_word' id='word_1_736' title='bbox 1779 5459 2066 5516; x_wconf 86' lang='lat' dir='ltr'><strong>Heraclius</strong></span> <span class='ocrx_word' id='word_1_737' title='bbox 2100 5461 2288 5524; x_wconf 88' lang='lat' dir='ltr'><strong>etiam,</strong></span> <span class='ocrx_word' id='word_1_738' title='bbox 2323 5459 2416 5529; x_wconf 86' lang='lat' dir='ltr'><strong>qui</strong></span> <span class='ocrx_word' id='word_1_739' title='bbox 2447 5467 2575 5514; x_wconf 89' lang='lat' dir='ltr'><strong>ante</strong></span> <span class='ocrx_word' id='word_1_740' title='bbox 2602 5473 2655 5512; x_wconf 82' lang='lat' dir='ltr'><strong>Vl</strong></span> <span class='ocrx_word' id='word_1_741' title='bbox 2685 5457 2954 5528; x_wconf 78' lang='lat' dir='ltr'><strong>synodum</strong></span> <span class='ocrx_word' id='word_1_742' title='bbox 2978 5457 3133 5521; x_wconf 79' lang='lat' dir='ltr'><strong>vixit,</strong></span> <span class='ocrx_word' id='word_1_743' title='bbox 3156 5470 3350 5511; x_wconf 90' lang='lat' dir='ltr'><strong>eorum</strong></span> 
     </span>
    </p>
   </div>
   <div class='ocr_carea' id='block_1_113' title="bbox 1780 5549 3354 5608">
    <p class='ocr_par' dir='ltr' id='par_1_113' title="bbox 1780 5549 3354 5608">
     <span class='ocr_line' id='line_1_113' title="bbox 1780 5549 3354 5608; baseline -0.003 -1"><span class='ocrx_word' id='word_1_744' title='bbox 1780 5566 2068 5608; x_wconf 87' lang='lat' dir='ltr'><strong>numerum</strong></span> <span class='ocrx_word' id='word_1_745' title='bbox 2133 5551 2379 5606; x_wconf 78' lang='lat' dir='ltr'><strong>adauxit.</strong></span> <span class='ocrx_word' id='word_1_746' title='bbox 2416 5549 2559 5606; x_wconf 88' lang='lat' dir='ltr'><strong>Idem</strong></span> <span class='ocrx_word' id='word_1_747' title='bbox 2592 5551 2757 5606; x_wconf 85' lang='lat' dir='ltr'><strong>etiam</strong></span> <span class='ocrx_word' id='word_1_748' title='bbox 2814 5549 2870 5605; x_wconf 88' lang='lat' dir='ltr'><strong>in</strong></span> <span class='ocrx_word' id='word_1_749' title='bbox 2924 5549 3047 5604; x_wconf 83' lang='lat' dir='ltr'><strong>aliis</strong></span> <span class='ocrx_word' id='word_1_750' title='bbox 3103 5550 3354 5603; x_wconf 83' lang='lat' dir='ltr'><strong>ecclesiis</strong></span> 
     </span>
    </p>
   </div>
   <div class='ocr_carea' id='block_1_114' title="bbox 1786 5639 3354 5706">
    <p class='ocr_par' dir='ltr' id='par_1_114' title="bbox 1786 5639 3354 5706">
     <span class='ocr_line' id='line_1_114' title="bbox 1786 5639 3354 5706; baseline -0.004 -6"><span class='ocrx_word' id='word_1_751' title='bbox 1786 5645 1988 5701; x_wconf 77' lang='lat' dir='ltr'><strong>factum</strong></span> <span class='ocrx_word' id='word_1_752' title='bbox 2014 5653 2121 5706; x_wconf 90' lang='lat' dir='ltr'><strong>est,</strong></span> <span class='ocrx_word' id='word_1_753' title='bbox 2155 5657 2281 5698; x_wconf 85' lang='lat' dir='ltr'><strong>cum</strong></span> <span class='ocrx_word' id='word_1_754' title='bbox 2310 5657 2487 5698; x_wconf 83' lang='lat' dir='ltr'><strong>canon</strong></span> <span class='ocrx_word' id='word_1_755' title='bbox 2513 5639 2974 5699; x_wconf 70' lang='lat' dir='ltr'><strong>Neocmsariensis</strong></span> <span class='ocrx_word' id='word_1_756' title='bbox 3026 5646 3240 5694; x_wconf 82' lang='lat' dir='ltr'><strong>tantum</strong></span> <span class='ocrx_word' id='word_1_757' title='bbox 3293 5649 3354 5694; x_wconf 89' lang='lat' dir='ltr'><strong>ut</strong></span> 
     </span>
    </p>
   </div>
   <div class='ocr_carea' id='block_1_115' title="bbox 1781 5733 2457 5806">
    <p class='ocr_par' dir='ltr' id='par_1_115' title="bbox 1781 5733 2457 5806">
     <span class='ocr_line' id='line_1_115' title="bbox 1781 5733 2457 5806; baseline -0.003 -14"><span class='ocrx_word' id='word_1_758' title='bbox 1781 5736 2114 5793; x_wconf 82' lang='lat' dir='ltr'><strong>scriberetur</strong></span> <span class='ocrx_word' id='word_1_759' title='bbox 2140 5733 2457 5806; x_wconf 79' lang='lat' dir='ltr'><strong>profecerit.</strong></span> 
     </span>
    </p>
   </div>
   <div class='ocr_carea' id='block_1_116' title="bbox 1832 5906 3349 5981">
    <p class='ocr_par' dir='ltr' id='par_1_116' title="bbox 1832 5906 3349 5981">
     <span class='ocr_line' id='line_1_116' title="bbox 1832 5906 3349 5981; baseline -0.005 -14"><span class='ocrx_word' id='word_1_760' title='bbox 1832 5910 2002 5969; x_wconf 78' lang='lat' dir='ltr'><strong>Porro</strong></span> <span class='ocrx_word' id='word_1_761' title='bbox 2028 5925 2204 5967; x_wconf 85' lang='lat' dir='ltr'><strong>canon</strong></span> <span class='ocrx_word' id='word_1_762' title='bbox 2231 5909 2300 5967; x_wconf 84' lang='lat' dir='ltr'><strong>l8</strong></span> <span class='ocrx_word' id='word_1_763' title='bbox 2324 5909 2488 5981; x_wconf 90' lang='lat' dir='ltr'><strong>prim.</strong></span> <span class='ocrx_word' id='word_1_764' title='bbox 2509 5925 2629 5980; x_wconf 80' lang='lat' dir='ltr'><strong>syu.</strong></span> <span class='ocrx_word' id='word_1_765' title='bbox 2662 5909 2928 5966; x_wconf 81' lang='lat' dir='ltr'><strong>diaconos</strong></span> <span class='ocrx_word' id='word_1_766' title='bbox 2948 5906 3349 5964; x_wconf 67' lang='lat' dir='ltr'><strong>Eocltaristiam</strong></span> 
     </span>
    </p>
   </div>
  </div>
