3902 6552
497 464 516 529 l
530 462 636 528 2E3

1677 450 2042 512 MATTHASI
2089 448 2510 514 BLASTARIS

3602 447 3692 512 lii

490 581 822 656 presbyteris
843 580 1063 635 tradere
1093 585 1257 641 vetat,
1291 575 1417 646 quia
1437 571 1687 629 diaconis
1705 573 2049 626 incruentum

2163 590 2283 636 νους
2333 571 2590 641 ἀπείργει
2653 567 2751 640 τῆς
2785 565 3149 642 Εὐχαριστίας
3221 567 3561 638 μεταδιδόναι
3617 563 3722 628 τοῖς

491 665 824 731 sacrificium
855 672 1082 728 omnino
1103 669 1302 724 offerre
1331 684 1435 721 non
1467 676 1545 721 est
1579 666 1926 735 permissum,
1960 677 2060 716 nec

489 777 620 822 ante
649 766 937 835 episcopos
977 760 1380 816 Eucharistiam
1432 758 1724 827 attingere.
1781 755 2062 809 Ministro-

490 874 609 912 tum
645 857 790 911 enim
847 855 1092 909 ordinem
1153 851 1380 921 implent
1438 864 1627 904 versus
1668 847 1954 917 episcopos
2008 853 2061 898 et

489 952 862 1020 presbyteros;
895 946 1125 1014 ideoque
1153 953 1276 1013 post
1302 951 1394 996 eos
1428 939 1492 994 ad
1521 940 1706 994 divina
1736 939 1876 992 dona
1900 953 2060 992 acce-

488 1044 614 1095 dere
646 1047 878 1109 eporlet,
911 1036 1043 1106 ipsis
1072 1035 1260 1102 utique
1283 1031 1665 1102 praebentibus.
1686 1029 1825 1094 Quin
1847 1038 1899 1081 et
1919 1029 2058 1080 intra

487 1128 967 1186 sacrumtribunal
1000 1128 1142 1180 inter
1203 1124 1517 1179 sacerdotes
1577 1123 1837 1175 diaconos
1867 1119 2059 1173 sedere

490 1243 598 1280 non
637 1223 940 1294 permittit;
975 1235 1099 1274 eum
1140 1231 1270 1271 vero
1319 1217 1411 1286 qui
1463 1215 1685 1269 obedire
1723 1229 1829 1266 non
1880 1212 1995 1264 vult
2030 1225 2057 1263 a

486 1319 772 1371 diaconatu
807 1315 1069 1369 desiStere
1091 1311 1266 1380 jubet.
1299 1307 1504 1363 Verum
1555 1307 1607 1360 in
1638 1320 1737 1376 syn
1754 1304 1874 1358 Odi!
1904 1312 2057 1357 extra

485 1425 704 1464 sacrum
737 1407 970 1462 tribunal
1001 1406 1183 1473 plures
1223 1403 1492 1456 diaconos
1517 1399 1610 1468 qui
1636 1396 1810 1451 olIicia
1838 1398 2056 1457 habent,

487 1514 611 1558 ante
637 1501 943 1574 sacerdotes
963 1499 1151 1552 sedere
1184 1495 1449 1559 videmus,
1480 1493 1651 1564 quod,
1691 1500 1750 1546 ut
1779 1489 2057 1552 existimo,

489 1597 556 1649 iis
585 1610 689 1650 non
716 1593 939 1648 omnino
981 1589 1255 1645 convenit.

868 1772 944 1825 De
976 1766 1405 1838 cltartophylacis
1453 1765 1668 1818 honore.

558 1865 673 1920 Soli
709 1865 851 1919 enim
882 1861 1292 1932 chartophylaci
1318 1859 1480 1911 datur
1548 1871 1611 1908 ex
1651 1853 1809 1921 longa
1843 1863 2054 1917 magna:

2168 665 2579 736 πρεσϐυτέροις,
2620 661 2719 719 ὃτι¹
2745 665 2884 735 μηδὲ
2930 665 3261 734 προσφέρειν
3308 665 3422 727 τοῖς
3468 663 3720 728 διακόνοις

2165 761 2266 832 τὴν
2293 760 2634 828 ἀναίμακτον
2675 760 2884 828 ἐφεῖται
2925 759 3138 821 θυσίαν,
3167 759 3305 829 μήτε
3352 757 3460 828 μὴν
3494 758 3595 828 πρδ
3622 758 3722 810 τῶν

2167 852 2484 906 ἐπισκόπων
2507 852 2607 919 τῆς
2639 851 3006 922 Εὑχαριστίας
3037 853 3234 914 αὐτοὺς
3267 852 3556 906 ἅπτεσθαιδ
3593 853 3720 918 ὑπη-

2167 945 2336 1010 ρετῶν
2387 946 2496 1012 γὰρ
2545 944 2699 1008 τάξιν
2748 942 3016 1014 πληροῦσι
3069 944 3207 1014 πρὸς
3234 945 3362 1004 τοὺς
3396 943 3719 1004 ἐπισκόπους

2163 1038 2258 1090 καὶ.
2281 1037 2713 1107 πρεσϐυτέρους.
2753 1037 2841 1090 Διδ
2877 1035 2972 1090 καὶ
3005 1039 3141 1106 μετᾶ
3165 1035 3390 1094 τούτους
3427 1038 3537 1088 τοτε
3570 1034 3719 1098 Θείοις

2160 1129 2356 1201 δώροις
2389 1130 2470 1182 δεῖ
2497 1131 2805 1199 προσιέναι,
2836 1131 3062 1182 ἐκείνων
3087 1129 3270 1189 αὐτοῖς
3305 1128 3683 1199 μεταδιδόντων
3704 1145 3716 1157 ·

2162 1224 2220 1274 ού
2261 1226 2366 1292 μὴν
2423 1221 2668 1275 οὐδὲτοῦ
2735 1223 2885 1291 ἱεροῦ
2935 1221 3178 1292 βήματος
3223 1217 3370 1274 ἔνδον
3427 1223 3588 1290 μέσον
3621 1221 3716 1272 τῶν

2165 1314 2355 1384 ἱερέων
2388 1313 2512 1376 τοὺς
2544 1314 2826 1375 διακόνους
2870 1313 3155 1382 ἐπιτρέπει
3206 1312 3483 1378 καθίζειν’
3529 1313 3621 1364 τόν
3665 1312 3714 1364 δὲ

2167 1407 2240 1477 μὴ
2269 1407 2560 1459 ὑπείκοντα
2616 1405 2889 1459 παύεσθαι
2916 1403 3013 1474 τῆς
3038 1406 3314 1468 διακονίας
3345 1403 3585 1457 κελεύει·
3611 1401 3715 1456 ἀλλ’

2161 1500 2251 1550 ἐπὶ
2294 1499 2402 1550 τῶν
2458 1497 2563 1562 ἔξω
2612 1499 2704 1551 τοῦ
2753 1497 2996 1568 βήματος
3044 1497 3278 1551 συνόδων
3337 1496 3554 1566 δρῶμεν
3591 1494 3714 1548 πολῦ

2163 1590 2269 1660 πρὸ
2300 1589 2408 1643 τῶν
2442 1591 2632 1659 ἱερέων
2680 1589 3021 1659 καθημένους
3055 1590 3184 1652 τους
3228 1589 3452 1657 ἔχοντας
3496 1587 3716 1656 όφςρίκια

2158 1683 2461 1746 διακόνους,
2497 1683 2663 1752 μηδὲν
2703 1683 2843 1740 ὅλως
2872 1678 3027 1751 οἶμαι
3061 1683 3340 1752 προσῆκον
3369 1682 3573 1744 αὐτοῖς.

2386 1775 2524 1840 Περὶ
2552 1773 2659 1842 τῆς
2685 1775 2790 1828 τοῦ
2821 1776 3280 1844 χαρτοςσύλακος
3308 1773 3506 1842 τιμῆς.

2230 1866 2387 1931 Μόνῳ
2417 1866 2522 1934 γὰρ
2552 1865 2630 1934 τῷ
2673 1866 3047 1935 χαρτοφύλακι
3085 1865 3296 1918 δέδοται
3331 1863 3432 1932 τῆς
3477 1864 3714 1934 μεγᾶλης

485 1960 742 2016 Ecclesia:
764 1954 1184 2015 consuetudine,
1223 1964 1275 2005 et
1303 1966 1368 2003 ex
1399 1947 1602 2018 scripta
1639 1943 2046 2000 constitutione

2173 1923 2520 2024 Ἐκκλτξσίας,
2573 1923 2781 2020 sane}:
2844 1923 3000 2019 έθους
3059 1955 3297 2024 μακροῦ,
3347 1923 3443 2008 καί
3477 1923 3571 2020 ’ἐξν
3605 1923 3713 2006 ιπὶζ

489 2054 676 2124 inclyti
705 2048 1053 2120 imperatoris
1088 2043 1379 2106 Manuclis,
1423 2041 1476 2094 in
1529 2036 2051 2105 congregationilms

483 2162 604 2215 qua:
623 2147 754 2200 ﬁunt
770 2155 920 2199 extra
940 2139 1205 2210 synodum
1224 2135 1387 2190 etiam
1409 2142 1531 2188 ante
1549 2130 1819 2185 antistites
1839 2126 2048 2182 sedere.

553 2328 739 2381 Canon
769 2337 900 2377 vero
927 2323 956 2374 7
992 2335 1110 2391 syn.
1130 2335 1206 2383 vi,
1239 2315 1490 2387 quisquis
1520 2313 1868 2368 diaeonorum
1896 2319 2048 2364 extra

489 2417 729 2472 tribunal
774 2431 898 2468 eum
946 2409 1283 2482 presbyteris
1349 2407 1566 2469 sedens,
1617 2403 1745 2459 sede
1803 2399 2046 2455 inferiori

484 2517 778 2562 contentus
818 2522 924 2558 non
978 2515 1080 2566 cst,
1114 2482 1205 2555 sed
1246 2497 1643 2569 prresidentiam
1675 2495 1778 2548 sibi
1854 2493 2050 2546 asserit

484 2614 670 2653 vocem
699 2597 936 2651 divinam
970 2592 1304 2659 contemptui
1326 2589 1557 2652 habens,
1579 2587 1836 2640 nimirum
1862 2583 2005 2653 quod
2032 2599 2046 2635 :

487 2711 508 2743 ι
546 2690 738 2746 Omnis
771 2691 862 2757 qui
897 2701 1016 2740 sese
1046 2685 1278 2745 extollit,
1309 2679 1747 2740 humiliabitur,»
1779 2691 1902 2728 eum
1942 2690 2046 2727 non

480 2781 705 2851 deponi,
740 2778 831 2832 sed
851 2778 919 2831 ab
951 2775 1110 2828 oﬂicii
1137 2771 1496 2851 ecclesiastici
1540 2770 1749 2822 honore
1767 2763 2046 2820 deturbari

481 2849 652 2941 jubet.
695 2869 902 2922 Missus
936 2875 1116 2920 autem
1141 2849 1484 2918 ab'antistite
1515 2875 1614 2914 suo
1638 2860 1690 2912 in
1725 2857 1916 2911 urbem
1948 2854 2048 2907 ali-

483 2977 646 3032 quam
664 2969 722 3013 ut
756 2959 877 3027 ejus
910 2957 1092 3010 locum
1118 2953 1362 3024 impleat,
1391 2951 1635 3020 ejusdem
1667 2949 1832 3002 etiam
1863 2946 2050 3000 cathe—

483 3057 636 3106 dram
661 3049 902 3105 habebit.
945 3049 1060 3101 Hoc
1090 3048 1252 3100 etiam
1293 3044 1346 3098 in
1379 3043 1500 3098 aliis
1548 3041 1834 3096 ordinibus
1875 3038 2046 3094 sacris

483 3146 600 3201 fieri
625 3146 803 3209 debet,
825 3152 882 3196 ut
915 3156 1073 3195 nemo
1089 3138 1200 3210 9h
1227 3136 1472 3208 dignitati
1509 3133 1740 3190 seculari
1767 3133 1848 3188 vel
1869 3130 2046 3185 ofﬁcio

485 3234 858 3292 ecClesiaslico
898 3232 1028 3286 lisus
1057 3246 1224 3300 supra
1260 3228 1521 3297 majorem
1559 3224 1837 3288 eﬂeratur,
1867 3224 2038 3294 hypo-

483 3331 746 3383 tliaconus
782 3327 921 3382 forte
951 3342 1116 3396 supra
1153 3325 1469 3385 diaconum,
1531 3322 1615 3376 vel
1657 3321 1824 3376 lector
1882 3332 2047 3385 supra

484 3422 668 3476 istum.
699 3419 872 3484 Quam
917 3417 1204 3485 indignum
1235 3414 1380 3467 enim
1412 3422 1518 3474 est,
1545 3420 1606 3464 ut
1629 3411 1756 3465 dum
1789 3411 1841 3463 in
1873 3409 2050 3478 digni-

485 3515 685 3568 tatibus
714 3511 1075 3571 secularibus,
1111 3507 1199 3576 qui
1232 3507 1494 3559 honorem
1527 3505 1792 3557 minorem
1825 3502 2051 3555 sortitus

486 3613 588 3666 est,
621 3618 729 3672 prm
764 3602 832 3655 iis
863 3601 955 3668 qui
989 3599 1291 3667 principem
1321 3598 1501 3648 locum
1556 3595 1826 3658 obtinent,
1867 3592 2048 3646 neuti-

485 3710 648 3766 quam
680 3694 1002 3750 honoratur,
1065 3704 1165 3742 nos
1224 3689 1291 3741 iis
1325 3685 1537 3756 pejores
1564 3685 1618 3738 in
1673 3683 2051 3754 spiritualibus

485 3787 861 3854 dignitatibus,
903 3799 1022 3853 qua:
1053 3781 1190 3835 alios
1236 3781 1396 3850 longe
1446 3779 1737 3843 excedunt,
1803 3777 2049 3830 moribus

497 3878 850 3947 incompositi
887 3873 1211 3930 videantur?

564 3969 766 4024 Eadem
810 3983 930 4036 syn.
964 3967 1259 4020 Laodicea.
1297 3979 1421 4018 can.
1446 3963 1520 4017 20
1553 3961 1817 4024 decernit,
1859 3960 2049 4015 diaco-

487 4078 615 4117 num
656 4062 863 4117 scilicet
892 4069 1018 4113 ante
1041 4059 1416 4128 presbyterum
1455 4071 1564 4110 non
1595 4056 1806 4112 sedere.
1843 4053 1943 4106 nisi
1983 4053 2051 4105 ab

485 4172 550 4206 «οο
587 4155 862 4223 jubcatur.
899 4151 1103 4220 Utique
1135 4159 1190 4204 et
1220 4149 1469 4203 eumdem
1500 4150 1758 4201 honorem
1790 4146 2050 4200 diaconos

486 4263 514 4298 a
555 4245 824 4298 ministris
870 4254 925 4297 et
973 4243 1202 4312 reliquis
1254 4241 1473 4295 clericis
1555 4240 1775 4294 habere.
1828 4238 2050 4304 Quaeras

488 4337 649 4390 etiam
678 4337 730 4388 in
752 4333 784 4387 9
811 4349 934 4404 cap.
968 4334 1072 4389 litt.
1130 4333 1219 4398 E.,
1251 4349 1373 4387 can.
1421 4331 1491 4384 22
1541 4347 1660 4402 syn.
1708 4331 2047 4386 Laodicenze.

942 4597 1096 4653 CAP.
1141 4596 1204 4650 Vl
1243 4597 1320 4650 De
1345 4598 1592 4668 digamis.

557 4690 784 4756 Quaeras
806 4705 928 4757 cap.
958 4693 991 4744 4
1033 4692 1222 4744 Ιίιιθτιε
1250 4691 1310 4745 Γ.

487 4803 637 4857 CAP.
684 4801 798 4856 VII.
834 4800 1109 4864 Quomodo
1130 4805 1402 4872 episcopos
1432 4811 1479 4855 et
1523 4802 1849 4872 presbyteros
1893 4816 2054 4869 popu-

987 4874 1095 4925 lum
1120 4875 1302 4926 docere
1330 4883 1556 4942 oportet.

556 4964 1141 5032 Canon_sanct.apost.
1172 4965 1241 5019 58
1271 4967 1564 5034 episcopos
1592 4975 1644 5019 et
1705 4965 2053 5035 presbyteros

491 5058 748 5126 pupulum
777 5057 880 5110 sibi
911 5058 1191 5110 subditum
1225 5058 1479 5126 dogmata
1514 5059 1580 5111 ad
1635 5068 1840 5114 rectam
1895 5060 2051 5113 ﬁdem

486 5162 541 5204 rt
571 5153 855 5203 honestam
884 5152 1048 5204 vitam
1099 5150 1390 5220 dirigentia
1421 5153 1618 5206 docere
1640 5152 1814 5221 jubet.
1838 5152 1910 5207 lis
1936 5153 2052 5206 ela-

491 5253 600 5296 mat
630 5242 773 5296 Deu-s
799 5258 889 5305 per
934 5244 1254 5312 prophetam
1285 5245 1556 5300 Ezechiel:
1585 5265 1603 5297 ι
1635 5245 1692 5300 Si
1721 5261 1828 5300 non
1847 5247 2051 5301 denun-

491 5336 734 5396 tiaveris,
782 5350 957 5402 neque
1015 5335 1229 5390 loeutus
1284 5337 1475 5402 fueris,
1510 5338 1773 5391 morietur
1822 5338 2055 5405 injustus

503 5431 555 5480 in
618 5427 883 5494 injustilia
947 5443 1087 5494 sua;
1123 5433 1243 5496 ejus
1318 5441 1499 5484 autem
1567 5433 1791 5499 sanguis
1839 5434 1904 5486 de
1941 5450 2092 5488 tna-.

495 5534 566 5571 nu
599 5527 690 5571 tua
727 5520 1090 5586 requiretur.»
1121 5518 1348 5588 Magnus
1375 5530 1554 5575 autem
1592 5523 1794 5578 Paulus
1822 5539 1930 5577 non
1961 5541 2055 5579 so-

503 5614 611 5663 lum
651 5613 989 5679 episcopum,
1023 5615 1115 5667 sed
1148 5623 1198 5668 et
1239 5616 1618 5686 presbyterum
1650 5618 1895 5672 sobrium
1934 5634 2057 5674 esse

485 5702 659 5767 jubet,
689 5705 996 5773 vigilantem
1028 5706 1241 5760 scilicet
1273 5717 1324 5760 et
1347 5724 1452 5763 non
1476 5711 1712 5779 pigrum,
1741 5728 2052 5768 sermonem

492 5792 724 5857 Iidelem,
755 5807 912 5862 prout
944 5796 1153 5861 didicit,
1182 5800 1628 5866 amplectentem,
1685 5812 1739 5856 et
1791 5805 2051 5873 pupulum

489 5885 541 5936 in
571 5887 797 5940 salutari
843 5891 1089 5945 doctrina
1165 5893 1467 5959 adhortari,
1527 5907 1579 5950 et
1611 5899 2051 5957 contradicentes

2078 4615 2132 4676 Β

2159 2055 2440 2120 τάγματος
2487 2053 2766 2121 ἐγγράφου
2823 2049 2919 2102 τοῦ
2978 2049 3223 2117 ἀοιδίμου
3282 2047 3549 2116 βασιλέως
3607 2047 3714 2100 Μα-

2161 2145 2345 2212 νουὴλ,
2382 2145 2475 2198 καὶ
2505 2146 2613 2197 τῶν
2637 2144 2958 2216 ἀρχιερέων,
2984 2145 3039 2196 ὲν
3066 2145 3185 2205 ταῖς
3216 2141 3321 2206 ἔξω
3345 2141 3711 2212 προκαθῆσθαι

2162 2239 2419 2299 συνόδοις.

2243 2327 2301 2380 '0
2355 2329 2410 2380 δὲ
2471 2327 2514 2392 ζ’
2571 2331 2673 2398 τῆς
2727 2333 2782 2392 ς’
2810 2326 3054 2391 συνόδου,
3095 2326 3289 2390 Ὅστις
3328 2326 3436 2379 τῶν
3469 2324 3711 2377 διακόνων

2158 2421 2315 2484 ἐκτὸς
2339 2421 2433 2474 τοῦ
2457 2421 2698 2491 βήματος
2723 2419 2862 2489 μετά
2886 2420 3278 2490 πρεσϐυτέρων
3305 2417 3709 2490 καθήμενοςοού

2159 2512 2378 2582 στέργει
2411 2513 2510 2582 τὴν
2553 2513 2835 2582 ὑφεδρίαν,
2885 2511 3022 2565 ἀλλὰ
3069 2513 3167 2580 τῆς
3223 2510 3522 2581 προεδρίας
3565 2525 3710 2579 μετα-

2158 2607 2412 2666 ποιεῖται,
2443 2605 2543 2674 τῆς
2569 2603 2719 2666 θείας
2743 2603 3363 2674 φωνῆςκατολιγωρῶν,
3392 2603 3477 2655 ὅτι
3506 2620 3526 2654 ‹
3552 2602 3658 2662 Πᾶς
3685 2603 3708 2651 ό

2156 2695 2306 2762 ὑψῶν
2327 2695 2516 2748 ἑαυτὸν
2536 2694 3024 2764 ταπεινωθήσεται,
3040 2714 3056 2746 ι
3087 2696 3148 2748 οὗ
3169 2693 3572 2761 καθαιρεῖσθαι,
3589 2691 3706 2745 ἀλλὰ

2157 2787 2588 2850 ὑποϐιϐάζεσθαι
2614 2787 2801 2839 τοῦτον
2830 2790 2930 2855 τῆς
2952 2787 3045 2839 τοῦ
3078 2787 3206 2840 ἰδίου
3229 2786 3485 2855 όφφικίου
3511 2783 3706 2838 κελεύει

2154 2880 2339 2948 τιμῆς.
2385 2876 2737 2941 Ἀποσταλείς
2778 2879 2837 2931 δὲ
2887 2878 3022 2949 πρὸς
3053 2879 3148 2932 τοῦ
3190 2880 3391 2932 οἰκείου
3419 2877 3706 2948 ἀρχιερέως

2157 2969 2233 3032 είς
2263 2985 2386 3022 τινα
2411 2969 2564 3022 πόλιν
2599 2969 2690 3023 τὸν
2718 2971 2925 3022 ἐκείνου
2948 2970 3115 3022 τόπον
3153 2971 3584 3042 ἀναπληρώσωσι,
3623 2967 3706 3020 καὶ

2151 3062 2254 3130 τὴν
2277 3061 2485 3114 ἐκείνου
2519 3061 2692 3130 δήπου
2735 3062 2950 3126 καθέξει
2974 3062 3266 3132 καθέδραν.
3300 3062 3470 3116 Τοῦτο
3498 3062 3597 3114 καὶ
3625 3057 3707 3112 ἰπὶ

2153 3153 2260 3204 τῶν
2287 3153 2462 3205 ἄλλων
2491 3154 2532 3204 ίε
2544 3153 2652 3220 ρῶν
2686 3155 2984 3222 ταγμάτων
3021 3155 3269 3223 γίνεσθαι
3299 3154 3438 3218 δέον,
3467 3153 3606 3206 ὥστε
3639 3151 3704 3219 μή

2155 3260 2277 3297 τινα
2301 3245 2548 3314 κοσμικῷ
2573 3244 2882 3317 θαρροῦντα
2907 3246 3196 3316 ἀξιώματι,
3221 3247 3252 3316 ἢ
3280 3242 3708 3314 ἐκκλησιαστικῷ

2155 3339 2415 3410 όφφικίῳ,
2450 3339 2542 3392 τοῦ
2577 3339 2823 3408 μείζονος
2874 3336 3326 3408 κατεπαίρεσθαι,
3358 3337 3449 3388 τόν
3497 3332 3707 3386 ὑποδιά-

2155 3447 2309 3483 κονον
2339 3432 2429 3483 τοῦ
2455 3431 2702 3485 διακόνου
2733 3432 2914 3501 τυχδν,
2941 3431 2972 3500 ἢ
2997 3431 3204 3483 ἐκείνου
3232 3430 3323 3482 τὸν
3345 3427 3702 3496 ἀναγνώστην.

2165 3520 2252 3581 Ὦς
2285 3520 2398 3582 ἔστι
2448 3521 2618 3575 δεινδν
2657 3523 2716 3576 ὲν
2743 3523 2842 3591 μὲν
2868 3526 2982 3584 τοῖς
3011 3523 3296 3591 κοσμικοίς
3341 3519 3609 3587 ἀξιώμασι
3639 3517 3704 3588 μὴ

2155 3608 2351 3673 ἐξεῖναι
2382 3611 2461 3680 τῷ
2483 3611 2680 3680 ἥττονα
2710 3610 2927 3681 λαχόντι
2983 3611 3149 3682 τιμὴν
3187 3613 3297 3664 τῶν
3330 3612 3389 3663 ἐν
3416 3609 3555 3662 τέλει
3588 3623 3706 3677 προς

2152 3701 2497 3770 τετιμῆσθαι,
2523 3703 2670 3772 ἡμᾶς
2700 3702 2756 3754 δὲ
2789 3704 3004 3772 χείρους
3033 3703 3256 3755 ἐκείνων
3277 3702 3354 3765 ὡς
3374 3701 3634 3762 ἀτάκτους
3655 3701 3704 3750 ὲν

2151 3793 2264 3854 τοῖς
2287 3796 2679 3862 πνευματικοῖς
2706 3793 2981 3862 ἀξιώμασι
3003 3794 3312 3862 φαίνεσθαι,
3337 3796 3448 3856 τοῖς
3477 3793 3705 3864 κρείττο-

2154 3899 2240 3935 σιν
2268 3881 2300 3952 ἢ
2327 3885 2528 3938 ἐκεῖνα.

2223 3975 2304 4027 Τὰ
2351 3976 2490 4029 αὐτὰ
2533 3977 2628 4029 καὶ
2673 3979 2701 4030 ό
2750 3976 2799 4030 κ’
2842 3981 2942 4049 τῆς
2986 3981 3043 4032 ὲν
3072 3980 3366 4051 Λαοδικείᾳ
3398 3978 3701 4050 διορίζεται,

2151 4065 2482 4140 ἐπίπροσθεν
2533 4068 2906 4139 πρεσϐυτέρου
2952 4069 3202 4122 διάκονον
3244 4071 3320 4139 μὴ
3367 4069 3700 4132 καθέζεσθαι,

2152 4155 2201 4206 εί
2265 4155 2338 4224 μὴ
2404 4155 2541 4226 πρὸς
2599 4158 2766 4210 αὐτοῦ
2835 4159 3195 4229 κελευσθείη·
3267 4160 3370 4230 τὴν
3431 4161 3486 4213 δὲ
3546 4161 3704 4226 αὐτὴν

2153 4245 2299 4314 ἔχειν
2351 4247 2516 4318 τιμὴν
2571 4251 2666 4301 καὶ
2717 4251 2844 4312 τοὺς
2871 4251 3262 4312 ὑποδιακόνους
3294 4251 3400 4304 ὑπὸ
3440 4252 3546 4303 τῶν
3575 4252 3704 4318 tim;-

2157 4338 2328 4408 ρετῶν
2377 4341 2473 4391 καὶ
2520 4338 2726 4394 λοιπῶν
2777 4341 3072 4412 κληρικῶν.
3122 4344 3285 4412 Ζήτει
3334 4344 3432 4397 καὶ
3472 4344 3528 4394 ὲν
3558 4341 3634 4412 τῷ
3663 4339 3704 4402 ζ’

2153 4443 2279 4495 κεφ.
2314 4426 2410 4480 τοῦ
2454 4428 2494 4481 Ε
2541 4431 2806 4500 στοιχείου
2839 4431 3040 4484 κανόνα
3083 4432 3167 4502 κβ⁸
3200 4433 3302 4503 τῆς
3343 4435 3400 4485 ὲν
3429 4431 3704 4500 Λαοδικείᾳ

2153 4521 2392 4575 συνόδου.

2506 4615 2758 4668 ΚΕΦΔΛ.
2793 4613 2882 4682 (τ’.
2924 4617 3057 4685 Περὶ
3082 4615 3369 4686 διγιίμων.

2220 4705 2383 4774 Ζήτει
2411 4706 2471 4757 τὸ
2495 4705 2536 4757 δ’
2565 4723 2688 4773 κεφ.
2713 4707 2808 4759 τοῦ
2840 4708 2878 4759 Γ
2905 4711 3190 4778 στοιχείου.

2153 4817 2404 4871 ΚΕΦΑΛ.
2438 4816 2496 4870 Η¹
2538 4819 2667 4883 Πῶς
2715 4820 2810 4872 δεῖ
2859 4819 3174 4875 διδάσκειν
3220 4821 3329 4874 τεν
3379 4822 3528 4875 λαὸν
3569 4819 3700 4884 τοὺς

2430 4889 2802 4953 ἐπισκόπους
2844 4892 2940 4942 καί
2971 4893 3437 4959 πρεσϐυτέρους.

2234 4979 2293 5032 ’0
2332 4987 2409 5051 νη¹
2459 4984 2568 5034 τῶν
2600 4983 2770 5049 ἁγίων
2799 4985 3119 5037 ἀποστόλων
3163 4985 3344 5038 κανὼν
3401 4985 3701 5045 ἐπισκόποις

2154 5073 2250 5125 καὶ
2297 5073 2692 5144 πρεσϐυτέροις
2739 5076 3015 5130 διδάσκειν
3065 5079 3399 5145 ἐπισκήπτει
3450 5080 3563 5140 τοὺς
3608 5076 3701 5129 dab

2155 5169 2310 5236 χεῖρα
2364 5167 2432 5223 τὰ
2468 5169 2605 5237 πρὸς
2651 5169 2958 5238 όρθοδοξίαν
3004 5172 3099 5224 καὶ
3151 5173 3350 5240 σεμνὸν
3385 5172 3495 5241 βίον
3520 5170 3700 5240 ῥυθμί·

2156 5257 2316 5322 ζοντα
2341 5260 2604 5328 δόγματα.
2641 5261 2863 5322 Τούτοις
2906 5266 2934 5317 ὁ
2955 5263 3087 5326 Θεὸς
3116 5265 3184 5318 δι’
3212 5267 3472 5341 Ἰεζεκιὴλ
3499 5268 3586 5338 βοᾷ
3610 5265 3696 5318 τού

2156 5355 2438 5422 προφήτου
2459 5369 2474 5384 θ
2509 5375 2526 5406 ι
2559 5355 2621 5407 Ei
2661 5357 2735 5426 μὴ
2757 5357 3034 5431 διαστείλῃ
3067 5360 3198 5428 μηδὲ
3232 5361 3490 5432 λαλήσῃς,
3516 5360 3702 5414 ἀποθα-

2157 5448 2328 5497 νεῖται
2355 5445 2453 5510 μὲν
2484 5448 2511 5498 ό
2545 5449 2741 5515 ἄνομος
2769 5450 2825 5498 ὲν
2855 5451 2919 5517 τῇ
2955 5451 3158 5520 ἀνομία
3194 5453 3388 5517 αὐτοῦ,
3417 5454 3474 5505 τὸ
3499 5453 3545 5504 δὲ
3573 5444 3696 5516 αἷμα

2156 5534 2320 5589 αὑτοῦ
2361 5539 2422 5588 ἐκ
2454 5539 2552 5605 τῆς
2589 5537 2770 5607 χειρός
2788 5553 2880 5590 σου
2903 5538 3397 5608 ἐκζητηθήσεται.»
3432 5539 3623 5600 Παῦλος
3649 5537 3697 5589 δὲ

2140 5627 2185 5677 ,ό
2238 5627 2410 5694 μέγας
2460 5629 2535 5699 μὴ
2577 5630 2660 5681 ὅτι
2693 5630 2784 5682 τὸν
2813 5631 3138 5694 ἐπίσκοπον,
3166 5633 3302 5685 ἀλλὰ
3345 5637 3436 5686 καὶ
3467 5634 3548 5685 τὸν
3577 5645 3698 5699 πρε-

2159 5719 2422 5789 σϐύτερον
2447 5721 2706 5789 νηφάλιον
2737 5719 2878 5775 εἴναι
2915 5725 3149 5790 κελεύει,
3183 5728 3521 5797 ἐγρηγορότα
3550 5722 3695 5788 δηλα-

2157 5815 2240 5879 δὴ,
2288 5819 2382 5867 καὶ
2419 5817 2493 5886 μὴ
2549 5817 2853 5886 ἀνειμένον,
2903 5821 3261 5890 ἀντεχόμενον
3307 5823 3400 5874 τοῦ
3441 5818 3565 5875 κατὰ
3607 5813 3694 5878 τὴν

2158 5907 2378 5978 διδαχὴν
2422 5909 2615 5963 πιστοῦ
2651 5910 2831 5980 λόγου,
2867 5911 2960 5964 καὶ
2995 5913 3220 5968 δυνατὸν
3263 5912 3586 5986 παρακαλεῖν
3612 5907 3694 5958 τόν
