3902 6586
233 487 372 556 12ἓό

1230 497 1635 562 SYNTAGMA
1678 494 2307 558 ALPHABETICUM.
2346 520 2416 532 -
2457 493 2512 557 Δ.

3337 495 3470 560 1226

224 607 350 660 λαὸν
377 609 441 662 ἐν
465 611 537 682 τῇ
561 609 882 684 ὑγιαινούσῃ
916 611 1257 685 διδασκαλίᾳ,
1299 621 1396 666 και
1435 629 1563 676 τους
1589 608 1802 666 ἀντιλέ-

1924 606 2155 688 refellere
2176 615 2472 678 potentem.
2533 605 2839 680 EpiscOpus
2893 609 3038 666 enim
3073 609 3275 667 dicitur
3323 612 3517 686 quod_

222 719 422 770 γοντας
463 699 747 774 ἐλέγχεινο
793 705 1088 768 ἐπίσκοπος
1128 706 1238 776 γάρ
1284 705 1599 774 ὠνόμασται
1654 703 1804 774 παρά

220 791 278 846 τδ
306 796 550 848 σκοπεῖν
598 795 866 864 ἀκριϐῶς,
897 797 974 860 ώς
1013 796 1073 863 ἐξ
1119 797 1367 850 ἀπόπτου
1404 797 1499 849 καὶ
1525 795 1806 866 μετεώρου

219 884 281 937 τὰ
305 884 418 938 τοῦ
445 885 601 942 λαοῦ.
642 886 831 960 Ταύτῃ
874 905 957 941 τοι
991 887 1096 942 κάν
1125 890 1239 950 τοῖς
1265 885 1482 952 ἀδύτοις
1523 886 1617 939 τοῦ
1653 883 1804 956 ἱεροῦ

221 975 532 1047 ήκαθέδρα
556 977 903 1048 συμὸολικῶς
935 978 1018 1046 ἐφ’
1053 976 1222 1048 ὕψους
1257 976 1468 1047 ἵδρυται
1508 975 1586 1046 τῷ
1612 976 1805 1046 ἀρχιεο

223 1067 322 1135 pd,
393 1069 495 1120 καὶ
519 1070 664 1131 -τοῖς
721 1068 1118 1140 πρεσϐυτέροις
1181 1067 1418 1122 ἐνταῦθα
1486 1065 1807 1120 συνεστάναι

217 1156 402 1228 τούτῳ
448 1160 545 1214 καὶ
593 1159 974 1229 συγκαθῆσθαι
1018 1157 1226 1214 δέδοται
1251 1175 1268 1190 ο
1305 1157 1483 1212 κοινὸν
1514 1157 1622 1228 γὰρ
1646 1155 1811 1226 ἔργον

215 1247 436 1315 ἀμφοῖν
462 1249 498 1319 ἡ
527 1249 622 1303 τοῦ
653 1250 716 1323 δή
727 1268 827 1322 μου
857 1249 996 1322 πρὸς
1015 1251 1079 1305 τδ
1100 1252 1355 1322 κρεῖττον
1377 1249 1641 1311 ἐπίδοσις.
1667 1247 1810 1312 Τοὺς

213 1337 268 1391 δέ
304 1341 454 1410 περὶ
485 1341 586 1412 τὴν
609 1342 702 1395 τοῦ
740 1343 873 1397 λαοῦ
914 1343 1266 1398 διδασκαλίαν
1286 1341 1568 1414 ὀλιγώρως
1607 1342 1812 1396 διακει-

217 1429 435 1498 μένους
454 1431 849 1501 ἀφορίζεσθαι,
880 1432 1241 1505 ἐπιμένοντας
1264 1434 1322 1489 δὲ
1342 1437 1411 1506 τῇ
1434 1433 1686 1506 ἀμελείᾳ,
1713 1433 1810 1488 καὶ

215 1519 560 1590 καθαιρέσει
587 1523 802 1578 κελεύει
829 1513 1119 1596 ἐπιτιμᾷν.

282 1612 496 1666 Ταῦτα
551 1616 648 1670 καὶ
705 1616 734 1668 ὁ
784 1615 850 1670 ιθ¹
900 1617 1000 1686 τῆς
1055 1622 1110 1681 ς’
1158 1616 1380 1670 συνόδου
1431 1613 1613 1670 κανὼν
1661 1632 1810 1686 παρε

213 1705 528 1772 εγγυᾶται,
549 1705 610 1759 δν
625 1708 720 1760 καὶ
745 1705 899 1777 ζήτει
918 1707 976 1762 ἐν
999 1707 1077 1778 τῷ
1097 1706 1167 1762 ια’
1185 1691 1312 1778 κεφ.
1331 1706 1424 1762 τοῦ
1446 1706 1489 1761 Β
1517 1706 1806 1778 στοιχείου.

291 1795 365 1850 '0
390 1795 450 1849 δὲ
473 1797 572 1867 τῆς
595 1799 651 1851 ἐν
681 1798 1014 1872 Καρθαγινῃ
1039 1806 1179 1869 ρκα’,
1201 1801 1327 1864 Τοῖς
1355 1798 1808 1873 κατολιγωροῢσι,

210 1890 385 1958 φησι,
413 1891 526 1944 τῶν
558 1891 777 1947 οίκείων
813 1893 1082 1964 ποιμνίων
1110 1892 1459 1960 ἐπισκόποις,
1489 1893 1589 1949 καὶ
1620 1894 1698 1964 μὴ
1727 1892 1808 1946 διο

1907 715 1970 755 ea
1994 701 2086 771 qui
2119 702 2202 757 sui
2232 710 2361 756 sunt
2393 701 2576 772 pepuli
2627 712 2886 770 tanquam
2922 717 2987 758 ex
3011 701 3124 759 alto
3151 711 3205 760 et
3252 705 3474 760 excelso

1911 792 2033 848 loco
2061 792 2248 850 sedule
2275 795 2591 864 prospiciat.
2643 794 2712 850 Et
2735 794 2806 850 ob
2841 794 2982 850 hanc
2997 809 3218 850 causam
3251 794 3306 850 in
3337 804 3477 850 tem-

1909 883 1984 954 pli
2005 883 2182 955 adytis
2213 884 2474 939 cathedra
2513 884 2774 941 antistitis
2795 885 3098 957 symbolice
3155 887 3208 941 in
3251 886 3473 942 sublimi

1909 971 2030 1026 loco
2055 974 2428 1031 constituitur.
2476 981 2531 1029 et
2559 975 2889 1046 presbyteris
2941 976 3056 1032 illic
3109 977 3160 1033 ei
3215 978 3478 1034 assistere

1911 1079 2128 1135 unaque
2183 1064 2376 1123 sedere
2433 1081 2760 1122 concessum
2820 1078 2939 1136 est;
2997 1070 3272 1125 communi
3327 1069 3474 1126 enim

1910 1156 2161 1226 utrisque
2204 1173 2350 1212 cura
2391 1167 2476 1215 est
2520 1161 2700 1230 populi
2763 1161 2819 1216 in
2885 1162 3106 1218 meliora
3172 1161 3475 1233 profectus.
3527 1211 3532 1215 .

1909 1247 2016 1302 Eos
2049 1248 2236 1318 igitur,
2256 1249 2350 1320 qui
2383 1264 2527 1304 circa
2568 1251 2756 1321 populi
2804 1253 3165 1309 eruditionem
3205 1253 3483 1326 negligen-

1910 1347 1994 1393 ter
2024 1338 2202 1395 affecti
2229 1350 2377 1408 sunt,
2400 1344 2690 1414 segregari,
2717 1344 2769 1399 in
2825 1345 3148 1416 negligentia
3191 1360 3320 1404 vero
3355 1360 3481 1418 pcr-

1909 1441 2217 1508 severantes
2244 1433 2584 1505 depositione
2611 1437 2794 1506 puniri
2821 1437 2997 1508 jubet.

3087 1491 3120 1510 δ

1981 1606 2186 1664 Eadem
2221 1608 2387 1665 etiam
2425 1626 2549 1667 can.
2595 1613 2658 1669 l9
2687 1629 2811 1686 syn.
2842 1629 2892 1668 νι
2913 1613 3094 1682 jubet,
3121 1630 3296 1687 quem
3321 1631 3478 1688 qua:-

1909 1714 2001 1756 ras
2034 1701 2088 1756 in
2123 1716 2247 1773 cap.
2279 1703 2340 1759 ll
2385 1704 2493 1761 litt.
2519 1707 2583 1763 Β.

1979 1791 2168 1849 Canon
2196 1804 2379 1852 autem
2407 1797 2508 1853 tat
2585 1815 2705 1872 syn.
2745 1799 3028 1874 Carthag.,
3066 1800 3344 1874 Episcopi,
3399 1802 3483 1858 in-

1911 1883 2054 1954 quit,
2085 1886 2176 1956 qui
2211 1902 2401 1960 greges
2424 1904 2555 1947 suos
2579 1900 2959 1958 contemnunt,
2992 1903 3047 1950 et
3079 1895 3346 1952 salutaria
3372 1910 3479 1950 non

207 1955 492 2034 δάσκουσι
531 1981 601 2034 τά
631 1955 1360 2054 σωτήριαξπαρεγγυᾶσθαι
1523 1955 1662 2054 πρός
1685 1955 1809 2038 ’τῶν

1924 1976 2126 2044 lacent,
2158 1955 2368 2034 moneri
2413 1981 2614 2038 debent
2655 1984 2908 2040 avicinis
2945 1955 3238 2056 episcopis
3280 1994 3338 2040 ut
3381 2001 3475 2041 so-

208 2071 653 2145 πλησιοχώρων,
715 2075 1038 2145 μεθεμένοις
1084 2076 1155 2130 τά
1206 2077 1306 2147 τῆς
1353 2075 1664 2148 ῥᾳστώνης,
1711 2077 1814 2148 τῆς

206 2169 626 2238 προσηκούσης
660 2167 914 2237 γενέσθαι
945 2169 1209 2239 σπουδῆς.
1251 2163 1576 2240 Ἐξήκοντος
1605 2169 1662 2222 δέ
1693 2185 1816 2223 και-

209 2257 312 2327 ροῦ
351 2257 554 2330 μηνῶν
589 2257 669 2327 ἐξ,
694 2261 791 2314 καὶ
828 2259 966 2332 μετά
997 2259 1286 2332 ῥᾳστώνης
1312 2260 1395 2314 ἔτι
1429 2259 1709 2330 βιούντων,
1737 2259 1816 2330 τῷ

207 2347 464 2417 ἔγγιστα
487 2351 780 2423 ἐπισκόπῳ
801 2351 904 2424 τὴν
928 2353 1115 2424 χώραν
1143 2353 1240 2406 καὶ
1266 2352 1358 2407 τὸν
1381 2351 1512 2406 λαὸν
1538 2365 1817 2424 προσανα-

203 2440 460 2510 meum,
486 2441 564 2512 τῷ
579 2443 863 2515 δυναμένῳ
881 2459 942 2497 τε
961 2445 1056 2498 καὶ
1071 2444 1512 2515 προθυμουμένῳ
1531 2446 1596 2514 τῇ
1624 2442 1814 2515 διδαχῇ

204 2534 452 2598 τούτους
472 2536 610 2604 πρὸς
628 2535 689 2590 τὸ
715 2539 964 2608 κρεῖττον
990 2537 1299 2609 ῥυθμίζειν.
1322 2537 1384 2590 Ei
1399 2536 1457 2590 δέ
1471 2537 1566 2590 καὶ
1579 2536 1648 2591 δι’
1672 2536 1818 2592 οἰκο-

202 2625 420 2696 νομίαν
430 2626 560 2679 τινὰ
574 2626 672 2698 τὴν
690 2628 850 2698 σιγὴν
861 2627 1134 2700 αἱρεῖσθαί
1149 2644 1338 2698 φησιν,
1351 2626 1427 2691 ὡς
1442 2626 1510 2681 ἂν
1523 2625 1665 2680 οὕτω
1679 2627 1818 2697 μᾶλα

204 2717 302 2771 λον
338 2717 532 2781 ἐνίους
562 2719 672 2774 τών
700 2720 996 2792 αίρετικῶν
1026 2719 1414 2791 ἐφελκύσηται,
1444 2721 1540 2772 καὶ
1572 2719 1648 2790 μὴ
1673 2719 1815 2790 πρὸς

202 2810 522 2864 ἀπείθειαν
582 2811 827 2885 ἐρεθίσῃ,
894 2812 1048 2882 τρεῖς
1111 2811 1220 2866 τῶν
1280 2809 1602 2865 ἐπισκόπων
1653 2809 1816 2864 ἐκλέ-

203 2901 424 2970 γεσθαι
479 2902 631 2972 παρά
683 2903 779 2957 τοῦ
831 2903 933 2974 τῆς
973 2903 1244 2974 ἐπαρχίας
1306 2901 1683 2974 πρωτεύοντος
1733 2904 1820 2968 είς

201 2994 317 3063 τὴν
392 2993 530 3064 περὶ
591 2995 782 3048 τούτου
848 2995 1161 3065 ἐπίκρισιν·
1211 2995 1308 3048 καὶ
1353 2995 1405 3047 εί
1446 2993 1603 3049 ταῦθ’
1639 2991 1814 3057 οὕτως

200 3084 370 3156 ἔχειν
399 3086 669 3160 δειχθείη,
704 3087 842 3162 πρὸς
876 3087 1039 3143 αὐτὸν
1069 3082 1225 3150 αὖθις
1254 3087 1356 3159 τὴν
1389 3085 1576 3158 χώραν
1603 3085 1812 3140 ἐπανα-

203 3177 592 3246 στρέφεσθαι.

293 3269 370 3322 '0
418 3269 496 3348 δέ.
534 3268 654 3340 ρκγ¹
687 3271 785 3325 καὶ
827 3286 929 3340 της
968 3270 1080 3325 τῶν
1123 3261 1358 3326 λοιπῶν⁶
1379 3271 1667 3336 κοινωνίας
1719 3269 1812 3324 τὸν

197 3359 450 3429 ἀμελῶς
473 3324 842 3431 ’δίακείμενον
872 3324 1280 3432 ἐξοστρακίζει⁷
1310 3361 1449 3431 μετά
1484 3362 1584 3433 τὴν
1611 3324 1721 3418 τών
1745 3362 1813 3428 ἐξ
1839 3324 1884 3385 c

203 3450 422 3520 μηνῶν
483 3451 866 3524 παραδρομὴν,
912 3453 964 3506 εἰ
1003 3452 1078 3523 μὴ
1125 3454 1362 3517 πιστοῖς,
1401 3453 1538 3508 ἀλλά
1589 3454 1657 3525 δὴ
1716 3456 1814 3509 καὶ

199 3543 492 3606 ἀπίστοις
517 3543 586 3596 τὰ
612 3545 744 3613 ὑγιᾶ
766 3543 876 3599 τῶν
897 3545 1186 3616 δογμάτων
1209 3547 1449 3618 ἐνηχοίη,
1481 3548 1576 3600 καὶ
1606 3547 1810 3619 ὁσημέ-

202 3653 307 3704 ραι
349 3638 812 3710 διαμαρτύροιτο,
861 3641 1008 3705 ὅπως
1049 3640 1121 3694 τά
1163 3642 1264 3704 τῆς
1295 3640 1551 3710 ἀληθείας
1590 3641 1726 3713 ἔχει,
1761 3644 1814 3698 εί

206 3733 292 3795 μή
310 3747 432 3783 που
465 3730 656 3802 ἢνόσῳ
680 3732 1036 3802 κατείληπτο,
1060 3733 1093 3802 ἢ
1118 3733 1334 3811 μείζοσι
1354 3733 1456 3803 τῆς
1480 3734 1812 3805 Ἐκκλησίας

203 3817 564 3876 ὑποθέσεσιν
596 3824 950 3895 ἐνησχόλητο,
985 3824 1019 3895 ἢ
1053 3826 1081 3878 ό
1107 3824 1278 3880 ταῦτα
1308 3825 1596 3882 διεκδικῶν
1623 3829 1812 3902 ἄρχων

200 3910 402 3979 ἀπῆν.

296 4005 375 4057 ’0
405 4003 465 4056 δέ
495 4004 564 4070 ξδ’
596 4007 696 4079 τῆς
735 4016 791 4074 ς’
845 4010 1066 4065 συνόδου
1111 4011 1190 4081 τῷ
1225 4011 1462 4084 δημοσίᾳ
1505 4011 1812 4069 διδάσκοντι

202 4092 410 4162 λαῖκῷ
441 4093 514 4148 τά
541 4098 794 4169 περὶτῆς
833 4100 1070 4164 πίστεως
1105 4101 1376 4172 δόγματα,
1397 4103 1492 4154 καὶ
1519 4101 1594 4174 μὴ
1624 4102 1686 4155 τὺ
1714 4103 1810 4166 οὓς

200 4188 489 4256 ἐπέχοντι
515 4190 714 4256 μᾶλλον
738 4193 852 4256 τοῖς
880 4197 945 4265 τῇ
978 4193 1099 4266 θείᾳ
1123 4193 1292 4264 ψήφῳ
1324 4195 1698 4249 διδασκαλεῖον
1721 4195 1812 4248 ἐπ’

197 4279 537 4350 ἐκκλησίας
585 4276 990 4354 ἀνοιξαμένοις,
1035 4289 1084 4340 εί
1127 4289 1224 4342 καὶ
1262 4285 1350 4341 ἐπ’
1381 4287 1552 4358 ἀκρον
1587 4287 1809 4357 ἀπάσης

203 4371 498 4444 ἐληλάκει
529 4374 742 4442 σοφίας,
776 4375 1087 4454 ἀφορισμδν
1107 4378 1186 4440 είς
1220 4375 1272 4447 μ’
1303 4377 1518 4448 ἡμέρας
1548 4379 1811 4450 ἐπιτιμᾶ-

194 4483 305 4522 tat.
327 4481 347 4496 ’
389 4465 500 4536 ἰδίᾳ
530 4466 588 4520 δέ
619 4484 702 4532 τις
725 4470 1125 4542 ἀποκρίνασθαι
1147 4471 1260 4536 τοῖς
1283 4470 1713 4544 πυνθανομένοις
1743 4473 1806 4527 οὐ

198 4558 638 4631 κωλυθήσεται.

905 4645 1136 4748 Νόμοςξ

283 4785 510 4855 Μηδεὶς
539 4787 819 4859 κληρικδς,
857 4789 890 4859 ἢ
927 4790 1186 4862 μοναχδς,
1218 4790 1251 4862 ἢ
1285 4792 1738 4864 στρατευόμενος,
1772 4791 1805 4864 ἢ

189 4877 548 4947 σίοσδήποτε
579 4878 791 4948 πληθὺν
829 4881 1099 4949 συνάγων,
1131 4883 1367 4955 δημοσίᾳ
1400 4884 1530 4955 περὶ
1577 4885 1678 4956 τῆς
1712 4885 1807 4939 πί-

193 4982 402 5028 στεως
453 4964 807 5036 διαλεγέσθω.
843 4968 1118 5041 ’Υὸρίζειν
1137 4972 1245 5044 γὰρ
1268 4973 1419 5026 δοκεῖ
1446 4975 1546 5045 τὴν
1574 4977 1632 5028 ἐν
1659 4975 1806 5029 Χαλο

133 5093 136 5096 ~
189 5060 410 5131 κηδόνι
447 5058 689 5125 σύνοδον,
736 5061 833 5132 τὴν
871 5063 1098 5126 δεόντως
1137 5066 1316 5118 πάντα
1354 5065 1803 5134 διατυπώσασαν,

186 5154 386 5215 ὥστε,
423 5153 473 5205 εί
502 5151 601 5222 μὲν
630 5153 887 5225 κληρικὸς
908 5154 994 5225 εἴη
1025 5156 1054 5208 ό
1073 5155 1246 5210 ταῦτα
1276 5158 1464 5226 ποιῶν,
1495 5159 1588 5213 τοῦ
1614 5161 1803 5213 συλλύε-

187 5261 311 5312 you
339 5241 456 5296 τῶν
484 5244 762 5315 κληρικῶν
793 5247 1130 5314 ἐκπεσεῖται,
1171 5249 1220 5302 εί
1258 5248 1315 5303 δὲ
1347 5251 1804 5321 στρατευόμενος,

187 5337 312 5403 τῆς
347 5337 645 5406 στρατείας
665 5354 681 5369 ο
710 5339 759 5392 oi
804 5337 860 5392 δὲ
889 5337 1066 5394 λοιποὶ
1089 5341 1234 5396 κατά
1259 5344 1361 5408 τὴν
1388 5343 1596 5398 οἰκείαν
1629 5343 1803 5416 τύχην

188 5446 230 5483 τ
241 5447 261 5481 ι
267 5429 727 5500 μωρηθήσονται.

435 5539 686 5600 ΚΕΦΑΑ.
721 5545 794 5614 ς’
831 5545 966 5619 [H’].
990 5547 1587 5618 Περὶβικαιοσύνης.

283 5651 628 5723 Δικαιοσύνη
667 5655 789 5708 ἐστὶ
841 5659 1089 5730 σταθηρά
1121 5661 1217 5714 καὶ
1246 5660 1503 5732 διηνεκὴς
1547 5658 1800 5732 βούλησις

183 5745 443 5812 ἑκάστῳ
462 5741 523 5795 τὸ
554 5743 685 5797 ίδιον
710 5746 1065 5816 ἀπονέμουσα
1080 5750 1314 5806 δίκαιον.

285 5835 436 5888 ἰδια
463 5833 813 5908 δικαιοσύνης
840 5841 902 5892 τὸ
949 5845 1192 5910 κοσμίως
1215 5843 1337 5914 ζῇν,
1372 5843 1530 5900 ἀλλον
1566 5843 1642 5917 μὴ
1668 5843 1801 5915 βλά-

178 5946 402 5999 πτειν,
433 5927 655 5998 ἐκάστῳ
681 5929 744 5982 τὸ
773 5931 906 5988 ίδιον
942 5933 1268 6002 ἀπονέμειν.

548 6023 815 6088 Parum.
849 6029 966 6091 Gn.
1001 6029 1280 6095 CXLIV.

1834 4666 1890 4728 D

1911 2067 2156 2124 cordiam
2199 2085 2330 2126 cura
2387 2073 2732 2130 convenienti
2783 2086 3142 2136 commutent.
3206 2077 3476 2148 Tempore

1913 2168 2096 2216 autem
2132 2175 2226 2218 sex
2249 2163 2520 2221 mensium
2555 2167 2762 2236 elapso,
2813 2167 2989 2239 iisque
3010 2169 3065 2224 in
3097 2170 3354 2226 socordia
3384 2171 3484 2226 ad-

1915 2251 2025 2307 huc
2067 2253 2399 2321 viventibus,
2469 2258 2685 2316 vicinus
2747 2259 3038 2332 episcopos
3086 2263 3366 2332 regionem
3426 2273 3484 2319 et

1914 2340 2174 2412 populum
2225 2344 2382 2400 alteri
2424 2348 2754 2414 committat,
2809 2349 2904 2418 qui
2945 2349 3123 2420 possit
3174 2361 3229 2407 et
3262 2353 3485 2408 studeat

1913 2433 2158 2492 doctrina
2191 2452 2291 2494 sua
2345 2453 2471 2495 eum
2521 2441 2588 2496 ad
2648 2442 2846 2497 melius
2895 2442 3154 2514 dirigere.
3216 2445 3370 2512 Quod
3430 2447 3478 2502 si

1915 2533 2136 2594 propter
2154 2527 2522 2582 teconomiam
2542 2543 2600 2584 se
2621 2529 2896 2585 silentium
2915 2532 3092 2600 egisse
3113 2531 3282 2597 dicat,
3301 2541 3360 2586 ut
3381 2533 3484 2595 hac

1917 2618 2129 2673 ratione
2150 2617 2436 2675 haereticos
2467 2620 2684 2691 aliquos
2728 2621 2795 2676 ad
2823 2637 2883 2677 se
2914 2626 3273 2693 pertraheret,
3297 2635 3481 2685 etnon

1914 2708 1980 2764 ad
2010 2708 2431 2766 inobedientiam
2466 2711 2726 2779 irritaret,
2775 2723 2888 2772 tres
2918 2715 3156 2786 episcopi
3187 2716 3254 2770 ad
3285 2715 3481 2772 harum

1915 2817 2097 2858 rerum
2149 2805 2604 2861 examinationem
2653 2823 2685 2863 a
2739 2809 3034 2878 provinciae
3085 2810 3318 2880 primate
3379 2811 3484 2866 eli-

1914 2906 2132 2967 gantur,
2157 2904 2212 2953 et
2241 2897 2286 2958 si
2315 2897 2428 2954 haec
2465 2899 2539 2954 ita
2573 2914 2632 2956 se
2662 2899 2864 2956 habere
2918 2911 3202 2959 ostensum
3275 2903 3368 2968 sit,
3413 2902 3486 2959 ab

1914 3002 1982 3044 eo
2027 3003 2221 3046 rursus
2254 2989 2307 3045 in
2339 2991 2616 3062 regionem
2651 2993 2994 3051 restituatur.

1984 3253 2128 3322 Quin
2159 3265 2214 3312 et
2238 3271 2362 3314 can.
2395 3259 2502 3314 125
2527 3275 2652 3316 eum
2678 3261 2770 3331 qui
2801 3263 3138 3334 negligenter
3169 3278 3230 3323 se
3281 3263 3421 3336 gerit
3452 3279 3484 3321 ιι

1919 3346 2252 3416 reliquorum
2300 3351 2693 3408 communione
2755 3355 3134 3424 exterminat,
3189 3364 3484 3428 postquam

1914 3452 2010 3493 sex
2057 3454 2272 3496 menses
2327 3444 2709 3512 praeterierint,
2753 3447 2800 3502 si
2855 3461 2965 3502 non
3013 3447 3224 3514 ﬁdeles,
3266 3449 3377 3504 imo
3431 3461 3483 3504 et

1913 3529 2162 3587 inﬁdeles
2189 3547 2321 3588 sana
2359 3535 2612 3606 dogmata
2662 3536 2914 3604 edoceat,
2947 3538 3054 3594 nisi
3108 3540 3300 3597 morbo
3338 3530 3482 3596 deti-

1914 3631 2130 3690 neatur,
2162 3623 2246 3678 vel
2266 3625 2569 3695 majoribus
2595 3625 2853 3685 Ecclesiae
2877 3631 3276 3700 quaestionibus
3324 3647 3486 3688 vaca-

1917 3714 2075 3785 verit,
2108 3716 2194 3771 vel
2218 3718 2572 3790 magistratus
2601 3720 2803 3777 lrorum
2829 3721 3091 3781 defensor
3120 3722 3386 3782 abfuerit.

1981 3987 2170 4046 Canon
2207 3999 2389 4047 autem
2421 3991 2492 4048 64
2514 4009 2634 4067 syn.
2663 4012 2716 4051 vt
2751 3996 2912 4066 laico,
2942 4000 3035 4070 qui
3068 3999 3193 4056 ﬁdei
3228 4002 3482 4072 dogmata

1913 4083 2132 4153 publice
2162 4085 2342 4152 docet,
2383 4099 2439 4144 et
2470 4103 2576 4144 non
2598 4090 2780 4160 potius
2801 4106 2966 4148 aures
3021 4093 3340 4164 iispraabet,
3389 4098 3482 4165 qui

1911 4173 2097 4231 divina
2122 4178 2469 4235 ordinatione
2501 4181 2747 4237 scholam
2815 4183 2871 4238 in
2923 4185 3158 4240 ecclesia
3207 4187 3483 4256 aperiunt,

1915 4270 2168 4337 quamvis
2197 4284 2418 4326 omnem
2449 4274 2775 4342 sapientiam
2829 4275 2884 4330 in
2915 4291 3130 4332 summo
3163 4279 3334 4348 gradu
3367 4293 3485 4334 sor-

1912 4361 2045 4417 titus
2072 4361 2165 4424 sit,
2197 4377 2290 4432 seg
2308 4366 2644 4432 rogationem
2685 4367 2756 4423 40
2785 4367 2997 4423 dierum
3031 4367 3246 4438 inﬂigit.
3284 4368 3481 4424 Priva-

1912 4454 2004 4508 tim
2033 4469 2162 4510 vero
2195 4454 2660 4527 interrogantibus
2709 4460 3044 4530 respondere
3094 4475 3257 4517 nemo
3292 4461 3484 4532 prohi—
3550 4509 3558 4516 .

1910 4545 2149 4602 bebitur.

2628 4665 2761 4722 Lex.

1981 4775 2177 4836 Nullus
2219 4777 2476 4846 clericus,
2539 4781 2625 4838 vel
2671 4783 2994 4849 monachus,
3063 4781 3146 4838 Vel
3171 4783 3348 4854 miles,
3400 4785 3482 4841 vel

1910 4872 2310 4942 qualiscunque
2385 4874 2600 4928 turbam
2663 4888 3006 4945 congregans
3068 4875 3282 4946 publice
3337 4878 3481 4934 circa

1911 4964 2072 5019 tidem
2136 4965 2394 5020 disserat.
2437 4964 2716 5038 Synodum
2772 4967 2918 5021 enim
2976 4966 3484 5026 Chalcedonenscm

1911 5057 2243 5110 contumelia
2309 5055 2524 5112 aﬂicere
2557 5056 2798 5121 videtur,
2852 5071 2975 5128 quae
3027 5073 3217 5114 revera
3268 5062 3483 5126 statuit,

1908 5148 2052 5218 quod
2088 5148 2133 5203 si
2162 5147 2394 5202 clericus
2415 5148 2486 5203 sit
2513 5147 2624 5218 95
2649 5147 2742 5218 qui
2774 5147 2877 5204 hoc
2907 5147 3118 5215 fecerit,
3150 5151 3482 5207 clericorum

1907 5255 2138 5295 numero
2167 5239 2420 5306 excidet;
2481 5239 2527 5293 si
2560 5255 2687 5294 vero
2722 5239 2902 5306 miles,
2943 5244 3184 5298 exercitu
3215 5285 3230 5309 ,
3291 5243 3482 5314 reliqui

1906 5342 2089 5388 autem
2130 5331 2432 5388 secundum
2461 5346 2619 5388 suam
2653 5331 2928 5389 fortunam
2963 5336 3278 5406 punientur.

2267 5533 2423 5591 CAP.
2468 5532 2534 5590 Vl
2568 5532 2762 5608 [Vlll].
2794 5534 2871 5590 De
2893 5537 3132 5605 iustitia.

1976 5650 2196 5709 Justitia
2233 5662 2318 5708 est
2354 5659 2618 5708 constans
2668 5661 2723 5708 et
2779 5658 3042 5722 perpetua
3077 5650 3356 5718 voluntas,
3387 5653 3479 5724 jus

1901 5760 2064 5800 suum
2098 5745 2300 5813 cuique
2323 5743 2602 5799 tribuens.

1973 5835 2213 5892 Justitiae
2244 5836 2462 5906 propria
2491 5845 2640 5908 sunt,
2674 5837 2902 5890 honeste
2933 5833 3136 5900 vivere,
3200 5834 3477 5893 neminem

1903 5932 2122 5998 laedere,
2158 5932 2248 6004 jus
2290 5945 2451 5986 suum
2472 5931 2672 5998 cuique
2705 5929 2968 5983 tribuere.

3074 6021 3153 6087 39
