  <div class='ocr_page' id='page_1' title='image "/cluster/home/n/w/nwhite01/storage/ocr_20150623/144/hvd.32044019208339/621.png"; bbox 0 0 3902 6602; ppageno 0'>
   <div class='ocr_carea' id='block_1_1' title="bbox 499 476 630 540">
    <p class='ocr_par' dir='ltr' id='par_1_1' title="bbox 499 476 630 540">
     <span class='ocr_line' id='line_1_1' title="bbox 499 476 630 540; baseline 0.015 -2"><span class='ocrx_word' id='word_1_1' title='bbox 499 476 518 538; x_wconf 85' lang='lat' dir='ltr'><strong>l</strong></span> <span class='ocrx_word' id='word_1_2' title='bbox 529 477 630 540; x_wconf 67' lang='lat'><strong>29.7</strong></span> 
     </span>
    </p>
   </div>
   <div class='ocr_carea' id='block_1_2' title="bbox 1680 485 2582 550">
    <p class='ocr_par' dir='ltr' id='par_1_2' title="bbox 1680 485 2582 550">
     <span class='ocr_line' id='line_1_2' title="bbox 1680 485 2582 550; baseline 0.004 -4"><span class='ocrx_word' id='word_1_3' title='bbox 1680 485 2047 547; x_wconf 69' lang='grc' dir='ltr'><strong>ΜΔΤΤΗᾸΞΙ</strong></span> <span class='ocrx_word' id='word_1_4' title='bbox 2090 487 2520 550; x_wconf 82' lang='lat' dir='ltr'><strong>BLASTARIS</strong></span> <span class='ocrx_word' id='word_1_5' title='bbox 2577 520 2582 524; x_wconf 89' lang='lat'>-</span> 
     </span>
    </p>
   </div>
   <div class='ocr_carea' id='block_1_3' title="bbox 3575 492 3695 562">
    <p class='ocr_par' dir='ltr' id='par_1_3' title="bbox 3575 492 3695 562">
     <span class='ocr_line' id='line_1_3' title="bbox 3575 492 3695 562; baseline 0.05 -6"><span class='ocrx_word' id='word_1_6' title='bbox 3575 492 3695 562; x_wconf 71' lang='lat'><strong>1228</strong></span> 
     </span>
    </p>
   </div>
   <div class='ocr_carea' id='block_1_4' title="bbox 561 600 2047 680">
    <p class='ocr_par' dir='ltr' id='par_1_4' title="bbox 561 600 2047 674">
     <span class='ocr_line' id='line_1_4' title="bbox 561 600 2047 674; baseline 0.003 -18"><span class='ocrx_word' id='word_1_7' title='bbox 561 600 1001 670; x_wconf 75' lang='lat' dir='ltr'><strong>Jnrisprudentia</strong></span> <span class='ocrx_word' id='word_1_8' title='bbox 1027 610 1110 658; x_wconf 86' lang='lat' dir='ltr'><strong>est</strong></span> <span class='ocrx_word' id='word_1_9' title='bbox 1127 600 1434 658; x_wconf 87' lang='lat' dir='ltr'><strong>divinarum</strong></span> <span class='ocrx_word' id='word_1_10' title='bbox 1483 611 1648 674; x_wconf 86' lang='lat' dir='ltr'><strong>atque</strong></span> <span class='ocrx_word' id='word_1_11' title='bbox 1683 605 2047 662; x_wconf 85' lang='lat' dir='ltr'><strong>humanarum</strong></span> 
     </span>
    </p>
   </div>
   <div class='ocr_carea' id='block_1_5' title="bbox 2154 600 3696 680">
    <p class='ocr_par' dir='ltr' id='par_1_5' title="bbox 2231 604 3696 680">
     <span class='ocr_line' id='line_1_5' title="bbox 2231 604 3696 680; baseline 0.01 -22"><span class='ocrx_word' id='word_1_12' title='bbox 2231 604 2402 675; x_wconf 87' lang='grc' dir='ltr'>Σοφία</span> <span class='ocrx_word' id='word_1_13' title='bbox 2423 605 2770 680; x_wconf 78' lang='grc' dir='ltr'><strong>δικαιοσύνης</strong></span> <span class='ocrx_word' id='word_1_14' title='bbox 2799 606 2864 664; x_wconf 78' lang='grc' dir='ltr'><strong>τὺ</strong></span> <span class='ocrx_word' id='word_1_15' title='bbox 2912 608 3114 664; x_wconf 73' lang='grc' dir='ltr'>ειδέναι</span> <span class='ocrx_word' id='word_1_16' title='bbox 3145 609 3217 664; x_wconf 78' lang='grc' dir='ltr'><strong>τά</strong></span> <span class='ocrx_word' id='word_1_17' title='bbox 3245 608 3387 678; x_wconf 77' lang='grc' dir='ltr'>θεία,</span> <span class='ocrx_word' id='word_1_18' title='bbox 3412 613 3507 668; x_wconf 62' lang='grc' dir='ltr'><strong>καὶ⁸</strong></span> <span class='ocrx_word' id='word_1_19' title='bbox 3530 614 3592 670; x_wconf 78' lang='grc' dir='ltr'>τὰ</span> <span class='ocrx_word' id='word_1_20' title='bbox 3617 617 3696 674; x_wconf 75' lang='grc' dir='ltr'><strong>ἀν.</strong></span> 
     </span>
    </p>
   </div>
   <div class='ocr_carea' id='block_1_6' title="bbox 492 692 1562 764">
    <p class='ocr_par' dir='ltr' id='par_1_6' title="bbox 492 692 1562 764">
     <span class='ocr_line' id='line_1_6' title="bbox 492 692 1562 764; baseline 0.004 -16"><span class='ocrx_word' id='word_1_21' title='bbox 492 710 702 761; x_wconf 86' lang='lat' dir='ltr'><strong>rerum,</strong></span> <span class='ocrx_word' id='word_1_22' title='bbox 724 692 856 761; x_wconf 88' lang='lat' dir='ltr'><strong>justi</strong></span> <span class='ocrx_word' id='word_1_23' title='bbox 893 703 1060 763; x_wconf 83' lang='lat' dir='ltr'><strong>atque</strong></span> <span class='ocrx_word' id='word_1_24' title='bbox 1091 694 1277 764; x_wconf 89' lang='lat' dir='ltr'><strong>injusti</strong></span> <span class='ocrx_word' id='word_1_25' title='bbox 1310 695 1562 754; x_wconf 80' lang='lat' dir='ltr'><strong>scientia.</strong></span> 
     </span>
    </p>
   </div>
   <div class='ocr_carea' id='block_1_7' title="bbox 489 805 2060 882">
    <p class='ocr_par' dir='ltr' id='par_1_7' title="bbox 489 805 2060 882">
     <span class='ocr_line' id='line_1_7' title="bbox 489 805 2060 882; baseline 0.003 -19"><span class='ocrx_word' id='word_1_26' title='bbox 489 807 643 864; x_wconf 80' lang='lat' dir='ltr'><strong>CAP.</strong></span> <span class='ocrx_word' id='word_1_27' title='bbox 664 805 756 863; x_wconf 77' lang='lat' dir='ltr'>VII</span> <span class='ocrx_word' id='word_1_28' title='bbox 775 805 912 882; x_wconf 84' lang='lat' dir='ltr'><strong>[IX].</strong></span> <span class='ocrx_word' id='word_1_29' title='bbox 938 808 1270 882; x_wconf 71' lang='lat' dir='ltr'><strong>Dejudiciis,</strong></span> <span class='ocrx_word' id='word_1_30' title='bbox 1299 811 1426 865; x_wconf 83' lang='lat' dir='ltr'><strong>etde</strong></span> <span class='ocrx_word' id='word_1_31' title='bbox 1449 812 1654 866; x_wconf 73' lang='lat' dir='ltr'><strong>clericis</strong></span> <span class='ocrx_word' id='word_1_32' title='bbox 1679 821 1727 866; x_wconf 84' lang='lat' dir='ltr'><strong>et</strong></span> <span class='ocrx_word' id='word_1_33' title='bbox 1752 813 1902 867; x_wconf 79' lang='lat' dir='ltr'><strong>laicis</strong></span> <span class='ocrx_word' id='word_1_34' title='bbox 1927 828 2060 867; x_wconf 85' lang='lat' dir='ltr'><strong>catt-</strong></span> 
     </span>
    </p>
   </div>
   <div class='ocr_carea' id='block_1_8' title="bbox 1052 880 1492 938">
    <p class='ocr_par' dir='ltr' id='par_1_8' title="bbox 1052 880 1492 938">
     <span class='ocr_line' id='line_1_8' title="bbox 1052 880 1492 938; baseline 0.005 -4"><span class='ocrx_word' id='word_1_35' title='bbox 1052 896 1143 936; x_wconf 80' lang='lat' dir='ltr'><strong>sas</strong></span> <span class='ocrx_word' id='word_1_36' title='bbox 1162 880 1492 938; x_wconf 71' lang='lat' dir='ltr'><strong>habentibus.</strong></span> 
     </span>
    </p>
   </div>
   <div class='ocr_carea' id='block_1_9' title="bbox 561 971 2056 1044">
    <p class='ocr_par' dir='ltr' id='par_1_9' title="bbox 561 971 2056 1044">
     <span class='ocr_line' id='line_1_9' title="bbox 561 971 2056 1044; baseline 0.002 -17"><span class='ocrx_word' id='word_1_37' title='bbox 561 971 787 1029; x_wconf 83' lang='lat' dir='ltr'><strong>Divinus</strong></span> <span class='ocrx_word' id='word_1_38' title='bbox 819 973 1100 1044; x_wconf 72' lang='lat' dir='ltr'><strong>apostolus</strong></span> <span class='ocrx_word' id='word_1_39' title='bbox 1141 972 1347 1029; x_wconf 86' lang='lat' dir='ltr'><strong>Paulus</strong></span> <span class='ocrx_word' id='word_1_40' title='bbox 1370 974 1424 1030; x_wconf 92' lang='lat' dir='ltr'><strong>in</strong></span> <span class='ocrx_word' id='word_1_41' title='bbox 1458 974 1700 1044; x_wconf 85' lang='lat' dir='ltr'><strong>Epistola</strong></span> <span class='ocrx_word' id='word_1_42' title='bbox 1745 975 1813 1030; x_wconf 88' lang='lat' dir='ltr'><strong>ad</strong></span> <span class='ocrx_word' id='word_1_43' title='bbox 1865 973 2056 1034; x_wconf 63' lang='lat' dir='ltr'><strong>Cet-ina</strong></span> 
     </span>
    </p>
   </div>
   <div class='ocr_carea' id='block_1_10' title="bbox 494 1065 2057 1139">
    <p class='ocr_par' dir='ltr' id='par_1_10' title="bbox 494 1065 2057 1139">
     <span class='ocr_line' id='line_1_10' title="bbox 494 1065 2057 1139; baseline 0.001 -17"><span class='ocrx_word' id='word_1_44' title='bbox 494 1068 638 1123; x_wconf 86' lang='lat' dir='ltr'><strong>tltios</strong></span> <span class='ocrx_word' id='word_1_45' title='bbox 705 1068 886 1139; x_wconf 90' lang='lat' dir='ltr'><strong>inquit</strong></span> <span class='ocrx_word' id='word_1_46' title='bbox 920 1085 936 1122; x_wconf 88' lang='lat'><strong>:</strong></span> <span class='ocrx_word' id='word_1_47' title='bbox 972 1085 991 1120; x_wconf 87' lang='grc' dir='ltr'><strong>ι</strong></span> <span class='ocrx_word' id='word_1_48' title='bbox 1038 1065 1158 1124; x_wconf 80' lang='lat' dir='ltr'><strong>Iam</strong></span> <span class='ocrx_word' id='word_1_49' title='bbox 1188 1067 1404 1138; x_wconf 87' lang='lat' dir='ltr'><strong>quidem</strong></span> <span class='ocrx_word' id='word_1_50' title='bbox 1437 1069 1666 1124; x_wconf 88' lang='lat' dir='ltr'><strong>omnino</strong></span> <span class='ocrx_word' id='word_1_51' title='bbox 1687 1067 1946 1124; x_wconf 91' lang='lat' dir='ltr'><strong>delictum</strong></span> <span class='ocrx_word' id='word_1_52' title='bbox 1973 1075 2057 1126; x_wconf 88' lang='lat' dir='ltr'><strong>est</strong></span> 
     </span>
    </p>
   </div>
   <div class='ocr_carea' id='block_1_11' title="bbox 489 1160 2057 1232">
    <p class='ocr_par' dir='ltr' id='par_1_11' title="bbox 489 1160 2057 1232">
     <span class='ocr_line' id='line_1_11' title="bbox 489 1160 2057 1232; baseline 0.001 -18"><span class='ocrx_word' id='word_1_53' title='bbox 489 1161 543 1215; x_wconf 91' lang='lat' dir='ltr'><strong>in</strong></span> <span class='ocrx_word' id='word_1_54' title='bbox 568 1160 743 1226; x_wconf 86' lang='lat' dir='ltr'><strong>vobis,</strong></span> <span class='ocrx_word' id='word_1_55' title='bbox 775 1161 1140 1232; x_wconf 83' lang='lat' dir='ltr'><strong>quodjudieia</strong></span> <span class='ocrx_word' id='word_1_56' title='bbox 1171 1161 1384 1218; x_wconf 84' lang='lat' dir='ltr'><strong>habetis</strong></span> <span class='ocrx_word' id='word_1_57' title='bbox 1417 1161 1555 1216; x_wconf 90' lang='lat' dir='ltr'><strong>inter</strong></span> <span class='ocrx_word' id='word_1_58' title='bbox 1586 1176 1702 1217; x_wconf 85' lang='lat' dir='ltr'><strong>vos.</strong></span> <span class='ocrx_word' id='word_1_59' title='bbox 1743 1179 1762 1214; x_wconf 72' lang='grc' dir='ltr'><strong>ι</strong></span> <span class='ocrx_word' id='word_1_60' title='bbox 1790 1160 2057 1217; x_wconf 75' lang='lat' dir='ltr'><strong>Similiter</strong></span> 
     </span>
    </p>
   </div>
   <div class='ocr_carea' id='block_1_12' title="bbox 487 1241 2057 1326">
    <p class='ocr_par' dir='ltr' id='par_1_12' title="bbox 487 1241 2057 1326">
     <span class='ocr_line' id='line_1_12' title="bbox 487 1241 2057 1326; baseline -0.001 -18"><span class='ocrx_word' id='word_1_61' title='bbox 487 1265 540 1309; x_wconf 91' lang='lat' dir='ltr'><strong>et</strong></span> <span class='ocrx_word' id='word_1_62' title='bbox 569 1255 761 1310; x_wconf 90' lang='lat' dir='ltr'><strong>tertius</strong></span> <span class='ocrx_word' id='word_1_63' title='bbox 795 1255 987 1326; x_wconf 80' lang='lat' dir='ltr'><strong>synodi</strong></span> <span class='ocrx_word' id='word_1_64' title='bbox 1017 1253 1362 1311; x_wconf 86' lang='lat' dir='ltr'><strong>Sardicensis</strong></span> <span class='ocrx_word' id='word_1_65' title='bbox 1395 1241 1592 1316; x_wconf 86' lang='lat' dir='ltr'><strong>canon,</strong></span> <span class='ocrx_word' id='word_1_66' title='bbox 1663 1253 1721 1308; x_wconf 86' lang='lat' dir='ltr'><strong>Si</strong></span> <span class='ocrx_word' id='word_1_67' title='bbox 1776 1253 1886 1308; x_wconf 89' lang='lat' dir='ltr'><strong>duo</strong></span> <span class='ocrx_word' id='word_1_68' title='bbox 1941 1251 2057 1323; x_wconf 84' lang='lat' dir='ltr'><strong>epi-</strong></span> 
     </span>
    </p>
   </div>
   <div class='ocr_carea' id='block_1_13' title="bbox 487 1346 2056 1417">
    <p class='ocr_par' dir='ltr' id='par_1_13' title="bbox 487 1346 2056 1417">
     <span class='ocr_line' id='line_1_13' title="bbox 487 1346 2056 1417; baseline 0.001 -16"><span class='ocrx_word' id='word_1_69' title='bbox 487 1348 635 1417; x_wconf 86' lang='lat' dir='ltr'><strong>scopi</strong></span> <span class='ocrx_word' id='word_1_70' title='bbox 667 1347 819 1402; x_wconf 89' lang='lat' dir='ltr'><strong>litem</strong></span> <span class='ocrx_word' id='word_1_71' title='bbox 878 1347 1022 1402; x_wconf 86' lang='lat' dir='ltr'><strong>inter</strong></span> <span class='ocrx_word' id='word_1_72' title='bbox 1073 1362 1134 1405; x_wconf 88' lang='lat' dir='ltr'><strong>se</strong></span> <span class='ocrx_word' id='word_1_73' title='bbox 1179 1347 1436 1416; x_wconf 84' lang='lat' dir='ltr'><strong>habeant,</strong></span> <span class='ocrx_word' id='word_1_74' title='bbox 1461 1347 1710 1417; x_wconf 87' lang='lat' dir='ltr'><strong>ejusdem</strong></span> <span class='ocrx_word' id='word_1_75' title='bbox 1756 1346 2056 1417; x_wconf 67' lang='lat' dir='ltr'><strong>provincia:</strong></span> 
     </span>
    </p>
   </div>
   <div class='ocr_carea' id='block_1_14' title="bbox 489 1439 2056 1510">
    <p class='ocr_par' dir='ltr' id='par_1_14' title="bbox 489 1439 2056 1510">
     <span class='ocr_line' id='line_1_14' title="bbox 489 1439 2056 1510; baseline 0.003 -19"><span class='ocrx_word' id='word_1_76' title='bbox 489 1439 730 1508; x_wconf 86' lang='lat' dir='ltr'><strong>episc0pi</strong></span> <span class='ocrx_word' id='word_1_77' title='bbox 755 1447 905 1496; x_wconf 88' lang='lat' dir='ltr'><strong>recte</strong></span> <span class='ocrx_word' id='word_1_78' title='bbox 934 1455 1156 1495; x_wconf 89' lang='lat' dir='ltr'><strong>causam</strong></span> <span class='ocrx_word' id='word_1_79' title='bbox 1192 1454 1383 1495; x_wconf 90' lang='lat' dir='ltr'><strong>eorum</strong></span> <span class='ocrx_word' id='word_1_80' title='bbox 1421 1439 1692 1508; x_wconf 85' lang='lat' dir='ltr'><strong>judicent,</strong></span> <span class='ocrx_word' id='word_1_81' title='bbox 1734 1448 1791 1495; x_wconf 90' lang='lat' dir='ltr'><strong>et</strong></span> <span class='ocrx_word' id='word_1_82' title='bbox 1823 1455 1891 1495; x_wconf 89' lang='lat' dir='ltr'><strong>ne</strong></span> <span class='ocrx_word' id='word_1_83' title='bbox 1929 1440 2056 1510; x_wconf 91' lang='lat' dir='ltr'><strong>quis</strong></span> 
     </span>
    </p>
   </div>
   <div class='ocr_carea' id='block_1_15' title="bbox 486 1532 2050 1603">
    <p class='ocr_par' dir='ltr' id='par_1_15' title="bbox 486 1532 2050 1603">
     <span class='ocr_line' id='line_1_15' title="bbox 486 1532 2050 1603; baseline 0.002 -18"><span class='ocrx_word' id='word_1_84' title='bbox 486 1546 676 1585; x_wconf 88' lang='lat' dir='ltr'><strong>eorum</strong></span> <span class='ocrx_word' id='word_1_85' title='bbox 704 1534 1017 1602; x_wconf 86' lang='lat' dir='ltr'><strong>episcopum</strong></span> <span class='ocrx_word' id='word_1_86' title='bbox 1049 1549 1111 1586; x_wconf 82' lang='lat' dir='ltr'><strong>ex</strong></span> <span class='ocrx_word' id='word_1_87' title='bbox 1141 1532 1243 1588; x_wconf 85' lang='lat' dir='ltr'><strong>alia</strong></span> <span class='ocrx_word' id='word_1_88' title='bbox 1271 1534 1548 1603; x_wconf 83' lang='lat' dir='ltr'><strong>provincia</strong></span> <span class='ocrx_word' id='word_1_89' title='bbox 1576 1544 1824 1589; x_wconf 83' lang='lat' dir='ltr'><strong>accersat</strong></span> <span class='ocrx_word' id='word_1_90' title='bbox 1853 1551 1868 1600; x_wconf 91' lang='lat'><strong>;</strong></span> <span class='ocrx_word' id='word_1_91' title='bbox 1895 1533 2050 1589; x_wconf 84' lang='lat' dir='ltr'><strong>vide-</strong></span> 
     </span>
    </p>
   </div>
   <div class='ocr_carea' id='block_1_16' title="bbox 487 1623 2054 1694">
    <p class='ocr_par' dir='ltr' id='par_1_16' title="bbox 487 1623 2054 1694">
     <span class='ocr_line' id='line_1_16' title="bbox 487 1623 2054 1694; baseline 0.004 -20"><span class='ocrx_word' id='word_1_92' title='bbox 487 1633 577 1678; x_wconf 83' lang='lat' dir='ltr'><strong>tur</strong></span> <span class='ocrx_word' id='word_1_93' title='bbox 633 1624 779 1677; x_wconf 87' lang='lat' dir='ltr'><strong>enim</strong></span> <span class='ocrx_word' id='word_1_94' title='bbox 839 1624 1209 1693; x_wconf 82' lang='lat' dir='ltr'><strong>provinciales</strong></span> <span class='ocrx_word' id='word_1_95' title='bbox 1271 1625 1598 1694; x_wconf 78' lang='lat' dir='ltr'><strong>ignorantite</strong></span> <span class='ocrx_word' id='word_1_96' title='bbox 1643 1625 1726 1681; x_wconf 87' lang='lat' dir='ltr'><strong>vel</strong></span> <span class='ocrx_word' id='word_1_97' title='bbox 1771 1623 2054 1693; x_wconf 60' lang='lat' dir='ltr'><strong>iniustitiae</strong></span> 
     </span>
    </p>
   </div>
   <div class='ocr_carea' id='block_1_17' title="bbox 485 1715 2054 1786">
    <p class='ocr_par' dir='ltr' id='par_1_17' title="bbox 485 1715 2054 1786">
     <span class='ocr_line' id='line_1_17' title="bbox 485 1715 2054 1786; baseline 0.001 -17"><span class='ocrx_word' id='word_1_98' title='bbox 485 1731 762 1770; x_wconf 87' lang='lat' dir='ltr'><strong>accusare.</strong></span> <span class='ocrx_word' id='word_1_99' title='bbox 798 1715 950 1782; x_wconf 83' lang='lat' dir='ltr'><strong>Quod</strong></span> <span class='ocrx_word' id='word_1_100' title='bbox 989 1717 1032 1770; x_wconf 89' lang='lat' dir='ltr'><strong>si</strong></span> <span class='ocrx_word' id='word_1_101' title='bbox 1068 1716 1354 1786; x_wconf 78' lang='lat' dir='ltr'><strong>quisquam</strong></span> <span class='ocrx_word' id='word_1_102' title='bbox 1385 1717 1453 1771; x_wconf 90' lang='lat' dir='ltr'><strong>ab</strong></span> <span class='ocrx_word' id='word_1_103' title='bbox 1480 1717 1548 1772; x_wconf 89' lang='lat' dir='ltr'><strong>iis</strong></span> <span class='ocrx_word' id='word_1_104' title='bbox 1573 1717 1972 1772; x_wconf 79' lang='lat' dir='ltr'><strong>condemnatus</strong></span> <span class='ocrx_word' id='word_1_105' title='bbox 1994 1730 2054 1771; x_wconf 86' lang='lat' dir='ltr'><strong>se</strong></span> 
     </span>
    </p>
   </div>
   <div class='ocr_carea' id='block_1_18' title="bbox 486 1806 2054 1879">
    <p class='ocr_par' dir='ltr' id='par_1_18' title="bbox 486 1806 2054 1879">
     <span class='ocr_line' id='line_1_18' title="bbox 486 1806 2054 1879; baseline 0.003 -20"><span class='ocrx_word' id='word_1_106' title='bbox 486 1806 686 1876; x_wconf 80' lang='lat' dir='ltr'><strong>injuria</strong></span> <span class='ocrx_word' id='word_1_107' title='bbox 708 1806 846 1862; x_wconf 70' lang='lat' dir='ltr'><strong>allici</strong></span> <span class='ocrx_word' id='word_1_108' title='bbox 880 1822 1073 1862; x_wconf 88' lang='lat' dir='ltr'><strong>rursus</strong></span> <span class='ocrx_word' id='word_1_109' title='bbox 1099 1809 1419 1876; x_wconf 57' lang='lat' dir='ltr'><strong>praetendat,</strong></span> <span class='ocrx_word' id='word_1_110' title='bbox 1468 1809 1706 1878; x_wconf 80' lang='lat' dir='ltr'><strong>episcopi</strong></span> <span class='ocrx_word' id='word_1_111' title='bbox 1761 1807 2054 1879; x_wconf 54' lang='lat' dir='ltr'><strong>provincia}</strong></span> 
     </span>
    </p>
   </div>
   <div class='ocr_carea' id='block_1_19' title="bbox 486 1899 2053 1970">
    <p class='ocr_par' dir='ltr' id='par_1_19' title="bbox 486 1899 2053 1970">
     <span class='ocr_line' id='line_1_19' title="bbox 486 1899 2053 1970; baseline -0.001 -16"><span class='ocrx_word' id='word_1_112' title='bbox 486 1909 778 1969; x_wconf 82' lang='lat' dir='ltr'><strong>utrumque</strong></span> <span class='ocrx_word' id='word_1_113' title='bbox 807 1899 876 1952; x_wconf 87' lang='lat' dir='ltr'><strong>ad</strong></span> <span class='ocrx_word' id='word_1_114' title='bbox 906 1915 1098 1968; x_wconf 87' lang='lat' dir='ltr'><strong>papam</strong></span> <span class='ocrx_word' id='word_1_115' title='bbox 1131 1901 1366 1966; x_wconf 86' lang='lat' dir='ltr'><strong>mittant,</strong></span> <span class='ocrx_word' id='word_1_116' title='bbox 1409 1916 1530 1970; x_wconf 69' lang='lat' dir='ltr'><strong>quae</strong></span> <span class='ocrx_word' id='word_1_117' title='bbox 1567 1903 1632 1956; x_wconf 86' lang='lat' dir='ltr'><strong>ad</strong></span> <span class='ocrx_word' id='word_1_118' title='bbox 1660 1917 1848 1956; x_wconf 79' lang='lat' dir='ltr'><strong>eorum</strong></span> <span class='ocrx_word' id='word_1_119' title='bbox 1919 1915 2053 1956; x_wconf 75' lang='lat' dir='ltr'><strong>ean-</strong></span> 
     </span>
    </p>
   </div>
   <div class='ocr_carea' id='block_1_20' title="bbox 2163 695 3638 771">
    <p class='ocr_par' dir='ltr' id='par_1_20' title="bbox 2163 695 3638 771">
     <span class='ocr_line' id='line_1_20' title="bbox 2163 695 3638 771; baseline 0.011 -21"><span class='ocrx_word' id='word_1_120' title='bbox 2163 695 2414 767; x_wconf 82' lang='grc' dir='ltr'>θρὼπινα</span> <span class='ocrx_word' id='word_1_121' title='bbox 2446 701 2771 771; x_wconf 84' lang='grc' dir='ltr'>πράγματα,</span> <span class='ocrx_word' id='word_1_122' title='bbox 2797 702 2892 758; x_wconf 72' lang='grc' dir='ltr'>καὶ</span> <span class='ocrx_word' id='word_1_123' title='bbox 2916 702 2980 757; x_wconf 82' lang='grc' dir='ltr'>τὸ</span> <span class='ocrx_word' id='word_1_124' title='bbox 3008 703 3215 762; x_wconf 87' lang='grc' dir='ltr'>δίκαιον</span> <span class='ocrx_word' id='word_1_125' title='bbox 3245 705 3341 768; x_wconf 77' lang='grc' dir='ltr'>καὶ</span> <span class='ocrx_word' id='word_1_126' title='bbox 3369 706 3429 758; x_wconf 81' lang='grc' dir='ltr'><strong>τδ</strong></span> <span class='ocrx_word' id='word_1_127' title='bbox 3447 707 3638 766; x_wconf 72' lang='grc' dir='ltr'>ἄδικον.</span> 
     </span>
    </p>
   </div>
   <div class='ocr_carea' id='block_1_21' title="bbox 2112 809 3698 895">
    <p class='ocr_par' dir='ltr' id='par_1_21' title="bbox 2112 809 3698 895">
     <span class='ocr_line' id='line_1_21' title="bbox 2112 809 3698 895; baseline 0.008 -31"><span class='ocrx_word' id='word_1_128' title='bbox 2112 881 2120 890; x_wconf 31' lang='grc'><strong><em>1</em></strong></span> <span class='ocrx_word' id='word_1_129' title='bbox 2162 809 2648 895; x_wconf 43' lang='lat' dir='ltr'><strong>ﬁliaiam-2&#39;13].</strong></span> <span class='ocrx_word' id='word_1_130' title='bbox 2670 814 2809 895; x_wconf 71' lang='grc' dir='ltr'>Περὶ</span> <span class='ocrx_word' id='word_1_131' title='bbox 2847 815 3534 895; x_wconf 46' lang='grc' dir='ltr'>δικαστηρίων-καιρῶν</span> <span class='ocrx_word' id='word_1_132' title='bbox 3550 822 3698 892; x_wconf 73' lang='grc' dir='ltr'>δίκας</span> 
     </span>
    </p>
   </div>
   <div class='ocr_carea' id='block_1_22' title="bbox 2395 883 3486 954">
    <p class='ocr_par' dir='ltr' id='par_1_22' title="bbox 2395 883 3486 954">
     <span class='ocr_line' id='line_1_22' title="bbox 2395 883 3486 954; baseline 0.007 -18"><span class='ocrx_word' id='word_1_133' title='bbox 2395 883 2658 952; x_wconf 56' lang='grc' dir='ltr'>ἐχόντων</span> <span class='ocrx_word' id='word_1_134' title='bbox 2684 884 2988 954; x_wconf 75' lang='grc' dir='ltr'>κληρικῶν</span> <span class='ocrx_word' id='word_1_135' title='bbox 3017 883 3212 942; x_wconf 34' lang='grc' dir='ltr'>τετκαί</span> <span class='ocrx_word' id='word_1_136' title='bbox 3235 889 3486 953; x_wconf 72' lang='grc' dir='ltr'>λατκῶν.</span> 
     </span>
    </p>
   </div>
   <div class='ocr_carea' id='block_1_23' title="bbox 2246 972 3699 1050">
    <p class='ocr_par' dir='ltr' id='par_1_23' title="bbox 2246 972 3699 1050">
     <span class='ocr_line' id='line_1_23' title="bbox 2246 972 3699 1050; baseline 0.006 -24"><span class='ocrx_word' id='word_1_137' title='bbox 2246 972 2386 1027; x_wconf 72' lang='grc' dir='ltr'><strong>Ἀλλ’</strong></span> <span class='ocrx_word' id='word_1_138' title='bbox 2423 973 2452 1028; x_wconf 82' lang='grc' dir='ltr'><strong>ό</strong></span> <span class='ocrx_word' id='word_1_139' title='bbox 2511 975 2609 1044; x_wconf 66' lang='grc' dir='ltr'><strong>μὲν</strong></span> <span class='ocrx_word' id='word_1_140' title='bbox 2661 973 2804 1038; x_wconf 72' lang='grc' dir='ltr'>θεῖος</span> <span class='ocrx_word' id='word_1_141' title='bbox 2855 975 3202 1045; x_wconf 77' lang='grc' dir='ltr'>Ἀπόστολος,</span> <span class='ocrx_word' id='word_1_142' title='bbox 3248 979 3552 1050; x_wconf 78' lang='grc' dir='ltr'><strong>Κορινθίοις</strong></span> <span class='ocrx_word' id='word_1_143' title='bbox 3594 981 3699 1034; x_wconf 81' lang='grc' dir='ltr'>ἐπι-</span> 
     </span>
    </p>
   </div>
   <div class='ocr_carea' id='block_1_24' title="bbox 2160 1064 3700 1142">
    <p class='ocr_par' dir='ltr' id='par_1_24' title="bbox 2160 1064 3700 1142">
     <span class='ocr_line' id='line_1_24' title="bbox 2160 1064 3700 1142; baseline 0.005 -24"><span class='ocrx_word' id='word_1_144' title='bbox 2160 1064 2413 1132; x_wconf 82' lang='grc' dir='ltr'><strong>στέλλων,</strong></span> <span class='ocrx_word' id='word_1_145' title='bbox 2442 1067 2640 1135; x_wconf 81' lang='grc' dir='ltr'>φησίν·</span> <span class='ocrx_word' id='word_1_146' title='bbox 2672 1085 2692 1119; x_wconf 81' lang='grc' dir='ltr'><strong>ι</strong></span> <span class='ocrx_word' id='word_1_147' title='bbox 2730 1066 2910 1132; x_wconf 82' lang='grc' dir='ltr'>Ὅλως</span> <span class='ocrx_word' id='word_1_148' title='bbox 2939 1069 3160 1140; x_wconf 68' lang='grc' dir='ltr'>ἥττημα</span> <span class='ocrx_word' id='word_1_149' title='bbox 3182 1070 3312 1140; x_wconf 83' lang='grc' dir='ltr'>ὑμῖν</span> <span class='ocrx_word' id='word_1_150' title='bbox 3329 1073 3467 1138; x_wconf 84' lang='grc' dir='ltr'>ἐστι,</span> <span class='ocrx_word' id='word_1_151' title='bbox 3491 1072 3566 1127; x_wconf 83' lang='grc' dir='ltr'>ὃτι</span> <span class='ocrx_word' id='word_1_152' title='bbox 3601 1073 3700 1142; x_wconf 80' lang='grc' dir='ltr'>κρί-</span> 
     </span>
    </p>
   </div>
   <div class='ocr_carea' id='block_1_25' title="bbox 2161 1157 3698 1233">
    <p class='ocr_par' dir='ltr' id='par_1_25' title="bbox 2161 1157 3698 1233">
     <span class='ocr_line' id='line_1_25' title="bbox 2161 1157 3698 1233; baseline 0.006 -24"><span class='ocrx_word' id='word_1_153' title='bbox 2161 1174 2304 1227; x_wconf 81' lang='grc' dir='ltr'>ματα</span> <span class='ocrx_word' id='word_1_154' title='bbox 2330 1157 2482 1228; x_wconf 77' lang='grc' dir='ltr'>ἔχετε</span> <span class='ocrx_word' id='word_1_155' title='bbox 2513 1158 2634 1229; x_wconf 82' lang='grc' dir='ltr'>μεθ’</span> <span class='ocrx_word' id='word_1_156' title='bbox 2667 1159 2902 1216; x_wconf 79' lang='grc' dir='ltr'>ἑαυτῶν.</span> <span class='ocrx_word' id='word_1_157' title='bbox 2939 1179 2960 1214; x_wconf 74' lang='grc' dir='ltr'><strong>ι</strong></span> <span class='ocrx_word' id='word_1_158' title='bbox 2998 1161 3191 1232; x_wconf 83' lang='grc' dir='ltr'><strong>Ὅμως</strong></span> <span class='ocrx_word' id='word_1_159' title='bbox 3236 1179 3300 1230; x_wconf 82' lang='grc' dir='ltr'>γε</span> <span class='ocrx_word' id='word_1_160' title='bbox 3343 1163 3450 1233; x_wconf 83' lang='grc' dir='ltr'>μὴν</span> <span class='ocrx_word' id='word_1_161' title='bbox 3478 1165 3505 1216; x_wconf 78' lang='grc' dir='ltr'><strong>ὁ</strong></span> <span class='ocrx_word' id='word_1_162' title='bbox 3544 1164 3630 1233; x_wconf 81' lang='grc' dir='ltr'>τῆς</span> <span class='ocrx_word' id='word_1_163' title='bbox 3651 1168 3698 1218; x_wconf 82' lang='grc' dir='ltr'><strong>ἐν</strong></span> 
     </span>
    </p>
   </div>
   <div class='ocr_carea' id='block_1_26' title="bbox 2157 1249 3699 1326">
    <p class='ocr_par' dir='ltr' id='par_1_26' title="bbox 2157 1249 3699 1326">
     <span class='ocr_line' id='line_1_26' title="bbox 2157 1249 3699 1326; baseline 0.005 -24"><span class='ocrx_word' id='word_1_164' title='bbox 2157 1249 2394 1322; x_wconf 78' lang='grc' dir='ltr'>Σαρδικῇ</span> <span class='ocrx_word' id='word_1_165' title='bbox 2429 1252 2652 1306; x_wconf 79' lang='grc' dir='ltr'>συνόδου</span> <span class='ocrx_word' id='word_1_166' title='bbox 2675 1252 2856 1322; x_wconf 87' lang='grc' dir='ltr'>τρίτος</span> <span class='ocrx_word' id='word_1_167' title='bbox 2886 1253 3090 1322; x_wconf 83' lang='grc' dir='ltr'>κανὼν,</span> <span class='ocrx_word' id='word_1_168' title='bbox 3115 1255 3177 1310; x_wconf 80' lang='lat' dir='ltr'><strong>Ei</strong></span> <span class='ocrx_word' id='word_1_169' title='bbox 3203 1254 3362 1326; x_wconf 82' lang='grc' dir='ltr'>δίκην</span> <span class='ocrx_word' id='word_1_170' title='bbox 3390 1258 3559 1326; x_wconf 82' lang='grc' dir='ltr'><strong>σχοῖεν</strong></span> <span class='ocrx_word' id='word_1_171' title='bbox 3585 1258 3699 1326; x_wconf 70' lang='grc' dir='ltr'>πρὸς</span> 
     </span>
    </p>
   </div>
   <div class='ocr_carea' id='block_1_27' title="bbox 2157 1341 3699 1419">
    <p class='ocr_par' dir='ltr' id='par_1_27' title="bbox 2157 1341 3699 1419">
     <span class='ocr_line' id='line_1_27' title="bbox 2157 1341 3699 1419; baseline 0.003 -25"><span class='ocrx_word' id='word_1_172' title='bbox 2157 1341 2422 1412; x_wconf 78' lang='grc' dir='ltr'><strong>ἀλλήλους</strong></span> <span class='ocrx_word' id='word_1_173' title='bbox 2470 1343 2764 1400; x_wconf 79' lang='grc' dir='ltr'>ἐπίσκοποι</span> <span class='ocrx_word' id='word_1_174' title='bbox 2813 1343 2928 1410; x_wconf 83' lang='grc' dir='ltr'>δύο,</span> <span class='ocrx_word' id='word_1_175' title='bbox 2978 1346 3169 1415; x_wconf 77' lang='grc' dir='ltr'>φησὶν,</span> <span class='ocrx_word' id='word_1_176' title='bbox 3214 1347 3264 1400; x_wconf 77' lang='grc' dir='ltr'>οἱ</span> <span class='ocrx_word' id='word_1_177' title='bbox 3312 1346 3417 1415; x_wconf 83' lang='grc' dir='ltr'>τῆς</span> <span class='ocrx_word' id='word_1_178' title='bbox 3463 1349 3699 1419; x_wconf 81' lang='grc' dir='ltr'>ἐπαρχίας</span> 
     </span>
    </p>
   </div>
   <div class='ocr_carea' id='block_1_28' title="bbox 2156 1433 3698 1502">
    <p class='ocr_par' dir='ltr' id='par_1_28' title="bbox 2156 1433 3698 1502">
     <span class='ocr_line' id='line_1_28' title="bbox 2156 1433 3698 1502; baseline 0.006 -18"><span class='ocrx_word' id='word_1_179' title='bbox 2156 1433 2372 1502; x_wconf 81' lang='grc' dir='ltr'>ἐκείνης</span> <span class='ocrx_word' id='word_1_180' title='bbox 2411 1434 2702 1498; x_wconf 75' lang='grc' dir='ltr'>ἐπίσκοποι</span> <span class='ocrx_word' id='word_1_181' title='bbox 2742 1434 2926 1498; x_wconf 86' lang='grc' dir='ltr'>καλῶς</span> <span class='ocrx_word' id='word_1_182' title='bbox 2972 1437 3160 1502; x_wconf 74' lang='grc' dir='ltr'>αὐτοῖς</span> <span class='ocrx_word' id='word_1_183' title='bbox 3193 1435 3581 1502; x_wconf 78' lang='grc' dir='ltr'>δικαζέτωσαν,</span> <span class='ocrx_word' id='word_1_184' title='bbox 3619 1441 3698 1493; x_wconf 87' lang='grc' dir='ltr'>καὶ</span> 
     </span>
    </p>
   </div>
   <div class='ocr_carea' id='block_1_29' title="bbox 2160 1523 3700 1601">
    <p class='ocr_par' dir='ltr' id='par_1_29' title="bbox 2160 1523 3700 1601">
     <span class='ocr_line' id='line_1_29' title="bbox 2160 1523 3700 1601; baseline 0.003 -24"><span class='ocrx_word' id='word_1_185' title='bbox 2160 1523 2236 1593; x_wconf 81' lang='grc' dir='ltr'>μὴ</span> <span class='ocrx_word' id='word_1_186' title='bbox 2269 1523 2328 1588; x_wconf 81' lang='grc' dir='ltr'>ἐξ</span> <span class='ocrx_word' id='word_1_187' title='bbox 2356 1523 2552 1596; x_wconf 79' lang='grc' dir='ltr'>ἐτέρας</span> <span class='ocrx_word' id='word_1_188' title='bbox 2591 1525 2847 1596; x_wconf 81' lang='grc' dir='ltr'><strong>τολμάτω</strong></span> <span class='ocrx_word' id='word_1_189' title='bbox 2886 1543 2969 1590; x_wconf 89' lang='grc' dir='ltr'><strong>τις</strong></span> <span class='ocrx_word' id='word_1_190' title='bbox 3010 1527 3192 1582; x_wconf 86' lang='grc' dir='ltr'>αὑτῶν</span> <span class='ocrx_word' id='word_1_191' title='bbox 3234 1530 3529 1584; x_wconf 84' lang='grc' dir='ltr'>ἐπίσκοπον</span> <span class='ocrx_word' id='word_1_192' title='bbox 3555 1547 3700 1601; x_wconf 85' lang='grc' dir='ltr'>μετα-</span> 
     </span>
    </p>
   </div>
   <div class='ocr_carea' id='block_1_30' title="bbox 2156 1615 3702 1696">
    <p class='ocr_par' dir='ltr' id='par_1_30' title="bbox 2156 1615 3702 1696">
     <span class='ocr_line' id='line_1_30' title="bbox 2156 1615 3702 1696; baseline 0.009 -29"><span class='ocrx_word' id='word_1_193' title='bbox 2156 1615 2480 1685; x_wconf 79' lang='grc' dir='ltr'>πέμπεσθαι</span> <span class='ocrx_word' id='word_1_194' title='bbox 2512 1637 2527 1652; x_wconf 78' lang='grc' dir='ltr'><strong><em>ο</em></strong></span> <span class='ocrx_word' id='word_1_195' title='bbox 2557 1619 2698 1687; x_wconf 76' lang='grc' dir='ltr'>δόξει</span> <span class='ocrx_word' id='word_1_196' title='bbox 2745 1623 2854 1694; x_wconf 80' lang='grc' dir='ltr'>γὰρ</span> <span class='ocrx_word' id='word_1_197' title='bbox 2901 1624 2978 1688; x_wconf 81' lang='grc' dir='ltr'><strong>ὡς</strong></span> <span class='ocrx_word' id='word_1_198' title='bbox 3019 1624 3252 1693; x_wconf 81' lang='grc' dir='ltr'>ἀμαθῶν</span> <span class='ocrx_word' id='word_1_199' title='bbox 3295 1625 3328 1696; x_wconf 81' lang='grc' dir='ltr'>ἢ</span> <span class='ocrx_word' id='word_1_200' title='bbox 3381 1626 3573 1682; x_wconf 82' lang='grc' dir='ltr'>ἀδίκων</span> <span class='ocrx_word' id='word_1_201' title='bbox 3608 1628 3702 1681; x_wconf 84' lang='grc' dir='ltr'><strong>τῶν</strong></span> 
     </span>
    </p>
   </div>
   <div class='ocr_carea' id='block_1_31' title="bbox 2159 1706 3704 1790">
    <p class='ocr_par' dir='ltr' id='par_1_31' title="bbox 2159 1706 3704 1790">
     <span class='ocr_line' id='line_1_31' title="bbox 2159 1706 3704 1790; baseline 0.01 -31"><span class='ocrx_word' id='word_1_202' title='bbox 2159 1706 2302 1760; x_wconf 86' lang='grc' dir='ltr'>ίδίων</span> <span class='ocrx_word' id='word_1_203' title='bbox 2337 1708 2513 1781; x_wconf 84' lang='grc' dir='ltr'>δήπου</span> <span class='ocrx_word' id='word_1_204' title='bbox 2554 1713 3014 1784; x_wconf 77' lang='grc' dir='ltr'>καταγινώσκειν.</span> <span class='ocrx_word' id='word_1_205' title='bbox 3076 1715 3186 1772; x_wconf 87' lang='grc' dir='ltr'><strong>Τοῦ</strong></span> <span class='ocrx_word' id='word_1_206' title='bbox 3227 1717 3284 1770; x_wconf 84' lang='grc' dir='ltr'><strong>δέ</strong></span> <span class='ocrx_word' id='word_1_207' title='bbox 3338 1718 3477 1790; x_wconf 77' lang='grc' dir='ltr'>πρὸς</span> <span class='ocrx_word' id='word_1_208' title='bbox 3521 1719 3704 1774; x_wconf 86' lang='grc' dir='ltr'>τούτων</span> 
     </span>
    </p>
   </div>
   <div class='ocr_carea' id='block_1_32' title="bbox 2157 1803 3702 1884">
    <p class='ocr_par' dir='ltr' id='par_1_32' title="bbox 2157 1803 3702 1884">
     <span class='ocr_line' id='line_1_32' title="bbox 2157 1803 3702 1884; baseline 0.006 -28"><span class='ocrx_word' id='word_1_209' title='bbox 2157 1803 2674 1872; x_wconf 74' lang='grc' dir='ltr'>καταδικασθέντος,</span> <span class='ocrx_word' id='word_1_210' title='bbox 2708 1808 2806 1863; x_wconf 79' lang='grc' dir='ltr'>καὶ</span> <span class='ocrx_word' id='word_1_211' title='bbox 2843 1809 3002 1874; x_wconf 75' lang='grc' dir='ltr'>αὖθις</span> <span class='ocrx_word' id='word_1_212' title='bbox 3044 1811 3356 1866; x_wconf 84' lang='grc' dir='ltr'>ἀδικεῖσθαι</span> <span class='ocrx_word' id='word_1_213' title='bbox 3395 1813 3702 1884; x_wconf 84' lang='grc' dir='ltr'>διατεινομέ-</span> 
     </span>
    </p>
   </div>
   <div class='ocr_carea' id='block_1_33' title="bbox 2155 1894 3703 1974">
    <p class='ocr_par' dir='ltr' id='par_1_33' title="bbox 2155 1894 3703 1974">
     <span class='ocr_line' id='line_1_33' title="bbox 2155 1894 3703 1974; baseline 0.008 -28"><span class='ocrx_word' id='word_1_214' title='bbox 2155 1911 2246 1947; x_wconf 88' lang='grc' dir='ltr'><strong>νου</strong></span> <span class='ocrx_word' id='word_1_215' title='bbox 2279 1894 2358 1964; x_wconf 78' lang='grc' dir='ltr'>τῷ</span> <span class='ocrx_word' id='word_1_216' title='bbox 2379 1895 2584 1968; x_wconf 83' lang='grc' dir='ltr'>πάππᾳ</span> <span class='ocrx_word' id='word_1_217' title='bbox 2612 1899 2706 1952; x_wconf 72' lang='grc' dir='ltr'>καὶ</span> <span class='ocrx_word' id='word_1_218' title='bbox 2723 1899 3133 1972; x_wconf 68' lang='grc' dir='ltr'>ἀμφοτέρουςιοί</span> <span class='ocrx_word' id='word_1_219' title='bbox 3160 1903 3262 1971; x_wconf 84' lang='grc' dir='ltr'>τῆς</span> <span class='ocrx_word' id='word_1_220' title='bbox 3289 1902 3554 1974; x_wconf 88' lang='grc' dir='ltr'>ἐπαρχίας</span> <span class='ocrx_word' id='word_1_221' title='bbox 3583 1920 3703 1973; x_wconf 82' lang='grc' dir='ltr'>πιμ-</span> 
     </span>
    </p>
   </div>
   <div class='ocr_carea' id='block_1_34' title="bbox 486 1975 2047 2062">
    <p class='ocr_par' dir='ltr' id='par_1_34' title="bbox 486 1989 2047 2060">
     <span class='ocr_line' id='line_1_34' title="bbox 486 1989 2047 2060; baseline 0 -16"><span class='ocrx_word' id='word_1_222' title='bbox 486 2005 601 2045; x_wconf 84' lang='lat' dir='ltr'><strong>sam</strong></span> <span class='ocrx_word' id='word_1_223' title='bbox 638 1996 885 2060; x_wconf 83' lang='lat' dir='ltr'><strong>spectant</strong></span> <span class='ocrx_word' id='word_1_224' title='bbox 907 1990 964 2044; x_wconf 84' lang='lat' dir='ltr'><strong>in</strong></span> <span class='ocrx_word' id='word_1_225' title='bbox 1001 1989 1192 2044; x_wconf 83' lang='lat' dir='ltr'><strong>litteris</strong></span> <span class='ocrx_word' id='word_1_226' title='bbox 1215 1989 1540 2055; x_wconf 88' lang='lat' dir='ltr'><strong>scribentes,</strong></span> <span class='ocrx_word' id='word_1_227' title='bbox 1569 2000 1625 2045; x_wconf 89' lang='lat' dir='ltr'><strong>et</strong></span> <span class='ocrx_word' id='word_1_228' title='bbox 1660 1990 1712 2044; x_wconf 91' lang='lat' dir='ltr'><strong>in</strong></span> <span class='ocrx_word' id='word_1_229' title='bbox 1749 1989 1869 2060; x_wconf 89' lang='lat' dir='ltr'><strong>ejus</strong></span> <span class='ocrx_word' id='word_1_230' title='bbox 1894 1998 2047 2059; x_wconf 84' lang='lat' dir='ltr'><strong>pote-</strong></span> 
     </span>
    </p>
   </div>
   <div class='ocr_carea' id='block_1_35' title="bbox 2154 1975 3702 2062">
    <p class='ocr_par' dir='ltr' id='par_1_35' title="bbox 2157 1978 3702 2062">
     <span class='ocr_line' id='line_1_35' title="bbox 2157 1978 3702 2062; baseline 0.005 -22"><span class='ocrx_word' id='word_1_231' title='bbox 2157 1985 2432 2052; x_wconf 83' lang='grc' dir='ltr'>πέτωσαν,</span> <span class='ocrx_word' id='word_1_232' title='bbox 2468 1988 2779 2058; x_wconf 74' lang='grc' dir='ltr'>γράψαντες</span> <span class='ocrx_word' id='word_1_233' title='bbox 2815 1990 2912 2062; x_wconf 76' lang='grc' dir='ltr'>καὶ</span> <span class='ocrx_word' id='word_1_234' title='bbox 2959 1991 3029 2045; x_wconf 87' lang='grc' dir='ltr'>τὰ</span> <span class='ocrx_word' id='word_1_235' title='bbox 3077 1990 3198 2048; x_wconf 85' lang='grc' dir='ltr'>κατ’</span> <span class='ocrx_word' id='word_1_236' title='bbox 3228 1992 3461 2055; x_wconf 76' lang='grc' dir='ltr'>αὐτούς’</span> <span class='ocrx_word' id='word_1_237' title='bbox 3505 1993 3590 2048; x_wconf 78' lang='grc' dir='ltr'>καὶ</span> <span class='ocrx_word' id='word_1_238' title='bbox 3621 1978 3702 2048; x_wconf 74' lang='grc' dir='ltr'>ἐπ’</span> 
     </span>
    </p>
   </div>
   <div class='ocr_carea' id='block_1_36' title="bbox 485 2083 2054 2156">
    <p class='ocr_par' dir='ltr' id='par_1_36' title="bbox 485 2083 2054 2156">
     <span class='ocr_line' id='line_1_36' title="bbox 485 2083 2054 2156; baseline 0.001 -17"><span class='ocrx_word' id='word_1_239' title='bbox 485 2093 624 2139; x_wconf 84' lang='lat' dir='ltr'><strong>state</strong></span> <span class='ocrx_word' id='word_1_240' title='bbox 651 2083 756 2138; x_wconf 81' lang='lat' dir='ltr'><strong>erit</strong></span> <span class='ocrx_word' id='word_1_241' title='bbox 790 2084 1175 2150; x_wconf 71' lang='lat' dir='ltr'><strong>deter-minare,</strong></span> <span class='ocrx_word' id='word_1_242' title='bbox 1211 2101 1280 2139; x_wconf 87' lang='lat' dir='ltr'><strong>an</strong></span> <span class='ocrx_word' id='word_1_243' title='bbox 1313 2100 1476 2140; x_wconf 85' lang='lat' dir='ltr'><strong>causa</strong></span> <span class='ocrx_word' id='word_1_244' title='bbox 1511 2086 1708 2140; x_wconf 92' lang='lat' dir='ltr'><strong>iterum</strong></span> <span class='ocrx_word' id='word_1_245' title='bbox 1729 2085 1938 2156; x_wconf 88' lang='lat' dir='ltr'><strong>judicio</strong></span> <span class='ocrx_word' id='word_1_246' title='bbox 1961 2084 2054 2141; x_wconf 87' lang='lat' dir='ltr'><strong>da-</strong></span> 
     </span>
    </p>
   </div>
   <div class='ocr_carea' id='block_1_37' title="bbox 486 2175 1856 2246">
    <p class='ocr_par' dir='ltr' id='par_1_37' title="bbox 486 2175 1856 2246">
     <span class='ocr_line' id='line_1_37' title="bbox 486 2175 1856 2246; baseline 0.001 -16"><span class='ocrx_word' id='word_1_247' title='bbox 486 2177 654 2237; x_wconf 85' lang='lat' dir='ltr'><strong>bitur,</strong></span> <span class='ocrx_word' id='word_1_248' title='bbox 677 2191 744 2229; x_wconf 91' lang='lat' dir='ltr'><strong>an</strong></span> <span class='ocrx_word' id='word_1_249' title='bbox 775 2192 898 2246; x_wconf 67' lang='lat' dir='ltr'><strong>qua:</strong></span> <span class='ocrx_word' id='word_1_250' title='bbox 940 2175 1158 2232; x_wconf 85' lang='lat' dir='ltr'><strong>decreta</strong></span> <span class='ocrx_word' id='word_1_251' title='bbox 1192 2188 1320 2233; x_wconf 90' lang='lat' dir='ltr'><strong>sunt</strong></span> <span class='ocrx_word' id='word_1_252' title='bbox 1353 2177 1504 2231; x_wconf 85' lang='lat' dir='ltr'><strong>lirma</strong></span> <span class='ocrx_word' id='word_1_253' title='bbox 1535 2178 1856 2232; x_wconf 86' lang='lat' dir='ltr'><strong>manebunt.</strong></span> 
     </span>
    </p>
   </div>
   <div class='ocr_carea' id='block_1_38' title="bbox 555 2268 2054 2341">
    <p class='ocr_par' dir='ltr' id='par_1_38' title="bbox 555 2268 2054 2341">
     <span class='ocr_line' id='line_1_38' title="bbox 555 2268 2054 2341; baseline 0.001 -17"><span class='ocrx_word' id='word_1_254' title='bbox 555 2269 744 2324; x_wconf 88' lang='lat' dir='ltr'><strong>Canon</strong></span> <span class='ocrx_word' id='word_1_255' title='bbox 772 2279 956 2324; x_wconf 83' lang='lat' dir='ltr'><strong>autem</strong></span> <span class='ocrx_word' id='word_1_256' title='bbox 985 2269 1084 2326; x_wconf 73' lang='lat'><strong>107</strong></span> <span class='ocrx_word' id='word_1_257' title='bbox 1142 2285 1263 2340; x_wconf 83' lang='lat' dir='ltr'><strong>syn.</strong></span> <span class='ocrx_word' id='word_1_258' title='bbox 1317 2270 1578 2340; x_wconf 77' lang='lat' dir='ltr'><strong>Carthag.</strong></span> <span class='ocrx_word' id='word_1_259' title='bbox 1641 2268 1733 2324; x_wconf 90' lang='lat' dir='ltr'><strong>uni</strong></span> <span class='ocrx_word' id='word_1_260' title='bbox 1799 2268 2054 2341; x_wconf 85' lang='lat' dir='ltr'><strong>episcopo</strong></span> 
     </span>
    </p>
   </div>
   <div class='ocr_carea' id='block_1_39' title="bbox 485 2361 2050 2432">
    <p class='ocr_par' dir='ltr' id='par_1_39' title="bbox 485 2361 2050 2432">
     <span class='ocr_line' id='line_1_39' title="bbox 485 2361 2050 2432; baseline 0.001 -16"><span class='ocrx_word' id='word_1_261' title='bbox 485 2377 707 2417; x_wconf 86' lang='lat' dir='ltr'><strong>causam</strong></span> <span class='ocrx_word' id='word_1_262' title='bbox 742 2363 975 2416; x_wconf 89' lang='lat' dir='ltr'><strong>duorum</strong></span> <span class='ocrx_word' id='word_1_263' title='bbox 1031 2363 1415 2432; x_wconf 89' lang='lat' dir='ltr'><strong>episcoporum</strong></span> <span class='ocrx_word' id='word_1_264' title='bbox 1468 2363 1610 2416; x_wconf 88' lang='lat' dir='ltr'><strong>inter</strong></span> <span class='ocrx_word' id='word_1_265' title='bbox 1661 2377 1719 2417; x_wconf 89' lang='lat' dir='ltr'><strong>se</strong></span> <span class='ocrx_word' id='word_1_266' title='bbox 1759 2361 1908 2418; x_wconf 90' lang='lat' dir='ltr'><strong>litem</strong></span> <span class='ocrx_word' id='word_1_267' title='bbox 1952 2362 2050 2418; x_wconf 91' lang='lat' dir='ltr'><strong>ha-</strong></span> 
     </span>
    </p>
   </div>
   <div class='ocr_carea' id='block_1_40' title="bbox 482 2453 2047 2525">
    <p class='ocr_par' dir='ltr' id='par_1_40' title="bbox 482 2453 2047 2525">
     <span class='ocr_line' id='line_1_40' title="bbox 482 2453 2047 2525; baseline 0.002 -17"><span class='ocrx_word' id='word_1_268' title='bbox 482 2454 728 2509; x_wconf 85' lang='lat' dir='ltr'><strong>bentium</strong></span> <span class='ocrx_word' id='word_1_269' title='bbox 759 2453 1010 2524; x_wconf 81' lang='lat' dir='ltr'><strong>judicare</strong></span> <span class='ocrx_word' id='word_1_270' title='bbox 1032 2470 1137 2508; x_wconf 91' lang='lat' dir='ltr'><strong>non</strong></span> <span class='ocrx_word' id='word_1_271' title='bbox 1171 2455 1472 2525; x_wconf 84' lang='lat' dir='ltr'><strong>permittit;</strong></span> <span class='ocrx_word' id='word_1_272' title='bbox 1509 2454 1696 2524; x_wconf 89' lang='lat' dir='ltr'><strong>utique</strong></span> <span class='ocrx_word' id='word_1_273' title='bbox 1727 2470 1826 2511; x_wconf 85' lang='lat' dir='ltr'><strong>nec</strong></span> <span class='ocrx_word' id='word_1_274' title='bbox 1861 2454 2047 2511; x_wconf 88' lang='lat' dir='ltr'><strong>clerici</strong></span> 
     </span>
    </p>
   </div>
   <div class='ocr_carea' id='block_1_41' title="bbox 482 2545 1368 2615">
    <p class='ocr_par' dir='ltr' id='par_1_41' title="bbox 482 2545 1368 2615">
     <span class='ocr_line' id='line_1_41' title="bbox 482 2545 1368 2615; baseline 0.005 -15"><span class='ocrx_word' id='word_1_275' title='bbox 482 2561 605 2600; x_wconf 89' lang='lat' dir='ltr'><strong>cum</strong></span> <span class='ocrx_word' id='word_1_276' title='bbox 641 2545 896 2615; x_wconf 87' lang='lat' dir='ltr'><strong>episcopo</strong></span> <span class='ocrx_word' id='word_1_277' title='bbox 926 2545 1073 2601; x_wconf 85' lang='lat' dir='ltr'><strong>litem</strong></span> <span class='ocrx_word' id='word_1_278' title='bbox 1099 2545 1368 2604; x_wconf 82' lang='lat' dir='ltr'><strong>habentis.</strong></span> 
     </span>
    </p>
   </div>
   <div class='ocr_carea' id='block_1_42' title="bbox 557 2629 2046 2710">
    <p class='ocr_par' dir='ltr' id='par_1_42' title="bbox 557 2629 2046 2710">
     <span class='ocr_line' id='line_1_42' title="bbox 557 2629 2046 2710; baseline 0.001 -18"><span class='ocrx_word' id='word_1_279' title='bbox 557 2638 730 2692; x_wconf 73' lang='lat' dir='ltr'><strong>I‘orro</strong></span> <span class='ocrx_word' id='word_1_280' title='bbox 754 2635 821 2691; x_wconf 80' lang='grc'><strong>17</strong></span> <span class='ocrx_word' id='word_1_281' title='bbox 851 2629 976 2692; x_wconf 84' lang='lat' dir='ltr'><strong>&#39;can.</strong></span> <span class='ocrx_word' id='word_1_282' title='bbox 1005 2653 1129 2710; x_wconf 79' lang='lat' dir='ltr'><strong>syn.</strong></span> <span class='ocrx_word' id='word_1_283' title='bbox 1160 2654 1214 2693; x_wconf 87' lang='lat' dir='ltr'><strong>tv</strong></span> <span class='ocrx_word' id='word_1_284' title='bbox 1244 2639 1538 2707; x_wconf 86' lang='lat' dir='ltr'><strong>parochias</strong></span> <span class='ocrx_word' id='word_1_285' title='bbox 1562 2639 1703 2710; x_wconf 85' lang='lat' dir='ltr'><strong>apud</strong></span> <span class='ocrx_word' id='word_1_286' title='bbox 1733 2641 2046 2709; x_wconf 89' lang='lat' dir='ltr'><strong>episcopos,</strong></span> 
     </span>
    </p>
   </div>
   <div class='ocr_carea' id='block_1_43' title="bbox 478 2729 2050 2800">
    <p class='ocr_par' dir='ltr' id='par_1_43' title="bbox 478 2729 2050 2800">
     <span class='ocr_line' id='line_1_43' title="bbox 478 2729 2050 2800; baseline 0.003 -18"><span class='ocrx_word' id='word_1_287' title='bbox 478 2731 573 2800; x_wconf 83' lang='lat' dir='ltr'><strong>qui</strong></span> <span class='ocrx_word' id='word_1_288' title='bbox 603 2745 694 2785; x_wconf 87' lang='lat' dir='ltr'><strong>eas</strong></span> <span class='ocrx_word' id='word_1_289' title='bbox 730 2739 937 2793; x_wconf 89' lang='lat' dir='ltr'><strong>tenent,</strong></span> <span class='ocrx_word' id='word_1_290' title='bbox 971 2729 1156 2786; x_wconf 82' lang='lat' dir='ltr'><strong>ﬁrmas</strong></span> <span class='ocrx_word' id='word_1_291' title='bbox 1182 2746 1408 2787; x_wconf 85' lang='lat' dir='ltr'><strong>manere</strong></span> <span class='ocrx_word' id='word_1_292' title='bbox 1453 2732 1629 2800; x_wconf 80' lang='lat' dir='ltr'><strong>jubet,</strong></span> <span class='ocrx_word' id='word_1_293' title='bbox 1663 2735 1778 2788; x_wconf 83' lang='lat' dir='ltr'><strong>sive</strong></span> <span class='ocrx_word' id='word_1_294' title='bbox 1811 2735 2050 2789; x_wconf 87' lang='lat' dir='ltr'><strong>rustiea-</strong></span> 
     </span>
    </p>
   </div>
   <div class='ocr_carea' id='block_1_44' title="bbox 483 2819 2047 2894">
    <p class='ocr_par' dir='ltr' id='par_1_44' title="bbox 483 2819 2047 2894">
     <span class='ocr_line' id='line_1_44' title="bbox 483 2819 2047 2894; baseline 0.001 -19"><span class='ocrx_word' id='word_1_295' title='bbox 483 2839 563 2876; x_wconf 79' lang='lat' dir='ltr'><strong>n:e</strong></span> <span class='ocrx_word' id='word_1_296' title='bbox 593 2823 725 2886; x_wconf 85' lang='lat' dir='ltr'><strong>sint,</strong></span> <span class='ocrx_word' id='word_1_297' title='bbox 759 2823 813 2876; x_wconf 83' lang='lat' dir='ltr'><strong>in</strong></span> <span class='ocrx_word' id='word_1_298' title='bbox 847 2823 981 2878; x_wconf 87' lang='lat' dir='ltr'><strong>locis</strong></span> <span class='ocrx_word' id='word_1_299' title='bbox 1011 2823 1222 2878; x_wconf 86' lang='lat' dir='ltr'><strong>scilicet</strong></span> <span class='ocrx_word' id='word_1_300' title='bbox 1250 2819 1472 2878; x_wconf 84' lang='lat' dir='ltr'><strong>remotis</strong></span> <span class='ocrx_word' id='word_1_301' title='bbox 1501 2825 1710 2894; x_wconf 74' lang='lat' dir='ltr'><strong>positae,</strong></span> <span class='ocrx_word' id='word_1_302' title='bbox 1751 2837 1806 2881; x_wconf 93' lang='lat' dir='ltr'><strong>et</strong></span> <span class='ocrx_word' id='word_1_303' title='bbox 1841 2840 1871 2879; x_wconf 85' lang='lat' dir='ltr'><strong>a</strong></span> <span class='ocrx_word' id='word_1_304' title='bbox 1902 2839 2047 2894; x_wconf 86' lang='lat' dir='ltr'><strong>pau-</strong></span> 
     </span>
    </p>
   </div>
   <div class='ocr_carea' id='block_1_45' title="bbox 476 2915 2049 2986">
    <p class='ocr_par' dir='ltr' id='par_1_45' title="bbox 476 2915 2049 2986">
     <span class='ocr_line' id='line_1_45' title="bbox 476 2915 2049 2986; baseline 0 -17"><span class='ocrx_word' id='word_1_305' title='bbox 476 2917 562 2971; x_wconf 86' lang='lat' dir='ltr'><strong>cis</strong></span> <span class='ocrx_word' id='word_1_306' title='bbox 587 2925 891 2984; x_wconf 56' lang='lat' dir='ltr'><strong>occupatas,</strong></span> <span class='ocrx_word' id='word_1_307' title='bbox 938 2915 1053 2970; x_wconf 88' lang='lat' dir='ltr'><strong>sive</strong></span> <span class='ocrx_word' id='word_1_308' title='bbox 1091 2931 1315 2985; x_wconf 74' lang='lat' dir='ltr'><strong>pagana:</strong></span> <span class='ocrx_word' id='word_1_309' title='bbox 1342 2917 1562 2985; x_wconf 66' lang='lat' dir='ltr'><strong>praediis</strong></span> <span class='ocrx_word' id='word_1_310' title='bbox 1591 2925 1641 2972; x_wconf 90' lang='lat' dir='ltr'><strong>et</strong></span> <span class='ocrx_word' id='word_1_311' title='bbox 1677 2917 1828 2986; x_wconf 81' lang='lat' dir='ltr'><strong>pagis</strong></span> <span class='ocrx_word' id='word_1_312' title='bbox 1860 2917 2049 2986; x_wconf 78' lang='lat' dir='ltr'><strong>proxi-</strong></span> 
     </span>
    </p>
   </div>
   <div class='ocr_carea' id='block_1_46' title="bbox 480 3005 2052 3078">
    <p class='ocr_par' dir='ltr' id='par_1_46' title="bbox 480 3005 2052 3078">
     <span class='ocr_line' id='line_1_46' title="bbox 480 3005 2052 3078; baseline 0.001 -16"><span class='ocrx_word' id='word_1_313' title='bbox 480 3025 605 3071; x_wconf 67' lang='lat' dir='ltr'><strong>mae,</strong></span> <span class='ocrx_word' id='word_1_314' title='bbox 637 3018 690 3062; x_wconf 89' lang='lat' dir='ltr'><strong>et</strong></span> <span class='ocrx_word' id='word_1_315' title='bbox 721 3008 1005 3061; x_wconf 87' lang='lat' dir='ltr'><strong>hominum</strong></span> <span class='ocrx_word' id='word_1_316' title='bbox 1065 3007 1418 3063; x_wconf 82' lang='lat' dir='ltr'><strong>multitudine</strong></span> <span class='ocrx_word' id='word_1_317' title='bbox 1474 3005 1854 3072; x_wconf 80' lang='lat' dir='ltr'><strong>abundantes;</strong></span> <span class='ocrx_word' id='word_1_318' title='bbox 1910 3023 2052 3078; x_wconf 67' lang='lat' dir='ltr'><strong>prae-</strong></span> 
     </span>
    </p>
   </div>
   <div class='ocr_carea' id='block_1_47' title="bbox 482 3099 2051 3170">
    <p class='ocr_par' dir='ltr' id='par_1_47' title="bbox 482 3099 2051 3170">
     <span class='ocr_line' id='line_1_47' title="bbox 482 3099 2051 3170; baseline 0 -14"><span class='ocrx_word' id='word_1_319' title='bbox 482 3101 668 3156; x_wconf 90' lang='lat' dir='ltr'><strong>sertim</strong></span> <span class='ocrx_word' id='word_1_320' title='bbox 692 3114 819 3154; x_wconf 90' lang='lat' dir='ltr'><strong>vero</strong></span> <span class='ocrx_word' id='word_1_321' title='bbox 840 3099 885 3154; x_wconf 88' lang='lat' dir='ltr'><strong>si</strong></span> <span class='ocrx_word' id='word_1_322' title='bbox 907 3099 1124 3170; x_wconf 79' lang='lat' dir='ltr'><strong>triginta</strong></span> <span class='ocrx_word' id='word_1_323' title='bbox 1149 3114 1416 3154; x_wconf 90' lang='lat' dir='ltr'><strong>annorum</strong></span> <span class='ocrx_word' id='word_1_324' title='bbox 1438 3101 1617 3169; x_wconf 87' lang='lat' dir='ltr'><strong>spatio</strong></span> <span class='ocrx_word' id='word_1_325' title='bbox 1640 3115 1732 3156; x_wconf 88' lang='lat' dir='ltr'><strong>eas</strong></span> <span class='ocrx_word' id='word_1_326' title='bbox 1756 3108 2051 3156; x_wconf 90' lang='lat' dir='ltr'><strong>tenuerunt</strong></span> 
     </span>
    </p>
   </div>
   <div class='ocr_carea' id='block_1_48' title="bbox 481 3192 2046 3260">
    <p class='ocr_par' dir='ltr' id='par_1_48' title="bbox 481 3192 2046 3260">
     <span class='ocr_line' id='line_1_48' title="bbox 481 3192 2046 3260; baseline 0.002 -17"><span class='ocrx_word' id='word_1_327' title='bbox 481 3203 533 3244; x_wconf 80' lang='lat' dir='ltr'><strong>et</strong></span> <span class='ocrx_word' id='word_1_328' title='bbox 567 3192 1047 3257; x_wconf 84' lang='lat' dir='ltr'><strong>administrarunt,</strong></span> <span class='ocrx_word' id='word_1_329' title='bbox 1093 3199 1146 3246; x_wconf 91' lang='lat' dir='ltr'><strong>et</strong></span> <span class='ocrx_word' id='word_1_330' title='bbox 1201 3192 1365 3246; x_wconf 88' lang='lat' dir='ltr'><strong>nullis</strong></span> <span class='ocrx_word' id='word_1_331' title='bbox 1419 3207 1514 3260; x_wconf 88' lang='lat' dir='ltr'><strong>per</strong></span> <span class='ocrx_word' id='word_1_332' title='bbox 1546 3192 1651 3245; x_wconf 87' lang='lat' dir='ltr'><strong>vim</strong></span> <span class='ocrx_word' id='word_1_333' title='bbox 1708 3192 2046 3260; x_wconf 84' lang='lat' dir='ltr'><strong>eripuerunt.</strong></span> 
     </span>
    </p>
   </div>
   <div class='ocr_carea' id='block_1_49' title="bbox 384 3282 2048 3354">
    <p class='ocr_par' dir='ltr' id='par_1_49' title="bbox 384 3282 2048 3354">
     <span class='ocr_line' id='line_1_49' title="bbox 384 3282 2048 3354; baseline 0.002 -20"><span class='ocrx_word' id='word_1_334' title='bbox 384 3327 390 3334; x_wconf 98' lang='lat'><strong><em>.</em></strong></span> <span class='ocrx_word' id='word_1_335' title='bbox 480 3282 634 3350; x_wconf 74' lang='lat' dir='ltr'><strong>Quod</strong></span> <span class='ocrx_word' id='word_1_336' title='bbox 676 3284 721 3339; x_wconf 91' lang='lat' dir='ltr'><strong>si</strong></span> <span class='ocrx_word' id='word_1_337' title='bbox 751 3283 894 3338; x_wconf 88' lang='lat' dir='ltr'><strong>intra</strong></span> <span class='ocrx_word' id='word_1_338' title='bbox 925 3283 1054 3339; x_wconf 90' lang='lat' dir='ltr'><strong>illud</strong></span> <span class='ocrx_word' id='word_1_339' title='bbox 1087 3291 1300 3353; x_wconf 86' lang='lat' dir='ltr'><strong>tempus</strong></span> <span class='ocrx_word' id='word_1_340' title='bbox 1331 3284 1468 3338; x_wconf 89' lang='lat' dir='ltr'><strong>alter</strong></span> <span class='ocrx_word' id='word_1_341' title='bbox 1499 3286 1791 3354; x_wconf 89' lang='lat' dir='ltr'><strong>episcopus</strong></span> <span class='ocrx_word' id='word_1_342' title='bbox 1824 3285 1890 3338; x_wconf 89' lang='lat' dir='ltr'><strong>de</strong></span> <span class='ocrx_word' id='word_1_343' title='bbox 1923 3298 2048 3351; x_wconf 84' lang='lat' dir='ltr'><strong>pro-</strong></span> 
     </span>
    </p>
   </div>
   <div class='ocr_carea' id='block_1_50' title="bbox 477 3374 2050 3448">
    <p class='ocr_par' dir='ltr' id='par_1_50' title="bbox 477 3374 2050 3448">
     <span class='ocr_line' id='line_1_50' title="bbox 477 3374 2050 3448; baseline 0 -20"><span class='ocrx_word' id='word_1_344' title='bbox 477 3379 656 3430; x_wconf 84' lang='lat' dir='ltr'><strong>vincia</strong></span> <span class='ocrx_word' id='word_1_345' title='bbox 686 3375 864 3445; x_wconf 85' lang='lat' dir='ltr'><strong>aliqua</strong></span> <span class='ocrx_word' id='word_1_346' title='bbox 887 3374 1197 3446; x_wconf 82' lang='lat' dir='ltr'><strong>litigavcrit,</strong></span> <span class='ocrx_word' id='word_1_347' title='bbox 1237 3389 1268 3430; x_wconf 86' lang='lat' dir='ltr'><strong>a</strong></span> <span class='ocrx_word' id='word_1_348' title='bbox 1313 3375 1522 3448; x_wconf 83' lang='lat' dir='ltr'><strong>synodo</strong></span> <span class='ocrx_word' id='word_1_349' title='bbox 1572 3375 1864 3445; x_wconf 72' lang='lat' dir='ltr'><strong>provinciae</strong></span> <span class='ocrx_word' id='word_1_350' title='bbox 1919 3390 2050 3429; x_wconf 89' lang='lat' dir='ltr'><strong>con-</strong></span> 
     </span>
    </p>
   </div>
   <div class='ocr_carea' id='block_1_51' title="bbox 483 3467 2046 3538">
    <p class='ocr_par' dir='ltr' id='par_1_51' title="bbox 483 3467 2046 3538">
     <span class='ocr_line' id='line_1_51' title="bbox 483 3467 2046 3538; baseline -0.001 -15"><span class='ocrx_word' id='word_1_351' title='bbox 483 3469 745 3523; x_wconf 88' lang='lat' dir='ltr'><strong>troversia</strong></span> <span class='ocrx_word' id='word_1_352' title='bbox 786 3467 1096 3522; x_wconf 87' lang='lat' dir='ltr'><strong>dirimatur.</strong></span> <span class='ocrx_word' id='word_1_353' title='bbox 1141 3467 1197 3521; x_wconf 89' lang='lat' dir='ltr'><strong>Si</strong></span> <span class='ocrx_word' id='word_1_354' title='bbox 1239 3482 1370 3522; x_wconf 87' lang='lat' dir='ltr'><strong>vero</strong></span> <span class='ocrx_word' id='word_1_355' title='bbox 1404 3468 1694 3538; x_wconf 80' lang='lat' dir='ltr'><strong>episcopus</strong></span> <span class='ocrx_word' id='word_1_356' title='bbox 1751 3468 2046 3538; x_wconf 85' lang='lat' dir='ltr'><strong>quisquam</strong></span> 
     </span>
    </p>
   </div>
   <div class='ocr_carea' id='block_1_52' title="bbox 483 3558 2048 3630">
    <p class='ocr_par' dir='ltr' id='par_1_52' title="bbox 483 3558 2048 3630">
     <span class='ocr_line' id='line_1_52' title="bbox 483 3558 2048 3630; baseline 0 -16"><span class='ocrx_word' id='word_1_357' title='bbox 483 3576 540 3614; x_wconf 89' lang='lat' dir='ltr'><strong>se</strong></span> <span class='ocrx_word' id='word_1_358' title='bbox 574 3576 603 3614; x_wconf 89' lang='lat' dir='ltr'><strong>a</strong></span> <span class='ocrx_word' id='word_1_359' title='bbox 629 3574 726 3614; x_wconf 88' lang='lat' dir='ltr'><strong>suo</strong></span> <span class='ocrx_word' id='word_1_360' title='bbox 751 3559 1174 3628; x_wconf 85' lang='lat' dir='ltr'><strong>metropolitano</strong></span> <span class='ocrx_word' id='word_1_361' title='bbox 1199 3558 1407 3628; x_wconf 85' lang='lat' dir='ltr'><strong>injuria</strong></span> <span class='ocrx_word' id='word_1_362' title='bbox 1445 3558 1583 3613; x_wconf 79' lang='lat' dir='ltr'><strong>allici</strong></span> <span class='ocrx_word' id='word_1_363' title='bbox 1632 3566 1804 3630; x_wconf 89' lang='lat' dir='ltr'><strong>putet,</strong></span> <span class='ocrx_word' id='word_1_364' title='bbox 1831 3559 1880 3614; x_wconf 94' lang='lat' dir='ltr'><strong>ei</strong></span> <span class='ocrx_word' id='word_1_365' title='bbox 1903 3559 2048 3629; x_wconf 87' lang='lat' dir='ltr'><strong>judi-</strong></span> 
     </span>
    </p>
   </div>
   <div class='ocr_carea' id='block_1_53' title="bbox 485 3650 2076 3727">
    <p class='ocr_par' dir='ltr' id='par_1_53' title="bbox 485 3650 2076 3727">
     <span class='ocr_line' id='line_1_53' title="bbox 485 3650 2076 3727; baseline -0.001 -20"><span class='ocrx_word' id='word_1_366' title='bbox 485 3653 572 3708; x_wconf 86' lang='lat' dir='ltr'><strong>cio</strong></span> <span class='ocrx_word' id='word_1_367' title='bbox 592 3652 921 3706; x_wconf 86' lang='lat' dir='ltr'><strong>contendere</strong></span> <span class='ocrx_word' id='word_1_368' title='bbox 945 3650 1070 3706; x_wconf 87' lang='lat' dir='ltr'><strong>licet</strong></span> <span class='ocrx_word' id='word_1_369' title='bbox 1090 3651 1172 3705; x_wconf 87' lang='lat' dir='ltr'><strong>vel</strong></span> <span class='ocrx_word' id='word_1_370' title='bbox 1187 3652 1327 3720; x_wconf 87' lang='lat' dir='ltr'><strong>apud</strong></span> <span class='ocrx_word' id='word_1_371' title='bbox 1359 3651 1615 3707; x_wconf 75' lang='lat' dir='ltr'><strong>ditecesis</strong></span> <span class='ocrx_word' id='word_1_372' title='bbox 1633 3651 1944 3718; x_wconf 80' lang='lat' dir='ltr'><strong>exarcha‘m,</strong></span> <span class='ocrx_word' id='word_1_373' title='bbox 1965 3651 2076 3727; x_wconf 29' lang='lat' dir='ltr'><strong>vel.</strong></span> 
     </span>
    </p>
   </div>
   <div class='ocr_carea' id='block_1_54' title="bbox 480 3741 2042 3817">
    <p class='ocr_par' dir='ltr' id='par_1_54' title="bbox 480 3741 2042 3817">
     <span class='ocr_line' id='line_1_54' title="bbox 480 3741 2042 3817; baseline -0.003 -16"><span class='ocrx_word' id='word_1_374' title='bbox 480 3748 621 3817; x_wconf 87' lang='lat' dir='ltr'><strong>apud</strong></span> <span class='ocrx_word' id='word_1_375' title='bbox 689 3745 947 3798; x_wconf 80' lang='lat' dir='ltr'><strong>thronum</strong></span> <span class='ocrx_word' id='word_1_376' title='bbox 1002 3741 1717 3813; x_wconf 82' lang='lat' dir='ltr'><strong>ConstantinOpolitanum,</strong></span> <span class='ocrx_word' id='word_1_377' title='bbox 1778 3743 2042 3797; x_wconf 88' lang='lat' dir='ltr'><strong>nimirum</strong></span> 
     </span>
    </p>
   </div>
   <div class='ocr_carea' id='block_1_55' title="bbox 481 3835 2046 3905">
    <p class='ocr_par' dir='ltr' id='par_1_55' title="bbox 481 3835 2046 3905">
     <span class='ocr_line' id='line_1_55' title="bbox 481 3835 2046 3905; baseline -0.003 -12"><span class='ocrx_word' id='word_1_378' title='bbox 481 3839 528 3893; x_wconf 88' lang='lat' dir='ltr'><strong>si</strong></span> <span class='ocrx_word' id='word_1_379' title='bbox 551 3839 598 3892; x_wconf 77' lang='lat' dir='ltr'><strong>ei</strong></span> <span class='ocrx_word' id='word_1_380' title='bbox 623 3837 858 3903; x_wconf 83' lang='lat' dir='ltr'><strong>subsint;</strong></span> <span class='ocrx_word' id='word_1_381' title='bbox 892 3850 1000 3890; x_wconf 90' lang='lat' dir='ltr'><strong>non</strong></span> <span class='ocrx_word' id='word_1_382' title='bbox 1023 3835 1168 3890; x_wconf 89' lang='lat' dir='ltr'><strong>enim</strong></span> <span class='ocrx_word' id='word_1_383' title='bbox 1197 3836 1445 3890; x_wconf 91' lang='lat' dir='ltr'><strong>omnium</strong></span> <span class='ocrx_word' id='word_1_384' title='bbox 1497 3836 1606 3890; x_wconf 83' lang='lat' dir='ltr'><strong>iste</strong></span> <span class='ocrx_word' id='word_1_385' title='bbox 1641 3835 1810 3905; x_wconf 78' lang='lat' dir='ltr'><strong>judex</strong></span> <span class='ocrx_word' id='word_1_386' title='bbox 1840 3835 2046 3891; x_wconf 89' lang='lat' dir='ltr'><strong>consti-</strong></span> 
     </span>
    </p>
   </div>
   <div class='ocr_carea' id='block_1_56' title="bbox 481 3926 2046 4000">
    <p class='ocr_par' dir='ltr' id='par_1_56' title="bbox 481 3926 2046 4000">
     <span class='ocr_line' id='line_1_56' title="bbox 481 3926 2046 4000; baseline -0.002 -15"><span class='ocrx_word' id='word_1_387' title='bbox 481 3931 673 3985; x_wconf 90' lang='lat' dir='ltr'><strong>tuitur.</strong></span> <span class='ocrx_word' id='word_1_388' title='bbox 710 3928 1006 4000; x_wconf 80' lang='lat' dir='ltr'><strong>Episcepos</strong></span> <span class='ocrx_word' id='word_1_389' title='bbox 1064 3929 1208 3985; x_wconf 88' lang='lat' dir='ltr'><strong>enim</strong></span> <span class='ocrx_word' id='word_1_390' title='bbox 1241 3926 1412 4000; x_wconf 62' lang='lat' dir='ltr'><strong>Syriae</strong></span> <span class='ocrx_word' id='word_1_391' title='bbox 1458 3927 1798 3984; x_wconf 88' lang='lat' dir='ltr'><strong>Antiocheno</strong></span> <span class='ocrx_word' id='word_1_392' title='bbox 1848 3928 2046 4000; x_wconf 88' lang='lat' dir='ltr'><strong>subjici</strong></span> 
     </span>
    </p>
   </div>
   <div class='ocr_carea' id='block_1_57' title="bbox 478 4017 2043 4091">
    <p class='ocr_par' dir='ltr' id='par_1_57' title="bbox 478 4017 2043 4091">
     <span class='ocr_line' id='line_1_57' title="bbox 478 4017 2043 4091; baseline -0.001 -14"><span class='ocrx_word' id='word_1_393' title='bbox 478 4027 752 4077; x_wconf 87' lang='lat' dir='ltr'><strong>sancitum</strong></span> <span class='ocrx_word' id='word_1_394' title='bbox 829 4031 933 4084; x_wconf 87' lang='lat' dir='ltr'><strong>est.</strong></span> <span class='ocrx_word' id='word_1_395' title='bbox 1011 4027 1067 4075; x_wconf 91' lang='lat' dir='ltr'><strong>et</strong></span> <span class='ocrx_word' id='word_1_396' title='bbox 1133 4018 1434 4076; x_wconf 65' lang='lat' dir='ltr'><strong>Palaestina:</strong></span> <span class='ocrx_word' id='word_1_397' title='bbox 1503 4017 2043 4091; x_wconf 84' lang='lat' dir='ltr'><strong>Ilicrosolymitano,</strong></span> 
     </span>
    </p>
   </div>
   <div class='ocr_carea' id='block_1_58' title="bbox 477 4110 1338 4185">
    <p class='ocr_par' dir='ltr' id='par_1_58' title="bbox 477 4110 1338 4185">
     <span class='ocr_line' id='line_1_58' title="bbox 477 4110 1338 4185; baseline 0 -17"><span class='ocrx_word' id='word_1_398' title='bbox 477 4113 698 4185; x_wconf 61' lang='grc' dir='ltr'><strong>ΕΒΗ)ιὶ</strong></span> <span class='ocrx_word' id='word_1_399' title='bbox 728 4120 910 4168; x_wconf 88' lang='lat' dir='ltr'><strong>autem</strong></span> <span class='ocrx_word' id='word_1_400' title='bbox 942 4110 1338 4168; x_wconf 81' lang='lat' dir='ltr'><strong>Alexandrino.</strong></span> 
     </span>
    </p>
   </div>
   <div class='ocr_carea' id='block_1_59' title="bbox 549 4377 1728 4451">
    <p class='ocr_par' dir='ltr' id='par_1_59' title="bbox 549 4377 1728 4451">
     <span class='ocr_line' id='line_1_59' title="bbox 549 4377 1728 4451; baseline 0.003 -20"><span class='ocrx_word' id='word_1_401' title='bbox 549 4377 746 4432; x_wconf 79' lang='lat' dir='ltr'><strong>Eadem</strong></span> <span class='ocrx_word' id='word_1_402' title='bbox 777 4378 944 4432; x_wconf 85' lang='lat' dir='ltr'><strong>etiam</strong></span> <span class='ocrx_word' id='word_1_403' title='bbox 986 4392 1112 4433; x_wconf 80' lang='lat' dir='ltr'><strong>can.</strong></span> <span class='ocrx_word' id='word_1_404' title='bbox 1150 4378 1223 4433; x_wconf 74' lang='lat'><strong>25</strong></span> <span class='ocrx_word' id='word_1_405' title='bbox 1251 4393 1373 4451; x_wconf 88' lang='lat' dir='ltr'><strong>syn.</strong></span> <span class='ocrx_word' id='word_1_406' title='bbox 1405 4393 1460 4436; x_wconf 83' lang='lat' dir='ltr'><strong>vl</strong></span> <span class='ocrx_word' id='word_1_407' title='bbox 1491 4379 1728 4435; x_wconf 84' lang='lat' dir='ltr'><strong>disserit.</strong></span> 
     </span>
    </p>
   </div>
   <div class='ocr_carea' id='block_1_60' title="bbox 545 4468 2041 4542">
    <p class='ocr_par' dir='ltr' id='par_1_60' title="bbox 545 4468 2041 4542">
     <span class='ocr_line' id='line_1_60' title="bbox 545 4468 2041 4542; baseline 0.003 -19"><span class='ocrx_word' id='word_1_408' title='bbox 545 4468 737 4524; x_wconf 88' lang='lat' dir='ltr'><strong>Canon</strong></span> <span class='ocrx_word' id='word_1_409' title='bbox 759 4478 942 4523; x_wconf 86' lang='lat' dir='ltr'><strong>autem</strong></span> <span class='ocrx_word' id='word_1_410' title='bbox 970 4469 1062 4523; x_wconf 67' lang='lat' dir='ltr'><strong>I21</strong></span> <span class='ocrx_word' id='word_1_411' title='bbox 1103 4469 1299 4542; x_wconf 83' lang='lat' dir='ltr'><strong>synod.</strong></span> <span class='ocrx_word' id='word_1_412' title='bbox 1329 4471 1673 4541; x_wconf 66' lang='lat' dir='ltr'><strong>Carthasim,</strong></span> <span class='ocrx_word' id='word_1_413' title='bbox 1704 4469 1823 4525; x_wconf 78' lang='lat' dir='ltr'><strong>Non</strong></span> <span class='ocrx_word' id='word_1_414' title='bbox 1873 4485 2041 4541; x_wconf 83' lang='lat' dir='ltr'><strong>opor-</strong></span> 
     </span>
    </p>
   </div>
   <div class='ocr_carea' id='block_1_61' title="bbox 415 4560 2046 4633">
    <p class='ocr_par' dir='ltr' id='par_1_61' title="bbox 415 4560 2046 4633">
     <span class='ocr_line' id='line_1_61' title="bbox 415 4560 2046 4633; baseline 0.002 -19"><span class='ocrx_word' id='word_1_415' title='bbox 415 4593 420 4597; x_wconf 96' lang='lat'><strong><em>-</em></strong></span> <span class='ocrx_word' id='word_1_416' title='bbox 477 4570 574 4624; x_wconf 90' lang='lat' dir='ltr'><strong>tet,</strong></span> <span class='ocrx_word' id='word_1_417' title='bbox 613 4560 812 4630; x_wconf 84' lang='lat' dir='ltr'><strong>inquit,</strong></span> <span class='ocrx_word' id='word_1_418' title='bbox 855 4561 1173 4631; x_wconf 82' lang='lat' dir='ltr'><strong>episcopum</strong></span> <span class='ocrx_word' id='word_1_419' title='bbox 1228 4571 1492 4631; x_wconf 82' lang='lat' dir='ltr'><strong>potestate</strong></span> <span class='ocrx_word' id='word_1_420' title='bbox 1548 4571 1816 4627; x_wconf 87' lang='lat' dir='ltr'><strong>utentem,</strong></span> <span class='ocrx_word' id='word_1_421' title='bbox 1859 4564 2046 4633; x_wconf 76' lang='lat' dir='ltr'><strong>regio-</strong></span> 
     </span>
    </p>
   </div>
   <div class='ocr_carea' id='block_1_62' title="bbox 475 4652 2122 4751">
    <p class='ocr_par' dir='ltr' id='par_1_62' title="bbox 475 4652 2122 4751">
     <span class='ocr_line' id='line_1_62' title="bbox 475 4652 2122 4751; baseline 0.001 -43"><span class='ocrx_word' id='word_1_422' title='bbox 475 4669 601 4708; x_wconf 88' lang='lat' dir='ltr'><strong>nem</strong></span> <span class='ocrx_word' id='word_1_423' title='bbox 635 4652 1042 4723; x_wconf 89' lang='lat' dir='ltr'><strong>apprehendere</strong></span> <span class='ocrx_word' id='word_1_424' title='bbox 1073 4668 1196 4723; x_wconf 72' lang='lat' dir='ltr'><strong>quae</strong></span> <span class='ocrx_word' id='word_1_425' title='bbox 1224 4655 1292 4708; x_wconf 90' lang='lat' dir='ltr'><strong>ab</strong></span> <span class='ocrx_word' id='word_1_426' title='bbox 1318 4655 1429 4710; x_wconf 81' lang='lat' dir='ltr'><strong>alio</strong></span> <span class='ocrx_word' id='word_1_427' title='bbox 1471 4664 1710 4721; x_wconf 90' lang='lat' dir='ltr'><strong>tenetur,</strong></span> <span class='ocrx_word' id='word_1_428' title='bbox 1778 4665 2037 4727; x_wconf 87' lang='lat' dir='ltr'><strong>tanquam</strong></span> <span class='ocrx_word' id='word_1_429' title='bbox 2067 4691 2122 4751; x_wconf 68' lang='grc' dir='ltr'><strong>Β</strong></span> 
     </span>
    </p>
   </div>
   <div class='ocr_carea' id='block_1_63' title="bbox 471 4743 2042 4817">
    <p class='ocr_par' dir='ltr' id='par_1_63' title="bbox 471 4743 2042 4817">
     <span class='ocr_line' id='line_1_63' title="bbox 471 4743 2042 4817; baseline 0.003 -19"><span class='ocrx_word' id='word_1_430' title='bbox 471 4759 594 4814; x_wconf 68' lang='lat' dir='ltr'><strong>quae</strong></span> <span class='ocrx_word' id='word_1_431' title='bbox 625 4745 690 4798; x_wconf 88' lang='lat' dir='ltr'><strong>ad</strong></span> <span class='ocrx_word' id='word_1_432' title='bbox 726 4758 848 4802; x_wconf 88' lang='lat' dir='ltr'><strong>eum</strong></span> <span class='ocrx_word' id='word_1_433' title='bbox 880 4744 1190 4815; x_wconf 88' lang='lat' dir='ltr'><strong>pertineat,</strong></span> <span class='ocrx_word' id='word_1_434' title='bbox 1226 4743 1341 4798; x_wconf 87' lang='lat' dir='ltr'><strong>sive</strong></span> <span class='ocrx_word' id='word_1_435' title='bbox 1367 4745 1468 4801; x_wconf 93' lang='lat' dir='ltr'><strong>hoc</strong></span> <span class='ocrx_word' id='word_1_436' title='bbox 1499 4746 1627 4801; x_wconf 86' lang='lat' dir='ltr'><strong>velit</strong></span> <span class='ocrx_word' id='word_1_437' title='bbox 1647 4747 1899 4817; x_wconf 84' lang='lat' dir='ltr'><strong>populus.</strong></span> <span class='ocrx_word' id='word_1_438' title='bbox 1927 4747 2042 4802; x_wconf 85' lang='lat' dir='ltr'><strong>sive</strong></span> 
     </span>
    </p>
   </div>
   <div class='ocr_carea' id='block_1_64' title="bbox 475 4835 2044 4908">
    <p class='ocr_par' dir='ltr' id='par_1_64' title="bbox 475 4835 2044 4908">
     <span class='ocr_line' id='line_1_64' title="bbox 475 4835 2044 4908; baseline 0.003 -18"><span class='ocrx_word' id='word_1_439' title='bbox 475 4837 762 4908; x_wconf 82' lang='lat' dir='ltr'><strong>nolit;96</strong></span> <span class='ocrx_word' id='word_1_440' title='bbox 777 4836 869 4892; x_wconf 88' lang='lat' dir='ltr'><strong>sed</strong></span> <span class='ocrx_word' id='word_1_441' title='bbox 901 4835 967 4890; x_wconf 86' lang='lat' dir='ltr'><strong>ad</strong></span> <span class='ocrx_word' id='word_1_442' title='bbox 1004 4837 1382 4906; x_wconf 86' lang='lat' dir='ltr'><strong>episcoporum</strong></span> <span class='ocrx_word' id='word_1_443' title='bbox 1416 4838 1706 4894; x_wconf 79' lang='lat' dir='ltr'><strong>ccncilium</strong></span> <span class='ocrx_word' id='word_1_444' title='bbox 1726 4856 1810 4894; x_wconf 87' lang='lat' dir='ltr'><strong>res</strong></span> <span class='ocrx_word' id='word_1_445' title='bbox 1826 4838 2044 4896; x_wconf 81' lang='lat' dir='ltr'><strong>defera-</strong></span> 
     </span>
    </p>
   </div>
   <div class='ocr_carea' id='block_1_65' title="bbox 477 4927 2040 5004">
    <p class='ocr_par' dir='ltr' id='par_1_65' title="bbox 477 4927 2040 5004">
     <span class='ocr_line' id='line_1_65' title="bbox 477 4927 2040 5004; baseline 0.004 -24"><span class='ocrx_word' id='word_1_446' title='bbox 477 4937 588 5004; x_wconf 82' lang='lat' dir='ltr'><strong>tur,</strong></span> <span class='ocrx_word' id='word_1_447' title='bbox 618 4936 673 4981; x_wconf 89' lang='lat' dir='ltr'><strong>et</strong></span> <span class='ocrx_word' id='word_1_448' title='bbox 730 4927 798 4981; x_wconf 92' lang='lat' dir='ltr'><strong>ab</strong></span> <span class='ocrx_word' id='word_1_449' title='bbox 827 4941 893 4982; x_wconf 90' lang='lat' dir='ltr'><strong>eo</strong></span> <span class='ocrx_word' id='word_1_450' title='bbox 947 4936 1232 4996; x_wconf 87' lang='lat' dir='ltr'><strong>recuperet</strong></span> <span class='ocrx_word' id='word_1_451' title='bbox 1250 4929 1531 4998; x_wconf 92' lang='lat' dir='ltr'><strong>proprium</strong></span> <span class='ocrx_word' id='word_1_452' title='bbox 1556 4931 1699 4999; x_wconf 92' lang='lat' dir='ltr'><strong>quod</strong></span> <span class='ocrx_word' id='word_1_453' title='bbox 1737 4942 2040 5000; x_wconf 81' lang='lat' dir='ltr'><strong>exspectat.</strong></span> 
     </span>
    </p>
   </div>
   <div class='ocr_carea' id='block_1_66' title="bbox 480 5017 2042 5092">
    <p class='ocr_par' dir='ltr' id='par_1_66' title="bbox 480 5017 2042 5092">
     <span class='ocr_line' id='line_1_66' title="bbox 480 5017 2042 5092; baseline 0.004 -20"><span class='ocrx_word' id='word_1_454' title='bbox 480 5017 575 5072; x_wconf 82' lang='lat' dir='ltr'><strong>Sin</strong></span> <span class='ocrx_word' id='word_1_455' title='bbox 612 5026 791 5090; x_wconf 88' lang='lat' dir='ltr'><strong>autem</strong></span> <span class='ocrx_word' id='word_1_456' title='bbox 827 5017 929 5072; x_wconf 89' lang='lat' dir='ltr'><strong>sibi</strong></span> <span class='ocrx_word' id='word_1_457' title='bbox 972 5018 1076 5089; x_wconf 88' lang='lat' dir='ltr'><strong>ipsi</strong></span> <span class='ocrx_word' id='word_1_458' title='bbox 1113 5019 1205 5089; x_wconf 89' lang='lat' dir='ltr'><strong>jus</strong></span> <span class='ocrx_word' id='word_1_459' title='bbox 1241 5019 1457 5086; x_wconf 80' lang='lat' dir='ltr'><strong>dixerit,</strong></span> <span class='ocrx_word' id='word_1_460' title='bbox 1485 5037 1698 5092; x_wconf 82' lang='lat' dir='ltr'><strong>aequum</strong></span> <span class='ocrx_word' id='word_1_461' title='bbox 1723 5032 1805 5077; x_wconf 85' lang='lat' dir='ltr'><strong>est</strong></span> <span class='ocrx_word' id='word_1_462' title='bbox 1840 5031 1894 5077; x_wconf 82' lang='grc' dir='ltr'><strong>ιιι</strong></span> <span class='ocrx_word' id='word_1_463' title='bbox 1920 5023 2042 5092; x_wconf 88' lang='lat' dir='ltr'><strong>jure</strong></span> 
     </span>
    </p>
   </div>
   <div class='ocr_carea' id='block_1_67' title="bbox 481 5104 2040 5180">
    <p class='ocr_par' dir='ltr' id='par_1_67' title="bbox 481 5104 2040 5180">
     <span class='ocr_line' id='line_1_67' title="bbox 481 5104 2040 5180; baseline 0.004 -19"><span class='ocrx_word' id='word_1_464' title='bbox 481 5121 582 5161; x_wconf 87' lang='lat' dir='ltr'><strong>suo</strong></span> <span class='ocrx_word' id='word_1_465' title='bbox 597 5106 832 5160; x_wconf 80' lang='lat' dir='ltr'><strong>excidat.</strong></span> <span class='ocrx_word' id='word_1_466' title='bbox 870 5104 1133 5161; x_wconf 90' lang='lat' dir='ltr'><strong>Similiter</strong></span> <span class='ocrx_word' id='word_1_467' title='bbox 1165 5107 1257 5177; x_wconf 87' lang='lat' dir='ltr'><strong>qui</strong></span> <span class='ocrx_word' id='word_1_468' title='bbox 1286 5119 1406 5176; x_wconf 88' lang='lat' dir='ltr'><strong>post</strong></span> <span class='ocrx_word' id='word_1_469' title='bbox 1427 5123 1662 5179; x_wconf 68' lang='lat' dir='ltr'><strong>emptum</strong></span> <span class='ocrx_word' id='word_1_470' title='bbox 1686 5110 1955 5180; x_wconf 86' lang='lat' dir='ltr'><strong>judicium</strong></span> <span class='ocrx_word' id='word_1_471' title='bbox 1978 5114 2040 5166; x_wconf 86' lang='lat' dir='ltr'><strong>ii-</strong></span> 
     </span>
    </p>
   </div>
   <div class='ocr_carea' id='block_1_68' title="bbox 475 5199 2042 5272">
    <p class='ocr_par' dir='ltr' id='par_1_68' title="bbox 475 5199 2042 5272">
     <span class='ocr_line' id='line_1_68' title="bbox 475 5199 2042 5272; baseline 0.003 -19"><span class='ocrx_word' id='word_1_472' title='bbox 475 5214 598 5253; x_wconf 89' lang='lat' dir='ltr'><strong>nem</strong></span> <span class='ocrx_word' id='word_1_473' title='bbox 622 5199 905 5253; x_wconf 77' lang='lat' dir='ltr'><strong>sententia:</strong></span> <span class='ocrx_word' id='word_1_474' title='bbox 925 5213 1031 5252; x_wconf 92' lang='lat' dir='ltr'><strong>non</strong></span> <span class='ocrx_word' id='word_1_475' title='bbox 1062 5211 1402 5268; x_wconf 82' lang='lat' dir='ltr'><strong>exspectans,</strong></span> <span class='ocrx_word' id='word_1_476' title='bbox 1425 5203 1699 5272; x_wconf 78' lang='lat' dir='ltr'><strong>regionem</strong></span> <span class='ocrx_word' id='word_1_477' title='bbox 1734 5204 2042 5272; x_wconf 84' lang='lat' dir='ltr'><strong>apprehen-</strong></span> 
     </span>
    </p>
   </div>
   <div class='ocr_carea' id='block_1_69' title="bbox 473 5291 2039 5363">
    <p class='ocr_par' dir='ltr' id='par_1_69' title="bbox 473 5291 2039 5363">
     <span class='ocr_line' id='line_1_69' title="bbox 473 5291 2039 5363; baseline 0.003 -20"><span class='ocrx_word' id='word_1_478' title='bbox 473 5292 602 5344; x_wconf 87' lang='lat' dir='ltr'><strong>dere</strong></span> <span class='ocrx_word' id='word_1_479' title='bbox 625 5302 874 5356; x_wconf 87' lang='lat' dir='ltr'><strong>conetur,</strong></span> <span class='ocrx_word' id='word_1_480' title='bbox 915 5291 1168 5361; x_wconf 89' lang='lat' dir='ltr'><strong>quamvis</strong></span> <span class='ocrx_word' id='word_1_481' title='bbox 1197 5307 1254 5345; x_wconf 89' lang='lat' dir='ltr'><strong>se</strong></span> <span class='ocrx_word' id='word_1_482' title='bbox 1279 5291 1488 5348; x_wconf 90' lang='lat' dir='ltr'><strong>litteras</strong></span> <span class='ocrx_word' id='word_1_483' title='bbox 1513 5296 1808 5363; x_wconf 72' lang='lat' dir='ltr'><strong>provinciae</strong></span> <span class='ocrx_word' id='word_1_484' title='bbox 1835 5305 2039 5349; x_wconf 78' lang='lat' dir='ltr'><strong>metro-</strong></span> 
     </span>
    </p>
   </div>
   <div class='ocr_carea' id='block_1_70' title="bbox 472 5382 2041 5456">
    <p class='ocr_par' dir='ltr' id='par_1_70' title="bbox 472 5382 2041 5456">
     <span class='ocr_line' id='line_1_70' title="bbox 472 5382 2041 5456; baseline 0.005 -22"><span class='ocrx_word' id='word_1_485' title='bbox 472 5383 722 5454; x_wconf 88' lang='lat' dir='ltr'><strong>politani,</strong></span> <span class='ocrx_word' id='word_1_486' title='bbox 737 5382 840 5436; x_wconf 91' lang='lat' dir='ltr'><strong>loci</strong></span> <span class='ocrx_word' id='word_1_487' title='bbox 862 5383 1262 5450; x_wconf 84' lang='lat' dir='ltr'><strong>possessionem</strong></span> <span class='ocrx_word' id='word_1_488' title='bbox 1290 5385 1334 5437; x_wconf 88' lang='lat' dir='ltr'><strong>ei</strong></span> <span class='ocrx_word' id='word_1_489' title='bbox 1356 5386 1738 5450; x_wconf 90' lang='lat' dir='ltr'><strong>concedentes,</strong></span> <span class='ocrx_word' id='word_1_490' title='bbox 1763 5389 2041 5456; x_wconf 86' lang='lat' dir='ltr'><strong>accepisse</strong></span> 
     </span>
    </p>
   </div>
   <div class='ocr_carea' id='block_1_71' title="bbox 472 5475 2038 5548">
    <p class='ocr_par' dir='ltr' id='par_1_71' title="bbox 472 5475 2038 5548">
     <span class='ocr_line' id='line_1_71' title="bbox 472 5475 2038 5548; baseline 0.003 -18"><span class='ocrx_word' id='word_1_491' title='bbox 472 5476 797 5548; x_wconf 62' lang='lat' dir='ltr'><strong>praetendat,</strong></span> <span class='ocrx_word' id='word_1_492' title='bbox 825 5475 951 5545; x_wconf 83' lang='lat' dir='ltr'><strong>jure</strong></span> <span class='ocrx_word' id='word_1_493' title='bbox 995 5475 1237 5542; x_wconf 80' lang='lat' dir='ltr'><strong>excidit;</strong></span> <span class='ocrx_word' id='word_1_494' title='bbox 1292 5477 1396 5531; x_wconf 89' lang='lat' dir='ltr'><strong>nisi</strong></span> <span class='ocrx_word' id='word_1_495' title='bbox 1435 5477 1577 5548; x_wconf 89' lang='lat' dir='ltr'><strong>ejus,</strong></span> <span class='ocrx_word' id='word_1_496' title='bbox 1636 5481 1728 5548; x_wconf 89' lang='lat' dir='ltr'><strong>qui</strong></span> <span class='ocrx_word' id='word_1_497' title='bbox 1779 5481 2038 5548; x_wconf 90' lang='lat' dir='ltr'><strong>populum</strong></span> 
     </span>
    </p>
   </div>
   <div class='ocr_carea' id='block_1_72' title="bbox 473 5563 2038 5640">
    <p class='ocr_par' dir='ltr' id='par_1_72' title="bbox 473 5563 2038 5640">
     <span class='ocr_line' id='line_1_72' title="bbox 473 5563 2038 5640; baseline 0.003 -18"><span class='ocrx_word' id='word_1_498' title='bbox 473 5580 602 5623; x_wconf 88' lang='lat' dir='ltr'><strong>tunc</strong></span> <span class='ocrx_word' id='word_1_499' title='bbox 626 5577 801 5632; x_wconf 83' lang='lat' dir='ltr'><strong>tenet,</strong></span> <span class='ocrx_word' id='word_1_500' title='bbox 831 5569 1038 5621; x_wconf 84' lang='lat' dir='ltr'><strong>litteras</strong></span> <span class='ocrx_word' id='word_1_501' title='bbox 1077 5563 1371 5637; x_wconf 81' lang='lat' dir='ltr'><strong>acceperit,</strong></span> <span class='ocrx_word' id='word_1_502' title='bbox 1411 5585 1508 5639; x_wconf 87' lang='lat' dir='ltr'><strong>per</strong></span> <span class='ocrx_word' id='word_1_503' title='bbox 1565 5584 1702 5639; x_wconf 85' lang='lat' dir='ltr'><strong>quas</strong></span> <span class='ocrx_word' id='word_1_504' title='bbox 1759 5580 2038 5640; x_wconf 86' lang='lat' dir='ltr'><strong>appareat,</strong></span> 
     </span>
    </p>
   </div>
   <div class='ocr_carea' id='block_1_73' title="bbox 469 5658 2036 5728">
    <p class='ocr_par' dir='ltr' id='par_1_73' title="bbox 469 5658 2036 5728">
     <span class='ocr_line' id='line_1_73' title="bbox 469 5658 2036 5728; baseline -0.002 -14"><span class='ocrx_word' id='word_1_505' title='bbox 469 5677 528 5716; x_wconf 90' lang='lat' dir='ltr'><strong>se</strong></span> <span class='ocrx_word' id='word_1_506' title='bbox 558 5675 623 5718; x_wconf 74' lang='lat' dir='ltr'><strong>ex</strong></span> <span class='ocrx_word' id='word_1_507' title='bbox 661 5659 804 5713; x_wconf 89' lang='lat' dir='ltr'><strong>illius</strong></span> <span class='ocrx_word' id='word_1_508' title='bbox 837 5659 1107 5713; x_wconf 79' lang='lat' dir='ltr'><strong>sententia</strong></span> <span class='ocrx_word' id='word_1_509' title='bbox 1135 5673 1276 5717; x_wconf 83' lang='lat' dir='ltr'><strong>eam.</strong></span> <span class='ocrx_word' id='word_1_510' title='bbox 1311 5673 1432 5726; x_wconf 69' lang='lat' dir='ltr'><strong>quae</strong></span> <span class='ocrx_word' id='word_1_511' title='bbox 1467 5658 1535 5712; x_wconf 90' lang='lat' dir='ltr'><strong>ad</strong></span> <span class='ocrx_word' id='word_1_512' title='bbox 1573 5665 1750 5728; x_wconf 78' lang='lat' dir='ltr'><strong>ipsum</strong></span> <span class='ocrx_word' id='word_1_513' title='bbox 1781 5661 2036 5728; x_wconf 88' lang='lat' dir='ltr'><strong>pertinet,</strong></span> 
     </span>
    </p>
   </div>
   <div class='ocr_carea' id='block_1_74' title="bbox 468 5748 2033 5820">
    <p class='ocr_par' dir='ltr' id='par_1_74' title="bbox 468 5748 2033 5820">
     <span class='ocr_line' id='line_1_74' title="bbox 468 5748 2033 5820; baseline -0.001 -12"><span class='ocrx_word' id='word_1_514' title='bbox 468 5754 744 5820; x_wconf 75' lang='lat' dir='ltr'><strong>regimtcm</strong></span> <span class='ocrx_word' id='word_1_515' title='bbox 784 5751 1007 5819; x_wconf 77' lang='lat' dir='ltr'><strong>paciﬁca</strong></span> <span class='ocrx_word' id='word_1_516' title='bbox 1038 5750 1369 5804; x_wconf 80' lang='lat' dir='ltr'><strong>obtinuisse.</strong></span> <span class='ocrx_word' id='word_1_517' title='bbox 1401 5748 1618 5806; x_wconf 69' lang='lat' dir='ltr'><strong>Iudices</strong></span> <span class='ocrx_word' id='word_1_518' title='bbox 1642 5762 1824 5806; x_wconf 89' lang='lat' dir='ltr'><strong>autem</strong></span> <span class='ocrx_word' id='word_1_519' title='bbox 1850 5761 2033 5816; x_wconf 86' lang='lat' dir='ltr'><strong>erunt,</strong></span> 
     </span>
    </p>
   </div>
   <div class='ocr_carea' id='block_1_75' title="bbox 472 5839 2038 5910">
    <p class='ocr_par' dir='ltr' id='par_1_75' title="bbox 472 5839 2038 5910">
     <span class='ocr_line' id='line_1_75' title="bbox 472 5839 2038 5910; baseline 0 -15"><span class='ocrx_word' id='word_1_520' title='bbox 472 5841 552 5895; x_wconf 85' lang='lat' dir='ltr'><strong>vel</strong></span> <span class='ocrx_word' id='word_1_521' title='bbox 586 5855 725 5910; x_wconf 90' lang='lat' dir='ltr'><strong>quos</strong></span> <span class='ocrx_word' id='word_1_522' title='bbox 750 5841 1043 5909; x_wconf 71' lang='lat' dir='ltr'><strong>provinciae</strong></span> <span class='ocrx_word' id='word_1_523' title='bbox 1069 5839 1277 5909; x_wconf 81' lang='lat' dir='ltr'><strong>primas</strong></span> <span class='ocrx_word' id='word_1_524' title='bbox 1311 5841 1490 5906; x_wconf 74' lang='lat' dir='ltr'><strong>eliget.</strong></span> <span class='ocrx_word' id='word_1_525' title='bbox 1544 5840 1626 5892; x_wconf 86' lang='lat' dir='ltr'><strong>vel</strong></span> <span class='ocrx_word' id='word_1_526' title='bbox 1677 5856 1818 5910; x_wconf 85' lang='lat' dir='ltr'><strong>quos</strong></span> <span class='ocrx_word' id='word_1_527' title='bbox 1875 5843 2038 5897; x_wconf 87' lang='lat' dir='ltr'><strong>ambo</strong></span> 
     </span>
    </p>
   </div>
   <div class='ocr_carea' id='block_1_76' title="bbox 473 5929 2028 5998">
    <p class='ocr_par' dir='ltr' id='par_1_76' title="bbox 473 5929 2028 5998">
     <span class='ocr_line' id='line_1_76' title="bbox 473 5929 2028 5998; baseline 0 -12"><span class='ocrx_word' id='word_1_528' title='bbox 473 5931 771 5986; x_wconf 78' lang='lat' dir='ltr'><strong>adversarii</strong></span> <span class='ocrx_word' id='word_1_529' title='bbox 830 5942 893 5984; x_wconf 81' lang='lat' dir='ltr'><strong>ex</strong></span> <span class='ocrx_word' id='word_1_530' title='bbox 923 5943 1196 5985; x_wconf 84' lang='lat' dir='ltr'><strong>consensu</strong></span> <span class='ocrx_word' id='word_1_531' title='bbox 1253 5929 1544 5998; x_wconf 86' lang='lat' dir='ltr'><strong>accipient,</strong></span> <span class='ocrx_word' id='word_1_532' title='bbox 1604 5939 1661 5986; x_wconf 86' lang='lat' dir='ltr'><strong>ut</strong></span> <span class='ocrx_word' id='word_1_533' title='bbox 1711 5944 1909 5986; x_wconf 81' lang='lat' dir='ltr'><strong>causas</strong></span> <span class='ocrx_word' id='word_1_534' title='bbox 1958 5932 2028 5986; x_wconf 84' lang='lat' dir='ltr'><strong>ab</strong></span> 
     </span>
    </p>
   </div>
   <div class='ocr_carea' id='block_1_77' title="bbox 2153 2076 3698 2156">
    <p class='ocr_par' dir='ltr' id='par_1_77' title="bbox 2153 2076 3698 2156">
     <span class='ocr_line' id='line_1_77' title="bbox 2153 2076 3698 2156; baseline 0.006 -26"><span class='ocrx_word' id='word_1_535' title='bbox 2153 2076 2302 2148; x_wconf 78' lang='grc' dir='ltr'>αὐτῷ</span> <span class='ocrx_word' id='word_1_536' title='bbox 2331 2077 2598 2144; x_wconf 69' lang='grc' dir='ltr'>κείσεται,</span> <span class='ocrx_word' id='word_1_537' title='bbox 2621 2079 2654 2152; x_wconf 80' lang='grc' dir='ltr'>ἢ</span> <span class='ocrx_word' id='word_1_538' title='bbox 2682 2081 2750 2135; x_wconf 84' lang='grc' dir='ltr'>τὰ</span> <span class='ocrx_word' id='word_1_539' title='bbox 2771 2081 2872 2150; x_wconf 75' lang='grc' dir='ltr'>τῆς</span> <span class='ocrx_word' id='word_1_540' title='bbox 2898 2082 3209 2148; x_wconf 73' lang='grc' dir='ltr'>ὑποθέσεως</span> <span class='ocrx_word' id='word_1_541' title='bbox 3240 2079 3396 2149; x_wconf 84' lang='grc' dir='ltr'>αὖθις</span> <span class='ocrx_word' id='word_1_542' title='bbox 3425 2083 3599 2156; x_wconf 78' lang='grc' dir='ltr'>κρίσει</span> <span class='ocrx_word' id='word_1_543' title='bbox 3625 2086 3698 2141; x_wconf 75' lang='grc' dir='ltr'>δο·</span> 
     </span>
    </p>
   </div>
   <div class='ocr_carea' id='block_1_78' title="bbox 2159 2165 3350 2244">
    <p class='ocr_par' dir='ltr' id='par_1_78' title="bbox 2159 2165 3350 2244">
     <span class='ocr_line' id='line_1_78' title="bbox 2159 2165 3350 2244; baseline 0.008 -25"><span class='ocrx_word' id='word_1_544' title='bbox 2159 2165 2344 2236; x_wconf 80' lang='grc' dir='ltr'>θῆναι,</span> <span class='ocrx_word' id='word_1_545' title='bbox 2380 2167 2414 2236; x_wconf 82' lang='grc' dir='ltr'>ἢ</span> <span class='ocrx_word' id='word_1_546' title='bbox 2442 2168 2510 2222; x_wconf 86' lang='grc' dir='ltr'><strong>τὰ</strong></span> <span class='ocrx_word' id='word_1_547' title='bbox 2540 2168 2888 2242; x_wconf 65' lang='grc' dir='ltr'>ἐψηφεσμένα</span> <span class='ocrx_word' id='word_1_548' title='bbox 2913 2172 3107 2243; x_wconf 77' lang='grc' dir='ltr'>βέϐαια</span> <span class='ocrx_word' id='word_1_549' title='bbox 3141 2173 3350 2244; x_wconf 86' lang='grc' dir='ltr'>μένειν.</span> 
     </span>
    </p>
   </div>
   <div class='ocr_carea' id='block_1_79' title="bbox 2237 2259 3700 2338">
    <p class='ocr_par' dir='ltr' id='par_1_79' title="bbox 2237 2259 3700 2338">
     <span class='ocr_line' id='line_1_79' title="bbox 2237 2259 3700 2338; baseline 0.007 -26"><span class='ocrx_word' id='word_1_550' title='bbox 2237 2259 2297 2312; x_wconf 89' lang='grc' dir='ltr'>Ὀ</span> <span class='ocrx_word' id='word_1_551' title='bbox 2338 2259 2396 2314; x_wconf 80' lang='grc' dir='ltr'><strong>δέ</strong></span> <span class='ocrx_word' id='word_1_552' title='bbox 2427 2261 2506 2329; x_wconf 75' lang='grc' dir='ltr'><strong>ρξ’</strong></span> <span class='ocrx_word' id='word_1_553' title='bbox 2549 2260 2653 2332; x_wconf 79' lang='grc' dir='ltr'>τῆς</span> <span class='ocrx_word' id='word_1_554' title='bbox 2694 2263 2752 2316; x_wconf 91' lang='grc' dir='ltr'><strong>ἐν</strong></span> <span class='ocrx_word' id='word_1_555' title='bbox 2783 2263 3116 2338; x_wconf 73' lang='grc' dir='ltr'>Καρθαγίνῃ</span> <span class='ocrx_word' id='word_1_556' title='bbox 3152 2266 3248 2322; x_wconf 75' lang='grc' dir='ltr'>ἕνα</span> <span class='ocrx_word' id='word_1_557' title='bbox 3282 2267 3575 2323; x_wconf 81' lang='grc' dir='ltr'>ἐπίσκοπον</span> <span class='ocrx_word' id='word_1_558' title='bbox 3597 2268 3700 2324; x_wconf 79' lang='grc' dir='ltr'>δυσὶ</span> 
     </span>
    </p>
   </div>
   <div class='ocr_carea' id='block_1_80' title="bbox 2152 2353 3694 2436">
    <p class='ocr_par' dir='ltr' id='par_1_80' title="bbox 2152 2353 3694 2436">
     <span class='ocr_line' id='line_1_80' title="bbox 2152 2353 3694 2436; baseline 0.008 -29"><span class='ocrx_word' id='word_1_559' title='bbox 2152 2353 2400 2417; x_wconf 78' lang='grc' dir='ltr'>δικάζειν</span> <span class='ocrx_word' id='word_1_560' title='bbox 2446 2356 2795 2424; x_wconf 80' lang='grc' dir='ltr'>ἐπισκόποις,</span> <span class='ocrx_word' id='word_1_561' title='bbox 2829 2359 2987 2431; x_wconf 84' lang='grc' dir='ltr'>δίκην</span> <span class='ocrx_word' id='word_1_562' title='bbox 3026 2360 3212 2432; x_wconf 76' lang='grc' dir='ltr'>ἔχουσι</span> <span class='ocrx_word' id='word_1_563' title='bbox 3255 2363 3392 2434; x_wconf 81' lang='grc' dir='ltr'>πρὸς</span> <span class='ocrx_word' id='word_1_564' title='bbox 3435 2364 3694 2436; x_wconf 74' lang='grc' dir='ltr'>ἀλλήλους,</span> 
     </span>
    </p>
   </div>
   <div class='ocr_carea' id='block_1_81' title="bbox 2151 2441 3696 2527">
    <p class='ocr_par' dir='ltr' id='par_1_81' title="bbox 2151 2441 3696 2527">
     <span class='ocr_line' id='line_1_81' title="bbox 2151 2441 3696 2527; baseline 0.01 -31"><span class='ocrx_word' id='word_1_565' title='bbox 2151 2441 2254 2496; x_wconf 85' lang='grc' dir='ltr'><strong>οὑκ</strong></span> <span class='ocrx_word' id='word_1_566' title='bbox 2275 2443 2565 2518; x_wconf 80' lang='grc' dir='ltr'>ἐπιτρέπει</span> <span class='ocrx_word' id='word_1_567' title='bbox 2585 2463 2600 2480; x_wconf 90' lang='grc'><strong>·</strong></span> <span class='ocrx_word' id='word_1_568' title='bbox 2626 2447 2742 2504; x_wconf 84' lang='grc' dir='ltr'><strong>ἀλλ’</strong></span> <span class='ocrx_word' id='word_1_569' title='bbox 2761 2449 2883 2504; x_wconf 73' lang='grc' dir='ltr'>οὐδὲ</span> <span class='ocrx_word' id='word_1_570' title='bbox 2913 2450 3185 2524; x_wconf 81' lang='grc' dir='ltr'>κληρικῷ,</span> <span class='ocrx_word' id='word_1_571' title='bbox 3209 2451 3362 2524; x_wconf 80' lang='grc' dir='ltr'>δίκην</span> <span class='ocrx_word' id='word_1_572' title='bbox 3386 2452 3559 2526; x_wconf 75' lang='grc' dir='ltr'>ἔχοντι</span> <span class='ocrx_word' id='word_1_573' title='bbox 3580 2456 3696 2527; x_wconf 79' lang='grc' dir='ltr'>μετά</span> 
     </span>
    </p>
   </div>
   <div class='ocr_carea' id='block_1_82' title="bbox 2154 2536 2482 2592">
    <p class='ocr_par' dir='ltr' id='par_1_82' title="bbox 2154 2536 2482 2592">
     <span class='ocr_line' id='line_1_82' title="bbox 2154 2536 2482 2592; baseline 0.012 -4"><span class='ocrx_word' id='word_1_574' title='bbox 2154 2536 2482 2592; x_wconf 81' lang='grc' dir='ltr'>ἐπισκόπου.</span> 
     </span>
    </p>
   </div>
   <div class='ocr_carea' id='block_1_83' title="bbox 2232 2625 3696 2707">
    <p class='ocr_par' dir='ltr' id='par_1_83' title="bbox 2232 2625 3696 2707">
     <span class='ocr_line' id='line_1_83' title="bbox 2232 2625 3696 2707; baseline 0.007 -26"><span class='ocrx_word' id='word_1_575' title='bbox 2232 2625 2296 2682; x_wconf 85' lang='grc' dir='ltr'>Ὀ</span> <span class='ocrx_word' id='word_1_576' title='bbox 2326 2627 2383 2682; x_wconf 75' lang='grc' dir='ltr'>δὲ</span> <span class='ocrx_word' id='word_1_577' title='bbox 2418 2627 2482 2694; x_wconf 78' lang='grc' dir='ltr'>ιζ’</span> <span class='ocrx_word' id='word_1_578' title='bbox 2509 2629 2610 2700; x_wconf 83' lang='grc' dir='ltr'>τῆς</span> <span class='ocrx_word' id='word_1_579' title='bbox 2633 2629 2674 2686; x_wconf 86' lang='grc' dir='ltr'>δ’</span> <span class='ocrx_word' id='word_1_580' title='bbox 2701 2631 2919 2687; x_wconf 82' lang='grc' dir='ltr'>συνόδου</span> <span class='ocrx_word' id='word_1_581' title='bbox 2949 2632 3051 2699; x_wconf 81' lang='grc' dir='ltr'><strong>τὰς</strong></span> <span class='ocrx_word' id='word_1_582' title='bbox 3095 2636 3392 2706; x_wconf 81' lang='grc' dir='ltr'>παροικίας</span> <span class='ocrx_word' id='word_1_583' title='bbox 3419 2637 3696 2707; x_wconf 79' lang='grc' dir='ltr'>ἀναφαιρέ-</span> 
     </span>
    </p>
   </div>
   <div class='ocr_carea' id='block_1_84' title="bbox 2151 2719 3694 2799">
    <p class='ocr_par' dir='ltr' id='par_1_84' title="bbox 2151 2719 3694 2799">
     <span class='ocr_line' id='line_1_84' title="bbox 2151 2719 3694 2799; baseline 0.007 -28"><span class='ocrx_word' id='word_1_584' title='bbox 2151 2734 2282 2782; x_wconf 82' lang='grc' dir='ltr'>τους</span> <span class='ocrx_word' id='word_1_585' title='bbox 2333 2719 2612 2789; x_wconf 75' lang='grc' dir='ltr'>διαμένειν</span> <span class='ocrx_word' id='word_1_586' title='bbox 2667 2722 2882 2778; x_wconf 77' lang='grc' dir='ltr'><strong>κελεύει</strong></span> <span class='ocrx_word' id='word_1_587' title='bbox 2921 2727 3073 2797; x_wconf 81' lang='grc' dir='ltr'>παρὰ</span> <span class='ocrx_word' id='word_1_588' title='bbox 3115 2730 3230 2792; x_wconf 80' lang='grc' dir='ltr'>τοῖς</span> <span class='ocrx_word' id='word_1_589' title='bbox 3286 2729 3505 2799; x_wconf 75' lang='grc' dir='ltr'>ἔχουσιν</span> <span class='ocrx_word' id='word_1_590' title='bbox 3554 2731 3694 2792; x_wconf 83' lang='grc' dir='ltr'>αὑτὰς</span> 
     </span>
    </p>
   </div>
   <div class='ocr_carea' id='block_1_85' title="bbox 2153 2809 3694 2892">
    <p class='ocr_par' dir='ltr' id='par_1_85' title="bbox 2153 2809 3694 2892">
     <span class='ocr_line' id='line_1_85' title="bbox 2153 2809 3694 2892; baseline 0.008 -30"><span class='ocrx_word' id='word_1_591' title='bbox 2153 2809 2497 2877; x_wconf 69' lang='grc' dir='ltr'>ἐπισκόποις,</span> <span class='ocrx_word' id='word_1_592' title='bbox 2541 2811 2652 2868; x_wconf 73' lang='grc' dir='ltr'>εἴτε</span> <span class='ocrx_word' id='word_1_593' title='bbox 2683 2813 3002 2884; x_wconf 78' lang='grc' dir='ltr'><strong>ἀγροικικαὶ⁵</strong></span> <span class='ocrx_word' id='word_1_594' title='bbox 3044 2813 3176 2887; x_wconf 71' lang='grc' dir='ltr'>εἷεν,</span> <span class='ocrx_word' id='word_1_595' title='bbox 3219 2820 3280 2874; x_wconf 85' lang='grc' dir='ltr'>ὲν</span> <span class='ocrx_word' id='word_1_596' title='bbox 3311 2821 3587 2892; x_wconf 73' lang='grc' dir='ltr'>ἐσχατιαῖς</span> <span class='ocrx_word' id='word_1_597' title='bbox 3618 2821 3694 2890; x_wconf 77' lang='grc' dir='ltr'><strong>δη-</strong></span> 
     </span>
    </p>
   </div>
   <div class='ocr_carea' id='block_1_86' title="bbox 2152 2898 3697 2983">
    <p class='ocr_par' dir='ltr' id='par_1_86' title="bbox 2152 2898 3697 2983">
     <span class='ocr_line' id='line_1_86' title="bbox 2152 2898 3697 2983; baseline 0.01 -31"><span class='ocrx_word' id='word_1_598' title='bbox 2152 2898 2286 2971; x_wconf 79' lang='grc' dir='ltr'>λαδὴ</span> <span class='ocrx_word' id='word_1_599' title='bbox 2317 2901 2594 2972; x_wconf 81' lang='grc' dir='ltr'>κείμεναι,</span> <span class='ocrx_word' id='word_1_600' title='bbox 2629 2907 2724 2960; x_wconf 76' lang='grc' dir='ltr'>καὶ</span> <span class='ocrx_word' id='word_1_601' title='bbox 2759 2908 2864 2962; x_wconf 85' lang='grc' dir='ltr'>ὑπὸ</span> <span class='ocrx_word' id='word_1_602' title='bbox 2888 2909 3090 2977; x_wconf 82' lang='grc' dir='ltr'>ὀλίγων</span> <span class='ocrx_word' id='word_1_603' title='bbox 3120 2911 3462 2983; x_wconf 73' lang='grc' dir='ltr'>οἰκούμεναι,</span> <span class='ocrx_word' id='word_1_604' title='bbox 3493 2914 3594 2969; x_wconf 82' lang='grc' dir='ltr'>είτε</span> <span class='ocrx_word' id='word_1_605' title='bbox 3619 2915 3697 2980; x_wconf 75' lang='grc' dir='ltr'><strong>ἐγ-</strong></span> 
     </span>
    </p>
   </div>
   <div class='ocr_carea' id='block_1_87' title="bbox 2151 2991 3696 3075">
    <p class='ocr_par' dir='ltr' id='par_1_87' title="bbox 2151 2991 3696 3075">
     <span class='ocr_line' id='line_1_87' title="bbox 2151 2991 3696 3075; baseline -0.002 -15"><span class='ocrx_word' id='word_1_606' title='bbox 2151 2991 2364 3064; x_wconf 78' lang='grc' dir='ltr'>χώριοι.</span> <span class='ocrx_word' id='word_1_607' title='bbox 2418 2994 2493 3058; x_wconf 83' lang='grc' dir='ltr'><strong>ὡς</strong></span> <span class='ocrx_word' id='word_1_608' title='bbox 2549 2997 2741 3066; x_wconf 77' lang='grc' dir='ltr'>ἀγροῖς</span> <span class='ocrx_word' id='word_1_609' title='bbox 2784 3002 2880 3055; x_wconf 78' lang='grc' dir='ltr'>καὶ</span> <span class='ocrx_word' id='word_1_610' title='bbox 2920 3002 3137 3072; x_wconf 82' lang='grc' dir='ltr'>κώμαις</span> <span class='ocrx_word' id='word_1_611' title='bbox 3177 3004 3588 3075; x_wconf 77' lang='grc' dir='ltr'>πλησιάζουσαι,</span> <span class='ocrx_word' id='word_1_612' title='bbox 3615 3005 3696 3059; x_wconf 80' lang='grc' dir='ltr'>καὶ</span> 
     </span>
    </p>
   </div>
   <div class='ocr_carea' id='block_1_88' title="bbox 2152 3087 3698 3172">
    <p class='ocr_par' dir='ltr' id='par_1_88' title="bbox 2152 3087 3698 3172">
     <span class='ocr_line' id='line_1_88' title="bbox 2152 3087 3698 3172; baseline 0.006 -26"><span class='ocrx_word' id='word_1_613' title='bbox 2152 3087 2581 3165; x_wconf 72' lang='grc' dir='ltr'>πολυανθρωπίᾳ</span> <span class='ocrx_word' id='word_1_614' title='bbox 2604 3091 2869 3164; x_wconf 84' lang='grc' dir='ltr'>βρύουσαι</span> <span class='ocrx_word' id='word_1_615' title='bbox 2887 3111 2903 3130; x_wconf 81' lang='grc' dir='ltr'><strong>ο</strong></span> <span class='ocrx_word' id='word_1_616' title='bbox 2937 3096 3036 3152; x_wconf 79' lang='grc' dir='ltr'>καὶ</span> <span class='ocrx_word' id='word_1_617' title='bbox 3062 3098 3300 3168; x_wconf 86' lang='grc' dir='ltr'>μάλιστα</span> <span class='ocrx_word' id='word_1_618' title='bbox 3328 3101 3379 3153; x_wconf 82' lang='grc' dir='ltr'><strong>εί</strong></span> <span class='ocrx_word' id='word_1_619' title='bbox 3405 3117 3698 3172; x_wconf 84' lang='grc' dir='ltr'>τριακοντα-</span> 
     </span>
    </p>
   </div>
   <div class='ocr_carea' id='block_1_89' title="bbox 2151 3183 3695 3266">
    <p class='ocr_par' dir='ltr' id='par_1_89' title="bbox 2151 3183 3695 3266">
     <span class='ocr_line' id='line_1_89' title="bbox 2151 3183 3695 3266; baseline 0.011 -34"><span class='ocrx_word' id='word_1_620' title='bbox 2151 3183 2266 3234; x_wconf 64' lang='lat' dir='ltr'><strong>erat</strong></span> <span class='ocrx_word' id='word_1_621' title='bbox 2313 3183 2487 3254; x_wconf 75' lang='grc' dir='ltr'>χρόνῳ</span> <span class='ocrx_word' id='word_1_622' title='bbox 2549 3183 2754 3250; x_wconf 85' lang='grc' dir='ltr'>ταύτας</span> <span class='ocrx_word' id='word_1_623' title='bbox 2787 3189 3052 3261; x_wconf 85' lang='grc' dir='ltr'>κατέσχον</span> <span class='ocrx_word' id='word_1_624' title='bbox 3097 3196 3191 3245; x_wconf 75' lang='grc' dir='ltr'><strong>καί</strong></span> <span class='ocrx_word' id='word_1_625' title='bbox 3224 3192 3598 3266; x_wconf 82' lang='grc' dir='ltr'>ᾠκονόμησαν,</span> <span class='ocrx_word' id='word_1_626' title='bbox 3630 3196 3695 3263; x_wconf 80' lang='grc' dir='ltr'><strong>μή</strong></span> 
     </span>
    </p>
   </div>
   <div class='ocr_carea' id='block_1_90' title="bbox 2150 3275 3696 3354">
    <p class='ocr_par' dir='ltr' id='par_1_90' title="bbox 2150 3275 3696 3354">
     <span class='ocr_line' id='line_1_90' title="bbox 2150 3275 3696 3354; baseline 0.009 -28"><span class='ocrx_word' id='word_1_627' title='bbox 2150 3289 2304 3339; x_wconf 82' lang='grc' dir='ltr'>τινας</span> <span class='ocrx_word' id='word_1_628' title='bbox 2339 3275 2682 3347; x_wconf 82' lang='grc' dir='ltr'>βιασάμενοι,</span> <span class='ocrx_word' id='word_1_629' title='bbox 2726 3280 2760 3350; x_wconf 85' lang='grc' dir='ltr'><strong>ή</strong></span> <span class='ocrx_word' id='word_1_630' title='bbox 2810 3298 2974 3336; x_wconf 79' lang='grc' dir='ltr'>τινων</span> <span class='ocrx_word' id='word_1_631' title='bbox 3021 3287 3504 3354; x_wconf 80' lang='grc' dir='ltr'>παρασπάσαντες.</span> <span class='ocrx_word' id='word_1_632' title='bbox 3549 3288 3609 3342; x_wconf 81' lang='lat' dir='ltr'><strong>Et</strong></span> <span class='ocrx_word' id='word_1_633' title='bbox 3647 3287 3696 3340; x_wconf 82' lang='grc' dir='ltr'><strong>δέ</strong></span> 
     </span>
    </p>
   </div>
   <div class='ocr_carea' id='block_1_91' title="bbox 2153 3368 3698 3448">
    <p class='ocr_par' dir='ltr' id='par_1_91' title="bbox 2153 3368 3698 3448">
     <span class='ocr_line' id='line_1_91' title="bbox 2153 3368 3698 3448; baseline 0.007 -28"><span class='ocrx_word' id='word_1_634' title='bbox 2153 3382 2256 3422; x_wconf 86' lang='grc' dir='ltr'><strong>που</strong></span> <span class='ocrx_word' id='word_1_635' title='bbox 2285 3368 2379 3422; x_wconf 80' lang='grc' dir='ltr'>τοῦ</span> <span class='ocrx_word' id='word_1_636' title='bbox 2411 3371 2605 3441; x_wconf 83' lang='grc' dir='ltr'>χρόνου</span> <span class='ocrx_word' id='word_1_637' title='bbox 2636 3372 2834 3427; x_wconf 83' lang='grc' dir='ltr'>τούτου</span> <span class='ocrx_word' id='word_1_638' title='bbox 2859 3375 3008 3439; x_wconf 84' lang='grc' dir='ltr'>ἐντὸς</span> <span class='ocrx_word' id='word_1_639' title='bbox 3031 3376 3222 3448; x_wconf 70' lang='grc' dir='ltr'>ἕτερος</span> <span class='ocrx_word' id='word_1_640' title='bbox 3272 3380 3567 3442; x_wconf 75' lang='grc' dir='ltr'>ἐπίσκοπος</span> <span class='ocrx_word' id='word_1_641' title='bbox 3588 3379 3698 3448; x_wconf 85' lang='grc' dir='ltr'>περί</span> 
     </span>
    </p>
   </div>
   <div class='ocr_carea' id='block_1_92' title="bbox 2151 3462 3697 3542">
    <p class='ocr_par' dir='ltr' id='par_1_92' title="bbox 2151 3462 3697 3542">
     <span class='ocr_line' id='line_1_92' title="bbox 2151 3462 3697 3542; baseline 0.009 -30"><span class='ocrx_word' id='word_1_642' title='bbox 2151 3475 2294 3524; x_wconf 78' lang='grc' dir='ltr'>τινος</span> <span class='ocrx_word' id='word_1_643' title='bbox 2324 3462 2618 3531; x_wconf 84' lang='grc' dir='ltr'>παροικίας</span> <span class='ocrx_word' id='word_1_644' title='bbox 2645 3465 3114 3537; x_wconf 75' lang='grc' dir='ltr'>ἀμφισϐητήσειε,</span> <span class='ocrx_word' id='word_1_645' title='bbox 3137 3469 3288 3539; x_wconf 82' lang='grc' dir='ltr'>παρὰ</span> <span class='ocrx_word' id='word_1_646' title='bbox 3311 3474 3377 3541; x_wconf 78' lang='grc' dir='ltr'>τῇ</span> <span class='ocrx_word' id='word_1_647' title='bbox 3403 3472 3596 3542; x_wconf 82' lang='grc' dir='ltr'>συνόδῳ</span> <span class='ocrx_word' id='word_1_648' title='bbox 3613 3471 3697 3540; x_wconf 76' lang='grc' dir='ltr'>τῆς</span> 
     </span>
    </p>
   </div>
   <div class='ocr_carea' id='block_1_93' title="bbox 2150 3551 3698 3630">
    <p class='ocr_par' dir='ltr' id='par_1_93' title="bbox 2150 3551 3698 3630">
     <span class='ocr_line' id='line_1_93' title="bbox 2150 3551 3698 3630; baseline 0.008 -26"><span class='ocrx_word' id='word_1_649' title='bbox 2150 3551 2424 3623; x_wconf 80' lang='grc' dir='ltr'>ἐπαρχίας</span> <span class='ocrx_word' id='word_1_650' title='bbox 2460 3556 2562 3624; x_wconf 80' lang='grc' dir='ltr'>τὴν</span> <span class='ocrx_word' id='word_1_651' title='bbox 2596 3555 3016 3630; x_wconf 73' lang='grc' dir='ltr'>ἀμφισϐήτησιν</span> <span class='ocrx_word' id='word_1_652' title='bbox 3056 3559 3306 3617; x_wconf 82' lang='grc' dir='ltr'>λύεσθαι.</span> <span class='ocrx_word' id='word_1_653' title='bbox 3336 3563 3402 3616; x_wconf 81' lang='lat' dir='ltr'><strong>Ei</strong></span> <span class='ocrx_word' id='word_1_654' title='bbox 3424 3564 3479 3618; x_wconf 86' lang='grc' dir='ltr'><strong>δέ</strong></span> <span class='ocrx_word' id='word_1_655' title='bbox 3503 3581 3585 3626; x_wconf 85' lang='grc' dir='ltr'><strong>τις</strong></span> <span class='ocrx_word' id='word_1_656' title='bbox 3606 3563 3698 3617; x_wconf 82' lang='grc' dir='ltr'><strong>τῶν</strong></span> 
     </span>
    </p>
   </div>
   <div class='ocr_carea' id='block_1_94' title="bbox 2149 3644 3697 3725">
    <p class='ocr_par' dir='ltr' id='par_1_94' title="bbox 2149 3644 3697 3725">
     <span class='ocr_line' id='line_1_94' title="bbox 2149 3644 3697 3725; baseline 0.01 -28"><span class='ocrx_word' id='word_1_657' title='bbox 2149 3644 2468 3702; x_wconf 74' lang='grc' dir='ltr'>ἐπισκόπων</span> <span class='ocrx_word' id='word_1_658' title='bbox 2511 3645 2815 3704; x_wconf 79' lang='grc' dir='ltr'>ἀδικεῖσθαι</span> <span class='ocrx_word' id='word_1_659' title='bbox 2845 3651 3056 3721; x_wconf 77' lang='grc' dir='ltr'>νομίζει</span> <span class='ocrx_word' id='word_1_660' title='bbox 3081 3654 3220 3725; x_wconf 75' lang='grc' dir='ltr'>πρὸς</span> <span class='ocrx_word' id='word_1_661' title='bbox 3249 3655 3348 3709; x_wconf 80' lang='grc' dir='ltr'><strong>τοῦ</strong></span> <span class='ocrx_word' id='word_1_662' title='bbox 3379 3656 3578 3710; x_wconf 81' lang='grc' dir='ltr'>οίκείου</span> <span class='ocrx_word' id='word_1_663' title='bbox 3608 3672 3697 3725; x_wconf 75' lang='grc' dir='ltr'><strong>μη·</strong></span> 
     </span>
    </p>
   </div>
   <div class='ocr_carea' id='block_1_95' title="bbox 2149 3735 3695 3818">
    <p class='ocr_par' dir='ltr' id='par_1_95' title="bbox 2149 3735 3695 3818">
     <span class='ocr_line' id='line_1_95' title="bbox 2149 3735 3695 3818; baseline 0.011 -29"><span class='ocrx_word' id='word_1_664' title='bbox 2149 3735 2495 3806; x_wconf 87' lang='grc' dir='ltr'>τροπολίτου,</span> <span class='ocrx_word' id='word_1_665' title='bbox 2520 3739 2724 3806; x_wconf 74' lang='grc' dir='ltr'>ἐξεῖναι</span> <span class='ocrx_word' id='word_1_666' title='bbox 2753 3743 2930 3814; x_wconf 83' lang='grc' dir='ltr'>τούτῳ</span> <span class='ocrx_word' id='word_1_667' title='bbox 2958 3745 3279 3810; x_wconf 81' lang='grc' dir='ltr'>δικάζεσθαι</span> <span class='ocrx_word' id='word_1_668' title='bbox 3303 3747 3336 3818; x_wconf 68' lang='lat' dir='ltr'>ﬂ</span> <span class='ocrx_word' id='word_1_669' title='bbox 3369 3749 3517 3814; x_wconf 78' lang='grc' dir='ltr'>παρὰ</span> <span class='ocrx_word' id='word_1_670' title='bbox 3537 3747 3605 3816; x_wconf 82' lang='grc' dir='ltr'><strong>τῷ</strong></span> <span class='ocrx_word' id='word_1_671' title='bbox 3627 3745 3695 3806; x_wconf 64' lang='grc' dir='ltr'><strong>ἐξ·</strong></span> 
     </span>
    </p>
   </div>
   <div class='ocr_carea' id='block_1_96' title="bbox 2148 3828 3694 3910">
    <p class='ocr_par' dir='ltr' id='par_1_96' title="bbox 2148 3828 3694 3910">
     <span class='ocr_line' id='line_1_96' title="bbox 2148 3828 3694 3910; baseline -0.008 -14"><span class='ocrx_word' id='word_1_672' title='bbox 2148 3828 2304 3900; x_wconf 81' lang='grc' dir='ltr'>άρχφ</span> <span class='ocrx_word' id='word_1_673' title='bbox 2335 3829 2434 3898; x_wconf 79' lang='grc' dir='ltr'>τῆς</span> <span class='ocrx_word' id='word_1_674' title='bbox 2471 3831 2819 3904; x_wconf 75' lang='grc' dir='ltr'>διοικήσεως,</span> <span class='ocrx_word' id='word_1_675' title='bbox 2849 3835 2882 3906; x_wconf 75' lang='grc' dir='ltr'>ἢ</span> <span class='ocrx_word' id='word_1_676' title='bbox 2918 3837 3072 3909; x_wconf 86' lang='grc' dir='ltr'>παρὰ</span> <span class='ocrx_word' id='word_1_677' title='bbox 3103 3837 3182 3908; x_wconf 81' lang='grc' dir='ltr'>τῷ</span> <span class='ocrx_word' id='word_1_678' title='bbox 3211 3839 3388 3910; x_wconf 85' lang='grc' dir='ltr'>θρόνῳ</span> <span class='ocrx_word' id='word_1_679' title='bbox 3429 3841 3694 3894; x_wconf 75' lang='grc' dir='ltr'>Κωνσταν-</span> 
     </span>
    </p>
   </div>
   <div class='ocr_carea' id='block_1_97' title="bbox 2147 3919 3692 4000">
    <p class='ocr_par' dir='ltr' id='par_1_97' title="bbox 2147 3919 3692 4000">
     <span class='ocr_line' id='line_1_97' title="bbox 2147 3919 3692 4000; baseline 0.004 -30"><span class='ocrx_word' id='word_1_680' title='bbox 2147 3919 2537 3987; x_wconf 81' lang='grc' dir='ltr'>τινουπόλεως,</span> <span class='ocrx_word' id='word_1_681' title='bbox 2591 3923 2750 3993; x_wconf 83' lang='grc' dir='ltr'>είπερ</span> <span class='ocrx_word' id='word_1_682' title='bbox 2799 3924 3002 3998; x_wconf 82' lang='grc' dir='ltr'>δηλαδὴ</span> <span class='ocrx_word' id='word_1_683' title='bbox 3047 3927 3223 4000; x_wconf 77' lang='grc' dir='ltr'>τούτῳ</span> <span class='ocrx_word' id='word_1_684' title='bbox 3261 3930 3592 3982; x_wconf 83' lang='grc' dir='ltr'>ὑπόκεινται.</span> <span class='ocrx_word' id='word_1_685' title='bbox 3626 3924 3692 3977; x_wconf 88' lang='grc' dir='ltr'>Ού</span> 
     </span>
    </p>
   </div>
   <div class='ocr_carea' id='block_1_98' title="bbox 2147 4007 3695 4091">
    <p class='ocr_par' dir='ltr' id='par_1_98' title="bbox 2147 4007 3695 4091">
     <span class='ocr_line' id='line_1_98' title="bbox 2147 4007 3695 4091; baseline 0.003 -30"><span class='ocrx_word' id='word_1_686' title='bbox 2147 4009 2258 4080; x_wconf 85' lang='grc' dir='ltr'>γάρ</span> <span class='ocrx_word' id='word_1_687' title='bbox 2287 4011 2512 4066; x_wconf 86' lang='grc' dir='ltr'>πάντων</span> <span class='ocrx_word' id='word_1_688' title='bbox 2541 4007 2698 4078; x_wconf 75' lang='grc' dir='ltr'>οὗτος</span> <span class='ocrx_word' id='word_1_689' title='bbox 2729 4017 2969 4089; x_wconf 81' lang='grc' dir='ltr'>κάθηται</span> <span class='ocrx_word' id='word_1_690' title='bbox 3011 4019 3275 4091; x_wconf 79' lang='grc' dir='ltr'>δικαστής</span> <span class='ocrx_word' id='word_1_691' title='bbox 3297 4037 3309 4049; x_wconf 90' lang='grc'><strong>·</strong></span> <span class='ocrx_word' id='word_1_692' title='bbox 3335 4018 3562 4086; x_wconf 74' lang='grc' dir='ltr'>ἐπείπερ</span> <span class='ocrx_word' id='word_1_693' title='bbox 3584 4016 3695 4078; x_wconf 69' lang='grc' dir='ltr'>τοὺς</span> 
     </span>
    </p>
   </div>
   <div class='ocr_carea' id='block_1_99' title="bbox 2145 4104 3696 4181">
    <p class='ocr_par' dir='ltr' id='par_1_99' title="bbox 2145 4104 3696 4181">
     <span class='ocr_line' id='line_1_99' title="bbox 2145 4104 3696 4181; baseline -0.009 -8"><span class='ocrx_word' id='word_1_694' title='bbox 2145 4104 2246 4172; x_wconf 74' lang='grc' dir='ltr'><strong>τῆς</strong></span> <span class='ocrx_word' id='word_1_695' title='bbox 2280 4104 2481 4174; x_wconf 80' lang='grc' dir='ltr'>Συρίας</span> <span class='ocrx_word' id='word_1_696' title='bbox 2511 4104 2590 4176; x_wconf 76' lang='grc' dir='ltr'>τῷ</span> <span class='ocrx_word' id='word_1_697' title='bbox 2625 4106 2723 4178; x_wconf 81' lang='grc' dir='ltr'><strong>τῆς</strong></span> <span class='ocrx_word' id='word_1_698' title='bbox 2755 4108 3093 4181; x_wconf 85' lang='grc' dir='ltr'>Ἀντιοχείας</span> <span class='ocrx_word' id='word_1_699' title='bbox 3147 4109 3466 4167; x_wconf 80' lang='grc' dir='ltr'>ὑποκεῖσθαι</span> <span class='ocrx_word' id='word_1_700' title='bbox 3497 4108 3696 4177; x_wconf 86' lang='grc' dir='ltr'>νενόμι-</span> 
     </span>
    </p>
   </div>
   <div class='ocr_carea' id='block_1_100' title="bbox 2149 4196 3694 4274">
    <p class='ocr_par' dir='ltr' id='par_1_100' title="bbox 2149 4196 3694 4274">
     <span class='ocr_line' id='line_1_100' title="bbox 2149 4196 3694 4274; baseline 0.012 -28"><span class='ocrx_word' id='word_1_701' title='bbox 2149 4210 2296 4260; x_wconf 89' lang='grc' dir='ltr'>σται,</span> <span class='ocrx_word' id='word_1_702' title='bbox 2344 4197 2474 4261; x_wconf 74' lang='grc' dir='ltr'>τοὺς</span> <span class='ocrx_word' id='word_1_703' title='bbox 2513 4196 2572 4250; x_wconf 84' lang='grc' dir='ltr'>δὲ</span> <span class='ocrx_word' id='word_1_704' title='bbox 2615 4200 2712 4268; x_wconf 82' lang='grc' dir='ltr'>τῆς</span> <span class='ocrx_word' id='word_1_705' title='bbox 2759 4201 3148 4274; x_wconf 73' lang='grc' dir='ltr'>ῌαλαιστίνης,</span> <span class='ocrx_word' id='word_1_706' title='bbox 3181 4204 3260 4273; x_wconf 84' lang='grc' dir='ltr'>τῷ</span> <span class='ocrx_word' id='word_1_707' title='bbox 3305 4199 3694 4271; x_wconf 67' lang='grc' dir='ltr'>Ἰεροσολύμων,</span> 
     </span>
    </p>
   </div>
   <div class='ocr_carea' id='block_1_101' title="bbox 2145 4285 3364 4366">
    <p class='ocr_par' dir='ltr' id='par_1_101' title="bbox 2145 4285 3364 4366">
     <span class='ocr_line' id='line_1_101' title="bbox 2145 4285 3364 4366; baseline 0.009 -29"><span class='ocrx_word' id='word_1_708' title='bbox 2145 4285 2273 4348; x_wconf 76' lang='grc' dir='ltr'>τοὺς</span> <span class='ocrx_word' id='word_1_709' title='bbox 2299 4285 2356 4340; x_wconf 82' lang='grc' dir='ltr'>δὲ</span> <span class='ocrx_word' id='word_1_710' title='bbox 2381 4285 2482 4356; x_wconf 85' lang='grc' dir='ltr'>τῆς</span> <span class='ocrx_word' id='word_1_711' title='bbox 2503 4288 2781 4357; x_wconf 71' lang='grc' dir='ltr'>Αἰγύπτου</span> <span class='ocrx_word' id='word_1_712' title='bbox 2806 4291 2884 4361; x_wconf 85' lang='grc' dir='ltr'><strong>τῷ</strong></span> <span class='ocrx_word' id='word_1_713' title='bbox 2929 4291 3364 4366; x_wconf 79' lang='grc' dir='ltr'>Ἀλεξανδρείας.</span> 
     </span>
    </p>
   </div>
   <div class='ocr_carea' id='block_1_102' title="bbox 2155 4376 3533 4456">
    <p class='ocr_par' dir='ltr' id='par_1_102' title="bbox 2155 4376 3533 4456">
     <span class='ocr_line' id='line_1_102' title="bbox 2155 4376 3533 4456; baseline 0.012 -28"><span class='ocrx_word' id='word_1_714' title='bbox 2155 4429 2162 4434; x_wconf 66' lang='grc'><strong>,</strong></span> <span class='ocrx_word' id='word_1_715' title='bbox 2217 4376 2300 4430; x_wconf 82' lang='grc' dir='ltr'><strong>Τὰ</strong></span> <span class='ocrx_word' id='word_1_716' title='bbox 2331 4377 2475 4432; x_wconf 82' lang='grc' dir='ltr'>αὐτὰ</span> <span class='ocrx_word' id='word_1_717' title='bbox 2504 4381 2600 4433; x_wconf 84' lang='grc' dir='ltr'>καὶ</span> <span class='ocrx_word' id='word_1_718' title='bbox 2627 4382 2656 4434; x_wconf 85' lang='grc' dir='ltr'><strong>δ</strong></span> <span class='ocrx_word' id='word_1_719' title='bbox 2694 4379 2774 4436; x_wconf 84' lang='grc' dir='ltr'>κε’</span> <span class='ocrx_word' id='word_1_720' title='bbox 2807 4383 2906 4450; x_wconf 82' lang='grc' dir='ltr'><strong>τῆς</strong></span> <span class='ocrx_word' id='word_1_721' title='bbox 2940 4390 2995 4448; x_wconf 86' lang='grc' dir='ltr'>ς’</span> <span class='ocrx_word' id='word_1_722' title='bbox 3019 4385 3238 4440; x_wconf 88' lang='grc' dir='ltr'>συνόδου</span> <span class='ocrx_word' id='word_1_723' title='bbox 3267 4389 3533 4456; x_wconf 79' lang='grc' dir='ltr'>διέξεισιν.</span> 
     </span>
    </p>
   </div>
   <div class='ocr_carea' id='block_1_103' title="bbox 2226 4469 3699 4552">
    <p class='ocr_par' dir='ltr' id='par_1_103' title="bbox 2226 4469 3699 4552">
     <span class='ocr_line' id='line_1_103' title="bbox 2226 4469 3699 4552; baseline 0.005 -28"><span class='ocrx_word' id='word_1_724' title='bbox 2226 4469 2285 4524; x_wconf 81' lang='grc' dir='ltr'>Ὀ</span> <span class='ocrx_word' id='word_1_725' title='bbox 2310 4470 2366 4524; x_wconf 85' lang='grc' dir='ltr'>δὲ</span> <span class='ocrx_word' id='word_1_726' title='bbox 2394 4477 2516 4541; x_wconf 66' lang='lat' dir='ltr'><strong>pata!</strong></span> <span class='ocrx_word' id='word_1_727' title='bbox 2542 4473 2638 4540; x_wconf 78' lang='grc' dir='ltr'>τῆς</span> <span class='ocrx_word' id='word_1_728' title='bbox 2669 4474 2728 4525; x_wconf 83' lang='grc' dir='ltr'><strong>ἐν</strong></span> <span class='ocrx_word' id='word_1_729' title='bbox 2755 4473 3108 4547; x_wconf 76' lang='grc' dir='ltr'>Καρθαγένῃ,</span> <span class='ocrx_word' id='word_1_730' title='bbox 3135 4478 3210 4533; x_wconf 81' lang='grc' dir='ltr'><strong>Οὐ</strong></span> <span class='ocrx_word' id='word_1_731' title='bbox 3239 4479 3342 4544; x_wconf 81' lang='grc' dir='ltr'>δεῖ,</span> <span class='ocrx_word' id='word_1_732' title='bbox 3372 4483 3524 4552; x_wconf 84' lang='grc' dir='ltr'>φησὶ,</span> <span class='ocrx_word' id='word_1_733' title='bbox 3553 4480 3699 4534; x_wconf 65' lang='grc' dir='ltr'>δυναη</span> 
     </span>
    </p>
   </div>
   <div class='ocr_carea' id='block_1_104' title="bbox 2147 4563 3698 4644">
    <p class='ocr_par' dir='ltr' id='par_1_104' title="bbox 2147 4563 3698 4644">
     <span class='ocr_line' id='line_1_104' title="bbox 2147 4563 3698 4644; baseline 0.003 -28"><span class='ocrx_word' id='word_1_734' title='bbox 2147 4563 2301 4634; x_wconf 80' lang='grc' dir='ltr'>στείᾳ</span> <span class='ocrx_word' id='word_1_735' title='bbox 2333 4563 2612 4632; x_wconf 84' lang='grc' dir='ltr'>χρώμενον</span> <span class='ocrx_word' id='word_1_736' title='bbox 2665 4566 2758 4618; x_wconf 66' lang='grc' dir='ltr'><strong>τὸν</strong></span> <span class='ocrx_word' id='word_1_737' title='bbox 2799 4567 3122 4634; x_wconf 78' lang='grc' dir='ltr'>ἐπίσκοπον,</span> <span class='ocrx_word' id='word_1_738' title='bbox 3173 4570 3360 4642; x_wconf 85' lang='grc' dir='ltr'>χώρας</span> <span class='ocrx_word' id='word_1_739' title='bbox 3407 4574 3698 4644; x_wconf 61' lang='grc' dir='ltr'>ἐπιδράττεφ</span> 
     </span>
    </p>
   </div>
   <div class='ocr_carea' id='block_1_105' title="bbox 2147 4653 3694 4735">
    <p class='ocr_par' dir='ltr' id='par_1_105' title="bbox 2147 4653 3694 4735">
     <span class='ocr_line' id='line_1_105' title="bbox 2147 4653 3694 4735; baseline 0.006 -29"><span class='ocrx_word' id='word_1_740' title='bbox 2147 4653 2292 4720; x_wconf 86' lang='grc' dir='ltr'>σθαι,</span> <span class='ocrx_word' id='word_1_741' title='bbox 2320 4654 2410 4724; x_wconf 84' lang='grc' dir='ltr'><strong>ὑφ’</strong></span> <span class='ocrx_word' id='word_1_742' title='bbox 2442 4655 2633 4726; x_wconf 81' lang='grc' dir='ltr'>ἐτέρου</span> <span class='ocrx_word' id='word_1_743' title='bbox 2684 4656 2763 4710; x_wconf 77' lang='grc' dir='ltr'>ἔτι</span> <span class='ocrx_word' id='word_1_744' title='bbox 2810 4661 3205 4732; x_wconf 74' lang='grc' dir='ltr'>κατεχομένης,</span> <span class='ocrx_word' id='word_1_745' title='bbox 3251 4665 3326 4728; x_wconf 84' lang='grc' dir='ltr'><strong>ὡς</strong></span> <span class='ocrx_word' id='word_1_746' title='bbox 3366 4667 3510 4735; x_wconf 84' lang='grc' dir='ltr'><strong>αὑτῴ</strong></span> <span class='ocrx_word' id='word_1_747' title='bbox 3543 4666 3694 4732; x_wconf 79' lang='grc' dir='ltr'>δῆθεν</span> 
     </span>
    </p>
   </div>
   <div class='ocr_carea' id='block_1_106' title="bbox 2145 4743 3687 4822">
    <p class='ocr_par' dir='ltr' id='par_1_106' title="bbox 2145 4743 3687 4822">
     <span class='ocr_line' id='line_1_106' title="bbox 2145 4743 3687 4822; baseline 0.006 -27"><span class='ocrx_word' id='word_1_748' title='bbox 2145 4743 2533 4814; x_wconf 80' lang='grc' dir='ltr'>διαφερούσης,</span> <span class='ocrx_word' id='word_1_749' title='bbox 2569 4747 2666 4800; x_wconf 79' lang='grc' dir='ltr'>καὶ</span> <span class='ocrx_word' id='word_1_750' title='bbox 2709 4745 3038 4818; x_wconf 81' lang='grc' dir='ltr'>βουλομένου</span> <span class='ocrx_word' id='word_1_751' title='bbox 3094 4753 3189 4804; x_wconf 83' lang='grc' dir='ltr'>καὶ</span> <span class='ocrx_word' id='word_1_752' title='bbox 3223 4753 3299 4822; x_wconf 80' lang='grc' dir='ltr'><strong>μή</strong></span> <span class='ocrx_word' id='word_1_753' title='bbox 3335 4753 3429 4808; x_wconf 84' lang='grc' dir='ltr'>τοῦ</span> <span class='ocrx_word' id='word_1_754' title='bbox 3474 4753 3687 4809; x_wconf 77' lang='grc' dir='ltr'>ἐνταῦθα</span> 
     </span>
    </p>
   </div>
   <div class='ocr_carea' id='block_1_107' title="bbox 2145 4835 3690 4911">
    <p class='ocr_par' dir='ltr' id='par_1_107' title="bbox 2145 4835 3690 4911">
     <span class='ocr_line' id='line_1_107' title="bbox 2145 4835 3690 4911; baseline 0.003 -23"><span class='ocrx_word' id='word_1_755' title='bbox 2145 4835 2295 4903; x_wconf 76' lang='grc' dir='ltr'>λαοῦ,</span> <span class='ocrx_word' id='word_1_756' title='bbox 2323 4839 2389 4907; x_wconf 74' lang='grc' dir='ltr'>τῇ</span> <span class='ocrx_word' id='word_1_757' title='bbox 2423 4837 2479 4890; x_wconf 81' lang='grc' dir='ltr'>δὲ</span> <span class='ocrx_word' id='word_1_758' title='bbox 2508 4837 2618 4890; x_wconf 85' lang='grc' dir='ltr'><strong>τῶν</strong></span> <span class='ocrx_word' id='word_1_759' title='bbox 2641 4840 2962 4894; x_wconf 75' lang='grc' dir='ltr'>ἐπισκόπων</span> <span class='ocrx_word' id='word_1_760' title='bbox 2994 4841 3170 4911; x_wconf 86' lang='grc' dir='ltr'>κρίσει</span> <span class='ocrx_word' id='word_1_761' title='bbox 3195 4845 3354 4898; x_wconf 83' lang='grc' dir='ltr'>τοῦτο</span> <span class='ocrx_word' id='word_1_762' title='bbox 3377 4845 3690 4908; x_wconf 71' lang='grc' dir='ltr'>ἀνατιθέναι,</span> 
     </span>
    </p>
   </div>
   <div class='ocr_carea' id='block_1_108' title="bbox 2145 4919 3686 5009">
    <p class='ocr_par' dir='ltr' id='par_1_108' title="bbox 2145 4919 3686 5009">
     <span class='ocr_line' id='line_1_108' title="bbox 2145 4919 3686 5009; baseline 0.006 -30"><span class='ocrx_word' id='word_1_763' title='bbox 2145 4928 2237 4979; x_wconf 83' lang='grc' dir='ltr'>καὶ</span> <span class='ocrx_word' id='word_1_764' title='bbox 2269 4927 2402 4998; x_wconf 73' lang='grc' dir='ltr'>παρ’</span> <span class='ocrx_word' id='word_1_765' title='bbox 2440 4929 2613 4999; x_wconf 83' lang='grc' dir='ltr'>αὑτῆς</span> <span class='ocrx_word' id='word_1_766' title='bbox 2643 4919 3021 5001; x_wconf 72' lang='grc' dir='ltr'>ἀπολήψεσθαί</span> <span class='ocrx_word' id='word_1_767' title='bbox 3059 4935 3364 5009; x_wconf 78' lang='grc' dir='ltr'>προσδοκᾷν</span> <span class='ocrx_word' id='word_1_768' title='bbox 3409 4938 3467 4990; x_wconf 80' lang='grc' dir='ltr'>τὸ</span> <span class='ocrx_word' id='word_1_769' title='bbox 3490 4938 3686 4990; x_wconf 80' lang='grc' dir='ltr'>οἰκεῖον.</span> 
     </span>
    </p>
   </div>
   <div class='ocr_carea' id='block_1_109' title="bbox 2144 5018 3687 5098">
    <p class='ocr_par' dir='ltr' id='par_1_109' title="bbox 2144 5018 3687 5098">
     <span class='ocr_line' id='line_1_109' title="bbox 2144 5018 3687 5098; baseline 0.003 -26"><span class='ocrx_word' id='word_1_770' title='bbox 2144 5018 2543 5089; x_wconf 79' lang='grc' dir='ltr'>Αὑτεκδίκητος</span> <span class='ocrx_word' id='word_1_771' title='bbox 2567 5021 2625 5074; x_wconf 81' lang='grc' dir='ltr'>δὲ</span> <span class='ocrx_word' id='word_1_772' title='bbox 2653 5022 2963 5092; x_wconf 86' lang='grc' dir='ltr'>γενόμενος,</span> <span class='ocrx_word' id='word_1_773' title='bbox 2990 5022 3198 5089; x_wconf 86' lang='grc' dir='ltr'>δίκαιος</span> <span class='ocrx_word' id='word_1_774' title='bbox 3224 5027 3290 5078; x_wconf 78' lang='grc' dir='ltr'>ἂν</span> <span class='ocrx_word' id='word_1_775' title='bbox 3333 5028 3419 5098; x_wconf 75' lang='grc' dir='ltr'><strong>εἴη</strong></span> <span class='ocrx_word' id='word_1_776' title='bbox 3453 5027 3538 5080; x_wconf 80' lang='grc' dir='ltr'>τοῦ</span> <span class='ocrx_word' id='word_1_777' title='bbox 3566 5025 3687 5077; x_wconf 75' lang='grc' dir='ltr'>ἰδίου</span> 
     </span>
    </p>
   </div>
   <div class='ocr_carea' id='block_1_110' title="bbox 2147 5110 3688 5188">
    <p class='ocr_par' dir='ltr' id='par_1_110' title="bbox 2147 5110 3688 5188">
     <span class='ocr_line' id='line_1_110' title="bbox 2147 5110 3688 5188; baseline 0.001 -24"><span class='ocrx_word' id='word_1_778' title='bbox 2147 5110 2436 5180; x_wconf 80' lang='grc' dir='ltr'>στέρεσθαι</span> <span class='ocrx_word' id='word_1_779' title='bbox 2466 5112 2704 5180; x_wconf 86' lang='grc' dir='ltr'>δικαίου,</span> <span class='ocrx_word' id='word_1_780' title='bbox 2736 5113 3100 5184; x_wconf 81' lang='grc' dir='ltr'>ζημιούμενος</span> <span class='ocrx_word' id='word_1_781' title='bbox 3135 5117 3194 5168; x_wconf 62' lang='grc' dir='ltr'>τὸ</span> <span class='ocrx_word' id='word_1_782' title='bbox 3227 5118 3517 5188; x_wconf 81' lang='grc' dir='ltr'>ἀφαιρεθὲν</span> <span class='ocrx_word' id='word_1_783' title='bbox 3542 5117 3688 5168; x_wconf 74' lang='grc' dir='ltr'>δυνα-</span> 
     </span>
    </p>
   </div>
   <div class='ocr_carea' id='block_1_111' title="bbox 2146 5201 3688 5277">
    <p class='ocr_par' dir='ltr' id='par_1_111' title="bbox 2146 5201 3688 5277">
     <span class='ocr_line' id='line_1_111' title="bbox 2146 5201 3688 5277; baseline 0.007 -25"><span class='ocrx_word' id='word_1_784' title='bbox 2146 5201 2318 5272; x_wconf 81' lang='grc' dir='ltr'>στείᾳ.</span> <span class='ocrx_word' id='word_1_785' title='bbox 2353 5201 2427 5253; x_wconf 84' lang='grc' dir='ltr'><strong>Οὐ</strong></span> <span class='ocrx_word' id='word_1_786' title='bbox 2469 5202 2575 5270; x_wconf 83' lang='grc' dir='ltr'><strong>μὴν</strong></span> <span class='ocrx_word' id='word_1_787' title='bbox 2612 5202 2750 5255; x_wconf 81' lang='grc' dir='ltr'><strong>ἀλλὰ</strong></span> <span class='ocrx_word' id='word_1_788' title='bbox 2781 5206 2874 5256; x_wconf 76' lang='grc' dir='ltr'>καὶ</span> <span class='ocrx_word' id='word_1_789' title='bbox 2899 5205 2926 5256; x_wconf 87' lang='grc' dir='ltr'><strong>ὀ</strong></span> <span class='ocrx_word' id='word_1_790' title='bbox 2959 5204 3097 5274; x_wconf 81' lang='grc' dir='ltr'>μετὰ</span> <span class='ocrx_word' id='word_1_791' title='bbox 3131 5205 3227 5275; x_wconf 83' lang='grc' dir='ltr'>τὴν</span> <span class='ocrx_word' id='word_1_792' title='bbox 3259 5207 3557 5277; x_wconf 73' lang='grc' dir='ltr'>εἰσαγωγὴν</span> <span class='ocrx_word' id='word_1_793' title='bbox 3598 5204 3688 5272; x_wconf 80' lang='grc' dir='ltr'>τῆς</span> 
     </span>
    </p>
   </div>
   <div class='ocr_carea' id='block_1_112' title="bbox 2143 5293 3684 5368">
    <p class='ocr_par' dir='ltr' id='par_1_112' title="bbox 2143 5293 3684 5368">
     <span class='ocr_line' id='line_1_112' title="bbox 2143 5293 3684 5368; baseline -0.003 -22"><span class='ocrx_word' id='word_1_794' title='bbox 2143 5293 2380 5363; x_wconf 85' lang='grc' dir='ltr'>κρίσεως</span> <span class='ocrx_word' id='word_1_795' title='bbox 2422 5293 2485 5346; x_wconf 79' lang='grc' dir='ltr'>τὸ</span> <span class='ocrx_word' id='word_1_796' title='bbox 2531 5293 2710 5365; x_wconf 80' lang='grc' dir='ltr'>πέρας</span> <span class='ocrx_word' id='word_1_797' title='bbox 2763 5295 2862 5362; x_wconf 78' lang='grc' dir='ltr'>τῆς</span> <span class='ocrx_word' id='word_1_798' title='bbox 2901 5296 3082 5367; x_wconf 75' lang='grc' dir='ltr'>ψήφου</span> <span class='ocrx_word' id='word_1_799' title='bbox 3127 5298 3203 5368; x_wconf 82' lang='grc' dir='ltr'>μὴ</span> <span class='ocrx_word' id='word_1_800' title='bbox 3248 5299 3557 5367; x_wconf 81' lang='grc' dir='ltr'>ἀναμείνας,</span> <span class='ocrx_word' id='word_1_801' title='bbox 3592 5295 3684 5362; x_wconf 80' lang='grc' dir='ltr'><strong>τήν</strong></span> 
     </span>
    </p>
   </div>
   <div class='ocr_carea' id='block_1_113' title="bbox 2142 5381 3675 5458">
    <p class='ocr_par' dir='ltr' id='par_1_113' title="bbox 2142 5381 3675 5458">
     <span class='ocr_line' id='line_1_113' title="bbox 2142 5381 3675 5458; baseline 0.003 -22"><span class='ocrx_word' id='word_1_802' title='bbox 2142 5385 2330 5457; x_wconf 83' lang='grc' dir='ltr'>χώραν</span> <span class='ocrx_word' id='word_1_803' title='bbox 2351 5387 2600 5455; x_wconf 80' lang='grc' dir='ltr'>ἁρπάσαι</span> <span class='ocrx_word' id='word_1_804' title='bbox 2629 5388 2932 5456; x_wconf 70' lang='grc' dir='ltr'>πειραθεὶς,</span> <span class='ocrx_word' id='word_1_805' title='bbox 2960 5392 3007 5440; x_wconf 86' lang='grc' dir='ltr'><strong>εί</strong></span> <span class='ocrx_word' id='word_1_806' title='bbox 3036 5389 3129 5442; x_wconf 79' lang='grc' dir='ltr'>καὶ</span> <span class='ocrx_word' id='word_1_807' title='bbox 3160 5390 3461 5458; x_wconf 83' lang='grc' dir='ltr'>γράμματα</span> <span class='ocrx_word' id='word_1_808' title='bbox 3489 5381 3675 5450; x_wconf 46' lang='lat' dir='ltr'><strong>etinsi-</strong></span> 
     </span>
    </p>
   </div>
   <div class='ocr_carea' id='block_1_114' title="bbox 2143 5476 3680 5552">
    <p class='ocr_par' dir='ltr' id='par_1_114' title="bbox 2143 5476 3680 5552">
     <span class='ocr_line' id='line_1_114' title="bbox 2143 5476 3680 5552; baseline 0.003 -21"><span class='ocrx_word' id='word_1_809' title='bbox 2143 5494 2231 5531; x_wconf 83' lang='lat' dir='ltr'><strong>vat</strong></span> <span class='ocrx_word' id='word_1_810' title='bbox 2273 5476 2366 5530; x_wconf 80' lang='grc' dir='ltr'>τοῦ</span> <span class='ocrx_word' id='word_1_811' title='bbox 2416 5479 2513 5546; x_wconf 84' lang='grc' dir='ltr'>τῆς</span> <span class='ocrx_word' id='word_1_812' title='bbox 2554 5478 2825 5548; x_wconf 85' lang='grc' dir='ltr'>ἐπαρχίας</span> <span class='ocrx_word' id='word_1_813' title='bbox 2873 5481 3277 5550; x_wconf 82' lang='grc' dir='ltr'>μητροπολίτου</span> <span class='ocrx_word' id='word_1_814' title='bbox 3323 5476 3680 5552; x_wconf 64' lang='grc' dir='ltr'>προϐάλλεται.</span> 
     </span>
    </p>
   </div>
   <div class='ocr_carea' id='block_1_115' title="bbox 2140 5563 3677 5643">
    <p class='ocr_par' dir='ltr' id='par_1_115' title="bbox 2140 5563 3677 5643">
     <span class='ocr_line' id='line_1_115' title="bbox 2140 5563 3677 5643; baseline -0.006 -21"><span class='ocrx_word' id='word_1_815' title='bbox 2140 5569 2242 5638; x_wconf 85' lang='grc' dir='ltr'>τὴν</span> <span class='ocrx_word' id='word_1_816' title='bbox 2273 5569 2368 5622; x_wconf 83' lang='grc' dir='ltr'>τοῦ</span> <span class='ocrx_word' id='word_1_817' title='bbox 2398 5569 2563 5624; x_wconf 83' lang='grc' dir='ltr'>τόπου</span> <span class='ocrx_word' id='word_1_818' title='bbox 2593 5574 2924 5640; x_wconf 81' lang='grc' dir='ltr'>κατάσχεσιν</span> <span class='ocrx_word' id='word_1_819' title='bbox 2951 5572 3336 5643; x_wconf 71' lang='grc' dir='ltr'>ἐπιτρέποντα,</span> <span class='ocrx_word' id='word_1_820' title='bbox 3373 5567 3463 5621; x_wconf 80' lang='grc' dir='ltr'><strong>τοῦ</strong></span> <span class='ocrx_word' id='word_1_821' title='bbox 3487 5563 3677 5620; x_wconf 72' lang='grc' dir='ltr'>δικαίου</span> 
     </span>
    </p>
   </div>
   <div class='ocr_carea' id='block_1_116' title="bbox 2143 5657 3679 5733">
    <p class='ocr_par' dir='ltr' id='par_1_116' title="bbox 2143 5657 3679 5733">
     <span class='ocr_line' id='line_1_116' title="bbox 2143 5657 3679 5733; baseline 0.008 -22"><span class='ocrx_word' id='word_1_822' title='bbox 2143 5660 2422 5724; x_wconf 77' lang='grc' dir='ltr'>ἐκπίπτει,</span> <span class='ocrx_word' id='word_1_823' title='bbox 2460 5662 2509 5712; x_wconf 91' lang='grc' dir='ltr'><strong>εί</strong></span> <span class='ocrx_word' id='word_1_824' title='bbox 2548 5661 2624 5730; x_wconf 84' lang='grc' dir='ltr'>μὴ</span> <span class='ocrx_word' id='word_1_825' title='bbox 2675 5661 2844 5716; x_wconf 81' lang='grc' dir='ltr'>αὑτοῦ</span> <span class='ocrx_word' id='word_1_826' title='bbox 2885 5662 3043 5716; x_wconf 76' lang='grc' dir='ltr'>λάϐοι</span> <span class='ocrx_word' id='word_1_827' title='bbox 3086 5664 3391 5733; x_wconf 73' lang='grc' dir='ltr'>γράμματα</span> <span class='ocrx_word' id='word_1_828' title='bbox 3437 5657 3525 5712; x_wconf 81' lang='grc' dir='ltr'>τοῦ</span> <span class='ocrx_word' id='word_1_829' title='bbox 3549 5671 3679 5722; x_wconf 74' lang='grc' dir='ltr'>τηνι-</span> 
     </span>
    </p>
   </div>
   <div class='ocr_carea' id='block_1_117' title="bbox 2143 5746 3678 5821">
    <p class='ocr_par' dir='ltr' id='par_1_117' title="bbox 2143 5746 3678 5821">
     <span class='ocr_line' id='line_1_117' title="bbox 2143 5746 3678 5821; baseline -0.003 -17"><span class='ocrx_word' id='word_1_830' title='bbox 2143 5750 2324 5804; x_wconf 85' lang='grc' dir='ltr'>καῦτα</span> <span class='ocrx_word' id='word_1_831' title='bbox 2371 5753 2697 5821; x_wconf 82' lang='grc' dir='ltr'>κατέχοντος</span> <span class='ocrx_word' id='word_1_832' title='bbox 2727 5753 2819 5807; x_wconf 76' lang='grc' dir='ltr'><strong>τὸν</strong></span> <span class='ocrx_word' id='word_1_833' title='bbox 2847 5753 2995 5818; x_wconf 78' lang='grc' dir='ltr'>λαὸν,</span> <span class='ocrx_word' id='word_1_834' title='bbox 3027 5754 3097 5805; x_wconf 85' lang='grc' dir='ltr'>δι’</span> <span class='ocrx_word' id='word_1_835' title='bbox 3117 5746 3192 5806; x_wconf 82' lang='grc' dir='ltr'>ὧν</span> <span class='ocrx_word' id='word_1_836' title='bbox 3224 5753 3518 5820; x_wconf 82' lang='grc' dir='ltr'>φανήσεται</span> <span class='ocrx_word' id='word_1_837' title='bbox 3546 5749 3678 5814; x_wconf 71' lang='grc' dir='ltr'>εἰρη-</span> 
     </span>
    </p>
   </div>
   <div class='ocr_carea' id='block_1_118' title="bbox 2143 5837 3658 5914">
    <p class='ocr_par' dir='ltr' id='par_1_118' title="bbox 2143 5837 3658 5914">
     <span class='ocr_line' id='line_1_118' title="bbox 2143 5837 3658 5914; baseline 0.005 -19"><span class='ocrx_word' id='word_1_838' title='bbox 2143 5843 2311 5905; x_wconf 84' lang='grc' dir='ltr'>νικῶς</span> <span class='ocrx_word' id='word_1_839' title='bbox 2341 5842 2636 5912; x_wconf 77' lang='grc' dir='ltr'>κατασχὼν</span> <span class='ocrx_word' id='word_1_840' title='bbox 2669 5845 2808 5914; x_wconf 79' lang='grc' dir='ltr'>μετὰ</span> <span class='ocrx_word' id='word_1_841' title='bbox 2836 5846 2935 5914; x_wconf 86' lang='grc' dir='ltr'>τῆς</span> <span class='ocrx_word' id='word_1_842' title='bbox 2958 5844 3169 5900; x_wconf 83' lang='grc' dir='ltr'>ἐκείνου</span> <span class='ocrx_word' id='word_1_843' title='bbox 3203 5841 3428 5912; x_wconf 70' lang='grc' dir='ltr'>γνώμης</span> <span class='ocrx_word' id='word_1_844' title='bbox 3454 5841 3541 5910; x_wconf 79' lang='grc' dir='ltr'>τὴν</span> <span class='ocrx_word' id='word_1_845' title='bbox 3561 5837 3658 5902; x_wconf 70' lang='grc' dir='ltr'><strong>ἄλη</strong></span> 
     </span>
    </p>
   </div>
   <div class='ocr_carea' id='block_1_119' title="bbox 2143 5925 3677 6005">
    <p class='ocr_par' dir='ltr' id='par_1_119' title="bbox 2143 5925 3677 6005">
     <span class='ocr_line' id='line_1_119' title="bbox 2143 5925 3677 6005; baseline -0.001 -22"><span class='ocrx_word' id='word_1_846' title='bbox 2143 5930 2250 5993; x_wconf 82' lang='grc' dir='ltr'>θῶς</span> <span class='ocrx_word' id='word_1_847' title='bbox 2295 5931 2444 6001; x_wconf 85' lang='grc' dir='ltr'><strong>αύτῷ</strong></span> <span class='ocrx_word' id='word_1_848' title='bbox 2474 5931 2839 6004; x_wconf 81' lang='grc' dir='ltr'>διαφέρουσαν</span> <span class='ocrx_word' id='word_1_849' title='bbox 2869 5932 3075 6005; x_wconf 84' lang='grc' dir='ltr'>χώραν.</span> <span class='ocrx_word' id='word_1_850' title='bbox 3133 5932 3345 6003; x_wconf 82' lang='grc' dir='ltr'>Κριτὰς</span> <span class='ocrx_word' id='word_1_851' title='bbox 3395 5931 3451 5984; x_wconf 78' lang='grc' dir='ltr'><strong>δέ</strong></span> <span class='ocrx_word' id='word_1_852' title='bbox 3492 5929 3520 6001; x_wconf 72' lang='grc' dir='ltr'>ἢ</span> <span class='ocrx_word' id='word_1_853' title='bbox 3554 5928 3576 5982; x_wconf 81' lang='grc' dir='ltr'>ὁ</span> <span class='ocrx_word' id='word_1_854' title='bbox 3623 5925 3677 5975; x_wconf 59' lang='grc' dir='ltr'>τά</span> 
     </span>
    </p>
   </div>
  </div>
