3902 6584
268 497 386 564 1929

1225 494 1629 557 SYNTAGMA
1672 454 2315 583 ALPHABETICUM.‘
2348 521 2416 533 —-
2442 492 2515 557 ιΔ.
2612 518 2615 521 -

3345 488 3478 553 1230

252 610 420 683 πρῶτα
473 605 652 678 φέρων
704 605 807 676 τῆς
859 581 1128 681 ἐπαρχίας
1174 607 1546 680 ἐκλέξεται,ἢ
1595 607 1690 672 οὓς
1730 608 1800 662 ἂν

1932 620 2141 681 Itraque
2190 580 2346 681 parte
2371 610 2565 665 allatas
2619 623 2745 664 cum
2783 605 3030 678 diligenti
3065 602 3482 661 examinatione

249 704 398 775 ἄμφω
435 702 484 755 οῖ
514 699 777 755 ἀντίδικοι
807 702 1277 771 συμφωνήσαντες
1310 700 1568 765 ἓλωνται,
1609 701 1686 765 ὡς
1724 699 1791 755 ἂν

1938 704 2180 759 irimant.
2215 701 2271 758 Si
2304 717 2433 758 vero
2477 703 2772 773 episcopus
2832 701 3125 771 quisquam
3187 697 3479 755 ecclesiam
3548 767 3559 783 ι

247 795 335 861 τὰς
387 794 512 865 παρ’
556 790 833 864 ἑκατέρων
898 793 1155 865 ἀλλήλοις
1211 793 1564 863 ἐπαγομένας
1613 793 1793 857 αἰτίας

1904 811 2060 851 suam
2127 794 2267 850 male
2323 794 2694 860 administret,
2761 802 2816 848 et
2862 792 2988 849 aliis
3039 791 3483 862 provinciar,suae

250 885 469 956 ἀκριϐῶς
524 884 917 955 βασανίσαντες
990 884 1379 940 διαλύσωνται.
1446 882 1796 955 Πλημμελῶς

1932 887 2085 952 edat,
2108 887 2367 958 quamvis
2384 888 2577 943 litterae
2590 886 2994 955 prmeesserint,
3023 901 3130 941 non
3156 882 3483 940 excludetur

248 981 297 1033 δέ
314 996 446 1043 τινος⁹
469 977 771 1031 ἐπισκόπου
797 977 867 1032 τὰ
898 976 998 1048 τῆς
1030 975 1363 1044 Ἑκκλησίας
1393 976 1561 1031 αὑτοῦ
1592 975 1801 1048 διοικῆ-

252 1088 438 1137 σαντος,
464 1071 556 1124 καὶ
581 1070 786 1157 ἑτέροις
810 1069 909 1135 τὰς
941 1069 1077 1135 ἰδίας
1107 1070 1325 1142 ἐνορίας
1363 1069 1803 1147 παραχωρήσαν-

250 1181 343 1225 τος,
372 1165 418 1217 εί
447 1162 539 1217 καὶ
568 1164 876 1234 γράμματα
909 1162 1255 1236 προύϐησαν,
1291 1160 1393 1218 οὐκ
1429 1160 1802 1233 ἇποκλεισθή-

1907 978 2001 1046 qui
2035 987 2157 1050 post
2175 993 2301 1033 eum
2334 978 2673 1034 ordinandus
2691 989 2779 1033 est
2809 980 3120 1049 episcopus,
3144 991 3255 1047 quo
3298 976 3485 1031 minus

1905 1070 2032 1142 jura
2071 1070 2322 1127 ecclesiae
2348 1087 2461 1127 sua:
2485 1071 2803 1143 perquirere
2825 1072 3025 1140 possit,
3081 1069 3299 1142 etiamsi
3339 1067 3485 1124 mul~

1913 1172 2026 1220 tum
2061 1163 2273 1220 interea
2324 1166 2589 1235 temporis
2641 1164 2988 1238 praeterierit.
3043 1163 3271 1231 Quaeras
3319 1161 3488 1217 etiam
3563 1154 3566 1158 ’

251 1268 383 1313 σεται
424 1258 453 1311 6
486 1258 624 1328 μετὰ
655 1257 846 1313 τοῦτον
897 1257 1452 1330 χειροτονησάμενος,
1498 1254 1799 1325 ἀναζητεῖν

1932 1271 1964 1309 n
1992 1252 2063 1308 32
2092 1252 2214 1322 cap.
2248 1253 2351 1310 litt.
2384 1252 2426 1308 E
2482 1270 2608 1317 can.
2638 1254 2706 1310 10
2737 1254 2918 1323 magni
2954 1254 3160 1313 Basilii.

249 1353 333 1423 τῆς
357 1351 546 1408 ἑαυτοῦ
575 1352 905 1424 Ἐκκλησίας
954 1352 1024 1407 τά
1052 1353 1262 1416 δίκαια,
1313 1350 1419 1406 κᾶν
1471 1351 1520 1404 εί
1555 1348 1725 1414 πολὺς
1765 1346 1795 1401 6
1837 1345 2045 1418 μεταξὺ
2082 1344 2375 1418 παρελθὼν
2408 1347 2494 1423 εἴη
2523 1348 2738 1420 χρόνος.
2775 1350 2939 1422 Ζήτει
2969 1349 3062 1406 καὶ

3144 1348 3203 1403 ἐν
3250 1346 3330 1420 τῷ
3408 1343 3491 1416 λβ⁸

250 1469 359 1520 κεφ.
395 1451 488 1506 τοῦ
532 1452 573 1506 Ε
605 1452 877 1521 στοιχείου
933 1451 1139 1508 κανόνα
1171 1456 1201 1504 ι’
1244 1450 1340 1505 τοῦ
1382 1449 1625 1523 μεγάλου
1660 1447 1971 1506 Βασιλείου.

322 1543 375 1599 '0
405 1543 458 1599 δὲ
499 1543 542 1597 θ’
584 1543 686 1612 τῆς
714 1541 757 1596 δ’
789 1542 1010 1597 συνόδου
1056 1542 1186 1608 τοὺς
1229 1540 1528 1613 κληρικοὺς
1572 1541 1808 1610 ἐπισκήιι

251 1654 358 1690 πτει
403 1635 493 1688 καὶ
554 1633 849 1705 μοναχοὺς,
881 1632 1190 1706 πράγματα
1235 1633 1375 1706 πρὸς
1405 1632 1672 1706 ἀλλήλους
1708 1632 1806 1687 καὶ

251 1727 386 1789 δίκας
408 1726 649 1797 ἔχοντας,
684 1725 823 1793 πρὸς
857 1725 956 1779 τοῦ
982 1725 1117 1779 ίδίου
1153 1724 1458 1781 ἐπισκόπου
1488 1722 1799 1797 κρίνεσθαι,

251 1820 441 1889 χαίρειν
467 1818 674 1883 ἐῶντας
702 1817 771 1872 τά
796 1818 1042 1889 κοσμικὰ
1070 1818 1422 1888 δικαστήρια,
1444 1815 1520 1899 ῶς
1549 1817 1578 1871 ὃ
1597 1833 1661 1886 γε
1686 1814 1809 1871 τού-

251 1925 349 1971 τοις
392 1910 745 1981 προστρέχων
774 1911 907 1982 περὶ
944 1910 1233 1983 ἐλαχίστου
1275 1910 1487 1967 τιθέναι
1520 1909 1618 1965 καὶ
1652 1908 1808 1979 ὑδρί-

252 1964 352 2063 ςειᾷ
376 1964 519 2054 δοκεῖ
542 1964 803 2056 sbvni'6zov
836 1964 1094 2074 ποιμένες.
1122 1964 1267 2058 ‘Ali.’
1295 1964 1410 2056 ἐσθ’
1439 2003 1546 2073 ὅπη
1574 2004 1641 2075 τῇ
1667 1964 1811 2059 ἐκεί-
1837 1964 1885 2025 Β

1982 1538 2170 1598 Nonus
2202 1555 2331 1599 vero
2362 1555 2418 1596 IV
2461 1556 2584 1611 syn.
2606 1555 2782 1596 canon
2822 1540 3058 1597 clericos
3092 1549 3148 1599 et
3194 1542 3498 1599 monachos

1913 1631 2007 1707 qui
2055 1634 2276 1706 negotia
2329 1642 2385 1691 et
2442 1633 2566 1690 lites
2622 1618 2765 1690 inter
2817 1649 2877 1690 se
2924 1633 3147 1698 habent,
3200 1650 3230 1690 a
3267 1637 3497 1706 proprio

1913 1724 2173 1795 episcopo
2197 1724 2438 1796 iudicari
2479 1724 2661 1795 iubet,
2720 1725 3006 1781 saecularia
3066 1724 3277 1795 iudicia
3327 1741 3497 1797 repu-

1915 1806 2128 1871 diante‘s
2153 1833 2168 1882 ;
2194 1816 2399 1873 etenim
2432 1817 2527 1887 qui
2559 1817 2627 1873 ad
2666 1831 2732 1872 ea
2769 1817 3039 1881 excurrit,
3078 1832 3236 1872 suum
3297 1826 3489 1888 pasto.

1917 1922 2031 1962 rem
2061 1906 2459 1978 parvirbabere
2519 1916 2575 1965 et
2604 1908 2941 1967 contumelia
2970 1908 3192 1966 allicere
3257 1910 3494 1968 videtur.

1918 1995 2229 2069 Aliquando
2289 2007 2473 2053 autem
2541 1997 2787 2069 episcopi
2852 1998 3137 2056 voluntate
3194 2001 3341 2071 apud
3397 2014 3497 2056 eos

251 2109 330 2145 νου
368 2090 555 2165 γνώμῃ
585 2095 798 2163 ἐφεῖται
836 2095 965 2158 τοὺς
1001 2096 1282 2159 τοιούτους
1323 2093 1675 2162 δικάσασθαι,
1714 2094 1813 2149 καὶ

1941 2089 2180 2144 udicium
2204 2089 2403 2163 agitari
2430 2090 2762 2161 permissum
2791 2100 2896 2158 est,
2929 2107 3070 2163 quos
3103 2100 3338 2165 utraque
3368 2107 3500 2165 pars

252 2184 370 2256 παρ’
392 2180 469 2250 οἷς
489 2184 660 2257 ἄμφω
689 2187 761 2241 τὰ
791 2187 1052 2243 ἀντίθετα
1075 2186 1221 2261 μέρὴ
1252 2188 1555 2261 ἀρέσκεται
1577 2204 1592 2221 ⁸
1630 2188 1723 2245 τὸν
1751 2188 1811 2242 δὲ

252 2276 387 2345 παρὰ
413 2276 584 2331 ταῦτα
611 2276 893 2340 ποιοῦντα.
936 2277 1236 2347 ἐπιτιμίοις
1282 2276 1607 2332 ὑποκεῖσθαι
1652 2291 1814 2332 κανο-

254 2368 426 2430 νικοῖς.
456 2369 520 2423 Εί
548 2368 606 2423 δέ
657 2369 791 2442 πρὸς
837 2368 931 2425 τὸν
967 2369 1102 2424 ίδιον
1144 2367 1448 2426 ἐπίσκοπον
1481 2371 1510 2426 6
1546 2368 1814 2442 κληρικδς

251 2460 354 2532 ἔχει
382 2458 476 2535 τὴν
503 2463 694 2534 δίκην,
736 2465 786 2519 οἱ
832 2466 933 2535 τῆς
964 2465 1236 2537 ἐπαρχίας
1264 2466 1560 2521 ἐπίσκοποι
1588 2465 1814 2531 τούτους

251 2556 371 2627 φησι
405 2554 809 2622 δικαζέτωσαν.
863 2556 928 2611 Εἰ
955 2558 1013 2611 δὲ
1042 2559 1179 2630 πρὸς
1202 2557 1296 2612 τὸν
1315 2557 1416 2623 τῆς
1444 2558 1615 2627 αὐτῆς
1644 2560 1817 2629 ἐπαρ-

250 2644 360 2718 χίας
391 2648 798 2722 μητροπολίτην
827 2650 1128 2714 ἐπίσκοπος
1170 2651 1204 2723 ἢ
1256 2650 1519 2722 κληρικὺς
1552 2650 1667 2722 ἔχει
1712 2651 1813 2723 τὴν

251 2738 674 2813 ἀμφισϐήτησιν,
701 2734 729 2796 6
751 2740 849 2809 τῆς
868 2741 1193 2812 διοικήσεως
1219 2741 1446 2815 ἔξαρχος
1476 2742 1509 2814 ἢ
1541 2743 1570 2797 6
1595 2743 1696 2813 τῆς
1721 2741 1819 2814 βα-

222 2824 550 2906 ’σιλευούσης
603 2836 955 2908 πατριάρχης
979 2834 1291 2905 δικαζέτω*
1328 2837 1599 2910 διοίκησις
1640 2836 1699 2891 δέ
1728 2837 1820 2891 λέ-

253 2940 393 2989 γεται
418 2928 450 2998 ή
483 2928 762 3001 ἐπαρχίας
788 2926 994 2994 πολλὰς
1029 2931 1385 3002 περιέχουσα.
1417 2929 1491 2984 Τὸ
1513 2929 1571 2984 δὲ
1601 2929 1712 2984 τῶν
1733 2928 1819 2994 ὄξ-

252 3018 416 3087 άρχων
445 3012 770 3091 προνόμιον,
815 3019 877 3075 τὸ
904 3020 999 3075 νῦν
1026 3022 1149 3093 ἔχον
1188 3023 1291 3077 οὐκ
1330 3024 1582 3094 ἐνεργεῖ*
1615 3020 1666 3077 εί
1708 3023 1818 3094 γὰρ

235 3106 339 3163 ικαὶ
363 3107 614 3178 λέγονταί
638 3127 786 3175 τινες
817 3110 927 3166 τῶν
955 3108 1371 3182 μητροπολιτῶν
1399 3108 1652 3184 ἔξαρχοι,
1680 3106 1820 3162 ἀλλὰ

254 3200 364 3264 τοὺς
402 3201 458 3256 ἐν
484 3204 612 3266 ταῖς
637 3202 972 3272 διοικήσεσιν
1006 3204 1229 3274 ἐτέρους
1274 3199 1678 3273 μητροπολίτας
1717 3200 1819 3255 οὐκ

255 3290 454 3362 ἔχουσιν
478 3293 623 3358 ὅλως
652 3292 1048 3363 ὑποκειμένους
1078 3294 1286 3357 αὐτοῖς.

323 3382 383 3438 '0
429 3385 488 3438 δέ
534 3386 640 3456 τῆς
688 3387 747 3441 ἐν
790 3388 1123 3462 Καρθαγένῃ
1159 3384 1221 3441 ιε’
1284 3385 1610 3458 ίερωμένοις
1648 3384 1825 3443 ἅπασι

256 3474 341 3527 καὶ
370 3479 652 3548 μοναχοῖς,
683 3476 941 3545 ἐνάγουσι
963 3478 1058 3533 καὶ
1081 3478 1461 3549 ἐναγομένοις,
1494 3478 1555 3533 τὸ
1582 3477 1683 3549 τῆς
1705 3477 1829 3531 Ἕκ·-

256 3565 471 3635 κλησίας
513 3567 731 3638 ἀνοίγει
781 3568 1157 3642 δικαστήριον,
1193 3571 1303 3624 εἴτε
1329 3570 1684 3641 ἐγκλήματα,
1716 3568 1828 3623 εἴτε

255 3660 500 3732 χρήματα
537 3659 606 3715 τὸ
640 3660 974 3734 ζητούμενον
1005 3662 1117 3734 είη.
1152 3664 1250 3717 Ἂν
1284 3661 1344 3716 δέ
1384 3678 1470 3726 τις
1495 3661 1704 3717 τούτων
1734 3678 1831 3715 πο-

256 3750 444 3808 λιτικὸν
488 3755 685 3827 ἐληται
718 3755 1092 3829 δικαστήριον,
1125 3757 1340 3811 ἐκείνου
1376 3757 1827 3828 καταφρονήσας,

260 3847 376 3914 παρ’
423 3848 561 3903 αὐτό
606 3865 672 3920 γε
720 3847 901 3915 τοῦτο,
950 3851 1107 3925 φησὶ,
1160 3848 1257 3904 τοῦ
1319 3850 1454 3904 ίδίου
1506 3851 1827 3904 ἐκπεσεῖται

263 3934 481 4009 βαθμοῦ,
513 3942 614 3997 καὶ
641 3943 692 3997 εί
724 3942 901 4006 ἁθῶος
926 3944 984 3997 ἐν
1013 3943 1187 4016 τούτῳ
1211 3943 1451 4015 δειχθείη
1483 3942 1593 3997 τῶν
1628 3943 1829 4015 ἐγκλη-

264 4029 439 4098 μάτὼν
478 4036 511 4107 ἦ
558 4034 662 4105 τῆς
696 4037 1050 4108 χρηματικῆς
1096 4036 1345 4107 ἀγωγῆς.
1375 4036 1729 4091 Ἐπισκόπων
1770 4036 1833 4090 δέ

261 4122 344 4179 ἐπί
366 4142 469 4182 τινι
500 4130 687 4201 κρίσει
714 4129 1140 4203 ψηφισαμένων,
1172 4131 1265 4185 καὶ
1293 4129 1560 4200 ἔκκλητον
1585 4130 1707 4183 κατ’
1734 4129 1834 4183 αύ-

261 4217 360 4270 τῶν
384 4221 645 4289 γενέσθαι
669 4222 893 4293 δεῆσαν,
920 4223 1042 4296 ἥτις
1063 4223 1157 4277 ἐπὶ
1182 4222 1438 4293 μείζονας
1461 4220 1653 4292 κριτὰς
1674 4219 1835 4274 εἴωθε

262 4308 517 4378 γίνεσθαι,
579 4305 1005 4384 μητροπολίτας’
1032 4312 1197 4384 τυχὸν
1242 4312 1278 4383 ἢ
1331 4312 1699 4385 πατριάρχας,
1738 4309 1833 4365 καὶ

262 4400 353 4470 τῆς
378 4403 690 4467 ὑποθέσεως
734 4404 956 4477 βασάνῳ
994 4404 1266 4475 δοθείσης,
1298 4404 1516 4475 καὶτῆς
1552 4404 1660 4458 τῶν
1696 4419 1833 4477 προ·-

263 4488 528 4549 λαδόντων
573 4496 780 4566 κριτῶν
805 4495 991 4567 ψήφου
1021 4496 1461 4569 ἀνατραπείσης,
1497 4497 1557 4549 οὐ
1585 4488 1669 4550 δεῖ
1697 4495 1831 4566 βλά-

263 4585 482 4657 πτεσθαι
530 4587 664 4650 τοὺς
722 4588 915 4658 πρώην
966 4589 1445 4660 ἀποφηναμένους,
1493 4590 1543 4641 εἰ
1587 4586 1833 4659 μήπουῆ

1917 2186 2169 2257 Opposita
2196 2184 2441 2256 elegerit.
2491 2184 2596 2254 Qui
2665 2200 2794 2241 vero
2843 2200 3008 2243 secus
3056 2184 3277 2251 iecerit,
3314 2187 3498 2258 pmois

1918 2277 2204 2335 canonicis
2237 2277 2587 2349 subiiciatur.
2615 2277 2773 2346 Quod
2826 2278 2871 2336 si
2910 2278 3148 2347 clericus
3203 2294 3330 2336 cum
3365 2294 3497 2351 pro-

1919 2370 2040 2442 prio
2063 2372 2316 2443 episcopo
2347 2372 2492 2428 litem
2518 2372 2738 2439 habeat,
2771 2372 3088 2443 provinciae,
3141 2371 3337 2444 inquit.
3383 2373 3503 2442 epi-

1922 2462 2073 2532 scopi
2099 2475 2198 2518 cos
2225 2461 2498 2532 judicent.
2524 2459 2623 2519 Sin
2652 2476 2780 2517 vero
2813 2463 3110 2532 episcopus
3142 2461 3224 2517 vel
3269 2460 3506 2519 clericus

1919 2571 2044 2612 cum
2066 2556 2364 2628 provinciae
2378 2554 2801 2627 metropolitano
2821 2554 3255 2612 controversiam
3281 2554 3506 2620 habeat,

1920 2641 2196 2704 exarcbus
2225 2648 2508 2712 dimcesis,
2538 2647 2624 2703 vel
2654 2646 2807 2704 urbis
2831 2647 3134 2719 imperialis
3186 2647 3505 2719 patriarcha

1918 2738 2149 2810 iudicet.
2187 2738 2458 2795 Dimcesis
2483 2748 2669 2795 autem
2701 2734 2929 2807 dicitur,
2964 2754 3089 2810 quae
3136 2738 3344 2809 multas
3373 2753 3507 2795 con-

1923 2834 2060 2890 tinet
2087 2832 2441 2903 provincias;
2469 2831 2694 2888 exarcbi
2720 2846 2851 2889 vero
2893 2830 3241 2902 privilegium
3280 2847 3393 2887 non
3422 2840 3508 2887 est

1921 2920 2086 2977 hodie
2117 2920 2171 2977 in
2226 2937 2352 2979 usu.
2412 2920 2677 2988 Quamvis
2725 2921 2870 2977 enim
2912 2920 3137 2993 quidam
3170 2936 3236 2977 ex
3301 2929 3508 2977 metro—

1923 3015 2187 3086 politanis
2228 3005 2468 3072 ‘exarchi
2529 3014 2814 3083 dicuntur,
2876 3024 3058 3071 tamen
3115 3013 3256 3072 alios
3288 3013 3343 3070 in
3356 3030 3509 3105 ιρι-ος

1925 3109 2123 3165 vineiis
2176 3104 2628 3181 metropolitanos
2684 3124 2791 3164 non
2850 3107 3053 3165 habent
3113 3106 3340 3164 omnino
3404 3108 3510 3165 sibi

1926 3202 2223 3274 subjectos.

2000 3387 2189 3444 Canon
2213 3398 2395 3446 autem
2426 3390 2494 3445 15
2553 3406 2676 3463 syn.
2745 3388 3197 3462 Carthaginensis
3249 3388 3513 3447 omnibus
3588 3401 3596 3409 '

1929 3480 2217 3537 ordinibus
2246 3480 2475 3538 initiatis
2507 3491 2614 3538 tam
2647 3481 2928 3538 actoribus
2953 3496 3121 3553 quam
3154 3481 3264 3538 reis
3307 3480 3516 3538 Eccle—

1933 3574 2029 3630 siae
2059 3573 2236 3629 forum
2270 3574 2468 3646 aperit,
2498 3575 2617 3630 sive
2661 3573 2968 3631 criminalis
3023 3573 3144 3631 sive
3194 3572 3515 3644 pecuniaria

1930 3666 2167 3737 quaestio
2206 3666 2399 3724 fuerit.
2436 3667 2592 3739 Quod
2627 3666 2675 3723 si
2707 3667 2833 3738 quis
2862 3681 3054 3722 eorum
3086 3681 3156 3723 eo
3203 3674 3519 3736 contempto

1934 3758 2111 3814 forum
2142 3758 2584 3835 civilelelegerit,
2612 3768 2925 3830 propterea,
2963 3758 3162 3830 inquit,
3209 3757 3381 3828 gradu
3415 3772 3519 3812 suo

1931 3851 2166 3917 excidet,
2206 3851 2316 3906 imo
2340 3852 2467 3906 licet
2528 3851 2584 3905 in
2618 3866 2686 3908 eo
2726 3867 2757 3906 a
2803 3850 3132 3907 criminibus
3165 3851 3250 3906 vel
3301 3848 3520 3907 actione

1935 3944 2247 4012 pecuniaria
2275 3944 2616 4001 absolvatur.
2656 3946 2751 4001 Sin
2787 3959 2917 4001 vero
2940 3944 3011 4000 ab
3029 3943 3304 4015 episcopis
3330 3943 3385 3999 in
3426 3942 3527 4012 iu-

1934 4037 2082 4091 dicio
2111 4037 2298 4107 aliquo
2329 4037 2657 4092 sententiam
2694 4036 2998 4092 ferentibus
3057 4035 3356 4107 appellatio
3400 4037 3518 4100 liat,

1935 4143 2057 4200 quae
2083 4128 2148 4184 ad
2168 4129 2383 4200 iudices
2409 4129 2649 4201 maiores
2690 4128 2808 4186 ﬁeri
2858 4127 3020 4193 solet,
3055 4127 3513 4198 metropolitanos

1936 4221 2075 4278 forte
2098 4222 2179 4278 vel
2227 4222 2592 4292 patriarchas,
2638 4229 2692 4278 et
2743 4220 2978 4294 quaestio
3047 4221 3422 4285 examinetur,
3456 4228 3515 4275 et

1936 4315 2180 4384 priorum
2212 4312 2457 4382 iudicum
2476 4312 2748 4383 judicium
2784 4311 3160 4376 reseindatur,
3186 4326 3296 4365 nou
3354 4324 3519 4381 opere
3636 4313 3644 4320 '

1938 4414 2015 4462 tet
2036 4420 2132 4463 eos
2166 4404 2288 4462 laedi
2319 4406 2412 4477 qui
2446 4407 2681 4477 primam
2712 4406 3043 4463 sententiam
3084 4404 3351 4470 tulerunt,
3411 4403 3519 4459 nisi

1940 4496 2228 4565 probatum
2260 4496 2446 4562 fuerit,
2475 4513 2573 4554 eos
2622 4497 2706 4553 vel
2736 4498 2914 4569 gratia
2974 4504 3264 4567 corruptos
3324 4494 3519 4561 fuisse,

1939 4578 2022 4644 vel
2052 4589 2470 4660 propterodium
2494 4588 2722 4646 alterius
2751 4591 2923 4661 partis
2951 4586 3280 4646 sententiam
3302 4586 3521 4651 tulisse,

261 4670 722 4759 δωροδοκηθέντες
760 4680 1119 4755 ἐλεγχθεῖεν,
1161 4681 1197 4754 ἢ
1247 4681 1315 4734 δι’
1359 4680 1567 4753 ἔχθραν
1599 4678 1824 4750 θατέρου

1938 4680 2023 4736 vel
2054 4679 2239 4744 studio
2276 4689 2330 4737 et
2356 4680 2735 4737 benevolentia
2783 4694 2913 4751 erga
2943 4693 3068 4734 eum
3104 4677 3199 4748 qui
3257 4675 3522 4747 iniuriam

263 4767 772 4839 καταψηφισάμενοι
811 4771 1035 4842 μέρους,
1079 4770 1113 4842 ἢ
1145 4771 1483 4843 προσπαθῶς
1517 4769 1611 4825 καὶ
1638 4768 1834 4838 φιλίως

264 4857 391 4928 πρὸς
416 4862 507 4919 τὸν
543 4861 880 4934 ἀδικήσαντα
898 4862 1256 4934 διακείμενοι.
1295 4865 1356 4919 Εἰ
1386 4863 1451 4929 δὲ,
1468 4862 1637 4934 ἄμφω
1661 4862 1835 4933 δήπου

261 4944 328 5000 τὰ
353 4949 493 5021 μέρη
516 4950 778 5014 δικαστὰς
809 4950 1039 5015 ἕλοιντο,
1068 4954 1118 5006 εί
1144 4953 1235 5007 καὶ
1264 4951 1551 5015 ἐλάττονες
1583 4945 1696 5005 είεν
1724 4949 1835 5003 τῶν

261 5039 316 5092 ἐν
358 5041 540 5107 ἄλλοις
590 5045 944 5113 ὁρισθέντων,
976 5045 1186 5120 δώδεκα
1222 5043 1427 5114 δηλαδὴ
1472 5042 1568 5097 ἐπὶ
1613 5044 1840 5099 ἐπισκό-

263 5149 395 5201 πων,
423 5138 523 5191 καὶ
547 5136 607 5204 ἒξ
635 5139 730 5192 ἐπὶ
761 5140 1174 5211 πρεσϐυτέρων,
1207 5140 1301 5194 καὶ
1333 5134 1503 5210 τριῶν
1531 5139 1627 5193 ἐπὶ
1655 5132 1840 5213 διακότ

262 5242 383 5295 νων,
408 5232 435 5284 6
467 5233 897 5297 καταδικασθεὶς
928 5232 1022 5286 ὑπ’
1048 5233 1275 5289 ἐκείνων
1306 5226 1366 5286 ού
1398 5232 1626 5286 δύναται
1649 5232 1836 5301 ζητεῖν

265 5315 541 5390 ἔκκλητον.
585 5321 662 5375 Ού
711 5321 792 5377 δεῖ
836 5320 895 5376 δὲ
938 5322 1236 5394 κληρικοὺς
1288 5316 1475 5388 ὄντας,¹
1523 5319 1839 5384 πολιτικοὺς

269 5406 559 5476 αἱρεῖσθαι,
605 5409 742 5466 ἀλλὰ
794 5412 895 5483 τῆς
925 5411 1255 5483 Ἐκκλησίας
1306 5411 1588 5478 δικαστὰς,
1633 5411 1719 5466 ἵνα
1759 5409 1839 5482 μὴ

268 5505 574 5567 κανονικαῖς
608 5503 995 5575 ὑποϐληθῶσιν
1026 5504 1305 5569 εὐθύναις.

344 5586 403 5642 '0
432 5590 489 5643 δέ
508 5591 592 5664 κη’
629 5595 764 5663 πρὸς
786 5595 845 5650 δὲ
871 5599 969 5663 καὶ
994 5599 1024 5651 6
1047 5603 1159 5669 ρκε⁸
1197 5601 1312 5662 τοῖς
1347 5597 1633 5671 κληρικοῖς
1655 5598 1842 5655 αἰτιω-

272 5679 451 5747 μένοις
470 5682 571 5756 τὴν
592 5685 688 5739 τοῦ
720 5687 857 5744 ίδίου
887 5678 1189 5745 ἐπισκόπου
1215 5685 1514 5763 ἀπόφασιν,
1548 5691 1627 5759 ὡς
1661 5693 1729 5748 ἄν
1762 5692 1844 5764 μὴ

269 5770 490 5839 δικαίως
519 5776 913 5852 ἐξενοχθεῖσαν,
946 5785 1073 5850 τοὺς
1111 5786 1179 5840 ἐκ
1209 5786 1463 5855 γειτόνων
1503 5786 1841 5852 ἐπισκόπους

269 5867 457 5936 κριτὰς
495 5871 703 5957 κελεύει
731 5874 1000 5942 καθίζειν,
1026 5878 1253 5952 θελήσει
1282 5879 1377 5934 τοῦ
1411 5880 1515 5952 ἠδη
1545 5880 1840 5953 κρίναντος

269 5958 585 6021 ἐπισκόπου.
614 5966 676 6021 Ei
717 5960 793 6022 δέ
818 5970 912 6023 καὶ
941 5970 1082 6042 μετὰ
1124 5972 1349 6045 τούτους
1378 5972 1565 6044 ἱφεσιν
1593 5974 1841 6033 αίτοῦσιν

1942 4772 2381 4829 fecitadduetos.
2418 4772 2573 4841 Quod
2607 4773 2654 4830 si
2679 4774 2854 4828 ambae
2881 4781 3066 4847 partes
3087 4769 3302 4842 iudices
3339 4768 3521 4840 elege~
3549 4766 3567 4785 '

1942 4866 2074 4932 rint,
2092 4865 2344 4936 quamvis
2369 4866 2678 4938 pauciores,
2696 4880 2863 4937 quam
2891 4865 2945 4919 in
2970 4864 3091 4920 aliis
3112 4862 3398 4919 deﬁnitum
3418 4868 3523 4928 est,

1943 4936 2170 5035 fuerint,
2201 4936 2403 5031 nempe
2470 4958 2526 5015 in
2581 4936 2970 5031 episcoporum
3014 4971 3180 5013 causa
3229 4942 3525 5027 duodenis,

1943 5048 2386 5121 presbyterorum
2442 5064 2564 5115 sex,
2614 5050 2974 5115 diaconorum
3045 5047 3245 5124 tribus,
3305 5046 3376 5102 ab
3440 5045 3527 5100 his

1940 5141 2224 5217 iudicibus
2250 5142 2512 5199 damnato
2574 5141 2907 5213 provocandi
2971 5140 3207 5197 facultas
3264 5155 3373 5195 non
3418 5147 3523 5195 est.

1945 5234 2191 5295 Clericos
2222 5243 2405 5290 autem
2432 5234 2650 5306 iudices
2682 5233 2878 5291 civiles
2908 5233 3113 5305 eligere
3147 5248 3257 5289 non
3286 5238 3527 5303 oportet,

1942 5328 2038 5383 sed
2070 5327 2493 5392 ecclesiasticos,
2525 5342 2593 5399 ne
2624 5326 2804 5399 ptenis
2828 5326 3114 5384 canonicis
3134 5324 3525 5395 subiiciantur,

1962 5638 1965 5641 ι
2015 5603 2205 5659 Canon
2253 5611 2432 5659 autem
2463 5602 2818 5661 28cum125
2850 5601 3084 5659 clericos
3135 5599 3227 5672 qui
3281 5599 3524 5671 episcopi

1951 5700 2034 5754 sui
2070 5697 2360 5756 sententia:
2393 5712 2504 5753 non
2540 5697 2931 5769 acquieseunt,
2958 5707 3217 5766 tanquam
3248 5709 3355 5750 non
3377 5692 3529 5765 iuste

1946 5792 2093 5856 latae,
2127 5790 2339 5849 vicinos
2383 5792 2674 5863 episcopos
2695 5783 2918 5862 iudices
2959 5787 3300 5853 constituere
3345 5784 3526 5858 iubet,

1948 5898 2074 5938 cum
2108 5897 2384 5940 consensu
2415 5882 2658 5954 episcopi
2691 5882 2784 5951 qui
2822 5879 2977 5952 prius
3032 5878 3320 5950 iudicavit.
3368 5877 3529 5947 Quod

1947 5978 1990 6033 si
2009 5985 2195 6048 postea
2221 5976 2660 6047 provocationem
2679 5973 2789 6044 97
2809 5973 2912 6030 sibi
2932 5972 3050 6029 dari
3070 5972 3346 6043 postulent
3369 5972 3402 6027 ii
3429 5975 3522 6043 qui
