3902 6552
377 431 511 499 l‘E3l

1559 427 1929 491 narrum
1969 428 2400 518 BLASTARIS

3490 421 3630 486 1232

370 547 709 616 judicantur,
748 540 812 596 ad
848 523 1142 611 provincia:
1195 537 1684 610 metropolitanum
1751 539 1938 605 abire;

2080 539 2496 610 ίβικαζόμενοι,
2533 537 2670 610 πρὸς
2699 538 2792 593 τον
2815 538 2914 608 τῆς
2943 536 3215 611 ἐπαρχίας
3251 537 3479 594 ἀπιέναι
3519 555 3630 607 μη-

373 637 458 690 sin
484 649 617 688 vero
642 641 794 687 trans
847 645 998 684 mare
1047 631 1113 684 ad
1170 629 1306 684 alias
1361 629 1675 699 provincias
1725 629 1949 700 proﬁci-

372 733 618 788 scantur,
649 722 945 793 segregari,
984 721 1055 790 iis
1095 721 1188 790 qui
1225 729 1357 776 sunt
1391 721 1446 776 in
1485 720 1667 776 Africa
1730 736 1826 776 eos
1879 720 1945 774 ad

372 816 814 872 communionem
846 829 953 868 non
987 798 1435 869 admittentibus.
1490 811 1637 868 Hinc
1701 811 1951 867 ostendi-

376 921 486 976 tur,
521 925 628 965 non
663 909 827 964 licere
861 923 1012 977 papa:
1056 904 1307 961 Romano
1359 885 1630 960 omnium.
1671 904 1948 960 Ecclesia-

376 1018 496 1058 rum
564 1001 957 1072 appellationes
1022 999 1357 1054 examinare.
1421 996 1478 1051 Si
1554 998 1698 1051 enim
1762 997 1950 1066 appel-

375 1095 611 1150 lationes
638 1095 691 1147 in
722 1093 904 1147 Africa
959 1091 1299 1156 examinare,
1340 1105 1460 1160 quae
1493 1097 1745 1159 respectu
1770 1087 1956 1142 Romae

379 1197 532 1241 trans
559 1201 710 1241 mare
751 1187 854 1240 sita
900 1193 1004 1253 est,
1058 1199 1233 1239 canon
1291 1199 1401 1238 non
1447 1183 1724 1245 concedit,
1783 1181 1954 1236 multo

380 1281 562 1336 minus
601 1279 656 1333 in
722 1279 857 1332 alias
895 1277 1144 1348 regiones
1189 1276 1293 1330 hoc
1350 1275 1438 1338 ius
1499 1275 1740 1330 habebit.

448 1372 636 1427 Canon
700 1370 926 1439 insuper
993 1367 1094 1423 104
1124 1370 1300 1424 sacris
1352 1368 1641 1423 ordinibus
1684 1367 1954 1433 initiatos,

380 1467 472 1536 qui
533 1467 602 1520 ad
661 1479 843 1533 regem
899 1462 1123 1528 abeunt,
1161 1471 1216 1516 et
1256 1471 1446 1532 petunt
1502 1473 1556 1516 ut
1615 1460 1826 1531 judiees
1881 1461 1958 1516 ci-

381 1559 518 1614 viles
584 1571 805 1612 causam
843 1570 996 1611 suam
1065 1553 1407 1618 examinent,
1437 1553 1706 1621 judicium
1749 1551 1962 1608 scilicet

381 1650 819 1706 ecclesiasticum
879 1649 1248 1719 repudiantes,
1280 1645 1520 1716 deponit;
1557 1658 1651 1700 eos
1682 1658 1808 1699 vero
1839 1641 1958 1713 epi-

384 1743 602 1816 scopale
641 1743 908 1815 judicium
962 1757 992 1797 a
1046 1755 1172 1812 rege
1229 1740 1588 1810 postulantes,
1616 1753 1724 1794 non
1780 1736 1958 1808 punit.

454 1926 640 1982 Canon
701 1940 830 1980 vero
860 1925 950 1990 50,
992 1924 1048 1979 Si
1081 1923 1207 1990 duo,
1233 1913 1438 1994 inquit,
1463 1922 1693 1994 litigent,
1726 1937 1958 1994 quorum

387 2024 524 2078 alter
580 2023 632 2075 in
687 2021 808 2074 loco
866 2020 922 2074 in
984 2033 1092 2089 quo
1148 2017 1390 2072 tribunal
1445 2017 1696 2088 erigitur,
1751 2015 1962 2070 exami-

388 2115 662 2169 nationem
737 2120 974 2175 recuset,
1061 2119 1312 2165 metuens
1387 2108 1529 2165 forte
1590 2125 1658 2164 ne
1729 2108 1960 2179 pOpulus

386 2221 658 2277 propenso
705 2205 771 2259 ‘in
833 2203 1206 2258 adversarium
1266 2203 1384 2274 ejus
1444 2203 1632 2258 animo
1696 2201 1957 2270 impetum

389 2303 444 2356 in
503 2299 653 2354 illum
708 2295 1053 2352 facturus'sit
1116 2296 1348 2366 (utpote
1402 2294 1496 2364 qui
1529 2293 1638 2347 illic
1669 2291 1961 2362 potentiam

390 2391 662 2459 habeat),
696 2391 789 2446 τοι
842 2397 1004 2444 testes
1058 2388 1357 2459 producere
1412 2400 1538 2440 eum
1611 2400 1718 2440 non
1779 2385 1962 2450 sinat,

390 2483 466 2538 illi
530 2465 856 2552 permissum
912 2490 994 2534 est
1053 2479 1218 2534 a'lium
1279 2479 1462 2532 locum
1520 2476 1742 2545 eligere,
1781 2476 1962 2544 ibique

390 2589 612 2629 causam
643 2561 1063 2630 examinandam
1116 2570 1333 2638 sistere;
1363 2569 1606 2625 vicinum
1651 2578 1859 2631 tamen,
1895 2582 1965 2623 ne

389 2668 622 2726 diﬂicilis
680 2669 752 2723 sit
791 2666 1066 2737 judicibus
1115 2663 1514 2736 peregrinatio,
1545 2669 1599 2719 et
1647 2659 1964 2718 adversario

386 2765 615 2820 testium
674 2761 986 2834 productio.

1111 2848 1243 2906 Lex.

451 2947 756 3004 'Justiniani
787 2942 1007 2999 Novella
1059 2943 1192 3007 125,
1232 2941 1291 2996 Si
1332 2931 1450 3012 qui,
1471 2938 1682 3010 inquit,
1716 2937 1962 3011 ejusdem

398 3042 587 3114 synodi
671 3036 1008 3094 sanctissimi
1077 3033 1802 3106 episcopi,controversiam
1864 3033 1964 3086 ali-

397 3151 557 3205 quam
620 3132 762 3187 inter
818 3145 877 3185 se
937 3128 1194 3194 habeant,
1261 3125 1378 3181 sive
1427 3126 1494 3180 de
1521 3125 1647 3194 jure
1694 3123 1962 3180 ecclesia-

2049 628 2398 700 τροπολίτην.
2452 629 2515 683 ΕΙ
2547 630 2603 683 δέ
2638 632 2814 702 πέραν
2842 632 2942 702 τῆς
2970 631 3249 699 θαλάσσης
3290 632 3428 702 πρὸς
3461 632 3631 696 ἄλλας

2059 721 2334 790 ἐπαρχίας
2364 721 2610 788 ἀπίοιεν,
2640 722 3022 793 ἀφορίζεσθαι,
3051 722 3160 776 τῶν
3195 724 3250 776 ἐν
3267 724 3506 794 Ἀφρικῇ
3551 726 3636 787 είς

2052 814 2342 869 κοινωνίαν
2363 814 2562 878 αὐτοὺς
2588 814 2663 884 μὴ
2687 815 3084 884 προσιεμένων.
3113 813 3398 866 Ἐντεῦθεν
3421 814 3636 868 δείκνυ-

2053 921 2140 956 ται
2181 904 2256 973 μὴ
2298 903 2501 969 ἐξεῖναι
2552 904 2631 976 τῷ
2671 903 2918 974 Ῥώμης,
2953 905 3136 968 πάσας
3162 907 3262 968 τὰς
3290 904 3633 975 ιἘκκλησίας

2055 996 2366 1065 ἐπιτηρεῖν.
2400 997 2461 1049 Εί
2497 998 2605 1067 γὰρ
2629 997 2728 1061 τὰς
2761 997 2820 1049 ἐν
2843 995 3080 1067 Ἀφρικῇ
3110 998 3299 1067 τηρεῖν
3318 996 3381 1049 οὐ
3414 996 3634 1048 δίδωσιν

2055 1086 2083 1138 6
2128 1085 2331 1152 κανὼν,
2375 1085 2552 1157 πέραν
2613 1088 2712 1157 τῆς
2765 1086 3041 1154 θαλάσσης
3097 1086 3232 1155 πρὸς
3268 1085 3368 1154 τὴν
3411 1083 3632 1155 Ῥώμην

2054 1178 2427 1249 διακειμένας,
2479 1178 2642 1250 σχολῇ
2696 1178 2751 1247 γ’
2804 1179 2869 1233 ἂν
2911 1177 3034 1231 καθ’
3082 1176 3288 1248 ἐτέρων
3321 1176 3519 1246 χωρῶν
3572 1177 3634 1228 τὸ

2055 1271 2201 1324 τοιοῦ
2213 1287 2298 1323 τον
2329 1270 2538 1324 δίκαιον
2577 1269 2754 1339 σχοίη.

2141 1358 2200 1411 '0
2254 1357 2312 1411 δὲ
2361 1355 2434 1430 ρδ¹
2482 1357 2746 1428 καθαιρεῖ
2779 1357 2906 1422 τοὺς
2942 1359 3270 1430 προσιόντας
3303 1359 3635 1431 ἰερωμένους

2057 1448 2135 1520 τῷ
2191 1448 2430 1519 βασιλεῖ,
2480 1449 2578 1502 καὶ
2647 1448 2936 1513 αἰτοῦντας
3005 1450 3316 1515 πολιτικοὺς
3373 1452 3636 1515 δικαστὰς

2058 1538 2127 1592 τά
2160 1538 2261 1608 τῆς
2290 1539 2604 1602 ὑποθέσεως
2635 1539 2815 1594 αὐτῶν
2849 1540 3127 1605 ἐξετάσαι,
3175 1542 3236 1596 τδ
3275 1545 3373 1612 τῆς
3405 1543 3640 1614 Ἐκκλη-

2061 1631 2181 1694 σίας
2214 1630 2693 1702 παραιτουμένους
2733 1631 3085 1700 δικαστήριον
3105 1651 3120 1665 ο
3149 1635 3467 1688 ἐπισκόπων
3507 1636 3637 1705 μέν-

2060 1739 2144 1776 τοι
2177 1721 2528 1794 δικαστήριον
2563 1721 2718 1791 παρά
2753 1721 3020 1792 βασιλέως
3052 1723 3340 1789 αίτοῦντας
3379 1727 3478 1780 οὐκ
3509 1727 3635 1779 ἐπι-

2065 1814 2312 1884 πλήττει.

2141 1904 2203 1957 ’0
2226 1905 2286 1957 δὲ
2326 1903 2391 1971 λ’,
2414 1903 2547 1958 Ἐὰν
2591 1903 2704 1970 δύο,
2741 1907 2898 1974 φησὶ,
2935 1905 3286 1973 δικάζωνται,
3318 1900 3394 1962 ὧν
3425 1907 3634 1978 ἕτερος,

2063 1998 2120 2050 ἐν
2219 1997 2280 2050 τὸ
2305 1997 2658 2069 δικαστήριον
2688 2000 3013 2052 συνίσταται
3046 2000 3222 2070 τόπῳ,
3259 2000 3357 2071 τὴν
3389 2000 3637 2067 ἐξέτασιν

2063 2093 2437 2159 παραιτεῖται,
2473 2091 2828 2161 ὑπειδόμενος
2854 2091 2985 2154 ἴσως
3013 2092 3113 2161 τὴν
3142 2091 3235 2144 τοῦ
3268 2091 3398 2145 λαοῦ
3434 2095 3641 2146 ἐπανά-

2063 2199 2280 2246 στασιν,
2313 2183 2393 2254 τῷ
2422 2184 2681 2254 ἀντιδίκῳ
2725 2181 2890 2236 αὐτοῦ
2941 2185 3362 2253 προσκειμένου,
3403 2184 3477 2249 ὡς
3518 2187 3640 2238 ἐκεῖ

2065 2275 2662 2346 παραδυναστεύοντος,
2715 2274 2749 2346 ἢ
2804 2273 2896 2327 καὶ
2943 2274 3229 2344 μάρτυρας
3283 2276 3382 2330 οὐκ
3437 2277 3638 2340 ἐῶντος

2065 2369 2431 2440 παραγαγεῖν,
2465 2368 2682 2436 ἐφεῖται
2715 2365 2892 2435 τούτῳ
2920 2366 3086 2418 τόπον
3129 2367 3482 2432 ἐπιλέξασθαι
3523 2366 3641 2420 ἐτε-

2068 2475 2182 2529 ρον,
2207 2459 2370 2513 κάκεῖ
2391 2458 2460 2512 τὰ
2483 2457 2586 2528 τῆς
2609 2458 2764 2529 δίκης
2785 2455 3163 2525 ἐξετασθῆναι,
3188 2457 3420 2528 ἔγγιστα
3453 2460 3640 2530 μέντοι

2064 2559 2428 2628 διακείμενον,
2462 2560 2549 2614 ἵνα
2590 2559 2665 2630 μὴ
2693 2557 2962 2629 δυσχερὴς
2994 2559 3107 2620 τοῖς
3141 2556 3353 2624 κριταῖς
3387 2555 3421 2623 ἡ
3457 2554 3639 2604 ἐκεῖσε

2065 2650 2152 2720 εἴη
2189 2649 2490 2720 ἀποδημία,
2541 2649 2618 2720 τῷ
2663 2667 2724 2703 τε
2757 2649 3143 2722 ἀντιδίκῳικαὶ
3170 2650 3234 2722 τῇ
3276 2645 3389 2701 τῶν
3432 2643 3643 2717 μαρτύ-

2065 2761 2179 2816 ρων
2205 2746 2433 2815 προσέτι
2455 2746 2808 2820 παραγωγῇ.
2907 2786 2912 2789 -

2747 2841 2969 2909 Νόμος.

2145 2927 2214 2982 Ἦ
2249 2927 2366 3000 ρκγ⁷
2392 2929 2826 2994 ’1ουστινιάνειος
2869 2928 3063 2999 νεαρὰ,
3100 2925 3162 2980 Εἰ
3189 2926 3245 2980 δέ
3278 2941 3444 2987 τινες,
3484 2921 3640 2990 φησὶ,

2064 3021 2350 3077 όσιὼτατοι
2399 3022 2691 3076 ἐπίσκοποι
2736 3021 2835 3092 τῆς
2867 3021 3039 3088 αὐτῆς
3076 3018 3321 3080 συνόδου,
3365 3013 3648 3086 ἀμφισὸή-

2063 3115 2226 3184 τησίν
2259 3130 2380 3168 τινα
2424 3113 2563 3184 πρὸς
2599 3112 2861 3183 ἀλλήλους
2891 3113 3094 3182 ἔχοιεν,
3120 3109 3230 3163 εἴτε
3261 3106 3406 3178 ὑπὲρ
3441 3105 3645 3175 ἐκκλη-

394 3229 558 3290 stico,
590 3226 705 3280 sive
766 3224 834 3278 de
899 3221 1022 3276 aliis
1072 3218 1410 3290 quibusdam
1442 3218 1696 3288 negotiis,
1727 3217 1963 3286 primum

2080 3205 2361 3260 σιαστικοῦ
2391 3205 2627 3270 δικαίου,
2656 3206 2768 3258 είτε
2805 3205 2947 3276 ὑπὲρ
2980 3203 3157 3258 ἄλλων
3191 3201 3355 3255 τινῶν
3385 3197 3650 3269 πραγμά-

397 3313 852 3383 metropolitanus
924 3323 1114 3363 eorum
1175 3323 1296 3362 cum
1359 3308 1578 3363 duobus
1635 3307 1760 3362 aliis
1827 3306 1977 3376 ejus-

399 3403 520 3457 dem
575 3402 770 3474 synodi
847 3399 1144 3469 episc0pis,
1180 3413 1402 3452 causam
1452 3397 1677 3465 iudicet.
1713 3397 1868 3461 Quod
1928 3395 1975 3450 si

397 3506 629 3566 utraque
678 3509 802 3563 pars
843 3493 922 3546 iis
955 3505 1075 3562 quae
1124 3491 1364 3561 iudicata
1401 3498 1529 3544 Stmt
1599 3503 1706 3542 non
1757 3485 1977 3557 acquie-

399 3598 540 3653 scat,
596 3596 729 3641 tunc
759 3585 1108 3639 beatissimus
1157 3584 1278 3652 ejus
1333 3581 1636 3637 diwceseos
1663 3581 1978 3651 patriarcha

399 3681 542 3735 inter
597 3693 693 3733 eos
743 3676 952 3742 audiat,
977 3690 1163 3743 eaque
1209 3673 1459 3737 deliniat,
1492 3687 1614 3742 qua:
1661 3672 1976 3728 canonibus

401 3768 796 3827 ecclesiasticis
859 3775 914 3822 et
972 3767 1184 3835 legibus
1233 3757 1603 3822 consentanea
1661 3773 1810 3829 sunt,
1845 3780 1980 3818 neu-

402 3876 483 3920 tra
554 3874 703 3934 parte
777 3861 1056 3918 sententia:
1110 3860 1227 3930 ejus
1282 3859 1660 3914 contradicere
1733 3859 1974 3913 valente.

401 3955 728 4012 Patriarcha‘.
775 3954 920 4009 enim
977 3952 1258 4008 sententia:
1292 3950 1640 4023 appellationi
1687 3965 1797 4006 non
1850 3948 1980 4005 sub—

396 4052 601 4122 jacent.

473 4143 528 4196 Si
581 4143 704 4211 quis
778 4154 909 4195 vero
965 4143 1034 4194 ab
1076 4136 1349 4210 episcopis
1392 4135 1671 4207 judicatus
1710 4134 1852 4189 intra
1881 4135 1978 4191 de-

401 4250 518 4290 cem
550 4236 666 4289 dies
695 4233 905 4304 judicio
939 4229 1357 4291 contradixerit,
1389 4237 1504 4283 tum
1565 4228 1806 4282 locorum
1839 4242 1978 4296 prte-

405 4329 580 4382 fectus
612 4327 886 4396 negotium
937 4323 1230 4386 examinet,
1263 4329 1316 4376 et
1347 4315 1444 4375 vel'
1483 4320 1805 4374 sententiam
1845 4333 1982 4373 con-

404 4422 618 4484 tirmct,
645 4419 740 4472 vel
774 4416 1051 4472 rescindat
1082 4431 1099 4480 ;
1140 4421 1196 4469 et
1241 4428 1306 4467 ne
1341 4401 1500 4467 liceat
1526 4411 1574 4466 ei
1597 4411 1689 4480 qui
1741 4409 1982 4465 secundo

406 4511 460 4566 in
522 4511 710 4566 eadem
769 4524 831 4564 re
889 4507 1065 4563 victus
1113 4514 1219 4572 est,
1258 4490 1576 4575 provocare.
1614 4501 1671 4556 Si
1720 4516 1850 4556 vero
1894 4499 1984 4572 ju-

2073 3317 2206 3365 των,
2237 3299 2506 3369 πρότερον
2553 3298 2582 3351 6
2625 3297 3028 3368 μητροπολίτης
3075 3293 3256 3348 αὐτῶν
3292 3291 3414 3364 μεθ’
3441 3291 3650 3360 ἐτέρων

2072 3391 2168 3445 δύο
2191 3392 2256 3444 ἐκ
2287 3391 2396 3444 τῶν
2423 3393 2520 3462 τῆς
2544 3390 2718 3460 αὐτῆς
2743 3389 2966 3444 συνόδου
2987 3387 3305 3442 ἐπισκόπων
3324 3387 3386 3438 τὸ
3411 3385 3651 3454 πρᾶγμα

2075 3484 2334 3554 κρινέτω.
2383 3482 2504 3534 Κᾶν
2549 3481 2623 3551 μὴ
2658 3481 2892 3552 ἐμμείνῃ
2923 3479 3187 3548 ἑκάτερον
3223 3477 3386 3547 μέρος
3414 3476 3529 3537 τοῖς
3563 3488 3653 3525 κε-

2075 3575 2387 3646 κριμένοις,
2430 3571 2734 3643 τηνικαῦτα
2767 3574 2794 3625 6
2839 3569 3260 3642 μακαριώτατος
3298 3567 3653 3638 πατριάρχης

2075 3667 2174 3735 τῆς
2218 3665 2539 3734 διοικήσεως
2585 3664 2800 3731 ἐκείνης
2853 3662 3058 3732 μεταξῦ
3103 3659 3283 3714 αὐτῶν
3332 3655 3683 3724 ἀκροάσθω,”

2077 3759 2308 3811 κάκεῖνα
2335 3755 2589 3828 όριζέτω,
2627 3755 2787 3808 ἀτινα
2812 3758 2924 3818 τοῖς
2955 3749 3432 3821 ἐκκλησιαστικοῖς
3458 3747 3651 3800 κανόσι

2077 3850 2174 3904 καὶ
2201 3849 2392 3920 νόμοις
2424 3848 2664 3920 συνᾴδει,
2692 3848 2907 3909 οὐδενος
2940 3847 3142 3915 μέρους
3164 3842 3308 3896 κατά
3337 3839 3434 3908 τῆς
3465 3838 3647 3906 ψήφου

2077 3939 2242 3994 αὐτοῦ
2268 3937 2574 4006 ἀντιλέγειν
2608 3936 2934 4006 δυναμένου.
2962 3935 3036 3986 Οὐ
3059 3932 3168 4004 γάρ
3188 3931 3283 3984 καὶ
3314 3927 3567 3997 ἐκκλήτῳ
3596 3924 3649 3977 at

2077 4034 2186 4087 τῶν
2218 4028 2577 4102 πατριαρχῶν
2605 4027 2928 4081 ὑπόκεινται
2955 4026 3145 4095 ψῆφοι.

2149 4125 2289 4179 Εἱδέ
2313 4141 2400 4188 τις
2430 4123 2541 4176 τῶν
2570 4121 2723 4192 παρὰ
2757 4121 2870 4183 τοῖς
2919 4118 3241 4180 ἐπισκόποις
3283 4111 3654 4185 δικαζομένων

2080 4216 2235 4280 ἐντὸς
2276 4215 2408 4269 δέκα
2447 4213 2673 4284 ἡμερῶν
2705 4211 2936 4284 ἀντείπῃ
2957 4211 3070 4271 τοῖς
3099 4206 3479 4276 κεκριμένοις,
3505 4219 3652 4271 τηνι-

2080 4314 2256 4369 καῦτα
2313 4315 2340 4366 6
2390 4311 2499 4366 τῶν
2531 4311 2714 4363 τόπων
2745 4307 2931 4380 ἀρχων
2967 4305 3028 4359 τὸ
3061 4305 3299 4374 πρᾶγμα
3331 4299 3650 4367 ἐξεταζέτω,

2081 4405 2178 4459 καὶ
2230 4404 2264 4476 ἢ
2323 4403 2626 4475 βεϐαιούτω
2667 4400 2767 4470 τὴν
2818 4395 3092 4468 ψῆφον,ἢ
3148 4393 3518 4456 ἐκσιϐαζέτω,
3560 4389 3654 4444 καὶ

2085 4497 2161 4569 μή
2215 4497 2420 4563 ἐξέστω
2476 4493 2556 4565 τῷ
2605 4493 2860 4561 δεύτερον
2903 4491 2961 4544 ἐν
2997 4487 3076 4559 τῷ
3105 4486 3336 4556 τοιούτῳ
3369 4483 3655 4554 πράγματι

407 4605 512 4657 dex
572 4601 902 4658 contrariam
953 4599 1219 4669 episcopo
1283 4595 1613 4652 sententiam
1669 4589 1830 4658 ferat,
1857 4590 1968 4661 ejus

2080 4587 2368 4660 ἡττηθέντι
2428 4585 2805 4641 ἐκκαλεῖσθαι.
2854 4579 3148 4644 Ἐναντίως
3187 4578 3248 4632 δέ
3309 4575 3428 4669 τοῦ*
3464 4575 3658 4644 ἄρχον-

407 4697 676 4753 sententia
736 4689 1084 4763 appellationi
1129 4686 1368 4744 obnoxia
1434 4692 1542 4748 est,
1573 4692 1628 4739 et
1677 4683 1978 4739 secundum

407 4793 577 4861 legem
643 4786 902 4848 refertur,
936 4791 992 4838 et
1064 4778 1434 4836 examinatur.
1488 4774 1662 4840 Quod
1719 4773 1765 4829 si
1834 4772 1980 4842 regis

408 4859 686 4946 mandato,
717 4880 804 4934 vel
850 4878 1008 4948 jussu
1052 4871 1368 4945 judiciario,
1411 4871 1702 4942 episcopus
1735 4859 1979 4936 ’judicat,

409 4978 478 5032 ad
528 4991 652 5030 eum
712 4971 806 5042 qui
853 4982 1076 5025 causam
1144 4964 1314 5030 misit,
1349 4961 1644 5032 appellatio
1691 4959 1978 5015 referatur.

412 5069 472 5123 Si
528 5081 660 5120 vero
710 5078 800 5119 res
855 5057 1222 5116 ecclesiastica
1302 5054 1487 5118 fuerit,
1557 5051 1746 5107 civiles
1813 5047 1987 5118 magi-

411 5167 620 5215 stratus
648 5168 773 5207 cum
831 5151 932 5204 hac
1000 5163 1166 5202 causa
1221 5143 1358 5199 nihil
1395 5142 1636 5197 habeant
1669 5152 1982 5204 commune,

411 5251 504 5306 sed
567 5241 900 5302 sanctissimi
944 5238 1204 5308 episcopi
1260 5235 1415 5306 juxta
1477 5235 1696 5290 divinos
1743 5241 1984 5287 canones

411 5338 796 5428 controversiae
848 5334 1015 5390 ﬁnem
1073 5331 1379 5399 imponant.

471 5621 789 5694 ’lmperialis
829 5629 883 5674 et
915 5612 1252 5689 principalis
1295 5610 1564 5667 sententia
1633 5605 1987 5680 appellationi

411 5733 520 5773 non
554 5715 818 5784 subjacet,
850 5726 1025 5780 neque
1051 5706 1250 5761 ab-alio
1281 5711 1608 5758 retractatur
1655 5700 1761 5756 nisi
1790 5715 1818 5754 a
1850 5699 1992 5770 seip-

412 5824 525 5875 so;
574 5801 1030 5876 quemadmodum
1092 5807 1147 5852 et
1225 5794 1403 5850 Moses
1452 5793 1544 5862 qui
1603 5791 1773 5846 Deum
1828 5789 1988 5856 vidit,

411 5902 531 5971 lege
576 5900 686 5956 lata
748 5896 907 5963 dixit,
940 5890 1280 5948 Rctractabis
1317 5885 1520 5973 judicia
1560 5892 1676 5942 tua.

2084 4692 2177 4739 τος
2212 4673 2307 4730 τοῦ
2355 4675 2660 4728 ἐπισκόπου
2708 4670 3113 4741 ψηφιζομένου,
3148 4668 3190 4728 ἡ
3247 4664 3343 4719 τοῦ
3397 4663 3658 4735 ἄρχοντος

2085 4766 2266 4837 ψῆφος
2323 4767 2610 4820 ὑπόκειται
2661 4763 2934 4834 ἐκκλήτῳ,
2980 4762 3080 4814 καὶ
3134 4756 3281 4812 κατὰ
3343 4755 3437 4808 τὺν
3493 4753 3656 4822 νόμον

2087 4859 2423 4930 ἀναφέρεται
2461 4858 2556 4912 καὶ
2593 4855 2956 4927 γυμνάζεται.
2989 4853 3054 4907 Εί
3095 4851 3279 4922 μέντοι
3315 4865 3380 4917 γε
3420 4847 3486 4900 ἐκ
3513 4845 3659 4916 βασι-

2087 4952 2247 5022 λικῆς
2277 4950 2588 5014 κελεύσεως
2615 4950 2648 5020 ἢ
2695 4945 3021 5015 δικαστικῆς
3053 4942 3410 5013 προστάξεως
3444 4940 3661 4991 ἐπίσκο-

2089 5061 2193 5107 πος
2221 5045 2420 5115 κρίνει,
2453 5043 2488 5112 ἡ
2520 5042 2789 5112 ἐκκλητος
2829 5039 2922 5092 ἐπὶ
2951 5037 3041 5091 τδν
3075 5032 3526 5106 παραπέμψαντα
3561 5028 3659 5097 τὴν

2091 5136 2352 5190 ὑπόθεσιν
2387 5133 2774 5202 ἀναφερέσθω.
2809 5131 2877 5202 Et
2903 5129 2962 5183 δέ
2989 5125 3452 5194 ἐκκλησιαστικὸν
3491 5120 3574 5190 εἴη
3602 5119 3662 5170 to

2093 5229 2354 5298 πρᾶγμα,
2394 5199 2666 5297 μηδεμίαν
2693 5199 2988 5276 κοινωνίαν
3011 5217 3286 5288 ἐχέτωσαν
3318 5214 3367 5266 οί
3398 5207 3660 5264 πολιτικοὶ

2091 5323 2357 5392 ἄρχοντες
2397 5319 2535 5391 πρὸς
2568 5317 2669 5388 τὴν
2692 5312 2953 5382 τοιαύτην
2982 5307 3269 5370 ὑπόθεσιν,
3304 5303 3420 5359 ἀλλ’
3439 5298 3661 5392 016w?-

2093 5430 2246 5468 τατοι
2277 5412 2570 5465 ἐπίσκοποι
2619 5407 2766 5462 κατά
2794 5403 2920 5467 τοὺς
2947 5401 3131 5472 ἱεροὺς
3152 5396 3389 5458 κανόνας
3415 5393 3491 5464 τῷ
3525 5385 3660 5458 πρά-

2094 5519 2270 5573 γματι
2301 5502 2476 5572 πέρας
2507 5489 2931 5552 ἐπιτιθέτωσαν.

2159 5591 2241 5647 Τὸ
2298 5571 2766 5662 αὐτοκρατορικον
2817 5587 2913 5640 καὶ
2953 5581 3237 5654 βασιλικὸν
3266 5573 3549 5662 κριτήριον
3576 5571 3660 5622 ἐκ·

2097 5685 2283 5755 κλήτῳ
2304 5683 2401 5753 οὐχ
2423 5660 2732 5745 ὑπόκειται,
2757 5677 2877 5730 οὐδέ
2901 5671 3323 5743 ἀναψηλαφᾶται
3345 5664 3434 5734 ὑφ’
3455 5660 3657 5755 ἐτέροιξ.

2098 5751 2217 5831 ἀλλ’
2247 5751 2337 5843 ’ἐφ’
2365 5751 2561 5827 ἐαυτοῦ
2595 5773 2682 5827 ἀεὶ
2708 5767 3165 5838 ἐπανακρίνεται,
3197 5761 3347 5816 καθά
3385 5757 3474 5812 καὶ
3497 5757 3525 5807 6
3553 5751 3664 5805 θεό-

2100 5885 2246 5935 πτης
2276 5865 2518 5933 Μωῦσῆς
2538 5861 2868 5935 νομοθετῶν,
2894 5855 3316 5928 Ἐπανακρινείς
3341 5851 3439 5914 τὰς
3459 5844 3664 5918 κρίσεις

2105 5977 2224 6027 σου,
2249 5956 2631 6024 διηγόρευσεν.
