3902 6556
279 415 415 480 12ῗῖ3

1290 414 1699 483 SYNTAGMA
1737 413 2369 478 ALPHABETICUM.
2416 438 2487 453 -··
2525 408 2600 476 Δ..

3422 401 3558 465 1⁷233

345 531 420 585 Τδ
453 531 548 586 τοῦ
590 532 931 604 πατριάρχου
973 534 1265 606 κριτήριον
1299 535 1550 606 ἐκκλητῳ
1595 534 1696 604 οὐχ
1727 529 1856 585 ὑπό-

2030 531 2378 586 Patriarclm
2423 527 2697 586 sententia
2733 524 3082 600 appellationi
3137 539 3248 582 non
3288 524 3556 597 subiacet,

275 643 476 691 κειται,
509 626 631 679 οὐδὲ
660 627 1089 699 ἀναψηλαφᾶται
1119 627 1210 698 ὑφ’
1240 627 1456 698 ἐτέρου,
1483 627 1562 691 ὡς
1595 626 1739 696 ἀρχὴ
1765 626 1859 679 καὶ

274 719 405 773 αὐτὸ
419 719 533 774 τῶν
564 719 1048 790 ὲκκλησιαστικῶν
1083 720 1406 792 κριτηρίων.
1437 721 1531 787 Ἐξ
1556 719 1721 773 αὐτοῦ
1749 717 1860 789 γὰρ

273 812 458 866 πάντα
503 810 576 864 τὰ
633 811 1071 882 ἐκκλησιαστικά
1107 813 1389 884 κριτήρια,
1449 812 1545 865 καὶ
1597 811 1679 874 είς
1729 810 1861 864 αὐτὸ

273 902 524 969 ἀναλύει,
575 904 669 956 καὶ
707 905 1134 975 ἀναστρέφεται,
1171 904 1304 958 αὐτὸ
1332 904 1390 958 δὲ
1435 902 1562 958 οὔτε
1602 903 1666 957 ἐκ
1693 919 1857 968 τινος,

273 996 402 1051 οὔτε
433 996 571 1067 πρὸς
597 995 821 1068 ἕτερον’
861 997 1108 1050 τοιοῦτον
1137 997 1248 1068 γὰρ
1275 997 1309 1066 ἡ
1342 999 1486 1069 ἀρχή
1505 1011 1521 1028 ⁸
1554 995 1863 1066 ἐπανακρί-

273 1103 425 1142 νεται
475 1087 532 1142 δέ
573 1087 968 1160 πνευματικῶς
1007 1091 1102 1142 καὶ
1144 1089 1280 1143 αὐτὸ
1313 1090 1406 1160 ὑφ’
1435 1077 1654 1145 ἑαυτοῦ.
1697 1089 1861 1160 Ζήτει

273 1180 368 1233 καὶ
396 1179 464 1232 τὸ
495 1185 543 1252 η’
571 1197 700 1249 κεφ.
726 1179 823 1234 τοῦ
849 1181 895 1233 ΙΙ
931 1181 1223 1252 στοιχείου.

345 1272 562 1330 Οὐδένα
592 1274 701 1329 τῶν
730 1278 843 1340 τοῖς
880 1275 1362 1345 ἐκκλησιαστικοῖς
1395 1276 1699 1332 τελούντων
1734 1276 1864 1349 βαθ-

278 1367 399 1436 μοῖς
454 1366 798 1435 ἐπίσκοπον,
848 1369 881 1440 ἢ
953 1370 1352 1442 πρεσϐύτερον,
1414 1369 1448 1441 ἢ
1503 1369 1773 1432 διάκονον,
1827 1365 1864 1438 ἢ

275 1457 468 1521 ἁπλῶς
515 1474 642 1511 τινα
667 1458 766 1512 τοῦ
799 1460 1104 1529 καταλόγου
1138 1461 1234 1514 τοῦ
1261 1457 1561 1530 ἱερατικοῦ,
1590 1459 1793 1513 ἄκοντα
1829 1456 1862 1529 ἦ

276 1549 497 1617 ἐκόντα,
544 1550 860 1621 κριτηρίοις
905 1555 1193 1623 κοσμικοῖς
1250 1551 1624 1623 παρίστασθαι
1681 1551 1866 1621 ἀνεχό-

282 1643 450 1712 μεθα.
482 1644 544 1696 Et
572 1643 681 1714 γὰρ
703 1644 912 1698 ἄκοντά
934 1661 1021 1708 τις
1041 1645 1352 1715 ἀπαγαγών
1381 1662 1501 1698 τινα
1529 1643 1639 1697 τῶν
1669 1644 1867 1714 ἐκκλη-

281 1735 584 1788 σιαστικῶν
606 1736 864 1806 κοσμικῷ
895 1738 1168 1808 κριτηρίῳ
1199 1737 1553 1807 παραστῆναι
1581 1735 1862 1807 βιάσηται,

280 1826 437 1897 παρά
484 1830 592 1898 τῆς
642 1829 924 1898 ἡμετέρας
975 1829 1350 1900 γαληνότητος
1396 1829 1500 1899 τὴν
1544 1830 1867 1900 πρέπουσαν

282 1917 574 1971 παίδευσιν
631 1918 868 1983 δέξεται.
926 1919 990 1972 Et
1035 1919 1091 1972 δὲ
1127 1919 1270 1972 ἑκὼν
1297 1920 1325 1973 6
1357 1918 1633 1991 ίερατικδς
1669 1917 1747 1988 τῷ
1777 1935 1866 1972 κο-

283 2009 472 2080 σμικῷ
512 2010 789 2082 κριτηρίῳ
842 2013 1184 2083 παρασταίη,
1217 2011 1255 2083 ἦ
1304 2013 1398 2064 καὶ
1441 2011 1603 2074 αύτδς
1645 2010 1866 2081 πρῶτος

281 2101 382 2171 τὴν
440 2102 654 2156 ἐκεῖθεν
702 2103 886 2174 κρίσιν
941 2105 1035 2156 τοῦ
1083 2103 1544 2173 ἐκκλησιαστικοΰ
1575 2103 1863 2174 κριτηρίου

285 2194 720 2262 προτιμήσαιτο,
753 2188 910 2256 οὗτος
949 2194 1054 2247 κᾶν
1080 2193 1290 2246 ἐκεῖθεν
1317 2195 1518 2268 νομίσῃ
1560 2195 1623 2248 τὸ
1653 2194 1867 2249 δίκαιον

283 2283 494 2348 λαϐεῖν,
555 2283 661 2337 ὑπὸ
715 2284 821 2338 τῶν
875 2285 1039 2354 ἱερῶν
1109 2285 1356 2338 κανόνων
1418 2286 1866 2351 καταδικάζεται.

286 2374 400 2428 Ποῦ
439 2374 554 2444 γὰρ
606 2375 754 2442 ἄξιος
803 2378 990 2444 τυχεῖν
1028 2371 1102 2430 ὦν
1151 2377 1306 2446 ζητεῖ
1355 2378 1383 2430 6
1417 2377 1737 2449 τὴνάρχὴν
1774 2379 1868 2433 τοῦ

285 2466 502 2533 ἀγῶνος
533 2465 641 2520 ἀπὸ
663 2470 764 2538 τῆς
798 2466 911 2521 τῶν
943 2467 1104 2523 θείων
1137 2467 1359 2540 θεσμῶν
1395 2469 1869 2542 καταϐαλλόμενος

287 2556 508 2630 ὖσρσως
527 2574 546 2625 ;

275 2658 278 2661 '
368 2648 538 2703 Ἀλλά
594 2648 692 2702 καὶ
755 2648 789 2720 ἡ
855 2649 964 2704 τῶν
1031 2651 1304 2721 βασιλέων
1381 2651 1712 2722 Ἡρακλείου
1778 2653 1871 2708 καὶ

290 2739 708 2793 Κωνσταντίνου
756 2742 946 2812 νεαρὰ,
1004 2743 1142 2812 μήτε
1197 2743 1499 2798 ἐπίσκοπον
1551 2745 1869 2816 διορίζεται,

291 2831 433 2900 μήτε
482 2831 765 2902 κληρικδν,
814 2833 952 2902 μήτε
1011 2833 1266 2904 μοναχὸν,
1306 2839 1658 2907 χρηματικῆς
1702 2839 1735 2909 ἢ
1783 2840 1873 2907 ἐγ-

287 2923 646 2992 κληματικῆς
701 2924 862 2994 χάριν
907 2926 1088 2988 αίτίας
1146 2926 1299 2998 παρά
1327 2929 1590 2998 πολιτικῷ
1637 2930 1672 3000 ἢ
1709 2946 1874 2996 στρα-

288 3015 531 3083 τιωτικῷ
584 3016 890 3083 ἀνάγεσθαι
951 3018 1198 3090 ἄρχοντι,
1264 3021 1405 3074 ἀλλά
1465 3023 1618 3092 παρά
1684 3023 1872 3092 μόνοις

287 3110 400 3170 τοῖς
435 3106 592 3171 ίδίοις
620 3108 967 3199 ἐπισκόποις,
997 3109 1029 3181 ἢ
1061 3112 1510 3182 μητροπολίταις,
1541 3113 1574 3186 ἤ
1602 3115 1872 3187 πατριάρ-

289 3218 440 3271 χαις.

361 3293 439 3346 Ἦ
481 3294 538 3347 δέ
575 3293 670 3348 τοῦ
703 3293 972 3366 βασιλέως
997 3295 1263 3361 Ἀλεξίου,
1294 3297 1355 3349 Ei
1390 3298 1682 3368 μερισμὸς,
1710 3304 1867 3372 φησι,

287 3385 348 3439 ἐν
379 3389 492 3448 τοῖς
521 3389 950 3458 διαμαχομένοις
984 3392 1130 3458 ἐστὶ,
1154 3391 1249 3444 καὶ
1273 3392 1301 3442 6
1333 3387 1433 3459 μὲν
1463 3391 1566 3460 τῆς
1596 3395 1871 3464 κοσμικῆς

289 3478 546 3546 φαίνεται
569 3481 980 3547 καταστάσεως,
1000 3484 1028 3536 6
1053 3481 1110 3536 δέ
1140 3481 1218 3553 τῷ
1245 3481 1374 3552 θείῳ
1398 3483 1584 3553 κλήρῳ
1616 3484 1872 3553 ἐγκατείο

287 3571 505 3639 λεκται,
542 3573 571 3625 6
606 3572 818 3642 ἐνάγων
857 3574 1162 3639 τηνικαῦτα
1195 3575 1275 3644 τῷ
1303 3575 1460 3646 φόρῳ
1483 3576 1578 3628 τοῦ
1609 3578 1876 3646 ἐναγομέ-

289 3681 384 3718 νου
414 3667 478 3717 ἐκ
505 3665 708 3728 παντὸς
727 3665 1104 3734 ὑποκείσεται,
1132 3667 1229 3720 καὶ
1260 3667 1496 3731 ἕκαστος
1517 3670 1598 3732 είς
1620 3669 1681 3722 τὸ
1708 3668 1876 3740 πρόσ-

290 3769 462 3824 φορον
497 3756 860 3811 ἀπελεύσεται
890 3758 1270 3828 δικαστήριον.

365 3845 507 3908 Τοὺς
566 3845 831 3916 ἔκκλητον
881 3847 1106 3918 ἔχοντας
1134 3848 1400 3912 δικαστὰς
1434 3849 1693 3920 μείζονας
1734 3845 1875 3906 εἶναι

293 3935 377 3989 δεῖ
407 3937 522 3989 τῶν
552 3937 611 4004 ἐξ
634 3936 808 4008 ἀρχῆς
833 3939 1198 3993 δικασάντων.

369 4029 527 4082 Πᾶσα
560 4028 755 4100 ἀγωγὴ
779 4031 1096 4101 ἁρμόζουσα
1125 4030 1314 4103 σεπτῷ
1341 4033 1476 4101 οἴκῳ
1500 4033 1582 4095 είς
1605 4051 1877 4107 τεσσαραο

296 4122 617 4176 κονταετίαν
642 4124 967 4178 ἐκτείνεται.
1004 4125 1154 4178 Ἀντὶ
1181 4126 1291 4194 γὰρ
1320 4125 1555 4196 χρονίων
1587 4144 1880 4200 παραγρα-

300 4216 414 4284 φῶν
446 4215 556 4270 τῶν
595 4223 626 4270 ι’
657 4217 752 4270 καὶ
782 4225 832 4270 κ’
859 4219 954 4272 καὶ
996 4216 1039 4270 λ’
1077 4219 1341 4272 ἐνιαυτῶν
1379 4222 1500 4282 ταῖς
1532 4220 1721 4288 ἁγίαις
1754 4221 1881 4276 Ἐκ-

298 4309 551 4378 κ).ητίαις
598 4310 694 4364 καὶ
734 4313 849 4373 τοῖς
878 4310 1064 4374 ἄλλοις
1089 4309 1266 4366 ἅπασι
1302 4312 1629 4382 σεσασμίοις
1671 4313 1878 4379 τόποις,

304 4402 473 4472 μόνην
524 4404 626 4470 τὴν
677 4404 788 4456 τῶν
837 4409 888 4474 μ’
920 4403 1058 4456 ἐτῶν
1101 4405 1482 4476 παραγραφὴν
1528 4405 1880 4460 ἀνατίθεσθαι

302 4494 713 4564 προστάττομεν
733 4510 751 4527 ο
777 4495 972 4548 τούτου
1007 4495 1174 4550 αὐτοῦ
1205 4499 1638 4568 φυλαττομένου,
1665 4501 1762 4554 καὶ
1787 4500 1880 4554 ἐπὶ

1964 639 2140 693 neque
2169 633 2494 678 retractatur
2525 622 2594 677 ab
2625 622 2756 689 alio,
2791 632 2982 692 utpote
3013 620 3374 678 ecclesiastici
3410 619 3560 689 judi-

1964 717 2034 772 cii
2067 715 2341 786 princeps.
2364 714 2438 770 Ex
2467 731 2532 771 ea
2555 716 2702 771 enim
2745 716 2928 770 omnia
2953 714 3326 771 ecclesiastica
3353 712 3559 783 judicia

1963 819 2018 864 et
2051 810 2102 863 in
2144 808 2318 878 ipsam
2354 811 2729 874 resolvuntur,
2771 818 2824 864 et
2873 813 3247 874 revertuntur;
3279 807 3396 877 ipsa
3430 822 3561 861 vero

1965 914 2142 968 neque
2166 899 2236 954 ab
2271 900 2476 970 aliquo,
2509 915 2686 972 neque
2720 900 2787 966 ad
2819 900 3058 971 aliquem
3095 897 3332 954 refertur
3360 916 3374 964 ;
3413 899 3562 968 prin-

1965 1005 2095 1061 ceps
2150 990 2296 1046 enim
2325 1001 2409 1048 est
2442 1010 2459 1062 ;
2496 1001 2827 1050 retractatur
2861 1008 2994 1047 vero
3027 991 3387 1061 spiritualitcr
3441 989 3560 1060 ipsa

1964 1097 2015 1139 α·
2045 1084 2246 1154 seipsa.
2274 1084 2467 1152 Quaere
2494 1087 2659 1142 etiam
2717 1103 2844 1159 cap.
2876 1086 2910 1142 8
2940 1086 3045 1143 litt.
3077 1087 3150 1142 Π.

2033 1265 2148 1338 98
2171 1265 2457 1323 Neminem
2478 1267 2531 1323 in
2552 1269 2934 1326 ecclesiastico
2959 1269 3144 1340 aliquo
3165 1268 3335 1340 gradu
3356 1267 3565 1325 consti-

1966 1346 2170 1424 ‘utum,
2221 1359 2307 1414 vel
2350 1359 2694 1431 episcopum,
2745 1363 2828 1416 vel
2857 1363 3259 1433 presbyterum,
3310 1360 3395 1414 vel
3447 1360 3566 1413 dia-

1967 1463 2190 1516 conum,
2222 1449 2306 1505 vel
2340 1452 2593 1520 quemvis
2633 1453 2800 1506 alium
2833 1468 2899 1507 ex
2933 1453 3183 1524 catalogo
3205 1450 3560 1518 sacerdotali,

1967 1542 2244 1597 volentem
2267 1544 2353 1598 vel
2385 1543 2614 1599 invitum
2650 1545 3009 1601 saecularibus
3029 1545 3257 1616 judiciis
3288 1545 3407 1601 sisti
3433 1561 3562 1600 sus-

1969 1636 2231 1693 tinemus.
2267 1635 2322 1691 Si
2383 1638 2510 1709 quis
2550 1638 2698 1694 enim
2741 1639 2979 1708 aliquem
3056 1637 3560 1694 ecclesiasticorutn

1969 1729 2200 1786 invitum
2235 1731 2302 1787 ad
2353 1739 2617 1788 saeculare
2672 1732 2944 1803 judicium
3039 1733 3301 1799 trahat,a
3370 1741 3564 1786 nostra

1969 1821 2266 1877 serenitate
2347 1831 2744 1894 competentem
2819 1822 3208 1901 coercitionem
3308 1819 3560 1888 accipiet.

1969 1915 2023 1970 Si
2068 1931 2200 1971 vero
2234 1915 2436 1987 aliquis
2492 1916 2845 1972 sacerdotum
2918 1916 3168 1970 saeculari
3229 1911 3444 1983 judicio
3506 1926 3565 1963 se

1968 2007 2159 2063 volens
2220 2008 2448 2076 stiterit,
2496 2019 2589 2063 aut
2643 2007 2809 2063 etiam
2844 2008 2992 2078 prior
3045 2007 3162 2076 ipse
3230 2002 3561 2060 sententiam

1969 2099 2084 2156 illic
2157 2099 2330 2154 latam
2404 2099 2780 2156 ecclesiastico
2862 2098 3138 2154 auditorio
3239 2096 3560 2167 pra’tulerit,

1971 2182 2191 2245 tamctsi
2237 2191 2342 2246 sibi
2403 2189 2498 2263 jus
2528 2191 2652 2246 inde
2690 2191 2844 2246 reddi
2896 2199 3071 2260 putet,
3107 2205 3137 2244 a
3169 2190 3343 2245 sacris
3374 2183 3552 2242 cano-

1971 2281 2136 2337 nibus
2183 2281 2608 2336 condemnatur.
2668 2280 2767 2336 Ubi
2827 2281 2970 2335 enim
3027 2281 3227 2350 dignus
3294 2288 3379 2334 cst
3437 2294 3569 2332 con—

1973 2377 2128 2446 sequi
2180 2391 2304 2444 qua:
2359 2376 2658 2437 desiderat,
2696 2374 2789 2444 qui
2828 2374 2898 2428 ab
2948 2373 3106 2427 initio
3165 2371 3564 2427 controvcr~i-.e

1971 2471 2043 2527 ob
2096 2469 2355 2540 iniuriam
2420 2469 2618 2524 divinis
2655 2468 2891 2523 decretis
2947 2467 3191 2534 illatam,
3220 2466 3561 2537 deponitur?

2043 2655 2188 2725 Quin
2242 2665 2296 2712 ct
2345 2657 2736 2726 imperatorum
2795 2653 3029 2709 lleraclii
3100 2661 3156 2708 et
3210 2651 3561 2708 Constantini

1975 2751 2211 2816 novella,
2252 2765 2350 2806 nec
2418 2750 2760 2820 episcopum,
2793 2763 2893 2803 nec
2947 2747 3235 2814 clericum,
3273 2762 3373 2801 nec
3443 2762 3564 2800 ruo-

1973 2843 2236 2906 nachum,
2270 2857 2368 2910 pro
2400 2857 2564 2898 causa
2606 2840 2918 2910 pecuniaria
2953 2840 3032 2894 vel
3077 2838 3346 2894 criminali
3376 2853 3566 2894 coram

1974 2937 2122 2993 civili
2171 2937 2252 2991 vel
2293 2935 2512 2990 militari
2545 2935 2732 3004 judice
2788 2935 2910 2990 sisti
2959 2934 3229 2999 decernit,
3285 2933 3378 2988 sed
3441 2943 3563 2986 tan-

1977 3039 2092 3085 tutn
2137 3046 2324 3085 coram
2375 3031 2612 3100 propriis
2661 3028 2958 3100 episc0pis,
2986 3028 3069 3084 vel
3101 3025 3562 3098 metrOpolitauis,

1977 3123 2076 3188 νει·
2124 3123 2475 3194 patriarcliis.
3329 3111 3338 3119 ’

2047 3299 2218 3352 Porro
2289 3297 2501 3353 novella
2571 3297 2923 3370 imperatoris
2981 3296 3180 3363 Alexu',
3216 3297 3275 3352 Si
3336 3296 3559 3352 divisio.

1972 3389 2170 3463 inquit,
2236 3393 2376 3447 inter
2437 3391 2714 3462 litigantes
2765 3391 2948 3451 fuerit.
2983 3405 3288 3459 eorumque
3363 3389 3499 3443 alter
3532 3403 3562 3443 e

1973 3495 2118 3541 statu
2161 3485 2410 3540 saeculari
2471 3485 2562 3543 sit.
2596 3484 2735 3540 alter
2768 3499 2900 3539 vero
2961 3500 3120 3540 sacro
3186 3484 3335 3539 clero
3385 3482 3563 3537 adnu-

1975 3591 2238 3646 meretur,
2272 3589 2426 3636 actor
2485 3580 2542 3635 in
2595 3595 2660 3634 eo
2694 3594 2824 3635 casu
2868 3577 2948 3634 rei
3009 3578 3125 3632 toro
3178 3575 3406 3630 omnino
3436 3575 3565 3628 Sub-

1972 3675 2219 3746 jicietur,
2260 3685 2316 3731 et
2362 3676 2743 3747 unusquisque
2790 3675 2856 3728 ad
2903 3673 3174 3745 judicium
3228 3671 3564 3727 conveniens

1977 3769 2228 3822 accedet.

2047 3856 2270 3914 Judiccs
2306 3859 2371 3914 ad
2417 3875 2558 3929 quos
2599 3857 2764 3914 datur
2805 3856 3109 3935 appellatio.
3154 3856 3407 3927 majores
3444 3870 3565 3912 esse

1977 3956 2193 4015 Oportet
2252 3945 2318 4003 iis
2375 3948 2469 4016 qui
2521 3949 2590 4002 ab
2645 3947 2798 4002 initio
2843 3947 3192 4015 judicabant.

2047 4037 2240 4094 Omnis
2306 4038 2451 4093 actio
2519 4055 2641 4108 quae
2706 4038 2908 4093 domui
2949 4037 3251 4092 venerabili
3307 4038 3566 4092 convenit

1980 4126 2035 4180 in
2073 4129 2444 4198 quadraginta
2473 4144 2648 4184 annos
2690 4129 3025 4184 extenditur.
3058 4129 3269 4184 Etenim
3308 4145 3410 4199 pro
3441 4130 3566 4184 diu-

1982 4221 2164 4276 turnis
2189 4221 2701 4292 praescriptionibus
2756 4222 2820 4277 10
2857 4231 2910 4277 et
2954 4222 3026 4276 20
3059 4231 3112 4276 et
3135 4221 3207 4277 50
3265 4237 3561 4284 annorum,

1981 4311 2187 4366 sanctis
2216 4311 2564 4380 Ecclesiis,ct
2589 4315 2716 4370 aliis
2747 4315 3001 4370 omnibus
3036 4315 3364 4368 venerandis
3402 4314 3560 4377 locis,

1982 4406 2155 4460 solam
2191 4405 2259 4460 60
2317 4421 2587 4462 annorum
2622 4407 3084 4478 praescriptionem
3136 4407 3254 4462 dari
3302 4406 3562 4462 concedi-

1984 4511 2132 4553 mus.
2165 4496 2308 4551 Idem
2346 4499 2675 4553 observatur
2708 4511 2761 4555 et
2792 4502 2846 4554 in
2903 4502 3204 4571 legatorum
3247 4499 3560 4562 exactione,

299 4587 366 4652 τῇ
418 4584 719 4654 ἀπαιτήσει
759 4587 869 4638 τῶν
911 4587 1154 4654 λεγάτων
1197 4591 1294 4642 καὶ
1332 4589 1444 4642 τῶν
1478 4591 1870 4662 κληρονομιῶν,

1989 4592 2039 4637 et
2088 4583 2470 4640 haereditatum
2537 4587 2589 4639 in
2627 4588 2747 4655 pios
2804 4605 2937 4644 usus
2995 4587 3331 4644 relictarum.
3371 4586 3564 4655 Quaere

301 4675 408 4727 τῶν
442 4675 522 4736 είς
549 4677 770 4740 ἀσεϐεῖς
805 4677 988 4741 αἰτίας
1021 4681 1562 4752 καταλελειμμένων.
1588 4684 1757 4755 Ζήτει-
1779 4683 1876 4739 καὶ

300 4767 358 4820 ἐν
385 4765 466 4840 τῶ
484 4765 538 4836 η’
570 4783 694 4833 κεφ.
733 4769 829 4822 τοῦ
858 4770 915 4823 Μ
938 4770 1236 4840 στοιχείου.

367 4859 722 4927 Μονάστριαν
782 4860 817 4931 ἢ
872 4863 1179 4934 ἀσκήτριαν
1232 4863 1304 4916 δι’
1336 4865 1599 4936 οὐδεμίαν
1644 4869 1878 4939 ἀγωγὴν

301 4949 700 5024 συγχωροῦμεν
743 4953 1083 5024 ἀφέλκεσθαι
1129 4957 1196 5009 ἐκ
1238 4957 1350 5011 τῶν
1401 4959 1548 5014 ἰδίων
1603 4978 1876 5032 μοναστη-

339 5043 452 5097 ίων.

339 5063 452 5097 ιων.

301 5063 332 5114 ρ
369 5135 530 5188 Πᾶσα
594 5134 890 5204 ὑπόθεσις,
939 5140 1113 5210 χωρὶς
1169 5141 1282 5195 τῶν
1334 5142 1417 5213 μὴ’
1473 5143 1876 5214 ἐπιδεχομένων

301 5226 624 5297 ὑπέρθεσιν,
655 5228 910 5300 ἐκκλήτῳ
939 5230 1230 5287 ὑπόκειται
1271 5233 1370 5304 ούχ
1401 5233 1572 5302 ἅπαξ,
1603 5233 1742 5289 ἀλλά
1777 5238 1874 5291 καὶ

301 5321 402 5383 δίς.

368 5413 702 5476 Κελεύοντος
748 5415 1036 5485 ἄρχοντος,
1095 5417 1328 5481 δικαιως
1375 5420 1682 5489 νεμόμεθα,
1732 5421 1760 5474 ὁ
1817 5421 1875 5474 δὲ

300 5502 551 5574 ἀνάρχως
583 5507 644 5560 τὸ
677 5507 808 5561 ίδιον
832 5507 1168 5578 ἀφελόμενος
1192 5510 1447 5564 ἐκπίπτει
1473 5512 1663 5569 αὐτοῦ.

369 5685 449 5738 Τά
477 5687 662 5751 κακῶς
689 5689 950 5758 κριθέντα
981 5691 1076 5744 καὶ
1107 5693 1450 5760 τυπωθὲντα,
1489 5693 1609 5746 οὔτε
1659 5693 1871 5765 χρόνος,

302 5773 421 5827 οὔτε
453 5777 637 5844 νόμος,
663 5778 789 5831 οὔτε
821 5779 1082 5850 συνήθεια
1112 5782 1341 5849 βεϐαιοῖ.

371 5865 714 5942 βισπίζομεν
769 5870 962 5933 μηδενὶ
1028 5869 1251 5936 ἐξεῖναι,
1298 5873 1391 5926 τοῦ
1451 5871 1872 5939 τελευτήσαντος

1989 4670 2234 4728 etiamin
2267 4689 2392 4744 cap.
2431 4674 2465 4730 8
2504 4675 2696 4732 litterae
2722 4676 2798 4733 Μ.

2020 4858 2356 4914 'M‘onialem
2403 4860 2486 4914 vel
2539 4859 2846 4914 ascetriam'
2888 4860 2960 4914 ob
3018 4860 3223 4914 nullam
3291 4861 3561 4917 actionem

1987 4964 2057 5005 ex
2103 4951 2458 5008 monasteriis
2503 4953 2621 5008 suis
2665 4952 2878 5007 extrahi
2935 4952 3326 5024 permittimus.

2055 5130 2248 5186 Omnis
2286 5145 2476 5196 causa,
2504 5131 2750 5202 exceptis
2802 5133 2870 5188 iis
2929 5149 3052 5204 quae
3084 5135 3396 5190 dilationem
3453 5150 3565 5188 non

1989 5227 2306 5294 admittunt,
2349 5227 2700 5297 appellationi
2762 5210 3166 5298 subjucetinon
3221 5229 3412 5291 scmcl,
3465 5230 3558 5284 sed

1987 5319 2092 5374 bis.

2058 5414 2270 5471 Indicis
2292 5417 2448 5486 jussu
2470 5417 2619 5488 juste
2648 5420 2989 5488 possidemus
3013 5437 3135 5489 qua:
3158 5419 3311 5472 nobis
3336 5434 3398 5471 ex
3434 5433 3559 5488 par-

1989 5510 2182 5563 titione
2213 5509 2469 5562 cveuiunt
2501 5525 2516 5574 ;
2553 5510 2648 5577 qui
2680 5525 2810 5563 vero
2842 5511 2961 5564 sine
2995 5509 3149 5564 venia
3177 5508 3378 5577 judicis
3412 5508 3558 5576 quod

1987 5616 2146 5655 Suum
2198 5609 2284 5654 est
2350 5599 2554 5663 aufert,
2591 5617 2657 5655 eo
2696 5602 2919 5656 excidit.

2058 5689 2189 5755 Qua:
2271 5691 2413 5744 male
2478 5690 2720 5760 judicata
2779 5700 2831 5744 et
2883 5690 3130 5746 ordinata
3206 5696 3558 5756 snnt,m-qne

1991 5789 2222 5845 trtnpns,
2259 5795 2356 5831 nec
2397 5779 2504 5838 lex,
2541 5795 2639 5831 nec
2687 5777 3024 5830 consuetudo
3084 5775 3388 5829 contis-mat.

2062 5872 2354 5929 Sunt-imus
2388 5871 2518 5926 nulli
2551 5868 2943 5939 liceretnortui
3000 5867 3159 5935 illius,
3194 5868 3274 5922 vel
3304 5881 3556 5934 uxorem,
