3902 6620
272 366 277 370 ’
338 387 480 456 1935

1539 402 1907 462 MA'I‘TlL‘EI
1947 403 2378 466 BLASTARIS

3458 389 3612 456 1236

326 510 414 594 vel
442 509 710 577 haeredes,
749 509 836 568 vel
896 525 1216 582 sponsores,
1251 523 1543 585 antequam
1599 531 1794 571 novem
1832 517 1914 572 lu-

2044 521 2143 582 οὺς
2169 521 2374 589 γονεῖς,
2404 518 2437 591 ἢ
2478 519 2580 592 τήν
2611 518 2868 588 γυναῖκα,
2896 513 2929 585 ἢ
2964 512 3090 576 τοὺς
3128 509 3530 583 κληρονόμους,
3567 513 3603 581 ἢ

328 613 452 656 ctus
483 599 692 657 deliniti
728 603 848 659 dies
872 604 1009 675 lapsi
1045 605 1271 671 fuerint,
1307 623 1594 672 accusare,
1621 618 1716 667 aut
1748 625 1914 665 vexa-

329 709 413 756 re,
447 692 530 748 vel
589 695 657 749 ad
709 695 982 766 judicium
1054 701 1293 764 trahere,
1327 701 1447 765 sive
1477 703 1700 757 nomine
1735 702 1909 757 debiti

330 799 360 837 a
393 793 614 841 mortuo
647 789 940 852 contracti,
975 791 1091 846 sive
1119 792 1190 847 ob
1221 793 1384 848 aliam
1405 793 1645 864 aliquam
1679 809 1906 850 causam

330 879 396 932 ad
455 880 746 950 praedictas
806 899 1074 952 personas
1139 888 1358 958 proprie
1435 897 1804 958 spectantem.
1847 887 1908 943 Si

330 968 456 1036 quis
516 985 648 1025 vero
685 972 822 1028 intra
855 987 1048 1028 novem
1082 974 1202 1032 dies
1246 976 1599 1047 sponsionem
1639 978 1903 1048 aliquam,

331 1061 414 1112 vel
466 1063 836 1130 promissum‘,
875 1065 961 1120 vel
992 1065 1403 1138 lidejussionem
1437 1072 1687 1140 accipere
1737 1085 1910 1128 ausus

332 1151 518 1217 fuerit,
554 1153 670 1209 haec
736 1157 920 1213 omnia
979 1158 1135 1214 irrita
1188 1177 1309 1217 esse
1342 1164 1716 1230 decernimus;
1753 1162 1907 1216 insu—

332 1258 430 1312 per
488 1254 543 1300 et
597 1259 815 1305 actores
881 1251 1066 1308 debito
1128 1263 1182 1310 et
1226 1256 1442 1310 actione
1500 1270 1729 1326 prorsus
1777 1255 1912 1312 alie-

335 1336 478 1391 nari.
514 1337 667 1404 Quod
737 1340 785 1396 si
865 1343 1162 1416 quisquam
1242 1358 1518 1402 mortuum
1581 1347 1922 1412 calumniare

335 1431 619 1487 convictus
668 1431 854 1503 fuerit,
893 1446 1160 1507 quantum
1203 1439 1273 1495 ab
1323 1457 1389 1496 eo
1439 1442 1759 1510 postulavit,
1796 1451 1917 1497 tan-

335 1529 449 1578 tum
503 1525 817 1585 lizeredibus
869 1531 987 1600 ejus
1028 1535 1223 1600 solvat;
1258 1546 1381 1604 post
1432 1536 1550 1591 dies
1622 1551 1754 1592 vero
1813 1552 1914 1590 no-

337 1631 457 1670 vem
488 1619 725 1688 elapsos,
759 1623 804 1676 si
835 1625 960 1694 quis
992 1640 1180 1682 contra
1223 1629 1322 1683 has
1354 1642 1622 1697 personas
1665 1628 1920 1684 actiones.

336 1708 549 1780 aliquas
596 1712 815 1794 habeat,
843 1731 937 1772 eas
989 1719 1291 1774 secundum
1346 1720 1492 1790 leges
1560 1720 1848 1790 producat.

2009 611 2139 674 τοὺς
2193 611 2495 686 ἐγγυητὰς,
2533 610 2644 682 πρὸ
2687 609 2790 682 τῆς
2843 607 2954 662 τῶν
3003 607 3159 660 ὲννια
3194 604 3420 676 ήμερῶν
3461 622 3608 676 προ-

2012 700 2249 771 θεσμίας
2301 704 2400 758 τοῦ
2454 702 2709 769 πένθους,
2771 697 3049 756 αἰτιᾶσθαι
3077 696 3110 768 ἢ
3139 697 3524 769 παρενοχλεῖν,
3567 697 3605 766 ἢ

2009 798 2092 860 είς
2130 797 2492 867 δικαστήριον
2541 795 2746 859 ἕλκειν,
2787 794 2899 848 εἴτε
2932 791 3162 859 ὀνόματι
3200 789 3397 859 χρέους
3446 791 3610 859 παρά

2008 888 2104 942 τοῦ
2139 889 2570 960 τελευτήσαντος
2602 885 3010 957 καταγομένου,
3039 885 3150 937 είτε
3179 882 3346 952 ἄλλης
3377 878 3611 934 alatoon

2013 980 2193 1044 αἰτίας
2228 981 2386 1051 χάριν
2434 982 2514 1042 είς
2553 979 2624 1034 τὰ
2658 974 3105 1049 μνημονευθέντα
3148 972 3333 1036 ίδικῶς
3381 970 3611 1042 ὁρώσης

2015 1073 2308 1144 πρόσωπα.
2341 1075 2405 1128 Ei
2447 1073 2504 1127 δὲ
2547 1072 2697 1137 me;
2739 1071 2848 1124 τῶν
2879 1069 3039 1123 ἐννέα
3077 1065 3301 1138 ἡμερῶν
3335 1063 3618 1132 τολμήσει.

2017 1163 2142 1217 τινὰ
2175 1164 2492 1234 ὁμολογίαν,
2537 1162 2570 1234 ἢ
2608 1164 2926 1232 ὑπόσχεσιν,
2956 1161 2988 1230 ἢ
3023 1157 3231 1227 ἐγγύην
3271 1153 3402 1224 παρ’
3433 1150 3608 1208 αὑτοῦ

2019 1256 2378 1328 κομίσασθαι,
2419 1259 2595 1312 ταῦτα
2637 1256 2818 1310 πάντα
2855 1253 3131 1323 ἀνίσχυρα
3161 1244 3305 1302 εἶναι
3343 1245 3614 1310 θεσπίζο-

2023 1365 2156 1422 μεν·
2196 1350 2257 1403 ού
2303 1349 2410 1420 μὴν
2441 1349 2582 1406 ἀλλὰ
2617 1352 2715 1402 καὶ
2744 1345 2840 1401 τοῦ
2871 1347 3069 1418 χρέους
3104 1342 3199 1396 καὶ
3240 1341 3340 1409 τῆς
3376 1339 3613 1407 ἀγωγῆς

2018 1441 2304 1507 παντελῶς
2351 1443 2482 1507 τοὺς
2530 1435 3300 1510 ἐνάγονταςάλλοτριοῦσθαι.
3337 1433 3399 1486 El
3429 1433 3486 1485 δέ
3525 1448 3615 1495 τις

2020 1535 2376 1604 συκοφαντῶν
2425 1535 2719 1606 ἐλεγχθείη
2748 1534 2839 1586 τὸν
2871 1531 3258 1600 ἀποιχόμενον,
3297 1526 3424 1580 ὅσον
3471 1523 3616 1594 παρ’

2015 1625 2229 1680 ἐκείνου
2279 1627 2506 1698 ἀπῄτει,
2538 1625 2796 1682 τοσοῦτον
2849 1620 3280 1678 καταϐαλλέσθω
3324 1619 3437 1694 τοζς
3477 1615 3600 1684 κλη-

2016 1716 2269 1786 ρονόμοις
2290 1719 2503 1772 ἐκείνου
2526 1733 2541 1750 ο
2579 1719 2722 1787 μετὰ
2743 1716 2800 1770 δὲ
2828 1715 2928 1784 τὴν
2954 1714 3066 1768 τῶν
3092 1711 3247 1766 ὲννέα
3271 1707 3615 1780 παρέλευσιν

334 1809 584 1879 ἡμερῶν,
619 1812 673 1865 et
695 1829 774 1876 τις
815 1814 956 1869 κατὰ
987 1815 1092 1869 τῶν
1121 1816 1383 1872 τοιούτων
1417 1816 1726 1890 προσώπων
1764 1814 1916 1878 τινας
1954 1811 2104 1884 ἔχειν
2152 1815 2428 1883 νομίσειεν
2458 1814 2706 1884 ἀγωγὰς,
2740 1812 2949 1872 ταύτας
2999 1808 3145 1863 κατά
3215 1807 3342 1869 τοὺς
3405 1804 3614 1874 νόμους

336 1901 751 1975 ὲγγυμναζέτω.
1561 1979 1570 1985 ⁸

643 1997 721 2052 οε
767 1999 1041 2070 judicibus
1125 2006 1625 2073 compromissariis.

409 2086 595 2142 Canon
651 2089 720 2144 99
773 2090 1058 2162 Carthag..
1093 2092 1148 2147 Si
1191 2095 1283 2164 qui
1361 2097 1677 2165 appellavit,
1717 2096 1918 2166 inquit,

336 2175 551 2245 judices
593 2177 839 2248 elegerit,
872 2190 926 2236 et
964 2197 1088 2236 cum
1139 2184 1234 2238 illo
1279 2185 1326 2240 is
1374 2201 1598 2256 quoque
1647 2187 1923 2242 adversus

342 2284 505 2337 quem
562 2272 874 2341 appellavit,
908 2275 978 2328 ab
1030 2274 1115 2329 his
1156 2275 1414 2346 deinceps
1468 2279 1604 2334 nulli
1638 2279 1924 2349 appellare

345 2361 526 2418 liceat.
553 2362 608 2418 Si
631 2363 776 2419 enim
809 2365 920 2436 99
945 2381 1012 2420 ex
1045 2368 1326 2424 communi
1349 2384 1646 2438 consensu,
1687 2371 1928 2443 qnicon-

345 2459 670 2514 troversiam
702 2461 842 2517 inter
889 2477 948 2518 se
978 2463 1203 2531 habent,
1234 2464 1454 2537 judices
1479 2467 1706 2540 eligant,
1738 2485 1770 2525 a
1802 2485 1928 2524 sen-

348 2549 514 2605 tentia
572 2551 641 2607 ab
683 2553 749 2610 iis
798 2555 907 2610 lata
957 2571 1259 2627 provocare
1295 2573 1404 2614 non
1451 2559 1657 2616 licebit.

417 2821 617 2878 Eadem
673 2840 847 2880 canon
913 2827 1017 2886 H2
1081 2829 1352 2898 decernit,
1399 2847 1604 2902 eosque
1661 2832 1760 2904 qui
1814 2849 1930 2906 non,

345 2922 563 2984 parent,
589 2919 862 2988 segregari
886 2917 1062 2988 jubet.

1048 3010 1229 3081 Leges.

417 3096 636 3169 Arbiter
661 3111 822 3169 prout
849 3101 954 3157 sibi
983 3103 1197 3159 videtur
1225 3104 1554 3161 sententiam
1590 3104 1759 3176 dicit;
1789 3123 1929 3180 qua-

346 3190 451 3246 lem
479 3202 665 3247 autem
692 3195 838 3250 dicat
875 3198 1092 3265 praetori
1127 3213 1276 3253 curae
1305 3214 1416 3254 non
1452 3208 1557 3255 est.

421 3286 547 3342 Sive
574 3303 750 3359 aqua,
782 3288 1113 3361 siveiniqua
1145 3291 1218 3347 sit
1244 3290 1435 3349 arbitri
1480 3295 1778 3360 sententia.
1811 3311 1930 3350 0m-

347 3379 477 3434 nino
508 3381 662 3436 ﬁrma
705 3391 910 3439 manet.

417 3473 460 3526 A
490 3474 760 3529 sententia
805 3475 998 3531 arbitri
1039 3478 1346 3548 appellandi
1383 3479 1686 3537 necessitas
1739 3479 1932 3536 remit-

347 3575 505 3619 tatur.

417 3655 896 3726 Compromissum
919 3659 1139 3730 judicio
1169 3657 1452 3717 ordinario
1483 3662 1795 3734 proximum
1821 3675 1926 3728 est,

347 3759 400 3804 et
436 3749 502 3803 ad
543 3749 814 3808 ﬁniendas
855 3752 976 3810 lites
998 3753 1260 3824 pertinet.

422 3837 501 3893 Ex
533 3841 944 3911 compromisso.
962 3854 1145 3899 autem
1199 3843 1448 3914 exceptio
1476 3861 1586 3901 non
1644 3846 1928 3920 competit,

350 3931 444 3988 sed
470 3947 644 4004 paenae
673 3934 864 4004 petitio

422 4024 479 4080 Si
515 4027 624 4081 duo
649 4027 762 4083 sint
798 4029 1016 4096 arbitri,
1038 4038 1092 4086 et
1112 4029 1462 4097 dissentiant,
1492 4041 1766 4106 coguntur
1822 4042 1932 4090 ter-

352 4117 487 4174 tium
517 4118 812 4190 quemdam
841 4120 1066 4192 eligere,
1090 4133 1144 4178 et
1175 4123 1409 4180 arbitrio
1444 4124 1568 4196 ejus
1619 4135 1788 4183 stare.

422 4288 541 4366 Non
570 4300 629 4357 lit
663 4303 868 4358 arbiter
891 4318 1016 4360 cum
1038 4303 1340 4375 juramenti
1380 4307 1672 4373 cautione;
1705 4309 1798 4364 sed
1826 4309 1936 4364 liti-

353 4404 545 4462 gantcs
574 4411 668 4451 eos
698 4413 822 4451 cum
859 4412 1020 4468 paena
1058 4397 1281 4468 eligant,
1312 4412 1367 4454 et
1420 4416 1646 4457 necesse
1673 4401 1934 4468 habeant,

351 4486 436 4541 vel
503 4489 788 4543 sententia:
857 4491 1230 4561 acquiescere,
1267 4491 1352 4546 vel
1411 4493 1639 4548 multam
1680 4493 1814 4551 dare
1867 4496 1936 4551 de

354 4597 461 4654 qua
489 4582 664 4641 amba;
692 4593 876 4656 partes
902 4585 1045 4640 inter
1080 4600 1139 4640 se
1171 4587 1582 4643 consenserint.

355 4861 667 4942 promiserit
693 4869 876 4918 autem
905 4861 1026 4931 quis
1070 4862 1382 4918 sententiae.
1415 4874 1583 4930 stare,
1617 4865 1936 4922 indetermi-

355 4961 484 5007 nate
535 4960 766 5014 tenetur.
805 4949 1220 5007 Validissimum
1277 4960 1458 5008 autem
1497 4963 1601 5022 est,
1629 4955 1776 5026 quod
1825 4971 1939 5013 me-

356 5044 517 5098 minit
545 5043 742 5112 capitis
769 5043 837 5098 de
868 5043 1015 5101 dolo.

356 5156 509 5221 CAP.
546 5153 678 5211 Vill.
711 5154 828 5229 [X].
859 5155 936 5212 De
959 5159 1550 5283 ορὶεοορὶἓβιιςίοτὶοἱε
1604 5162 1667 5216 ob
1709 5163 1934 5218 crimina

998 5245 1095 5282 sua
1129 5247 1184 5283 ιιι
1226 5247 1306 5283 ica
1335 5248 1402 5283 ιε.

998 5245 1095 5282 sua
1117 5245 1402 5298 judicans.

428 5318 618 5373 Canon
653 5317 724 5372 74
749 5325 926 5373 sanet.
973 5325 1176 5386 apost.,
1235 5318 1535 5390 Episcopus
1587 5336 1617 5375 a
1645 5321 1780 5376 viris
1830 5323 1938 5390 lide

359 5406 539 5482 dignis
562 5421 852 5466 accusatus
879 5412 944 5465 ad
976 5409 1250 5478 Ecclesiae,
1295 5413 1498 5484 inquit,
1547 5413 1785 5470 tribunal
1845 5430 1940 5470 ne-

361 5505 606 5566 cessario
642 5504 826 5558 vocari
859 5505 1043 5572 debet,
1093 5505 1309 5562 duobus
1356 5507 1632 5577 episcopis
1688 5507 1755 5561 ad
1813 5524 1936 5564 eum

360 5595 583 5663 missis;
619 5605 672 5651 et
695 5597 738 5651 si
767 5596 952 5651 statim
1002 5598 1270 5668 paruerit,
1302 5607 1356 5653 et
1382 5598 1616 5655 crimina
1647 5599 1748 5654 sibi
1781 5601 1940 5670 obje-

362 5673 448 5741 cta
484 5687 698 5744 diluere
732 5705 842 5744 non
879 5675 1086 5754 valens,
1110 5691 1457 5756 conﬁteatur,
1513 5692 1603 5748 vel
1655 5695 1941 5749 convictus

364 5777 460 5840 sit,
492 5778 677 5834 debila
709 5781 756 5834 ei
776 5798 952 5853 poma
986 5783 1285 5854 inlligatur.
1323 5784 1381 5839 Si
1430 5799 1558 5838 vero
1609 5785 1794 5844 statim
1827 5802 1932 5840 non

366 5873 628 5942 paruerit,
656 5884 738 5931 ter
768 5889 1024 5947 vocetur;
1082 5880 1166 5936 sin
1219 5888 1403 5936 autem
1453 5879 1509 5934 in
1571 5877 1940 5937 inobedicntia

2427 1995 2565 2064 Περὶ
2601 1991 2908 2048 δικαστῶν
2947 1985 3218 2056 αἱρετῶν.

2107 2096 2168 2150 '0
2214 2091 2311 2162 ις’
2343 2091 2442 2162 τῆς
2480 2091 2539 2142 ὲν
2571 2085 2905 2160 Καρθαγένῃ
2951 2080 3171 2134 συνόδου
3219 2075 3419 2138 κανὼν,
3484 2071 3613 2126 Ἐὰν

2022 2188 2366 2257 ἐπιλέξηται,
2401 2183 2589 2253 φησὶν,
2621 2181 2649 2233 ὁ
2690 2175 3135 2244 ὲκκαλεσάμενος
3171 2169 3465 2231 δικαστὰς,
3511 2164 3610 2257 καλ.

2026 2277 2338 2358 μετάύτοῦ
2366 2275 2619 2335 κάκεῖνος
2649 2269 2772 2324 καθ’
2792 2261 2854 2321 οὗ
2876 2263 3260 2331 ἐξεκαλέσατο,
3285 2257 3381 2312 τοῦ
3413 2256 3614 2310 λοιποῦ

2023 2348 2133 2434 ἀπὸ
2185 2371 2395 2427 τούτων
2445 2367 2640 2438 μηδενὶ
2686 2353 2890 2436 ἐξέστω
2921 2355 3294 2414 ἐκκαλεῖσθαι.
3339 2351 3470 2404 Ἐὰν
3509 2348 3612 2417 γὰρ

2027 2468 2170 2526 κατά
2223 2463 2414 2534 κοινὴν
2473 2459 2700 2529 γνώμην
2753 2457 2804 2510 oi
2860 2455 3018 2523 δίκην
3077 2450 3294 2521 ἔχονης
3344 2445 3486 2517 πρὸς
3521 2443 3616 2498 ἀλ-

2025 2561 2226 2631 λήλους
2286 2555 2519 2609 ἕλωνται
2577 2548 2874 2610 δικαστὰς,
2944 2545 3045 2598 οὐκ
3115 2542 3332 2608 ἐξέσται
3394 2538 3612 2631 τούτοις

2027 2628 2174 2708 κατὰ
2228 2650 2333 2721 τῆς
2384 2643 2769 2716 ἐξενεχθείσης
2826 2637 2958 2710 ⁴παρ’
3015 2635 3196 2692 αὐτῶν
3248 2628 3629 2688 ἐκκαλεῖσθαι-

2026 2748 2358 2894 ψήξίἓυαύτά
2392 2834 2487 2890 καὶ
2519 2831 2550 2886 ὁ
2583 2829 2704 2905 ρκβ⁹
2737 2824 3066 2899 ψηφίζεται,
3099 2818 3351 2887 καὶτοὺς
3382 2816 3464 2887 μὴ
3499 2830 3613 2868 πει-

2029 2933 2299 3006 θομένους
2325 2927 2689 3002 ἀφορίζεσθαι
2722 2924 2884 2990 ἀξιοῖ.

2712 3018 2920 3086 Νόμοι.

2113 3121 2174 3174 Ὅ
2200 3117 2417 3189 αἱρετὸς
2466 3110 2728 3183 δικαστὴς
2767 3110 2829 3164 τὸ
2857 3105 3049 3162 δοκοῦν
3089 3103 3241 3172 αὐτῷ
3282 3097 3608 3172 ψηφίζεται,

2031 3213 2129 3267 καὶ
2162 3213 2221 3264 οὐ
2258 3205 2714 3280 πολυπραγμονεῖ
2742 3203 2841 3272 τὴν
2873 3201 3054 3270 ψῆφον
3081 3197 3110 3250 ὁ
3138 3194 3418 3266 πραίτωρ.

2105 3305 2231 3360 Elea
2261 3301 2471 3362 δικαία,
2510 3299 2620 3351 εἴτε
2662 3294 2845 3356 ἄδικός
2884 3297 3034 3348 ἐστιν
3069 3291 3104 3361 ὴ
3141 3287 3234 3341 τοῦ
3282 3282 3510 3356 αἱρετοῦ
3538 3282 3612 3334 δι·

2033 3396 2238 3454 καστοῦ
2266 3395 2470 3465 ψῆφος,
2505 3389 2703 3460 βεϐαία
2735 3387 2888 3458 μένει
2924 3383 3180 3438 καθόλου.

2101 3490 2205 3562 Μὴ
2237 3489 2429 3559 χρείαν
2471 3484 2646 3555 ὲχέτω
2682 3478 2953 3549 ὲκκλήτου
2993 3475 3028 3547 ή
3065 3473 3160 3529 τοῦ
3191 3468 3412 3545 αἱρετοῦ
3461 3469 3614 3523 δικα-

2035 3581 2163 3637 στοῦ
2186 3579 2484 3648 ἀπόφασις.

2103 3675 2178 3729 Τὸ
2230 3672 2450 3744 αῑρετὸν
2503 3665 2858 3736 δικαστήριον
2916 3662 3064 3715 ἔοικε
3113 3659 3292 3730 κυρίῳ
3355 3656 3617 3725 δικαστη-

2035 3771 2159 3842 ρίῳ,
2201 3767 2296 3820 καὶ
2331 3764 2529 3834 ἀνήκει
2581 3758 2722 3831 πρὸς
2769 3755 2831 3812 te
2882 3751 3257 3824 περατοῦσθαι
3300 3749 3400 3842 τὰς
3433 3748 3610 3842 δίκας.

2034 3840 2148 3932 Οὐχ
2179 3857 2410 3929 ἁρμόζει
2454 3854 2511 3908 δὲ
2544 3852 2604 3916 ἐξ
2631 3848 2798 3906 αὐτοῦ
2847 3844 3218 3918 παραγραφὴ,
3247 3841 3386 3898 ἀλλὰ
3417 3840 3611 3908 ποινῆς

2034 3950 2356 4020 ἀπαίτησις.

2117 4042 2240 4097 Ἐὰν
2267 4038 2361 4094 δύο
2402 4032 2536 4093 ὦσιν
2573 4033 2785 4106 αἱρετοὶ⁵
2815 4029 3092 4093 δικασταὶ,
3127 4030 3222 4082 καὶ
3263 4023 3608 4097 διχονοιῖισιν,

2035 4133 2441 4205 ἀναγκάζονται
2493 4129 2591 4185 καὶ
2618 4128 2802 4200 τρίτον
2830 4125 2956 4180 τινὰ
3001 4119 3378 4188 ἐπιλέξασθαι,
3424 4119 3519 4172 καὶ
3546 4116 3610 4184 τῇ

2036 4227 2204 4282 αὐτοῦ
2229 4226 2489 4296 ὶμμετναι
2512 4219 2835 4290 δοκιμασίᾳ.

2108 4321 2184 4377 ού
2224 4320 2437 4389 γίνεται
2490 4315 2708 4386 αἱρετὸς
2750 4307 3013 4379 δικαστὴς
3051 4304 3191 4378 μετὰ
3222 4305 3323 4374 τῆς
3351 4303 3414 4368 ἐξ
3437 4304 3610 4372 ὅρκων

2037 4410 2366 4482 ἀσφαλείας,
2399 4407 2539 4462 ἀλλά
2572 4405 2712 4476 μετά
2738 4405 2928 4472 ποινῆς
2955 4400 3155 4462 αὐτοὺς
3184 4398 3235 4456 oi
3264 4396 3610 4463 δικαζόμενοι

2039 4501 2508 4572 ὁπιλεγέσθωσαν,
2537 4497 2633 4552 καὶ⁵
2667 4497 2917 4564 ἀνάγκην
2959 4492 3236 4562 ἐχέτωσαν
3284 4489 3317 4558 ἢ
3353 4486 3614 4557 ἐμμένειν

2038 4601 2106 4669 τῇ
2145 4596 2336 4668 ψήφῳ,
2378 4591 2412 4664 ἢ
2448 4591 2510 4644 τὸ
2547 4589 2851 4660 πρόστιμον
2901 4584 3129 4649 διδόναι,
3179 4583 3375 4636 ὁπόσον
3423 4579 3492 4632 ἂν
3544 4575 3610 4630 τά

1968 4705 2012 4760 ι)
2045 4692 2188 4764 μέρη
2217 4687 2510 4762 ἀμφότερα
2539 4681 3007 4754 συμφωνήσωσιν.

424 4765 574 4823 Licet
633 4783 793 4838 poena
866 4769 1268 4839 compromisso
1321 4770 1532 4844 adjecta
1584 4787 1694 4829 non
1751 4772 1936 4841 fuerit,
2005 4793 2016 4796 ·

2226 4781 2302 4853 μὴ
2342 4779 2590 4848 ἔγκειται
2643 4771 2805 4842 ποινὴ
2861 4770 2941 4840 τῷ
2993 4765 3202 4838 αἱρετῷ
3249 4761 3609 4833 δικαστηρίῳ,

2039 4875 2372 4948 ὁμολογήσει
2425 4871 2483 4924 δέ
2527 4884 2613 4931 τις
2672 4865 2937 4955 ἐμμένειν
2980 4865 3050 4933 τῇ
3086 4861 3268 4955 Δψήφῳ
3291 4897 3308 4923 ,
3361 4859 3608 4955 manu:

2041 4947 2334 5033 ἀορίστως.
2377 4957 2764 5028 Πληρέστατον
2807 4954 2864 5008 δέ
2896 4954 3014 5006 ἐστι
3049 4949 3112 5003 τὸ
3146 4947 3491 5022 μνημονεῦον
3520 4947 3608 4999 τοῦ

2039 5052 2340 5122 κεφαλαίου
2379 5051 2474 5104 τοῦ
2514 5049 2671 5102 δόλου
2683 5089 2696 5102 .

2045 5164 2298 5238 ΚΕΦΑᾼ.
2335 5161 2406 5238 ῐζῐξ
2438 5159 2542 5233 [l'].
2587 5159 2729 5238 ῌερι
2759 5157 2881 5238 τῷν
2903 5155 3306 5238 δικαζομένων
3331 5154 3608 5238 διὀίκεῖα

2218 5229 2572 5304 ἐγκλήματα
2595 5229 2946 5284 ἐπισκόπων
2984 5229 3082 5284 καὶ
3112 5229 3439 5295 κληρικῶν.

2125 5329 2183 5382 '0
2210 5325 2280 5380 06'
2315 5325 2423 5378 τῶν
2458 5324 2630 5392 ἁγίων
2667 5320 2985 5376 ἀποστόλων
3019 5320 3199 5375 κανὼν
3255 5320 3348 5373 τὸν
3377 5333 3607 5387 κατηγο-

2043 5421 2282 5494 ρηθέντα
2339 5417 2643 5472 ἐπίσκοπον
2693 5415 2831 5485 πρὸς
2879 5413 3187 5483 ἀνθρώπων
3238 5413 3602 5479 ἀξιοπίστων.

2040 5516 2136 5566 ἐπὶ
2164 5513 2228 5566 τὸ
2255 5511 2354 5581 τῆς
2400 5507 2730 5578 Ἑκκλησίας
2779 5507 3100 5574 ἀναγκαίως
3138 5508 3338 5576 χρῆναι
3373 5521 3602 5574 μετακα-

2039 5607 2252 5662 λεῐσθαί
2289 5621 2423 5674 φησι
2463 5603 2844 5670 δικαστήριον,
2877 5598 2970 5651 δύο
3003 5599 3320 5652 ἐπισκόπων
3341 5596 3428 5651 ἐπ’
3452 5595 3602 5649 αύτδν

2045 5698 2439 5768 στελλομένων·
2469 5696 2573 5748 κᾶν
2605 5694 2705 5762 μὲν
2736 5692 2899 5754 εὐθὺς
2940 5693 3257 5752 ὑπακούσας
3297 5687 3603 5760 παραγένη-

2047 5808 2160 5852 ται,
2194 5789 2291 5842 καὶ
2330 5787 2404 5856 μὴ
2435 5781 2544 5848 οἷός
2577 5802 2635 5838 τε
2661 5783 2738 5838 ὢν
2770 5781 3151 5838 ἀποδύσασθαι
3173 5783 3242 5837 τὰ
3267 5781 3600 5851 ἐγκλήματα,

2050 5880 2360 5952 ὁμολογήσῃ
2393 5878 2424 5949 ἢ
2467 5877 2723 5950 ἐλεγχθῇ,
2753 5875 3035 5948 ὁρίζεσθαι
3060 5876 3120 5929 τὸ
3159 5875 3440 5946 προσῆκον
3465 5869 3600 5938 αὐτῷ
