3774 6560
385 313 524 377 1239

1569 314 1942 377 MATTHIEI
1981 314 2402 378 BLASTARIS

3458 324 3564 391 1240

380 427 538 495 isque
571 426 695 485 aliis
729 427 923 486 vicinis
944 426 1215 500 episcopis
1241 441 1460 483 causam
1495 427 1811 480 examinare
1853 441 1948 495 per

2066 427 2157 480 τῶν
2179 427 2582 497 ἀστυγειτόνων
2603 427 2932 495 ἐπισκόποις
2948 429 3048 502 τὴν
3069 427 3312 496 ἐξέτασιν
3330 431 3417 502 τῆς
3439 435 3560 511 δίκης

388 519 586 590 scripta
615 521 976 587 mandaverit,
1034 520 1325 590 episcopus
1380 533 1508 574 vero
1556 517 1624 572 ab
1671 517 1741 574 iis
1782 517 1947 571 etiam

2066 516 2139 572 5ιά
2181 518 2404 589 γραφῆς
2432 519 2848 590 ἐπιτρέψαντος,
2881 521 2976 575 τοῦ
3025 520 3083 574 δέ
3137 519 3232 575 καὶ
3277 521 3374 576 ὑπὸ
3400 527 3562 584 τούτων

387 610 671 667 damnatus
689 627 884 668 rursus
899 612 1364 668 examinationem
1399 608 1733 681 quaesiverit,
1758 608 1802 664 si
1832 621 1952 679 quae

387 703 534 772 prius
564 704 807 773 jndicata
841 714 972 761 sunt
1013 719 1164 775 papa:
1194 703 1442 761 suilicere
1463 702 1774 765 videantur,
1832 700 1952 770 epi-

387 809 676 864 scoporum
707 797 974 853 sententia
1006 807 1125 852 rata
1154 797 1246 853 sit.
1281 795 1338 851 Si
1391 811 1521 850 vero
1555 795 1603 850 ei
1665 794 1953 863 episcopus

385 901 577 943 rursus
623 888 955 959 jndicandus
1004 891 1160 948 visus
1189 888 1373 954 fuerit,
1402 889 1692 943 damnatus
1735 885 1802 941 ad
1841 884 1954 938 Ro-

387 993 532 1034 mam
579 979 731 1034 abire
778 997 846 1036 ne
890 990 1138 1052 cogatur,
1167 981 1261 1038 sed
1303 995 1440 1051 papa
1470 979 1800 1052 presbyteris
1848 977 1951 1034 sibi

385 1073 696 1142 conjunctis
724 1088 880 1128 suam
919 1081 1238 1143 potestatem
1264 1075 1424 1138 dans,
1447 1088 1650 1143 eosque
1679 1072 1788 1127 illic
1821 1085 1946 1127 cum

387 1161 630 1234 regionis
678 1164 950 1235 episcopis
981 1165 1238 1230 mittens,
1268 1165 1698 1222 controversiam
1750 1163 1956 1221 exami-

389 1255 508 1309 nari
542 1255 783 1321 mandet,
811 1264 864 1310 et
891 1256 971 1312 sic
1007 1255 1241 1327 pcrl'ec1a
1266 1256 1666 1314 iiatsententia.

456 1522 627 1578 Porro
653 1538 829 1579 canon
878 1524 943 1581 l9
973 1541 1092 1597 syn.
1131 1526 1386 1597 Carthag.
1407 1567 1422 1592 ,
1481 1526 1586 1595 Qui
1615 1529 1951 1600 episcopum,

386 1615 589 1686 inquit,
624 1627 868 1681 accusat,
894 1633 1078 1673 coram
1111 1619 1352 1689 regionis
1398 1621 1631 1691 primate
1685 1621 1952 1677 actionem

387 1711 672 1766 instituere
697 1709 887 1778 debet;
918 1711 964 1767 is
996 1727 1126 1768 vero
1144 1713 1237 1783 qui
1256 1723 1544 1770 accusatur
1585 1723 1710 1770 ante
1737 1717 1951 1785 plenam

387 1803 712 1858 sententiam
755 1819 782 1858 a
809 1804 1073 1875 dignitate
1104 1819 1202 1861 sua
1231 1819 1338 1860 non
1371 1805 1711 1861 excludetur.
1745 1805 1801 1862 Si
1825 1820 1954 1862 vero

301 1949 308 1960 ,
388 1894 584 1950 litteris
613 1895 678 1950 ad
699 1895 967 1965 judicium
1001 1906 1245 1964 vocetur,
1267 1905 1322 1953 et
1351 1897 1513 1952 unius
1551 1898 1754 1954 mensis
1782 1899 1953 1953 inter-

384 1986 555 2051 vallo,
586 2001 652 2042 ex
687 2002 804 2058 quo
828 1988 1034 2044 litteras
1067 1991 1360 2061 acceperit,
1407 2003 1514 2045 non
1577 1989 1834 2057 adiuerit,
1898 1991 1954 2048 in

387 2093 602 2148 poenam
637 2080 1023 2137 inobedientiae
1078 2092 1420 2154 segregatur,
1476 2097 1577 2137 nec
1611 2083 1662 2138 ei
1707 2083 1956 2142 ministe-

387 2169 529 2222 rium
559 2168 778 2238 aliquod
800 2184 1019 2225 sacrum
1049 2170 1318 2240 attingere
1341 2171 1542 2226 licebit.
1569 2171 1725 2238 Quod
1757 2173 1801 2227 si
1827 2187 1950 2228 eum

389 2273 418 2312 a
455 2260 638 2314 causis
669 2259 994 2316 necessariis
1041 2275 1224 2316 revera
1251 2262 1500 2333 impediri
1528 2271 1810 2319 ostensum
1836 2262 1954 2316 lue-

389 2349 481 2415 rit,
517 2350 657 2406 alius
685 2351 734 2405 ei
770 2355 973 2407 mensis
995 2351 1272 2409 dilationis
1293 2354 1491 2420 datur;
1543 2366 1653 2424 quo
1691 2353 1880 2423 elapso
1906 2351 1954 2424 si

388 2459 496 2498 non
533 2445 768 2510 venerit,
791 2460 820 2498 a
845 2444 1084 2500 lidelium
1105 2446 1492 2502 communione
1511 2446 1747 2516 ejicitur,
1781 2446 1954 2501 donec

387 2551 508 2606 quae
543 2535 646 2606 ipsi
676 2536 890 2608 objecta
915 2548 1066 2601 sunt,
1104 2538 1565 2595 terminabuntur.
1605 2537 1702 2594 Sin
1767 2546 1951 2592 autem

387 2641 446 2682 se
463 2643 561 2683 nec
579 2642 762 2683 coram
785 2629 1079 2700 provinciae
1115 2629 1375 2696 exarcho,
1408 2645 1508 2687 nec
1527 2645 1711 2687 oetam
1744 2629 1955 2701 synodo

386 2719 762 2775 anniversaria
810 2721 1005 2777 sistere
1052 2724 1350 2787 curaverit,
1409 2723 1526 2794 ipse
1583 2722 1849 2778 adversus
1891 2737 1951 2777 se

387 2812 710 2868 sententiam
731 2813 878 2877 tulit,
932 2813 1260 2884 depositioni
1287 2815 1589 2886 subjectus.
1649 2815 1956 2872 Accusator

388 2916 518 2957 vero
547 2902 663 2957 siin
691 2902 898 2972 judicio
923 2913 1123 2975 praesto
1164 2903 1349 2970 fuerit,
1407 2906 1791 2962 communione
1843 2920 1952 2960 non

387 2994 882 3065 interdicitur;sin
918 3011 1047 3052 vero
1077 2998 1178 3053 sub
1201 3007 1463 3068 praetextu
1498 3013 1559 3053 se
1607 2997 1951 3063 subduxerit,

2053 609 2562 676 καταδικασθέντος,
2599 608 2757 677 αὖθις
2785 629 2850 681 γε
2895 611 3000 684 μὴν
3029 611 3404 683 ἐπιζητοῦντος
3422 616 3565 681 ἐξέτα-

2054 719 2158 769 σιν,
2201 703 2250 757 εί
2283 704 2385 773 μὲν
2417 703 2480 759 τά
2519 704 2618 775 ἤδη
2646 705 2905 775 κριθέντα
2937 705 3130 776 ἀρκεῖν
3157 706 3184 758 6
3217 704 3430 770 πάππας
3450 711 3566 778 νομι-

2054 813 2160 859 σει,
2195 796 2256 848 τδ
2287 795 2454 865 κῦρος
2510 796 2544 867 ὴ
2593 795 2702 850 τῶν
2749 795 3068 850 ἐπισκόπων
3123 795 3292 865 ἐχέτω
3322 797 3564 865 ἀπόφασις.

2054 883 2119 938 Ei
2148 884 2204 938 δέ
2229 885 2322 938 καὶ
2357 880 2516 950 αὖθις
2542 886 2800 957 κριθῆναι
2827 885 2920 940 τδν
2952 885 3276 946 ἐπίσκοπον*
3307 884 3565 956 δοκιμάσει,

2055 974 2133 1046 μὴ
2161 975 2556 1045 ἀναγκαζέσθω
2585 979 2612 1032 6
2640 976 3062 1038 καταδικασθεὶς
3091 975 3173 1039 είς
3213 974 3421 1044 Ῥώμην
3447 977 3567 1030 6mi-

2053 1083 2164 1133 ναι,
2180 1067 2316 1121 ἀλλά
2331 1068 2433 1139 τὴν
2463 1068 2598 1122 ίδίαν
2625 1070 2653 1123 6
2681 1069 2918 1130 πάππας
2945 1067 3207 1143 ἐξουσίαν.
3230 1066 3566 1137 πρεσϐυτέροις

2049 1159 2164 1213 τῶν
2193 1160 2545 1214 οἰκειοτάτων
2571 1158 2720 1232 αύτῷ
2750 1160 3021 1227 δεδωκὼς,
3050 1159 3148 1214 καὶ
3186 1158 3402 1228 πέμψας
3430 1160 3568 1213 ἐκεῖσε

2058 1251 2198 1322 μετὰ
2229 1251 2338 1306 τῶν
2367 1251 2651 1322 ἐγχωρίων
2679 1251 3016 1314 ἐπισκόπων,
3048 1249 3119 1304 τά
3158 1247 3262 1319 τῆς
3314 1247 3572 1316 ὑποθέσεως

2055 1341 2410 1412 ἐξετασθῆναι
2438 1341 2777 1408 κελευσάτω,
2816 1342 2912 1398 καὶ
2939 1339 3084 1397 οὕτω
3131 1339 3313 1394 τελεία
3342 1339 3570 1411 66:69a-

2055 1451 2142 1499 σις
2171 1435 2435 1504 γενέσθω.

2139 1527 2202 1584 Ὀ
2238 1527 2296 1582 δέ
2338 1529 2402 1583 ιθ⁸
2440 1529 2539 1600 τῆς
2568 1530 2626 1582 ἐν
2666 1527 3025 1600 Καρθαγένῃ,
3060 1525 3169 1580 Τδν
3216 1522 3577 1595 κατηγοροῦντα

2055 1619 2376 1687 ἐπίσκοπον,
2416 1621 2566 1692 παρά
2589 1621 2666 1693 τῷ
2692 1622 2792 1690 τῆς
2820 1619 3006 1693 χώρας
3046 1619 3118 1674 τά
3156 1616 3350 1688 πρῶτα
3376 1615 3578 1686 φέροντι,

2054 1711 2152 1783 τὴν
2184 1714 2519 1785 κατηγορίαν
2544 1713 2644 1776 δεῖ,
2680 1713 2865 1782 φησιν,
2890 1713 3130 1781 ἐνιστᾷν·
3160 1710 3188 1763 6
3216 1708 3272 1762 δέ
3298 1725 3360 1776 γε
3383 1725 3579 1778 κατηγο-

2057 1804 2322 1879 ρούμενος
2356 1806 2462 1876 πρὸ
2487 1806 2589 1876 τῆς
2620 1805 2834 1869 τελείας
2865 1805 3200 1873 ἀποφάσεως
3238 1801 3337 1870 τῆς
3369 1800 3485 1864 ίδίας
3519 1817 3580 1853 τι-

2057 1899 2166 1969 μῆς
2191 1899 2294 1952 οὐκ
2317 1898 2690 1952 ἀποκλείεται.
2722 1897 3028 1968 Γράμμασι
3065 1895 3253 1966 μέντοι
3275 1892 3480 1960 κληθεὶς
3507 1894 3580 1945 ἐπὶ

2055 1991 2116 2045 τὸ
2147 1990 2522 2062 δικαστήριον,
2556 1992 2605 2044 εί
2641 1989 2716 2061 μὴ
2748 1989 3117 2058 ἀπαντήσειεν
3139 1987 3260 2048 ἐνὸς
3283 1985 3582 2056 παραρρυέν-

2055 2098 2147 2145 τος
2173 2080 2363 2151 μηνὸς,
2394 2079 2455 2146 ἐξ
2483 2081 2607 2135 ὅτου
2632 2081 2699 2132 τὰ
2727 2079 3036 2151 γράμματα
3068 2078 3309 2143 ἐδέξατο,
3334 2077 3410 2139 είς
3430 2078 3583 2144 ποινὴν

2054 2173 2156 2244 τῆς
2181 2173 2464 2238 ἀπειθείας
2487 2172 2836 2242 ἀφορίζεται,
2874 2172 2950 2244 μὴ
2983 2171 3102 2237 ἐξὸν
3139 2169 3288 2240 αύτῷ
3320 2170 3585 2241 ἱερουργίας

2055 2266 2300 2336 ἅψασθαι
2334 2265 2694 2335 ὁπουδήποτε.
2736 2266 2798 2318 Ei
2832 2265 2889 2318 δέ
2926 2262 3145 2334 ἀληθῶς
3171 2262 3280 2316 ύπδ
3317 2261 3588 2330 ἀναγκαίων

2056 2357 2249 2412 αίτιῶν
2293 2356 2530 2428 δειχθείη
2585 2355 2954 2426 κωλυόμενος,
2991 2355 3180 2424 ἕτερος
3215 2353 3324 2424 μὴν
3365 2353 3437 2415 είς
3476 2369 3586 2424 προ·

2058 2446 2287 2518 θεσμίαν
2309 2449 2458 2520 αύτῷ
2497 2449 2720 2505 δίδοται.
2760 2449 3080 2518 Ἐξήκοντος
3107 2448 3164 2502 δὲ
3191 2449 3288 2500 καὶ
3320 2445 3519 2510 τούτου,
3539 2445 3588 2498 ἂν

2061 2543 2138 2614 μὴ
2162 2543 2451 2614 ἀφίκηται,
2478 2545 2577 2614 τῆς
2599 2543 2710 2598 τῶν
2738 2543 2946 2596 πιστῶν
2967 2541 3257 2603 κοινωνίας
3280 2537 3586 2602 ἐκϐάλλεται,

2060 2635 2254 2706 μέχρις
2291 2637 2358 2691 ἂν
2386 2636 2454 2690 τὰ
2486 2635 2609 2689 κατ’
2647 2633 2813 2688 αὐτοῦ
2837 2633 3142 2705 λαληθέντα
3170 2631 3396 2701 δέξηται
3431 2630 3587 2699 πέρας.

2054 2728 2209 2798 Μήτε
2235 2727 2291 2781 δέ
2331 2728 2470 2798 πρὸς
2508 2729 2599 2781 τὸν
2621 2727 2722 2797 τῆς
2748 2726 3021 2798 ἐπαρχίας
3067 2724 3321 2794 ἔξαρχον,
3357 2723 3482 2792 μήτε
3505 2720 3589 2790 μὴν

2057 2821 2193 2889 πρὸς
2209 2821 2306 2892 τὴν
2326 2819 2556 2889 ἐτησίως
2579 2819 2880 2889 γενομένην
2904 2816 3124 2870 σύνοδον
3146 2813 3440 2884 ἀφικέσθαι
3460 2828 3590 2882 φρον-

2055 2912 2232 2974 τίσας.
2263 2910 2427 2973 αὐτὸς
2461 2910 2581 2964 καθ’
2608 2908 2804 2965 ἐαυτοῦ
2835 2907 2932 2980 τὴν
2965 2909 3123 2978 δίκην
3146 2906 3458 2977 ἐξήνεγκεν,
3487 2903 3593 2954 ὓπο-

2057 3001 2279 3072 ϐληθεὶς
2307 3000 2650 3072 καθαιρέσει.
2689 3000 2748 3054 '0
2779 3000 2962 3070 μέντοι
2992 2998 3330 3068 κατήγορος,
3361 2996 3434 3064 τῷ
3467 2993 3594 3048 δικα-

388 3085 504 3156 ipse
525 3088 742 3158 quidem
775 3099 1116 3159 segregatur,
1152 3090 1521 3161 etepiscopus
1575 3089 1953 3161 segregatione

2066 3094 2271 3166 στηρίῳ
2315 3093 2694 3165 ἐνδιατρίϐων,
2743 3109 2844 3161 της
2893 3091 3184 3153 κοινωνίας
3211 3090 3311 3142 οὒκ
3345 3089 3593 3158 εἴργεται·

387 3180 639 3236 solvitur.
666 3182 972 3239 Ustendens
1003 3192 1185 3238 autem
1222 3198 1282 3238 se
1311 3197 1417 3238 non
1449 3198 1514 3237 ex
1550 3192 1836 3254 praetextu,
1866 3181 1958 3236 sed

387 3273 698 3329 rationabili
723 3273 791 3328 de
822 3289 985 3330 causa
1019 3275 1282 3341 abfuisse,
1305 3275 1577 3331 actionem
1610 3289 1828 3330 movere
1853 3288 1960 3327 non

390 3365 792 3436 prohibebitur.
824 3366 984 3434 Quod
1016 3369 1062 3424 si
1107 3368 1354 3424 moribus
1381 3376 1668 3439 suspectus
1688 3366 1961 3428 sit,accu-

389 3457 654 3513 sationem
684 3459 836 3530 ιοι
863 3476 987 3530 quae
1009 3461 1250 3530 episcopi
1269 3460 1584 3530 dignitatem
1605 3457 1842 3526 attingit,
1875 3457 1960 3509 in-

389 3550 619 3606 stituere
643 3552 690 3605 ei
714 3553 1044 3620 permiSsum
1074 3569 1184 3607 non
1207 3552 1342 3618 erit;
1365 3552 1608 3605 actiones
1623 3563 1754 3604 vero
1782 3548 1963 3619 priva-

388 3653 472 3696 tas
495 3651 548 3697 et
573 3643 913 3712 pecuniarias
965 3653 1157 3700 contra
1199 3644 1376 3714 ipsum
1409 3657 1628 3698 movere
1677 3655 1789 3696 non
1829 3653 1961 3710 pro-

391 3731 684 3787 hibebitur.
717 3731 916 3788 Verum
943 3734 1102 3792 hodie
1129 3735 1442 3806 prastitutze
1475 3732 1781 3790 vocationis
1841 3731 1960 3788 dies

391 3825 571 3880 locum
599 3839 708 3880 non
750 3825 973 3882 habent.

1113 4097 1240 4154 Lex.

461 4188 772 4247 Secundum
807 4205 939 4248 vero
972 4191 1237 4247 novellam
1279 4189 1572 4246 clarissimi
1615 4187 1963 4260 imperatoris

389 4279 678 4349 Manuelis,
715 4299 812 4354 per
849 4284 954 4339 tria
1005 4283 1228 4354 triginta
1269 4283 1484 4338 dierum
1529 4282 1731 4347 edicta,
1774 4295 1964 4336 omnes

389 4381 600 4428 actores
623 4381 679 4428 et
710 4373 786 4428 rei
817 4381 1198 4439 accersuntur,
1223 4372 1600 4442 cujuscunque
1627 4370 1738 4424 sint
1763 4378 1959 4434 status,

388 4472 442 4518 et
469 4465 996 4538 cujusmodicunque
1021 4479 1189 4521 causa
1225 4464 1406 4520 fuerit.

457 4639 631 4697 Porro
658 4657 760 4698 nec
787 4657 911 4698 ean.
938 4641 1006 4698 88
1036 4643 1321 4715 permittit,
1348 4650 1405 4697 ut
1430 4642 1721 4714 episcopus
1751 4641 1841 4712 qui
1872 4656 1960 4696 ac—

387 4745 615 4790 cusatus
645 4735 731 4790 vel
762 4746 1078 4805 segregatus
1109 4736 1304 4800 luerit,
1336 4736 1403 4790 ab
1431 4734 1746 4804 episcopatu
1777 4735 1961 4801 expel-

388 4829 554 4892 latur,
603 4828 779 4885 donec
823 4845 946 4900 qua:
992 4829 1041 4883 ei
1091 4829 1305 4900 objecta
1357 4839 1484 4885 sunt
1526 4827 1738 4898 judicio
1785 4828 1958 4883 soluta

387 4921 610 4979 iuerint.

462 5014 669 5070 Eadem
703 5029 825 5073 can.
861 5016 928 5072 16
958 5031 1081 5087 syn.
1113 5029 1234 5084 quae
1265 5014 1438 5084 prima
1469 5021 1522 5080 et
1552 5013 1792 5069 secunda
1827 5013 1962 5069 dici-

387 5115 480 5161 tur
507 5117 690 5176 aperte
741 5106 952 5174 statuit,
980 5106 1179 5176 jubens
1207 5105 1475 5161 neminem
1505 5103 1750 5159 ordinari
1779 5104 1834 5158 in
1865 5105 1964 5160 Ec-

387 5197 649 5265 clesiam,
698 5201 856 5268 cujus
905 5200 1196 5269 episcopus
1247 5199 1426 5254 adhuc
1473 5199 1664 5254 vivens
1717 5199 1959 5253 nondum

387 5290 609 5359 proprio
651 5291 856 5348 honore
895 5293 1053 5362 plene
1095 5303 1275 5347 motus
1314 5291 1497 5355 fuerit,
1535 5291 1788 5361 quamvis
1825 5305 1963 5346 non-

387 5383 523 5438 nulli
565 5383 791 5438 crimina
835 5385 886 5440 ei
927 5385 1228 5447 intentant,
1270 5393 1324 5440 et
1365 5384 1479 5453 ipse
1520 5383 1706 5439 animo
1751 5383 1963 5454 abjecto

387 5475 530 5532 forte
572 5479 1029 5534 renuntiationem
1075 5479 1284 5533 fecerit.
1335 5476 1450 5531 Hoc
1492 5478 1635 5532 enim
1678 5478 1964 5533 seditionis

387 5578 443 5621 et
475 5570 743 5624 tumultus
770 5584 934 5624 causa
963 5579 1067 5625 est.
1098 5570 1307 5626 Debent
1337 5578 1518 5623 autem
1547 5569 1729 5624 clerici
1763 5569 1963 5639 impro-

387 5659 612 5716 bitatem
650 5663 703 5717 in
738 5662 984 5718 omnium
1020 5661 1206 5717 odium
1243 5663 1613 5718 incurrentem
1649 5660 1875 5724 evitare,
1909 5673 1963 5719 et

392 5754 650 5813 canonice
685 5771 805 5828 qua
837 5757 886 5813 ei
924 5757 1138 5828 objecta
1171 5765 1299 5814 sunt
1331 5756 1668 5825 examinare,
1704 5767 1763 5813 et
1794 5757 1838 5814 si
1878 5773 1961 5813 rce

2062 3187 2425 3257 ὑποχωρήσας
2455 3185 2510 3238 δέ
2543 3185 2685 3238 κατά
2714 3201 2835 3237 τινα
2869 3184 3092 3253 σκῆψιν,
3118 3181 3281 3243 αὐτὸς
3315 3179 3413 3250 μὲν
3440 3177 3600 3247 ἀφορῖ-

2061 3279 2235 3344 ζεται,
2267 3278 2294 3330 6
2315 3294 2376 3344 γε
2406 3277 2512 3348 μὴν
2535 3277 2834 3339 ἐπίσκοπος
2855 3275 2947 3329 τοῦ
2970 3272 3284 3344 ἀφορισμοῦ
3311 3270 3598 3325 ἀπολύεται.

2059 3369 2251 3434 Δείξας
2279 3367 2336 3422 δέ
2363 3369 2439 3440 μὴ
2472 3368 2612 3422 κατὰ
2649 3367 2872 3436 σκῆψιν,
2903 3365 3018 3420 ἀλλ’
3052 3365 3108 3431 ἐξ
3141 3362 3324 3424 αἰτίας
3352 3357 3601 3427 εὐπροσώ-

2061 3479 2166 3518 που
2190 3463 2494 3533 γενομένην
2526 3461 2626 3530 τὴν
2660 3460 3034 3531 ὑποχώρησιν,
3069 3460 3163 3510 καὶ
3188 3455 3345 3517 αὖθις
3373 3451 3465 3523 τὴν
3494 3450 3603 3503 ὑπὸ·

2060 3555 2212 3608 θεσιν
2250 3556 2422 3608 κινεῖν
2455 3554 2517 3608 ού
2551 3552 2842 3606 κωλύεται.
2871 3551 2933 3604 Εἰ
2977 3551 3033 3603 δέ
3063 3545 3489 3618 διαϐεϐλημένος
3533 3542 3604 3609 εἴη

2060 3649 2187 3710 τοὺς
2229 3647 2489 3718 τρόπους,
2541 3644 2879 3716 κατηγορίαν
2911 3641 3010 3712 μέν
3047 3641 3145 3710 τῆς
3185 3636 3487 3709 ἱερωσύνης
3526 3630 3605 3683 τοῦ

2059 3739 2365 3794 ἐπισκόπου
2419 3737 2843 3807 καθαπτομένην
2881 3735 3066 3804 λέγειν
3109 3732 3174 3786 οὺ
3226 3728 3605 3798 συγχωρεῖται,

2065 3831 2199 3894 ιδίας
2228 3830 2286 3884 δὲ
2329 3831 2423 3884 καὶ
2456 3831 2808 3900 χρηματικὰς
2837 3821 2960 3880 κατ’
2992 3823 3160 3878 αύτοῦ
3198 3823 3368 3874 κινεῖν
3402 3817 3605 3885 ἀγωγὰς

2063 3923 2124 3976 ού
2157 3920 2448 3976 κωλύεται.
2487 3918 2632 3973 Ἀλλ’
2657 3919 2756 3989 ούχ
2786 3919 2931 3972 οὕτω
2975 3914 3144 3970 τανῦν
3190 3913 3249 3966 αί
3295 3907 3608 3982 προθεσμίαι

2062 4012 2163 4084 τῆς
2189 4012 2435 4084 κλήσεως
2461 4011 2570 4065 τῶν
2600 4010 2825 4084 ἡμερῶν
2855 4011 3118 4080 γίνονται.

2731 4105 2948 4172 Νόμος.

2134 4196 2295 4252 Κατά
2323 4196 2381 4251 δέ
2423 4212 2488 4266 γε
2536 4197 2636 4268 τὴν
2678 4195 2882 4264 νεαρὰν
2934 4191 3032 4246 τοῦ
3077 4189 3327 4260 ἀοιδίμου
3369 4182 3609 4258 βασιλέως

2061 4287 2346 4360 Μανουὴλ,
2385 4286 2474 4341 διά
2516 4286 2683 4357 τριῶν
2714 4283 3195 4356 παραγγελμάτων
3234 4274 3610 4351 τριακονθημέ-

2067 4394 2180 4447 ρων
2215 4375 2654 4447 μετακαλοῦνται
2682 4376 2885 4437 πάντες
2907 4372 3196 4441 ἐνάγοντές
3231 4387 3289 4422 τε
3320 4369 3411 4420 καὶ
3440 4363 3613 4430 ἐναγό-

1987 4462 2040 4520 Ι)
2069 4486 2243 4540 μενοι,
2281 4462 2383 4524 κᾶν
2431 4470 2548 4532 οἵας
2581 4463 2686 4523 ὦσι
2734 4466 3143 4531 καταστάσεως,
3195 4460 3301 4517 κᾶν
3350 4459 3460 4521 οἵας
3565 4453 3616 4506 νδ

2067 4562 2236 4633 ῑγκλη
2247 4581 2322 4632 μα
2347 4562 2680 4625 ὑποθέσεως.
2925 4627 2928 4630 ς

2152 4655 2294 4710 Ἀλλ’
2319 4655 2431 4710 οὐδ’
2457 4658 2486 4709 6
2534 4662 2625 4725 πη¹
2653 4653 2941 4724 ἐπιτρέπει
2976 4652 3067 4706 τὸν
3102 4649 3208 4704 ὑπὸ
3241 4638 3612 4715 κατηγορίανῆ

2067 4746 2374 4818 ἀφορισμδν
2446 4745 2742 4815 γενόμενον
2798 4745 3099 4798 ἐπίσκοπον
3170 4742 3271 4806 τῆς
3333 4731 3614 4798 ἐπισκοπῆς

2069 4840 2417 4907 ἐξωθεῖσθαι,
2446 4838 2551 4901 ἐως
2575 4837 2642 4891 ἂν
2665 4837 2726 4890 τὸ
2754 4837 2878 4890 κατ’
2900 4835 3068 4889 αὑτοῦ
3102 4832 3240 4903 λυθῇ
3267 4828 3613 4909 δικαστήριον.

2141 5025 2223 5080 Τὰ
2253 5023 2390 5079 αύτά
2423 5023 2519 5076 καὶ
2550 5023 2578 5076 6
2606 5021 2683 5086 ις’
2701 5022 2802 5091 τῆς
2827 5017 3127 5089 λεγομένης
3153 5021 3202 5069 α’
3225 5014 3318 5069 καὶ
3352 5012 3396 5082 β’
3416 5006 3614 5063 συνόδου

2069 5116 2252 5173 κανὼν
2284 5116 2472 5185 σαφῶς
2516 5114 2884 5177 διατάττεται,
2938 5109 3014 5180 μὴ
3061 5101 3482 5178 χειροτονεῖσθαί
3508 5113 3617 5151 τινα

2071 5207 2308 5262 κελεύων
2339 5207 2419 5268 είς
2469 5204 2792 5272 ἐκκλησίαν,
2825 5197 2892 5274 ἧς
2925 5205 2952 5254 6
2971 5189 3274 5261 ἐπίσκοπος
3301 5196 3379 5249 ἔτι
3409 5190 3614 5263 περιὼν,

2069 5297 2225 5353 ούπω
2257 5300 2358 5368 τῆς
2417 5295 2555 5359 ίδίας
2605 5296 2808 5359 τελέως
2860 5293 3167 5363 ἀπεκινήθη
3209 5290 3396 5361 τιμῆς,
3443 5287 3483 5340 εί
3531 5281 3618 5336 καὶ

2071 5393 2211 5465 πρός
2260 5409 2427 5445 τινων
2465 5390 2558 5442 ἐπὶ
2591 5389 2934 5457 ἐγκλήμασιν
2967 5387 3188 5458 ῂτιάθη,
3222 5385 3317 5436 καὶ
3369 5376 3616 5465 μικροψυξ

2071 5463 2247 5552 Χῆσας
2267 5479 2398 5540 ἴσως
2419 5477 2754 5547 παραίτησιν
2786 5476 3108 5545 ἐποιήσατο.
3133 5473 3386 5534 Στάσεως
3407 5469 3502 5538 γὰρ
3533 5463 3620 5517 καὶ

2071 5573 2321 5640 ταραχῆς
2365 5570 2540 5622 αίτιον
2575 5566 2730 5620 τοῦτό
2758 5584 2846 5635 γε.
2883 5568 2974 5620 Δεῖ
3010 5567 3069 5620 δὲ
3111 5565 3237 5626 τοὺς
3271 5566 3368 5635 τῆς
3407 5559 3618 5626 Ἐκκλη-

2074 5668 2195 5725 σίας
2243 5660 2423 5714 πᾶσάν
2444 5677 2507 5725 γε
2526 5659 3089 5729 φιλαπεχθημοσύνην
3109 5657 3341 5728 μάλιστα
3367 5653 3618 5724 περιΐσταο

2075 5755 2222 5823 σθαι,
2256 5756 2390 5810 ἀλλὰ
2426 5753 2732 5817 κανονικῶς
2775 5752 2844 5808 τὰ
2893 5753 3012 5809 κατ’
3041 5751 3204 5805 αὑτὸν
3254 5743 3619 5815 ἑξετάζεσθαμ
