3774 6542
141 385 248 452 illi

1045 381 1456 444 SYNTAGMA
1499 343 2128 448 ALPHABETtCUM.
2151 412 2215 424 —
2243 385 2304 449 Δ.

3200 369 3342 457 tstz

135 509 212 563 καὶ
235 500 434 559 είκατά
454 498 614 570 λόγον
640 497 675 570 ή
709 496 1046 570 παραίτησις
1080 500 1348 569 ἐγεγόνει,
1377 501 1409 570 ἢ
1443 516 1657 555 κανονιο

1814 503 2037 562 untiatio
2076 505 2223 574 justa
2265 507 2358 573 sit,
2402 516 2501 564 aut
2539 509 2803 567 canonice
2842 517 3064 582 propter
3103 511 3337 574 crimina

135 601 224 662 κῶς
245 595 326 652 διὰ
354 594 418 647 τὰ
441 592 767 663 ἐγκλήματα
798 592 1106 666 καθῃρέθη,
1135 591 1443 663 τηνικαῦτα
1473 593 1663 663 ἕτερον

134 694 199 754 είς
229 687 320 757 τὴν
339 683 642 755 ἐπισκοπὴν
668 682 1146 754 προχειρίζεσθαι.
1192 683 1356 736 Ἀλλὰ
1376 683 1472 736 καὶ
1504 683 1558 736 ετ
1579 700 1664 748 τις

133 785 181 837 ἐν
204 782 260 851 τῇ
299 778 400 846 ίδίᾳ
429 779 564 846 τιμῇ
617 775 801 839 καλῶς
856 775 1164 846 ἱδρυμένος,
1216 775 1292 846 μὴ
1333 776 1424 830 τὸν
1467 776 1667 829 οἰκεῖον

134 873 280 930 ἐθέλοι
307 867 611 938 ποιμαίνειν
639 869 792 932 λαδν,
838 867 976 923 ἀλλά
1020 868 1120 937 τῆς
1165 868 1376 930 οἰκείας
1421 867 1665 930 ἀποστὰς

135 966 360 1033 ποίμνης,
381 961 520 1032 ὑπὲρ
546 959 608 1014 τδ
631 960 903 1031 ἑξάμηνον
926 962 983 1014 ἐν
1006 961 1178 1031 ἐτέρῳ
1203 959 1470 1031 διατρίϐοι
1491 960 1662 1028 τόπῳ,

137 1059 196 1130 μή
213 1072 344 1118 τινος
369 1053 668 1123 ἀναγκαίου
696 1055 1105 1124 κατείργοντος,
1127 1053 1225 1125 τὴν
1249 1052 1344 1108 τοῦ
1364 1053 1665 1108 ἐπισκόπου

133 1152 274 1221 τιμὴν
295 1148 387 1202 καὶ
421 1147 688 1217 καθέδραν
720 1147 949 1210 δικαίως
977 1147 1438 1218 ἀφαιρεθήσεται.

199 1238 252 1292 '0
271 1236 324 1290 δέ
353 1235 406 1293 κ’,
433 1238 532 1306 τῆς
564 1237 622 1290 ἐν
665 1237 1003 1309 Καρθαγένῃ
1052 1237 1454 1307 πρεσϐυτέροις
1493 1235 1526 1306 ἢ
1553 1234 1668 1288 δια-

132 1329 281 1392 κόνοις
309 1327 433 1396 περί
489 1343 655 1382 τινων
707 1327 1135 1398 ἐγκαλουμένοις
1187 1327 1281 1381 τὸν
1330 1327 1463 1380 ἴδιον
1487 1326 1667 1380 αὐτῶν

129 1420 397 1498 ἐπίσκοπον
428 1418 683 1488 ἐφίστησι
708 1419 993 1488 δικαστὴν,
1027 1417 1125 1472 σύν
1154 1435 1219 1487 γε
1248 1418 1456 1487 ἐτέροις
1486 1419 1550 1471 ἐκ
1569 1415 1668 1486 τῆς

132 1511 276 1579 αὐτῆς
298 1508 585 1580 ἐπαρχίας,
622 1509 718 1574 οὓς
766 1510 833 1564 ἂν
866 1509 1197 1576 ἐκλέξωνται
1242 1511 1292 1564 οί
1329 1507 1670 1579 κατηγορού-

75 1666 77 1668 η
135 1618 281 1671 μενοι,
311 1600 369 1664 ἐξ
397 1601 497 1671 μέν
531 1602 626 1655 ἐπὶ
654 1601 1073 1672 πρεσϐυτέρων,
1102 1601 1199 1657 καὶ
1225 1602 1406 1672 τρισὶν
1433 1602 1528 1655 ἐπὶ
1549 1601 1668 1654 δια-

132 1690 295 1743 κόνων.
326 1690 671 1760 Προθεσμίας
713 1689 770 1744 δέ
821 1690 915 1744 καὶ
964 1691 1314 1762 ἐπιτιμήσεις
1349 1692 1449 1756 τὰς
1495 1690 1668 1755 αὐτὰς

1764 596 2046 664 depositus
2090 597 2272 665 fuerit,
2315 610 2428 656 tum
2469 602 2636 658 alium
2678 607 2734 661 in
2774 607 3145 680 episcopatum
3187 614 3340 669 ordi-

1766 705 1918 746 nare.
1949 691 2008 746 Si
2036 693 2161 762 quis
2194 710 2321 750 vero
2350 697 2404 750 in
2438 697 2644 754 honore
2673 714 2775 754 suo
2803 712 2951 758 recte
2982 707 3336 776 constitutus,

1758 784 2025 856 populum
2063 800 2221 838 suum
2257 801 2476 855 pascere
2507 793 2863 856 recusaverit,
2895 804 2948 848 et
2979 811 3010 850 ε
3043 812 3203 869 grege
3236 815 3339 855 suo

1765 880 2052 935 discedens
2084 879 2138 934 in
2174 881 2281 935 alio
2315 882 2434 936 loco
2471 883 2613 938 ultra
2648 900 2741 939 sex
2775 901 2996 943 menses
3029 897 3340 948 comm’ora-

1769 981 1856 1028 tus
1894 973 2090 1040 fuerit,
2129 975 2277 1030 nulla
2313 977 2639 1033 necessitate
2670 989 2928 1046 coactus,
2965 981 3205 1056 episcopi
3243 987 3343 1042 lio-

1768 1081 1900 1122 nore
1927 1077 1983 1122 et
2013 1067 2270 1123 cathedra
2297 1067 2444 1140 juste
2474 1071 2794 1141 privabitur.

1837 1247 2067 1320 insuper
2096 1264 2219 1306 can.
2253 1249 2325 1305 20
2357 1265 2478 1321 syn.
2511 1248 2772 1321 Carthag.
2805 1253 3248 1325 presbyterorum
3285 1264 3342 1311 et

1766 1345 2122 1400 diaeonorum
2144 1343 2239 1413 qui
2265 1344 2625 1412 quorumdam
2644 1345 2934 1400 criminum
2955 1348 3194 1402 accusati
3220 1347 3340 1402 fne-

1767 1437 1899 1502 rint,
1931 1436 2248 1506 episcopum
2289 1437 2570 1505 proprium
2608 1437 2846 1506 iudicem
2889 1439 3195 1505 constituit,
3229 1457 3338 1496 una

1765 1545 1891 1586 cum
1929 1529 2056 1585 aliis
2093 1528 2336 1593 ejusdem
2375 1529 2670 1598 provincia!
2706 1545 2847 1599 quos
2883 1533 3127 1586 accusati
3164 1533 3343 1605 elege—
3441 1571 3450 1596 κ

1767 1619 1908 1685 rint,
1935 1633 2030 1674 sex
2057 1617 2266 1673 scilicet
2290 1627 2483 1673 contra
2514 1619 2892 1690 presbyteros,
2921 1630 2975 1676 et
3003 1621 3178 1678 tribus
3203 1638 3342 1678 con-

1767 1716 1848 1763 tra
1871 1707 2154 1762 diaconos.
2175 1704 2518 1762 Praestitutas
2539 1722 2664 1763 vero
2687 1708 2804 1764 dies
2825 1721 2876 1766 et
2901 1726 3090 1781 poenas
3113 1714 3336 1770 easdem

131 1776 248 1834 εἶναι
296 1781 390 1834 καὶ
437 1782 652 1845 τούτοις
690 1783 880 1852 σαφῶς
914 1783 1010 1836 καὶ
1059 1778 1214 1844 οὗτος
1241 1781 1516 1846 διέξεισιν,
1547 1781 1665 1845 οίας

134 1875 179 1898 ΩΙ.
215 1875 295 1898 -.-ἱ
331 1873 415 1898 1-1
456 1875 569 1898 -.”.-.
623 1874 881 1898 ι-.---ι--
899 1892 943 1898 ι-.
982 1877 1000 1898 1
1048 1873 1338 1898 _--\_£.'.-.
1388 1874 1468 1898 rm.
1515 1874 1567 1898 £1
1600 1890 1661 1898 -.ρ

1814 1816 1890 1856 ssc
1930 1799 2048 1855 vult
2090 1799 2177 1854 hic
2221 1813 2395 1853 canon
2441 1815 2505 1855 ac
2551 1815 2672 1870 quae
2718 1815 2904 1857 contra
2953 1805 3236 1876 episcopos
3281 1807 3338 1862 in

129 1875 183 1946 δή
215 1875 300 1927 καὶ
330 1873 420 1927 ἐπὶ
456 1875 571 1928 τῶν
619 1874 943 1929 ἐπισκόπων
977 1877 1005 1928 ὁ
1045 1873 1361 1944 προλαϐών.
1388 1874 1470 1928 Τὰ
1512 1874 1569 1928 δέ
1600 1890 1664 1942 γε

1814 1890 1940 1945 riori
1977 1890 2366 1946 decernuntur.
2403 1889 2755 1960 Reliquorum
2789 1903 2969 1950 autem
3007 1873 3337 1951 clericorum

127 1967 220 2019 τῶν
264 1966 459 2020 λοιπῶν
515 1967 808 2037 κληρικῶν
851 1967 1149 2038 αἰτιάματα
1201 1967 1362 2038 μόνος
1403 1969 1431 2022 ὁ
1486 1967 1666 2036 αὐτῶν

89 2077 94 2086 '
129 2057 394 2122 ἐπίσκοπος
425 2060 697 2126 ἐξετάσει,
733 2061 831 2114 καὶ
866 2061 1065 2130 πέρατι
1092 2059 1276 2124 δώσει,
1307 2058 1496 2129 φησίν.

192 2152 244 2207 '0
271 2152 324 2205 δέ
345 2151 418 2206 οθ¹
449 2152 844 2207 ἀποκλείεσθαι
873 2152 1048 2222 λέγων
1092 2153 1184 2207 τὸν
1213 2152 1499 2222 κληρικὸν,
1547 2150 1668 2214 ἐνὸς

128 2243 386 2314 ἐξήκοντος
419 2244 597 2309 ἔτους,
627 2246 722 2300 καὶ
747 2245 822 2316 μὴ
840 2245 1142 2316 δεξαμένης
1173 2245 1350 2316 πέρας
1381 2245 1478 2316 τῆς
1501 2241 1666 2298 αὑτοῦ

128 2335 428 2404 ὑποθέσεως,
464 2338 526 2392 τὸ
553 2336 650 2393 νῦν
675 2339 798 2409 ἐχον
827 2338 928 2392 οὐκ
961 2339 1195 2410 ἐνεργεῖ.

773 2455 994 2522 Νόμος.

184 2567 522 2640 Κατηγορίαν
553 2567 746 2636 ἱερέως
799 2568 973 2631 οὐδεὶς
1008 2566 1120 2621 τῶν
1151 2566 1357 2622 λαῖκῶν
1391 2566 1667 2638 ἀρχόντων

126 2661 330 2726 δικάζει,
363 2661 503 2732 πλὴν
534 2663 582 2714 εί
614 2658 1107 2731 μή-καθοσιὼσεως
1148 2657 1402 2728 ἔγκλημα
1431 2659 1464 2728 ή
1497 2674 1670 2726 κατη-

127 2754 263 2824 γορία
293 2753 562 2824 περιέχει.
624 2753 787 2821 Ζήτει
830 2753 923 2804 καὶ
982 2752 1039 2804 ἐν
1072 2749 1150 2821 τῷ
1197 2755 1294 2814 ις’.
1333 2765 1460 2818 κεφ.
1495 2748 1588 2802 τοῦ
1619 2747 1666 2800 Π

127 2847 366 2916 στοιχείου
419 2845 661 2907 κανόνας
692 2844 792 2915 τῆς
839 2844 897 2896 ἐν
928 2839 1332 2914 Νεοκαισαρείᾳ
1367 2841 1586 2896 συνόδου
1622 2839 1668 2894 θ’

125 2941 202 2992 καὶ
228 2944 276 3005 ι’,
302 2939 394 2992 καὶ
423 2937 693 3006 Θεοφίλου
721 2943 784 2991 ε’.

181 3052 309 3121 Περὶ
342 3049 460 3105 τῶν
486 3050 560 3105 ἐν
601 3048 728 3117 τοῖς
767 3046 1186 3117 δικαστηρίοις
1223 3045 1593 3117 κατηγόρων.

193 3167 246 3222 '0
277 3173 330 3232 ς’
363 3168 462 3238 τῆς
497 3164 760 3235 δευτέρας
803 3164 1024 3219 συνόδου
1073 3162 1276 3231 κανὼν,
1305 3163 1400 3229 Ei;
1431 3179 1670 3232 κατηγο-

121 3258 244 3328 ρίαν,
275 3259 468 3330 φησιν,
519 3256 839 3312 ἐπισκόπων
870 3257 904 3327 ἢ
941 3254 1222 3326 κληρικῶν
1267 3252 1389 3307 οὔτε
1456 3253 1663 3317 πάντας

117 3352 472 3421 ἀνεξετάστως
507 3351 832 3424 προσίεσθαι
860 3351 964 3413 δεῖ,
991 3347 1115 3403 οὕτε
1149 3347 1258 3418 μὴν
1295 3349 1505 3409 πάντας
1527 3346 1664 3398 ἀπο-

119 3444 318 3501 κλείειν.
351 3447 414 3499 Ei
457 3445 558 3514 μὲν
592 3443 702 3514 γὰρ
735 3441 1013 3512 ίδιωτικήν
1040 3457 1122 3503 τις
1149 3438 1393 3508 ἐνίστησι
1417 3438 1537 3490 κατ’
1567 3436 1665 3489 αὐ-

116 3535 207 3590 τῶν
236 3535 406 3607 δίκην,
431 3534 747 3608 ἠδικεῖσθαι
780 3531 955 3601 λέγων
1018 3530 1182 3594 αὐτὸς
1239 3529 1334 3582 ἐπὶ
1373 3529 1665 3599 πράγμασι

117 3628 434 3697 κινουμένοις
469 3625 504 3698 ἢ
541 3625 840 3693 ἀκινήτοις,
884 3622 918 3692 ἢ
965 3619 1245 3688 ὑϐρίσθαι,
1291 3618 1325 3690 ή
1359 3635 1412 3671 τι
1454 3615 1666 3670 τοιοῦτο

117 3720 308 3786 παθεῖν,
351 3720 499 3791 μήτε
550 3717 847 3788 πρόσωπον
876 3713 973 3768 τοῦ
1009 3710 1468 3782 κατηγοροῦντος,
1525 3709 1665 3778 μήτε

117 3811 390 3884 θρησκείαν
416 3811 651 3864 σκοπεῖν
675 3822 691 3837 ⁸
731 3806 939 3878 μηδένα
966 3805 1076 3875 γὰρ
1110 3803 1218 3857 τῶν
1248 3801 1478 3856 δικαίων
1528 3803 1667 3853 ἀπο-

115 3906 384 3975 τυγχάνειν
410 3904 648 3967 δίκαιον,
675 3900 790 3956 ἀλλ⁹
817 3901 938 3969 ίσην
969 3897 1178 3952 ἅπασιν
1202 3895 1354 3966 ἡμᾶς
1380 3893 1665 3962 ἐπιφέρειν

113 4000 200 4068 τὴν
225 3999 523 4053 ἀδέκαστον
569 3994 773 4064 ψῆφον,
827 3989 1118 4060 ἐλεύθερον
1173 3987 1270 4041 καὶ
1311 3984 1411 4055 τῆς
1444 3983 1665 4040 οίασοῦν

117 4089 312 4151 ἀδικίας
360 4088 458 4142 τὸν
519 4084 822 4138 ἐπίσκοπον
881 4081 1121 4152 μάλιστα
1171 4079 1207 4150 ἢ
1264 4079 1356 4132 τὸν
1403 4077 1666 4148 κληρικδν

115 4181 482 4243 καθιστάντας.
503 4179 570 4234 El
606 4177 664 4231 δέ
693 4173 1147 4250 ἐκκλησιαστικὸν
1177 4171 1264 4242 είη
1297 4170 1358 4224 τὸ
1387 4170 1663 4240 ἔγκλημα,

116 4274 366 4327 ἔκπτωσιν
416 4272 519 4342 τῆς
577 4269 877 4341 ἱερωσύνης
915 4267 1156 4320 ἐπισεῖον
1206 4262 1286 4333 τῷ
1342 4263 1664 4332 ἐπισκόπῳ,

113 4367 230 4437 ὅπερ
276 4367 368 4421 καὶ
397 4364 664 4436 δημόσιον
694 4361 931 4430 λέγεται,
970 4357 1067 4412 τοῦ
1104 4359 1380 4415 ἰδιωτικοῦ
1415 4357 1667 4410 ἀντιδια-

118 4459 475 4529 στελλόμενον,
533 4455 723 4510 καθότι
751 4456 889 4524 πρὸς
917 4453 1010 4508 τοῦ
1040 4455 1218 4524 δήμου
1247 4453 1449 4516 παντὸς
1484 4451 1666 4505 είὼθει

1768 1998 1969 2040 causas
1996 1983 2171 2050 solus,
2202 1982 2402 2052 inquit,
2432 1998 2624 2039 eorum
2657 1985 2948 2056 episcopus
2977 1989 3337 2053 examinabit,

1765 2083 1820 2129 et
1853 2073 2023 2129 finiet.

1837 2166 2026 2221 Canon
2071 2181 2199 2222 vero
2242 2166 2309 2223 79
2352 2167 2566 2222 excludi
2613 2167 2802 2224 dicens
2846 2170 3131 2235 clericum,
3174 2170 3338 2242 cujus

1766 2271 1931 2311 causa
1974 2272 2084 2311 uno
2115 2271 2260 2312 anno
2293 2257 2482 2327 elapso
2515 2273 2623 2314 non
2661 2257 2867 2328 linitur,
2906 2262 3070 2318 hodie
3101 2278 3211 2318 non
3252 2274 3340 2320 est

1765 2365 1823 2405 ιη
1857 2365 1982 2406 IIS".

2487 2465 2618 2523 Lex.

1835 2575 2250 2632 Accusationem
2278 2579 2578 2635 sacerdotis
2599 2594 2761 2636 nemo
2785 2579 2961 2637 laicus
2985 2582 3339 2654 magistratus

1761 2667 1994 2739 judicat,
2021 2668 2130 2725 nisi
2158 2670 2297 2724 laesae
2324 2673 2628 2741 maiestatis
2657 2674 2864 2728 crimen
2893 2675 3174 2730 accusatio
3203 2691 3340 2731 con-

1769 2761 1958 2818 tineat.
1987 2762 2178 2827 Quaere
2203 2763 2367 2817 etiam
2419 2765 2470 2818 in
2513 2780 2633 2834 cap.
2663 2765 2729 2820 16
2764 2765 2869 2820 litt.
2897 2768 2942 2820 Π
2960 2782 3199 2823 canones
3226 2768 3261 2825 9
3283 2776 3340 2825 et

1769 2853 1836 2909 10
1864 2869 1985 2926 syn.
2019 2853 2498 2923 Neocaesariensis,
2526 2866 2579 2911 et
2605 2851 2898 2928 TheOphili
2927 2858 3204 2928 quintum.

1998 3113 2005 3122 ,
2073 3055 2151 3114 De
2182 3057 2248 3114 iis
2281 3059 2370 3130 qui
2408 3059 2459 3113 in
2485 3059 2708 3129 judiciis
2757 3069 3032 3114 accusant.

1839 3173 2024 3230 Canon
2050 3173 2084 3228 6
2107 3165 2227 3244 τῇ).
2255 3190 2313 3239 u,
2338 3175 2414 3228 Ad
2443 3176 2871 3239 accusationem,
2900 3175 3100 3246 inquit,
3127 3175 3340 3246 episco-

1765 3280 1960 3337 porum
1985 3266 2065 3321 vel
2090 3266 2410 3321 clericorum
2439 3281 2544 3321 non
2569 3282 2760 3323 omnes
2783 3268 2900 3324 sine
2927 3265 3338 3323 exatninatione

1763 3356 2050 3412 admittere
2095 3365 2338 3426 Oportet,
2382 3371 2483 3410 nec
2522 3371 2714 3412 omnes
2749 3356 3063 3412 excludere.
3109 3354 3167 3412 Si
3212 3357 3338 3426 quis

1765 3449 1910 3504 enim
1945 3462 2168 3502 causam
2205 3447 2472 3519 privatam
2509 3457 2701 3504 contra
2735 3465 2831 3505 eos
2866 3447 3124 3509 instituit,
3161 3463 3220 3503 se
3255 3448 3341 3500 in-

1759 3539 1905 3609 juria
1955 3555 2141 3595 rerum
2190 3540 2472 3594 mobilium
2520 3542 2602 3596 vel
2647 3540 3013 3595 immobilium
3063 3538 3341 3592 ablatione

1766 3631 1902 3686 atiici
1929 3631 2138 3698 dicens,
2163 3640 2259 3686 aut
2283 3631 2637 3696 contumelia,
2664 3641 2759 3686 aut
2783 3630 2930 3686 aliud
2955 3630 3160 3700 aliquid
3187 3629 3337 3698 ejus.

1766 3722 1912 3778 modi
1940 3723 2073 3791 pati,
2103 3737 2204 3777 nec
2232 3738 2464 3792 persona
2491 3724 2830 3779 accusatoris
2859 3734 2956 3778 aut
2983 3722 3176 3793 religio
3204 3737 3338 3778 exa-

1767 3814 2030 3866 minetur.
2057 3811 2276 3866 Justum
2319 3815 2464 3867 enim
2508 3823 2613 3878 est,
2654 3823 2715 3868 ut
2757 3827 2920 3869 nemo
2957 3814 3178 3884 juribus
3220 3816 3339 3871 suis

1768 3901 2073 3965 fraudetur,
2103 3911 2158 3958 et
2188 3912 2246 3958 ut
2276 3919 2375 3958 nos
2404 3906 2731 3960 sententiam
2764 3905 3136 3975 incorruptam
3165 3907 3331 3960 omni-

1765 3993 1870 4050 bus
1907 3996 2184 4063 aequaliter
2220 3996 2668 4063 pronuntiemus,
2705 3995 3025 4067 episcopum
3068 3998 3340 4067 praecipue

1766 4096 1823 4143 et
1858 4089 2113 4163 clericum
2149 4089 2218 4142 ab
2251 4089 2400 4143 omni
2434 4088 2700 4156 iniustitia
2740 4089 2897 4158 102
2931 4088 3161 4143 liberum
3205 4103 3338 4142 con-

1767 4179 2074 4233 stituentes.
2110 4176 2168 4233 Si
2203 4194 2332 4234 vero
2366 4179 2573 4234 crimen
2607 4179 3039 4235 ecclesiasticum
3079 4179 3186 4244 sit,
3221 4179 3338 4248 epi-

1768 4286 1936 4341 scopo
1967 4287 1996 4326 a
2027 4271 2333 4326 sacerdotio
2362 4269 2758 4340 depositionem
2796 4271 3072 4346 intentans
3107 4270 3274 4340 (quod
3306 4286 3337 4326 a

1769 4367 1980 4431 privato
2015 4363 2562 4426 contradistiuctum,
2598 4364 2875 4432 publicum
2915 4372 3156 4426 vocatur,
3193 4377 3335 4430 quo-

1768 4454 1916 4509 niam
1941 4455 2009 4509 ab
2032 4455 2180 4508 omni
2206 4457 2405 4523 populo
2429 4454 2622 4524 agitari
2646 4454 2899 4522 solebat),
2927 4470 3026 4509 nec
3051 4453 3338 4508 haereticos

113 4550 492 4619 γυμνάζεσθαι,
515 4548 640 4602 οὕτε
687 4547 998 4618 αίρετικοὺς
1036 4545 1457 4617 οίουσδηποτοῦν
1501 4560 1665 4615 προσ-

1814 4562 2128 4617 uoscunque
2151 4545 2439 4602 admittere
2465 4556 2701 4617 Oportet,
2729 4561 2830 4601 nec
2856 4547 3256 4607 schismaticos.
3283 4553 3338 4600 et

115 4641 276 4697 ίεσθαι
303 4644 407 4707 δεῖ,
473 4639 600 4694 οὔτε
637 4639 743 4710 μὴν
772 4640 1169 4710 σχισματικοὺς
1203 4639 1298 4693 καὶ
1343 4638 1666 4711 παρασυνά-

111 4750 316 4802 γοντας,
343 4735 469 4788 ούδέ
511 4731 638 4795 τοὺς
667 4728 790 4784 κατ’
832 4730 998 4792 ἄλλας
1040 4731 1221 4793 αίτίας
1273 4729 1475 4793 τελέως
1509 4729 1668 4782 ἐκϐε-

112 4825 404 4896 ϐλημένους
431 4827 530 4896 τῆς
566 4823 917 4896 Ἐκκλησίας·
949 4823 1010 4876 οὐ
1056 4823 1162 4894 μὴν
1196 4822 1318 4877 οὑδέ
1357 4823 1483 4884 τοὺς
1532 4822 1668 4892 πρὸς

111 4917 279 4987 ὀλίγον
309 4919 412 4988 τῆς
455 4915 786 4985 Ἐκκλησίας
817 4913 1242 4984 ἀφορισθέντας,
1285 4913 1400 4966 εἴτε
1438 4911 1546 4965 τῶν
1571 4909 1666 4964 τοῦ

110 5010 300 5082 κλήρου
333 5005 470 5075 εἶεν,
495 5010 608 5063 εττε
635 5009 746 5062 τῶν
768 5008 862 5060 τοῦ
893 5005 1050 5072 λαοῦ,
1073 5005 1140 5059 ἂν
1166 5005 1242 5077 μὴ
1271 5006 1538 5076 πρότερον
1566 5004 1666 5067 τὰς

109 5104 218 5158 κατ’
255 5104 440 5159 αὐτῶν
497 5102 682 5166 αίτίας
712 5099 1158 5170 ἀποτρίψωνται·
1213 5099 1335 5152 οὐδὲ
1385 5100 1513 5161 τοὺς
1559 5096 1666 5151 ὑπὸ

110 5195 433 5267 κατηγορίαν
462 5197 644 5259 ὄντας,
691 5193 820 5264 πρὶν
855 5192 922 5245 ἂν
951 5191 1062 5246 τῶν
1101 5191 1466 5264 ἐγκλημάτων
1498 5189 1666 5243 ἀθῶοι

109 5288 366 5355 φανῶσιν.
407 5288 468 5342 Ei
514 5287 572 5340 δὲ
609 5284 817 5339 τούτων
869 5283 1125 5337 ἁπάντων
1171 5283 1450 5354 ἐλεύθεροι
1474 5277 1585 5335 εἷεν
1617 5283 1665 5334 οἱ

108 5384 420 5451 κατήγοροι,
450 5381 572 5433 τότε
601 5379 691 5448 δὴ,
725 5378 864 5431 ἄττα
906 5376 976 5430 ἂν
1000 5376 1248 5443 ἐπάγωσι
1279 5375 1357 5446 τῷ
1381 5375 1666 5444 ἐπισκόπῳ

107 5471 442 5544 ἐγκλήματα,
497 5473 548 5524 oi
594 5470 695 5539 τῆς
757 5467 1032 5537 ἐπαρχίας
1083 5467 1302 5534 ἐκείνης
1347 5465 1664 5530 ἐπίσκοποι,

105 5565 285 5633 φησὶν,
327 5563 696 5626 ἐξετάσουσιν.
730 5559 792 5612 El
844 5558 900 5611 δέ
951 5551 1101 5610 οὗτοι
1159 5556 1236 5628 μὴ
1292 5553 1395 5609 οἷοί
1451 5574 1512 5609 τε
1551 5553 1664 5610 εἷεν

110 5656 277 5710 ταῦτα
302 5655 680 5717 διαλύσασθαι,
700 5654 733 5722 ἡ
758 5652 854 5721 τῆς
875 5650 1198 5718 διοικήσεως
1224 5649 1428 5717 μείζων
1448 5649 1664 5712 σύνοδος

108 5747 443 5816 δοκιμάσασα
477 5748 680 5818 πέρατι
710 5743 892 5796 δώσει.
928 5740 1012 5793 Τὰ
1041 5740 1098 5794 δέ
1124 5758 1188 5808 γε
1215 5739 1311 5794 τοῦ
1336 5737 1600 5810 κληρικοῦ
1633 5741 1661 5792 6

109 5835 228 5896 ἴδιος
259 5838 553 5902 ἐπίσκοπος
599 5836 866 5900 ἐξετάσειο
917 5835 1278 5901 ἀτονήσαντος
1315 5832 1370 5885 δὲ
1403 5832 1535 5899 πρὸς
1565 5832 1662 5898 τὴν

1767 4640 2146 4695 conventicula
2182 4637 2476 4702 facientes,
2508 4654 2610 4694 nec
2640 4640 2778 4694 alios
2809 4639 2900 4707 qui
2935 4639 3039 4693 alia
3074 4640 3138 4693 de
3171 4655 3337 4694 causa

1766 4750 1835 4790 ex
1873 4733 2117 4790 Ecclesia
2153 4731 2313 4802 ejeeti
2355 4730 2554 4785 fuerint
2599 4748 2614 4784 :
2658 4731 2846 4799 utique
2889 4743 2990 4784 nec
3032 4729 3123 4798 qui
3168 4744 3336 4799 parvo

1769 4835 2013 4896 tempore
2047 4825 2114 4879 ab
2146 4823 2387 4880 Ecclesia
2421 4831 2793 4893 segregantur,
2825 4823 2940 4876 sive
2973 4820 3190 4887 clerici,
3223 4822 3339 4877 sive

1769 4917 1890 4973 laici
1929 4916 2154 4981 fuerint,
2187 4915 2291 4971 nisi
2326 4915 2479 4985 prius
2511 4913 2745 4970 crimina
2781 4913 2883 4969 sibi
2918 4913 3129 4983 objecta
3165 4913 3339 4967 dilue-

1768 5009 1912 5073 rint;
1947 5023 2127 5078 neque
2160 5023 2254 5063 eos
2288 5008 2380 5078 qui
2419 5006 2660 5061 accusati
2695 5013 2850 5069 sunt,
2885 5005 3058 5059 donec
3091 5003 3338 5059 crimini-

1769 5099 1870 5155 bus
1904 5099 2176 5153 immunes
2212 5105 2525 5167 appareant.
2558 5095 2711 5162 Quod
2746 5095 2789 5151 si
2827 5095 2987 5161 nullis
3025 5093 3337 5149 istiusmodi

1765 5190 1950 5246 causis
1981 5188 2206 5243 obnoxii
2241 5187 2351 5242 sint
2383 5196 2764 5250 accusatores,
2801 5195 2961 5250 tunc,
2995 5199 3338 5254 quaecunque

1765 5283 1995 5338 crimina
2024 5281 2286 5350 episcopo
2316 5281 2618 5343 intentant,
2651 5278 2898 5348 ejusdem
2920 5317 2936 5342 ,
2970 5278 3188 5346 inquit:
3214 5291 3337 5345 pro-

1766 5376 1958 5430 vincia:
1993 5372 2234 5442 episcopi
2279 5371 2468 5426 eadem
2510 5366 3014 5434 examinabunt,»t
3055 5369 3100 5422 si
3150 5368 3225 5420 illi
3273 5381 3336 5420 ea

1765 5469 2014 5522 decidere
2050 5481 2157 5520 non
2195 5463 2427 5534 possint,
2461 5463 2636 5530 major
2667 5462 2968 5518 dimceseos
3000 5459 3242 5529 synodus
3274 5475 3336 5512 ea

1765 5557 2006 5612 detiniet.
2046 5554 2240 5610 Clerici
2283 5562 2462 5608 autem
2509 5566 2706 5606 causas
2747 5552 3036 5621 episcopus
3082 5549 3336 5616 proprius

1763 5647 2137 5713 examinabit;
2184 5660 2322 5714 quas
2351 5644 2398 5698 si
2443 5642 2657 5699 solvere
2703 5639 2914 5709 nequit,
2957 5639 3023 5693 ad
3075 5637 3334 5705 majorem

1759 5739 2028 5810 synodum
2073 5740 2541 5803 transmittentur;
2576 5734 2982 5789 accusuioncm
3017 5744 3145 5784 vero
3184 5731 3335 5798 prius

1765 5829 1988 5898 (inquit)
2022 5844 2130 5885 non
2161 5829 2466 5893 instituant,
2499 5840 2662 5896 quam
2694 5831 3042 5880 accusatores
3070 5837 3166 5892 per
3193 5821 3332 5877 scri-
