3774 6558
429 386 570 451 1⁵143
1621 395 1919 458 ΜΑΤΤῙῙί

2121 397 2470 458 .ASTA-BIS
3494 397 3611 464 ιειι

430 521 646 578 pturam
693 508 1078 580 deposuerint,
1119 525 1180 566 se
1223 509 1398 566 eidem
1441 511 1683 582 periculo
1729 513 1920 565 obnox‘t

2125 513 2366 579 ςιάλυσιν,
2409 514 2475 585 τῇ
2531 511 2743 580 μείζονι
2785 509 3084 565 καὶταῦτα
3121 509 3326 581 συνόδῳ
3374 528 3615 588 παραπεμ.

431 601 668 666 futuros,
707 601 753 657 si
795 602 847 656 in
889 617 1070 656 rerum
1110 603 1519 658 examinatione
1559 605 1872 674 episc0pum
1916 624 1921 651 ι

2125 607 2402 676 φθήσεται.
2439 605 2532 675 Μὴ
2563 607 2752 676 μέντοι
2787 607 3070 674 πρότερον,
3108 603 3265 673 φησὶ,
3291 603 3384 680 τήν
3428 625 3615 679 κατηγο.

433 691 688 747 luumiari
719 695 1139 750 convincantur.
1165 693 1267 761 Qui
1299 712 1430 750 vero
1463 707 1661 768 praeter
1690 697 1805 752 haec
1836 695 1919 750 fac

2123 699 2240 750 ρίαν
2276 696 2613 763 ἐνίστασθαι,
2669 697 2800 766 πρὶν
2831 695 2897 750 ἂν
2943 695 3238 765 ἐγγράφως
3275 697 3324 748 oi
3371 703 3613 772 κατήγοροι

429 791 487 838 et
529 785 611 838 vel
661 784 728 840 ad
781 786 1186 856 imperatorem,
1234 789 1316 844 vel
1360 791 1640 858 principes
1689 789 1919 843 saecular

2126 784 2199 837 ιὺν
2231 784 2346 838 ῐσσν
2378 785 2638 854 ὑποσχεῖν
2677 785 3090 851 ἀσφαλίσωνται
3126 783 3388 850 κίνδυνον,
3420 789 3550 860 ειπερ
3573 795 3616 846 ὲν

430 877 516 932 vel
552 878 617 932 ad
655 879 1017 935 universalem
1050 882 1317 952 synodum
1352 884 1596 946 accedit,
1631 898 1742 937 non
1774 882 1920 936 omni

2127 877 2173 946 πῇ
2223 875 2332 929 τῶν
2374 876 2717 946 πραγμάτων
2769 876 3012 941 ἐξετάσει
3075 877 3515 945 συκοφαντοῦντες
3547 884 3617 938 τὸν

430 969 497 1024 ad
540 973 944 1043 accusationem
985 974 1330 1040 admittatur,
1368 985 1426 1029 ut
1464 977 1560 1044 qui
1600 975 1654 1028 in
1699 975 1920 1030 dioecesi

2127 968 2409 1022 ιπίσκοπον
2441 969 2770 1038 ἐλεγχθεῐεν.
2797 966 2900 1020 Τὸν
2945 967 3003 1020 δὲ
3046 968 3124 1038 μὴ
3165 967 3308 1021 οὕτω
3335 967 3453 1039 δρᾷν
3475 973 3617 1044 ἀνεχό-

429 1059 717 1128 episcopos
749 1063 1003 1130 iniurius.
1031 1073 1088 1119 ct
1115 1066 1167 1118 in
1197 1080 1436 1122 canones
1464 1065 1919 1130 contumeliosus.

2127 1075 2293 1123 ιενον,
2329 1059 2445 1114 ἀλλ’
2477 1059 2511 1130 ἢ
2563 1059 2774 1130 βασιλεῖ
2805 1061 3122 1128 προσιόντα,
3160 1058 3193 1128 ἦ
3249 1066 3509 1128 κοσμικαῖς
3545 1067 3617 1136 ἀρ-

371 1161 377 1187 ί
430 1151 810 1208 eccleSiasticaa
841 1157 1251 1224 tranquillitatis
1284 1171 1505 1211 eversor
1537 1157 1719 1211 fuerit.

2129 1170 2321 1223 ίουσιν,
2350 1153 2384 1224 ἢ
2415 1153 2768 1222 οίκουμενικῇ
2799 1151 3024 1221 συνόδῳ,
3057 1153 3131 1222 μή
3158 1150 3348 1204 δεκτόν
3378 1147 3500 1206 εῖναι
3519 1173 3619 1208 παν.

427 1246 669 1301 τάπασιν
702 1251 782 1312 είς
819 1254 1174 1322 κατηγορίαν,
1221 1253 1296 1318 ὡς
1341 1254 1686 1322 ἀτιμάσαντα
1733 1253 1860 1316 τοὺς
1899 1250 2000 1320 τῆς
2037 1250 2366 1321 διοικήσεως
2400 1247 2762 1314 ἐπισκόπους,
2795 1251 2892 1304 καὶ
2939 1250 3022 1312 είς
3072 1249 3201 1311 τοὺς
3267 1247 3440 1312 θείους
3497 1254 3620 1306 κανό-

429 1359 527 1403 νας
579 1344 902 1416 ὑϐρίσαντα,
956 1351 1048 1402 καὶ
1102 1348 1201 1420 τὴν
1248 1351 1348 1420 τῆς
1381 1349 1713 1420 ’Βκκλησίας
1746 1349 2010 1416 εὐταξίαν
2046 1345 2370 1415 συγχέοντα.

507 1433 644 1488 Huic
683 1439 852 1491 etiam
891 1455 1167 1494 consonus
1207 1449 1292 1495 est
1335 1457 1458 1495 can.
1502 1442 1568 1496 2|
1619 1456 1740 1511 syn.
1766 1455 1852 1506 tv,
1896 1453 1997 1494 non

2182 1435 2368 1507 Τούτῳ
2393 1436 2610 1509 συνᾴδει
2641 1437 2734 1489 καὶ
2756 1437 2785 1488 δ
2813 1440 2895 1489 κα⁹
2923 1434 3022 1500 τῆς
3051 1430 3090 1486 δ’
3116 1432 3358 1497 συνόδου,
3393 1434 3458 1504 μὴ
3481 1436 3624 1489 ἀδοκι-

431 1528 553 1583 sine
577 1531 980 1584 examinatione
1008 1531 1378 1588 admittendos
1403 1549 1527 1588 esse
1551 1532 1741 1588 dicens
1791 1531 1921 1601 epist

2135 1528 2337 1590 ιάστως
2364 1529 2540 1596 λέγων
2579 1527 2909 1598 προσίεσθαι
2940 1527 3065 1588 τοὺς
3090 1523 3514 1594 κατηγοροῦντας
3535 1530 3625 1581 ἐπι-

435 1634 626 1687 porum
654 1621 736 1675 vel
763 1621 1086 1677 clericorum
1111 1633 1483 1690 accusatores,
1514 1624 1630 1679 sive
1653 1623 1860 1688 clerici,
1889 1625 1925 1678 si

2133 1620 2329 1674 ῖκόπων
2355 1621 2388 1691 ἦ
2417 1621 2721 1692 κληρικῶν,
2757 1621 2866 1673 εἴτε
2907 1618 3013 1672 τῶν
3043 1616 3140 1670 τοῦ
3177 1617 3401 1686 κλήρου,
3429 1620 3521 1670 eis:
3541 1619 3623 1673 τῶν

437 1710 561 1765 laici
598 1711 844 1779 fuerint,
877 1717 983 1772 nisi
1018 1717 1170 1786 prius
1204 1719 1312 1772 vita
1348 1727 1403 1772 et
1439 1731 1622 1773 mores
1650 1730 1841 1772 eorum
1878 1731 1927 1786 pl

2137 1707 2204 1762 ὀὗ
2233 1709 2365 1763 λαοῦ
2389 1706 2521 1776 εἷεν,
2559 1711 2608 1762 εί
2639 1709 2714 1780 μή
2749 1709 3020 1779 πρότερον
3047 1705 3230 1762 αὑτῶν
3260 1709 3290 1760 δ
3316 1706 3421 1776 βίος
3446 1711 3627 1781 δοκιμα-

435 1802 654 1860 bentur.

2037 1863 2078 1874 _
2110 1802 2286 1870 σθείη,
2321 1803 2508 1856 καὶτὰ
2549 1802 2981 1874 ἐπιτηδεύματα.

509 1895 648 1962 Quin
677 1907 734 1953 et
762 1915 885 1954 can.
921 1901 954 1955 8
987 1916 1110 1972 syn.
1143 1901 1401 1972 Carthag.
1437 1916 1546 1956 non
1579 1900 1852 1972 permittit
1881 1913 1999 1957 eum

2194 1863 2356 1948 Ἀλλὰ
2400 1894 2496 1948 καὶ
2535 1895 2563 1946 ὁ
2604 1899 2655 1964 η’
2688 1863 2790 1962 τῆς
2812 1863 2824 1872 1
2849 1897 2909 1947 ὲν
2959 1893 3296 1965 Καρθαγένη
3328 1893 3422 1947 οὑκ
3455 1895 3625 1962 ἐφίησιν

435 1988 528 2056 qui
561 1990 808 2048 moribus
837 1991 1058 2048 infamis
1087 2003 1190 2058 est,
1219 1995 1537 2065 episcopum
1569 2006 1853 2050 accusare.

2134 1987 2411 2040 ιπισκόπου
2446 1989 2775 2057 κατηγορεῖν
2812 1987 2903 2039 τὸν
2932 1986 3363 2057 διαόεὸλημένον
3400 1986 3510 2049 τοὺς
3529 1986 3624 2056 τρό-

2114 2097 2292 2142 πους.·

508 2162 708 2236 Utique
733 2179 787 2224 et
816 2170 917 2226 128
943 2187 1042 2229 nec
1093 2186 1461 2246 segregatum,
1488 2185 1542 2231 et
1568 2175 1998 2232 excommunica-

2197 2172 2254 2226 'O
2287 2173 2344 2226 δὲ
2379 2180 2499 2244 ρκη⁹
2548 2173 2670 2227 οὖδὲ
2708 2172 2802 2226 τὸν
2847 2172 3239 2244 ἀφωρισμένον
3262 2171 3358 2225 καὶ
3387 2169 3625 2241 ἀκοινώνη-

439 2263 580 2320 tum,
610 2259 782 2316 donec
812 2278 840 2314 a
870 2267 1246 2342 segregatione
1277 2269 1492 2324 solutus
1524 2268 1707 2323 fuerit.

2112 2281 2226 2324 τον.
2265 2266 2456 2335 μέχρις
2494 2263 2560 2318 ἂν
2584 2264 2720 2334 λυθῇ
2752 2265 2846 2318 τοῦ
2881 2263 3218 2336 ἀφορισμοῦ.

509 2348 679 2406 Porro
704 2363 756 2407 et
783 2368 904 2408 can.
936 2356 1038 2410 £29
1089 2375 1186 2412 nec
1217 2373 1408 2414 servos
1435 2376 1697 2416 accusare
1723 2360 1999 2431 permittit1

2197 2358 2256 2410 '0
2291 2358 2346 2410 δὲ
2389 2355 2504 2428 ρκὺ⁹
2529 2357 2650 2411 οὐδὲ
2681 2358 2890 2421 δούλοις
2933 2360 3266 2429 κατηγορεῖν
3289 2357 3506 2421 δίδωσιν,
3539 2356 3626 2410 οὐδὲ

439 2457 540 2496 nec
570 2443 789 2500 libertos
819 2449 1045 2503 clericos
1075 2449 1168 2519 qui
1201 2465 1294 2506 eos
1324 2453 1780 2516 manumiserunt,
1807 2451 1891 2507 vel
1921 2470 1929 2502 ι

2139 2447 2523 2519 ιπελευθέροις,
2569 2448 2680 2502 τῶν
2729 2448 2927 2513 αὑτοὺς
2975 2449 3457 2520 ἐλευθερωσάντων
3485 2449 3629 2519 κληρι-

403 2563 405 2566 -
440 2551 558 2588 rum
589 2537 746 2602 filios,
774 2549 866 2591 aut
897 2540 1166 2606 liaaredes;
1196 2541 1332 2596 alios
1359 2552 1538 2598 autem
1571 2558 1832 2599 accusare
1859 2543 1893 2598 si

2137 2540 2249 2604 ιῶν,
2303 2539 2336 2610 ἢ
2386 2540 2493 2593 τῶν
2547 2541 2754 2594 παίδων
2803 2541 3018 2602 αὐτῶν,
3068 2541 3249 2611 me»
3289 2541 3627 2611 κληρονόμων·

439 2631 682 2698 exceptis
719 2629 940 2686 infamia
973 2633 1382 2701 laborantibus,
1415 2637 1719 2706 cujusmodi
1750 2647 1880 2692 sunt
1910 2656 1929 2692 ι

2136 2634 2318 2704 ιτέρων
2341 2634 2524 2703 μέντοι
2550 2637 2880 2705 κατηγορεῖν
2902 2634 3142 2704 ἐφίησινο
3163 2633 3284 2686 ἀλλ’
3301 2633 3419 2686 οὐδὲ
3436 2634 3626 2701 ἀτίμοις,

443 2721 537 2784 ini,
569 2731 622 2775 et
652 2723 742 2792 qui
775 2739 898 2778 cum
933 2725 1120 2782 bestiis
1153 2737 1413 2797 pugnant,
1449 2737 1503 2784 et
1533 2729 1886 2799 gladiatores.
1918 2743 1933 2783 λ

2135 2726 2279 2778 devci
2328 2725 2542 2795 μίμοις,
2590 2727 2690 2780 καὶ
2747 2726 3143 2798 θηριομάχοις,
3181 2724 3281 2796 κα)
3337 2723 3625 2794 μονομάχοις.

438 2815 531 2881 qui
567 2815 713 2868 mimi
748 2817 970 2879 scenici,
1001 2818 1093 2887 qui
1127 2821 1180 2873 in
1212 2818 1331 2874 foro
1363 2829 1417 2875 et
1448 2821 1809 2876 conventibus
1838 2823 1928 2891 pul

2140 2816 2268 2870 Ἀλλ’
2284 2819 2330 2871 οἱ
2356 2818 2454 2888 μὲν
2480 2819 2574 2872 ἐπὶ
2605 2819 2815 2890 σκηνῆς
2840 2821 3020 2888 μῖμοι,
3050 2817 3101 2870 οἱ
3138 2819 3195 2871 ἑν
3222 2816 3542 2886 πανηγύρεσι
3563 2817 3630 2870 καὶ

441 2905 523 2960 cis
548 2906 759 2972 ludunt,
784 2908 1015 2964 infames
1037 2922 1193 2978 sunt;
1218 2914 1311 2983 qui
1332 2929 1460 2968 vero
1484 2929 1667 2969 coram
1689 2913 1931 2983 imperati

2142 2913 2437 2980 ῖημοτικαῖς
2486 2909 2774 2974 παίζοντες
2829 2907 3236 2974 συνελεύσεσιν,
3293 2908 3500 2975 ἄτιμοι⁹
3529 2905 3632 2957 alii.

443 2997 508 3048 ad
536 2996 912 3052 delectandum
942 3002 1226 3056 nrhaniter
1249 3020 1306 3060 se
1330 3015 1607 3070 exercent,
1632 3005 1842 3060 honesti
1869 3021 1930 3060 su

2147 3000 2272 3072 παρὰ
2323 2998 2534 3069 βασιλεῖ
2583 3001 2775 3052 ἀστεῖα
2815 2999 2952 3069 πρὸς
2987 2998 3218 3067 μετρίαν
3259 2996 3444 3064 τέρψιν
3488 2997 3637 3062 ἐπιτη-

445 3086 480 3139 Ιί
505 3089 664 3141 etiam
693 3090 782 3160 qui
814 3105 938 3145 cum
969 3093 1160 3148 bestiis
1186 3105 1440 3163 pugnant,
1465 3106 1519 3151 ct
1540 3097 1632 3166 qui
1658 3097 1935 3166 gladiator:

2149 3090 2385 3154 εύοντες,
2417 3091 2647 3160 ἔντιμοι.
2685 3091 3022 3161 Θηριομάχοι
3064 3090 3120 3142 δὲ
3151 3087 3252 3141 καὶ
3291 3087 3576 3156 μονομάχοι,
3600 3087 3637 3136 sl

438 3190 718 3244 exercent,
751 3182 795 3236 si
831 3181 1170 3239 fortitudinis
1199 3187 1535 3242 ostentanda:
1564 3197 1617 3242 et
1645 3188 1832 3257 gloriae
1862 3202 1928 3242 co

2147 3183 2232 3235 ιὶν
2266 3182 2404 3250 πρὸς
2454 3183 2714 3247 ἐπίδειξιν
2742 3182 2964 3252 ἀνδρίας
2987 3181 3160 3251 ὁρῷεν
3182 3179 3283 3234 καὶ
3310 3179 3455 3249 δόξης
3475 3179 3637 3246 ἔρωτα,

443 3272 696 3337 parandae
728 3276 908 3329 studio
937 3291 995 3332 se
1027 3280 1355 3347 spectandos
1391 3280 1660 3349 pnebent,
1696 3279 1865 3335 fortes
1897 3295 1933 3334 tt

2147 3277 2361 3348 εριστεϊς
2395 3277 2462 3330 ἂν
2495 3275 2816 3344 λογίζοιντο·
2857 3279 2904 3328 εί
2934 3275 2992 3327 δὲ
3023 3275 3161 3343 πρὸς
3217 3275 3432 3344 μισθὸν,
3473 3273 3637 3338 ἂτιμοι.

443 3365 548 3416 rito
580 3365 810 3420 habendi
845 3377 1004 3432 sunt;
1038 3370 1084 3423 si
1113 3385 1240 3424 vero
1273 3371 1536 3426 mercedis
1567 3372 1760 3439 gratia,
1785 3371 1933 3426 infan

2150 3367 2184 3418 ’ί
2202 3368 2312 3437 γὰρ
2341 3367 2438 3437 τῆς
2464 3368 2670 3432 οἰκείας
2692 3366 2838 3438 ζωῆς
2863 3369 2936 3438 μὴ
2965 3368 3300 3436 φειδόμενοι,
3332 3367 3462 3420 ἀλλὰ
3485 3365 3640 3436 μισθοῦ

442 3466 592 3509 sunt.
634 3456 736 3522 Qui
779 3459 924 3513 enim
956 3461 1080 3514 vitae
1123 3477 1236 3516 sua:
1280 3461 1424 3516 haud
1469 3471 1721 3530 parcunt,
1760 3464 1852 3516 sed
1893 3479 1932 3516 e:

2155 3458 2324 3529 αὐτην
2347 3461 2686 3529 προϊέμενοι,
2720 3459 2879 3531 σχολῇ
2905 3461 2958 3528 γ’
2984 3459 3050 3512 ἂν
3077 3461 3268 3520 αὐτοῖς
3295 3458 3505 3528 μελήσει
3524 3460 3645 3509 ἐπαι-

443 3549 687 3602 venalem
731 3551 948 3614 habent,
988 3554 1073 3605 vix
1120 3553 1403 3608 laudandae
1441 3554 1857 3609 existimationis
1893 3570 1933 3609 e:

2154 3552 2392 3622 ουμένης
2431 3551 2775 3621 ὑπολήψεως·
2817 3550 2932 3605 ἀλλ’
2961 3551 3081 3604 sua
3118 3552 3397 3613 Ἰουδαίοις
3427 3549 3478 3618 ,ἦ
3528 3551 3644 3617 αἱρε-

446 3647 696 3706 possunt.
733 3639 905 3696 Porro
939 3658 1041 3697 nec
1072 3643 1288 3698 Iudaeos
1319 3645 1401 3697 vel
1437 3645 1719 3700 haereticos
1754 3660 1936 3699 aecus:

2159 3646 2294 3707 ικοῖς
2328 3646 2657 3715 κατηγορεῖν
2704 3643 2993 3714 ἐπιτρέπει
3012 3684 3025 3707 ,
3055 3644 3103 3696 εί
3143 3643 3220 3713 μή
3251 3659 3356 3695 που
3383 3644 3504 3712 περὶ
3535 3641 3645 3694 ἰδίων

445 3731 738 3798 permittit,
777 3733 881 3788 nisi
926 3751 1115 3792 omnes
1157 3737 1211 3790 in
1250 3735 1486 3806 propriis
1525 3736 1708 3792 causis
1748 3738 1935 3791 actioni

1693 3752 1708 3790 ι
1748 3738 2015 3791 actionem
2121 3734 2267 3793 οὗτοι
2294 3739 2494 3803 πάντες
2527 3739 2816 3807 ἐνάγουσιν
2845 3737 3183 3792 ὑποθέσεων.

445 3820 736 3878 intentant.

517 3911 746 3982 Insuper
767 3928 889 3968 can.
917 3913 1018 3968 150
1041 3929 1166 3969 eum
1193 3915 1287 3985 qui
1317 3915 1482 3971 multa
1507 3916 1737 3971 crimina
1763 3919 2007 3987 episcopo

2209 3917 2269 3971 Ὅ
2293 3917 2351 3971 δὲ
2379 3916 2475 3988 ρλ’,
2503 3917 2608 3972 Τὸν
2629 3919 2687 3971 ὲν
2715 3918 2953 3980 πολλοῖς,
2983 3917 3171 3988 φησὶν,
3202 3915 3538 3986 ἐγκλήμασιν
3560 3915 3648 3966 tua

449 4004 532 4058 vel
567 4006 764 4075 clerico
799 4007 1081 4076 objecerit,
1111 4018 1165 4062 et
1203 4023 1368 4062 unum
1403 4023 1469 4062 ex
1506 4007 1574 4064 iis
1608 4018 1731 4079 post
1763 4010 1939 4079 disqui

2163 4009 2329 4063 κόπου
2366 4009 2776 4081 κατηγοροῦντα
2809 4010 2842 4080 ἢ
2873 4009 3159 4080 κληρικοῦ,
3195 4009 3292 4060 καὶ
3339 4007 3535 4096 τούτων
3559 4005 3649 4065 ἑνὶ(

448 4097 649 4150 tionem
692 4097 890 4152 factam
931 4099 1166 4168 probare
1206 4115 1316 4154 non
1351 4101 1610 4170 potuerit,
1645 4099 1696 4155 ei
1735 4116 1912 4170 neque

2160 4103 2371 4168 ξετάσει
2400 4101 2643 4164 δοθέντος
2663 4102 2941 4168 ἀποδεῖξαι
2971 4102 3046 4173 μὴ
3074 4101 3394 4173 δυνηθέντα,
3420 4097 3530 4153 οὑδὲ
3553 4099 3650 4168 περὶ

393 4257 401 4276 Ι
450 4188 670 4259 reliquis
701 4189 835 4245 ﬁdes
869 4191 1114 4247 habenda
1146 4201 1247 4246 est.

2125 4193 2237 4247 τῶν
2272 4193 2475 4248 λοιπῶν
2503 4194 2652 4258 axe;
2678 4192 2870 4246 τοῦτον
2906 4192 3285 4247 πιστεύεσθαι.

766 4286 770 4290 ⁷
1143 4282 1324 4353 Leges.

2795 4283 3004 4353 Νόμοι.

519 4371 745 4426 Praistat
774 4372 1006 4428 crimina
1038 4373 1339 4442 iujudicata
1371 4375 1684 4446 relinquere
1739 4390 1898 4448 quam
1930 4375 2009 4431 alit

2205 4377 2473 4446 Κρεῖσσον
2494 4375 2564 4430 τὰ
2598 4376 2977 4447 ἁμαρτήματα
3001 4377 3447 4448 καταλιμπάνειν
3474 4373 3655 4428 ἀνεκδίο

447 4478 584 4532 quos
614 4465 928 4520 innocentes
955 4467 1170 4536 punire.

2129 4484 2296 4539 κητα,
2335 4468 2369 4539 ή
2401 4485 2556 4523 τινας
2586 4469 2848 4531 ἀναιτίως
2873 4467 3219 4533 κολάζεσθαι.

524 4558 641 4613 Νοη
673 4571 884 4627 oportet
918 4561 1076 4632 fidem
1107 4561 1305 4613 habere
1331 4560 1700 4630 iudicatorum
1733 4561 2014 4631 depositio-

2198 4557 2273 4609 υὺ
2299 4556 2380 4610 δεῖ
2403 4554 2684 4609 πιστεύειν
2703 4559 2822 4618 ταῖς
2847 4557 3177 4610 καταθέσεσι
3199 4556 3311 4608 τῶν
3342 4555 3656 4626 κρινομένων,

447 4651 631 4712 nibus,
665 4653 772 4706 nisi
805 4654 1054 4721 probatio
1081 4653 1317 4720 judicent
1351 4655 1640 4708 certiorem
1674 4652 1884 4708 fecerit.

2125 4650 2176 4702 εί
2211 4649 2288 4719 μὴ
2313 4649 2408 4702 καὶ
2437 4647 2716 4712 ἀπόδειξις
2744 4647 2984 4702 διδάσκει
3012 4649 3100 4702 τὸν
3129 4649 3421 4718 δικαστήν.

524 4742 679 4811 103
713 4742 765 4796 In
795 4745 1028 4812 peccatis
1061 4746 1436 4812 spiritualibus
1487 4756 1668 4814 patres
1704 4745 1888 4800 forsan
1927 4759 2014 4813 pro

2171 4740 2319 4794 >Tt'iw
2347 4739 2597 4810 ψυχικῶν
2627 4740 3046 4810 ἁμαρτημάτων
3067 4739 3174 4792 τῶν
3205 4740 3540 4805 ὑπεξουσίων
3563 4734 3661 4787 παί-

449 4833 637 4887 liberis
666 4835 759 4903 qui
797 4835 898 4888 sub
930 4844 1199 4904 potestate
1229 4845 1357 4890 sunt
1383 4851 1575 4906 poenas
1607 4837 1756 4898 dant.
1791 4851 1898 4889 non
1928 4850 1939 4888 ι

2169 4848 2234 4884 ων
2271 4831 2401 4894 ἴσως
2435 4830 2484 4884 oi
2530 4832 2770 4902 πατέρες
2819 4831 2978 4902 δίκην
3009 4831 3327 4900 ὑπέχουσιν,
3362 4832 3424 4883 οὐ
3469 4830 3566 4898 μὴν
3589 4825 3659 4878 καὶ

449 4931 556 4974 teut
614 4922 667 4975 in
729 4925 1131 4981 criminalibus.
1177 4926 1293 4979 Non
1345 4928 1490 4979 enim
1524 4936 1705 4994 patres
1755 4938 1854 4995 pro
1902 4927 1932 4977 ﬂ

2169 4923 2236 4977 ὧν
2255 4924 2422 4993 ὲγκλη
2433 4925 2701 4992 ματ-ικῶν.
2721 4923 2796 4976 Ού
2818 4923 2928 4992 γὰρ
2948 4922 3270 4986 κολάζονται
3296 4922 3530 4990 πατέρες
3549 4917 3659 4984 ὑπὲρ

452 5013 782 5081 puniuntur;
839 5031 962 5069 nam
1029 5017 1160 5074 dicit
1241 5017 1346 5082 lex,
1416 5016 1641 5072 Peccata
1717 5025 1880 5086 caput
1937 5033 1942 5068 ε

2167 5015 2357 5068 ἑκνων·
2391 5015 2527 5084 φησὶ
2557 5015 2668 5086 γὰρ
2696 5018 2724 5068 ὁ
2767 5014 2951 5085 νόμος’
2992 5016 3072 5068 Τὰ
3095 5015 3472 5084 ἁμαρτήματα
3505 5013 3566 5079 τῇ
3593 5024 3657 5059 κε·

452 5113 720 5172 quttutut'.

2127 5107 2271 5177 φαλῇ
2302 5106 2551 5160 ἕπονται.

905 5197 980 5250 De
1025 5199 1247 5252 testibus
1276 5200 1328 5252 in
1355 5198 1602 5266 iudiciis.
2233 5199 2370 5265 [Is-pl

2233 5199 2370 5265 [Is-pl
2420 5197 2541 5250 τῶν
2566 5197 2638 5249 ἐν
2671 5195 2794 5262 τοῖς
2823 5197 3230 5264 δικαστηρίοις
3250 5199 3578 5265 μαρτύρων.

521 5288 731 5343 Canou.
763 5301 939 5346 sanct.
966 5302 1142 5360 apost.
1177 5292 1247 5344 75
1281 5292 1595 5345 haereticum
1645 5291 1711 5345 ad
1777 5289 2011 5344 testimo-

2209 5290 2270 5343 Ὀ
2302 5296 2372 5342 οε⁹
2400 5289 2509 5343 τῶν
2540 5288 2710 5356 ἁγίων
2739 5289 3057 5342 ἀποστόλων
3085 5288 3266 5341 κανὼν
3307 5290 3433 5342 οὐδὲ
3455 5291 3533 5350 εἰς
3555 5304 3662 5357 μαρ-

454 5382 604 5435 nium
643 5383 932 5436 dicendum
984 5399 1090 5435 non
1128 5383 1524 5436 admittendum
1562 5385 1681 5437 esse
1731 5381 1944 5436 decerni

2168 5380 2324 5450 υρίαν
2347 5380 2438 5434 τὸν
2468 5381 2749 5449 αἱρετικὸν
2782 5379 3106 5449 προσίεσθαι
3132 5379 3450 5449 διορίζεται,
3473 5382 3592 5433 ὅπου
3615 5392 3658 5441 γε

451 5474 702 5529 similiter
734 5491 833 5531 nec
869 5490 1037 5528 unum
1074 5475 1284 5528 fidelem
1315 5494 1328 5528 :
1355 5493 1374 5525 ι
1405 5474 1479 5527 Ex
1513 5491 1608 5528 ore
1632 5475 1803 5535 enim,
1826 5475 1941 5543 inqt

2166 5474 2252 5526 ὑδὲ
2269 5473 2566 5525 πιστδνένα
2601 5471 2760 5540 μόνον
2784 5486 2799 5500 ο
2825 5489 2844 5521 ι
2888 5471 3010 5523 Ἐπὶ
3038 5471 3303 5540 στόματος
3340 5473 3470 5540 γὰρ,
3497 5489 3514 5521 ι
3538 5467 3656 5535 φησὶ,

451 5566 675 5619 testium
726 5565 961 5619 duorum
1005 5566 1086 5617 vel
1121 5566 1287 5619 trium
1319 5581 1482 5619 omne
1514 5565 1740 5618 verbum
1781 5564 1941 5618 stabil

2180 5563 2272 5616 δύο
2297 5563 2641 5632 μαρτύρωνῆ
2667 5562 2856 5630 τριῶν,
2883 5561 3216 5632 σταθήσεται
3236 5565 3348 5614 πᾶν
3363 5564 3530 5632 ῥῆμα·
3555 5577 3571 5608 i
3593 5559 3659 5608 καὶ

449 5665 560 5711 tur.
594 5676 611 5708 ι
646 5660 710 5713 Et
743 5659 1036 5727 Apostolus
1070 5676 1084 5713 :
1128 5677 1144 5708 ι
1184 5660 1386 5714 Contra
1434 5658 1814 5728 presbyterum
1862 5671 1939 5709 act

2197 5654 2520 5717 ’Δπόοτολος
2544 5671 2559 5686 ο
2591 5672 2608 5705 ι
2647 5652 2808 5708 Κατὰ
2832 5653 3209 5722 πρεσϐυτέρου
3237 5651 3565 5722 κατηγορίαν
3606 5647 3658 5715 μὴ

456 5751 725 5804 sationem
757 5767 822 5806 ne
857 5752 1138 5816 admittas,
1163 5751 1265 5806 uisi
1298 5765 1484 5804 coram
1513 5751 1724 5803 duobus
1747 5749 1827 5802 vel
1857 5748 1946 5802 tril

2133 5748 2460 5817 παραδέχου,
2492 5747 2539 5798 si
2583 5745 2657 5814 μὴ
2691 5747 2784 5796 ἐπὶ
2813 5743 2903 5796 δύο
2938 5744 2970 5812 ἢ
3001 5743 3171 5811 τριῶν
3213 5744 3522 5814 μαρτύρων.
3561 5760 3575 5791 ι

462 5843 714 5898 tcstihus.
763 5861 780 5894 ι
