3774 6542
63 408 166 472 1245

967 392 1386 456 SYNTAGMA
1438 389 2070 452 ALPHABETICUM.
2113 413 2182 424 -
2217 386 2272 450 Α.

3117 385 3254 447 1246

121 524 170 578 ’0
203 520 254 574 δὲ
297 517 395 586 τῆς
442 515 502 569 ὲν
548 513 876 587 Καρθαγένῃ
927 515 1062 586 pla},
1115 515 1356 586 Ἀρχὴν,
1397 512 1571 582 φησὶ,

1747 512 1932 591 Canon
1974 525 2104 594 vero
2124 509 2219 564 l5!
2258 523 2378 578 syn.
2404 504 2688 576 Carthag.,
2719 503 2822 572 Qui
2855 503 3030 572 prius,
3051 502 3249 571 inquit,

61 612 155 678 τοὺς
181 610 581 678 κεκωλυμένους
613 607 1037 678 ἑγκληματικῶς
1065 607 1303 674 ἐνάγειν,
1329 607 1451 660 οὐδὲ
1495 607 1574 668 εἰς

65 705 322 779 μαρτυρίαν
369 702 692 770 προσίεσθαι
725 701 874 772 χρήο
927 701 1055 762 τοὺς
1107 700 1154 753 δ’
1203 694 1272 754 αὖ
1323 700 1417 753 τὸν
1460 694 1595 768 βίον

65 798 280 856 ὁστεὲους,
305 788 377 847 ὧν
401 793 503 864 τὴν
538 791 846 863 μαρτυρίαν
871 792 1048 863 ἀληθῆ
1097 792 1315 861 ποιήσει
1347 792 1418 844 τὰ
1448 807 1578 861 προ-

66 887 340 958 δεόιωμένα,
370 885 445 955 μὴ
467 885 706 954 ἀνήϐους
737 880 900 946 εἶναι,
931 883 1083 946 ὲντδς
1110 883 1308 953 δηλαδὴ
1332 883 1393 936 ιδ’
1418 882 1575 947 ιτῶν,

63 983 118 1050 τῷ
147 980 290 1048 μήπω
316 975 530 1038 τούτοις
557 975 820 1038 εὐσταθὲς
853 968 994 1029 εἶναι
1023 974 1085 1028 τὸ
1117 974 1394 1044 φρόνημα.
1431 971 1582 1026 Ἀλλ’

63 1076 152 1128 οὐδὲ
177 1069 468 1130 οἰκειακοὺς
493 1069 588 1121 τὸν
609 1067 1024 1138 κατηγοροῦντα
1047 1068 1316 1137 παράγειν
1337 1067 1420 1119 δεῖ
1442 1067 1606 1136 μάρ-’

63 1162 329 1232 τυρις,.καὶ
364 1157 722 1224 ὑπεξουσίους
767 1157 938 1227 αὐτῷ,
987 1158 1021 1226 ἢ
1068 1156 1578 1226 ύποχειρίους,οὒς,

63 1261 98 1310 εξ
122 1255 182 1326 μὴ
204 1250 466 1305 πείθοιντο
495 1249 566 1304 τά
596 1249 739 1304 κατά
776 1249 905 1302 νοῦν
933 1249 1086 1318 αὐτῷ
1118 1247 1324 1316 λέγειν,
1364 1247 1580 1312 ἐξέσται

62 1350 96 1400 oi
122 1345 360 1407 κολάζειν.
395 1342 611 1412 Σεμνῆς
639 1341 698 1394 δὲ
730 1341 1188 1412 μεταποιούμενοι
1213 1340 1500 1402 πολιτείας
1533 1341 1582 1393 οί

64 1435 337 1506 ὑποχείριοι,
375 1435 564 1505 ἱερεῖς,
593 1434 755 1504 φημὶ,
794 1435 888 1486 καὶ
918 1433 1176 1496 διάκονοι,
1227 1434 1320 1485 καὶ
1347 1431 1584 1500 λογικῶν

61 1529 377 1597 ἐπιστήμονες
414 1527 779 1597 μαθημάτων,
814 1526 914 1580 οὐκ
940 1525 1238 1597 ἀπόϐλητοι
1270 1525 1407 1594 πρὸς
1446 1538 1587 1594 μαρ-

61 1623 214 1693 τυρίαν
242 1621 474 1673 ἔσονται.
1238 1640 1245 1646 -

121 1717 168 1769 '0
195 1714 244 1766 δὲ
270 1711 363 1778 νϐ’,
401 1713 463 1764 Ei
498 1712 778 1782 κληρικοὶ,
813 1712 967 1784 φησὶ,
1007 1711 1159 1781 παρά
1205 1709 1283 1780 τῷ
1327 1709 1424 1779 τῆς
1463 1709 1585 1762 Ἑκ-

61 1807 244 1877 uineis;
266 1806 503 1874 κριθεῖεν
525 1805 884 1877 δικαστηρίῳ,
901 1806 974 1868 ὠς
989 1807 1017 1857 6
1031 1804 1358 1868 ’ᾼπόστολος
1374 1817 1585 1871 παραγ·

1677 620 1941 661 accusare
2005 603 2382 674 prohibentur,
2433 614 2529 654 eos
2588 613 2688 654 nec
2757 599 2836 652 ad
2876 595 3254 652 testimonium

1675 699 1965 753 admittere
1998 702 2211 764 oportet
2259 709 2276 758 ;
2317 707 2411 748 eos
2444 707 2570 748 vero
2612 691 2705 760 qui
2742 688 2922 761 quoad
2954 691 3115 743 vitam
3153 690 3252 744 ho-

1677 791 1817 846 nesti
1867 798 2038 852 sunt,
2099 803 2332 858 quorum
2403 785 2791 844 testimonium
2829 783 2940 838 vita
3002 792 3250 837 anteacta

1678 881 2143 954 comprobaverit,
2176 895 2284 933 non
2331 879 2642 948 impuberes
2673 890 2818 940 esse,
2845 876 3006 930 annis
3047 875 3254 930 scilicet

1680 978 2098 1050 quatuordecim
2169 977 2451 1039 minores,
2501 973 2647 1044 quod
2718 986 2911 1027 eorum
2981 969 3294 1038 judicium‘

1681 1069 1898 1123 firmum
1938 1081 2045 1120 non
2079 1065 2172 1120 sit.
2210 1066 2440 1132 Insuper
2488 1078 2592 1118 nec
2631 1071 3008 1118 accusatorem
3046 1057 3256 1126 produ-

1682 1175 1806 1215 cere
1843 1170 2058 1230 oportet
2099 1167 2265 1215 testes
2303 1157 2664 1220 domesticos,
2698 1165 2755 1210 et
2789 1154 2882 1222 qui
2936 1151 3039 1206 sub
3103 1159 3242 1218 pote-

1682 1251 2082 1316 statesuntvel
2105 1250 2358 1320 subjecti,
2391 1263 2552 1318 quos,
2579 1248 2683 1303 nisi
2723 1245 2864 1315 quod
2903 1244 3018 1313 ipse
3043 1243 3256 1311 probet,

1683 1345 1943 1408 dixerint,
1999 1342 2264 1412 puniendi
2325 1347 2653 1409 potestatem
2720 1336 2907 1391 habet.
2961 1334 3068 1400 Qui
3127 1347 3258 1387 vero

1686 1436 2054 1493 honestiorem
2093 1436 2145 1489 in
2183 1433 2386 1490 familia
2418 1433 2600 1486 locum
2631 1429 2900 1491 obtinent,
2947 1425 3260 1481 sacerdotes

1685 1528 1916 1591 scilicet,
1953 1537 2011 1582 et
2052 1526 2290 1592 diaconi,
2319 1537 2370 1580 et
2413 1525 2620 1591 clerici,
2650 1522 2744 1592 qui
2782 1521 3112 1575 mathemata
3153 1517 3253 1571 eal-

1686 1619 1819 1682 lent,
1859 1635 1889 1674 a
1923 1619 2240 1681 testimonio
2271 1617 2506 1673 dicendo
2537 1628 2884 1684 nequaquam
2919 1611 3260 1681 rejicientur.

1756 1709 1985 1780 Insuper
2018 1723 2194 1764 canon
2229 1707 2320 1774 59,
2352 1707 2409 1762 Si
2443 1707 2650 1772 clerici,
2675 1705 2874 1774 inqttit,
2907 1703 2962 1756 in
3004 1700 3126 1755 foro
3164 1715 3258 1754 ee-

1687 1803 1996 1858 clesiastico
2038 1801 2273 1870 iudicati
2326 1801 2552 1864 fuerint,
2582 1799 2732 1855 dicto
2785 1795 3083 1865 apostolico
3127 1807 3259 1846 eon-

60 1863 264 1965 γέὶίλεαί
299 1863 481 1966 θὀλμᾷ
515 1913 602 1959 τις
641 1863 794 1966 ὑμῶν
835 1863 1073 1968 πρᾶγμα
1103 1895 1266 1962 ἔχων,
1300 1863 1587 1964 κρίνεσθαι

1755 1901 1982 1962 quenter
2011 1863 2080 1946 ξι
2114 1891 2291 1945 Audet
2317 1889 2443 1960 quis
2463 1863 2706 1942 vestrum
2740 1863 2946 1940 habens
2979 1881 3258 1952 negotium

59 1989 131 2041 ἐπὶ
148 1986 240 2038 τῶν
257 1987 474 2056 ἀδίκων,
496 1989 593 2041 καὶ
622 1989 742 2058 ούχὶ
766 1990 858 2041 ἐπὶ
877 1989 982 2041 τῶν
1011 1987 1183 2056 ἁγίων
1208 2003 1224 2053 ;
1264 2006 1282 2040 ι
1313 1985 1408 2040 καὶ
1433 1985 1588 2040 θάτε-

61 2101 128 2151 ρον
157 2082 304 2151 μέρος
347 2082 448 2150 τῆς
497 2080 877 2151 ἐξενεχθείσης
919 2080 1222 2149 καταγνοίη
1263 2078 1470 2147 ψήφου,
1510 2074 1586 2147 μὴ

61 2174 218 2238 ἐξεῖναι
245 2172 452 2242 θατέρῳ
485 2173 649 2243 μέρει
674 2173 754 2236 είς
788 2172 851 2225 τὸ
881 2171 983 2241 τῆς
1014 2171 1286 2242 ἑκκλήτου
1330 2169 1590 2238 δικαστή-

64 2284 148 2336 ριον
169 2265 331 2319 ιλκειν
365 2265 505 2336 πρὸς
544 2265 858 2336 μαρτυρίαν
891 2265 983 2318 τὸν
1034 2264 1300 2334 πρότερον
1330 2262 1427 2333 τὴν
1457 2261 1589 2314 ὑπό-

63 2358 175 2409 θεσιν
199 2356 587 2427 δοκιμάσαντα,
626 2358 659 2428 ἢ
695 2359 794 2412 καὶ
815 2358 1144 2428 κρινομένης
1175 2354 1586 2426 παρατυχόντα,

64 2447 166 2517 μηδὲ
190 2448 306 2512 τοὺς
347 2447 499 2517 γένει
552 2449 934 2521 προσήκοντας
989 2445 1394 2520 προϐάλλεσθαι
1445 2443 1587 2522 μάρ-

61 2555 210 2609 τυρπς.

702 2677 910 2749 Νόμοι.

124 2813 472 2880 ’Δξιοπίστους
509 2809 655 2868 εἶναι
681 2814 763 2867 δεῖ
780 2813 912 2876 ’τοὺς
941 2811 1250 2884 μάρτυρας.

117 2910 208 2962 Καὶ
235 2910 578 2979 παράγονται
617 2909 710 2960 καὶ
736 2905 831 2959 ἐπὶ
869 2902 1235 2976 χρηματικῶν
1262 2902 1358 2956 καὶ
1384 2899 1590 2971 ἐγκλη-

68 3001 268 3070 ματικιὶν
313 2999 652 3064 ὑποθέσεων,
703 2999 754 3052 εί
793 2997 876 3069 μὴ
907 2995 1284 3068 κεκωλυμένοι
1339 2995 1446 3050 ὑπὸ
1496 2993 1590 3047 τοῦ

63 3094 213 3162 νόμου,
237 3095 267 3165 ἢ
301 3093 850 3162 ὲξκουσοιτευόμενοι.

124 3178 428 3256 Ἀπόϐλητος
477 3185 562 3245 είς
605 3181 916 3254 μαρτυρίαν
963 3181 1173 3251 γίνεται
1225 3183 1252 3234 6
1291 3180 1663 3268 καταδικα-ο

65 3277 178 3340 ceti;
200 3277 278 3331 διὰ
305 3277 366 3331 τὸ
398 3276 629 3346 ποιῆσαι
653 3273 944 3344 ταραχώδη
971 3271 1272 3342 φλυαρίαν.

120 3372 196 3422 Δεῖ
225 3371 343 3431 τοὺς
398 3369 692 3440 μάρτυρας
744 3366 1010 3437 πρότερον
1062 3363 1316 3433 ὀμνύναι,
1377 3363 1510 3435 πρὶν
1556 3361 1594 3434 ἢ

67 3463 436 3530 μαρτυρήσωσι·
461 3462 578 3522 τοῖς
603 3457 950 3528 τιμιωτέροις
971 3455 1027 3508 δὲ
1055 3455 1259 3524 μᾶλλον
1291 3454 1591 3508 πιστεύειν.

73 3549 192 3614 Ἕνὸς
217 3550 269 3604 δὲ
299 3549 692 3622 μαρτυρίαρὺκ
721 3545 1018 3616 ἐστιδεκτὴ
1049 3548 1106 3598 ὲν
1130 3544 1422 3616 οίᾳδήποτε
1443 3544 1594 3618 δίκη,

61 3643 143 3696 κᾶν
176 3644 534 3715 συγκλητικὸς

115 3827 182 3898 Τῇ
212 3827 350 3881 κατὰ
379 3824 480 3881 τοῦ
522 3822 825 3878 ἐπισκόπου
877 3822 1093 3892 ἀγωγῇ,
1138 3822 1185 3874 εί
1240 3821 1344 3892 μὲν
1381 3837 1597 3892 χρημα-

59 3920 159 3993 τικὴ
183 3920 285 3992 εἴη,
340 3919 510 3992 μέχρι
554 3916 748 3989 λίτρας
803 3916 958 3986 μιᾶς,
1014 3913 1110 3968 δύο
1159 3915 1343 3968 πιστοὶ
1387 3913 1598 3981 ἔντιμοι

62 4011 306 4079 μάρτυρες
339 4007 623 4078 ὲνομότως
660 4005 1136 4077 μαρτυρήσουσιν·
1170 4005 1218 4055 εί
1265 4001 1322 4054 δὲ
1358 4001 1520 4072 μέχρι
1555 4001 1596 4052 ν’

58 4100 244 4172 λιτρῶν,
268 4102 437 4172 τρεῖς·
467 4099 519 4152 εί
549 4098 605 4150 δὲ
628 4097 988 4162 ὲπέκεινα,ε’.
1017 4095 1077 4148 El
1100 4091 1157 4148 δὲ
1191 4079 1598 4164 ἐγκληματικὸν

58 4193 126 4264 εἴη
155 4195 208 4247 τὸ
235 4195 489 4259 αἰτίαμα,
516 4190 606 4244 διὰ
651 4195 692 4242 ε’
735 4187 1030 4260 μαρτύρων
1062 4185 1276 4240 πιστῶν
1314 4186 1412 4240 καὶ
1455 4185 1600 4240 ἐντί-

61 4305 157 4356 μων
183 4286 462 4356 ὀμνύντων
497 4281 903 4337 ἀποδείκνυται.

111 4378 210 4432 Ούκ
240 4378 384 4429 ἐστιν
412 4373 733 4438 ἀξιόπιστος
784 4369 997 4439 μάρτυς
1023 4369 1049 4420 6
1075 4362 1398 4419 κελεύεσθαι
1437 4364 1599 4418 δυνά-

60 4485 195 4538 μενος
231 4471 360 4538 παρ’
394 4463 538 4542 ἐμοῦ
573 4463 668 4516 ἐπὶ
705 4461 782 4531 τῷ
815 4462 1190 4530 μαρτυρῆσαι.

121 4563 174 4614 '0
219 4563 525 4632 κατήγορος
557 4554 870 4618 οίκειακοὺς
923 4553 1210 4624 μάρτυρας
1265 4552 1325 4605 ού
1378 4550 1598 4606 δύναται
1630 4552 1679 4612 D

58 4669 321 4722 παραγειν.

122 4745 176 4797 '0
201 4746 339 4798 κατά
375 4740 747 4810 συκοφαντίαν
801 4737 896 4791 ἐπὶ
949 4737 1294 4806 παραστάσει
1340 4735 1490 4804 παρά
1521 4735 1603 4787 δι-

59 4841 210 4910 καστῇ
259 4835 561 4908 προσφόρῳ
595 4831 920 4902 αἰτιώμενος
955 4829 1278 4894 ἐπίσκοπον,
1331 4829 1376 4879 λ’
1416 4826 1601 4880 δίδωσι

57 4932 242 4998 λίτρας.

116 5024 261 5076 Κατὰ
304 5024 458 5094 τρεῖς
497 5019 731 5090 τρόπους
767 5018 800 5086 ἡ
852 5014 1188 5083 συκοφαντία
1221 5012 1452 5081 γίνεται,
1509 5011 1604 5064 καῖ

57 5114 234 5184 τριπλῆ
286 5116 321 5180 ἡ
376 5111 760 5178 ὲπεξέλευσις’
807 5107 841 5178 ἢ
887 5107 1000 5174 γὰρ
1051 5103 1378 5173 συκοφαντεῖ
1415 5119 1498 5164 τις
1528 5101 1606 5166 ὡς

61 5206 290 5269 πλαστῶς
329 5203 676 5274 κατηγορῶν,
710 5201 743 5270 ἢ
777 5198 1048 5269 προδότης
1077 5198 1176 5266 τῆς
1224 5195 1361 5258 ιδίας
1404 5194 1606 5248 ὑποθέ-

61 5315 178 5359 σεως
205 5299 432 5366 γίνεται,
463 5296 510 5348 τ’
542 5276 1080 5365 ὰληθῆὶγκλήματα
1104 5286 1388 5357 κρύπτων,
1418 5285 1451 5356 ἦ
1477 5301 1606 5354 φευ-

60 5391 265 5455 γοδικεῖ,
319 5389 542 5450 τελείως
597 5383 902 5456 ἀναχωρῶν
952 5381 1050 5450 τῆς
1105 5376 1464 5449 κατηγορίας.
1529 5377 1604 5430 Οὐ

61 5479 261 5542 πάντως
307 5479 367 5532 δὲ
407 5476 751 5545 συκοφάντης
803 5472 950 5526 ἐστὶν
995 5472 1024 5522 6
1075 5467 1151 5539 μὴ
1205 5468 1527 5530 ἀποδεικνὺς
1577 5466 1607 5520 6

62 5572 448 5640 κατηγόρησεν,
486 5567 600 5621 ἀλλ’
631 5568 689 5619 ὲν
728 5568 795 5636 τῇ
833 5565 1014 5633 κρίσει
1049 5560 1143 5613 τοῦ
1175 5557 1432 5613 δικαστοῦ
1467 5560 1606 5622 ἐστι,

68 5661 194 5730 μιτά
227 5663 287 5716 τὸ
319 5659 749 5731 ὲλευθερωθῆναι
787 5657 878 5710 τὸν
911 5651 1414 5723 κατηγορούμενον,
1445 5649 1608 5719 ζητῆ-

63 5767 143 5804 σαι
171 5754 296 5822 περὶ
326 5753 536 5806 τούτου.
565 5752 682 5805 Κᾶν
710 5748 811 5817 μὲν
833 5748 968 5818 εἴπῃ
995 5746 1108 5799 Οὐκ
1129 5742 1439 5806 ἀπέδειξας,
1463 5739 1609 5809 ὲφεί-

66 5859 182 5897 cato
207 5845 388 5898 αὐτοῦ’
408 5845 470 5898 ἂν
493 5844 548 5897 δὲ
570 5843 702 5912 εἴπῃ
733 5839 1232 5907 Ἐσυκοφάντησας,
1253 5831 1608 5887 κατεδίκασεν

1687 1987 1788 2041 sub
1813 1984 2234 2056 iniquisjudicio
2256 1981 2679 2042 contendere,et
2707 1992 2813 2031 non
2835 1977 2938 2030 sub
2959 1973 3167 2030 sanctis
3186 1990 3200 2027 ι
3234 1990 3253 2023 ι

1686 2087 1741 2131 et
1791 2093 1898 2132 una
1956 2091 2082 2146 pars
2129 2074 2458 2129 sententiam
2496 2071 2762 2141 prolatam
2798 2065 3160 2127 damnaverit,
3195 2079 3263 2118 ne

1687 2168 1849 2224 liceat
1896 2165 2052 2221 alteri
2100 2165 2240 2236 parti
2298 2179 2424 2218 eum
2459 2163 2552 2232 qui
2586 2173 2815 2215 causam
2855 2159 3010 2228 prius
3048 2155 3262 2211 exami-

1687 2261 1857 2325 navit,
1887 2259 1971 2312 vel
2005 2249 2400 2312 examinationi
2448 2252 2720 2314 interfuit,
2755 2252 2821 2305 ad
2873 2249 3052 2304 forum
3084 2246 3262 2302 eccle-

1689 2353 1974 2410 siasticum
2019 2349 2321 2406 testimonii
2351 2346 2566 2404 dicendi
2605 2360 2772 2401 causa
2801 2342 3042 2408 trahere,
3085 2353 3264 2410 neque

1691 2446 2102 2519 prepinquitate
2131 2442 2457 2514 coniunctos
2491 2449 2660 2497 testes
2693 2439 3019 2508 producere.

2400 2660 2580 2731 Leges.

1760 2796 1957 2855 Testes
1988 2796 2092 2853 ﬁde
2126 2796 2321 2868 dignos
2354 2809 2477 2850 esse
2502 2799 2718 2862 oportet

1729 2891 2130 2959 ..Adltiberique
2178 2892 2412 2957 possunt
2464 2893 2574 2938 tam
2611 2883 2664 2936 in
2709 2880 3043 2952 pecuniariis
3095 2894 3260 2950 quam

1691 2983 2068 3041 criminalibus
2119 2979 2303 3034 causis
2349 2979 2402 3032 hi
2453 2976 2796 3048 qulbuslege
2835 2990 2943 3028 non
2980 2972 3264 3028 interdici-

1692 3086 1782 3132 tur
1813 3074 2209 3138 testimonium,
2248 3071 2332 3125 vel
2355 3071 2447 3139 qui
2487 3085 2592 3123 non
2627 3077 2979 3123 excusantur.

1762 3167 1894 3236 Ejus
1927 3164 2298 3221 testimonium
2344 3162 2438 3232 qui
2472 3163 2541 3217 ob
2573 3163 2778 3216 editum
2821 3176 3043 3215 carmen
3093 3159 3266 3214 famo-

1693 3276 1813 3316 sum
1838 3258 2236 3314 condemnatus
2261 3262 2366 3321 est,
2391 3270 2496 3308 non
2525 3253 2855 3308 admittitur.

1763 3352 1954 3407 Testes
1996 3350 2313 3420 priusquam
2349 3346 2716 3400 testimonium
2765 3344 3109 3416 perhibeant,
3140 3340 3287 3411 jus-“

1689 3445 1985 3519 jurandum
2028 3451 2291 3512 praestare
2335 3438 2570 3506 debent;
2603 3448 2657 3493 et
2682 3439 3091 3492 honestioribus
3131 3435 3264 3489 ﬁdes

1696 3538 1878 3610 potius
1922 3531 2228 3587 adhibenda
2287 3539 2390 3586 est.
2426 3529 2600 3585 Unius
2629 3544 2758 3584 vero
2799 3527 3166 3582 testiinonium
3210 3527 3286 3580 in‘

1694 3641 2024 3702 quacunque
2097 3637 2265 3678 causa
2323 3623 2534 3678 admitti
2589 3638 2700 3676 non
2766 3615 3268 3690 d‘ebct,‘quamvis

1695 3733 1917 3780 senator
1947 3721 2039 3774 sit.

1766 3813 1826 3867 In
1859 3813 2072 3866 actione
2104 3818 2293 3866 contra
2340 3807 2684 3875 episcopum,
2728 3802 2773 3856 si
2811 3799 3127 3870 pecuniaria
3175 3798 3266 3862 sit,

1698 3904 1764 3958 ad
1811 3919 1973 3957 unam
2029 3902 2223 3956 libram
2271 3899 2381 3952 duo
2427 3896 2614 3950 ﬁdeles
2649 3892 2865 3947 honesti
2891 3889 3266 3944 testimonium

1697 3995 1910 4058 dicent;
1948 3993 2030 4046 sin
2079 3992 2144 4045 ad
2208 4006 2238 4044 ι.
2271 3989 2458 4052 libras,
2504 3996 2650 4047 tres;
2703 3982 2746 4037 si
2803 3993 2934 4035 vero
2985 3979 3266 4047 deinceps,

1698 4089 1958 4157 quinque.
1995 4084 2148 4152 Quod
2185 4084 2428 4146 sicausa
2449 4075 2752 4132 criminalis
2779 4070 2964 4134 fuerit,
2992 4085 3086 4140 per
3107 4070 3270 4138 quin-

1699 4193 1806 4249 que
1841 4177 1975 4232 ﬁdos
2031 4186 2086 4231 et
2142 4175 2402 4228 honestos
2451 4179 2618 4224 testes
2669 4166 3042 4236 juramentum
3097 4162 3271 4216 susci-

1701 4269 1913 4342 pientes
1941 4265 2225 4336 probatur.

1771 4359 1893 4414 Non
1937 4365 2022 4412 est
2066 4356 2296 4410 idoneus
2345 4352 2502 4408 testis
2531 4351 2617 4406 cui
2655 4350 2924 4418 imperare
2955 4358 3180 4418 possum
3210 4349 3270 4394 ut

1703 4451 2077 4506 testimonium
2113 4448 2279 4502 dicat.
3164 4437 3168 4442 ’
3226 4495 3230 4498 ,

1774 4541 2081 4596 Accusator
2136 4548 2301 4594 testes
2334 4537 2401 4594 de
2445 4535 2610 4590 domo
2659 4550 2756 4590 sua
2799 4534 3101 4604 producere
3159 4543 3269 4582 non

1705 4643 1904 4706 potest.

1774 4727 1878 4793 Qui
1924 4741 2019 4796 per
2046 4722 2380 4780 calumniam
2413 4721 2466 4776 in
2497 4717 2838 4775 exhibitione
2871 4729 3054 4770 coram
3089 4711 3272 4778 judice

1705 4825 1797 4888 qttt
1835 4817 2283 4887 jurisdictionem
2321 4813 2485 4868 habet
2537 4811 2852 4880 episcopum
2903 4814 3150 4867 accusat,
3180 4800 3278 4856 tri-

1706 4911 1852 4980 ginta
1885 4909 2003 4963 auri
2033 4908 2201 4961 libras
2242 4906 2462 4976 pendat.

1776 4999 2058 5053 Calumnia
2089 4999 2264 5052 tribus
2298 4997 2475 5050 modis
2506 4995 2585 5061 iit,
2611 5003 2664 5048 et
2688 4991 2976 5062 tripliciter
3011 4986 3278 5059 punitur;

1707 5093 1790 5146 vel
1823 5093 1970 5145 enim
2021 5088 2395 5144 calumniatur
2453 5086 2577 5156 quis
2635 5099 2908 5138 accusans
2961 5081 3138 5142 falso,
3192 5077 3276 5131 Vel

1706 5185 1888 5255 prodit
1933 5183 2208 5252 propriam
2258 5194 2504 5240 causam,
2534 5193 2660 5233 vera
2689 5175 2922 5232 crimina
2955 5171 3278 5232 occultans;

1707 5280 1792 5334 vel
1849 5279 2267 5347 tergiversatur,
2315 5275 2368 5328 in
2423 5273 2738 5328 universum
2801 5270 2872 5325 ab
2921 5265 3278 5322 accusatione

1707 5373 2000 5428 desistens.
2043 5369 2160 5424 Non
2221 5367 2448 5422 omnino
2484 5381 2616 5420 vero
2649 5363 3012 5420 calumniator
3043 5366 3148 5421 est,
3182 5354 3277 5422 qui

1709 5481 1818 5520 non
1871 5464 2067 5533 probat
2115 5461 2261 5530 quod
2300 5458 2552 5524 intendit,
2579 5459 2672 5513 sed
2716 5459 2768 5512 in
2807 5453 3036 5510 arbitrio
3073 5449 3280 5521 judicis

1707 5564 1792 5611 est
1817 5571 1910 5609 reo
1959 5554 2212 5608 absoluto
2247 5552 2349 5606 hac
2378 5551 2444 5605 de
2474 5566 2531 5604 re
2560 5548 2856 5618 inquirere.
2905 5545 2965 5597 Et
3005 5541 3274 5609 siquidem

1711 5647 1924 5709 dixerit,
1955 5643 2076 5699 Non
2101 5644 2368 5713 probasti,
2414 5641 2656 5712 pepercit
2687 5640 2774 5706 ei;
2811 5637 2857 5692 si
2891 5649 3020 5690 vero
3050 5632 3275 5696 dixerit,

1709 5735 2082 5793 Calumniatus
2116 5751 2194 5799 es,
2221 5734 2509 5789 calumnia:
2532 5745 2655 5786 eum
2686 5724 3095 5789 condemnavit,
3124 5719 3281 5793 105

1711 5829 1923 5886 etiamsi
1981 5830 2044 5882 de
2114 5843 2274 5898 pmna
2323 5827 2458 5881 nihil
2507 5821 2728 5880 dixerit.
2771 5816 2830 5873 Si
2885 5830 3014 5871 vero
3058 5813 3288 5878 dixerit,
