3774 6560
484 383 619 448 1247
1678 393 1974 454 ΜΑῚἾἭΔ

2159 393 2234 452 LA
2244 393 2520 454 STARIS
3557 402 3649 469 iiii

483 495 712 554 Temere
740 501 1037 565 accusasti.
1071 519 1178 560 non
1232 502 1364 561 facit
1390 505 1542 561 illum
1581 505 1973 561 calumniatore

2172 505 2335 560 αὑτὸν
2366 506 2446 570 εἰς
2479 505 2846 574 συκοφαντίαν
2876 521 2890 535 ·
2943 505 3048 560 κᾶν
3086 504 3252 574 μηδὲν
3289 504 3410 578 εἴπῃ
3451 515 3555 583 περὶ
3591 521 3656 588 τῆς

485 605 585 646 uec
627 608 802 662 ρωποι
848 595 1165 667 subjicitur.

2167 598 2376 666 ποινῆς,
2423 598 2784 652 ἐπακολουθεῖ
2821 599 2950 667 γάρ·
3014 597 3082 651 ἂν
3138 599 3196 651 δὲ
3241 599 3402 670 εἴπῃ,
3436 603 3657 674 [Ipsum];

2160 688 2462 758 ὲκίνησας,
2501 690 2671 760 ἧγουν
2717 688 2820 742 οὐκ
2871 688 3165 750 ἀπέδειξας
3196 727 3212 751 ,
3264 689 3326 742 οὐ
3380 696 3506 746 ποιεῖ
3543 699 3658 755 αὑτὸν

1307 817 1326 838 ,_
2164 780 2534 848 συκοφάντην,
2559 779 2682 833 οὐδὲ
2717 781 2910 851 ποινὴν
2935 781 2964 832 δ
2996 779 3242 844 τοιοῦτος
3267 781 3548 850 ὑφίσταται.

554 862 747 918 Mulier
779 864 878 919 viri
911 865 1152 922 olIicium
1196 883 1308 922 non
1345 867 1482 932 obit,
1512 881 1614 924 nec
1647 867 1703 922 in
1737 875 2044 922 testamentt

2241 869 2306 922 Ἥ
2333 870 2472 940 γυνὴ
2498 871 2559 924 οὐ
2594 870 2925 940 μετέρχεται
2955 870 3194 941 dusz
3223 872 3482 941 δφφίκιον,
3507 879 3601 933 οὐδὲ
3621 885 3658 936 ὲν

483 955 637 1009 testis
660 971 787 1012 esse
815 967 1017 1026 potest,
1048 960 1153 1015 nisi
1179 960 1233 1014 in
1275 961 1480 1029 quibus
1508 961 1611 1014 viri
1644 975 1752 1015 non
1788 959 1973 1014 advoc:

2171 961 2402 1033 διαθήκῃ
2435 965 2730 1033 μαρτυρεῖ,
2762 964 2811 1016 εί
2853 963 2931 1033 μὴ
2961 965 3025 1018 ιν
3048 958 3131 1027 οἷς
3165 963 3357 1035 ἄνδρες
3391 967 3444 1018 οὐ
3480 985 3661 1039 apem.

484 1054 597 1104 tur.
641 1048 813 1105 Porro
860 1067 961 1107 nec
992 1051 1058 1108 iis
1092 1053 1310 1123 publice
1360 1068 1583 1109 causam
1616 1066 1777 1122 agere
1831 1066 1974 1120 perm

2170 1053 2400 1108 λοῦνται.
2449 1052 2594 1108 Ἀλλ’
2619 1053 2740 1108 οὐδὲ
2771 1057 3092 1124 συνηγορεῖν
3125 1054 3355 1119 ταύταις
3387 1057 3562 1125 ἐφεῖται
3594 1066 3660 1134 δη.

485 1150 607 1192 sum
649 1149 769 1208 est;
807 1143 902 1196 sed
956 1149 1165 1215 tantum
1214 1159 1314 1213 pro
1371 1144 1573 1214 seipsis
1623 1159 1848 1200 causam
1891 1158 1975 1213 agt

2171 1142 2350 1214 μοσίᾳ,
2381 1143 2602 1207 ἑαυταῖς
2634 1142 2697 1196 δῖ
2734 1143 2896 1213 μόνον
2934 1146 3301 1215 συνηγοροῠσι
3351 1149 3439 1202 καὶ
3463 1152 3575 1224 γυνὴ
3595 1159 3661 1210 καὶ

485 1231 704 1298 mulier,
741 1241 796 1288 et
821 1249 1018 1300 caecus;
1055 1236 1144 1292 ille
1175 1249 1306 1291 vero
1331 1246 1388 1293 et
1409 1237 1502 1308 jus
1531 1239 1716 1292 dicere
1748 1245 1948 1307 potest.

1865 1245 1948 1291 εει.
2161 1235 2364 1302 τυφλός
2392 1250 2408 1265 ο
2441 1253 2597 1300 ουτος
2623 1235 2680 1289 δὲ
2711 1237 2807 1290 καὶ
2836 1236 3080 1302 δικάζειν
3108 1237 3355 1294 δύναται.

556 1323 699 1388 Quin
729 1335 786 1380 et
813 1327 1022 1382 novella
1052 1328 1123 1382 48
1168 1329 1522 1399 imperatoris
1560 1326 1760 1385 Leonis
1803 1330 2046 1385 muliere:

2245 1332 2311 1385 'H
2358 1333 2414 1386 δὲ
2451 1331 2541 1402 μη⁹
2578 1332 2758 1402 νεαρὰ
2808 1333 2904 1387 τοῦ
2961 1333 3231 1403 βασιλέως
3267 1333 3483 1397 Λέοντος
3517 1339 3662 1391 κωλύει

485 1415 540 1471 in
590 1421 1053 1478 conventiouibus
1116 1431 1172 1478 et
1232 1424 1608 1479 contractibus
1682 1423 1975 1479 testimonii

2173 1421 2262 1486 τὰς
2288 1427 2554 1490 γυναῖκας
2589 1426 2682 1479 ἐπὶ
2715 1425 3030 1496 συμφώνως
3067 1427 3373 1496 μαρτυρεῖν
3412 1428 3492 1479 καὶ
3519 1431 3663 1481 συναλ-

485 1507 674 1566 dicere
727 1522 920 1567 vetat:
957 1515 1009 1568 in
1058 1523 1218 1585 partu
1257 1524 1545 1579 autem,et
1599 1517 1654 1570 in
1704 1517 1771 1572 iis
1823 1532 1946 1586 quae

2173 1515 2460 1585 λάγμασιν·
2486 1518 2582 1571 ἐπὶ
2613 1517 2670 1571 δὲ
2701 1517 2962 1582 τοκετῶν,
2995 1517 3091 1572 καὶ
3119 1516 3206 1583 ἐφ’
3231 1508 3309 1572 ὧν
3341 1516 3462 1587 μόνη
3488 1519 3663 1588 θηλειῶν

485 1602 649 1658 minis
682 1603 818 1660 solis
863 1606 1048 1662 videre
1087 1608 1447 1678 permittitur,
1479 1608 1851 1663 testimonium
1881 1608 1975 1666 dio

2174 1607 2287 1679 Ξψις
2310 1609 2444 1679 ὁρᾷν
2483 1609 2943 1682 συγκεχώρηται,
2977 1608 3368 1677 ἐπιτρέπονται
3406 1614 3664 1682 μαρτυρεῖν.

485 1705 745 1766 possunt.

890 1809 976 1865 E1:
997 1813 1199 1866 novella
1223 1811 1517 1868 Iustiniani
1555 1815 1674 1871 125.
2081 1872 2133 1933 Β
2345 1809 2380 1863 Ἷ

2081 1872 2133 1933 Β
2345 1809 2448 1864 Ἐκ
2489 1807 2600 1877 τῆς
2617 1813 2754 1880 ρκγν
2804 1806 3314 1865 ἰουστινιανείου
3339 1805 3551 1875 νεαρᾶς.

558 1921 936 1978 Sanctissimis
962 1926 1298 1993 presbyteris
1325 1936 1378 1981 et
1401 1927 1668 1991 diaconis,
1689 1929 1732 1984 si
1767 1944 1866 2000 pro
1892 1945 2048 1986 causa

2232 1921 2358 1986 Τοῖς
2394 1921 2814 1985 εὐλαϐεστάτοις
2868 1921 3268 1992 πρεσϐυτέροις
3321 1921 3410 1974 καὶ
3441 1920 3667 1987 διακόνοις,

485 2014 806 2082 pecuniaria
838 2015 1038 2069 falsum
1077 2017 1452 2072 testimonium
1488 2018 1696 2074 dixisse
1731 2020 1975 2090 deprcltet

2177 2017 2205 2069 εί
2237 2015 2514 2086 εὑρεθεῖεν
2537 2014 2676 2085 ὑπὲρ
2698 2013 3053 2086 χρηματικῆς
3075 2013 3259 2076 αίτῐας
3290 2011 3667 2085 ψευδομαρτυρή.

483 2108 615 2172 sint,
648 2123 757 2162 non
799 2118 982 2163 autem
1023 2109 1340 2179 iuramento
1371 2111 1722 2166 mendacium
1762 2115 1973 2168 conliru‘

2176 2123 2371 2170 παντες.
2406 2106 2480 2178 μὴ
2509 2107 2693 2174 μέντοι
2717 2122 2781 2174 γε
2813 2106 2960 2177 ὅρκῳ
2977 2106 3036 2157 τὸ
3057 2103 3255 2173 ψεῦδος
3281 2103 3666 2174 βεϐαιωσάμενοι,

483 2202 684 2265 verint,
726 2203 796 2257 iis
839 2219 940 2272 pro
983 2219 1143 2272 poena
1181 2204 1436 2267 suiﬂciet,
1470 2206 1648 2261 tribus
1691 2207 1852 2262 annis
1886 2222 1917 2262 a
1952 2225 1973 2260 π

2178 2199 2369 2260 τούτοις
2404 2197 2654 2268 ἀρκέσει,
2682 2199 2804 2251 ἀντὶ
2838 2195 3115 2266 βασάνων,
3147 2197 3244 2249 ἐπὶ
3276 2197 3423 2265 τρεῖς
3449 2197 3668 2260 ἐνιαυτοὺς

484 2293 712 2348 nisterio
761 2298 1044 2365 separari,
1088 2307 1142 2352 et
1185 2300 1533 2354 monasteriis
1587 2273 1756 2355 tradi:
1823 2299 1880 2356 Si
1928 2315 1974 2354 ν(

2180 2291 2492 2362 [ωρίζεσθαι
2518 2293 2620 2361 τῆς
2643 2289 2797 2354 θείας
2840 2289 3171 2360 ὑπηρεσίας,
3215 2289 3312 2340 καὶ
3356 2289 3670 2357 μοναστηρέοις

484 2387 772 2442 mendacio
821 2388 1198 2459 jnramentum
1265 2389 1590 2459 adjecerint,
1641 2407 1814 2445 canon
1877 2405 1972 2448 eos

2178 2399 2231 2436 τα
2242 2382 2568 2453 ραδίδοσθαι.
2595 2381 2656 2434 Et
2678 2381 2735 2433 δι
2758 2382 2854 2434 καὶ
2879 2380 2957 2450 τῷ
2973 2379 3158 2448 ψεύδει
3180 2379 3275 2430 τὸν
3293 2379 3450 2449 ὅρκον
3468 2380 3668 2448 προσέθη-

484 2481 793 2535 sacerdotio
843 2482 1178 2552 prazscindit.
1214 2481 1370 2548 Quod
1412 2483 1457 2537 si
1490 2483 1542 2536 in
1586 2498 1750 2537 causa
1783 2484 1974 2538 crimin

2181 2493 2283 2539 :av,
2299 2478 2327 2530 δ
2359 2474 2537 2529 κανὼν
2561 2474 2759 2538 αὐτοὺς
2776 2472 3049 2544 προέκοψε
3073 2471 3172 2540 τῆς
3198 2471 3518 2541 ἱερωσύνης.
3545 2471 3671 2539 ’Υπὲρ

484 2571 682 2628 falsum
735 2574 1110 2630 testimonium
1175 2575 1436 2641 dixerint,
1520 2577 1755 2640 multati,
1813 2587 1974 2646 prout

2180 2569 2213 2622 ἱὲ
2249 2567 2676 2638 ὲγκληματικῶν
2700 2566 2891 2619 αἰτιῶν
2921 2566 2971 2618 εἰ
2999 2563 3670 2634 ψευδομαρτυρίανιεῐποιεν,

483 2666 660 2722 sacris
719 2670 1021 2725 canonibus
1067 2670 1349 2737 delinitur,
1398 2671 1545 2725 clero
1606 2671 1973 2737 denudantur,

2187 2661 2570 2731 γγραψάμενοι
2626 2657 2910 2728 δηλονότι,
2969 2658 3047 2720 ὠς
3100 2657 3218 2717 τοῖς
3281 2653 3446 2716 θείοις
3497 2653 3673 2722 ὥρισται

485 2759 665 2828 panis
696 2751 958 2828 praeterea
984 2761 1242 2832 legitimis
1270 2762 1668 2832 subjiciuntur.

2184 2755 2374 2816 ιανὸσι,
2434 2753 2530 2804 τοῦ
2582 2749 2788 2820 κλήρου
2822 2749 3278 2818 ἀπογυμνοῦνται
3308 2747 3404 2800 καὶ
3429 2749 3536 2810 ταῖς
3561 2748 3674 2816 νομί-

2161 2861 2282 2916 μοις
2319 2844 2532 2905 ποιναῖς
2563 2840 2987 2895 ὑποϐάλλονται.

554 2938 846 2996 Sufficiunt
903 2942 969 2997 ad
1030 2943 1410 3015 probationem
1471 2945 1712 3016 quinque
1769 2955 1956 3014 testes,
2009 2947 2044 3002 si

2237 2934 2493 3007 Ἀρκοῦσι
2533 2935 2669 3006 πρὸς
2693 2933 2970 2996 ἀπόδειξιν
3001 2931 3170 2984 πέντε
3205 2931 3499 3000 μάρτυρες,
3521 2931 3678 3008 ἐγγρά-

485 3032 690 3100 sctipta
727 3049 836 3087 non
872 3037 980 3088 sint
1010 3053 1026 3101 ;
1073 3037 1116 3089 si
1143 3047 1278 3090 Vero
1309 3039 1515 3107 scripta
1540 3039 1673 3106 sint,
1705 3039 1819 3095 sive
1853 3040 1975 3095 instl

2192 3047 2274 3082 »ων
2299 3027 2374 3098 μὴ
2400 3027 2590 3080 ὄντων’
2615 3025 2664 3077 εί
2692 3025 2750 3078 δέ
2776 3025 2917 3077 είσιν
2952 3023 3235 3093 ἑγγραφα,
3259 3023 3382 3092 ἢτοι
3415 3019 3682 3091 συμδόλαια,

485 3134 689 3191 menta,
716 3135 826 3182 tres
847 3135 1055 3182 tantum
1085 3128 1393 3184 sufficiunt.

1319 3139 1393 3184 nt.
2157 3123 2304 3194 τρεῖς
2331 3120 2493 3191 μόνον
2521 3116 2809 3189 ἀρκοῦσιν.

560 3215 750 3272 Testes
784 3233 848 3272 ex
879 3219 1068 3274 auditu
1110 3221 1478 3278 testimonium
1516 3238 1584 3278 ne
1618 3210 1837 3289 dicant,
1864 3224 2050 3278 dicen-

2237 3212 2302 3265 Οί
2347 3212 2628 3282 μάρτυρες
2676 3211 2816 3279 ἀκοῇ
2864 3208 2946 3278 μὴ
2976 3207 3454 3278 μαρτυρείτωσαν,
3480 3205 3685 3272 λέγοντες

485 3316 604 3362 tes:
632 3308 715 3364 Ab
757 3311 941 3380 aliquo
983 3311 1319 3380 audivimus,
1350 3315 1497 3369 hunc
1534 3315 1756 3380 debere,
1781 3315 1862 3369 vel
1901 3316 1975 3371 illt

2193 3322 2238 3368 ις
2282 3305 2629 3373 Ἠκούσαμεν
2666 3300 2729 3354 ἐκ
2755 3317 2904 3364 τινος
2952 3301 3102 3354 τόνδε
3130 3303 3457 3370 χρεωστεῖν,
3504 3300 3536 3368 ἢ
3577 3299 3683 3351 τόνδε

485 3400 1020 3472 solvisse;quamvis
1050 3402 1320 3458 tabellarii
1350 3405 1459 3460 sint
1485 3405 1579 3476 qui
1617 3406 1731 3460 haec
1763 3413 1975 3461 testantl

2199 3394 2622 3459 αταδάλλεσθαι,
2674 3393 2779 3446 κᾶν
2832 3392 2887 3444 εί
2921 3391 3278 3462 ταϐουλάριοι
3332 3389 3441 3444 εἷεν
3480 3393 3526 3444 oi
3554 3388 3685 3442 ταῦτα

486 3489 544 3546 ln
580 3494 745 3547 rebus
773 3493 919 3549 enim
943 3496 1326 3551 criminulibns
1356 3511 1582 3552 necesse
1626 3507 1712 3554 cst
1776 3498 1929 3570 ipsos

2195 3489 2595 3558 ιαρτυροῦντες.
2645 3485 2768 3538 Ἐπὶ
2793 3483 2902 3554 γὰρ
2932 3484 3040 3536 τῶν
3075 3482 3508 3552 ἐγκληματικῶν
3521 3482 3685 3547 ἀνάγκη

486 3592 604 3639 stes
636 3585 889 3654 produci,
933 3594 989 3641 et
1020 3601 1127 3642 non
1164 3602 1354 3643 eorum
1396 3589 1582 3644 verba.

2195 3584 2316 3636 πᾶσα
2354 3579 2705 3650 παραχθῆναι
2744 3577 2871 3641 τοὺς
2903 3577 3212 3648 μάρτυρας,
3243 3576 3341 3630 καὶ
3384 3574 3460 3646 μὴ
3501 3574 3588 3636 τὰς
3615 3590 3685 3640 ςω·

2161 3674 2259 3737 νὰς
2294 3673 2498 3728 αὐτῶν.

553 3757 811 3816 Testibus
833 3770 888 3817 et
921 3778 1026 3816 non
1061 3762 1390 3820 testimoniis
1419 3762 1751 3819 credendnm
1787 3772 1905 3832 est;
1935 3781 2043 3821 nan'

2234 3767 2358 3829 Τοῖς
2402 3766 2640 3835 μάρτυσι
2680 3764 2774 3818 καὶ
2807 3763 2868 3816 οὐ
2895 3764 3009 3826 τοῖς
3044 3761 3375 3832 μαρτυρίοις
3405 3756 3684 3812 πιστευτέον·

486 3850 554 3908 de
578 3853 903 3909 criminibus
927 3856 1143 3924 ipsimet
1173 3857 1582 3927 interrogantur
1605 3875 1635 3912 a
1663 3859 1942 3927 iudicibus
1967 3874 1976 3926 ς

2203 3859 2610 3930 ὒτοπροσὼπως
2640 3859 2748 3928 γὰρ
2779 3855 3094 3928 ἐρωτῶνται
3127 3856 3284 3924 παρὰ
3322 3853 3437 3907 τῶν
3469 3851 3688 3906 δικαστῶν

487 3945 580 4015 qui
611 3961 718 4000 non
744 3947 938 4016 probat
973 3948 1117 4018 quod
1155 3948 1484 4014 intenderat,
1516 3950 1814 4020 relegatur.

2201 3952 2259 4005 πὶ
2285 3951 2394 4004 τῶν
2419 3950 2805 4019 ἐγκλημάτων,
2837 3947 2933 4002 καὶ
2965 3949 2994 4000 δ
3031 3948 3105 4022 μὴ
3135 3947 3356 4009 δεικνὺς
3392 3947 3454 3998 τὸ
3482 3944 3596 4014 παρ’
3620 3943 3691 3995 αὖ·

2162 4043 2256 4098 τοῦ
2286 4043 2552 4115 προτεθὲν
2587 4042 2918 4113 ὲξορίζεται.

559 4123 835 4195 Pauperes
883 4135 1048 4182 testes
1095 4141 1202 4180 non
1242 4137 1386 4182 sunt.
1418 4125 1631 4197 Pauper
1672 4143 1801 4184 vero
1829 4140 1932 4198 est,
1966 4130 2049 4201 qni

2236 4136 2299 4188 Οί
2333 4135 2565 4204 πένητες
2611 4135 2674 4186 οὐ
2731 4131 3094 4202 μαρτυροῦσν
3126 4132 3302 4201 πένης
3343 4130 3403 4184 δέ
3435 4132 3574 4184 ἐστιν
3599 4127 3623 4180 ὁ
3646 4128 3696 4196 μὴ

489 4231 594 4269 non
631 4217 796 4270 habet
822 4217 1189 4270 substantiam
1230 4216 1298 4273 50
1332 4217 1653 4272 solidorum.

1643 4258 1653 4272 -
2162 4225 2304 4298 ἔχων
2331 4226 2376 4280 ν’
2403 4225 2759 4296 νομισμάτων
2794 4223 3133 4291 περιουσίαν.

559 4307 960 4363 Testimonium
1015 4325 1124 4364 non
1184 4310 1316 4364 dicit
1365 4311 1596 4366 libertus
1664 4310 1717 4366 in
1770 4321 2049 4382 patronum

2236 4320 2312 4372 Οὐ
2374 4318 2647 4388 μαρτυρεῖ
2703 4315 3071 4384 ἀπελεύθερος
3132 4314 3278 4368 κατὰ
3338 4310 3697 4384 πάτρωνος,ἧ

485 4398 677 4472 ejusve
716 4401 910 4456 (ilium.

2163 4408 2356 4472 παιδὸς
2391 4407 2578 4460 αὐτοῦ.

561 4494 736 4548 Minor
764 4493 954 4565 viginti
983 4497 1144 4550 annis
1177 4495 1335 4550 testis
1363 4509 1486 4550 esse
1513 4509 1619 4549 non
1649 4505 1860 4563 potest;
1885 4510 2051 4566 neque

2229 4502 2303 4555 Οὺ
2347 4501 2620 4571 μαρτυρεῖ
2667 4499 2695 4552 δ
2748 4499 2928 4568 ἥττων
2974 4493 3082 4548 τῶν
3121 4494 3200 4547 κε’
3237 4494 3401 4560 ἐτῶν,
3454 4492 3572 4545 οὔτε
3607 4492 3631 4542 ὁ
3663 4492 3697 4539 ἐν

487 4586 582 4656 qui
615 4587 668 4640 in
712 4587 931 4656 publico
969 4588 1176 4657 judicio
1221 4589 1512 4642 damnatus
1564 4597 1688 4648 est.
1723 4596 1776 4642 et
1833 4602 1941 4641 non

2206 4594 2410 4664 ημοσίῳ
2432 4590 2771 4661 δικαστηρίῳ
2808 4588 3256 4650 καταδικασθεὶς,
3291 4590 3391 4639 καὶ
3430 4586 3506 4655 μὴ
3535 4587 3696 4636 ἀποκα-

487 4678 761 4748 iutegrutn
792 4679 1120 4745 restituitur,
1161 4693 1257 4734 nec
1289 4680 1382 4749 qui
1403 4678 1457 4732 in
1485 4677 1719 4734 vinculis
1749 4680 1977 4734 custodi:

2203 4687 2391 4751 αστὰς,
2413 4686 2446 4755 ἦ
2471 4687 2528 4738 ὲν
2558 4685 2798 4753 δεσμοῖς,
2833 4683 2865 4753 ἦ
2894 4683 2952 4734 ὲν
2978 4681 3218 4750 δημοσίᾳ
3251 4680 3477 4749 φρουρᾷ
3507 4675 3693 4747 βληθεὶς

488 4768 703 4838 publica
735 4781 852 4836 est;
896 4786 995 4826 nec
1025 4771 1117 4841 qui
1150 4770 1221 4825 ob
1244 4771 1618 4826 testimonium
1643 4771 1934 4824 dicendum
1968 4787 1978 4825 :

2200 4775 2288 4829 ὗτε
2325 4777 2352 4828 ὁ
2386 4775 2672 4843 ἐλεγχθεὶς
2701 4771 2890 4825 λαϐεῖν
2922 4773 3182 4840 χρήματα
3209 4772 3301 4822 ἐπὶ
3334 4769 3418 4837 τῷ
3463 4767 3690 4838 μαρτυρῆ·

490 4876 599 4915 non
622 4861 911 4917 dicendum
943 4863 1203 4931 pecunias
1235 4862 1519 4932 accepisse
1555 4863 1845 4918 convictus
1876 4861 1980 4918 fuel

2204 4885 2278 4931 αι,
2323 4865 2357 4936 ἧ
2395 4865 2472 4936 μὴ
2503 4863 2856 4936 μαρτυρῆσαι
2881 4877 2894 4891 ⁶
2931 4860 3055 4915 οὗτε
3113 4862 3142 4913 δ
3192 4860 3613 4920 καταδικασθεὶς
3639 4856 3694 4907 ἐπὶ

490 4968 667 5024 neque
694 4955 787 5025 qui
821 4953 876 5008 in
912 4953 1162 5009 adulterii
1189 4953 1396 5024 judicio
1429 4954 1740 5008 damnatur.
2165 4959 2404 5031 μοιχείᾳ.

561 5063 734 5119 Filius
764 5065 928 5134 patri,
959 5075 1050 5120 aut
1072 5073 1226 5135 pater
1262 5063 1398 5132 tilio,L
1426 5065 1582 5120 testis
1609 5080 1714 5120 non
1744 5074 1848 5121 est.

2237 5069 2355 5133 ne;
2387 5067 2579 5139 πατρὶ,
2616 5065 2650 5140 ἢ
2679 5065 2862 5138 πατὴρ
2896 5063 3019 5135 υἱῷ,
3049 5063 3108 5117 οὗ
3147 5066 3453 5135 μαρτυρεῖ.

561 5177 674 5254 Hec
693 5179 984 5249 quisquam
1019 5181 1071 5234 in
1105 5195 1166 5235 re
1194 5194 1317 5234 sua.

2235 5184 2375 5238 Οὔτε
2407 5182 2726 5253 οίοσδήποτε
2757 5183 2815 5234 ὲν
2858 5181 2976 5251 ἰδίῳ
3003 5179 3323 5250 πράγματι.

567 5271 774 5328 Servus
835 5272 986 5327 testis
1035 5289 1144 5327 non
1178 5282 1280 5327 est.
1317 5272 1502 5327 Servis
1549 5272 1696 5328 enim
1739 5282 1929 5330 contra
1966 5274 2057 5330 do-

2236 5277 2298 5331 Ὀ
2331 5277 2517 5338 δοῦλος
2566 5275 2628 5328 οὐ
2685 5265 2993 5346 μαρτυρεῖ·
3038 5274 3098 5324 οὐ
3137 5273 3246 5343 γὰρ
3299 5273 3418 5344 χρὴ
3473 5270 3694 5326 aucta-Jac.

494 5365 676 5419 minos
757 5365 1070 5419 dicentibus
1131 5379 1238 5418 non
1319 5373 1526 5419 temere
1583 5364 1740 5419 tidem
1803 5367 1984 5420 adhibe

2202 5369 2450 5440 petrasti);
2506 5369 2618 5431 τοῖς
2670 5369 2912 5428 οἰκέταις
2958 5366 3181 5434 λέγουσι
3223 5368 3374 5419 κατὰ
3430 5367 3692 5420 δεσποτιῖην¹

491 5463 730 5524 oportet,
765 5455 964 5526 quippe
989 5455 1134 5525 quod
1171 5469 1364 5510 servus
1400 5472 1429 5509 ιι
1468 5463 1662 5509 natura
1696 5457 1916 5511 domino
1953 5458 1981 5512 it

1953 5457 2061 5512 itti-
2162 5461 2324 5532 φύσει
2353 5460 2463 5530 γὰρ
2490 5462 2518 5512 ὁ
2541 5460 2725 5522 δοῦλος
2752 5459 2831 5530 τῷ
2861 5459 3100 5530 δεσπότῃ
3133 5458 3433 5530 πολέμιος.

497 5548 674 5602 micus
703 5548 795 5602 sit.

563 5640 663 5704 Qui
709 5641 762 5693 in
817 5641 1053 5708 aliquem
1115 5636 1484 5692 testimonium
1539 5636 1697 5704 dixit,
1761 5655 1955 5697 rursus
2005 5644 2053 5699 in

2263 5641 2304 5694 Ο
2331 5641 2474 5694 κατά
2505 5656 2647 5700 τινος
2677 5637 2778 5707 ἡδη
2822 5637 3178 5708 μαρτυρήσας
3228 5637 3288 5690 οὐ
3331 5639 3604 5709 μαρτυρεῖ
3632 5635 3685 5688 τὰ·

495 5749 623 5790 cum
656 5733 880 5801 produci
919 5749 1024 5786 non
1059 5742 1252 5802 potest.

1133 5742 1252 5785 test.
2161 5735 2244 5787 λιν
2277 5732 2396 5785 κατ’
2433 5732 2623 5785 αὑτοῦ.

571 5824 966 5880 Testimonium
992 5827 1119 5881 dare
1147 5826 1498 5883 prohibentur
1520 5827 1787 5895 impubes,
1833 5830 2055 5896 surdus,

2235 5825 2516 5880 κωλύεται
2554 5825 2852 5894 μαρτυρεῖν
2882 5823 3100 5893 ἄνηϐος,
3130 5822 3340 5892 κωφὸς,
3372 5824 3590 5891 ἄλαλος,
3619 5837 3685 5893 μει-
