3774 6546
91 439 201 508 1249

90 643 160 698 τοῦ
191 635 304 705 παρ’
328 631 482 688 ἄλλου
509 631 692 701 γραφῇ
722 629 1063 700 κληρονόμος
1091 631 1148 683 ὲν
1176 629 1432 703 διαθήκῃ.

144 817 200 870 Ἦ
225 809 547 881 παραγραφὴ
591 808 732 863 κατὰ
765 807 863 878 μὲν
896 807 1253 878 τοῦς’νόμους
1291 807 1598 893 πολλαχῶς,

87 913 192 969 κατὰ
241 907 294 960 δὲ
346 905 468 966 τοὺς
501 904 738 972 ῥήτορας
763 900 1046 973 τετραχῶς
1073 901 1284 969 γίνεται
1313 916 1328 931 ο
1358 900 1466 954 ἀπὸ
1503 898 1598 953 τοῦ
1642 965 1644 970 _

87 1004 311 1059 λείποντος
333 1013 348 1028 °
374 988 486 1049 οἷον
509 993 722 1047 ἀσώτου
754 993 942 1064 πατὴρ
991 993 1206 1062 ἀφανὴς
1235 991 1470 1061 ἐγένετο,
1505 991 1602 1044 καὶ

88 1100 211 1169 φόνου
229 1095 254 1147 δ
277 1091 386 1154 υίὸς
414 1089 606 1158 φεύγει
629 1104 646 1120 ’
697 1089 808 1143 ἀπὸ
838 1087 932 1142 τοῦ
975 1088 1406 1159 ὑπερϐάλλοντος
1425 1100 1443 1116 ⁸
1490 1082 1602 1140 οἷον

86 1189 184 1242 δέκα
204 1184 302 1238 νέοι
326 1181 681 1249 ἐπωμόσαντο
706 1179 782 1251 μὴ
803 1180 1000 1250 γῆμαι,
1021 1181 1114 1233 καὶ
1141 1179 1402 1248 φεύγουσι
1425 1177 1602 1233 κακοῦ

86 1283 176 1353 βίου
193 1277 254 1346 ’ἢ
277 1273 368 1342 ἀφ’
392 1267 465 1326 ὧν
488 1273 667 1344 ἕτεροι
702 1273 1073 1342 πεποιήκασιν
1097 1271 1156 1324 οὐ
1185 1273 1266 1325 δεῖ
1297 1269 1603 1341 κρίνεσθαι,

84 1367 215 1424 οἷονό
241 1364 644 1438 τρισαριστεὺς,
678 1357 741 1419 οὗ
773 1363 959 1418 εἰκόνα
988 1363 1228 1433 ἔστησαν
1256 1363 1305 1416 οἱ
1331 1362 1602 1432 πολέμιοι,

85 1465 157 1518 καὶ
179 1461 444 1533 προδοσίας
479 1459 700 1529 φεύγων
721 1476 734 1492 ο
773 1457 807 1530 ἢ
845 1457 988 1512 κατὰ
1040 1457 1255 1528 χρόνον,
1285 1454 1400 1510 οἷον
1426 1454 1603 1510 δειλοῦ

85 1558 184 1618 παῖς
208 1552 500 1623 ήρίστευσε,
527 1553 622 1606 καὶ
653 1549 897 1621 μοιχείας
941 1549 1117 1619 κρίνει
1147 1549 1249 1620 τὴν
1275 1548 1531 1617 γυναῖκα.

141 1705 152 1720 ‘
216 1729 332 1804 'E;t
359 1725 629 1795 περὶτῶν
652 1726 906 1792 ἐνδίκως
930 1724 1427 1796 καθαιρεθέντων.

147 1819 196 1873 '0
222 1819 258 1872 δ’
303 1819 476 1872 κανὼν
536 1820 634 1888 τῆς
684 1821 742 1873 ὲν
768 1818 1075 1889 Ἀντιοχείᾳ
1121 1818 1364 1883 συνόδου,
1405 1817 1467 1870 ’0
1499 1816 1604 1870 ὑπὸ

84 1909 260 1963 συνόδου
292 1877 658 1980 καθαιρεθείς,
689 1909 875 1978 φησὶν,
910 1877 1234 1973 ἐπίσκοπος,
1258 1877 1362 1961 ιτί
1388 1906 1448 1961 δὲ
1471 1923 1606 1977 πρε-
1635 1877 1676 1932 Β

84 2000 317 2070 σϐύτερος,
371 1999 404 2072 ἢ
445 1999 713 2063 διάκονος,
775 1999 880 2052 ὑπὸ
924 1999 1019 2052 τοῦ
1063 1999 1196 2052 ἰδίου
1227 1997 1385 2052 τοῦτο
1413 1997 1604 2050 παθὼν

82 2093 358 2157 ἐπισκόπου,
396 2091 444 2143 εί
501 2091 786 2162 μετελθεῖν
833 2089 1015 2144 ὁτιοῦν
1074 2088 1388 2161 βουληθείη,
1421 2088 1458 2143 ἃ
1493 2091 1605 2151 τοῖς

84 2183 281 2251 ίερεῦσιν
307 2183 446 2245 ἔθος,
483 2182 562 2251 μὴ
598 2181 804 2249 ἐξεῖναι
846 2181 1027 2252 τούτῳ
1064 2179 1265 2245 ἀδίκως
1299 2179 1380 2233 ἔτι
1411 2180 1609 2233 διατει-

81 2276 252 2345 νομένῳ
279 2275 472 2328 παθεῖν
517 2275 684 2346 ἑτέρᾳ
716 2273 1007 2345 προσιέναι
1045 2272 1270 2344 συνόδῳ,
1299 2273 1394 2327 καὶ
1421 2271 1607 2342 ζητεῖν

81 2366 281 2432 ἐξετάσει
307 2365 372 2418 τὰ
407 2366 532 2420 κατ’
566 2364 728 2418 αὑτὸν
765 2364 1006 2435 δοθῆναι,
1042 2363 1178 2435 μηδὲ
1237 2363 1426 2435 χώραν
1474 2364 1610 2418 ἀπο-

79 2455 230 2520 λογίας
252 2454 393 2524 αύτῷ
453 2457 731 2525 μετεῖναι’
784 2454 914 2519 τοὺς
953 2455 1011 2508 δέ
1068 2472 1133 2525 γε
1175 2455 1484 2518 συνειδότας
1508 2452 1608 2524 τήν

81 2546 174 2598 κατ’
216 2545 370 2597 αὑτοῦ
409 2545 690 2614 ἀπόφασιν
713 2585 730 2608 ,
773 2546 868 2599 καλ¹
907 2548 1187 2600 κοινωνεῖν
1225 2546 1374 2617 αύτῷ
1410 2545 1610 2618 τολμή-

79 2654 265 2699 σαντας,
295 2637 386 2690 καὶ
412 2637 644 2702 τούτους
674 2638 773 2709 τῆς
794 2637 1123 2710 Ἑκκλησίας
1145 2639 1528 2694 ἐκκόπτεσθαι.

139 2730 188 2784 Ὀ
205 2730 254 2783 δὲ
277 2728 340 2802 ιβδ
360 2731 456 2784 τδν
506 2731 611 2784 ὑπὸ
627 2730 721 2787 τοῦ
755 2730 888 2786 ἰδίου
915 2731 1069 2795 αὖθις
1089 2732 1391 2787 ἐπισκόπου
1417 2732 1612 2786 καθαι-

78 2821 288 2892 ρεθέντα,
307 2823 736 2896 πρεσϐύτερονή
759 2823 1021 2887 διάκονον,
1054 2823 1087 2894 ἢ
1117 2823 1222 2877 ὑπὸ
1249 2823 1470 2876 συνόδου
1493 2821 1612 2875 ἐπί-

80 2930 265 2979 σκοπον,
293 2914 636 2985 ἀπαγορεύει
662 2915 948 2986 προσιέναι
975 2914 1051 2983 τῷ
1077 2913 1311 2986 βασιλεῖ,
1341 2913 1437 2968 καὶ
1473 2911 1611 2985 παρ’

76 3005 197 3076 αὐτῷ
221 3007 396 3078 ζητεῖν
431 3008 535 3079 τήν
566 3007 840 3073 ἐξέτασιν,
875 3007 1011 3061 ἀλλὰ
1049 3008 1260 3078 μείζονι
1289 3009 1611 3062 ἐπισκόπων

78 3098 261 3167 συνόδῳ,
289 3099 378 3152 καὶ
402 3098 444 3153 ἃ.
464 3098 676 3170 νομίζει
704 3099 891 3153 δίκαια
912 3099 1082 3169 ἔχειν,
1105 3100 1318 3162 τούτοις
1335 3117 1613 3169 προσανα-

1023 426 1425 487 SYNTAGMA
1468 427 1604 484 ALP

1766 424 2103 487 lETlCUM.
2146 449 2215 462 -
2255 427 2314 486 Δ.
2757 485 2762 504 ,

91 553 285 615 νόμως,
310 540 530 601 ἄσωτος,
565 535 676 600 υίὸς
708 532 1050 600 ύπεξούσιος,
1075 537 1204 590 ὅταν
1237 538 1263 588 ό
1287 537 1466 608 πατὴρ
1496 535 1592 590 αύ-

1766 545 1910 604 utus,
1947 537 2194 603 insanus,
2244 534 2500 607 prodigus
2533 549 2550 599 ;
2602 542 2658 590 et
2702 531 3119 598 liliusl’amilias,
3146 547 3274 589 cum

3135 421 3272 485 1250

1700 639 1854 697 pater
1892 629 2012 700 ejus
2064 630 2134 684 ab
2193 629 2304 685 alio
2342 627 2516 684 haeres
2575 628 2634 682 in
2663 633 2992 683 testamento
3039 625 3276 696 scriptus

1701 719 1889 775 fuerit.
2931 732 2934 734 '
3101 706 3114 724 ³

1775 812 2038 883 Exceptio
2073 811 2382 868 secundum
2412 813 2560 883 leges
2596 812 2881 883 multiplex
2933 820 3037 877 est,
3077 825 3278 866 secun-

1701 907 1832 962 dum
1858 922 1987 961 vero
2035 904 2658 975 rhetoras‘quadruplcx
2695 921 2710 958 :
2741 903 2810 958 ab
2841 905 3093 966 absente,
3124 903 3277 956 velut

1703 998 1910 1070 prodigi
1943 1007 2098 1069 pater
2127 1013 2232 1054 non
2269 1009 2518 1068 apparet,
2547 1006 2601 1052 et
2632 997 2776 1051 illius
2802 995 3081 1050 homicidii
3113 1008 3276 1049 accuo

1702 1098 1890 1155 satur;
1925 1091 1992 1145 ab
2037 1104 2292 1157 excessu,
2323 1098 2382 1143 ut
2441 1089 2632 1143 decem
2659 1087 2883 1154 juvenes
2927 1085 3183 1155 iurarunt
3215 1098 3299 1138 se.

1703 1195 1814 1235 non
1864 1195 2094 1237 uxorem
2127 1181 2415 1246 ducturos,
2451 1190 2507 1236 et
2560 1179 2716 1234 mala:
2756 1179 2880 1232 vitae
2912 1188 3275 1242 accusantur;

1705 1276 1789 1330 vel
1819 1273 1890 1327 ab
1915 1288 2003 1338 eo,
2039 1273 2186 1343 quod
2235 1272 2360 1343 quis
2395 1272 2461 1328 de
2510 1272 2575 1326 iis
2605 1287 2724 1341 quas
2749 1271 2842 1326 alii
2885 1270 3137 1325 fecerunt
3168 1284 3276 1322 non
3333 1307 3336 1309 λ

1705 1373 1980 1430 teneatur,
2013 1373 2075 1419 ut
2126 1363 2480 1429 fortissimus,
2516 1363 2672 1431 cujus
2726 1362 3014 1432 imaginem
3072 1361 3277 1415 inimici

1703 1461 2020 1518 erexerunt,
2045 1453 2371 1522 proditionis
2394 1461 2716 1517 accusatur;
2744 1452 2825 1506 vel
2860 1452 3015 1520 juxta
3039 1461 3274 1519 tempus.

1705 1555 1765 1602 ut
1799 1546 1974 1600 timidi
2023 1546 2168 1600 illius
2203 1545 2306 1598 dux
2340 1543 2676 1600 fortissimus
2721 1544 2914 1609 evasit,
2947 1553 3274 1598 et‘uxorctn

1704 1653 1861 1696 suam
1895 1637 2152 1694 adulterii
2193 1649 2439 1693 accusat.

1817 1729 1974 1800 105
2000 1729 2184 1784 Adhuc
2211 1729 2274 1784 de
2309 1731 2375 1784 iis
2405 1730 2495 1800 qui
2519 1729 2664 1799 juste
2691 1728 2914 1796 depositi
2949 1727 3168 1793 fuerint.

1775 1821 1963 1878 Canon
1999 1822 2033 1876 4
2073 1837 2191 1892 syn.
2222 1822 2504 1885 Antioch.,
2571 1821 2894 1890 Episcopus,
2941 1819 3139 1889 inquit,
3181 1818 3276 1888 qui

1704 1931 1735 1970 a
1769 1915 1978 1987 synodo
2008 1914 2293 1984 depositus
2337 1914 2522 1980 fuerit,
2571 1929 2672 1968 nec
2703 1929 2808 1968 non
2860 1912 3164 1983 presbyter,
3192 1912 3275 1965 vel

1705 2008 1969 2064 diaconus
2009 2007 2151 2063 idem
2197 2023 2227 2062 a
2260 2008 2480 2077 proprio
2518 2006 2774 2074 episcopo
2809 2020 3026 2075 passus,
3076 2004 3122 2059 si
3176 2003 3278 2058 ali-

1705 2099 1838 2169 quid
1894 2115 2082 2155 eorum
2135 2099 2348 2169 operari
2409 2098 2665 2162 voluerit,
2727 2113 2850 2167 quae
2900 2095 3277 2154 sacerdotibus

1705 2191 1887 2250 facere
1935 2207 2054 2248 mos
2087 2201 2189 2258 est,
2239 2207 2308 2246 ne
2353 2192 2514 2246 liceat
2555 2191 2628 2256 ei,
2663 2188 2921 2260 quamvis
2967 2204 3029 2245 se
3077 2187 3279 2257 injuste

1705 2287 1814 2358 pati
1847 2285 2166 2356 praetendat,
2197 2283 2426 2338 alteram
2460 2283 2732 2352 synodum
2779 2280 2952 2341 adire,
2983 2290 3038 2334 et
3069 2289 3276 2349 petere,

1707 2385 1768 2432 ut
1792 2391 1915 2446 qua:
1943 2376 1990 2431 ei
2025 2375 2238 2445 objecta
2267 2383 2398 2430 sunt
2427 2373 2836 2435 examinentur,
2867 2380 2963 2427 aut
2998 2369 3281 2426 delensio-

1709 2468 1796 2525 nis
1855 2469 2037 2523 locutu
2104 2467 2325 2522 habere.
2395 2465 2436 2518 li
2507 2476 2688 2519 autem
2753 2463 2893 2534 qui,
2949 2461 3278 2518 sententiam

1710 2561 1971 2616 adversus
1999 2573 2124 2612 eum
2156 2557 2324 2611 latam
2359 2556 2620 2618 scientes,
2665 2569 2789 2608 cum
2823 2553 2942 2622 ipso
2976 2552 3284 2608 communi-

1709 2665 1837 2706 care
1864 2649 1986 2704 ausi
2011 2648 2232 2711 fuerint,
2261 2663 2329 2702 ex
2347 2646 2586 2703 Ecclesia
2617 2646 2961 2702 abdicentnr.

1781 2743 2008 2808 Insuper
2023 2757 2151 2798 can.
2182 2742 2248 2795 12
2272 2741 2645 2813 presbyterum
2675 2741 2758 2796 vel
2786 2741 3072 2795 diaconum
3097 2756 3126 2793 ιι
3152 2752 3284 2808 pro-

1708 2835 1832 2907 prio
1859 2835 2116 2904 episeopo
2144 2833 2475 2903 depositum,
2509 2835 2595 2888 vel
2631 2833 2950 2902 episc0pnm
2984 2847 3014 2886 a
3044 2832 3281 2903 synodo,

1711 2941 1896 2998 regem
1930 2927 2084 2980 adire
2112 2935 2275 2987 vetat,
2310 2935 2364 2980 et
2385 2924 2846 3006 examthationem
2881 2923 2952 2979 ab
2977 2937 3044 2977 eo
3071 2932 3276 2992 petere,

1711 3021 1810 3078 sed
1859 3022 1928 3075 ad
1994 3019 2258 3090 majorem
2313 3021 2696 3088 episcoporum
2755 3016 3025 3087 synodum
3073 3015 3177 3080 ire,
3228 3023 3285 3069 ct

1707 3111 1823 3182 jus,
1851 3111 1996 3181 Quod
2032 3127 2090 3167 se
2122 3112 2326 3166 habere
2356 3117 2530 3180 putat,
2565 3110 2633 3163 ad
2673 3123 2769 3163 eos
2803 3107 3030 3173 referre,
3059 3121 3284 3162 eorum-

75 3187 252 3259 φέρειν,
277 3189 370 3242 καὶ
391 3190 498 3261 τὴν
530 3189 661 3259 παρ’
683 3191 867 3244 αὐτῶν
895 3189 1146 3257 ἐξέτασιν
1167 3191 1488 3263 ἐκδέχεσθαι
1509 3179 1604 3244 καὶ

1766 3221 1820 3260 ιε
1837 3206 2300 3260 exatninationem
2327 3212 2381 3258 et
2404 3202 2672 3269 judicium
2697 3203 2996 3271 suscipere.
3017 3200 3072 3254 Si
3099 3199 3284 3268 itaque

73 3285 336 3353 ἐπίκρισιν.
391 3285 459 3338 Et
490 3284 545 3337 δέ
579 3302 662 3350 τις
690 3285 900 3340 τούτων
929 3286 1280 3356 ὀλιγωρήσας
1320 3285 1615 3357 ἐνοχλῆσαι

73 3375 295 3447 τολμήσει
338 3377 420 3447 τῷ
482 3377 714 3448 βασιλεῖ,
755 3379 956 3449 μηκέτι
1009 3379 1196 3450 χώραν
1229 3379 1378 3449 ἔχειν
1410 3380 1614 3433 ἀπολο·

72 3467 193 3534 γίας,
219 3471 351 3541 μηδὲ
387 3471 590 3526 ἐλπίδα
628 3472 934 3542 μελλούσης
966 3472 1494 3535 ἀποκαταστάσεως.
1552 3472 1614 3525 Ei

71 3561 157 3632 γὰρ
182 3563 267 3616 καὶ
292 3565 466 3646 παντὶ
501 3565 996 3636 καταδικαζομένῳ
1017 3567 1110 3618 καὶ
1147 3566 1460 3620 ἀδικεῖσθαι
1507 3567 1617 3619 σίο-

71 3655 196 3725 μένφ
238 3657 396 3727 ήτῆς
425 3657 766 3727 Ἐκκλησίας
794 3658 1018 3729 βοήθεια
1059 3659 1294 3722 δέδοται,
1336 3659 1454 3712 ἀλλ’
1489 3657 1616 3713 ἐπεί

70 3747 138 3799 τοί
159 3765 217 3815 γε
245 3749 352 3802 τῶν
381 3750 746 3821 πατριαρχῶν
774 3751 830 3804 αἱ
859 3751 1038 3821 ψῆφοι
1064 3751 1318 3821 ἐκκλήτῳ
1345 3751 1446 3822 οὐχ
1482 3750 1616 3804 ὑπό-

67 3851 276 3901 κεινται,
305 3839 333 3890 ό
363 3838 720 3907 πειρώμενος
766 3839 1037 3910 ἔκκλητον
1065 3841 1147 3902 είς
1197 3838 1427 3908 βασιλέα
1458 3839 1616 3910 ποιή-

68 3928 261 3994 σασθαι,
324 3932 472 4002 μετὰ
541 3931 639 4004 τὴν
693 3933 790 3986 τοῦ
839 3934 1189 4004 πατριάρχου
1235 3930 1614 4002 ὲξενεχθεῖσαν

64 4021 335 4090 ἀπόφασιν,
372 4026 704 4092 τιμωρεῖται
735 4023 879 4077 κατὰ
903 4024 996 4076 τὸν
1027 4023 1274 4093 παρόντα
1315 4022 1539 4077 κανόνα.

131 4112 183 4164 ’0
203 4113 257 4167 δὲ
280 4121 366 4185 κη’
390 4114 505 4167 τῶν
530 4115 705 4184 ἁγίων
737 4115 1056 4170 ἀποστόλων
1081 4114 1262 4168 κανὼν
1305 4114 1400 4168 τὸν
1421 4114 1618 4168 καθαι-

67 4203 264 4270 ρεθέντα
295 4205 526 4270 δικαίως
563 4206 883 4272 ἐπίσκοπον,
920 4207 953 4277 ἢ
1001 4207 1397 4278 πρεσϐύτερον,
1431 4207 1466 4278 ἢ
1495 4205 1614 4260 διά-

64 4313 218 4366 κονον,
244 4300 336 4352 ἐπὶ
365 4299 682 4370 ἐγκλήμασι
707 4302 992 4370 φανεροῖς,
1017 4300 1112 4354 καὶ
1139 4300 1384 4370 ἅψασθαι
1409 4298 1610 4369 τολμήε-

65 4404 212 4442 σαντα
247 4392 347 4460 τῆς
381 4389 790 4461 ἀφαιρεθείσης
839 4389 988 4461 αύτῷ
1025 4391 1396 4462 λειτουργίας,
1452 4389 1614 4443 ἐκκό-

62 4480 271 4534 πτεσθαι
306 4484 636 4536 παντάπασι
661 4482 879 4535 κελεύει
916 4484 1015 4556 τῆς
1038 4481 1393 4551 Ἐκκλησίας,
1427 4481 1520 4536 διά
1551 4498 1612 4537 τε

1715 3298 2030 3368 quisquam,
2075 3298 2160 3353 his
2215 3297 2584 3366 contemptis,
2649 3293 2959 3362 imperatori
3023 3291 3283 3348 molestus

1713 3404 1835 3444 esse
1885 3404 2054 3444 ausus
2103 3389 2288 3454 fuerit,
2342 3389 2390 3444 is
2451 3387 2785 3441 delensionis
2838 3385 3021 3440 locum
3074 3384 3282 3460 nullum

1715 3481 1937 3546 habeat,
1991 3492 2087 3537 aut
2129 3497 2280 3551 spem
2331 3480 2532 3536 futura:
2580 3477 2966 3534 restitutionis.
3017 3475 3283 3543 Quamvis

1713 3577 1862 3632 enim
1893 3573 2039 3630 omni
2079 3574 2359 3640 damnato,
2404 3581 2457 3626 et
2490 3586 2548 3626 se
2589 3570 2787 3640 injuria
2837 3569 2979 3625 allici
3013 3568 3281 3632 credenti,

1713 3667 1976 3724 Ecclesia:
2044 3665 2312 3721 auxilium
2380 3663 2748 3730 conceditur;
2826 3661 3086 3732 quoniam
3155 3673 3286 3715 vero

1714 3760 2150 3831 patriarcharum
2173 3756 2457 3814 sententia:
2479 3754 2830 3824 appellationi
2853 3769 2958 3808 non
2981 3753 3287 3823 subjiciun-

1714 3850 1934 3920 tur.qui
1960 3859 2084 3919 post
2109 3849 2271 3903 latam
2297 3846 2622 3917 patriarchae
2651 3844 2977 3900 sententiam
3007 3844 3073 3898 ad
3104 3857 3283 3911 regem

1713 3941 2130 4012 appellationem
2194 3939 2373 3993 facere
2424 3949 2682 4000 conatur,
2743 3936 2900 4008 juxta
2954 3946 3283 4004 praesentem

1712 4047 1977 4089 canonem
2016 4033 2260 4102 punitur.

1779 4123 1952 4178 Porro
2002 4131 2179 4178 sanet.
2229 4119 2458 4191 apostol.
2512 4135 2635 4176 can.
2681 4117 2753 4174 28
2791 4117 3147 4188 episcopum,
3193 4112 3282 4171 vel

1711 4215 2112 4288 presbyterum,
2146 4213 2228 4266 vel
2251 4213 2567 4277 diaconum,
2600 4211 2690 4280 qni
2721 4211 2869 4281 justo
2896 4209 2967 4264 ob
2991 4205 3282 4262 manifesta

1712 4307 1944 4363 crimina
2003 4304 2328 4375 depositus,
2414 4303 2782 4358 ministerium
2861 4300 2965 4355 sibi
3035 4300 3278 4354 ablatum

1712 4401 1978 4471 attingere
2032 4399 2249 4463 audeat,
2315 4397 2384 4452 ab
2443 4396 2689 4452 Ecclesia
2751 4396 2976 4450 omnino
3031 4392 3280 4447 abscindi

1710 4493 1887 4563 jubet,
1979 4498 2092 4544 tum
2154 4491 2244 4544 ob
2286 4504 2558 4546 summam
2627 4489 2768 4542 l'orte
2833 4483 3281 4556 impudentiam,

58 4572 199 4640 τυχὸν
216 4573 316 4643 τῆς
350 4574 648 4637 αὐθαδείας
670 4573 733 4626 τὸ
763 4573 975 4642 περιὸν,
1000 4575 1095 4627 καὶ
1127 4575 1212 4629 ὅτι
1245 4573 1424 4637 ἄλλως
1445 4575 1604 4628 κολα-

1766 4600 1833 4638 ιιιι
1888 4581 2034 4654 quod
2086 4581 2198 4653 jam
2247 4583 2530 4652 depositus
2579 4582 2739 4637 aliter
2783 4577 3048 4636 canonice
3105 4575 3286 4647 puniri

59 4661 236 4730 σθῆναι
265 4665 576 4728 κανονικῶς
601 4667 706 4720 οὐκ
737 4665 820 4719 ἔνι
857 4666 950 4718 τὸν
975 4667 1079 4738 ήδη
1112 4666 1539 4738 καθαιρεθέντα.

127 4752 182 4805 ’0
209 4754 266 4807 δὲ
296 4755 373 4821 ξε¹
400 4755 501 4824 τῆς
531 4756 590 4810 ἐν
650 4757 1008 4828 Καρθαγένῃ,
1059 4757 1290 4820 δικαίως
1344 4754 1612 4828 κληρικοῦ

55 4843 564 4910 καταδικασθέντος,
586 4844 745 4915 φησὶ,
765 4845 906 4916 πρὸς
933 4845 1028 4900 τοῦ
1057 4847 1262 4901 οἰκείου
1278 4848 1611 4912 ὶπισκόπου,

57 4933 246 5000 μηκέτι
269 4933 528 5006 ἐκκλήτῳ
549 4933 947 5007 βοηθουμένου,
974 4935 1070 4989 τοῦ
1093 4935 1358 5007 κληρικοῦ
1382 4935 1609 5007 δηλαδὴ,

54 5027 168 5087 τοὺς
190 5030 340 5096 χειρὶ⁵
373 5026 716 5098 χρωμένους,
772 5029 869 5082 καὶ
901 5028 1217 5092 κωλύοντας
1250 5027 1354 5098 τὴν
1373 5027 1616 5098 ὁρισθεῖ-

58 5135 145 5171 σαν
170 5120 295 5173 κατ’
351 5119 520 5173 αύτοῦ
567 5120 751 5190 ψῆφον
781 5121 876 5175 τὸν
929 5121 1237 5175 ἐπίσκοπον
1266 5121 1611 5189 ἐπενεγκεῖν,

53 5211 312 5264 αίτεῖσθαι
341 5212 447 5282 χρὴ
476 5211 576 5278 τὴν
607 5211 830 5266 σύνοδον
859 5212 994 5282 πρὸς
1025 5210 1123 5265 τοῦ
1151 5212 1420 5283 βασιλέως
1450 5213 1610 5283 ποινῇ

51 5304 264 5368 τούτους
296 5306 647 5374 χρηματικῇ,
685 5305 782 5359 καὶ
813 5304 1106 5374 ἀφαιρέσει
1138 5306 1238 5376 τῆς
1270 5307 1438 5375 τιμῆς
1476 5305 1614 5359 ὐπο-

50 5388 357 5453 ϐἀλλεσθαι,
392 5392 503 5444 είτε
529 5393 629 5462 τῆς
651 5393 989 5465 Ἐκκλησίας
1023 5391 1132 5450 είεν
1163 5399 1213 5449 oi
1246 5395 1486 5450 τοιοῦτοι
1516 5395 1612 5468 δή·

47 5499 166 5548 που,
191 5485 304 5537 εῖτε
333 5484 429 5538 τοῦ
457 5483 612 5552 λαοῦ,
642 5485 746 5539 κᾶν
786 5487 981 5551 ὁποίας
1008 5482 1115 5543 ὦσι
1144 5491 1238 5544 καὶ
1271 5489 1491 5561 ήλικίας
1517 5492 1612 5544 καὶ

49 5579 279 5640 θύσεως.

120 5668 178 5719 '0
207 5669 264 5721 δὲ
291 5675 338 5722 ν’
361 5672 453 5726 καὶ
486 5672 598 5725 τῶν
628 5672 952 5726 ἐπισκόπων
983 5674 1110 5738 τοὺς
1141 5673 1216 5747 μὴ
1247 5678 1376 5738 ταῖς
1407 5675 1613 5746 ψήφοις

49 5758 462 5827 ὀποκύπτοντας
508 5767 608 5835 τῆς
649 5765 872 5819 συνόδου
908 5768 972 5837 τῇ
997 5767 1109 5819 τῶν
1144 5767 1428 5838 ἀρχόντων
1453 5770 1611 5836 ἐξου-

45 5849 135 5923 σία
171 5855 389 5912 κελεύει
413 5859 652 5914 δίδοσθαι
673 5877 689 5895 ο
719 5859 859 5932 πλὴν
893 5861 993 5915 οὐκ
1031 5860 1258 5929 ἔννομον
1281 5863 1408 5929 τοὺς
1447 5864 1610 5934 ἱερω-

1715 4685 1975 4827 "eam:
2005 4771 2168 4827 etiam
2197 4763 2268 4824 65
2295 4781 2417 4838 syn.
2449 4762 2671 4830 Cartb.,
2695 4760 2756 4817 Si
2796 4758 3057 4824 clericus,
3085 4756 3285 4829 inquit,

1715 4876 1747 4918 ε
1801 4863 2024 4934 proprio
2077 4862 2338 4932 episcopo
2387 4857 2536 4926 juste
2590 4853 2874 4923 depositus
2933 4850 3128 4914 fuerit,
3184 4863 3288 4905 nec

1715 4954 2099 5026 appellationis
2126 4951 2389 5008 auxilium
2438 4951 2636 5005 habeat
2702 4948 2806 5001 iste
2833 4944 3091 5010 clericus,
3123 4957 3289 5014 syno-

1715 5048 1819 5105 dus
1861 5063 1892 5102 a
1935 5060 2063 5116 rege
2105 5043 2363 5116 postulet,
2411 5050 2472 5096 ut
2519 5042 2612 5110 qui
2658 5037 2900 5109 potentia
2957 5043 3189 5090 utuntur
3233 5041 3288 5089 et

1715 5139 2029 5207 episcopum
2066 5135 2328 5206 prolatam
2356 5140 2544 5188 contra
2597 5145 2721 5185 eum
2772 5126 3097 5183 sententiam
3143 5122 3290 5178 inﬂi-

1716 5248 1844 5304 gere
1898 5247 2008 5288 non
2067 5231 2294 5294 sinunt,
2335 5242 2511 5299 poena
2566 5222 2898 5295 pecuniariae
2958 5228 3012 5274 et
3065 5213 3289 5271 honoris

1716 5321 2004 5393 privationi
2068 5320 2481 5389 subjiciantur,
2545 5317 2664 5372 sive
2725 5314 2837 5368 sint
2904 5305 3286 5370 ecclesiastici,

1717 5413 1834 5468 sive
1878 5411 2039 5478 laici,
2076 5419 2130 5466 et
2179 5407 2560 5479 cujuscunque
2611 5402 2785 5460 aetatis
2824 5399 2908 5457 vel
2954 5394 3288 5454 conditionis

1714 5501 1941 5560 fuerint.

1778 5681 2010 5750 Insuper
2038 5693 2165 5734 can.
2203 5677 2272 5732 50
2301 5677 2608 5747 episcopos,
2647 5674 2742 5744 qni
2772 5667 2963 5742 synodi
2997 5665 3288 5723 sententiis

1715 5787 1826 5828 non
1865 5787 1926 5828 se
1981 5771 2333 5834 submittunt,
2383 5771 2438 5824 in
2487 5767 2903 5834 magistratuum
2963 5764 3287 5831 potestatem

1716 5864 1932 5922 tradere
1976 5863 2164 5930 iubet;
2200 5877 2383 5918 rerum
2429 5861 2636 5932 justum
2693 5870 2803 5913 non
2853 5862 2957 5921 est,
2978 5861 3038 5909 ut
3090 5849 3291 5908 sacrati
