3774 6562
495 436 628 504 1251

1681 433 1732 495 Μ
1748 431 2050 494 ,ΧΤΤΠᾹΞΙ

2166 429 2508 491 .Asmnts
3538 444 3627 518 εεεε

486 550 838 607 saecularibus
873 547 1286 620 magistratibus
1319 550 1578 621 puniendi
1612 551 1917 615 tradantur,
1951 545 2056 603 nisi

2169 545 2364 614 μένους
2400 545 2481 606 είς
2542 543 2766 596 κόλασιν
2822 545 3110 613 κοσμικαῖς
3151 526 3374 614 ’ἄρχουσι
3421 560 3630 621 παραδῶ,

485 645 654 720 prius
693 642 924 714 depositi
981 641 1202 698 inierint.
1259 641 1374 698 Hoc
1427 653 1608 698 autem
1665 641 1743 708 lit,
1801 644 1884 697 vel
1939 656 2062 698 cum

488 735 729 804 synodus
763 734 1090 788 sententiam
1142 749 1296 788 suam
1345 734 1396 788 iu
1431 743 1614 788 actum
1667 733 1914 803 redigere
1954 748 2061 787 non

487 823 684 893 possit,
718 823 797 875 vel
834 837 955 876 cum
993 837 1250 891 magnum
1286 820 1450 876 fuerit
1494 823 1782 888 delictum,
1819 829 1873 875 et
1930 835 2061 875 cen-

489 929 672 968 suram
701 913 1133 967 ecclesiasticam
1179 913 1597 982 magistratuum
1646 914 1810 966 eliam
1843 925 2060 982 poenam

487 1007 644 1076 sequi
691 1015 958 1074 oporteat.
993 1005 1207 1060 Etenim
1249 1007 1294 1060 si
1329 1016 1580 1061 sacratus
1625 1004 1765 1060 forte
1806 1005 2064 1059 inventus

488 1100 560 1152 sit
608 1099 920 1168 imperatori
980 1099 1211 1154 insidias
1255 1107 1490 1163 struere,
1528 1108 1727 1168 praeter
1762 1096 2062 1168 depositio-

489 1205 660 1253 nem.
718 1191 1058 1260 magistratui
1121 1190 1419 1256 tradetur,
1480 1199 1541 1245 ut
1595 1191 2060 1245 examinationem

488 1282 702 1345 subeat,
757 1292 810 1335 et
863 1281 1116 1336 conscios
1181 1282 1438 1352 detegat:
1495 1280 1954 1349 quemadmodum
2009 1287 2064 1334 et

489 1373 744 1441 praedicta
792 1372 1094 1428 Justiuiani
1153 1373 1367 1428 novella
1417 1373 1522 1426 l25
1574 1375 1641 1429 de
1673 1372 1742 1428 iis
1784 1373 1881 1444 qui
1932 1379 2063 1428 sunt

488 1465 762 1540 ejusmodi
787 1465 998 1521 statuit.

1182 1554 1363 1628 Leges.

557 1643 860 1716 Episcopus
910 1646 1220 1702 sacerdotio
1268 1646 1532 1702 canonice
1577 1645 1870 1709 excidens,
1913 1645 1956 1700 si
1994 1646 2061 1701 ad

490 1737 679 1791 urbem
708 1753 772 1792 ex
801 1754 904 1808 qua
933 1739 1139 1808 eiectus
1169 1746 1286 1793 erat
1316 1739 1714 1808 proﬁciscatur,
1745 1739 1827 1791 vel
1879 1736 2058 1792 locum

491 1827 542 1881 in
585 1844 693 1898 quo
725 1834 922 1884 morari
971 1832 1160 1900 jussus
1197 1841 1334 1894 erat,
1394 1831 1688 1899 relinquat,
1737 1829 1880 1884 alius
1929 1844 2057 1900 pro-

490 1921 678 1974 vincia:
709 1924 1042 1978 monasterio
1091 1923 1408 1977 includitur.

560 2011 862 2083 Episcopus
925 2029 957 2069 a
1015 2016 1226 2086 synodo
1281 2014 1599 2084 depositus,
1649 2024 1705 2069 et
1761 2014 2057 2068 tumultum

489 2097 756 2168 excitans,
787 2117 844 2160 ut
866 2107 1238 2177 episcOpatum
1267 2115 1570 2176 recuperet,
1599 2116 1819 2162 centum
1862 2105 2062 2160 millia-

492 2198 645 2252 ribus
689 2199 850 2268 longe
895 2214 924 2253 a
962 2200 1181 2255 civitate
1213 2215 1278 2255 ex
1311 2216 1416 2271 qua
1449 2201 1659 2270 ejectus
1709 2207 1792 2255 est
1833 2199 2060 2265 habitet,

493 2302 594 2343 nec
640 2290 706 2342 ad
745 2289 1128 2358 imperatorem
1174 2291 1352 2346 adeat.
1406 2293 1502 2346 Sin
1554 2299 1734 2346 autem
1781 2291 2063 2362 profectus

495 2381 701 2436 litteras
744 2383 1037 2451 rescriptas
1085 2384 1300 2447 habeat,
1351 2400 1427 2439 etc
1459 2383 1568 2439 sint
1599 2383 1845 2449 inutiles,
1887 2392 1941 2438 et
1967 2384 2060 2454 qui

493 2487 619 2526 eum
647 2473 972 2542 defenderit,
1014 2475 1444 2546 indignationem
1477 2476 1744 2530 incurrat.

499 2585 658 2656 106
675 2583 828 2642 CAP.
875 2586 945 2642 IX
969 2585 1109 2660 [XI].
1148 2587 1299 2654 Quod
1324 2587 1384 2641 ob
1415 2587 1469 2642 id
1495 2590 1666 2656 ipsum
1693 2589 1770 2644 bis
1797 2589 2065 2644 uindicare

1069 2675 1174 2712 non
1214 2668 1470 2728 oporteat.

562 2749 752 2805 Canon
797 2758 977 2820 apost.
1029 2750 1142 2818 25,
1199 2752 1518 2821 Episcopus,
1577 2752 1776 2823 inquit,
1825 2754 1911 2810 vel
1944 2770 2068 2826 pre-

493 2842 698 2916 shyter,
779 2846 863 2898 vel
915 2845 1219 2908 diaconus,
1271 2845 1653 2902 fornicationis
1707 2847 1788 2901 vel
1840 2847 2063 2917 perjurii

492 2938 578 2990 vel
616 2935 748 2990 furti
784 2938 1091 3001 convictus,
1119 2939 1448 3006 deponatur,
1481 2948 1535 2993 et
1570 2954 1677 2994 non
1709 2953 2061 3010 segregetur:

498 3048 517 3083 ι
555 3029 670 3084 Non
708 3031 852 3084 enim
907 3031 1210 3086 vindicabis
1257 3031 1341 3086 bis
1378 3031 1431 3084 in
1467 3031 1520 3087 id
1571 3033 1789 3102 ipsum:
1821 3051 1840 3084 ι
1897 3045 2068 3102 quare

491 3125 584 3194 qui
624 3121 992 3179 sacerdotium
1035 3121 1276 3177 assecuti
1317 3132 1465 3187 sunt,
1503 3124 1754 3192 quamvis
1785 3123 2068 3192 deponun-

2168 637 2314 698 σθαι,
2356 638 2404 688 εί
2436 635 2514 706 μὴ
2544 635 2818 708 πρότερον
2841 636 3247 707 καθαιρεθεῖεν.
3292 640 3444 695 Τοῦτο
3465 647 3508 699 δὲ
3530 653 3630 717 γίνε,

2166 746 2277 793 ται,
2305 729 2338 799 ἧ
2366 731 2500 782 ὃταν
2531 729 2605 798 μὴ
2641 729 2846 798 δυνατὴ
2880 731 2912 799 ἠ
2942 729 3161 790 σύνοδος
3249 730 3340 801 τὴν
3357 736 3526 792 οἰκείαν
3543 747 3631 799 ἀπά,

2164 838 2332 887 φασιν
2361 821 2441 884 είς
2469 820 2629 890 ἔργον
2659 820 2988 889 ἐξενεγκεῖν,
3020 821 3053 892 ἦ
3086 823 3218 874 ὅταν
3241 823 3373 890 μέγα
3448 830 3494 881 τὸ
3515 833 3632 903 ἀμάρ-

2163 929 2338 982 τημα,
2403 915 2498 966 καὶ
2551 914 2634 966 δεῖ
2668 917 2730 981 τῇ
2787 913 2940 982 παρὰ
2980 913 3086 982 τῆς
3117 913 3446 984 Ἐκκλησίας,
3475 925 3545 975 καὶ
3569 928 3633 996 τὴν

2163 1005 2319 1076 παρὰ
2349 1004 2457 1057 τῶν
2479 1005 2764 1074 ἀρχόντων
2788 1001 3236 1074 ἐπακολουθῆσαι
3264 1005 3476 1062 κόλασιν.
3503 1014 3631 1086 Εξγὰρ

2165 1097 2416 1166 εὑρεθείη
2471 1097 2636 1166 τυχὸν
2699 1097 2998 1166 ίερωμένος
3066 1097 3420 1151 ἐπιϐουλεύων
3476 1103 3535 1172 τῷ
3572 1107 3634 1175 βι.

2165 1186 2325 1252 σιλετ,
2370 1188 2508 1258 πρὸς
2543 1190 2610 1255 τῇ
2665 1189 3014 1258 καθαιρέσει,
3054 1190 3288 1250 καὶτοῖς
3332 1190 3521 1259 ἄρχουσι
3543 1199 3633 1262 cpi;

2162 1278 2415 1344 ἐξέτασιν
2479 1278 2862 1348 ἐκδοθήσεται,
2923 1277 3068 1331 ὥστε
3121 1279 3216 1332 καὶ
3279 1287 3519 1336 κατειπεῖν
3552 1289 3636 1352 τοὺς

2164 1370 2513 1440 συνίστορας,
2547 1369 2741 1441 ὥσπερ
2780 1370 2844 1440 δὴ
2871 1371 2965 1423 καὶ
3009 1371 3041 1440 ἡ
3079 1371 3312 1440 ῥηθεῖσα
3351 1381 3452 1440 ρκγ¹
3476 1375 3636 1433 ’ίουστμ

2162 1463 2399 1526 νιάνειος
2434 1463 2605 1533 νεαρὰ
2638 1461 2769 1533 περὶ
2803 1462 2910 1513 τῶν
2937 1461 3197 1516 τοιούτων
3226 1462 3567 1524 διακελεύεται.

2851 1555 3058 1623 Νόμοι.

2246 1647 2579 1709 Ἐπίσκοπος
2626 1645 2934 1709 κανονικῶς
2969 1645 3074 1714 τῆς
3127 1645 3414 1716 ἱερωσύνης
3441 1649 3644 1718 ἐκπεσὼν,

2162 1740 2258 1818 καλ
2301 1738 2606 1792 ἐπιϐαίνων
2640 1739 2704 1808 τῇ
2732 1739 2888 1792 πόλει
2939 1738 3036 1808 ἀφ’
3076 1732 3142 1810 ἧς
3169 1737 3442 1810 ἐξεϐλήθη,
3467 1743 3494 1814 ἢ
3524 1761 3646 1818 κατι.

2163 1813 2455 1901 λιμπάνων
2483 1831 2575 1883 τὸν
2614 1833 2781 1884 τόπον
2809 1833 2868 1884 ιν
2892 1824 2935 1900 ᾧ
2965 1832 3179 1899 διάγειν
3208 1813 3504 1904 ἐκελεύσθη,
3533 1813 3646 1905 μονα-

2167 1925 2375 1996 στηρίῳ
2409 1923 2579 1994 ἄλλης
2609 1925 2881 1996 ἐπαρχίας
2914 1924 3282 1993 ἐμϐάλλεται.

2250 2017 2587 2080 Ἐπίσκοπος
2615 2015 2725 2069 ἀπὸ
2749 2017 2972 2069 συνόδου
3021 2016 3375 2088 καθαιρεθεὶς
3396 2058 3410 2082 ,
3443 2017 3520 2072 καὶ
3535 2020 3646 2088 τοιή-

2168 2124 2264 2171 σας
2297 2123 2349 2161 τι
2383 2108 2687 2170 στασιῶδες
2724 2107 2861 2178 πρὸς
2890 2106 2950 2160 τδ
2983 2106 3141 2169 αὖθις
3164 2108 3448 2162 ἀναλαϐεῖν
3469 2109 3547 2179 τὴν
3567 2111 3648 2163 ἐπι·
3741 2123 3743 2148 ι

2169 2197 2402 2268 σκοπὴν,
2459 2198 2568 2251 ἀπὸ
2599 2196 2798 2250 ἑκατὸν
2839 2195 3039 2264 μιλίων
3095 2191 3165 2268 ἦς
3199 2196 3453 2268 ἐξεϐλήθη
3500 2198 3647 2262 meo;

2166 2287 2414 2351 οίκείτω,
2459 2289 2596 2361 μηδὲ
2656 2286 2873 2360 βασιλεῖ
2924 2287 3186 2361 προσετδς
3232 2289 3391 2342 εστω.
3443 2289 3559 2343 EH!
3587 2294 3650 2343 καὶ

2167 2381 2414 2452 προσιὼν
2443 2381 2759 2451 ἀντίγραφα
2790 2379 3034 2451 λήψοιτο,
3066 2382 3323 2454 ἄχρηστα
3354 2382 3504 2434 ἔστω·
3544 2385 3649 2436 καὶὸ

2168 2473 2404 2528 ἑκδικῶν
2427 2473 2590 2527 αὐτὸν
2621 2473 3064 2542 ἀγανακτείσθω.

2168 2586 2425 2642 ΚΕΦΑΛ.
2460 2588 2518 2640 Θ¹
2549 2586 2731 2662 [IA'].
2768 2590 2898 2677 Ὀτι
2923 2587 3142 2724 δίςήἐπι
3183 2588 3254 2642 τὸ
3289 2589 3424 2642 αὐτὸ
3463 2585 3651 2640 ἐκδιπεῖι·

2830 2675 2902 2713 ου
2939 2675 3013 2724 χρ
3066 2699 3078 2714 .

2830 2675 2902 2713 oo
2939 2675 3078 2727 χρη.

2248 2751 2310 2806 ’0
2335 2759 2412 2807 κε’
2443 2753 2553 2807 τῶν
2587 2753 2760 2822 ἁγίων
2782 2753 3101 2806 ἀποστόλων
3138 2751 3349 2817 κανὼν,
3380 2751 3653 2811 Ἐπίσκοπος,

2170 2848 2357 2917 φησὶν,
2413 2847 2446 2920 ἢ
2506 2848 2910 2919 πρεσϐύτερος,
2953 2849 2984 2918 ἢ
3027 2848 3309 2913 διάκονος,
3362 2848 3444 2899 ἐπὶ
3492 2846 3657 2914 πορνείᾳ

2170 2939 2353 3004 ἁλοὺς.
2387 2942 2420 3011 ἦ
2449 2941 2730 3014 ἐπιορκία,
2785 2940 2818 3011 ἧ
2849 2942 3046 3008 κλοπῇ,
3104 2939 3472 3011 καθαιρείσθω
3509 2938 3583 2990 καὶ
3607 2937 3656 3007 μὴ

2167 3034 2546 3104 ἀφοριζέσθωο
2581 3035 2658 3088 Ού
2685 3037 2793 3106 γὰρ
2817 3035 3124 3106 ἐκδικήσεις
3150 3035 3235 3096 δὶς
3271 3036 3364 3085 ἐπὶ
3393 3035 3445 3085 τὺ
3461 3033 3594 3084 αὐτὼ
3624 3032 3657 3080 oi

2168 3127 2278 3196 γὰρ
2305 3127 2558 3196 ἱερᾶσθαι
2609 3127 2892 3197 λαχόντες,
2944 3127 2994 3178 εἰ
3049 3125 3453 3196 καθαιρεθεῖεν,
3482 3120 3592 3174 ἁλλά
3621 3138 3659 3188 γε

494 3227 603 3280 tur,
660 3231 688 3269 a
741 3216 978 3270 ﬁdelium
1038 3225 1215 3269 tamen
1270 3216 1658 3270 communione
1713 3229 1820 3269 non
1877 3228 2059 3284 segre-

2171 3219 2270 3288 τῆς
2318 3218 2430 3270 τῶν
2463 3219 2672 3272 πιστῶν
2721 3217 3010 3282 κοινωνίας
3063 3218 3164 3271 οὐκ
3214 3215 3565 3286 ἀφορίζονται,
3595 3214 3663 3264 κᾶν

494 3318 723 3376 gantur,
781 3306 1158 3377 cuiuscunque
1193 3307 1465 3362 criminis
1533 3308 1614 3362 rei
1686 3306 1908 3362 fuerint.
1953 3307 2064 3361 Soli

491 3409 676 3454 autem
709 3407 938 3468 utraque
986 3413 1144 3466 poena
1193 3397 1527 3462 afﬁciuntur,
1575 3406 1799 3468 prepter
1846 3398 2068 3452 sceleris

497 3493 967 3561 magnitudinem.
1027 3491 1120 3562 qui
1185 3491 1434 3561 pecuniis
1496 3491 1581 3546 vel
1647 3491 2065 3560 magistratuum

495 3587 738 3658 potentia
761 3586 1152 3649 sacerdotium,
1175 3586 1257 3640 vcl
1279 3585 1436 3640 aliter
1458 3584 1638 3654 populi
1664 3583 2064 3654 prmsidentiam

496 3677 729 3732 assecuti
761 3687 927 3742 sunt;
983 3679 1082 3731 hos
1132 3677 1278 3731 enim
1317 3677 1386 3732 l9
1429 3692 1553 3732 can.
1594 3686 1774 3746 apost.
1816 3690 1918 3730 nec
1954 3690 2062 3730 non

404 3825 410 3838 ι
497 3767 568 3822 50
597 3783 800 3838 eosque
829 3769 922 3838 qui
958 3768 1027 3822 iis
1059 3768 1492 3830 communicant,
1548 3783 1659 3822 non
1689 3766 1863 3822 solum
1895 3763 2065 3836 depo-

497 3862 708 3928 sitioui,
737 3861 829 3916 sed
862 3863 1025 3916 etiam
1059 3861 1418 3930 segregationi
1455 3860 1778 3929 subjiciunt.

566 3954 737 4010 Porro
768 3969 999 4024 magnus
1050 3953 1307 4017 Basilius,
1341 3953 1396 4007 in
1444 3967 1567 4007 can.
1601 3954 1690 4015 52,
1745 3953 1951 4008 dictum
2007 3954 2061 4008 in

498 4047 672 4113 prima
737 4045 967 4114 epistola
1017 4044 1287 4099 catholica
1333 4044 1680 4112 evangelista
1725 4053 1780 4099 et
1825 4044 2062 4115 theologi

493 4135 724 4192 Joannis
765 4150 1066 4205 exponens,
1106 4135 1250 4205 quod
1285 4137 1357 4189 ita
1407 4150 1466 4190 se
1495 4136 1696 4190 habet:
1736 4153 1756 4186 ι
1792 4133 1888 4191 Est
1940 4151 2065 4205 pee-

493 4239 670 4282 catum
705 4228 771 4282 ad
821 4235 1072 4288 mortem,
1118 4236 1171 4282 et
1216 4236 1298 4281 est
1330 4237 1608 4296 peccatum
1661 4241 1770 4283 non
1803 4234 1873 4281 ad
1922 4241 2064 4280 mor-

496 4329 626 4383 tem,
665 4339 682 4372 ι
741 4321 838 4386 ait,
882 4319 1136 4382 clericos,
1193 4321 1285 4390 qui
1345 4331 1624 4389 peccatum
1707 4319 1772 4374 ad
1829 4328 2060 4374 mortem

492 4413 829 4476 admittunt,
887 4411 1033 4481 quod
1087 4411 1294 4466 scilicet
1343 4412 1412 4465 ad
1464 4421 1645 4466 actum
1693 4412 2060 4480 progreditur,

494 4504 785 4558 sacerdotii
844 4504 1014 4573 gradu
1079 4502 1375 4568 excidere,
1448 4517 1638 4557 verum
1696 4515 1725 4556 a
1793 4503 2057 4557 laioorum

491 4596 900 4656 communione,
951 4593 1248 4663 quominus
1297 4607 1420 4648 cum
1471 4595 1537 4648 iis
1584 4601 1895 4663 precentur,
1950 4609 2059 4648 non

490 4687 706 4751 arceri;
745 4685 795 4739 in
849 4684 1000 4738 nullo
1037 4683 1181 4738 enim
1218 4698 1282 4738 ex
1317 4683 1493 4738 tribus
1544 4684 1878 4753 paenitentia!
1925 4684 2060 4740 locis

493 4777 759 4841 stabunt;
817 4790 941 4830 nam
985 4789 1088 4828 non
1161 4773 1468 4828 vindicahis
1530 4773 1618 4829 bis
1673 4775 1730 4828 in
1801 4776 2059 4845 idipsum.

491 4868 964 4934 Quemadmodum
1001 4867 1145 4920 enim
1176 4874 1464 4935 peccatum
1498 4876 1623 4920 actu
1657 4865 1970 4922 admissum"
1995 4868 2060 4922 ad

495 4971 728 5015 mortem
760 4962 954 5014 animas
987 4957 1128 5012 ferre
1165 4958 1317 5021 dicit,
1366 4956 1785 5012 fornicationem
1829 4957 2058 5023 scilicet,

494 5056 578 5108 vel
605 5051 982 5114 homicidium,
1019 5051 1114 5104 vel
1136 5049 1354 5112 similia,
1378 5050 1457 5103 sic
1483 5047 1628 5118 quod
1661 5048 1730 5102 ad
1779 5049 2062 5104 consult»

493 5146 696 5198 tionem
756 5151 967 5196 tantum
1025 5149 1080 5196 et
1133 5155 1467 5196 consensum
1525 5141 1893 5211 progreditur,
1948 5156 2060 5197 non

494 5233 713 5302 quidem
742 5217 1219 5300 irreprehe'nsibile
1264 5243 1409 5293 esse,
1461 5228 1555 5282 sed
1607 5237 1785 5282 tamen
1825 5238 2060 5283 mortem

494 5326 720 5380 omnino
774 5324 969 5377 anima:
1014 5337 1122 5376 non
1173 5321 1488 5384 conciliare,
1543 5320 1680 5374 adeo
1733 5325 1793 5374 ut
1842 5320 2062 5389 deposi-|

494 5419 695 5471 tionem
733 5417 970 5481 inducat,
995 5414 1150 5484 juxta
1169 5413 1200 5466 ι
1226 5427 1354 5468 can.
1382 5428 1504 5482 syn.
1535 5410 1864 5476 Neocrsar.,
1896 5427 2058 5480 quem

495 5526 708 5581 quaeras
757 5513 807 5563 iu
849 5524 969 5578 cap.
1007 5509 1073 5562 15
1111 5509 1214 5560 litt.
1250 5507 1316 5561 [Ι.
1357 5503 1542 5575 Neque
1567 5505 1710 5558 enim
1762 5505 2062 5560 fornicator

490 5603 845 5674 iudicabitur,
908 5600 1001 5667 qui
1059 5598 1318 5652 fornicari
1375 5597 1686 5667 proposuit,
1733 5611 1873 5666 opus
1928 5612 2058 5651 vero

494 5709 601 5751 non
639 5694 885 5765 perfecit.
937 5691 1202 5746 Similiter
1253 5690 1320 5744 de
1367 5693 1516 5743 canto
1565 5691 1898 5742 censendum
1949 5700 2056 5753 est,

495 5792 556 5838 ut
602 5783 734 5836 dicit
771 5795 1003 5850 magnus
1040 5780 1346 5848 Theologus
1395 5777 1734 5849 Gregorius:
1791 5778 1848 5832 Si
1895 5781 2059 5834 caedis

497 5877 727 5931 damnas
751 5874 1096 5928 homicidam
1147 5889 1212 5929 ex
1247 5890 1311 5928 eo
1357 5873 1474 5929 solo
1501 5873 1646 5943 quod
1687 5873 1965 5942 cogitavit.
2004 5886 2058 5927 et

2167 3311 2468 3381 οίῳδήποτε
2509 3309 2674 3364 πάθει
2710 3308 3087 3381 περιπαρῶσι.
3136 3309 3308 3362 Μόνος.
3361 3324 3421 3376 γε
3475 3306 3565 3375 μὴν
3589 3305 3660 3354 τῶν

2165 3402 2406 3456 εὐθυνῶν
2463 3403 2798 3474 ἀμφοτέρων
2838 3404 3112 3472 τιμῶνται
3177 3400 3270 3454 διὰ
3302 3400 3361 3452 τὸ
3411 3397 3661 3467 περιδντῆς

2165 3497 2387 3560 κακίας,
2421 3495 2470 3548 oi
2523 3495 2614 3549 διὰ
2660 3495 2970 3566 χρημάτων
3017 3495 3048 3564 ἦ
3083 3494 3404 3554 δυναστείας
3431 3491 3657 3559 ἀρχόντων.

2167 3585 2490 3657 ἱερωσύνην,
2550 3585 2582 3656 ἢ
2623 3585 2960 3657 προστασίαν
3010 3586 3184 3647 ἄλλως
3237 3582 3372 3637 λαοῦ
3411 3580 3658 3647 δεξάμεναί

2163 3679 2390 3742 τούτους
2418 3677 2526 3747 γὰρ
2560 3678 2588 3730 ὁ
2611 3677 2694 3731 κθθ
2727 3677 3091 3740 ἁποστολικδς
3119 3675 3331 3738 κανὼν,
3362 3673 3442 3726 ἔτι
3489 3671 3538 3723 δὲ
3561 3668 3662 3722 καὶὸ

2162 3769 2206 3824 λ’
2237 3772 2333 3824 καὶ
2359 3771 2490 3833 τοὺς
2518 3771 2705 3833 αὐτοῖς
2731 3771 3150 3832 κοινωνοῦντας,
3177 3769 3242 3821 ού
3282 3767 3444 3836 μόνον
3467 3760 3660 3832 καθαιρί·

2167 3880 2270 3927 σει,
2298 3862 2436 3915 ἀλλὰ
2469 3863 2565 3915 καὶ
2599 3861 2894 3932 ἀφορισμῷ
2918 3863 3270 3932 ὑποτίθησιν.

2245 3955 2305 4011 Ὀ
2334 3956 2392 4008 δὲ
2431 3956 2606 4026 μέγας
2645 3957 2926 4021 Βασίλειος
2964 3959 3020 4010 ὲν
3064 3957 3142 4028 τῷ
3179 3958 3264 4028 λβ⁹
3298 3957 3486 4011 κανόνι
3514 3953 3593 4023 τὴν
3629 3954 3666 4004 ἰν

2163 4050 2227 4119 τῇ
2259 4047 2453 4119 πρώτῃ
2484 4047 2594 4100 τῶν
2627 4047 2939 4124 καθολικῶν
2967 4048 3062 4100 τοῦ
3117 4046 3505 4117 εὐαγγελιστοῦ
3534 4045 3667 4098 Ἰωάνα

2162 4157 2256 4193 νου
2285 4141 2380 4192 καὶ
2407 4139 2671 4208 Θεολόγου
2713 4140 2944 4204 ἐκλέξας
3005 4139 3214 4210 φωνὴν,
3249 4141 3350 4210 τὴν
3385 4140 3566 4192 οὑτωσί
3591 4151 3670 4194 πως

2161 4230 2504 4296 διεξιοῦσανο
2544 4250 2564 4282 ι
2608 4233 2802 4284 Ἔστιν
2835 4231 3090 4300 ἁμαρτία
3131 4231 3271 4301 πρὸς
3325 4230 3562 4293 θάνατον,
3609 4227 3671 4275 καὶ

2162 4320 2311 4373 ἔστιν
2337 4321 2583 4389 ἁμαρτία
2614 4321 2676 4372 οὐ
2730 4320 2866 4388 πρὸς
2914 4321 3184 4372 θάνατον’
3232 4336 3251 4369 ι
3284 4320 3416 4380 τοὺς
3447 4317 3535 4385 τὴν
3579 4315 3675 4381 πρ⁷ς

2163 4410 2394 4466 θάνατον
2414 4411 2717 4481 ἁμαρτίαν,
2745 4413 2930 4481 φησιν,
2955 4410 3385 4482 ἁμαρτάνοντας
3411 4395 3669 4478 κληρικοϋς.

2162 4501 2262 4570 τὴν
2309 4501 2472 4571 μέχρι
2523 4501 2776 4569 πράξεως
2827 4499 3033 4573 δηλαδὴ
3087 4494 3674 4572 προχωρήσασανρκπί·

2167 4605 2324 4644 πτειν
2376 4592 2476 4662 μὲν
2533 4591 2628 4645 τοῦ
2677 4592 2886 4664 βαθμοῦ
2922 4594 3022 4663 τῆς
3081 4593 3416 4664 ἱερωσύνης,
3445 4591 3538 4661 τῆς
3564 4589 3671 4654 id”?

2165 4684 2298 4751 εὐχῇ
2322 4681 2378 4735 δὲ
2407 4685 2696 4747 κοινωνίας
2715 4687 2823 4737 τῶν
2844 4683 3048 4738 λαῖκῶν
3097 4686 3176 4756 μὴ
3221 4685 3562 4756 eadm,qu
3581 4698 3593 4712 .
3637 4680 3672 4729 ξ,

2165 4773 2345 4827 οὐδενὶ
2374 4775 2485 4844 γὰρ
2515 4776 2625 4829 τῶν
2652 4777 2897 4848 τέτραχα
2952 4777 3364 4849 διαιρουμένων
3410 4777 3508 4843 τῆς
3554 4789 3675 4842 μετα·

2164 4864 2314 4928 νοίας
2349 4866 2716 4937 σταθήσονται
2755 4871 2936 4922 τόπων
2957 4885 2972 4900 ο
3039 4871 3099 4923 οὐ
3133 4871 3244 4940 γὰρ
3302 4868 3594 4937 ὲκδικὴσεις
3624 4865 3675 4923 δὶς

2163 4957 2256 5009 ἐπὶ
2277 4959 2340 5010 τὸ
2356 4959 2511 5013 αὐτό.
2531 4960 2744 5032 Ὠσπερ
2766 4961 2822 5014 δὲ
2841 4961 2938 5032 τὴν
2956 4961 3277 5032 ἔμπρακτον
3292 4961 3564 5033 ἁμαρτίαν
3584 4957 3677 5026 πρὸς

2165 5046 2406 5101 θάνατον’
2428 5049 2580 5116 λέγει
2614 5053 2804 5120 φέρειν
2832 5052 2926 5104 τὸν
2961 5054 3061 5121 τῆς
3103 5054 3309 5123 ψυχῆς,
3357 5050 3675 5122 πορνείαντν-

2163 5139 2280 5208 χδν,
2321 5140 2355 5210 ἢ
2388 5141 2549 5210 φόνον
2571 5180 2586 5204 ,
2635 5141 2671 5213 ἢ
2723 5158 2776 5196 τι
2808 5143 2916 5196 τῶν
2943 5143 3232 5208 τοιούτων,
3262 5144 3414 5197 οὕτω
3463 5143 3553 5211 τὴν
3590 5139 3676 5206 ἄχρι

2167 5231 2366 5302 βουλῆς
2396 5233 2490 5285 καὶ
2520 5234 2978 5301 συγκαταθέσεως
3009 5235 3335 5305 προϊοῦσαν,
3366 5235 3468 5288 οὐκ
3487 5227 3676 5286 ἀνεπιτί-

2168 5325 2340 5395 μητόν
2375 5325 2475 5394 μὲν
2503 5321 2664 5390 εἶναι,
2700 5326 2760 5378 οὐ
2789 5326 2896 5398 μὴν
2925 5328 3129 5380 καὶτὸν
3153 5328 3403 5396 παντελῆ
3430 5331 3524 5396 τῆς
3546 5320 3675 5393 ψυχῆς

2168 5416 2570 5487 μνηστεύεσθαι
2633 5417 2890 5484 θάνατον,
2938 5420 3082 5471 ὥστε
3126 5419 3223 5472 καὶ
3277 5418 3591 5489 καθαίρεσιν
3612 5415 3676 5464 ἑτ-

2163 5506 2342 5574 ἀγειν,
2367 5509 2511 5561 κατὰ
2533 5508 2627 5562 τὸν
2650 5508 2692 5561 δ’
2720 5508 2822 5578 τῆς
2853 5511 2911 5562 ὲν
2948 5508 3360 5580 Νεοκαισαρείᾳ
3395 5509 3596 5561 «meo.
3616 5521 3676 5557 xa-

2162 5599 2314 5662 νόνα,
2345 5600 2403 5652 ὃν
2435 5601 2586 5671 ζήτει
2628 5601 2685 5654 ὲν
2715 5601 2794 5672 τῷ
2827 5607 2887 5654 ιε’
2919 5619 3049 5668 κεφ.
3093 5601 3189 5654 τοῦ
3221 5601 3262 5653 Π
3293 5601 3579 5669 στοιχείου.
3609 5598 3676 5647 03-

2161 5689 2218 5744 δὲ
2247 5691 2359 5762 γὰρ
2390 5693 2456 5744 ἂν
2492 5696 2690 5762 πόρνος
2714 5693 2954 5764 κριθείη,
2983 5695 3010 5746 6
3041 5692 3348 5764 πορνεῦσαι
3406 5691 3505 5761 μὲν
3535 5686 3676 5758 πρηθέ

2164 5795 2351 5853 μενος.
2376 5782 2478 5854 τὴν
2507 5783 2704 5856 πρᾶξιν
2733 5786 2789 5839 δὲ
2827 5787 2900 5857 μὴ
2921 5785 3144 5849 τελέσας
3164 5803 3180 5816 ο
3201 5785 3274 5847 ὼς
3305 5785 3368 5838 δὲ
3406 5784 3501 5837 καί
3525 5775 3673 5833 {circi

2161 5875 2374 5945 φονέως
2400 5877 2697 5945 λογιστέον,
2724 5876 2800 5941 ὥς
2827 5895 2989 5948 φησιν
3016 5880 3043 5930 6
3091 5879 3259 5948 μέγας
3288 5875 3557 5943 Θεολόγος
3580 5871 3672 5937 Γρη-
