3774 6550
134 453 244 519 1253

1071 428 1484 490 SYN'I‘AGMA
1523 427 2158 488 ALPHABETICUM;
2192 451 2260 461 -·
2283 423 2339 487 Δ.
2427 417 2433 428 ’

3208 424 3348 488 1254

137 567 308 636 τόριος,
347 552 406 608 Ei
436 548 642 622 κρίνεις
677 545 850 615 φόνου
878 542 971 597 τὸν
1010 544 1235 612 φονικὸν
1261 543 1337 636 ὲκ
1365 543 1531 636 μόνου
1560 538 1655 594 τοῦ

1842 555 1882 594 aa
1921 550 2246 611 sequuntur.
2283 538 2480 595 Dicunt
2524 547 2706 594 autem
2761 539 3010 596 nonnulli
3060 553 3348 610 peceatum

132 635 403 730 βούλεσθαι,
431 645 526 696 καὶ
553 642 620 694 τὰ
652 639 802 709 ἑξῆς.
826 636 983 700 Τινὲς
1005 635 1063 690 δὲ.
1095 653 1232 704 φασι
1252 635 1386 705 πρὸς
1418 635 1654 730 θανατον

131 729 244 808 itm
275 744 570 814 ἁμάρτημα
594 738 654 790 τὸ
679 733 924 803 κεφαλῆς
949 731 1270 801 ἀφαίρεσιν,
1298 730 1392 782 καὶ
1417 729 1658 783 θάνατον

131 842 301 904 ἐπάγον
314 833 392 903 ’τῷ
415 826 807 900 ἁμαρτάνοντι,
833 821 930 876 καὶ
951 821 1159 892 κρίνειν
1181 819 1273 873 τὸν
1297 817 1454 887 ἅγιον
1487 817 1674 888 μηδὲν.

131 934 263 987 πλέον
288 925 383 993 τῆς
421 918 800 990 καθαιρέσεως
837 914 929 968 τὸν
972 913 1128 984 ίερέα
1159 912 1520 981 ὑφίστασθαι,
1553 912 1658 966 κᾶν

135 1021 350 1095 μεγάλων
377 1011 679 1084 αὐτουργὸς
710 1009 937 1077 γέγονεν
969 1006 1358 1076 ἐγκλημάτων,
1393 1003 1431 1058 ἃ
1461 1003 1526 1088 δὴ
1561 1005 1659 1058 καὶ

133 1119 324 1170 θάνατον
351 1107 492 1162 κατὰ
547 1103 675 1166 τοὺς
726 1102 949 1170 νόμους,
989 1098 1086 1164 καὶ
1139 1097 1443 1168 κεφαλικὴν
1498 1098 1562 1152 τὸ
1590 1097 1660 1169 δὴ

131 1204 385 1273 λεγόμενον
417 1195 742 1264 ἐφέλκονται
771 1190 1026 1244 κόλασιν.

194 1296 271 1350 Ἐν
293 1292 346 1345 δὲ
369 1289 443 1360 τῷ
470 1285 554 1343 va'
578 1287 713 1356 μίαν
733 1283 826 1338 ἐπὶ
847 1283 963 1345 τοῖς
981 1281 1366 1352 παραπεσοῦσι
1397 1281 1508 1334 τῶν
1530 1280 1662 1350 κλη-

131 1387 269 1460 ρικῶν
296 1383 550 1438 ἁπάντων
599 1379 698 1448 τὴν
749 1377 1028 1447 τιμωρίαν
1051 1374 1348 1446 ὡρίσαντο,
1386 1374 1578 1445 φησὶν,
1607 1374 1660 1428 οί

131 1482 362 1547 Πατέρες,
411 1475 514 1546 τὴν
563 1473 840 1526 ἔκπτωσιν
891 1467 996 1538 τῆς
1057 1466 1391 1537 ὑπηρεσίας,
1449 1465 1563 1520 είτε
1600 1468 1660 1520 ὲν

132 1571 294 1643 βαθμῷ
311 1567 532 1639 (τύχοιεν
561 1565 740 1629 ὄντες,
770 1563 868 1618 καὶ
901 1560 1243 1633 χειροτονίαν
1271 1558 1660 1630 πρεσϐυτέρου

127 1664 403 1738 ἢδιακόνου
438 1661 470 1733 ἢ
503 1659 868 1714 ὑποδιακόνου
913 1655 1228 1724 δεξάμενοι,
1282 1653 1395 1707 εἴτε
1435 1655 1493 1708 ὲν
1529 1655 1663 1708 ἀνα-

128 1759 336 1825 γνώστου
387 1752 648 1822 σφραγῖδι
695 1749 728 1820 ἦ
759 1748 993 1819 ψάλτου,
1043 1747 1076 1818 ἢ
1129 1744 1383 1817 θυρωροῦ
1411 1761 1424 1778 ·
1457 1744 1524 1800 οὐ
1550 1743 1662 1815 γὰρ

125 1849 228 1910 τοὺς
267 1843 509 1917 μείζονος
529 1841 693 1905 ὄντας
725 1839 938 1909 βαθμοῦ
970 1840 1171 1909 μᾶλλον
1195 1837 1666 1904 κολάζουσι,κου-

127 1941 231 2009 φότε
239 1956 324 2009 ρον

125 2027 393 2100 ἱερωσύνης
417 2026 723 2098 εἴργονται,
749 2023 924 2086 οὕτως
949 2023 997 2077 οί
1019 2021 1394 2091 ἀναγνῶσται,
1415 2019 1512 2074 τοῦ
1549 2020 1666 2074 sic-

125 2125 274 2178 ελθεῐν
300 2123 379 2185 είς
427 2121 489 2174 τὸ
532 2119 710 2190 βῆμα,
761 2119 794 2188 ἢ
829 2116 923 2170 ἐπὶ
953 2116 1211 2188 ἄμϐωνος
1259 2114 1595 2186 ἀναγνῶναι,
1627 2113 1664 2186 ἢ

124 2216 190 2278 είς
216 2212 428 2284 μείζονα
463 2209 742 2278 προκόψαι
772 2206 1008 2278 βαθμόν.

181 2307 382 2366 Τούτοις
413 2302 660 2374 συνᾴδων
693 2304 788 2354 καὶ
824 2301 851 2353 ὁ
881 2297 966 2365 κζ’
991 2297 1095 2369 τῆς
1126 2298 1187 2351 ὲν
1213 2296 1572 2370 Καρθαγένη,
1599 2297 1668 2352 Oi

125 2397 200 2452 ἐπὶ
227 2395 572 2464 ἀνηκέστοις,
601 2391 792 2462 φησὶν,
844 2390 1250 2462 ἁμαρτήμασιν
1306 2387 1668 2459 ὲληλεγμένοι

125 2487 369 2556 κληρικοὶ,
403 2485 501 2537 καὶ
533 2481 690 2553 παρὰ
727 2480 886 2536 τοῦτο
919 2480 1028 2533 τῶν
1055 2479 1276 2534 οἰκείων
1311 2477 1540 2549 βαθμῶν
1570 2480 1668 2534 ἰκ-

126 2584 410 2643 πίπτοντες,
441 2578 546 2635 οὐκ
599 2577 957 2657 ᾁφορίζονται
1021 2575 1124 2642 μὲν
1159 2575 1256 2644 τῆς
1310 2573 1422 2626 τῶν
1453 2571 1670 2628 πιστῶν

123 2675 438 2747 ὁμηγύρεως,
503 2672 696 2743 ἀρκεῖν
756 2669 864 2741 γὰρ
913 2666 1100 2728 αὐτοῖς
1151 2667 1231 2726 εἰς
1287 2665 1514 2718 κόλασιν
1569 2661 1670 2734 τὴν

125 2764 416 2834 καθαίρεσιν
451 2761 657 2832 μόνην·
693 2759 812 2814 ἀλλ’
841 2757 951 2812 οὐδ’
992 2753 1279 2828 ἡντιναοῦν
1326 2755 1670 2826 χειροτονίαν

123 2857 205 2925 τῆς
233 2855 382 2918 ἐκτὸς
412 2852 511 2907 τοῦ
548 2852 794 2923 βήματος
827 2849 1140 2919 ὑπηρεσίας
1169 2846 1346 2902 οἴεται
1381 2845 1667 2912 δέξασθαι,

131 2950 234 3004 οὺδδ
283 2946 768 3012 ἀναδαπτίζονται,
829 2945 907 3006 ὡς
959 2941 1120 3011 δῆθεν
1165 2940 1264 2995 τοῦ
1325 2940 1672 3010 ἐγκλήματος

130 3041 492 3111 ικπλυνθῆναι,
519 3038 594 3098 ὥς
613 3053 756 3099 τινες
787 3034 971 3098 κακῶς
999 3033 1228 3098 οἴονται,
1247 3033 1344 3086 καὶ
1361 3032 1440 3094 είς
1463 3029 1673 3100 βαθμὸν

127 3131 260 3198 αὖθις
273 3135 474 3204 κλήρου
501 3129 800 3200 προκόεᾷαι.
845 3129 942 3182 Ἐν
963 3125 1075 3194 γὰρ
1100 3125 1161 3178 τὸ
1178 3125 1452 3195 σωτήριον
1481 3122 1676 3193 βάπτι-

125 3245 218 3298 σμα
240 3244 254 3257 ·
281 3226 368 3281 διὰ
407 3225 465 3279 δὲ
501 3221 778 3277 τοῦτοκαὶ
811 3220 862 3272 oi.
894 3217 1034 3288 μετὰ
1076 3217 1178 3288 τὴν
1217 3215 1546 3286 καθαίρεσιν
1580 3215 1669 3272 ἔπ’

122 3317 346 3387 ἄμϐωνος
408 3311 903 3382 ἀναγινώσκοντες,
965 3307 1222 3379 ῆεὺχάς,
1275 3305 1311 3378 ἦ
1375 3304 1668 3374 εὐλογητδν

120 3409 366 3476 λέγοντες,
396 3406 498 3476 οὐχ
532 3406 657 3460 ὅσια
692 3402 882 3473 δρῶσι.
935 3401 1100 3471 Ζήτει
1136 3397 1229 3452 καὶ
1253 3399 1310 3450 δν
1357 3397 1434 3468 τῷ
1465 3395 1509 3449 θ’
1539 3414 1668 3466 κεφ.

117 3497 199 3552 τοῦ
224 3497 490 3568 παρόντος
513 3495 783 3566 στοιχείου
838 3493 1042 3548 κανόνα
1061 3488 1105 3545 ν’
1131 3490 1230 3560 τῆς
1253 3491 1312 3543 ἐν
1341 3489 1673 3561 Καρθαγένῃ

119 3593 336 3646 συνόδου.
364 3590 538 3659 Ζήτει
563 3589 660 3643 καὶ
688 3591 748 3643 ἐν
779 3587 858 3656 τῷ
892 3583 956 3639 ιε’
979 3601 1107 3652 κεφ.
1155 3581 1252 3640 τοῦ
1294 3583 1341 3636 Π
1399 3581 1670 3654 στοιχείου

118 3687 298 3739 κανόνα
319 3682 368 3752 γ’
401 3683 501 3736 τοῦ
528 3681 765 3751 μεγάλου
795 3676 1105 3732 Βασιλείου.

118 3778 348 3832 ΚΕΦΔΛ.
374 3778 408 3830 ιο
430 3773 586 3848 [lB’].
607 3773 748 3844 Περὶ
776 3770 899 3897 τὲἕ
920 3771 1262 3825 διωκόντων
1289 3768 1459 3836 τινὰς
1476 3768 1552 3824 δι’
1573 3771 1672 3825 εὑ-

769 3860 808 3897 σ
885 3857 1040 3896 ειαν.

730 3897 740 3905 ,
769 3857 1040 3897 σεδειαν.

175 3938 330 4008 Ζήτει
354 3938 414 3989 ὲν
445 3954 520 4007 τῳ
542 3935 590 3988 α’
621 3951 747 4005 κεφ.
781 3933 876 3986 τοῦ
901 3934 939 3984 Α
971 3931 1240 4003 στοιχείου
1271 3934 1474 3988 κανόνα
1501 3929 1546 3986 θ’
1567 3932 1672 4002 τῆς

116 4034 163 4084 ὲν
202 4029 443 4102 Ἀγκύρᾳ
472 4027 692 4081 συνόδου
725 4027 821 4078 καὶ
847 4024 947 4093 τὴν
987 4024 1122 4097 πρὸς
1169 4023 1546 4092 Ῥουφινιανὸν
1574 4024 1671 4078 τοῦ

117 4122 335 4192 μεγάλου
358 4117 688 4175 Ἀθανασίου
715 4115 1031 4185 ἐπιστολήν.

114 4238 345 4292 ΚΕΦΔΛ.
391 4236 474 4290 IA'
507 4233 615 4307 μιν
630 4230 672 4305 1.
707 4231 847 4307 Περὶ
874 4229 1121 4307 δούλων
1169 4228 1519 4297 ἐλευθερίας
1572 4228 1674 4286 καί

696 4300 1078 4371 κληρώσεως.

183 4401 252 4453 ’0
276 4406 359 4452 πε⁹
392 4398 492 4469 τῆς
516 4395 571 4463 ς’
595 4396 816 4449 συνόδου
855 4392 1035 4447 κανὼν
1084 4394 1178 4446 ἐπὶ
1213 4392 1312 4462 τῆς
1332 4391 1443 4450 τῶν
1465 4392 1676 4448 δούλων

112 4493 410 4561 ἐλευθερίας
472 4491 546 4560 μὴ
580 4487 800 4552 πλείους
821 4486 928 4538 τῶν
959 4484 1127 4558 τριῶν
1168 4485 1465 4557 μαρτύρων
1496 4503 1676 4557 παρα-

1764 627 1833 682 ad
1872 639 2100 683 mortem
2128 644 2273 693 esse,
2302 628 2448 698 quod
2501 627 2699 696 capitis
2746 627 3077 683 ablutionem
3106 640 3162 684 et
3195 647 3349 686 mor-

1764 727 1872 774 tem
1935 721 2208 788 peccatori
2290 719 2539 784 inducit,
2599 728 2655 773 et
2711 729 2962 776 sanctum
3024 721 3348 780 existimare

1764 807 2082 876 pontificem
2135 807 2272 862 nihil
2328 817 2522 878 praeter
2574 808 2967 878 depositionem
3015 811 3201 866 subire
3250 811 3348 868 de-

1765 897 1935 964 bere,
1978 901 2104 954 licet
2153 901 2390 954 maxima
2447 898 2679 954 crimina
2751 902 3182 970 perpetraverit,
3223 919 3345 972 quae

1766 997 1998 1044 mortem
2027 991 2332 1046 secundum
2371 989 2540 1060 leges,
2584 999 2639 1044 et
2679 1006 2897 1061 pinnam
2931 1007 3054 1062 quae
3085 993 3349 1063 capitalis

1767 1080 1965 1136 dicitur
1992 1081 2255 1138 inferunt.

1838 1261 2063 1331 Insuper
2089 1263 2143 1317 in
2177 1278 2297 1319 can.
2331 1262 2421 1326 5|,
2465 1263 2671 1329 Unum,
2702 1263 2903 1334 inquit,
2930 1265 3260 1334 supplicium
3290 1265 3347 1322 in

1765 1365 1862 1406 cos
1902 1353 1996 1421 qui
2027 1353 2168 1423 lapsi
2194 1362 2323 1408 sunt
2347 1353 2536 1408 Patres
2559 1355 2947 1421 decreverunt,
2979 1371 3009 1410 a
3038 1357 3348 1412 ministerio

1769 1443 1978 1498 scilicet
2005 1445 2342 1500 amotionem
2375 1463 2390 1513 ;
2427 1448 2540 1501 sive
2569 1450 2622 1502 in
2655 1451 2823 1518 gradu
2864 1449 3086 1514 fuerint,
3117 1457 3171 1506 et
3203 1449 3353 1502 ordi-

1767 1537 2045 1592 nationem
2079 1539 2381 1610 presbyteri
2439 1540 2526 1594 vel
2578 1541 2796 1595 diaconi
2841 1544 3200 1610 acceperint,
3233 1541 3350 1596 sive

1769 1629 1822 1683 in
1850 1630 2066 1686 lectoris
2103 1646 2351 1696 munere,
2402 1632 2488 1686 vel
2514 1634 2779 1699 cantoris,
2811 1633 2896 1687 vel
2944 1634 3183 1689 ostiarii.
3227 1633 3349 1688 Non

1767 1720 1912 1778 enim
1954 1737 2050 1779 eos
2094 1723 2188 1794 qui
2231 1724 2283 1779 in
2315 1723 2521 1796 majori
2569 1724 2740 1794 gradu
2789 1734 2940 1792 sunt,
2977 1727 3199 1795 gravius
3243 1740 3348 1796 pu-

1768 1807 1947 1878 nidnt,
1996 1812 2170 1868 levius
2228 1828 2359 1869 vero
2409 1829 2522 1869 eos.
2558 1814 2650 1884 qui
2683 1814 2737 1867 in
2787 1815 2986 1870 minori
3041 1823 3206 1878 sunt,
3253 1814 3348 1869 sed

345 1903 402 1991 δὲ
427 1903 558 1999 rei);
586 1903 871 1996 ἐλάττονος
892 1950 906 1965 ·
953 1903 1069 1986 ἀλλ’
1109 1931 1303 2001 ὥσπερ
1325 1903 1530 1984 ἐκεῖνοι
1561 1929 1666 1999 τῆς

1842 1911 1914 1957 :ut
1938 1903 1972 1958 ii
1993 1905 2347 1962 asacerdotio
2360 1914 2641 1971 arcentur,
2663 1907 2742 1963 sic
2761 1917 2816 1963 et
2833 1909 3066 1963 lectores
3089 1909 3154 1962 ad
3177 1907 3351 1964 altare

1768 1995 2002 2070 ingredi,
2052 1997 2136 2051 vel
2183 1999 2238 2054 in
2287 1999 2521 2054 amboue
2570 1999 2771 2068 legere,
2826 2001 2908 2055 vel
2961 2001 3029 2056 ad
3077 2001 3346 2072 majorem

1768 2091 1998 2168 gradum
2030 2090 2338 2163 promoveri
2368 2091 2748 2162 prohibentur.
3075 2105 3081 2112 '

1839 2272 1939 2328 His
1968 2273 2211 2327 con'sona
2234 2278 2482 2328 statuens
2513 2287 2636 2327 can.
2667 2273 2737 2328 50
2771 2287 2894 2341 syn.
2919 2271 3351 2341 Carthag.,Cle-

1771 2363 1894 2429 rici,
1929 2364 2127 2434 inquit,
2164 2364 2621 2436 gravissimorum
2664 2363 2975 2418 criminum.
3006 2365 3270 2430 convicti,
3297 2375 3351 2421 et
3425 2363 3429 2368 ‘

1772 2466 2059 2530 propterea
2115 2457 2378 2527 gradibus
2435 2457 2553 2513 suis
2610 2458 2950 2522 excidentes,
3013 2472 3043 2510 a
3109 2457 3349 2514 ﬁdelium

1773 2559 1919 2604 coetu
1961 2566 2068 2604 non
2101 2559 2502 2622 segregantur;
2550 2549 2663 2604 sola
2691 2550 2837 2604 enim
2887 2549 3157 2619 depositio
3193 2552 3260 2605 iis
3295 2553 3350 2606 in

1772 2657 1990 2712 poenam
2044 2641 2286 2707 suﬂicit;
2325 2657 2588 2696 manuum
2625 2656 2757 2696 vero
2803 2641 3210 2708 impositionem
3246 2643 3352 2697 ali-

1774 2749 1959 2805 quam,
2018 2741 2078 2788 ut
2137 2741 2290 2788 extra
2351 2733 2590 2788 tribunal
2648 2733 2956 2791 ministerio
3019 2733 3347 2805 formantur,

1773 2827 2054 2895 suscipere
2079 2835 2386 2890 nequeunt;
2412 2841 2588 2892 neque
2614 2825 3045 2896 rebaptizantur,
3073 2838 3127 2880 ul
3153 2827 3354 2884 exinde

1774 2931 1804 2971 a
1844 2916 2072 2972 crimine
2122 2917 2362 2986 purgati,
2399 2917 2542 2972 sicut
2590 2918 2840 2972 nonnulli
2871 2927 3084 2987 putant,
3117 2919 3184 2973 ad
3220 2919 3352 2974 cleri

1775 3008 2003 3080 gradum
2073 3023 2266 3064 rursus
2320 3018 2772 3080 promoveantur.
2831 3008 2988 3068 Unus
3057 3012 3202 3066 enim
3267 3021 3356 3068 est

1776 3101 2032 3158 salutaris
2057 3089 2397 3172 baptismus;
2421 3103 2655 3172 ideoque
2677 3103 2771 3173 qui
2799 3114 2926 3174 post
2953 3105 3352 3173 depositionem

1777 3193 1829 3247 in
1880 3194 2115 3248 amboue
2165 3193 2375 3265 legunt,
2413 3193 2498 3249 vel
2529 3209 2740 3265 preces,
2791 3193 2874 3248 vel
2917 3194 3354 3250 benedictionem

1773 3285 1986 3353 dicunt,
2045 3301 2152 3342 non
2220 3302 2377 3342 sacra
2431 3286 2661 3344 faciunt.
2722 3287 3156 3353 Quaeras,etiam
3213 3287 3266 3340 in
3321 3287 3354 3343 9

1771 3392 1894 3447 cap.
1929 3379 2217 3449 praesentis
2248 3379 2443 3435 littera:
2498 3395 2622 3436 can.
2658 3379 2726 3434 50
2751 3394 2876 3449 syn.
2909 3378 3168 3449 Carthag.
3196 3377 3358 3446 Quae-

1769 3485 1863 3526 ras
1925 3470 2088 3527 etiam
2156 3472 2212 3527 in
2270 3471 2339 3528 l5
2404 3485 2525 3544 cap.
2597 3471 2707 3527 litt.
2769 3470 2836 3538 ll,
2896 3486 3019 3527 can.
3078 3471 3111 3526 5
3171 3471 3354 3541 magni

1768 3561 1978 3618 Basilii.

1838 3764 1997 3835 107
2019 3762 2152 3822 CAP
2179 3763 2253 3837 ,Χῖ
2281 3764 2448 3837 [XII].
2505 3765 2583 3819 De
2607 3766 2672 3820 iis
2697 3768 2790 3835 qui
2821 3767 3030 3837 aliqua:
3081 3775 3296 3837 propter

2177 3836 2487 3906 religionem
2539 3836 2948 3908 persequuntur.

1844 3928 2068 3994 Quaeras
2091 3927 2144 3983 in
2174 3929 2197 3982 l
2233 3943 2355 3996 cap.
2392 3930 2498 3982 litt.
2531 3929 2578 3981 Α
2638 3944 2758 3984 can.
2794 3929 2827 3983 9
2887 3945 3010 4000 syn.
3056 3930 3260 4001 Ancyr.
3302 3937 3358 3985 et

1771 4016 1933 4088 epist.
1965 4017 2150 4088 magni
2181 4016 2472 4071 Athanasii
2503 4019 2568 4071 ad
2592 4014 2974 4073 Rutinianum.

1773 4220 1926 4280 CAP.
1961 4219 2032 4280 XI
2066 4218 2256 4296 [Xlﬂ].
2295 4220 2370 4296 _De
2418 4236 2686 4296 servorum
2722 4218 3163 4296 manumissione,
3209 4220 3354 4274 etalt

2267 4291 2470 4346 clerum
2522 4291 2867 4345 admissioue.

1847 4383 1987 4440 Can.
2039 4385 2110 4440 85
2143 4399 2264 4454 syn.
2314 4397 2365 4436 νι
2408 4383 2474 4437 ad
2519 4397 2808 4437 servorum
2859 4382 3352 4438 manumissionem

1779 4496 1886 4537 non
1913 4480 2098 4550 plures
2122 4477 2294 4532 tribus
2329 4475 2560 4546 testibus
2589 4474 2850 4530 adhibere
2886 4473 3042 4545 jubet
3067 4491 3082 4528 :
3107 4473 3165 4528 In
3211 4475 3355 4528 duo-

110 4583 469 4654 λαμϐάνεσθαι
504 4579 677 4646 ἀξιοῖο
718 4580 842 4636 Ἐπὶ
877 4577 972 4656 δύο
1012 4577 1140 4645 γὰρ,
1169 4575 1245 4641 ὥς
1277 4595 1443 4646 φησιν
1475 4579 1668 4649 ήΓρα-

1842 4587 1882 4642 ιβ
1928 4571 2074 4626 enim
2117 4569 2199 4624 vel
2231 4569 2406 4623 tribus
2436 4567 2690 4630 testibus,
2718 4574 2777 4622 ut
2825 4567 3004 4637 inquit
3048 4565 3358 4636 Scriptura,

110 4679 210 4748 φὴ,
265 4677 298 4747 ἢ
355 4674 521 4745 τριῶν
567 4671 858 4744 μαρτύρων
902 4670 1010 4723 πᾶν
1066 4667 1218 4739 ῥῆμα
1277 4667 1673 4738 ’βεϐαιούμενον

113 4770 277 4837 ίσμεν.

186 4863 243 4916 '0
275 4863 333 4916 δέ
356 4879 419 4926 γε
447 4857 494 4928 γ’
532 4857 632 4927 τῆς
665 4857 724 4909 ἐν
751 4854 977 4926 Γάγγρᾳ
1027 4853 1248 4907 συνόδου
1282 4851 1538 4922 ἄγνωμον
1566 4851 1674 4904 οἴε-

109 4971 189 5006 ται
220 4954 440 5025 κομιδῆ,
474 4950 662 5005 δοῦλον
684 4948 1020 5012 ἀναπείθειν,
1048 4946 1320 5018 προφάσει
1365 4943 1675 5005 θεοσεϐείας

111 5048 196 5098 καὶ
220 5046 529 5116 ἀσκήσεως,
568 5041 833 5096 δεσπότου
869 5039 1256 5107 καταφρονεῖν,
1296 5036 1388 5089 καὶ
1435 5036 1512 5106 μὴ
1554 5032 1674 5104 μετ’

109 5139 313 5200 εὐνοίας
341 5139 435 5190 καὶ
462 5135 627 5205 τιμῆς
657 5133 904 5187 ὑπείκειν
927 5131 1125 5202 τούτῳ,
1155 5129 1253 5184 καὶ
1282 5127 1671 5183 διακονεῖσθαι’

108 5232 276 5301 ταύτῃ
293 5247 376 5281 τοι
409 5230 501 5281 καὶ
531 5227 631 5297 τὴν
659 5225 871 5280 δικαίαν
905 5220 1316 5292 ἐνδεικνύμενος
1359 5219 1676 5291 ἀγανάκτη-

111 5337 211 5382 σιν,
245 5320 322 5390 τῷ
355 5318 660 5388 ἁναθέματι
694 5313 784 5370 τὸν
816 5318 915 5384 τῆς
949 5315 1342 5384 ἀγνωμοσύνης
1372 5313 1674 5384 παραπέμ-

110 5428 195 5464 πει
249 5410 588 5465 διδάσκαλον.
635 5407 698 5463 ’0
729 5407 838 5477 γάρ
887 5423 971 5462 τοι
1024 5407 1165 5470 θεῖος
1200 5405 1524 5468 ’Λπόστολος
1562 5407 1675 5468 τοῖς

106 5503 190 5553 τὸν
217 5502 383 5568 ζυγὸν
413 5501 632 5554 ἕλκουσι
665 5498 763 5568 τῆς
783 5496 1025 5560 δουλείας
1049 5497 1138 5549 διὰ
1168 5495 1444 5565 Τιμοθέου
1462 5511 1676 5565 παρεγ-

108 5593 302 5656 γυᾶται
328 5590 420 5644 τοῦ
448 5592 611 5652 πάνυ,
640 5591 824 5660 πάσης
849 5587 1016 5655 τιμῆς
1046 5585 1231 5651 ἀξίους
1262 5585 1387 5648 τοὺς
1408 5584 1675 5647 δεσπότας

106 5684 356 5754 ἡγεῖσθαι
377 5701 390 5714 ⁸
425 5703 442 5736 ι
470 5685 532 5737 El
557 5684 613 5736 δὲ
634 5686 728 5736 καὶ
757 5680 944 5734 πιστοὶ
974 5675 1084 5733 εἷεν
1113 5681 1161 5733 οἱ
1195 5680 1477 5746 δεσπόται,
1519 5679 1675 5750 φησὶ,

110 5773 184 5844 μὴ
204 5775 710 5845 περιφρονείτωσαν
741 5773 964 5836 αὐτοὺς,
989 5773 1070 5824 ὅτι
1099 5771 1319 5840 ἀδελφοί
1350 5773 1512 5831 εἰσιν,
1539 5769 1676 5822 ἀλλὰ

111 5867 308 5932 μᾶλλον
335 5868 750 5933 δουλευέτωσαν,
789 5868 871 5921 ὃτι
907 5865 1088 5919 πιστοί
1131 5867 1268 5926 είσιν
1301 5865 1351 5916 οί
1400 5863 1497 5934 τῆς
1523 5861 1680 5931 εὐερ-

1748 4655 1752 4658 ’
1778 4679 1939 4722 omne
1967 4663 2194 4718 verbum
2223 4660 2461 4717 stabiliri
2484 4661 2758 4716 novimus.

1847 4841 2069 4900 Tertius
2097 4854 2277 4899 autem
2322 4856 2447 4913 syn.
2477 4840 2816 4911 Gangrensis
2852 4838 3000 4894 nulla
3039 4838 3198 4895 venia
3233 4839 3356 4908 dig-

1777 4957 1907 4996 num
1943 4939 2247 5005 existimat,
2269 4943 2331 4992 ut
2359 4950 2556 4992 servus
2584 4934 2805 5004 pietatis
2825 4934 2909 5005 vel
2931 4932 3356 4988 exercitationis

1777 5042 2044 5104 praetextu
2076 5033 2362 5086 dominum
2391 5035 2731 5094 contemnat,
2773 5034 2830 5080 et
2875 5039 2983 5080 non
3023 5039 3150 5080 cum
3189 5026 3360 5080 bene-

1776 5126 2019 5180 volentia
2052 5132 2108 5178 et
2132 5126 2336 5178 honore
2353 5121 2455 5191 ipsi
2475 5119 2653 5174 cedat.
2675 5117 2993 5179 et.serviat;
3018 5124 3362 5186 quapropter.

1775 5222 1980 5292 justam
2011 5217 2441 5289 indignationem
2475 5211 2818 5280 exprimens,
2842 5208 3213 5281 improbitatis
3241 5222 3357 5260 ma-

1780 5314 2014 5384 gistrum
2040 5308 2392 5364 anathemate
2417 5305 2560 5359 ferit.
2598 5303 2828 5358 Divinus
2882 5303 3028 5355 enim
3061 5301 3364 5368 Apostolus

1777 5420 1872 5460 eos
1933 5403 2026 5473 qui
2085 5398 2365 5456 servitutis
2405 5396 2599 5466 jugum
2655 5395 2885 5448 trahunt
2935 5406 3034 5462 per
3094 5405 3356 5458 magnum

1779 5497 2130 5552 Timotheum
2186 5491 2442 5546 dominos
2510 5501 2642 5544 suos
2699 5485 2850 5540 omni
2904 5484 3114 5539 honore
3159 5481 3366 5550 dignos,

1779 5589 2095 5644 existimare
2118 5584 2303 5656 jubet:
2333 5601 2351 5634 ι
2387 5580 2545 5649 Quod
2580 5580 2626 5635 si
2657 5578 2891 5643 domini,
2928 5575 3127 5644 inquit,
3167 5575 3358 5632 ﬁdeles

1781 5681 1913 5742 sint,
1976 5693 2042 5730 ne
2087 5684 2443 5731 contemnant
2484 5687 2604 5735 eos,
2651 5671 2798 5741 quod
2841 5668 3040 5722 fratres
3089 5667 3222 5732 sint,
3258 5667 3357 5722 sed

1783 5771 1956 5842 inagis
2007 5769 2272 5832 serviant,
2332 5765 2596 5836 quoniam
2650 5771 2780 5817 sunt
2829 5761 3018 5817 ﬁdeles
3074 5760 3169 5828 qui
3210 5759 3359 5816 bono

1784 5880 1974 5919 eorum
2011 5877 2176 5932 opere
2212 5861 2497 5915 fruuntur.
2537 5875 2554 5909 ι
2595 5854 2662 5911 Et
2697 5869 2893 5910 rursus
2924 5853 2990 5910 ad
3011 5849 3197 5909 Titum
3221 5855 3366 5910 seri-9
