3918 6604
463 457 605 524 ίὲἥὸ
1647 454 2010 516 ΜΛΤΤΠᾸΞ]

2117 455 2195 514 LA
2205 452 2481 514 STARIS
3553 446 3664 511 1255

461 572 598 626 hens
625 589 638 622 :
667 587 686 622 ι
729 570 934 625 Doccas
979 581 1170 625 servos
1223 568 1342 624 suis
1374 569 1612 626 dominis
1639 571 1859 640 subjici,
1893 579 1948 626 et
1979 571 2008 626 ii

2137 568 2324 636 γεσίας
2343 562 2865 637 ἀντιλαμϐανόμενοι
2885 578 2901 595 ο
2929 580 2949 616 ι
2975 561 3069 616 καὶ
3100 561 3241 632 πρὸς
3269 560 3358 615 τὸν
3375 561 3508 615 θεῖον
3535 564 3666 619 αὖθις

458 662 714 718 amnibus
751 661 890 716 bene
925 660 1203 730 placentes
1231 675 1380 727 esse,
1420 677 1529 717 non
1565 663 2004 718 contradicentes

2130 658 2289 712 Τίτον
2309 675 2324 690 ο
2353 677 2374 710 ι
2409 659 2642 712 Δίδασκε
2665 656 2885 719 δούλους
2917 656 3143 717 οἰκείοις
3165 655 3451 718 δεσπόταις
3468 655 3673 712 ὑποτάσ-

461 768 570 808 non
603 762 940 825 arrogantes,
973 751 1069 808 sed
1125 753 1284 809 (idem
1333 769 1554 811 omnem
1603 754 1801 810 bonam
1831 761 2008 811 osten-

2134 749 2341 809 σεσθαι,
2365 751 2459 802 καὶ
2490 750 2548 802 ἐν
2571 749 2736 804 πᾶσιν
2758 746 3087 815 εὐαρέστους
3109 739 3271 808 εἶναι,
3298 743 3370 815 μὴ
3397 743 3667 813 ἀντιλέγονο

461 847 671 902 dentes.
719 861 740 896 ι
2130 861 2251 906 τας.
2277 843 2352 914 μὴ
2380 843 2822 914 νοσφιζομένους,
2851 839 2986 895 ἀλλά
3011 839 3196 893 πίστιν
3220 838 3403 893 πᾶσαν
3431 838 3668 922 ἐνδεικνυ-

2137 937 2332 1006 μένους
2361 935 2594 1006 ἀγαθήν.
2625 953 2645 986 ι

531 1027 723 1084 Canon
771 1042 901 1082 vero
940 1027 1010 1082 82
1051 1033 1232 1082 sanet.
1281 1034 1460 1095 apost.
1511 1039 1731 1079 omnem
1784 1021 2030 1080 scandali

2157 1097 2162 1104 ι
2219 1028 2278 1081 '0
2301 1029 2358 1090 δὲ
2390 1028 2480 1098 πβ¹
2513 1027 2624 1081 τῶν
2643 1025 2814 1095 ἁγίων
2843 1025 3186 1085 ἀποστόλων.
3214 1024 3396 1076 πᾶσαν
3423 1023 3666 1094 πρόφασιν

465 1121 814 1178 occasionem
847 1120 1068 1183 tollens,
1095 1133 1204 1172 non
1239 1117 1511 1188 permittit
1541 1131 1758 1174 servum
1785 1115 1904 1173 sine
1931 1115 2012 1170 do‘

2136 1118 2435 1174 σκανδάλου
2465 1119 2789 1189 περιαιρῶν,
2837 1117 2938 1172 οὐκ
2993 1115 3282 1186 ἐπιτρέπει
3324 1111 3506 1167 δοῦλον
3538 1113 3668 1166 ἁλλό-

467 1211 601 1266 mini
629 1210 787 1265 venia
819 1211 874 1265 in
925 1210 1132 1264 clerum
1186 1207 1459 1278 provehi;
1517 1208 1621 1264 hoc
1666 1209 1812 1263 enim
1864 1209 2014 1264 totius

2135 1227 2288 1280 τριον
2315 1209 2468 1280 παρά
2496 1209 2725 1279 γνώμην
2749 1207 2845 1261 τοῦ
2877 1208 3136 1280 δεσπότου
3186 1203 3542 1276 κληροῦσθαιο
3566 1206 3667 1258 ὅλου

473 1302 773 1372 aliquando
803 1302 1000 1356 domus
1043 1301 1262 1357 eversio
1293 1300 1374 1365 ﬁt,
1417 1308 1470 1354 et
1498 1299 1804 1356 molestiam
1855 1312 1909 1355 et
1934 1301 2020 1356 tri,

2137 1301 2247 1372 γὰρ
2280 1300 2431 1354 οίκου
2457 1300 2742 1372 ἀνατροπὴ
2767 1299 2880 1354 ἐσθ’
2907 1301 2998 1352 ὅτε
3029 1300 3243 1366 γίνεται
3271 1294 3444 1358 τοῦτο,
3474 1296 3563 1349 καὶ
3590 1296 3668 1349 λύ·

475 1395 683 1453 alitiam
715 1392 938 1449 domino
979 1393 1093 1448 dat.
1127 1393 1220 1448 Vel
1270 1393 1414 1449 enim
1449 1409 1640 1448 servus
1695 1393 1800 1449 iste
1844 1394 2022 1449 domu:

2140 1408 2250 1462 πης
2273 1393 2367 1446 καὶ
2388 1393 2610 1464 ἀτιμίας
2643 1393 2816 1446 αἴτιον
2831 1390 2908 1463 τῷ
2931 1390 3184 1459 δεσπότῃ.
3208 1388 3282 1441 Ἦ
3309 1388 3417 1458 γὰρ
3437 1387 3525 1440 τοῦ
3547 1387 3670 1440 οἴκου

471 1495 798 1554 procurator
823 1495 962 1550 erat,
994 1486 1080 1540 vel
1122 1486 1363 1541 taberna:
1395 1487 1743 1556 prapositus,
1790 1497 1844 1540 et
1878 1486 2018 1556 cujus

2137 1483 2328 1539 τοῦτον
2356 1478 2472 1556 εἶχε
2493 1484 2789 1556 διοικητὴν,
2818 1485 2850 1554 ἦ
2881 1482 3246 1553 ἐργαστηρίου
3289 1479 3670 1551 προϊστάμενον,

473 1577 598 1632 ﬁdei
622 1577 844 1632 creditae
865 1585 1022 1631 erant
1045 1578 1292 1647 pecuniae
1318 1577 1385 1631 ad
1413 1577 1858 1647 negotiationem.
1882 1576 2020 1644 Quoc

2139 1579 2174 1650 ἦ
2204 1579 2466 1648 χρήματα
2496 1578 2574 1641 είς
2614 1575 2885 1648 ἐμπορίαν
2918 1576 3272 1630 πεπίστευτο.
3322 1573 3388 1628 Εἰ
3411 1571 3466 1626 δέ
3483 1573 3614 1638 ἄξιος
3650 1574 3673 1625 ὁ

474 1670 521 1726 si
560 1685 754 1726 servus
809 1668 979 1739 gradu
1023 1682 1184 1723 sacro
1260 1667 1459 1736 dignus
1509 1668 1873 1730 existimetur,
1929 1667 2021 1737 cpi.

2141 1672 2360 1740 οἰκέτης
2414 1671 2692 1742 ἱερατικοῦ
2739 1669 2957 1741 κριθείη
2996 1665 3229 1740 βαθμοῦ,
3259 1663 3554 1720 κοινοῦσθαι
3583 1666 3671 1737 χρὴ

485 1776 718 1831 scopum
753 1760 900 1814 deeo
945 1758 1163 1829 negotio
1209 1759 1590 1814 cum'domlno
1635 1760 2032 1816 communicare

2140 1763 2232 1816 τὸν
2256 1763 2556 1816 ἐπίσκοπον
2586 1762 2652 1816 τά
2709 1764 2835 1831 περὶ
2892 1761 3060 1816 αὐτοῦ
3105 1761 3183 1830 τῷ
3231 1758 3481 1827 δεσπότῃ,
3532 1757 3673 1810 καἱεί

477 1861 712 1922 oportet,
747 1860 800 1905 et
843 1851 891 1907 si
937 1851 986 1904 is
1014 1851 1382 1911 consenserit,
1419 1863 1637 1904 servum
1671 1864 1863 1904 secure
1887 1849 2024 1902 ordi-

2144 1855 2398 1909 κάκεῖνον
2451 1855 2603 1926 σχοίη
2657 1854 2998 1925 πειθόμενον,
3049 1852 3383 1923 χειροτονεῖν
3411 1847 3568 1910 ἀδεῶς
3597 1847 3670 1900 τὸν

479 1921 632 2000 nare.
686 1943 911 2013 Magnus
962 1943 1164 1996 etenim
1231 1941 1435 1996 Paulus
1475 1939 1825 2004 Onesimum,
1869 1939 2026 1995 Phile

2149 1947 2384 2016 οίκέτην.
2560 1921 2791 2016 ὁγμέγας
2820 1921 2950 2016 *γὰρ
3003 1921 3215 2007 Παῦλος
3251 1943 3345 1996 τδν
3393 1941 3670 2010 Ὀνήσιμον,

481 2037 664 2094 monis
695 2048 937 2099 servum,
969 2033 1127 2102 cujus
1162 2032 1526 2086 ministerium
1571 2031 1675 2086 sibi
1726 2031 1859 2087 utile
1897 2031 2028 2102 judi'

2143 2037 2329 2092 δοῦλον
2352 2037 2482 2092 ὄντα
2504 2037 2636 2108 Φιλή
2647 2029 2830 2106 μονοςξ
2856 2037 2950 2094 καί
2982 2054 3065 2090 τοι
3087 2036 3396 2106 εὔχρηστον
3419 2030 3558 2103 αὑτῷ
3579 2048 3674 2100 κρι-

480 2128 661 2192 cabat,
698 2127 817 2182 sine
861 2125 1070 2179 domini
1115 2124 1395 2178 voluntate
1424 2123 1670 2180 detinere
1705 2124 1902 2192 noluit,
1949 2125 2027 2182 set

2146 2130 2306 2185 θέντα
2343 2129 2424 2192 εἰς
2447 2129 2744 2193 διακονίαν,
2767 2129 2920 2197 ὅμως
2953 2129 3086 2183 ἄνευ
3118 2125 3346 2197 γνώμης
3377 2123 3472 2178 τοῦ
3511 2124 3672 2177 δεσπό-

479 2222 658 2293 ipsum
681 2218 748 2274 ad
775 2217 1147 2273 Philemonem
1181 2214 1417 2271 remisit.

2144 2237 2238 2274 του
2271 2221 2522 2290 κατέχειν
2550 2221 2649 2275 οὐκ
2667 2219 2804 2293 ᾤετο
2825 2220 2958 2286 δεῖν,
2980 2218 3094 2274 ἀλλ’
3118 2216 3364 2288 ἐπεμψεν
3391 2214 3546 2270 αὐτὸν
3564 2213 3672 2286 πρὸς

2069 2303 2080 2308 “
2145 2311 2444 2382 Φιλήμονα.

552 2426 786 2495 Insuper
838 2421 874 2477 4
918 2437 1042 2478 can.
1106 2437 1162 2478 tv
1205 2435 1326 2492 syn.
1372 2418 1844 2476 excommunicari
1891 2418 2051 2490 jubet

2228 2404 2291 2458 '0
2323 2405 2378 2459 δὲ
2405 2404 2447 2460 δ’
2479 2405 2578 2477 τῆς
2613 2405 2882 2474 τετάρτης
2933 2403 3151 2458 συνόδου
3203 2401 3303 2456 καὶ
3351 2398 3675 2466 ἀκοινώνητον

487 2533 615 2575 eum
679 2516 774 2586 qui
804 2528 1024 2570 servum
1071 2512 1125 2567 in
1156 2489 1550 2566 monasterium
1589 2511 1804 2582 recipit,
1839 2489 1905 2566 ut
1929 2525 2034 2566 mo-

2149 2492 2290 2552 εἶναι
2339 2497 2553 2552 κελεύει
2580 2503 2672 2552 τὸν
2707 2497 2998 2569 δεχόμενον
3018 2497 3101 2559 εἰς
3138 2492 3499 2564 μοναστήριον
3525 2489 3673 2543 δούλω

490 2579 714 2667 nacltus
739 2605 854 2672 liat,
885 2608 1004 2662 sine
1033 2604 1239 2676 proprii
1272 2603 1482 2658 domini
1512 2579 1723 2660 venia.—

2151 2590 2246 2644 ἐπὶ
2271 2589 2348 2661 τῷ
2384 2589 2618 2662 μονάσαι
2655 2590 2810 2659 παρά
2839 2588 3069 2657 γνώμην
3097 2583 3194 2640 τοῦ
3232 2582 3365 2638 ἰδίου
3393 2579 3643 2635 δεσπότου.

1176 2693 1358 2766 Leges.

2832 2683 3036 2749 Νόμοι.

552 2790 666 2846 Lex
701 2789 769 2845 ad
807 2789 948 2845 servi
975 2787 1275 2842 libertatem
1303 2784 1898 2857 sulllcere'dicit,quod
1917 2784 2054 2841 sciat

2236 2773 2299 2831 '0
2364 2775 2422 2830 δὲ
2473 2773 2636 2845 νόμος
2681 2773 2872 2845 ἀρκεῖν
2925 2775 3005 2838 είς
3065 2770 3381 2842 ἐλευθερίαν
3415 2771 3560 2842 «φησί
3597 2769 3670 2824 τοῦ

459 2883 746 2940 .dominus
794 2896 919 2937 eum
953 2881 1010 2936 in
1042 2880 1250 2936 clerum
1303 2877 1574 2948 cooptari,
1608 2887 1662 2934 et
1696 2894 1803 2933 non
1835 2886 2006 2934 contr:

2153 2865 2342 2921 δούλου
2397 2865 2459 2920 τὸ
2495 2866 2699 2928 εἰδότος
2727 2867 2822 2918 τοῦ
2857 2863 3116 2919 δεσπότου
3164 2866 3262 2919 ul.
3293 2865 3370 2936 μὴ
3404 2864 3671 2932 ἀντιλέγον-

490 2977 659 3034 dicat.
2153 2974 2264 3024 τος,
2292 2955 2370 3027 τῷ
2399 2957 2587 3029 κλήρῳ
2615 2956 2779 3010 αὑτὸν
2817 2955 3206 3023 καταλεγῆναι.

556 3066 780 3123 Novella
812 3075 992 3122 autem
1024 3064 1226 3121 Leonis
1247 3061 1548 3132 Sapientis,
1595 3060 1818 3128 Servus,
1853 3059 2052 3131 inquit,

2153 3067 2158 3071 '
2238 3050 2304 3104 Ἦ
2330 3049 2386 3106 δὲ
2422 3050 2594 3118 νεαρὰ
2635 3048 2730 3102 τοῦ
2753 3048 2919 3118 σοφοῦ
2948 3048 3200 3114 Λέοντος,
3233 3045 3340 3101 Τδν
3367 3044 3676 3116 κληρωθέντα

485 3159 579 3228 qui
609 3161 664 3213 in
691 3159 894 3213 clerum
937 3166 1225 3228 promotus
1274 3165 1358 3210 est
1415 3153 1694 3208 nesciente
1733 3152 1974 3216 domino,
2001 3166 2032 3204 e

2153 3143 2360 3208 δοῦλον,
2391 3143 2580 3213 φησὶν,
2633 3140 2955 3211 ἀγνοοῦντος
3005 3139 3100 3194 τοῦ
3131 3140 3416 3201 δεσπότου,
3441 3137 3565 3192 ἀλλά
3591 3137 3676 3206 μὴν

487 3250 578 3320 qui
615 3249 941 3315 monachus,
978 3249 1062 3303 vel
1095 3248 1389 3318 episcopus
1442 3244 1521 3308 lit,
1561 3244 1627 3298 ad
1669 3242 1906 3314 priorem
1958 3238 2034 3296 do

2157 3236 2252 3291 καὶ
2283 3235 2376 3290 τδν
2417 3234 2748 3306 μονάσαντα,
2775 3234 2984 3288 καὶτὸν
3014 3234 3277 3304 γεγονότα
3297 3228 3676 3301 ἐπίσκοπον,τῷ

489 3342 698 3396 minum
757 3340 967 3396 invitus
1015 3346 1338 3404 revertatur,
1394 3337 1533 3391 nihil
1587 3336 1657 3391 ab
1711 3333 2036 3391 ordinationt

2157 3328 2407 3400 προτέρῳ
2433 3327 2669 3398 δεσπότῃ
2723 3327 2818 3380 καὶ
2848 3325 3053 3379 ἄκοντα
3083 3322 3566 3387 ἀποκαθίστασθαι,
3591 3337 3673 3391 μη-

487 3430 729 3502 adiutus.
759 3428 1025 3484 Dominus
1077 3437 1258 3484 autem
1297 3426 1579 3482 indeﬁnite
1622 3440 1747 3482 eum
1799 3438 2034 3479 revocari

2156 3421 2246 3475 δέν
2268 3421 2367 3492 τῆς
2400 3419 2734 3490 χειροτονίας
2766 3417 3133 3489 ἀωνάμενον.
3189 3417 3267 3470 οο
3299 3417 3407 3487 μὴν
3435 3415 3678 3486 ἀπροσδιο-

487 3521 696 3592 nequit,
730 3522 824 3576 sed
858 3521 1002 3575 intra
1046 3518 1418 3586 triennium,a
1452 3526 1696 3589 tempore
1719 3529 1833 3588 quo
1849 3515 2034 3571 factun

2159 3513 2359 3586 ρίστως
2407 3512 2638 3575 δύναται
2680 3513 2709 3565 ό
2766 3512 3036 3582 δεσπότης
3067 3509 3460 3566 ἀνακαλεῖσθαι
3503 3509 3674 3573 τοῦτον,

488 3613 796 3680 resciverit,
829 3612 1253 3668 numerandum.

2157 3606 2272 3661 ἀλλ’
2320 3604 2472 3668 ἐντδς
2521 3606 2766 3677 τριετίας
2803 3605 2939 3675 μετά
2987 3603 3048 3657 τδ
3079 3601 3264 3657 λαόεῖν
3317 3603 3478 3656 αὐτὸν
3509 3602 3677 3673 εἴδησιν

2155 3695 2251 3750 τοῦ
2275 3712 2559 3765 γεγονότος
2587 3696 3022 3767 ἀριθμουμένης.

558 3787 926 3844 Personarum
962 3787 1139 3859 prima
1163 3788 1364 3845 divisio
1389 3789 1506 3846 haec
1538 3795 1662 3846 est:
1693 3785 1945 3844 homines
1963 3783 2056 3842 alii

2236 3787 2304 3842 Ἥ
2328 3789 2437 3843 τῶν
2461 3788 2770 3864 προσώπων
2798 3789 2942 3859 ἄκρα
2963 3787 3226 3856 διαίρεσις
3250 3788 3392 3858 αὕτη
3419 3785 3556 3841 ἐστίν
3573 3803 3587 3819 ο
3614 3788 3676 3841 ὅτι

491 3888 619 3934 sunt
653 3879 832 3942 liberi,
867 3881 960 3935 alii
1006 3890 1187 3937 autem
1224 3882 1410 3948 servi;
1461 3891 1516 3937 et
1565 3880 1793 3937 libertas
1836 3879 2038 3950 quiden

2155 3878 2266 3934 τῶν
2288 3878 2591 3948 ἀνθρώπων
2625 3881 2674 3933 oi
2701 3879 2800 3949 μέν
2832 3878 2970 3933 εἰσιν
3003 3879 3300 3948 ἐλεύθεροι,
3333 3881 3382 3932 οί
3413 3879 3466 3932 δὲ
3493 3877 3641 3932 δοῦλοι
3661 3894 3672 3909 ·

489 3971 782 4040 est,|108
802 3971 1032 4028 facultas
1053 3974 1318 4030 naturalis
1338 3974 1564 4029 cuilibet
1579 3986 1844 4029 concessa
1863 3969 2034 4041 agent]

2157 3971 2251 4027 καί⁷
2281 3970 2563 4040 ἐλευθερία
2587 3973 2685 4042 μέν
2737 3973 2887 4025 ἐστιν
2939 3971 3188 4042 εὐχέρεια
3219 3971 3445 4042 φυσικὴ,
3500 3971 3675 4038 ἑκάστῳ

489 4077 612 4130 qua:
647 4064 796 4126 velit,
830 4064 935 4119 nisi
960 4063 1044 4119 lex
1070 4065 1153 4119 vel
1193 4066 1273 4120 vis
1295 4065 1578 4135 impediat.
1606 4063 1850 4120 Servitus
1874 4071 2036 4116 auten

2159 4062 2517 4134 συγχωροῦσα
2548 4064 2807 4133 πράττειν
2828 4064 2864 4119 ἃ
2891 4064 3157 4134 βούλεται,
3187 4067 3237 4118 εί
3267 4066 3342 4135 μὴ
3370 4064 3522 4134 νόμος
3545 4063 3573 4134 ἢ
3607 4063 3676 4132 βία

489 4161 575 4208 est
621 4153 756 4225 legis
794 4155 1024 4210 ethnicze
1085 4164 1137 4212 et
1183 4156 1323 4225 juris
1357 4156 1482 4210 belli
1503 4155 1729 4210 enectus
1759 4169 1775 4219 ;
1810 4169 1904 4224 per
1933 4168 2036 4210 ean

2160 4155 2359 4210 κωλύει
2379 4170 2397 4214 ο,
2424 4155 2638 4209 δουλεία
2669 4155 2727 4208 δέ
2782 4157 2932 4211 ἐστιν
2985 4157 3202 4211 έθνικοῦ
3226 4159 3394 4226 νόμου
3442 4157 3675 4209 διατύπω-

490 4244 690 4317 aliquis
719 4246 947 4301 alterius
966 4248 1214 4316 potestati
1246 4247 1568 4316 subjicitur;
1595 4244 1741 4316 quod
1767 4244 1869 4314 legi
1898 4253 2037 4299 natur

2159 4264 2247 4312 σις
2292 4248 2388 4301 καὶ
2420 4247 2674 4316 πολέμων
2706 4247 2942 4314 ἐπίνοια,
2969 4247 3028 4312 ἐξ
3057 4242 3125 4319 ἧς
3152 4265 3234 4312 τις
3263 4247 3602 4303 ὑποϐάλλεται
3621 4249 3672 4316 τῇ

490 4335 591 4389 rali
642 4339 975 4394 contrarium
1020 4347 1126 4396 est.
1179 4336 1385 4393 Natura
1437 4337 1582 4394 enim
1630 4351 1821 4393 omnes
1857 4337 2037 4392 libero:

2159 4339 2349 4410 ἐτέρου
2404 4338 2717 4408 δεσποτείᾳ,
2743 4338 3082 4402 ὑπεναντίως
3130 4340 3226 4392 τοῦ
3265 4338 3490 4408 φυσικοῦ
3509 4339 3673 4410 νόμου·

491 4427 764 4497 produxit.

2158 4433 2192 4504 ή
2213 4432 2317 4503 γάρ
2344 4429 2506 4500 φύσις
2535 4429 2744 4492 πάντας
2765 4429 3084 4502 ἐλευθέρους
3105 4430 3443 4502 προήγαγεν.

563 4517 775 4575 Rursus
800 4519 960 4576 liberi
989 4518 1314 4578 dividuntur
1345 4520 1656 4591 dupliciter,
1689 4519 1743 4575 in
1770 4519 2055 4588 ingenuos,

2228 4523 2402 4578 ῐιάλιν
2430 4523 2480 4576 οἱ
2533 4523 2808 4594 ἐλεύθεροι
2834 4523 3170 4593 διαιροῦνται
3200 4526 3278 4587 εἰς
3300 4525 3418 4585 δύο.
3445 4527 3517 4588 είς
3547 4523 3675 4592 εύγευ

489 4617 543 4662 et
571 4608 819 4665 libertos.
844 4611 912 4665 Et
945 4611 1218 4682 ingenuus
1253 4611 1474 4682 quidem
1507 4621 1612 4673 est,
1648 4608 1743 4680 qui
1769 4608 1958 4665 statim
1987 4621 2036 4661 at

2127 4615 2272 4676 ινεῐς
2305 4615 2402 4667 καὶ
2455 4612 2873 4685 ἀπελευθέρους.
2935 4613 3047 4666 Καὶ
3079 4613 3306 4685 εὐγενὴς
3364 4615 3459 4684 μέν
3508 4613 3674 4666 ἐστινὸ

489 4708 654 4755 natus
691 4707 796 4767 est,
847 4701 985 4757 liber
1013 4703 1250 4768 exsistit,
1281 4715 1334 4758 et
1361 4701 1645 4759 servitutis
1670 4700 1864 4771 iugum
1913 4713 2036 4752 nun-

2154 4706 2357 4769 εὐθέως
2400 4703 2518 4776 ἅμα
2550 4703 2628 4775 τῷ
2664 4703 2923 4775 τεχθῆναι
2953 4703 3238 4775 ἐλεύθερος
3286 4703 3385 4770 ὢν,
3422 4708 3510 4759 καὶ
3535 4706 3669 4775 μήπω

489 4806 654 4860 quam
689 4795 965 4862 gustavit;
993 4795 1226 4851 libertus
1256 4811 1403 4863 vero,
1444 4795 1538 4866 qui
1565 4810 1630 4851 ex
1659 4806 1818 4850 servo
1856 4805 2036 4846 manu-

2153 4795 2250 4850 τοῦ
2281 4795 2446 4865 ζυγοῦ
2497 4795 2602 4866 τῆς
2647 4797 2891 4859 δουλείας
2942 4797 3315 4866 γευσάμενος’
3355 4797 3670 4868 ἀπελεύθερος

488 4883 660 4937 misso
689 4893 851 4940 natus
881 4894 986 4941 est.

2154 4888 2211 4944 δὲ
2241 4889 2270 4941 ὁ
2300 4890 2365 4941 ἐκ
2393 4885 2579 4940 δούλου
2605 4887 3062 4958 ἐλευθερωθέντος
3087 4889 3396 4960 γεννηθείς.

559 4973 748 5030 Potest
777 4977 977 5046 aliquis
1011 4992 1231 5032 servum
1263 4993 1424 5034 suum
1452 4979 1860 5046 manumittere,
1887 4980 1973 5035 vel
1999 4981 2054 5036 in

2225 4981 2458 5035 Δύναταί
2507 4997 2592 5045 τις
2647 4979 2968 5052 ἐλευθεροῦν
3009 4982 3102 5035 τὸν
3135 4982 3333 5036 ἐαυτοῦ
3367 4981 3539 5036 δοῦλον
3577 4981 3673 5050 ἢέν

487 5066 855 5122 sanctissimis
895 5069 1172 5136 ecclesiis,
1207 5073 1291 5125 vel
1319 5086 1504 5126 coram
1539 5069 1791 5141 prasidc,
1846 5072 1928 5126 vel
1962 5085 2034 5127 co

2155 5075 2277 5136 ταῖς
2329 5071 2666 5141 ἁγιωτάταις
2715 5071 3058 5141 ἐκκλησίαις,
3087 5071 3118 5143 ἢ
3151 5073 3246 5126 ἐπὶ
3268 5072 3578 5143 ἀρχοντος,ἢ
3603 5072 3673 5122 ἐπὶ

489 5171 606 5212 ram
661 5157 855 5213 atnicis
907 5159 1152 5230 quinque
1209 5163 1277 5216 ad
1324 5162 1426 5217 hoc
1459 5161 1692 5228 vocatis,
1714 5161 1822 5217 ‘vel
1880 5163 2036 5218 tribu:

2158 5166 2326 5236 φίλων
2352 5165 2514 5218 πέντε
2548 5162 2819 5219 ἐπὶτοῦτο
2847 5165 3319 5234 προσκληθέντων,
3359 5165 3392 5237 ἢ
3424 5167 3514 5220 καὶ
3544 5163 3673 5233 μέχρι

487 5251 986 5320 subsctibentibus,
1013 5255 1096 5310 vel
1129 5271 1226 5325 per
1258 5255 1491 5320 litteras.
1516 5257 1601 5312 vel
1622 5258 1676 5311 in
1698 5265 2032 5314 testamento

2157 5255 2321 5327 τριῶν
2370 5255 2865 5326 ἀπογραφομένων,
2892 5254 2926 5326 ἢ
2952 5255 3020 5308 δι’
3049 5255 3362 5325 ἐπιστολῆς,
3391 5257 3424 5327 ἢ
3451 5257 3504 5312 ἐν
3526 5252 3672 5321 διαθή-

487 5344 571 5398 vel
612 5358 940 5415 quacunque
985 5359 1230 5402 extrema
1269 5348 1570 5403 voluntate.
1625 5348 1692 5403 Et
1735 5349 1778 5403 si
1833 5364 2034 5405 servun

2158 5363 2253 5422 κῃ,
2279 5348 2313 5420 ἢ
2348 5350 2405 5401 ἐν
2431 5349 2727 5418 οίαδήποτε
2755 5345 3040 5418 τελευταίᾳ.
3065 5347 3339 5418 βουλήσει.
3370 5350 3476 5401 Καὶ
3504 5347 3581 5400 ἐὰν
3604 5345 3675 5397 τὸν

486 5451 650 5490 suum
682 5452 932 5506 personae
976 5437 1161 5493 libera:
1213 5441 1414 5509 iunxit,
1453 5441 1536 5496 vel
1570 5456 1694 5495 eum
1729 5451 1926 5510 praeter
1957 5457 2033 5497 vol

2159 5440 2289 5493 ίόιον
2313 5439 2496 5492 δοῦλον
2527 5437 2798 5508 ἐλευθέρῳ
2829 5437 3108 5508 προσώπῳ
3141 5439 3330 5510 ζεύξῃ,
3357 5439 3390 5509 ἢ
3414 5435 3675 5508 «apam-

485 5526 754 5582 luntatem
784 5545 936 5584 suam
963 5530 1214 5598 junctum
1241 5535 1492 5599 audiens,
1531 5533 1583 5588 id
1612 5534 1868 5602 patiatur.

2162 5549 2272 5603 μην
2305 5529 2471 5583 αὑτοῦ
2499 5528 2867 5597 ζευγνύμενον
2901 5528 3144 5592 ἀκούσας
3181 5531 3501 5600 ἀνάσχηται.

560 5617 763 5674 Servus
785 5623 876 5690 qui
902 5623 1110 5677 sciente
1155 5623 1452 5678 dominoin
1485 5625 1735 5679 militiam
1767 5625 1885 5680 abit
1935 5640 2053 5682 ma-

2233 5622 2427 5683 Δοῦλος
2453 5619 2878 5691 στρατευόμενος
2905 5618 3109 5689 εἰδήσει
3132 5619 3225 5673 τοῦ
3242 5621 3442 5674 οἰκείου
3459 5619 3671 5674 δεσπότου

489 5707 826 5764 numittitur.

2161 5712 2566 5784 ἐλευθεροῦται.

558 5798 661 5864 Qui
692 5801 894 5856 caedem
927 5802 1130 5858 domini
1171 5803 1258 5868 sui
1290 5803 1522 5878 indicat.
1557 5807 2050 5874 manumissionem

2246 5806 2304 5857 Ὅ
2338 5803 2563 5875 μηνύων
2593 5802 2688 5857 τὸν
2742 5802 2901 5873 φόνον
2955 5804 3050 5858 τοῦ
3083 5805 3286 5861 οἰκείου
3315 5804 3556 5873 δεσπότου
3595 5801 3671 5872 τὴν

491 5888 690 5947 habeat
723 5907 826 5964 pro
859 5893 1107 5964 praemio.

2165 5895 2478 5967 ἐλευθερίαν
2509 5895 2679 5966 ἐχέτω
2729 5895 2806 5960 ὡς
2836 5893 3087 5952 ἔπαθλον.
