3918 6572
253 402 365 468 1257

1104 422 1107 425 ν
1195 397 1604 465 SYNTAGMA
1642 396 2263 462 ALPHABETICUM.
2299 421 2368 437 -
2392 397 2460 458 Ε.

3212 428 3231 442 -
3325 390 3464 457 1258

303 510 475 573 Ποινὰς
508 506 791 577 ὑφίσταται
820 506 849 561 δ
894 507 1262 581 ἀπελεύθερος
1320 513 1396 583 μὴ
1443 513 1622 583 τιμῶν
1649 513 1776 575 τοὺς

1947 510 2149 567 Poenas
2180 510 2273 565 dat
2306 510 2535 565 libertus
2561 509 2655 581 qui
2679 508 2893 579 patroni
2925 508 3011 565 sui
3050 506 3189 563 ﬁlios
3219 520 3329 563 non
3367 507 3471 559 ho-

242 604 408 664 παῖδας
435 600 522 654 τοῦ
556 600 684 654 ίδίου
722 599 1007 671 πάτρωνος
1036 616 1049 630 ·
1077 602 1105 655 δ
1133 602 1189 656 δὲ
1222 603 1465 676 ὑϐρίζων
1516 604 1780 660 καταδουσ

241 696 397 750 λοῦται
434 692 521 747 ὐπ’
552 691 715 747 αὑτοῦ
750 692 825 756 ὡς
850 693 1171 764 ἀχάριστος.

298 788 389 840 Τδν
426 783 717 854 πενόμενον
766 782 1027 853 πάτρωνα
1069 784 1447 852 ἀναγκάζεται
1478 785 1701 856 τρέφειν
1754 788 1782 840 ὀ

241 876 587 947 ἀπελεύθερος.

459 965 706 1021 ΚΕΦΑΛ.
760 965 839 1018 IB'
877 963 1052 1039 [lA'].
1103 966 1238 1034 Περὶ
1272 962 1527 1034 δωρεῶν.

881 1059 1091 1126 Νόμοι.

295 1154 437 1208 Πᾶσα
456 1150 632 1223 δωρεά
670 1150 852 1204 τελεία
874 1152 1149 1221 γενομένη
1185 1150 1286 1204 οὐκ
1313 1149 1708 1223 ἀνατρέπεται,
1733 1147 1781 1202 εί

242 1249 303 1319 μὴ
332 1249 381 1313 ἐξ
409 1244 753 1317 ἀχαριστίας.
1554 1270 1577 1281 -

307 1340 420 1392 Ἐὰν
440 1340 468 1391 δ
493 1338 592 1409 τὴν
624 1337 835 1410 δωρεάν
857 1331 1099 1407 εἰληφὼς
1160 1335 1457 1408 ἀχάριστος
1487 1334 1628 1405 ὀφθῇ
1655 1335 1783 1405 περὶ

240 1432 313 1485 τὶν
340 1427 739 1501 δωρησάμενον,
786 1427 1004 1490 σκαιαῐς
1049 1425 1173 1480 κατ’
1229 1425 1397 1481 αὐτοῦ
1434 1423 1783 1496 χρησάμενος

239 1524 452 1592 ὕϐρεσιν,
476 1519 508 1589 ἢ
532 1521 722 1590 χεῖρας
755 1519 977 1583 ἀδίκους
1002 1518 1281 1593 ἐπαγάγῃ,
1312 1517 1347 1589 ἦ
1384 1516 1589 1588 ζημίαν
1624 1517 1782 1597 μεγίτ

240 1632 351 1684 στην
370 1614 657 1684 ἐπενέγκῃ,
690 1611 723 1682 ἦ
751 1610 833 1676 είς
852 1613 951 1682 τὴν
979 1611 1123 1682 ζωὴν
1157 1601 1549 1683 ἐπῖσουλεύσῃ,
1569 1611 1603 1682 ἦ
1627 1609 1696 1664 τά
1723 1610 1782 1663 ἐν

237 1712 290 1780 τῇ
313 1705 472 1777 δωρεᾷ
492 1702 670 1758 πάντα
700 1704 810 1757 είτε
834 1704 1132 1776 ἐγγράφως
1160 1703 1195 1776 ἢ
1224 1705 1487 1776 ἀγράφως
1519 1703 1782 1771 γεγονότα

238 1801 302 1871 μὴ
327 1797 599 1871 πληρώσῃ,
632 1795 733 1869 μία
765 1798 877 1869 γὰρ
915 1799 980 1852 ἐκ
1017 1796 1229 1851 τούτων
1269 1797 1380 1850 τῶν
1429 1794 1623 1850 αίτιῶν
1684 1795 1782 1849 ἐὰν

1881 611 2066 657 norat.
2095 600 2198 666 Qui
2231 614 2361 655 vero
2395 615 2490 654 eos
2540 599 2873 655 contumelia
2900 599 3083 664 allicit,
3127 608 3186 655 ut
3216 600 3462 672 ingratus

1887 694 1942 746 in
1979 694 2305 748 servitutem
2331 692 2400 747 ab
2429 707 2494 746 eo
2518 692 2827 748 reducitur.

1959 783 2214 839 Libertus
2258 792 2551 854 patronum
2602 799 2898 855 pauperem
2946 784 3193 840 enutrirc
3226 784 3466 855 cOgitur.

2118 948 2305 1024 'CAP.
2339 968 2432 1024 χιι
2462 966 2651 1041 [XIV].
2681 964 2759 1022 De
2791 968 3187 1023 donationibus.

2600 1059 2784 1131 Leges.

1955 1152 2148 1209 Omnis
2185 1152 2434 1220 donatio,
2492 1153 2541 1209 si
2605 1152 2846 1220 perfecta
2903 1150 3088 1219 fuerit,
3142 1166 3253 1207 non
3311 1169 3469 1209 revo-

1887 1253 2069 1313 catur,
2105 1243 2213 1301 nisi
2255 1244 2674 1313 ingratitudinis
2708 1259 2895 1300 causa.

1960 1334 2018 1391 Si
2050 1335 2143 1405 qui
2164 1335 2371 1391 donum
2393 1337 2696 1407 acceperit,
2728 1352 2856 1407 erga
2884 1336 3183 1393 donantem
3214 1338 3468 1410 ingratus

1886 1427 2159 1495 videatur,
2203 1438 2417 1485 atroces
2454 1429 2511 1484 in
2568 1445 2697 1485 eum
2735 1429 2972 1499 injurias
3024 1426 3335 1497 eﬁundens,
3383 1434 3471 1486 vel

1889 1536 2088 1576 manus
2112 1520 2348 1592 injustas
2384 1523 2434 1579 ei
2455 1523 2725 1588 intulerit,
2750 1533 2848 1579 aut
2872 1525 3132 1579 damnum
3184 1541 3350 1596 grave
3388 1526 3473 1580 in-

1887 1612 2109 1688 ﬂixerit,
2149 1614 2235 1670 vel
2265 1615 2392 1673 vitae
2445 1616 2737 1672 insidiatus
2778 1615 2965 1678 fuerit,
2997 1618 3083 1672 vel
3127 1618 3312 1672 omnia
3349 1632 3474 1689 qua

1888 1707 1943 1762 iu
1989 1706 2289 1765 donatione
2322 1709 2443 1764 sive
2476 1708 2701 1779 scriptis
2745 1708 2830 1764 vel
2879 1707 3001 1763 sine
3039 1708 3265 1777 scriptis
3310 1718 3468 1779 pacta

1888 1807 2039 1868 sunt,
2074 1814 2184 1856 non
2215 1799 2431 1868 fecerit,
2482 1802 2530 1858 si
2578 1816 2687 1857 una
2724 1816 2794 1856 ex
2834 1799 2923 1856 his
2950 1800 3135 1855 causis
3174 1800 3230 1856 in
3261 1800 3471 1869 judicio

236 1869 297 1946 ἐν
326 1869 645 1961 δικαστηρίῳ
682 1886 1122 1943 κατά.σύστασιν
1168 1889 1420 1961 φανερῶς
1449 1887 1777 1962 ἀποδειχθῇ,

1901 1906 1987 1961 per
2011 1894 2379 1951 assertionem
2401 1903 2589 1966 aperte
2624 1893 2912 1967 probetur,
2943 1888 3105 1949 facta:
3135 1892 3467 1950 donationes

237 1980 711 2052 ἀνατραπέσθωσαν
737 1982 791 2034 αί
826 1981 1123 2052 γενόμεναι
1142 1981 1365 2053 δωρεαί.

293 2073 413 2128 οὔτε
444 2072 665 2143 ἀνηδος,
717 2071 841 2128 οὔτε
875 2073 1038 2138 ἄνους
1070 2073 1301 2130 δύναται
1352 2073 1646 2144 δωρεῖσθαι
1668 2093 1681 2107 ·
1724 2076 1785 2151 ἐν

235 2166 384 2220 οὖδενὶ
412 2165 515 2237 γὰρ
544 2165 753 2219 τούτων
790 2167 912 2220 ἐστὶ
941 2165 1221 2237 βούλησις.

304 2259 416 2313 Ἐὰν
454 2258 752 2329 χαρίσηται
801 2277 881 2322 τις
910 2258 1116 2330 ἀφῆλιξ
1165 2259 1273 2313 τινὶ
1309 2260 1543 2331 πρᾶγμα
1589 2259 1779 2326 αὐτοῦ,

234 2352 453 2416 δύναται,
480 2350 621 2421 μετά
645 2350 705 2403 τὸ
737 2351 1030 2422 παρελθεῖν
1049 2352 1121 2405 τὰ
1143 2349 1219 2406 κε’
1242 2351 1362 2422 ἐτη,
1389 2352 1540 2415 ἐντὸς
1556 2369 1784 2423 τετραε-

233 2445 333 2508 τίας
361 2444 572 2515 ἀγωγὴν
601 2446 900 2513 ποιεῖσθαι,
938 2446 1035 2500 καὶ
1070 2445 1133 2500 τὸ
1157 2448 1358 2501 οίκείον
1388 2447 1783 2517 ἐπαναλαμϐά-

232 2554 326 2590 νειν
353 2539 602 2608 πρᾶγμα.
1460 2590 1471 2593 -

291 2624 350 2682 Et
368 2646 443 2692 τις
475 2624 688 2700 δωρεὰν
714 2629 955 2702 ἄμετρον
983 2631 1064 2696 είς
1114 2649 1238 2686 τινα
1271 2634 1305 2704 ῆ
1333 2650 1483 2696 τινας
1513 2632 1621 2687 τῶν
1652 2631 1782 2686 παί-

232 2721 321 2774 δων
345 2721 645 2791 ποιήσαιτο,
670 2721 916 2791 ἀνάγκην
936 2722 1059 2794 ’ἔχει
1085 2723 1142 2775 ἐν
1165 2726 1230 2795 τῇ
1258 2722 1490 2793 διανομῇ
1518 2721 1613 2774 τοῦ
1643 2721 1780 2793 κλή-

234 2827 332 2882 ρου,
356 2812 602 2866 τοσοῦτον
638 2813 861 2884 ἑκάστῳ
890 2813 1000 2866 τῶν
1051 2813 1256 2868 παίδων
1302 2814 1592 2883 φυλάττειν
1622 2813 1681 2866 τὸ
1713 2813 1780 2866 ἐκ

230 2903 308 2957 τοῦ
352 2905 509 2975 νόμου
553 2906 746 2977 μέρος,
803 2907 926 2960 ὅσον
974 2901 1045 2976 ἦν
1089 2908 1218 2977 πρὶν
1277 2905 1310 2977 ἢ
1368 2906 1469 2976 τὴν
1516 2904 1780 2976 δωρεάνό

231 2995 389 3067 πατὴρ
438 2997 516 3060 είς
573 2998 701 3062 τοὺς
736 2998 930 3061 παῖδας
986 3000 1113 3062 τοὺς
1167 2997 1341 3070 ταύτῃ
1376 2998 1779 3069 τετιμημένους

230 3085 512 3155 ποιήσαιτο.

542 3179 739 3234 ΑΡΧΗ
778 3181 916 3235 ΤΟΥ
954 3182 994 3237 Ε
1035 3180 1425 3235 ΣΤΟΙΧΕΙΟΥ.

565 3273 826 3328 ΚΕΦΑΛ.
862 3273 943 3329 A'.
982 3275 1123 3345 Περὶ
1151 3275 1399 3345 ἐγγύης.

315 3366 353 3420 0
384 3365 478 3437 μὲν
502 3373 548 3421 κ’
588 3367 701 3421 τῶν
747 3367 923 3437 ἀγίων
966 3368 1286 3422 ἀποστόλων
1347 3368 1550 3434 κανὼν,
1609 3370 1780 3439 μηδὲν

227 3460 338 3529 περὶ
370 3459 635 3531 διαφορᾶς
666 3460 871 3531 ἐγγύης
917 3460 1388 3532 διαστειλάμενος,
1433 3462 1784 3534 ἀπροσδιορί-

227 3567 351 3614 στως
392 3553 608 3607 κελεύει
640 3553 734 3606 τὸν
784 3552 990 3623 ἐγγύας
1019 3552 1236 3608 διδόντα
1284 3554 1549 3625 κληρικδν
1578 3556 1782 3610 καθαι-

229 3642 437 3710 ρεῖσθαι.
463 3644 661 3697 Δίδωσι
689 3644 746 3697 δέ
768 3661 853 3709 τις
882 3644 1088 3714 ἐγγύας
1117 3646 1151 3718 ἢ
1175 3645 1317 3716 ὑπὲρ
1346 3646 1565 3713 έαυτθδο
1585 3646 1623 3718 ἦ
1641 3648 1780 3719 ὑπὲρ

226 3732 365 3787 ἄλλου
388 3749 402 3765 ·
436 3737 525 3789 καὶ
557 3736 610 3789 εί
646 3738 747 3808 μέν
774 3738 855 3800 είς
903 3738 1263 3810 δικαστήριον
1297 3739 1489 3809 ἀχθεὶς
1524 3739 1552 3791 ὁ
1583 3740 1779 3811 κληρι-

228 3826 326 3892 κὸς,
349 3826 432 3881 καὶ
468 3829 678 3898 ἐγγύας
708 3833 1176 3902 είσπραττόμενος
1213 3832 1357 3903 δοίη,
1409 3832 1504 3886 τοῦ
1540 3833 1615 3903 μὴ
1642 3835 1779 3887 ἀπο-

226 3920 395 3988 δρᾶναι
421 3924 603 3994 τυχὸν,
631 3923 786 3977 οὐδὲν
820 3924 951 3997 περὶ
986 3925 1047 3978 τὸ
1077 3925 1280 3998 οἰκεῖον
1311 3925 1531 3997 ἀξίωμα
1565 3925 1781 3998 ζημιω-

227 4012 448 4084 θήσεται.
1172 3992 1191 4012 θ

296 4107 439 4161 Ἐπεὶ
465 4111 558 4163 καὶ
596 4112 646 4164 oi
686 4112 745 4164 ἐν
783 4114 852 4183 τῇ
900 4112 1263 4185 οίκουμενικῇ
1299 4113 1538 4186 τετάρτη
1573 4115 1779 4187 συνόδῳ

226 4196 343 4251 θεῖοι
365 4201 627 4273 Πατέρες,
652 4204 747 4276 (ὡς
771 4204 801 4258 ό
830 4203 874 4257 λ’
905 4205 1079 4276 αὐτῆς
1106 4204 1333 4271 διέξεισι
1350 4207 1580 4281 κανὼν),
1604 4210 1698 4263 καὶ
1731 4210 1779 4262 οἱ

226 4291 452 4357 συνόντες
476 4294 691 4360 τούτοις
721 4298 784 4349 ἐκ
808 4297 908 4367 τῆς
934 4299 1276 4370 συγκλήτου,
1306 4300 1543 4367 ἐγγύας,
1561 4300 1779 4371 ἀπῄτη-

226 4398 313 4437 σαν
339 4389 459 4451 τοὺς
498 4388 594 4443 ἀπ’
622 4388 902 4457 Αἰγύπτου
935 4391 1274 4457 ἐπισκόπους
1317 4394 1646 4465 προσεδρίας
1680 4395 1781 4464 χά-

226 4479 605 4551 ριν,ῆτούτων
656 4483 1025 4553 ἀποροῦντας,
1059 4483 1367 4555 ἐξωμοσίαν
1417 4485 1776 4555 ποιήσασθαι,

1888 1996 2236 2041 revocentur.

1956 2074 2145 2146 Neque
2174 2076 2452 2147 impubes,
2476 2092 2583 2134 nec
2611 2078 2844 2135 insanus
2870 2081 3083 2135 donare
3123 2085 3379 2147 possunt,
3407 2076 3466 2132 in

1887 2174 2083 2221 neutro
2118 2167 2266 2222 enim
2299 2182 2491 2224 eorum
2519 2171 2774 2225 voluntas
2808 2178 2915 2226 est.

1960 2258 2020 2315 Si
2053 2260 2234 2316 minor
2274 2261 2481 2333 aliquid
2509 2277 2578 2317 ex
2618 2262 2783 2319 rebus
2814 2263 2933 2319 suis
2963 2262 3130 2318 alicui
3157 2262 3465 2323 donaverit.

1886 2357 2013 2417 post
2056 2348 2241 2418 lapsos
2278 2348 2348 2405 25
2391 2366 2592 2417 annos,
2648 2351 2795 2407 intra
2836 2352 3266 2422 quadriennium
3296 2355 3471 2410 actio-

1887 2453 2013 2493 nem
2045 2454 2291 2508 movere,
2331 2451 2385 2497 et
2420 2458 2533 2497 rem
2567 2456 2724 2498 suam
2756 2457 3085 2514 recuperare
3113 2452 3319 2515 potest.

1957 2620 2013 2677 Si
2043 2622 2168 2694 quis
2190 2621 2543 2681 donationem
2582 2627 2701 2682 sine
2734 2642 2994 2683 mensura
3018 2626 3187 2682 alicui
3237 2629 3323 2685 vel
3362 2622 3468 2683 aii-

1882 2714 2086 2784 quibus
2108 2732 2173 2770 ex
2200 2716 2326 2772 ﬁliis
2359 2719 2572 2783 fecerit,
2618 2735 2843 2777 necesse
2870 2721 3035 2776 habet
3068 2721 3121 2774 in
3152 2721 3321 2777 sortis
3345 2722 3467 2778 dis-

1885 2807 2189 2864 tributione
2236 2818 2444 2866 tantam
2515 2822 2730 2882 partem
2789 2829 2889 2884 pro
2942 2814 3192 2883 quolibet
3239 2815 3351 2870 ﬁlio
3394 2829 3462 2871 ex

1884 2899 2274 2959 distributione
2318 2918 2665 2969 conservare,
2725 2915 2947 2976 quanta
2987 2915 3127 2971 erat,
3157 2915 3462 2978 antequam

1882 3000 2039 3061 pater
2064 2993 2419 3051 donationem
2456 2996 2581 3052 ﬁliis
2614 3011 2676 3052 ea
2712 2998 2936 3052 donatis
2972 2996 3196 3054 fecerat.

2153 3175 2315 3248 109
2375 3175 2644 3234 lNlTlUM
2700 3178 3028 3236 mnsam
3086 3182 3151 3239 Ε.

2323 3270 2473 3327 CAP.
2502 3271 2541 3328 Ι.
2578 3273 2650 3327 De
2676 3274 3033 3343 ﬁdejussiane.

1956 3364 2144 3422 Canon
2169 3365 2240 3420 20
2267 3374 2443 3423 sanet.
2473 3369 2871 3437 aposmlorum,
2899 3370 3041 3424 inter
3057 3370 3304 3426 diversas
3331 3367 3465 3426 tide-

1880 3460 2166 3532 jussiones
2204 3458 2340 3513 nihil
2396 3458 2766 3529 distinguens,
2802 3460 3089 3517 indelinite
3116 3461 3297 3532 jubet,
3347 3465 3464 3521 cle-

1884 3556 2063 3610 ricum
2088 3552 2475 3621 ﬁdejubcntem
2497 3551 2717 3624 deponi.
2747 3551 3035 3623 Fidejubet
3054 3567 3236 3609 autem
3261 3557 3463 3628 aliquis

1884 3646 1970 3701 vel
2001 3662 2101 3717 pro
2126 3660 2211 3712 se,
2243 3644 2326 3700 vel
2350 3659 2449 3715 pro
2489 3645 2637 3713 alio;
2670 3657 2726 3701 et
2749 3645 2988 3702 clericus
3015 3647 3062 3703 si
3098 3648 3164 3702 ad
3188 3650 3465 3717 judicium

1885 3741 2105 3806 ductus,
2134 3742 2561 3809 satisdationem
2597 3748 2841 3806 coactus,
2872 3750 3115 3812 praestet,
3154 3741 3294 3798 forte
3316 3745 3466 3813 quod

1886 3847 1996 3886 non
2039 3832 2307 3903 aufugiet,
2350 3832 2418 3888 de
2466 3830 2735 3902 dignitate
2765 3847 2865 3889 sua
2901 3832 2956 3887 in
2999 3835 3308 3903 periculum
3354 3852 3464 3891 non

1884 3925 2087 3982 veniet.

1964 4111 2421 4185 Quandoquidem
2457 4112 2512 4165 in
2541 4110 2880 4167 mcumenica
2902 4124 3100 4181 quarta
3137 4113 3349 4182 synodo
3377 4114 3467 4169 di-

1885 4209 1999 4263 vini
2028 4207 2242 4271 Patres,
2274 4202 2443 4275 (sicut
2471 4202 2540 4259 50
2557 4216 2737 4257 canon
2770 4201 3321 4272 demonstrat)etqui
3358 4220 3464 4257 una

1883 4318 1952 4359 ex
1993 4308 2185 4356 senatu
2218 4302 2613 4363 convenerant,
2634 4294 2702 4348 ab
2737 4292 3010 4363 Egyptiis
3038 4294 3312 4363 episcopis
3337 4295 3467 4349 tide-

1879 4389 2381 4465 jussionesjudicio
2405 4389 2819 4447 sistendicausa
2861 4388 3170 4457 exigebant,
3200 4390 3284 4445 vel
3306 4391 3376 4444 ab
3400 4391 3467 4444 iis

1883 4487 1978 4557 qui
2003 4484 2460 4539 satisdationibus
2479 4479 2937 4545 destituebantur,
2963 4479 3263 4555 jurainenti
3282 4496 3470 4535 susce-

226 4570 496 4642 ὑπέρθεσιν
519 4574 815 4646 ζητοῦντας
843 4576 1058 4647 καιροῦ,
1082 4578 1177 4629 κα)⁴
1206 4576 1359 4630 οὐδὲν
1379 4577 1556 4630 οὐδενὶ
1579 4576 1779 4647 βλάσος

1901 4577 2153 4647 ριὶοηειη,
2182 4575 2312 4630 dum
2340 4583 2554 4643 tempus
2570 4572 2850 4626 dilationis
2870 4580 3147 4641 quaerunt,
3169 4572 3350 4626 nnllus
3367 4587 3468 4626 ea-

190 4663 279 4728 ,ἐκ
323 4666 508 4721 τούτου
543 4668 870 4738 γεγένηταισ
904 4668 1259 4739 τρισκαίδεκα
1290 4670 1401 4739 γὰρ
1459 4669 1613 4733 ὄντες
1647 4672 1697 4723 οί
1724 4670 1785 4736 ἐξ

223 4758 481 4826 Αἰγύπτου
507 4765 808 4832 ἀρχιερεῖς,
835 4763 1161 4833 γράμμασιν
1191 4761 1292 4814 οὐκ
1314 4761 1596 4815 ἐπείθοντο
1623 4762 1691 4815 τὰ
1714 4764 1783 4833 τῇ

197 4835 339 4922 ’ἁγίᾳ
366 4854 803 4924 δογματισθέντα
842 4855 1045 4926 συνόδῳ
1072 4855 1560 4926 ὑποσημίμασθαι,
1594 4855 1642 4907 εί
1688 4857 1784 4908 καὶ

182 4924 334 5007 fascia;
363 4950 485 5018 περὶ
516 4949 610 5000 τδν
669 4948 964 5020 Διόσκορον
1005 4950 1101 5002 καὶ
1141 4948 1389 5019 Εὑτυχέα
1423 4948 1645 5018 συνάμα
1673 4950 1784 5012 τοῖς

223 5037 386 5102 ἄλλοις
414 5040 493 5109 τῷ
522 5042 822 5112 άνᾳθέματι
848 5042 1233 5097 καθυπέὁαλον
1256 5056 1272 5074 ⁸
1300 5042 1654 5114 παρῃτοῦντο
1674 5042 1786 5112 γὰρ

221 5130 310 5199 οὺχ
327 5130 399 5195 ὡς
428 5135 870 5205 ἀπαρεσκόμενοι
891 5139 1005 5198 τοῖς
1038 5135 1364 5207 δρωμένοις,
1395 5134 1534 5187 ἀλλά
1557 5134 1633 5203 τῷ
1663 5135 1786 5197 ἔθος

223 5219 375 5288 ἔχειν,
410 5223 483 5285 ὼς
515 5225 721 5293 ἔλεγον,
749 5226 917 5297 μηδὲν
947 5245 997 5281 τι
1025 5228 1293 5297 πρᾶττειν
1325 5226 1785 5305 ἐκκλησιαστικὸν

224 5311 338 5382 δίχα
369 5316 588 5387 γνώμης
626 5318 721 5371 τοῦ
753 5319 905 5387 σφῶν
939 5304 1132 5372 αὐτῶν
1156 5318 1529 5389 πατριάρχου,
1562 5318 1657 5372 τοῦ
1685 5319 1786 5387 τῆς

233 5401 628 5481 Ἀλεξανδρείας
667 5410 889 5481 δηλαδὴ,
922 5403 984 5463 οὗ
1020 5409 1324 5481 τηνικαῦτα
1359 5410 1389 5464 ὀ
1416 5412 1607 5481 θρόνος
1638 5412 1786 5464 ἐκεῖ.

224 5512 305 5552 νος
337 5501 580 5569 χηρεύων
626 5498 716 5572 ἦν.
750 5504 969 5572 Ἀμὸλει
1001 5504 1095 5557 καὶ
1146 5506 1341 5576 καιρδν
1380 5505 1607 5576 ᾐτοῦντο
1634 5506 1786 5575 σφίσι

225 5590 431 5661 δοθῆναι
458 5597 648 5666 μέχρις
682 5597 747 5650 ἂν
778 5597 1193 5667 Ἀλεξανδρείας
1215 5599 1517 5662 ἐπίσκοπος
1537 5601 1784 5668 γένηται.

226 5681 326 5736 Καὶ
351 5687 400 5737 oi
434 5687 531 5755 μὲν
565 5689 663 5758 τῆς
688 5684 907 5743 συνόδου
930 5690 1065 5743 θεῖοι
1096 5691 1363 5762 Πατέρες,
1388 5692 1485 5760 τὴν
1516 5692 1787 5760 ἀναϐολὴν

226 5774 629 5846 ὑποπτεύοντες,
666 5774 770 5833 οἷοί
805 5799 862 5833 τε
894 5779 1035 5851 ἦσαν
1078 5785 1404 5851 καθαίρεσιν
1431 5785 1655 5837 ἐκείνων
1686 5801 1786 5837 κα-

215 5868 642 5946 ὶτιψηφίσασοαι.
688 5876 751 5926 υί
788 5873 844 5925 δέ
874 5876 970 5945 τῆς
1008 5876 1319 5943 συγκλήτου
1356 5881 1540 5948 μένειν
1588 5877 1786 5941 αὐτοὺς

530 5969 798 6032 Paraoc.
832 5970 951 6035 Gn.
992 5973 1258 6034 CXLIV.

1891 4670 2019 4724 inde
2035 4670 2295 4725 damnum
2321 4665 2539 4736 aliquod
2566 4665 2851 4721 sustinuit.
2873 4661 3009 4720 Cum
3030 4664 3176 4717 enim
3206 4664 3469 4719 tredecim

1889 4768 2156 4815 essentex
2175 4756 2410 4828 {Egypto
2436 4756 2735 4819 antistites,
2767 4755 3063 4809 noluerunt
3081 4771 3202 4825 quae
3218 4772 3251 4810 ιι
3274 4766 3470 4812 sancta

1891 4854 2102 4924 synodo
2136 4852 2562 4915 deﬁniebantur,
2597 4850 2818 4920 scriptis
2840 4847 3192 4914 conﬁrmare,
3214 4850 3468 4921 quamvis

1891 4948 2219 5004 Dioscorum
2239 4954 2293 5000 et
2309 4944 2663 5014 Eutychetem
2684 4957 2808 4997 cum
2826 4940 2952 4996 aliis
2968 4942 3308 4998 anathemati
3332 4944 3468 4998 sub-

1884 5037 2141 5107 jioerent.
2164 5036 2221 5091 Id
2241 5036 2384 5091 enim
2408 5041 2759 5100 recusarunt,
2779 5048 2888 5089 non
2916 5032 3063 5102 quod
3085 5046 3149 5086 ea
3170 5048 3294 5104 quae
3321 5034 3468 5087 facta

1888 5137 2046 5187 erant
2095 5128 2277 5181 minus
2307 5126 2623 5194 probarent,
2660 5124 2756 5179 sed
2786 5124 2935 5193 quod
2982 5123 3464 5188 consuetudinem,

1892 5209 1951 5273 ut
1989 5219 2231 5284 aiebant,
2266 5219 2551 5282 haberent,
2606 5216 2744 5270 nihil
2776 5216 2842 5270 de
2879 5215 3045 5271 rebus
3065 5216 3469 5271 ecclesiasticis

1891 5314 2225 5369 constituere
2252 5309 2566 5369 inconsulto
2591 5308 2904 5379 patriarcha
2936 5325 3062 5375 suo,
3094 5309 3470 5364 Alexandrino

1890 5408 2122 5470 scilicet,
2160 5405 2320 5475 cujus
2346 5412 2475 5458 tunc
2510 5400 2777 5473 temporis
2825 5403 3059 5457 thronus
3085 5417 3293 5457 vacuus
3326 5411 3469 5456 erat.

1891 5498 2133 5569 Tempus
2184 5498 2371 5567 itaque
2399 5496 2504 5553 sibi
2545 5497 2663 5550 dari
2708 5495 3083 5566 postulabant,
3131 5493 3309 5549 donec
3353 5494 3472 5563 cpi;

1891 5606 2095 5662 scapus
2118 5591 2520 5646 Alexandrinus
2543 5590 2722 5645 tactus
2748 5583 2913 5643 esset.
2949 5585 3145 5641 Verum
3174 5587 3364 5657 synodi
3388 5588 3472 5639 di-

1890 5687 2001 5742 vini
2022 5686 2211 5741 Patres
2234 5685 2641 5740 cunctationem
2662 5683 3033 5752 suspicantes,
3070 5679 3470 5749 depositioncm

1891 5796 2083 5836 eorum
2125 5787 2457 5835 statuerunt.
2513 5777 2622 5833 Sed
2679 5786 2967 5830 senatores
3006 5788 3103 5827 eos
3150 5774 3205 5827 in
3243 5774 3470 5843 proprio

1899 5872 2090 5929 habitu
2124 5887 2347 5928 manere
2370 5880 2626 5942 oportere
2650 5867 2969 5933 censebant,
3001 5867 3057 5918 si
3076 5867 3466 5922 satisdationes

2997 5957 3072 6018 40
