3918 6642
405 424 546 489 1Ξ5)
659 428 668 435 ’
1600 418 1966 479 ΜΑΤΤΠΑιι

2075 416 2378 477 LASTAnl
2393 417 2431 474 S
3500 425 3623 493 1200

403 540 600 594 darent
633 547 693 590 se
724 544 831 587 non
856 527 1224 601 aufugituros,
1256 528 1339 584 vel
1361 528 1407 584 si
1430 528 1497 584 iis
1519 528 1975 592 destituerentur,

2085 529 2175 581 ἐπὶ
2207 527 2300 581 τοῦ
2329 528 2531 581 οἰκείου
2583 531 2862 602 σχήματος
2916 530 3086 602 ᾤοντο
3119 533 3252 600 δεῖν,
3299 537 3344 589 εἰ
3385 535 3522 591 δοίεν
3542 542 3623 610 ἐγ-

400 633 775 701 juramentum
836 623 1212 691 susciperent;
1274 619 1419 687 quod
1474 616 1701 672 Patrum
1766 617 1975 688 synodo

2079 621 2218 687 γύας
2251 619 2326 690 μὴ
2354 621 2677 690 ἀποδρᾶναι,
2725 621 2758 691 ἢ
2791 622 2996 676 τούτων
3032 625 3388 694 ἀποροῦντες,
3442 629 3624 698 ἐξωμο-

405 717 633 791 placuit.
676 711 970 783 Ἐξομοσία
1001 721 1184 766 autem
1215 709 1433 776 dicitur,
1485 725 1613 764 cum
1653 709 1776 779 quis
1819 716 1974 764 extra

2079 711 2204 764 σίαν
2237 713 2591 781 ποιήσαιντο·
2629 715 2767 784 ὅπερ
2797 717 2961 786 ἤρεσε
3011 717 3107 770 καὶ
3149 721 3214 786 τῇ
3251 718 3354 772 τῶν
3387 721 3622 793 Πατέρων

404 814 650 881 quinque
681 804 1046 875 iurisiurandi
1115 803 1327 872 species
1373 802 1492 872 lege
1540 811 1778 857 statutas
1819 800 1975 871 jura-

2081 801 2307 872 συνόδῳ.
2353 802 2660 872 Ἐξωμοσία
2716 804 2772 857 δέ
2824 808 2964 867 ἐστι,
2993 807 3055 858 τὸ
3105 806 3211 871 ἔξω
3259 807 3365 861 τῶν
3405 817 3446 861 ε’
3469 811 3622 881 ὅρκων

407 910 651 955 mentum
701 896 954 965 suscipit,
987 909 1084 965 per
1111 905 1272 965 caput
1324 891 1465 947 forte
1489 892 1864 964 imperatoris,
1894 889 1975 945 vel

2075 892 2296 963 ὀμόσαι,
2333 894 2440 948 τῶν
2473 895 3029 965 ἐμπεριειλημμένων
3061 899 3138 969 τῷ
3178 899 3348 970 νόμῳ,
3381 902 3414 972 ἢ
3445 904 3519 964 είς
3542 906 3624 972 τὴν

406 1007 501 1062 per
523 1005 680 1046 suam
706 988 966 1044 salutem.
1014 986 1192 1054 Atque
1218 984 1334 1038 haec
1363 982 1582 1053 quidem
1622 983 1697 1036 ita
1728 981 1973 1052 contige-

2077 985 2324 1055 κεφαλὴν
2353 985 2448 1039 τοῦ
2477 985 2744 1055 βασιλέως
2779 988 2962 1056 τυχὸν,
2991 989 3022 1056 ἢ
3059 989 3141 1052 είς
3172 989 3270 1060 τὴν
3301 990 3506 1044 οἰκείαν
3532 1009 3623 1046 σω-

401 1093 550 1140 ι·ιιιιι.
586 1083 644 1137 St
692 1095 824 1136 vero
873 1079 1165 1148 quisquam
1196 1090 1294 1145 pro
1325 1076 1430 1130 alio
1461 1075 1775 1144 iidejubeat,
1799 1070 1975 1142 turpis

2076 1076 2294 1146 τηρίαν.
2363 1076 2524 1130 Ἀλλά
2584 1076 2759 1131 ταῦτα
2791 1079 2889 1146 μὲν
2941 1081 3116 1151 ταύτῃ
3178 1081 3624 1151 συμϐέϐηκεν.Εί

401 1175 615 1232 scilicet
654 1171 793 1227 lucri
844 1169 1040 1240 gratia,
1091 1168 1144 1222 id
1174 1183 1202 1220 a
1252 1167 1458 1222 sanctis
1503 1166 1804 1219 canonibus
1831 1174 1885 1219 et
1903 1165 1975 1218 le-

2082 1167 2270 1236 μέντοι
2318 1167 2419 1231 τὰς
2477 1169 2683 1237 ἐγγύας
2720 1169 2862 1241 ὑπὲρ
2921 1171 3113 1242 ἐτέρου
3161 1189 3246 1234 τις
3299 1172 3512 1243 δοίη,εἰ
3542 1177 3626 1244 μὲν

403 1270 563 1340 gibus
583 1275 820 1321 velatur.
874 1260 1198 1318 Ostenditur
1236 1269 1418 1314 autem
1458 1275 1522 1313 ex
1567 1257 1780 1313 novella
1804 1255 1975 1313 Justi-

2078 1259 2304 1331 αἰσχροῦ
2330 1260 2554 1330 κέρδους
2591 1262 2771 1332 χάριν,
2808 1262 2964 1316 τοῦτο
3003 1265 3094 1317 καὶ
3124 1267 3237 1327 τοῖς
3263 1265 3424 1330 θείοις
3457 1272 3626 1322 atavi-at

400 1360 552 1416 niani
578 1373 745 1415 cum
779 1371 897 1428 qua:
931 1349 1011 1411 sic
1046 1355 1258 1410 statuit.

2078 1351 2173 1405 καὶ
2195 1355 2306 1415 τοῖς
2325 1353 2510 1422 νόμοις
2534 1353 2860 1424 ἀπείρηται”
2891 1357 2984 1408 καὶ
3016 1355 3292 1410 δείκνυται
3317 1360 3379 1411 ἐκ
3403 1360 3500 1430 τῆς
3523 1370 3626 1430 ρκγ¹

2089 1441 2530 1498 ’1ουστινιανείου
2557 1448 2755 1515 νεαρᾶς
2789 1446 2931 1500 οὕτω
2964 1448 3336 1519 θεσπιζούσης
3361 1467 3375 1482 ο

1123 1526 1256 1581 Lex.

2759 1540 2978 1608 Νόμος.

471 1629 576 1685 Sed
611 1641 710 1681 nec
748 1623 1096 1696 publicorum
1141 1621 1476 1676 tributorum
1510 1626 1849 1684 exactorem,
1893 1616 1975 1674 vel

2161 1625 2301 1680 Ἀλλ’
2361 1628 2483 1682 οὐδὲ
2534 1629 2845 1701 ἀπαιτητὴν
2893 1631 3173 1700 δημοσίων
3227 1633 3556 1693 συντελειῶν.
3597 1635 3622 1707 ἢ

405 1729 766 1790 receptorem,
800 1717 882 1769 vel
912 1713 1258 1782 vectigalium
1283 1722 1376 1766 aut
1401 1711 1810 1782 possessionum
1842 1710 1975 1766 alie-

2080 1717 2482 1790 ἐκλήπτορα,ἢ
2540 1721 2822 1793 μισθωτὴν
2851 1722 3043 1790 τελῶν,
3099 1724 3132 1794 ἦ
3175 1723 3463 1796 ἀλλοτρίων
3510 1729 3626 1796 κτή-

409 1830 604 1870 narum
666 1821 1028 1879 receptorem,
1093 1808 1178 1862 vel
1237 1816 1554 1862 curatorem
1613 1806 1832 1870 domus,
1892 1798 1975 1859 vel

2082 1828 2242 1876 σεων,
2263 1817 2295 1881 ἢ
2326 1800 2638 1885 κουρὰτορα
2667 1815 2838 1880 οίκου,
2874 1817 2907 1888 ἢ
2935 1816 3156 1870 ἐντολέα
3176 1816 3350 1889 δίκης,
3379 1819 3410 1889 ἢ
3439 1819 3624 1890 ἐγγυηο

407 1919 586 1960 causae
630 1908 1063 1971 procuratorem,
1111 1897 1195 1952 vel
1249 1910 1353 1968 pro
1403 1897 1490 1952 his
1541 1896 1722 1952 causis
1753 1893 1975 1966 iidejus-

2079 1903 2179 1972 τὴν
2203 1903 2344 1973 ὑπὲρ
2368 1903 2574 1958 τούτων
2593 1905 2702 1957 τῶν
2725 1906 2936 1970 αἰτιῶν,
2963 1907 3266 1960 ἐπίσκοπον
3296 1908 3328 1978 ἢ
3358 1910 3622 1980 οἰκονόμον

405 1992 606 2060 sorem,
637 1993 980 2062 episcopum,
1023 1990 1103 2044 vel
1135 2004 1508 2056 (economum,
1549 1988 1632 2044 vel
1666 1989 1832 2044 alium
1867 1986 1975 2042 cle-

2077 1994 2303 2064 ῇᾶλλον
2351 1995 2610 2066 κληρικδν
2668 1997 2991 2068 οίουδήποτε
3050 1999 3287 2070 βαθμοῦ,
3344 2002 3624 2072 ἢμοναχὸν

408 2087 580 2142 ricum
615 2083 997 2153 cujuscunque
1019 2080 1245 2150 gradus,
1276 2079 1361 2135 vel
1392 2079 1722 2134 monachum
1756 2075 1975 2149 proprio

2082 2086 2198 2157 ἰδίῳ
2226 2086 2476 2157 ὀνόματι,
2514 2087 2548 2158 ἢ
2615 2087 2717 2158 τῆς
2747 2089 3042 2161 ἐκκλησίας
3072 2091 3106 2160 ἢ
3151 2091 3245 2144 τοῦ
3280 2096 3621 2164 μοναστηρίου

407 2176 652 2240 nomine,
689 2173 772 2228 vel
824 2172 1071 2227 ecclesiae
1103 2182 1200 2225 aut
1258 2169 1577 2225 monasterii
1606 2184 1728 2225 esse
1749 2167 1975 2238 permit-

2077 2176 2385 2230 ὑπεισιέναι
2447 2177 2869 2248 συγχωροῦμεν·
2921 2180 3010 2233 ἵνα
3066 2180 3142 2252 μὴ
3183 2181 3271 2234 διὰ
3308 2183 3406 2251 τῆς
3434 2184 3624 2254 προφά-

406 2270 608 2333 timns;
650 2266 846 2322 neltoc
880 2272 1145 2334 praetextu
1195 2263 1408 2319 sanctis
1456 2277 1675 2333 quoque
1717 2260 1975 2317 domibus

2079 2284 2216 2332 σεως
2240 2267 2445 2337 ταύτης
2474 2268 2570 2324 καὶ⁵
2597 2271 2711 2333 τοῖς
2765 2269 2944 2340 ἁγίοις
2965 2271 3137 2337 οἴκοις
3169 2273 3344 2343 ζημία
3395 2277 3619 2345 γένηται,

405 2359 795 2414 detrimentum
835 2356 1113 2422 aﬂeratur,
1166 2363 1221 2410 et
1253 2355 1435 2410 divina
1466 2353 1770 2410 ministeria
1805 2353 1975 2423 impe-

2078 2359 2174 2413 καὶ
2205 2361 2262 2413 αἱ
2323 2359 2462 2414 θεῖαι
2509 2361 2826 2433 ,ὑπηρεσίαι
2879 2365 3286 2436 ἐμποδίζωνται
3308 2383 3322 2398 '
3345 2370 3436 2422 καὶ
3468 2370 3621 2425 ταῦτα

408 2455 651 2509 diantu-r.
679 2449 746 2504 Et
779 2450 894 2503 hac
926 2449 1143 2518 quidem
1176 2447 1410 2502 novella.

2085 2454 2186 2530 μὲν
2219 2455 2252 2523 ἠ
2283 2455 2474 2525 νεαρά.

489 2542 646 2611 Quod
683 2543 730 2597 si
784 2557 848 2595 ex
897 2539 1163 2595 charitate
1215 2549 1522 2604 moveatur,
1556 2545 1974 2608 propterquam

2149 2543 2211 2596 Εί
2240 2543 2297 2596 δὲ
2335 2543 2526 2615 ἀγάπη
2561 2545 2621 2599 τὸ
2643 2545 2831 2600 κινοῦν
2858 2547 2971 2618 εἴη,
3017 2531 3090 2603 δι’
3113 2552 3178 2620 ἧν
3213 2533 3310 2604 καῖ
3342 2552 3437 2616 τὰς
3464 2553 3620 2622 ψυχὰς

489 2572 646 2611 uuuu
683 2572 730 2597 at
784 2572 848 2595 ca
897 2572 1163 2595 uncinata
1215 2572 1522 2604 muvcasus,
1557 2572 1974 2608 Plvyivl/Iiuusu

409 2639 623 2694 animas
669 2643 887 2690 nostras
953 2647 1052 2703 pro
1106 2631 1371 2686 fratribus
1430 2631 1634 2685 nostris
1701 2630 1975 2698 deponere

2149 2572 2211 2596 ut
2240 2572 2297 2596 υιι
2335 2572 2526 2615 urunt]
2561 2572 2621 2599 τυ
2644 2572 2830 2600 κινουν
2858 2572 2971 2618 ειη,
3021 2572 3071 2603 οι
3113 2572 3178 2620 ην
3213 2572 3310 2604 και
3342 2572 3437 2616 τας
3464 2572 3502 2622 ψ
3569 2572 3617 2619 ας

2079 2632 2238 2705 ἡμῶν
2269 2633 2476 2689 τιθέναι
2507 2635 2648 2708 ὑπὲρ
2677 2636 2788 2689 τῶν
2814 2637 3062 2707 ἀδελφῶν
3083 2642 3474 2712 ἐντετάλμεθα,
3503 2572 3617 2710 ἴξιν,

402 2732 682 2803 jubemur,
711 2737 770 2782 nt
810 2728 856 2783 si
889 2727 1012 2798 quis
1062 2726 1335 2792 trahatur,
1386 2732 1440 2790 et
1497 2723 1657 2779 abeo
1703 2723 1770 2776 de
1811 2735 1976 2776 causa

407 2824 589 2892 aliqua
613 2820 993 2892 iidejussiones
1011 2821 1323 2889 exigantur,
1343 2824 1396 2871 et
1423 2815 1566 2886 quod
1599 2829 1708 2868 non
1741 2811 1976 2878 dederit,

409 2917 464 2972 in
498 2929 774 2971 carcerem
809 2912 1060 2967 abiturus
1107 2912 1200 2976 sit,
1229 2910 1351 2979 ejus
1384 2918 1564 2963 autem
1601 2907 1837 2961 clericus
1873 2905 1978 2958 mi-

409 3019 591 3064 sertus
636 3006 1022 3074 ﬁllejussiones
1073 3019 1172 3074 pro
1215 3017 1282 3058 eo
1325 3002 1438 3067 det,
1470 3015 1576 3055 non
1609 3007 1818 3055 tantum
1867 3010 1975 3050 non

407 3101 732 3169 deponetur,
780 3096 874 3152 sed
924 3094 1300 3166 pulcherrima
1365 3091 1590 3162 premia
1655 3088 1911 3158 accipiet,
1945 3101 1977 3141 a

403 3192 588 3262 judice
619 3190 829 3245 scilicet
855 3190 1027 3261 justo,
1059 3187 1229 3258 utqui
1256 3185 1572 3240 mandatum
1599 3180 1974 3251 evangelicum

407 3281 739 3353 impleverit.

2079 2727 2130 2778 εί
2169 2723 2464 2793 ἑλκόμενόν
2481 2741 2630 2790 τινα,
2664 2728 2760 2781 καὶ
2812 2728 3017 2797 ἐγγύας
3060 2732 3462 2802 ἀπαιτούμενον
3497 2733 3618 2805 ὑπέρ

2077 2831 2221 2876 τινος
2252 2815 2666 2885 παραστάσεως,
2712 2819 2809 2872 καὶ
2837 2819 2914 2890 τῷ
2959 2819 3034 2891 μὴ
3064 2821 3326 2875 δύνασθαι
3353 2823 3524 2877 δοῦναι
3549 2825 3617 2888 εἰς

2079 2907 2305 2979 εἱρκτὴν
2353 2909 2745 2978 ἀπαγόμενον,
2797 2913 2905 2964 τῶν
2953 2929 3034 2976 τις
3087 2913 3363 2984 κληρικῶν
3393 2916 3618 2987 ἐλεήσας,

2079 2999 2283 3068 ἐγγύας
2311 3000 2452 3070 ὺπέρ
2489 2999 2651 3052 αὑτοῦ
2673 3000 2810 3072 δοίη,
2844 3002 2922 3073 μὴ
2956 3004 3038 3057 δτι
3081 3006 3466 3078 καθαιρέσεως,
3503 3008 3618 3062 ἀλλὰ

2079 3094 2173 3146 καὶ
2205 3093 2479 3164 λαμπρῶν
2503 3091 2865 3166 ἀξιωθήσεται
2898 3097 3007 3152 τῶν
3046 3101 3250 3168 γερῶν,
3287 3097 3453 3171 οἶμαι,
3490 3104 3619 3171 παρά

2077 3185 2155 3255 τῷ
2175 3185 2369 3257 δικαίῳ
2395 3187 2582 3258 κριτῇ,
2614 3186 2691 3251 ὡς
2731 3189 3097 3262 εύαγγελικὴν
3149 3193 3519 3265 πεπληρωκὼς
3543 3197 3618 3248 ἐν·

2007 3277 2050 3334 C
2083 3277 2266 3350 τολην.

1131 3369 1262 3424 Lex.

477 3468 576 3526 Jus
607 3475 790 3523 autem
818 3465 979 3521 civile
1009 3464 1241 3520 clericos
1269 3463 1324 3518 in
1349 3461 1439 3533 jus
1459 3466 1686 3517 vocatos
1707 3457 1979 3514 satisdare

403 3561 645 3722 μῗῖἶο
665 3648 932 3707 Praedicta
973 3655 1153 3702 autem
1185 3643 1481 3700 Justiniani
1507 3641 1719 3698 novella
1751 3638 1980 3696 clericos

409 3747 466 3803 in
515 3747 605 3815 jus
654 3753 882 3798 vocatos
933 3739 1319 3809 iidejussiones
1358 3751 1466 3791 non
1497 3736 1632 3791 dare
1665 3734 1845 3805 jubet,
1884 3735 1980 3789 sed

406 3835 826 3909 promissionem
850 3830 1258 3905 pignoratitiam
1284 3829 1465 3884 facere
1495 3826 1616 3882 sine
1639 3826 1973 3896 juramento,

405 3937 694 4005 episcOpos
747 3946 876 3989 vero
926 3931 981 3986 in
1034 3929 1123 3999 jus
1175 3939 1403 3985 vocatos
1446 3943 1548 3985 nec
1595 3925 1978 3997 iidejussiones

407 4031 558 4096 dare,
595 4043 694 4082 nec
735 4025 1154 4096 promissionem
1189 4023 1390 4079 facere.

405 4123 554 4178 CAP.
609 4121 672 4175 ll.
707 4119 781 4172 De
812 4114 1284 4172 consuetudinibus
1321 4115 1574 4171 Ecclesia:
1601 4132 1706 4171 non
1737 4117 1972 4186 scriptis.

478 4213 706 4282 Magnus
753 4208 1010 4274 Basilius,
1053 4208 1107 4261 in
1138 4206 1370 4276 epistola
1395 4208 1462 4262 ad
1497 4208 1820 4275 Diodorum,
1848 4223 1978 4263 con-

405 4307 750 4362 suetudinem
777 4319 887 4357 non
917 4303 1178 4368 scriptam
1200 4302 1336 4373 legis
1354 4302 1462 4356 vim
1493 4302 1696 4358 habere
1719 4301 1816 4364 ait.
1832 4301 1977 4372 quod

406 4417 436 4454 a
465 4398 672 4454 sanctis
705 4397 839 4450 viris
869 4395 1007 4450 ritus
1029 4394 1189 4448 nobis
1223 4393 1408 4449 traditi
1438 4393 1661 4450 fuerint.

2753 3376 2974 3446 Νόμος.

2164 3464 2223 3520 '0
2243 3465 2300 3520 δὲ
2329 3465 2494 3536 νόμος
2538 3469 2665 3533 τοὺς
2692 3469 2987 3542 κληρικοὺς
3005 3470 3398 3542 δικαζομένους
3438 3472 3615 3542 ἐγγύας

2079 3555 2292 3610 κελεύει
2318 3558 2540 3616 διδόναι.

2159 3649 2230 3703 Ἦ
2253 3649 2311 3704 δὲ
2340 3651 2571 3720 ρηθείσα
2594 3642 3027 3718 Ἶλυστινιάνειος
3069 3658 3245 3728 νεαρά
3289 3659 3411 3721 τοὺς
3450 3659 3613 3731 κληριο

2079 3741 2209 3806 κοὺς
2243 3742 2630 3814 δικαζομένους
2663 3747 2878 3800 κελεύει
2911 3751 2986 3819 μὴ
3037 3749 3240 3804 διδόναι
3272 3751 3485 3820 ἐγγύας,
3515 3750 3612 3805 ἀλλ’

2077 3834 2368 3904 ὁμολογίαν
2423 3838 2600 3890 ποιεῖν
2660 3839 2996 3910 ἐνυπόθηκον
3049 3841 3176 3894 ἄνευ
3209 3843 3399 3911 ὅρκουο
3434 3843 3610 3906 τοὺςδὲ

2078 3923 2413 3990 ἐπισκόπους
2460 3926 2849 4000 δικαζομένους
2875 3935 3014 4002 μήτε
3039 3933 3243 4002 ἐγγύας
3269 3935 3477 4000 διδόναι,
3496 3937 3609 4006 μήτε

2077 4017 2369 4088 ὁμολογίαν
2401 4023 2602 4075 ποιεῖν.

2078 4110 2329 4165 ΚΕΦΑΛ.
2364 4109 2439 4164 B'.
2459 4112 2600 4180 Περὶ
2625 4110 2780 4168 ἐθῶν
2808 4113 2917 4183 τῆς
2953 4115 3317 4184 Ἐκκλησίας
3341 4114 3607 4185 ἀγράφων.

2163 4202 2223 4256 '0
2277 4204 2454 4274 μέγας
2510 4205 2790 4270 Βασίλειος
2843 4209 2900 4262 ἐν
2933 4209 3032 4278 μὲν
3083 4212 3148 4279 τῇ
3179 4211 3320 4281 πρὸς
3379 4210 3607 4279 Διόδωρον

2078 4294 2359 4366 ἐπιστολῇ,
2417 4296 2478 4350 τὸ
2507 4297 2757 4369 ἄγραφον
2818 4298 2941 4363 ἔθος
2997 4300 3165 4371 νόμου
3209 4302 3436 4371 δύναμιν
3486 4301 3606 4371 ἔχειν

2078 4392 2234 4458 φησι,
2261 4390 2350 4443 διὰ
2375 4391 2435 4443 τὸ
2485 4390 2591 4444 ὑπὸ
2638 4391 2811 4461 ἁγίων
2840 4392 3050 4464 ἀνδρῶν
3079 4395 3211 4458 τοὺς
3245 4394 3474 4465 θεσμοὺς
3499 4395 3606 4464 ἡμῖν

2077 4480 2475 4551 παραδοθῆναι.

473 4579 530 4634 ln
562 4578 740 4648 capite
764 4586 945 4629 autem
1008 4573 1079 4628 ‘27
1121 4586 1308 4627 eorum
1339 4586 1461 4643 qua
1489 4571 1556 4627 ad
1583 4570 1801 4626 beatum
1835 4571 1970 4626 Am-

2163 4571 2250 4623 Ἐν
2273 4572 2332 4625 δὲ
2355 4571 2432 4642 τῷ
2467 4569 2545 4636 κζ’
2566 4571 2672 4627 τῶν
2704 4576 2836 4644 πρὸς
2862 4573 2956 4628 τὸν
2991 4577 3263 4646 μακάριον
3295 4577 3605 4647 Ἀμφιλόχιον

402 4672 734 4742 philochium
774 4669 841 4724 de
876 4675 1064 4723 sancto
1093 4665 1300 4734 Spiritu
1333 4667 1536 4735 scripta
1553 4673 1701 4730 sunt,
1735 4664 1970 4736 Dogma-

2077 4679 2146 4714 πε
2157 4661 2209 4730 pi.
2239 4663 2331 4716 τοῦ
2354 4663 2509 4731 ἀγίου
2532 4663 2849 4735 Πνεύματος
2865 4667 3285 4736 γεγραμμένων
3306 4668 3602 4737 κεφαλαίων,

402 4774 534 4822 ιιιιιι,
597 4761 796 4829 inquit,
837 4769 893 4813 et
940 4757 1398 4828 praedicationum
1451 4773 1573 4828 qua:
1626 4759 1681 4812 in
1728 4759 1970 4812 Ecclesia

2075 4753 2192 4809 Τῶν
2223 4756 2280 4808 ἐν
2308 4761 2372 4824 τῇ
2421 4757 2738 4829 Ἐκκλη’σίᾳ,
2773 4759 2928 4830 φησὶ,
2981 4760 3396 4829 φυλαττομένων
3436 4760 3606 4828 δίωγμά·

404 4861 713 4916 scrvautur,
748 4851 854 4904 alia
881 4849 1100 4920 quidem
1146 4863 1211 4902 ex
1257 4847 1510 4903 doctrina
1552 4848 1754 4916 scripta
1801 4848 1972 4902 habe-

404 4959 548 5008 mus,
583 4943 690 4996 alia
739 4957 873 4997 vero
921 4956 987 4995 ex
1029 4940 1324 4994 traditione
1381 4939 1758 5009 apostolorum
1808 4940 1970 4994 nobis

401 5036 528 5090 data
561 5035 615 5088 in
652 5033 913 5104 mysterio
944 5032 1312 5102 suScipimus;
1337 5046 1460 5101 qua:
1488 5040 1722 5100 utraque
1743 5029 1970 5084 easdem

404 5129 470 5182 ad
506 5127 762 5194 pietatem
793 5125 937 5179 vires
966 5123 1187 5180 habent.
1220 5123 1316 5180 His
1356 5134 1536 5178 autem
1561 5138 1723 5178 nemo
1750 5131 1973 5176 contra-

401 5222 568 5283 dicet,
599 5217 694 5286 qui
728 5217 936 5270 rituum
989 5216 1492 5270 ecclesiasticorum
1549 5216 1632 5270 vel
1685 5214 1969 5268 minimam

402 5307 792 5379 experientiam
843 5308 1114 5361 habuerit.
1167 5307 1224 5362 Si
1263 5308 1406 5362 enim
1441 5322 1547 5362 non
1577 5307 1809 5377 scriptas
1834 5322 1973 5360 con-

403 5401 744 5465 suetudines,
784 5409 1046 5467 tanquam
1079 5412 1328 5466 magnam
1353 5388 1698 5467 'potestatem
1735 5413 1840 5452 nou
1873 5399 1971 5453 ha-

405 5495 613 5555 bentes.
667 5508 923 5548 recusare
982 5491 1342 5558 voluerimus,
1397 5491 1454 5544 in
1497 5492 1660 5546 rebus
1694 5492 1972 5561 principa-

399 5586 542 5640 libus
623 5587 801 5654 ipsum
883 5583 1237 5653 Evangelium
1329 5581 1698 5651 imprudentes
1770 5582 1972 5639 damno

402 5676 719 5739 atliciemus,
767 5677 849 5730 vel
905 5675 1091 5744 potius
1129 5675 1178 5726 id
1228 5671 1372 5742 quod
1411 5672 1751 5725 enuntiatum
1788 5682 1871 5728 est
1907 5677 1971 5726 ad

401 5768 606 5820 nudum
667 5784 864 5822 nomen
919 5767 1252 5834 redigemus.
1296 5765 1391 5818 Ex.
1436 5780 1520 5834 gr.
1563 5763 1730 5830 figura
1790 5763 2004 5819 erucis.

402 5858 632 5927 signari,
671 5868 759 5911 aut
789 5859 854 5912 ad
885 5860 1151 5912 orientem
1187 5857 1316 5911 verti
1363 5857 1502 5910 inter
1531 5858 1820 5922 orandum,
1846 5855 1972 5924 quis

2073 4859 2180 4898 των
2210 4846 2304 4899 καὶ
2340 4849 2734 4918 κηρυγμάτων,
2766 4851 2834 4903 τὰ
2869 4851 2969 4920 μὲν
2997 4851 3061 4903 ἐκ
3095 4851 3197 4919 τῆς
3217 4852 3465 4922 ἀγράφου
3489 4850 3603 4903 διδα-

2074 4938 2301 5002 σκαλίας
2333 4941 2552 5010 ἔχομεν,
2585 4942 2654 4994 τὰ
2680 4941 2739 4995 δὲ
2767 4944 2831 4996 ἐκ
2860 4943 2959 5014 τῆς
2982 4943 3092 4996 τῶν
3116 4945 3433 4998 ἀποστόλων
3457 4959 3605 5014 παρα-

2070 5028 2270 5093 δόσεως
2297 5029 2604 5085 διαδοθὲντα
2626 5034 2760 5102 ἡμῖν
2787 5035 2845 5087 ἐν
2893 5037 3180 5107 μυστηρίῳ
3205 5037 3602 5106 παρεδεξάμεθα,

2073 5122 2219 5191 ἅπερ
2255 5122 2542 5194 ἀμφότερα
2567 5124 2664 5194 τὴν
2719 5127 2890 5195 αὐτὴν
2950 5127 3105 5195 ἰσχὺν
3133 5127 3249 5199 ἔχει
3302 5130 3434 5199 πρὸς
3454 5128 3605 5182 θεοσέ-

2072 5212 2247 5280 ϐειαν,
2279 5215 2376 5267 καὶ
2397 5215 2606 5271 τούτοις
2631 5217 2804 5280 οὐδεὶς
2836 5219 3076 5288 ἀντερεῖ,
3105 5219 3256 5283 ὅστις
3285 5224 3420 5274 κατὰ
3444 5218 3604 5290 μικρὸν

2072 5305 2203 5375 γοῦν
2237 5307 2458 5378 θεσμῶν
2503 5308 2977 5377 ἐκκλησιαστικῶν
3036 5313 3390 5376 πεπείραται.
3437 5313 3492 5364 ΕΙ
3516 5310 3604 5381 γὰρ

2073 5400 2529 5470 ἐπιχειρήσαιμεν
2562 5403 2630 5455 τὰ
2659 5402 2883 5473 ἄγραφα
2913 5405 3019 5457 τῶν
3047 5404 3212 5469 ἐθῶν,
3231 5405 3334 5468 ’ὡς
3367 5405 3438 5474 μὴ
3465 5405 3604 5475 μεγά-

2073 5489 2174 5560 λην
2204 5490 2396 5557 ἔχοντα
2428 5493 2527 5562 τὴν
2581 5492 2812 5562 δύναμιν
2845 5494 3260 5564 παραιτεῖσθαι,
3289 5496 3529 5563 λάθοιμεν
3548 5493 3602 5565 ,ἂν

2072 5582 2153 5642 εἰς
2186 5581 2327 5634 αύτά
2355 5583 2425 5635 τὰ
2455 5583 2646 5652 καίρια
2679 5581 3004 5651 ζημιοῦντες
3026 5586 3085 5638 τὸ
3119 5585 3473 5654 Εὐαγγέλιον,
3497 5584 3603 5660 pi);

2073 5672 2164 5725 λον
2197 5674 2256 5726 δὲ
2304 5675 2383 5737 είς
2438 5673 2612 5744 ὄνομα
2645 5676 2803 5745 ψιλὸν
2839 5659 3222 5747 περιϊστὰντες
3256 5682 3317 5732 τὸ
3354 5681 3599 5748 κήρυγμω

2071 5760 2204 5831 οἷ’)ν,
2227 5767 2304 5820 τῶ
2333 5783 2488 5836 toto.
2522 5769 2606 5820 -ιῦ
2647 5769 2883 5840 σταυροῦ
2934 5771 3458 5841 καταημαὶνεσθαι,
3489 5771 3557 5828 τίς
3584 5771 3603 5817 ὁ

2072 5855 2156 5909 διὰ
2180 5856 2507 5927 γράμματος
2530 5859 2765 5925 διδάξας,
2791 5863 2822 5930 ἦ
2851 5861 2907 5912 τὸ
2932 5862 3066 5930 πρὸς
3091 5862 3356 5924 ἀνατολὰς
3380 5863 3601 5926 ἐπεστρά-
