3918 6576
473 416 500 481 1
514 418 617 481 263

1663 422 2031 486 MATTHBI
2072 425 2498 486 BLASTARIS

3575 426 3682 494 126i

468 534 664 587 Nonne
712 546 778 587 ex
810 532 911 586 hac
958 547 1065 588 non
1100 531 1378 605 publicata
1423 543 1477 589 et
1526 550 1724 592 arcana
1761 539 2024 593 doctrina.

2145 558 2256 606 τος,
2286 542 2464 594 καὶτὸ
2499 542 2677 593 ἔλαιον
2712 540 2808 610 τῆς
2841 540 3096 612 κρίσεως,
3137 540 3232 595 καὶ⁸
3283 539 3499 612 προσέτι
3544 546 3678 601 αὐτὸν

467 640 632 693 quam
670 626 723 679 in
754 625 979 681 minime
1001 628 1221 682 curioso
1248 637 1301 683 ct
1347 643 1687 699 nequaquam
1716 632 1838 701 plus
1868 648 2033 702 quam

466 727 685 783 oportet
739 718 1102 787 investigantc
1132 720 1350 775 silentio
1406 720 1596 778 Patres
1628 725 2032 788 custodierunt.

468 820 615 862 recte
642 809 718 863 illi
752 809 930 863 edocti
976 825 1097 879 qua:
1128 821 1254 866 sunt
1282 812 1333 866 in
1384 814 1660 884 mysteriis
1691 818 1948 883 praeclara
1980 825 2035 872 et

466 901 767 956 veneranda
800 902 1018 957 silentio
1042 905 1301 960 servare?
1333 906 1465 970 Quae
1493 908 1637 960 enim
1669 924 1735 962 ne
1764 910 2031 977 suspicari

461 994 680 1062 quidem
734 995 860 1048 licet
911 994 977 1049 lis
1010 996 1103 1064 qui
1142 1009 1249 1049 non
1304 1005 1434 1050 sunt
1484 998 1755 1070 mysteriis
1806 999 2029 1063 initiati,

461 1086 740 1153 quomodo
799 1096 1234 1142 consentaneum
1267 1100 1355 1144 εει
1408 1105 1595 1144 eorum
1630 1090 1934 1145 doctrinam
1975 1093 2031 1146 in

460 1180 681 1249 scriptis
744 1178 1123 1248 triumphare?
1183 1178 1311 1236 Haec
1364 1189 1447 1235 est
1508 1197 1696 1235 eorum
1746 1197 1867 1251 qua:
1919 1197 2030 1237 non

461 1271 663 1340 scripta
694 1276 823 1325 sunt
849 1269 1158 1323 traditionis
1201 1270 1364 1334 ratio,
1417 1281 1476 1324 ut
1502 1286 1576 1325 ne
1609 1272 1808 1341 saepius
1828 1271 2030 1341 agitata

458 1366 775 1431 dogntatum
795 1361 1033 1432 cognitio
1052 1363 1237 1417 multis
1258 1363 1381 1417 vilis
1404 1374 1457 1417 et
1484 1364 1878 1418 contemnenda
1904 1362 2029 1417 red-

457 1457 618 1510 datur
676 1465 896 1527 propter
960 1455 1442 1511 consuetudinem.
1505 1456 1669 1510 Aliud
1729 1464 1814 1511 est
1877 1457 2026 1511 enim

459 1548 681 1618 dOgma,
710 1560 762 1603 et
791 1548 940 1603 aliud
980 1547 1334 1618 praedicatio;
1371 1549 1623 1615 dagmata
1668 1548 1817 1602 enim
1844 1557 2027 1604 tacen-

460 1648 571 1703 tur,
625 1639 1048 1706 praedicationes
1106 1654 1236 1693 vero
1288 1638 1660 1707 pttblicantur.
1702 1638 1798 1694 Est
1843 1650 2026 1695 autem

456 1733 624 1786 etiam
652 1731 857 1786 silentii
890 1731 1102 1801 species
1131 1732 1464 1796 obscuritas,
1493 1747 1600 1801 qua
1630 1732 1804 1787 utitur
1835 1731 2025 1802 Scrip-

457 1834 600 1889 tura,
634 1838 757 1893 qum
808 1822 987 1877 reddit
1035 1825 1351 1892 dogmatum
1405 1824 1733 1878 sententiam
1782 1834 2027 1879 contem-

454 1916 607 1986 platu
658 1915 961 1980 didicilem,
1007 1916 1074 1970 ad
1110 1930 1301 1970 eorum
1360 1915 1651 1971 utilitatem
1712 1917 1807 1987 qui
1869 1917 1922 1972 in
1964 1926 2028 1973 e'a

455 2008 731 2062 incidunt.
784 2006 928 2072 Quin
971 2016 1026 2062 et
1076 2006 1434 2076 apostolicum
1478 2022 1601 2063 esse
1649 2008 1933 2074 existimo,
1973 2008 2030 2063 in

453 2101 842 2155 traditionibus
894 2114 1000 2154 non
1052 2100 1271 2169 scriptis
1340 2115 1680 2170 permanere.
1744 2101 1804 2155 lu
1851 2102 2029 2172 prima

452 2193 596 2247 enim
637 2192 815 2263 Epist.
870 2192 936 2247 ad
988 2191 1511 2247 Tlicssaloniccnses
1544 2209 1557 2246 :
1599 2215 1617 2243 ι
1650 2194 1801 2248 State
1838 2194 2024 2263 igitur,

454 2284 671 2346 fratres,
696 2293 751 2337 et
777 2282 1102 2337 traditiones
1132 2292 1371 2347 servate,
1419 2298 1559 2353 quas
1583 2283 1876 2345 didicistis.
1910 2285 2028 2341 sive

454 2390 549 2443 per
588 2387 896 2438 sermones,
948 2373 1067 2429 sive
1111 2386 1209 2442 per
1257 2375 1535 2444 epistolas.
1575 2392 1594 2427 ι
1663 2376 1775 2431 Hoc
1802 2377 2027 2447 insuper

455 2466 518 2520 ι).
560 2464 989 2534 Chrysostomus
1021 2464 1301 2533 explicans
1332 2479 1347 2518 :
1385 2462 1615 2529 Exinde,
1654 2464 1850 2535 inquit,
1909 2479 2025 2518 ma-

452 2557 711 2613 nifestqu
738 2565 844 2622 est,
887 2558 1033 2627 quod
1069 2572 1179 2611 non
1211 2557 1399 2610 omnia
1431 2572 1529 2626 per
1558 2558 1823 2626 epistolas
1853 2557 2024 2611 tradi-

450 2649 668 2712 derunt,
708 2649 799 2702 sed
834 2647 1002 2702 multa
1034 2647 1154 2703 sine
1185 2648 1429 2718 scriptis.
1475 2648 1741 2705 Similiter
1769 2660 1876 2703 tam
1907 2649 2023 2704 hac

449 2759 612 2812 quam
653 2742 745 2795 illa
777 2741 881 2796 lidc
916 2741 1080 2807 digna
1135 2754 1283 2805 sunt,
1332 2751 1390 2796 ut
1454 2742 1802 2796 traditionem
1841 2742 2021 2797 eccle-

448 2834 724 2889 siasticam
788 2833 892 2888 lide
945 2833 1166 2902 dignam
1218 2848 1574 2900 censeamus;
1632 2834 1855 2890 traditio
1910 2844 2019 2903 est,

450 2927 584 2982 nihil
620 2926 857 2998 amplius
882 2941 1118 2997 quaeras.

725 3196 879 3252 CAP.
909 3197 997 3252 lll.
1026 3195 1099 3250 De
1128 3197 1355 3250 moribus
1393 3196 1735 3253 Cr‘wcanicis.

518 3289 908 3361 Sexagesimns
942 3291 1221 3344 secundus
1250 3305 1299 3343 vi
1333 3304 1457 3359 syn.
1491 3305 1615 3345 can.
1648 3288 1835 3345 ﬁdeles
1864 3287 2013 3345 Graa-
2044 3256 2092 3320 θ

445 3381 652 3436 cauicis
708 3381 954 3434 tuoribus
1002 3381 1184 3440 inulti,
1216 3381 1580 3449 perniciosum
1614 3380 1786 3435 ducit.
1822 3379 2020 3436 Kalen-

443 3474 543 3527 das
574 3472 778 3542 itaquc,
808 3481 861 3525 et
890 3471 1046 3536 Bota,
1068 3483 1122 3525 et
1152 3471 1448 3537 Brumalia,
1480 3482 1533 3527 et
1562 3472 1877 3541 huiusmodi
1912 3472 2018 3527 alia

445 3569 697 3622 meminit
757 3568 811 3620 iu
853 3566 1054 3635 quibus
1111 3563 1284 3620 Graeci
1325 3568 1586 3637 mysteria
1617 3567 1894 3621 celebrare
1923 3582 2019 3622 so-

444 3663 649 3716 lebant.
691 3658 757 3713 Et
813 3660 1014 3714 festum
1066 3658 1287 3728 quidem
1341 3658 1708 3714 Kalendarum
1755 3659 1809 3712 in
1840 3658 2017 3728 prima

441 3751 686 3808 Januarii
749 3753 951 3805 mensis
1002 3751 1089 3805 die
1154 3752 1448 3820 quotannis
1499 3750 1901 3815 celebrabatur,
1951 3765 2017 3805 eo

441 3846 586 3915 quod
620 3854 748 3899 tunc
782 3846 1043 3913 temporis
1078 3847 1205 3898 luna
1236 3853 1551 3907 renovetur,
1585 3851 1640 3898 et
1673 3843 1793 3911 ejus
1821 3842 2018 3898 funda-
2046 3913 2053 3920 θ

440 3946 687 3991 mentum
741 3935 942 3989 abhinc
990 3936 1270 4001 statuitur,
1321 3935 1469 4004 quod
1505 3943 1676 3990 totum
1716 3942 1930 4004 tempus
1955 3948 2016 3990 se

436 4027 680 4097 jucunde
736 4037 1116 4083 transacturos
1162 4027 1573 4082 existimabant.
1625 4025 1686 4080 In
1736 4026 1843 4081 tria
1881 4036 2015 4081 vero

439 4119 712 4174 mensium
750 4119 867 4172 dies
922 4118 1230 4173 diviserunt
1280 4117 1547 4171 Romani:
1600 4117 1739 4173 alias
1793 4117 2015 4188 quidem

442 4210 729 4266 Kalendas
756 4210 1142 4273 nominarunt,
1183 4210 1319 4265 alias
1346 4225 1476 4264 vero
1499 4209 1704 4275 Nonas,
1734 4210 1873 4265 alias
1920 4225 2019 4264 au-

442 4314 552 4359 tem
586 4305 739 4358 Idus.
793 4302 927 4355 Bota
988 4300 1243 4371 equidem
1305 4300 1464 4366 Pani,
1509 4311 1567 4357 ut
1615 4303 1780 4374 habet
1811 4302 2016 4370 fabula,

441 4399 790 4462 dedit-erunt,
839 4404 1102 4464 tanquam
1162 4395 1458 4463 pecoribus
1487 4404 1540 4450 et
1584 4396 1779 4451 ovibus
1808 4397 2022 4466 prospi-

442 4493 630 4547 cienti.
662 4488 941 4543 Brumalia
975 4500 1156 4542 autem
1188 4488 1270 4542 vel
1307 4487 1554 4555 Rusalia,
1594 4489 1757 4543 etiam
1794 4491 1954 4545 hodie
1986 4504 2018 4544 a

2141 631 2231 685 τὸν
2263 631 2691 703 βαπτιζόμενον,
2754 633 2890 686 ἀλλά
2918 633 3017 687 καὶ
3069 634 3239 703 αὐτὴν
3287 634 3387 705 τὴν
3408 635 3497 689 τοῦ
3526 636 3677 695 ἐλαίου

2139 726 2341 795 χρίσιν,
2378 725 2475 778 καὶ
2500 729 2567 778 τὰ
2592 725 2693 778 ὅσα
2724 725 2854 793 περὶ
2887 726 2946 777 τδ
2970 725 3256 797 βάπτισμα
3276 742 3292 758 ο
3318 727 3381 778 τὸ
3409 729 3677 784 ἀποτάσει.

2139 817 2261 871 σθαι
2302 816 2378 886 τῷ
2405 819 2613 888 catach
2669 818 2762 870 καὶ
2791 819 2906 881 τοῖς
2947 819 3203 886 ἀγγέλοις
3236 817 3426 883 αὐτοῦ,
3456 821 3517 873 ὲκ
3547 823 3677 886 ποίας

2136 908 2255 959 ἐστὶ
2288 908 2541 978 Γραφῆςς
2574 910 2674 961 οὐκ
2697 911 2762 962 ἐκ
2793 910 2894 977 τῆς
2925 910 3329 979 ἀδημοσιεύτου
3381 911 3572 981 ταύτης
3604 916 3676 967 καὶ

2134 985 2450 1069 ἀπορρήτου
2499 999 2866 1067 διδασκαλίας,
2926 1000 2993 1071 ήν
3049 1001 3109 1053 ἐν
3162 999 3673 1074 ἀπολυπραγμονήτῳ

2134 1090 2233 1143 καὶ⁵
2297 1090 2618 1162 ἀπεριέργῳ
2655 1095 2780 1162 σιγῇ
2813 1093 2862 1144 οῖ
2917 1092 3162 1162 Πατέρες
3208 1091 3372 1161 ήμῶν
3422 1093 3673 1162 ἐφύλαξαν,
3774 1074 3777 1077 Ι

2133 1180 2313 1244 καλῶς
2337 1182 2534 1235 ἐκεῖνοι
2560 1183 2935 1252 δεδιδαγμένοι
2968 1184 3080 1236 τῶν
3115 1184 3435 1254 μυστηρίων
3454 1184 3518 1238 τὰ
3538 1187 3677 1255 σεμνά

2135 1273 2316 1342 σιωπῇ
2348 1271 2821 1338 διασώζεσθαιςἋ
2870 1273 2979 1342 γάρ
3028 1274 3153 1327 οὐδὲ
3191 1272 3509 1327 ἐποπτεύειν
3533 1275 3677 1339 ἔξεστι

2129 1363 2240 1424 τοῖς
2272 1333 2563 1432 άυμυήτοις,
2597 1333 2786 1417 τούτου
2816 1333 2932 1427 πῶς
2947 1333 3019 1434 ἦν
3057 1364 3206 1426 εἰκὸς
3234 1363 3337 1435 τὴν
3365 1333 3706 1435 διδασκαλίανξ

2131 1421 2489 1527 θριαμδεύειν
2599 1421 2928 1524 γράμμασιν
2948 1421 2987 1521 ;’
3020 1421 3201 1516 υἷἰτος⁷
3223 1455 3254 1507 δ
3285 1421 3439 1522 λόγος
3470 1454 3557 1523 τῆς
3590 1421 3703 1558 τῶινῖ

2128 1546 2395 1614 ἀγράφων
2425 1546 2567 1600 ἐθῶν
2616 1547 2992 1617 παραδόσεως,
3015 1547 3092 1610 ὡς
3129 1545 3204 1617 μὴ
3239 1546 3677 1616 καταμεληθεῖσα)

2128 1637 2238 1689 τῶν
2267 1637 2553 1709 δογμάτων
2574 1637 2674 1707 τὴν
2694 1640 2917 1707 γνῶσιν,
2946 1639 3422 1709 εὐκαταφρόνητον
3443 1641 3545 1701 τοῖς
3566 1639 3677 1691 πολ-

2127 1727 2240 1791 λοῖς
2271 1727 2532 1798 γενέσθαι
2580 1730 2671 1783 διὰ
2701 1728 3016 1800 συνήθειαν.
3046 1728 3208 1783 ’Δλλο
3236 1728 3338 1800 μὲν
3365 1728 3469 1798 γάρ
3499 1729 3673 1796 δόγμα,

2136 1822 2234 1874 καὶ
2263 1820 2392 1876 ἀλλο
2413 1823 2695 1893 κήρυγμα.
2754 1821 2835 1874 Ta
2867 1822 2965 1892 μὲν
2995 1821 3103 1893 γὰρ
3130 1821 3383 1892 δόγματα
3416 1822 3676 1886 σιωπᾶται,

2061 1893 2103 1952 Β
2131 1913 2199 1967 τά
2234 1912 2292 1966 δὲ
2319 1914 2656 1985 κηρύγματα
2712 1914 3139 1984 δημοσιεύεταιο
3198 1913 3411 1981 σιωπῆς
3458 1912 3511 1967 δὲ
3558 1908 3677 1974 εἶδος

2135 2006 2235 2059 καὶ
2259 2007 2293 2075 ἡ
2320 2006 2584 2076 ἀσάφεια,
2676 2007 2876 2078 χρῆται
2900 2008 2936 2077 ή
2962 2006 3178 2078 Γραφή.
3209 2005 3572 2076 δυσθεώρητον
3592 2023 3676 2059 και

2131 2098 2549 2163 τασκευάζουσα
2576 2099 2683 2153 τῶν
2714 2099 2998 2169 δογμάτων
3027 2099 3120 2152 τὸν
3163 2098 3315 2165 νοῦν,
3352 2098 3483 2168 πρὸς
3509 2098 3566 2151 τὸ
3590 2098 3675 2153 τῶν

2132 2190 2576 2259 ἐντυγχανόντων
2604 2189 2882 2252 λυσιτελές
2907 2203 2921 2220 ⁶
2948 2192 3043 2243 καὶ
3064 2188 3423 2243 ἀποστολικὶν
3449 2190 3500 2242 δὲ
3528 2185 3674 2258 δῐμαι,

2128 2280 2190 2332 τὸ
2213 2283 2331 2342 ταῖς
2362 2281 2635 2349 ἀγράφοις
2669 2279 3008 2352 παραδόσεσι
3063 2281 3428 2350 παραμένειν.
3462 2281 3542 2333 Ἐν
3567 2280 3676 2348 γοῦν

2127 2372 2196 2441 τῇ
2229 2371 2368 2443 πρὸς
2420 2371 2837 2435 Θεσσαλονικεῖς
2883 2372 3101 2445 πρώτῃ,
3146 2374 3291 2443 Ἀρα
3319 2367 3432 2435 οὖν,
3457 2372 3672 2441 ἀδελφοὶ,

2131 2464 2361 2532 στήκετε
2391 2462 2484 2516 καὶ
2509 2466 2763 2534 κρατεῖτε
2790 2462 2889 2527 τὰς
2914 2464 3244 2533 παραδόσεις
3273 2463 3338 2526 a;
3367 2464 3672 2534 ἐδιδάχθητε,

2128 2556 2238 2607 εἴτε
2263 2555 2353 2609 διά
2389 2555 2586 2624 λόγων,
2639 2556 2752 2609 εἴτε
2806 2555 2873 2609 δι’
2914 2556 3238 2622 ἐπιστολῶν,
3292 2555 3450 2609 τοῦτο
3486 2557 3675 2610 πάλινό

2129 2646 2273 2712 θεῖος
2330 2647 2696 2717 ῖξηγούμενος
2742 2648 3153 2717 Χρυσόστομος,
3189 2647 3489 2711 Ἐντεῦθεν,
3536 2650 3672 2718 φησι,

2124 2739 2306 2809 δῆλον,
2341 2742 2423 2794 ὅτι
2455 2742 2515 2793 οὐ
2539 2741 2716 2794 πάντα
2739 2739 2807 2792 δι’
2842 2740 3133 2807 ἐπιστολῆς
3161 2738 3530 2809 παρεδίδοσαν,
3552 2738 3667 2790 ἀλλὰ

2122 2831 2295 2886 πολλά
2315 2832 2411 2887 καὶ
2447 2832 2732 2901 ἀγράφως.
2776 2830 3010 2900 Ὁμοίως
3040 2830 3096 2883 δὲ
3149 2831 3381 2882 κάκεῖνα
3410 2830 3497 2882 καὶ
3521 2827 3674 2881 ταῦτά

2124 2925 2273 2977 ἐστιν
2298 2922 2609 2989 ἀξιόπιστα,
2642 2921 2782 2975 ὥστε
2818 2920 2913 2975 καὶ
2941 2918 3040 2985 τὴν
3095 2918 3401 2989 παράδοσιν
3432 2919 3516 2988 τῆς
3564 2917 3670 2971 ἰκ-

2121 3016 2352 3089 κλησίας
2377 3014 2686 3081 ἀξιόπιστον
2706 3013 2990 3086 ἡγούμεθα
3005 3029 3018 3046 ο
3041 3011 3344 3081 παράδοσις
3366 3012 3496 3077 ἐστι,
3522 3011 3669 3082 μηδὲν

2121 3111 2283 3164 πλέον
2315 3112 2486 3182 ζήτει.

2403 3208 2653 3264 ΚΕΦΑΛ.
2673 3209 2748 3264 Γ’.
2777 3210 2917 3278 Περὶ
2938 3209 3092 3263 ἐθῶν
3105 3204 3497 3273 Ἑλληνικῶν.

2211 3298 2273 3355 ὀ
2306 3298 2383 3365 ξί’
2411 3300 2510 3369 τῆς
2540 3308 2593 3365 ς’
2651 3302 2867 3354 συνόδου
2913 3300 3093 3355 κανὼν
3123 3300 3187 3353 τὸ
3228 3299 3519 3369 ἑλληνικοῖς
3552 3292 3675 3347 ἔθεσι

2126 3392 2253 3456 τοὺς
2293 3394 2519 3456 πιστοὺς
2576 3394 2951 3465 προσανέχειν,
3003 3394 3112 3446 τῶν
3155 3392 3418 3461 ὀλεθρίων
3464 3388 3673 3460 ἡγεῖται.

2127 3486 2411 3548 Καλάνδας
2440 3486 2593 3554 γοῦν,
2627 3489 2720 3540 καὶ
2755 3487 2906 3556 βοτὰ,
2936 3489 3029 3540 καὶ
3059 3486 3386 3556 βρουμάλια,
3414 3485 3503 3537 καὶ
3524 3480 3677 3535 τοιαύ-

2123 3594 2195 3633 τα
2228 3579 2496 3649 μέμνηται
2529 3577 2683 3640 ἆττα,
2719 3579 2777 3630 ὲν
2801 3572 2882 3641 οἷς
2902 3577 3140 3639 ’τελετὰς
3170 3576 3324 3645 ἄγειν
3362 3577 3470 3638 τοῖς
3504 3573 3674 3641 Ἐλλη-

2129 3685 2212 3722 σιν
2245 3669 2466 3722 εἴθιστο.
2498 3671 2606 3721 Καὶ
2639 3671 2671 3740 ή
2703 3670 2802 3739 μὲν
2828 3669 2939 3722 τῶν
2964 3669 3244 3722 καλανδῶν
3288 3670 3450 3738 ἑορτὴ
3477 3665 3675 3735 ἑτησίως

2128 3762 2186 3815 ὲν
2219 3763 2287 3831 τῇ
2321 3759 2367 3813 α’
2419 3760 2513 3814 τοῦ
2557 3762 2889 3832 Ἰανουαρίου
2943 3761 3173 3815 ἐτελεῖτο
3226 3762 3419 3831 μηνὸς,
3449 3758 3524 3829 τῷ
3546 3774 3673 3827 τηνι-

2127 3851 2302 3906 καῦτα
2331 3852 2428 3922 τὴν
2451 3853 2681 3924 σελήνην
2705 3853 3171 3918 άνακαινίζεσθαι,
3202 3854 3299 3908 καὶ
3330 3852 3422 3904 τὸν
3454 3850 3673 3920 θεμέλιον

2126 3944 2326 4015 ταύτης
2357 3942 2582 3999 αὐτόθεν
2601 3944 2951 4015 ψηφίζεσθαι,
2978 3943 3263 4015 οίομένους
3300 3943 3419 4014 μετ’
3441 3940 3674 4010 εὐθυμίας

2126 4037 2217 4090 τδν
2245 4037 2365 4089 ὅλον
2389 4036 2597 4105 διάγειν
2626 4037 2838 4107 χρόνον.
2862 4037 2954 4100 Είς
2983 4037 3109 4106 τρία
3146 4036 3203 4089 δὲ
3232 4035 3456 4105 διῄρουν
3483 4035 3530 4086 οἱ
3565 4032 3676 4086 Ῥω-

2130 4132 2279 4201 μαῖοι
2307 4130 2415 4182 τῶν
2444 4131 2630 4201 μηνῶν
2659 4130 2757 4193 τὰς
2779 4130 2992 4201 ἡμέρας
3015 4146 3029 4162 σ
3062 4129 3158 4183 καὶ
3181 4130 3280 4192 τάς
3300 4130 3399 4199 μὲν
3427 4126 3674 4198 ὠνόμαζον

2126 4218 2418 4285 καλάνδας,
2464 4222 2562 4283 τὰς
2592 4220 2670 4285 δὲ,
2708 4220 2931 4289 νόννας,
2987 4220 3084 4281 τὰς
3110 4220 3190 4285 δὲ,
3227 4219 3425 4284 εἰδούς,
3468 4217 3673 4284 nam

2129 4310 2258 4381 βοτά
2278 4310 2354 4380 τῷ
2388 4312 2541 4374 Πανὶ,
2565 4311 2641 4374 ὡς
2668 4312 2697 4364 ό
2718 4311 2880 4381 λῆρος
2914 4312 3047 4380 ἔχει,
3092 4313 3328 4377 ἀνεῖντο,
3356 4305 3441 4363 οἷα
3472 4309 3572 4362 τῶν
3597 4308 3673 4377 βο-

2125 4402 2257 4467 τῶν,
2297 4402 2416 4472 ἦτοι
2440 4402 2550 4461 τὼ
2585 4402 2872 4473 προϐάτων
2905 4402 3107 4477 ἑφόρῳ.
3137 4403 3219 4456 re
3251 4403 3435 4472 μέντοι
3461 4398 3673 4471 βρουμά·

2095 4494 2214 4553 ,λια
2241 4493 2276 4565 ἢ
2310 4493 2589 4565 ρουσάλια,
2624 4496 2717 4548 καὶ
2748 4495 2810 4547 τὸ
2841 4496 3079 4565 τήμερον
3131 4490 3275 4546 εἶναι
3304 4494 3441 4563 μετά
3467 4492 3524 4544 τὸ
3544 4493 3675 4557 ἆγιον

445 4583 678 4640 rusticis
717 4591 841 4653 post
875 4589 1126 4635 sanctum
1157 4581 1369 4638 Pascha
1404 4582 1672 4636 celebrari
1708 4582 2016 4648 videantur,

2128 4585 2318 4656 Πάσχα
2352 4586 2408 4638 ἐν
2440 4588 2552 4649 τοῖς
2584 4586 2842 4656 ἀγρόταις
2878 4590 3146 4656 γενόμενα
3178 4586 3281 4639 ῐδοι
3328 4603 3413 4647 τις
3442 4583 3524 4646 ἂν,
3553 4583 3671 4647 άπερ

442 4692 565 4747 qua:
594 4675 811 4730 Baccho
845 4688 876 4727 a
926 4673 1131 4728 Grmcis
1166 4674 1432 4728 celebrata
1489 4672 1732 4727 fuerunt.
1760 4672 2017 4729 Bromius

2125 4673 2403 4729 ὲτελοῦντό
2429 4691 2560 4728 ποτε
2583 4676 2661 4747 τῷ
2682 4676 2920 4747 Διονύσῳ
2942 4677 3091 4746 παρά
3121 4680 3235 4737 τοῖς
3257 4675 3500 4745 Ἕλλησι.
3531 4670 3673 4742 Βροῦ-

442 4769 587 4824 cnim
629 4768 771 4838 apud
805 4768 928 4821 illos
959 4775 1043 4820 est
1075 4767 1148 4819 illi
1190 4767 1513 4834 epithetum.
1546 4766 1685 4819 Tolli
1716 4766 1881 4819 etiam
1905 4766 2020 4821 vult

442 4880 564 4917 can.
602 4872 656 4915 et
680 4862 879 4915 festum
906 4861 959 4913 in
989 4859 1161 4925 prima
1187 4858 1375 4913 Martis
1397 4860 1485 4911 die
1533 4857 1889 4924 celebratum,
1924 4873 2022 4928 pro

443 4955 571 5009 anni
613 4952 798 5008 lorsan
859 4958 1247 5021 tempestatum
1289 4960 1345 5005 et
1378 4950 1520 5005 aeris
1552 4952 1857 5020 temperie;
1892 4967 2017 5005 nam

442 5047 693 5101 Graecum
729 5054 848 5099 erat
881 5055 932 5098 et
960 5045 1084 5101 hoc.
1131 5044 1198 5097 Et
1231 5042 1476 5113 publicas
1533 5043 1826 5097 mulierum
1854 5044 2021 5097 salta-

443 5138 643 5202 l'lones,
677 5146 934 5205 tanquam
971 5138 1035 5188 ad
1072 5135 1351 5189 libidinem
1384 5135 1711 5200 excitantes,
1744 5136 2018 5204 prohibet;

443 5240 498 5280 et
523 5226 843 5283 muliebrem
881 5234 1084 5279 vestem
1109 5222 1284 5286 viros,
1319 5222 1398 5276 vel
1433 5232 1638 5277 vestem
1670 5223 1786 5277 viro
1818 5237 2019 5277 conve-

445 5319 687 5373 nientem
730 5318 1015 5372 mulierem
1063 5316 1312 5381 induere,
1388 5326 1450 5368 ut
1500 5316 1723 5383 quidem
1772 5314 2027 5392 fecerunt

445 5411 539 5480 qui
582 5409 795 5465 Baccho
853 5407 1055 5462 festum
1114 5407 1370 5475 agebant.
1423 5403 1595 5459 Porro
1646 5416 1696 5459 et
1754 5421 2019 5476 personas

445 5502 684 5556 comicas
714 5502 966 5565 induere,
996 5514 1118 5568 quae
1149 5500 1215 5551 ad
1258 5496 1523 5565 quosdam
1560 5506 1862 5552 scommate
1894 5515 2019 5568 per-

445 5594 792 5663 stringendos
845 5592 1004 5661 112
1034 5600 1396 5645 exercentur:
1446 5589 1530 5642 vel
1590 5590 1850 5660 tragicas,
1897 5607 2019 5661 quae

446 5694 668 5741 movent
702 5683 929 5738 affectus
979 5690 1036 5736 et
1088 5680 1330 5735 inferunt
1355 5681 1536 5735 luctus
1566 5700 1578 5736 :
1614 5686 1696 5736 vel
1725 5687 2015 5754 satyricas,

448 5764 653 5845 quanio
693 5775 889 5830 Bacchi
925 5775 1185 5830 honorem
1226 5791 1254 5828 a
1287 5774 1499 5845 Satyris
1524 5785 1576 5829 et
1622 5778 1845 5831 Bacehis
1876 5780 2018 5833 cele-

448 5868 697 5923 brantur.
728 5866 924 5946 Bacchi
966 5883 1093 5925 vero
1132 5881 1329 5923 nomen
1367 5870 1419 5922 iu
1467 5868 1832 5924 torcularibus
1863 5873 2018 5926 imo-

2127 4783 2223 4837 μος
2253 4767 2361 4837 γάρ
2389 4768 2519 4838 παρ’
2546 4769 2725 4831 αὐτοῖς
2756 4767 2926 4835 τούτῳ
2960 4768 3232 4823 ἐπίθετον.
3286 4767 3670 4837 Περιαιρεθῆναι

2121 4860 2178 4912 δὲ
2215 4857 2465 4928 βούλεται
2499 4861 2527 4913 ό
2557 4860 2736 4914 κανὼν
2761 4861 2857 4914 καὶ
2886 4863 2984 4929 τὴν
3032 4864 3091 4913 ὲν
3115 4864 3183 4930 τῇ
3243 4866 3292 4915 α’
3323 4861 3417 4913 τοῦ
3454 4857 3669 4927 Μαρτίου

2121 4951 2453 5022 τελουμένην
2506 4952 2698 5023 ἑορτήν
2736 4952 3014 5023 (ὲλληνικὴ
3045 4953 3100 5004 δὲ
3131 4948 3199 5021 ἦν
3224 4952 3323 5004 καὶ
3348 4950 3528 5019 αὕτη),
3555 4948 3669 5017 ὑπὲρ

2120 5042 2217 5111 τῆς
2238 5043 2347 5096 τῶν
2377 5044 2536 5114 ὡρῶν
2558 5045 2697 5114 τάχα
2727 5046 2821 5098 καὶ
2839 5043 2931 5097 τοῦ
2959 5045 3120 5113 ἀέρος
3144 5043 3462 5112 εὐκρασίας.
3487 5039 3668 5095 κωλύει

2122 5134 2215 5189 καὶ
2247 5137 2344 5199 τάς
2374 5136 2481 5190 τῶν
2515 5135 2750 5204 γυναίων
2783 5138 3047 5207 δημοσίας
3104 5136 3386 5206 ὀρχήσεις,
3434 5136 3507 5197 ὡς
3556 5130 3669 5200 πρὶς

2122 5229 2417 5283 ἀκολασίαν
2472 5229 2819 5300 ὲρεθιζούσας
2848 5245 2863 5261 °
2906 5232 3001 5285 καὶ
3050 5230 3110 5282 τι
3141 5228 3460 5297 γυναικείαν
3506 5221 3668 5292 στολὴν

2120 5323 2247 5384 τοὺς
2307 5321 2505 5389 ἄνδρας
2556 5320 2856 5386 ἐνδύεσθαι,
2922 5321 2955 5390 ἦ
2997 5323 3263 5390 γυναῖκας
3303 5320 3400 5390 τὴν
3442 5317 3668 5387 ἀνδράσιν

2123 5413 2401 5484 ἁρμόδιον,
2437 5412 2512 5475 ῶς
2544 5429 2608 5480 γε
2634 5412 2699 5483 δὴ
2725 5412 2895 5481 ἔδρων
2923 5412 2974 5464 οί
3007 5412 3087 5480 τῷ
3136 5410 3380 5475 Διονύσῳ
3404 5406 3667 5480 βακχεύον-

2119 5505 2362 5568 τες.”Ετι
2388 5520 2448 5557 τε
2464 5506 2786 5573 προσωπεῖα
2809 5502 3030 5571 κωμικὰ
3055 5500 3400 5565 ὑποδύεσθαι,
3416 5501 3494 5563 είς
3517 5498 3671 5564 σκώμ-

2124 5614 2269 5669 ματα
2303 5597 2450 5649 ἐστιν
2480 5589 2554 5649 ὧν
2593 5594 3032 5665 ἐπιτηδευόμενα
3054 5609 3069 5624 ·
3097 5593 3131 5664 ἢ
3163 5594 3425 5663 τραγικὰ,
3454 5591 3520 5663 τᾲ
3542 5605 3669 5657 περι-

2121 5691 2293 5760 παθῆ,
2338 5691 2432 5743 καὶ
2485 5690 2718 5759 θρήνους
2748 5689 3082 5759 ἐμποιοῦντα
3107 5704 3121 5718 ·
3152 5687 3185 5758 ἢ
3214 5687 3500 5757 σατυρικὰ,
3521 5685 3582 5739 τά
3603 5684 3666 5744 εἰς

2118 5784 2284 5852 τιμὴν
2339 5782 2416 5851 τῷ
2464 5783 2704 5851 Διονύσῳ
2741 5781 3042 5851 τελούμενα
3096 5781 3253 5850 παρά
3302 5779 3551 5849 Σατύρων
3592 5783 3667 5833 καὶ
3751 5808 3765 5831 1

2120 5875 2367 5944 Βάκχων.
2406 5872 2479 5927 Τὸ
2515 5872 2570 5926 δὲ
2601 5874 2659 5926 ὲν
2691 5875 2799 5937 τοῖς
2842 5872 3018 5944 ληνοῖς
3044 5873 3103 5927 τδ
3140 5871 3235 5927 τοῦ
3287 5872 3533 5929 Διονύσου
3566 5873 3662 5926 ἐπι-
