3918 6604
219 467 333 533 1269
1155 449 1564 530 SYNTAGMA
1605 470 2226 538 ALPHABETICUM.
2273 500 2340 513 —
2383 475 2452 534 Ει
3301 469 3437 535 12:0

275 579 465 642 Παντὸς
522 575 829 648 μιμητικῶς
881 579 1286 652 εἰκονιζομένου
1351 585 1449 656 οὐχ
1499 588 1533 658 ἡ
1565 585 1785 658 φύσις,

1922 593 2201 666 Quidquid
2232 591 2538 648 imitatione
2572 591 2861 662 ﬁguratur,
2895 605 3000 646 non
3047 586 3171 660 ejus
3210 599 3433 663 natura,

215 676 315 732 ἀλλ’
340 675 370 744 ἡ
392 671 678 736 ὑπόστασις
729 671 1056 738 εἰκονίζεται
1082 693 1096 708 ο
1127 677 1222 730 καὶ
1253 677 1342 732 διὰ
1375 677 1536 733 τοῦτο
1565 680 1760 734 ταύτὸν

1900 689 1963 744 ed
1999 703 2232 758 persona
2288 686 2603 757 ﬁguratur:
2659 691 2716 740 et
2766 683 2838 740 ob
2873 682 2948 751 id,
2976 682 3120 738 idem
3161 679 3323 754 quod
3351 697 3440 737 ar'

215 767 278 838 τῷ
301 763 580 836 ἀρχετύπῳ
609 763 829 835 ὴείκὼν
861 765 1048 833 αὐτοῦ,
1075 769 1137 820 οὐ
1169 771 1235 839 τῇ
1273 769 1438 840 φύσει
1461 812 1476 838 ,
1508 772 1647 826 ἀλλὰ
1692 775 1758 846 τῇ

1902 783 2134 854 hetypus
2168 780 2289 849 ejus
2320 788 2404 834 est
2435 780 2638 846 imago,
2659 792 2768 832 non
2805 774 3139 842 natura,'sed
3172 788 3433 845 persona,

215 857 499 920 ὑποστάσει,
533 857 701 928 ἦγουν
732 859 799 928 τῇ
830 859 1059 930 μιμήσει
1087 863 1188 927 τῆς
1215 863 1589 929 ὑποστάσεως.

1900 872 1981 928 i-ve
2014 873 2321 928 imitatione
2357 885 2625 941 personae.

272 955 372 1014 Τὰς
426 953 574 1023 ἱερὰς
626 953 844 1014 εἰκόνας
874 955 1344 1027 ἀναστηλοῦμεν,
1412 959 1502 1014 ἵνα
1556 960 1762 1024 ταύτας

1939 965 2139 1021 Saeras
2175 964 2437 1035 imagines
2468 964 2771 1035 pingimus,
2814 970 2874 1018 ut
2917 977 3012 1019 eas
3038 960 3312 1025 videntes,
3342 974 3446 1030 per

216 1043 442 1116 ὁρῶντες.
473 1042 538 1095 δι’
578 1043 760 1096 αὐτῶν
787 1045 1037 1116 δοκῶμεν
1091 1049 1226 1120 ὀρᾷν
1255 1049 1324 1102 τὰ
1361 1051 1568 1104 τούτων
1601 1052 1766 1123 ἀρχέ-

1900 1072 1961 1112 as
1994 1057 2179 1113 videre
2214 1057 2434 1113 illarum
2466 1057 2797 1128 archetypos
2823 1054 3132 1118 videamur,
3167 1060 3222 1108 et
3253 1053 3308 1108 in
3338 1069 3444 1108 no-

216 1152 360 1196 τυπα,
387 1136 480 1190 καὶ
513 1135 795 1214 γίνωνται,
818 1138 951 1208 ἡμῖν
981 1139 1355 1211 ὑπομνήματα
1384 1142 1481 1195 καὶ
1513 1159 1764 1212 παρηγο-

1900 1151 1952 1206 Iis
1977 1149 2301 1206 memoriam
2347 1159 2402 1206 et
2441 1150 2773 1206 desiderium
2810 1149 3236 1219 archetyporum
3286 1146 3457 1201 emi--

220 1232 296 1302 ρία
329 1230 417 1284 τοῦ
452 1231 620 1285 πόθου
644 1271 659 1296 ,
713 1235 810 1286 τοῦ
869 1235 1006 1301 πρὸς
1041 1237 1112 1290 τὰ
1155 1237 1362 1290 τούτων
1407 1237 1761 1308 πρωτότυπα.

1900 1253 2008 1300 ent.
2062 1241 2200 1298 Nam
2273 1244 2520 1313 quandiu
2575 1243 2844 1313 imagines
2898 1241 3097 1298 crebro
3165 1240 3459 1305 videntur,

218 1325 360 1377 Ὅσον
385 1322 491 1392 γὰρ
525 1325 763 1395 συνεχῶς
795 1327 851 1378 αἰ
877 1327 1085 1392 εἰκόνες
1129 1330 1384 1399 ὁρῶνται,
1433 1328 1688 1383 τοσοῦτον
1717 1330 1766 1382 οἰ

1900 1336 2054 1390 andiu
2087 1335 2180 1407 qui
2230 1351 2326 1391 eas
2356 1336 2562 1402 vident,
2609 1337 2676 1392 ad
2723 1339 3152 1412 archetyporum
3186 1333 3441 1393 recorda-

218 1414 395 1474 ταύτας
419 1416 655 1482 ὁρῶντες
693 1417 1068 1472 διανίστανται
1103 1421 1239 1489 πρὸς
1268 1419 1368 1489 τὴν
1393 1421 1507 1474 τῶν
1533 1419 1767 1492 ἀρχετύ-

1900 1427 2075 1484 ionem
2105 1437 2159 1484 et
2183 1427 2519 1485 desiderium
2548 1430 2888 1486 excitantur.

218 1524 316 1560 πων
341 1507 557 1576 μνήμην
587 1509 683 1561 καὶ
710 1509 1056 1579 ἐπιπόθησιν.

285 1599 343 1651 'H
381 1598 476 1668 μὲν
497 1600 556 1652 ἐν
589 1600 860 1671 πνεύματι
893 1604 988 1656 καὶ
1021 1601 1248 1677 ἀληθείᾳ
1276 1605 1502 1676 λατρεία
1561 1607 1626 1676 τῇ
1661 1622 1768 1675 μα-

1944 1609 2135 1670 Cultus
2164 1607 2385 1680 quidem
2420 1610 2476 1665 in
2511 1611 2705 1679 spiritu
2741 1619 2796 1666 et
2856 1612 3112 1678 veritate,
3137 1626 3257 1681 qua:
3285 1613 3464 1668 latria-

219 1690 362 1762 καρίᾳ
412 1691 602 1759 Τριάδι
633 1693 788 1764 παρὰ
836 1692 948 1747 τῶν
983 1695 1278 1765 ὁρθοδόξων
1313 1698 1724 1768 ἀπονενέμηται
1751 1711 1768 1729 ο

1900 1700 2299 1766 iicitur,beat:e
2349 1701 2603 1756 Trinitati
2654 1703 2722 1757 ab
2777 1701 3104 1760 orthodoxis
3143 1705 3444 1760 tribuitur:

215 1784 317 1844 ταῖς
359 1782 413 1835 δὲ
463 1783 650 1851 ἁγίαις
708 1786 918 1838 εἰκόσιν
957 1786 1016 1838 οὐ
1070 1785 1296 1858 λατρεία
1350 1789 1591 1854 πάντως,
1635 1787 1772 1843 ἀλλὰ

1900 1797 2082 1853 .anctis
2113 1806 2294 1852 autem
2327 1794 2667 1867 imaginibus
2699 1811 2810 1850 non
2853 1797 3080 1850 omnino
3123 1797 3309 1861 latria,
3351 1797 3447 1852 sed

217 1877 584 1948 προσκύνησις,
619 1878 709 1932 καί
729 1879 1039 1949 ἀσπασμὸς,
1066 1884 1160 1934 καὶ
1191 1882 1346 1952 τιμή.
1372 1880 1435 1934 Εἰ
1465 1882 1573 1953 γὰρ
1615 1883 1707 1936 καὶ
1737 1882 1774 1953 ἦ

1900 1889 2142 1955 idoratio,
2169 1888 2430 1945 salutatio
2475 1899 2528 1944 et
2560 1887 2758 1943 honor.
2805 1887 2959 1944 Licet
2990 1890 3136 1943 enim
3193 1888 3450 1960 imaginis

218 1969 332 2038 τιμὴ
366 1969 462 2038 τῆς
497 1970 706 2033 εἰκόνος
727 1971 820 2024 ἐπὶ
844 1973 904 2025 τὸ
936 1973 1299 2042 πρωτότυπον
1322 1973 1613 2041 διαϐαίνει,
1648 1973 1774 2029 ἀλλ’

1900 1996 2055 2037 nonor
2077 1980 2144 2035 ad
2171 1989 2520 2051 prototypum
2567 1978 2787 2045 transit,
2814 1977 2972 2032 latria
3023 1988 3210 2034 tamen
3241 1989 3324 2034 est
3353 1993 3450 2033 so-

217 2062 476 2132 ἡλατρεία
507 2063 604 2134 τῆς
637 2065 916 2134 μακαρίας
953 2066 1122 2137 μόνης
1153 2067 1272 2120 ἐστί
1304 2066 1561 2137 Τριάδος,
1589 2068 1684 2122 καὶ
1708 2067 1770 2122 ού

1900 2072 1982 2128 ius
2041 2073 2214 2127 beatae
2268 2069 2579 2134 Trinitatis,
2623 2084 2732 2124 non
2783 2069 2950 2123 etiam
3009 2069 3446 2124 venerandarum

215 2153 310 2206 τῶν
336 2154 547 2209 σεπτῶν
608 2156 862 2222 εἰκόνων,
915 2158 1003 2212 ἵνα
1064 2158 1141 2230 μὴ
1175 2159 1638 2232 κτισματολάτραι
1680 2162 1776 2216 καὶ

1900 2165 2201 2235 maginum,
2238 2179 2306 2220 ne
2336 2174 2715 2220 creaturarum
2748 2168 2802 2216 et
2823 2161 3181 2217 materiarum
3207 2162 3451 2217 cultores

217 2246 494 2317 ύλολὰτραι
530 2248 791 2319 δόξωμεν.

285 2340 394 2394 Ἐπ’
421 2341 592 2396 αὑτοῦ
640 2341 740 2414 μὲν
767 2343 862 2396 τοῦ
887 2343 1126 2415 Χριστοῦ
1155 2346 1495 2423 λατρευτικὴ
1543 2349 1576 2420 ἡ
1606 2367 1776 2422 προσ-

215 2434 422 2503 κύνησις
476 2437 578 2489 καὶ
662 2438 900 2510 φυσικήο
962 2441 990 2492 ὸ
1039 2441 1365 2510 προσκυνῶν
1421 2443 1530 2512 γὰρ
1612 2443 1776 2497 αὐτὸν

216 2531 613 2598 σνμπροσκυνεῒ
661 2530 877 2585 καὶτὸν
932 2533 1149 2605 Πατέρα
1199 2536 1296 2589 καὶ
1343 2536 1405 2589 τὸ
1454 2535 1682 2606 Πνεῦμα
1717 2538 1778 2592 τὸ

216 2621 370 2688 ἅγιον,
406 2625 509 2692 τὴν
533 2625 591 2675 ἒν
617 2625 809 2695 Τριάδι
841 2626 969 2694 μίαν
997 2626 1181 2696 φύσιν,
1213 2629 1347 2701 ὅπερ
1381 2629 1528 2683 ἐστὶν
1556 2631 1588 2701 ἡ
1616 2647 1772 2699 τριαο

213 2712 324 2786 δικὴ
369 2717 745 2788 προσκύνησις
783 2721 876 2772 καὶ
901 2720 1154 2791 λατρεία.
1197 2723 1321 2776 Ἑπί
1350 2722 1406 2775 δὲ
1435 2723 1534 2792 τῆς
1567 2725 1778 2788 εἰκόνος

213 2806 298 2860 τοῦ
345 2807 610 2878 Χριστοῦ,
664 2811 892 2882 σχετικὴ
920 2798 1364 2884 ἦπροσκύνησις
1414 2816 1510 2868 καὶ
1565 2817 1780 2888 ὁμώνυ-

219 2914 306 2966 μος
325 2916 340 2931 ο
368 2901 393 2950 ὁ
426 2900 752 2968 προσκυνῶν
781 2901 892 2972 γὰρ
933 2903 1104 2971 αὐτὴν
1133 2903 1193 2955 οὐ
1234 2908 1649 2975 συμπροσκυνεϊ
1685 2906 1780 2960 τὸν

215 2990 417 3060 Πατέρα
449 2991 550 3044 καὶ
587 2991 680 3045 τδν
708 2992 858 3056 Υἰὺν,
890 2993 1024 3046 ἀλλὰ
1064 2993 1225 3064 μόνον
1263 2997 1354 3050 τὸν
1379 2998 1438 3048 ὲν
1457 2997 1596 3070 αὐτῇ
1647 2997 1782 3070 Χρι-

216 3085 348 3149 στὸν,
379 3084 470 3137 τὸν
493 3085 583 3138 διὰ
611 3085 672 3140 τὸ
705 3089 1062 3158 σαρκωθῆναι
1089 3089 1494 3162 εἰκονιζόμενον
1519 3095 1661 3147 κατὰ
1682 3093 1780 3166 τὴν

216 3179 549 3250 σωματοειδῆ
579 3178 708 3232 θέαν
737 3180 926 3246 αὑτοῦ,
964 3182 1100 3252 ὅπερ
1128 3183 1245 3235 ἐστὶ
1273 3183 1499 3255 σχετικὴ
1535 3185 1780 3255 προσκύ-

213 3289 355 3343 νησις
377 3273 472 3327 καὶ
505 3274 870 3346 ὑποστατική.

1876 2270 1998 2310 csse
2056 2254 2361 2309 videamur.

1951 2346 2069 2402 Soli
2123 2346 2344 2418 quidem
2404 2347 2626 2404 Christo
2687 2363 2785 2418 per
2841 2348 3062 2403 latriam
3097 2357 3151 2402 et
3182 2344 3451 2400 naturalis

1878 2440 2130 2496 adoratio
2184 2441 2480 2496 convenit:
2533 2457 2658 2496 nam
2722 2442 2816 2513 qui
2862 2457 2989 2497 eum
3036 2441 3246 2505 adorat,
3286 2437 3451 2494 simul

1879 2535 2072 2586 adorat
2101 2541 2156 2587 et
2183 2531 2382 2587 Filium
2413 2540 2466 2586 et
2497 2531 2714 2588 Patrem
2763 2541 2818 2588 et
2862 2531 3122 2604 Spiritum
3157 2540 3453 2595 .sanctum,

1879 2639 2046 2679 unam
2078 2626 2132 2680 in
2185 2623 2452 2680 Trinitate
2485 2635 2760 2692 naturam,
2797 2636 2852 2682 et
2884 2627 2996 2682 haec
3035 2635 3120 2680 est
3155 2623 3450 2679 Trinitatis

1878 2715 2128 2771 adoratio
2163 2725 2219 2772 et
2251 2716 2430 2771 latria.
2460 2716 2690 2788 lmagini
2723 2735 2853 2774 vero
2888 2718 3087 2774 Christi
3123 2720 3182 2772 ﬁt
3205 2718 3455 2773 adoratio

1879 2807 2106 2862 relativa
2150 2816 2206 2864 et
2252 2809 2554 2880 aequivoca.
2590 2808 2694 2876 Qui
2735 2809 2882 2864 enim
2937 2825 3056 2864 eam
3106 2810 3316 2874 adorat,
3345 2823 3454 2861 non

1881 2901 2046 2956 simul
2107 2902 2300 2956 adorat
2353 2899 2571 2958 Patrem
2609 2911 2664 2958 et
2692 2901 2916 2967 Filium,
2950 2903 3044 2958 sed
3077 2902 3256 2957 solum
3300 2903 3356 2956 in
3393 2917 3455 2954 ea

1881 2993 2182 3060 Christum,
2210 3009 2277 3049 eo
2312 2994 2455 3064 quod
2480 3010 2701 3050 carnem
2727 2994 3108 3066 assumpserit,
3133 3009 3456 3063 expressum

1883 3088 2186 3167 secundum
2205 3085 2564 3158 'corporalem
2588 3087 2707 3158 ejus
2726 3095 3035 3158 aspectum,
3067 3103 3188 3157 quae
3215 3096 3301 3143 est
3327 3085 3462 3141 ado-

1881 3181 2022 3235 ratio
2048 3181 2271 3236 relativa
2299 3187 2354 3235 et
2387 3179 2748 3252 hypostatica.
3091 3172 3096 3178 ’

285 3367 342 3420 '0
365 3367 464 3435 μὲν
493 3365 728 3436 Χριστὸς
757 3343 948 3437 ὁρᾶται
1000 3368 1059 3422 ὲν
1101 3371 1171 3440 τῇ
1197 3369 1370 3424 εἰκόνι
1415 3369 1606 3436 αὐτοῦ,
1639 3370 1781 3442 αῦτη

1955 3361 2214 3420 Christus
2261 3365 2482 3435 quidem
2534 3366 2591 3422 in
2639 3381 2737 3422 sua
2773 3366 3010 3437 imagine
3035 3365 3304 3431 cernitur,
3338 3378 3475 3434 quso

211 3459 262 3513 δὲ
292 3460 586 3524 ὑφίσταται
617 3463 676 3514 ὲν
732 3461 898 3532 αὐτῷ,
948 3463 1086 3534 ὅπερ
1119 3465 1152 3533 ἠ
1188 3465 1316 3518 σκιὰ
1344 3464 1422 3535 τῷ
1456 3464 1692 3535 σώματι,
1721 3459 1783 3520 οὗ

212 3557 298 3606 καὶ
330 3555 652 3625 μερισθῆναι
686 3555 896 3624 ⁴ταύτην
950 3557 1261 3626 ἀμήχανον,
1294 3557 1395 3610 κᾶν
1429 3557 1503 3628 μὴ
1532 3558 1620 3612 διὰ
1650 3577 1786 3612 παν-

210 3648 294 3709 τὸς
330 3648 469 3716 αῦτη
499 3648 780 3716 φαίνηται.
835 3648 978 3700 Ἀλλ’
1009 3648 1197 3718 ῶσπερ
1224 3650 1256 3719 ἡ
1291 3649 1419 3701 σκιὰ
1449 3652 1516 3720 τῇ
1553 3649 1788 3719 ἐπιλάμ-

209 3740 295 3808 qm
319 3740 598 3794 δείκνυται
635 3740 728 3794 τοῦ
760 3741 935 3811 ἡλίου,
969 3741 1113 3796 οὕτω
1161 3745 1312 3814 καὶὴ
1345 3743 1582 3814 Χριστοῦ
1622 3744 1787 3799 εἰκὼν

209 3833 270 3902 τῇ
295 3831 631 3884 διατυπώσει
663 3830 764 3899 τῆς
803 3831 956 3902 ὕλης.

276 3925 382 3993 Οὐχ
411 3926 492 3985 ὡς
535 3923 693 3988 θεοὺς
745 3923 846 3986 τὰς
899 3923 1118 3988 εἰκόνας
1171 3924 1608 3995 προσκυνοῦμεν,
1664 3924 1787 3978 οὐδὲ

203 4015 298 4080 τὰς
324 4019 553 4078 ἐλπίδας
582 4019 682 4088 τῆς
715 4017 988 4085 σωτηρίας
1021 4018 1079 4068 ὲν
1107 4015 1299 4080 αὐταῖς
1327 4016 1550 4086 ἔχομεν,
1577 4017 1698 4070 οὐδὲ
1728 4017 1789 4069 τὸ

208 4109 345 4163 θεῖον
394 4111 565 4174 σέϐας
627 4113 818 4174 αὐταῖς
857 4111 1234 4180 ἀπονεμομεν,
1282 4109 1356 4172 ὡς
1394 4112 1444 4163 οἰ
1517 4111 1790 4180 Ἑλλήνων

209 4204 415 4268 παῖδες,
445 4202 583 4255 ἀλλὰ
613 4203 774 4272 μόνον
827 4203 926 4272 τὴν
957 4203 1143 4270 σχέσιν
1179 4201 1278 4255 καὶ
1311 4203 1408 4270 τὴν
1443 4205 1669 4272 ἀγάπην
1693 4205 1791 4273 τῆς

208 4296 360 4365 ἡμῶν
383 4297 592 4366 ψυχῆς,
636 4299 702 4367 ἣν
735 4296 935 4368 ἔχομεν
979 4299 1059 4359 εἰς
1090 4297 1158 4349 τὰ
1188 4297 1549 4366 πρωτότυπα,
1578 4296 1666 4350 διὰ
1694 4298 1793 4365 τῆς

206 4388 466 4454 τοιαύτης
499 4388 919 4455 προσκυνήσεως
963 4387 1356 4456 ὲμιρανίζομεν.
1380 4385 1543 4439 Ὅθεν
1575 4385 1668 4438 τοῦ
1699 4403 1796 4454 χα-

213 4482 485 4550 ρακτῆρος
514 4480 788 4545 λυθέντος,
809 4481 882 4544 ὡς
913 4479 1069 4546 ξύλον
1095 4480 1287 4550 ἀργὸν,
1319 4478 1420 4550 τήν
1449 4495 1582 4531 ποτε
1618 4494 1792 4532 κατα·

208 4574 440 4642 καίομεν
469 4572 680 4627 εἰκόνα.

759 4664 898 4732 Περὶ
943 4662 1233 4731 σταυροῦ.

277 4761 385 4812 Τὸν
419 4756 516 4812 τοῦ
551 4755 786 4823 σταυροῦ
818 4755 989 4808 τύπον
1020 4756 1084 4808 ἐκ
1135 4755 1234 4808 δύο
1284 4753 1460 4821 ξύλων
1491 4756 1791 4810 συνάπτον·-

207 4869 317 4915 τες,
353 4850 518 4919 ἡνίκα
565 4866 648 4913 τις
681 4850 813 4918 ἡμῖν
862 4849 970 4900 τῶν
1023 4848 1266 4900 ἀπίστων
1311 4848 1793 4916 ὲγκαλέσαιεν,ὡς

211 4941 367 5007 ξύλον
401 4940 792 5011 προσκυνοῦσι,
828 4939 1106 5009 δυνάμεθα
1138 4939 1206 4992 τὰ
1229 4938 1322 4992 δύο
1358 4939 1492 5004 ξύλα
1517 4938 1789 5011 χωρίσανο

207 5051 323 5100 τες,
353 5034 452 5086 καὶ
481 5032 571 5086 τὸν
598 5032 767 5084 τύπον
813 5030 905 5083 τοῦ
939 5030 1172 5101 σταυροῦ
1219 5029 1594 5095 διαλύσαντες,
1623 5029 1792 5084 ταῦτα

210 5127 635 5198 νομίζεινρργὰ
661 5127 816 5191 ξύλα,
851 5127 944 5179 καὶ
986 5126 1080 5179 τὸν
1123 5125 1354 5182 ἄπιστον
1388 5123 1789 5194 ἐπιστομίζειν,

209 5223 294 5275 ὅτι
322 5222 384 5274 οὐ
422 5222 482 5274 τὸ
507 5217 701 5287 ξύλον,
739 5218 875 5273 ἀλλὰ
903 5218 994 5272 τὸν
1022 5217 1117 5271 τοῦ
1169 5216 1404 5288 σταυροῦ
1434 5216 1607 5269 τύπον
1643 5216 1794 5266 σεϐό-

212 5312 386 5381 μεθα.
1389 5380 1395 5386 _
1453 5319 1456 5322 ’

283 5410 394 5462 Σὺν
429 5408 580 5476 φόϐῳ
608 5407 706 5461 καὶ
730 5405 959 5475 ἀληθεία
999 5404 1311 5476 προσιτέον,
1348 5405 1444 5457 καί
1479 5419 1792 5472 προσκυνη-

209 5503 334 5555 τέον
365 5500 459 5562 τὰς
480 5499 642 5566 ἁγίας
672 5499 916 5562 εἰκόνας,
948 5499 1044 5551 καὶ
1078 5498 1400 5550 πιστευτέον
1444 5497 1606 5567 χάριν
1642 5496 1793 5550 θείαν

211 5592 505 5661 ὲπιςροιτᾷν
542 5592 596 5642 ὲν
620 5589 832 5654 αὐταῖς,
871 5588 1146 5658 ἁγιασμοῦ
1177 5589 1562 5658 μεταδοτικήν.

234 5681 499 5750 Διαφορά
535 5681 655 5736 τῶν
681 5679 928 5736 σεπτῶν
951 5683 1201 5734 εἰκόνων
1235 5678 1385 5746 πρὸς
1413 5678 1485 5732 τὰ
1513 5679 1754 5732 εἴδωλα.

296 5775 370 5827 Ἦ
404 5774 675 5844 σεϐασμία
734 5774 901 5827 εἰκὼν
957 5774 1093 5844 πρὸς
1133 5773 1192 5825 τὸ
1235 5772 1526 5842 βδελυκτὸν
1576 5770 1792 5822 εἴδωλον

210 5867 422 5932 ταύτην
446 5866 559 5936 ἔχει
581 5865 678 5935 τὴν
711 5863 1001 5932 διαφορὰν,
1035 5865 1116 5917 ὅτι
1149 5862 1257 5914 τῶν
1291 5861 1391 5931 μὲν
1433 5859 1667 5914 εἰδώλων
1727 5859 1793 5910 τὰ

210 5957 551 6024 πρωτότνπα
579 5957 751 6028 ψευδῆ
780 5955 1064 6027 τυγχάνει,
1098 5954 1236 6006 θεῶν
1267 5953 1375 6022 γὰρ
1418 5950 1792 6019 ἐκτυπώματα

1825 4686 1871 4742 D

1885 3457 2024 3512 etin
2067 3459 2186 3527 ipso
2225 3457 2480 3514 subsistit
2507 3469 2566 3514 ut
2594 3459 2785 3514 umbra
2837 3460 2893 3514 in
2931 3458 3240 3529 corpore,'a
3272 3473 3381 3528 quo
3406 3463 3464 3513 et

1886 3549 2036 3605 illam
2085 3552 2332 3621 separari
2371 3553 2716 3623 impossibile
2757 3562 2869 3618 est,
2918 3553 3048 3609 licet
3097 3552 3192 3608 illa
3244 3565 3472 3621 semper-

1886 3658 1998 3697 non
2033 3652 2276 3713 apparet.
2307 3642 2411 3700 Sed
2441 3643 2912 3716 quemadmodum
2946 3645 3138 3700 umbra
3171 3645 3466 3715 splendore

1888 3735 2019 3789 solis
2043 3747 2292 3805 apparet,
2322 3736 2390 3790 ad
2421 3738 2671 3791 eumdem
2699 3738 2922 3792 modum
2958 3744 3014 3792 et
3037 3736 3246 3792 Christi
3279 3736 3460 3804 imago

1889 3829 2133 3881 materia:
2161 3827 2511 3894 ﬁguratione.

1960 3914 2078 3971 Non
2135 3925 2196 3971 ut
2228 3917 2360 3971 deos
2418 3916 2684 3985 imagines
2739 3916 3061 3980 adoramus,
3106 3929 3284 3984 neque
3314 3913 3366 3967 iu
3397 3912 3467 3969 iis

1891 4026 2045 4082 spem
2077 4010 2272 4064 salutis
2304 4010 2592 4073 habemus,
2619 4022 2798 4078 neque
2827 4009 3036 4062 cultum
3068 3992 3314 4062 divinum
3353 4005 3464 4059 illis

1891 4101 2223 4172 prmbemus,
2249 4112 2310 4156 ut
2337 4101 2623 4172 gentilium
2656 4101 2793 4155 ﬁlii:
2831 4092 2927 4155 sed
2959 4099 3137 4154 solum
3178 4097 3348 4152 animi
3372 4111 3469 4152 no-

1892 4194 1994 4248 stri
2025 4193 2278 4250 aﬁectum
2307 4203 2361 4250 et
2403 4193 2756 4258 charitatem,
2788 4208 2892 4262 qua
2926 4200 3248 4262 prototypos
3282 4204 3467 4260 prose-

1892 4286 2138 4356 quimur,
2173 4285 2486 4355 hujusmodi
2523 4284 2844 4339 adoratione
2886 4275 3270 4338 ostendimus.‘
3314 4279 3468 4336 Unde

1893 4377 2212 4432 charactere
2260 4378 2463 4442 soluto,
2525 4386 2585 4432 ut
2636 4372 2839 4448 lignum
2869 4375 3136 4443 otiosum,
3193 4375 3383 4440 talem,
3417 4375 3465 4430 si

1894 4471 2116 4542 quando
2147 4470 2334 4536 fuerit,
2361 4470 2742 4528 comburimus
2773 4469 3104 4540 imaginem.

2546 4649 2623 4704 De
2650 4666 2824 4704 cruce.

1966 4745 2161 4802 Crucis
2197 4745 2427 4816 ﬁguram
2478 4751 2546 4798 ex
2596 4744 2811 4799 duobus
2843 4744 3009 4814 lignis
3049 4756 3466 4818 componentes,

1895 4840 1940 4895 si
1973 4839 2190 4910 quando
2214 4837 2513 4892 inﬁdelium
2547 4837 2748 4908 aliquis
2781 4853 2879 4892 nos
2903 4840 3286 4908 reprehendat,
3317 4843 3464 4910 quod

1894 4934 2102 5005 lignum
2137 4934 2468 4995 adoremus;
2500 4946 2816 5000 possumus,
2844 4931 3062 4996 duobus
3097 4931 3261 5001 lignis
3313 4948 3470 5001 sepa-

1895 5028 2050 5090 ratis,
2086 5035 2140 5080 et
2173 5026 2358 5080 crucis
2393 5027 2564 5094 ﬁgura
2611 5015 2912 5086 dissoluta;
2934 5037 2997 5077 ea
3043 5022 3257 5078 inutilia
3319 5023 3462 5093 ligna

1894 5128 2144 5178 censere,
2171 5121 2224 5165 et
2245 5112 2477 5166 inﬁdelis
2507 5127 2570 5166 os
2598 5112 2907 5176 obStruere,
2932 5111 3077 5180 quod
3097 5127 3207 5166 non
3234 5111 3473 5183 lignum,

1894 5206 1990 5261 sed
2024 5205 2207 5261 crucis
2249 5206 2476 5274 ﬁguram
2515 5215 2859 5259 veneremur.
3452 5206 3454 5213 '

1967 5389 2022 5443 in
2053 5389 2246 5444 timore
2279 5398 2333 5444 et
2365 5387 2608 5440 veritate
2643 5400 2828 5440 sacras
2873 5384 3161 5454 imagines,
3198 5381 3487 5438 accedere

1893 5494 1949 5541 et
1995 5484 2229 5540 adorare
2269 5491 2504 5554 oportet,
2545 5489 2600 5535 et
2651 5479 2874 5534 credere
2933 5476 3174 5531 divinam
3230 5474 3460 5544 gratiam

1896 5579 2003 5632 illis
2039 5579 2240 5642 inesse,
2263 5591 2384 5647 qua:
2421 5565 2908 5630 sanctiﬁcationem
2939 5567 3270 5636 impertitur.

1895 5668 1974 5723 De
2011 5669 2314 5737 differentia
2371 5664 2794 5723 venerandarum
2850 5660 3143 5730 imaginum
3181 5659 3244 5711 ab
3279 5655 3460 5712 idolis.

1968 5761 2289 5816 Veneranda
2328 5761 2504 5829 imago
2531 5759 2600 5812 ab
2635 5751 2990 5810 abominabili
3027 5751 3176 5805 idolo
3205 5749 3344 5804 hanc
3371 5749 3466 5802 lia-

1895 5854 1988 5908 bet
2023 5852 2410 5914 differentiam,
2432 5849 2576 5917 quod
2608 5845 2829 5917 quidem
2862 5843 3134 5896 idolorum
3173 5849 3457 5910 prototypa

1896 5954 2024 6002 sunt
2051 5945 2205 6009 falsa,
2235 5943 2458 5998 deorum
2493 5938 2637 5995 enim
2669 5935 2872 6006 elﬁgies
2898 5934 3042 5989 dicta
3076 5943 3238 5988 sunt:
3270 5945 3320 5984 at
3353 5946 3458 5985 non
