3918 6566
1697 302 1722 315 ο

216 441 342 506 1273

1166 440 1577 504 SYNTAGMA
1616 445 2251 510 ALPHABETICUM.
2292 472 2361 485 --
2403 447 2471 507 E.

3332 443 3469 510 1274

214 556 558 627 συνάλλαγμα
578 574 592 588 ο
625 556 722 611 καλ⁵
748 553 1041 610 ἐκπίπτειν
1068 554 1170 626 μὲν
1192 556 1286 611 τὸν
1306 558 1791 630 ἐμφυτευσάμενον

1907 564 2150 620 ‘ubemus
2180 582 2195 619 :
2230 570 2286 620 et
2311 563 2532 633 quidem
2562 559 2974 632 empbyteutam
3001 569 3053 615 et
3081 559 3469 617 conductorem

213 654 296 706 καὶ
319 647 809 719 ἑκμισθωσάμενον
840 647 936 701 τοῦ
966 648 1396 717 ἑμφυτεύθὲντος
1426 651 1776 723 πράγματος,

213 742 529 814 ζημιοῦσθαι
560 742 616 795 δὲ
667 741 764 795 καὶ
795 742 896 811 τὴν
942 740 1381 811 καταϐληθεῖσαν
1422 746 1501 809 εἰς
1535 744 1671 798 αὐτὸ
1704 763 1782 799 τι·

217 836 310 906 μήν
329 848 344 864 ·
373 833 503 895 τοὺς
536 833 594 886 δὲ
627 832 726 904 τὴν
751 832 1008 902 τοιαύτην
1036 834 1372 904 ὲμφύτευσιν
1400 834 1782 907 διαπραξαμέ-

214 944 322 991 νους
374 928 698 996 οἰκονόμους
739 926 992 979 τοσοῦτον
1024 926 1358 998 ζημιοῦσθαι
1394 928 1488 980 καὶ
1540 943 1783 997 προσκυ-

217 1019 426 1093 ροῦσθαι
479 1019 560 1090 τῷ
595 1021 749 1090 οἴκῳ,
781 1020 915 1088 ὅσην
945 1020 1037 1073 καὶ
1086 1021 1114 1072 ὁ
1143 1022 1630 1090 ὲμφυτευσάμενος
1683 1021 1783 1085 τῆς

215 1112 637 1184 καταὸληθείσης
666 1114 830 1183 τιμῆς
864 1112 1074 1181 ὑπέστη
1109 1109 1332 1183 ζημίαν.
1367 1113 1431 1165 Εἰ
1456 1113 1511 1166 δὲ
1541 1115 1571 1183 ἡ
1606 1112 1776 1183 ἐμφύ-

215 1222 378 1268 τευσις
443 1204 591 1258 κατὰ
641 1204 800 1271 λόγον
851 1203 1149 1273 πραχθείη,
1206 1203 1298 1257 τὸν
1344 1202 1691 1273 ὲμφυτευτὴν
1722 1202 1782 1255 τὸ

202 1301 405 1357 ,πάκτον
431 1297 612 1349 τελεῖν
644 1295 787 1351 κατὰ
812 1295 913 1367 τὴν
954 1296 1191 1367 δύναμιν
1215 1296 1325 1350 τῶν
1358 1293 1781 1367 ὲμφυτευτικῶν

218 1391 579 1460 συμϐολαίων.

278 1485 339 1536 Αἱ
367 1484 598 1554 κτήσεις
632 1483 742 1537 τῶν
773 1477 987 1553 ἐύαγῶν
1037 1483 1205 1538 οίκων
1243 1481 1500 1536 δύνανται
1557 1480 1783 1553 μισθοῦ-

217 1574 325 1628 σθαι
348 1574 442 1629 καὶ
461 1573 894 1645 ὲμφυτεύεσθαι,
948 1576 1168 1629 πάντων
1200 1577 1310 1628 τῶν
1343 1572 1592 1645 μοναχῶν
1618 1573 1651 1645 ἧ
1675 1573 1783 1627 τῶν

216 1667 476 1739 κληρικῶν
504 1669 565 1721 ὲν
589 1668 666 1739 τῷ
702 1667 1019 1739 συμϐολαίῳ
1045 1668 1143 1737 τῆς
1173 1668 1430 1738 πράξεως
1468 1667 1785 1721 συναινούν-

213 1779 331 1828 των,
370 1761 462 1815 καὶ
491 1762 875 1831 φανερούντων
903 1762 1209 1833 συμφέρειν
1230 1761 1288 1814 τὸ
1315 1762 1622 1833 γινόμενον.

1892 672 2007 711 rem
2036 656 2090 711 in
2125 655 2510 728 emphyteusin
2555 655 2736 709 (latam
2784 655 3060 717 amittere,
3099 663 3153 708 ct
3199 655 3371 724 pretio
3415 656 3469 708 in

1888 766 2010 804 eam
2038 749 2298 818 imposito
2322 748 2579 815 multari;
2610 747 2731 801 illos
2755 757 2938 802 autem
2965 748 3058 816 qui
3081 747 3241 800 talem
3267 746 3473 801 faciunt

1888 839 2271 917 emphyteusin
2300 855 2640 917 oeconomos,
2680 848 2893 893 tantum
2917 843 3025 910 pati
3047 842 3305 894 damnum
3328 824 3472 911 quod

1891 915 2056 985 domo
2092 930 2455 1001 adjudicetur,
2498 915 2764 1003 quantum
2799 934 2963 987 etiam
3014 934 3106 1003 qui
3145 935 3209 987 ad
3247 936 3476 1006 emphy-

1892 1022 2073 1078 teusin
2116 1024 2393 1079 concessit
2445 1024 2694 1094 impositi
2741 1026 2899 1095 pretii
2940 1026 3204 1080 damnum
3246 1027 3473 1083 subivit.

1894 1114 1950 1170 Si
1980 1130 2111 1169 vero
2138 1115 2296 1185 juxta
2321 1115 2590 1171 rationem
2609 1119 2667 1172 iit
2692 1119 3090 1189 empbytcusis,
3117 1122 3470 1191 empbyteuta

1893 1215 2110 1277 pactum
2145 1218 2385 1277 praestet,
2426 1209 2727 1265 secundum
2764 1211 2874 1265 vim
2915 1220 3201 1281 pactorum
3248 1213 3475 1283 cmpby-

1896 1303 2248 1358 tcuticorum.

1966 1486 2009 1554 ι
2022 1484 2127 1557 14
2147 1484 2529 1541 Possessiones
2547 1486 2941 1542 venerabilium
2962 1486 3253 1541 domorutn
3271 1486 3474 1543 elocari

1891 1579 2032 1633 etin
2064 1577 2451 1649 empbytcusin
2494 1578 2716 1633 concedi
2768 1588 3016 1648 possunt,
3055 1580 3098 1633 si
3133 1595 3322 1635 omnes
3362 1597 3478 1636 mo-

1892 1671 2055 1727 nachi
2088 1671 2169 1725 vel
2190 1672 2373 1726 clerici
2403 1672 2469 1726 ad
2494 1672 2925 1727 confirmandam
2947 1673 3219 1727 actionem
3244 1690 3478 1730 consen-

1894 1764 2051 1829 tiant,
2084 1771 2138 1819 et
2177 1764 2472 1819 ostendant
2503 1765 2656 1831 illud,
2704 1766 2853 1835 quod
2882 1764 3089 1820 factum
3138 1776 3246 1832 est,
3279 1783 3478 1823 conve-

1894 1872 2036 1912 nire.

289 1940 344 1994 '0
390 1940 749 2013 ’ὲμφυτευτὴς
809 1941 907 1995 καὶ
951 1942 1302 2012 ὲκμισθωτὴς
1366 1942 1459 1995 ἐπὶ
1496 1941 1704 1996 διετίαν
1753 1943 1785 2015 ἦ

1965 1949 2021 2006 Si
2061 1950 2417 2022 emphyteuta
2467 1960 2520 2006 et
2554 1953 2861 2008 conductor
2915 1969 3011 2024 per
3060 1955 3343 2009 biennium
3393 1956 3479 2012 vel

214 2032 439 2105 τριετίαν
472 2035 811 2104 ἀγνωμονῶν
846 2039 975 2106 περὶ
1002 2037 1062 2088 τὸ
1090 2037 1305 2107 ἐτήσιον
1335 2037 1563 2101 πάκτον,
1598 2037 1630 2109 ἢ
1669 2040 1785 2106 χεῖ-

218 2142 301 2196 ρον
333 2123 507 2177 ποιῶν
540 2125 600 2176 τὸ
651 2126 909 2195 πρᾶγμα,
976 2126 1327 2180 ὲκὸαλλέσθω
1373 2127 1473 2196 τῆς
1511 2127 1786 2197 ἐμφυτεύο

218 2235 363 2281 σεως,
396 2218 469 2287 μὴ
528 2218 827 2289 δυνάμενος
864 2219 991 2291 περὶ
1030 2222 1130 2291 τῆς
1161 2220 1429 2292 ἐργασίας
1472 2224 1645 2274 κινεῖν
1690 2220 1784 2273 τοῦ

216 2313 375 2382 ἀγροῦ
399 2329 412 2344 ⁸
445 2313 550 2365 οὐκ
591 2312 913 2366 ὲκὸἀλλεται
966 2313 1045 2377 δὲ,
1075 2313 1160 2382 ἐφ’
1189 2313 1312 2366 ὅσον
1348 2313 1536 2366 δίδωσι
1584 2312 1645 2366 τὸ
1671 2315 1787 2384 ὀρι-

220 2402 335 2455 σθὲν
375 2401 610 2464 πάκτον,
642 2401 690 2455 εἰ
733 2402 831 2456 καὶ
879 2404 1033 2475 παρὰ
1060 2402 1156 2458 τοῦ
1203 2403 1467 2476 δημοσίου
1494 2405 1788 2476 ὲνεφυτεύ-

221 2512 359 2549 σατο.
1506 2474 1511 2487 Ρ

282 2588 350 2640 Ού
380 2587 609 2643 δύναται
645 2587 899 2641 ἐκϐαλεῖν
950 2588 1152 2642 ἄκοντα
1185 2586 1277 2641 τὸν
1309 2587 1731 2657 μισθωσάμενον
1761 2589 1789 2641 ὁ

221 2677 513 2749 μισθώσας,
570 2678 672 2732 κᾶν
704 2678 861 2741 ἄλλος
919 2679 1144 2734 πλείονα
1164 2683 1359 2733 τούτου
1402 2680 1675 2751 εἰσαγάγῃ
1705 2698 1795 2749 μιτ

221 2770 499 2842 σθὼματα,
534 2772 780 2839 δηλονότι
832 2770 939 2841 πρὸ
965 2770 1060 2824 τοῦ
1093 2772 1406 2841 ὡρισμένου
1442 2772 1661 2843 χρόνου,
1697 2774 1791 2826 καὶ

220 2866 306 2919 ἐὰν
332 2867 652 2939 εύγνωμονῇ
679 2869 886 2932 ἐκεῖνος
916 2868 1044 2938 περὶ
1068 2866 1095 2919 ὃ
1137 2867 1457 2937 ὠμολό,ἠσε
1487 2865 1672 2919 δοῦναι
1700 2864 1791 2936 μί-

225 2957 428 3027 σθωμα.

221 3071 460 3126 ΚΕΦΔΔ.
483 3072 563 3125 6’.
582 3069 723 3141 Περὶ
738 3069 1090 3141 ἐνδυμάτων
1104 3070 1403 3140 ἁρμοδίων
1421 3071 1545 3138 τοῖς
1558 3070 1795 3141 ιερωμέ-

917 3159 1069 3209 νοις.

292 3236 349 3291 ’0
377 3237 461 3302 κζ’
490 3239 591 3309 τῆς
620 3255 659 3303 ς
709 3235 926 3290 συνόδου
959 3233 1161 3297 κανὼν,
1190 3236 1399 3305 Μηδεὶς
1427 3234 1535 3289 τῶν
1571 3237 1628 3289 ὲν
1655 3236 1792 3308 κλή-

221 3348 293 3402 ρῳ
318 3330 781 3400 κατειλεγμένων,
834 3328 1021 3400 φησιν,
1077 3326 1349 3381 ἀνοίκειον
1400 3328 1793 3397 ἀμφιεννύσθω

220 3423 434 3494 χιτῶνα,
480 3422 607 3493 μήτ’
632 3425 690 3475 ὲν
718 3421 871 3474 πόλει
899 3420 1124 3488 διάγων,
1159 3420 1295 3491 μήτε
1322 3419 1429 3491 μὴν
1473 3423 1531 3473 ἐν
1559 3420 1662 3491 ὁδῷ
1695 3421 1794 3491 βα-

220 3517 394 3583 δίζων,
445 3515 585 3571 ἀλλὰ
636 3515 799 3586 στολῇ
858 3513 1170 3585 κεχρήσθω,
1210 3514 1335 3583 ἢνὸ
1382 3514 1574 3585 χρόνος
1632 3515 1791 3586 καὶὴ

223 3610 469 3679 συνήθεια
526 3608 847 3678 συμϐαίνειν
881 3606 958 3678 τῷ
986 3607 1096 3659 τῶν
1155 3605 1435 3677 κληρικῶν
1461 3594 1668 3671 ἐδίδαξε
1699 3608 1795 3661 τά-

221 3700 483 3772 γματι.⁹0
505 3700 561 3754 δὲ
588 3686 716 3769 περὶ
748 3697 1031 3769 ἐλαχίστου
1059 3697 1340 3768 τιθέμενος
1366 3696 1462 3752 τοῦ
1488 3703 1797 3770 προσήκον-

220 3810 303 3859 τος
332 3794 526 3848 τούτου
561 3794 839 3863 σχήματος
883 3790 984 3862 τὴν
1030 3789 1343 3861 συνήθειαν,
1395 3792 1492 3845 ἐπὶ
1521 3790 1798 3864 ἑϐδομάδα

222 3885 345 3957 μίαν
360 3880 743 3955 ἀφοριζέσθω.
1663 3885 1676 3897 ’

292 3979 351 4033 '0
381 3979 442 4034 δὲ
468 3981 567 4050 τῆς
595 3977 640 4044 ζ’
667 3983 742 4044 ις’
775 3978 876 4031 οὐκ
928 3979 1102 4032 οίεται
1143 3976 1251 4031 δεῖν
1304 3976 1580 4046 ἱερατικὸν
1627 3976 1799 4048 ἄνδρα

221 4072 565 4128 πολυτελέσιν
597 4071 835 4143 ἱματίοις
885 4069 1223 4145 κεχρῆσθαιῄ
1278 4070 1437 4125 Πᾶσα
1477 4069 1607 4141 γὰρ,
1641 4071 1795 4140 φησι,

221 4163 443 4235 βλακεία
472 4163 564 4221 καὶ
607 4163 882 4235 κόσμησις
913 4160 1202 4233 σωματικὴ
1252 4159 1552 4231 ἀλλοτρίως
1584 4159 1685 4229 τῆς
1725 4160 1800 4211 ίε-

225 4261 315 4330 ρᾶς
343 4257 530 4330 ἔχουσι
574 4232 811 4321 τάξεωςῖ
842 4256 981 4320 Τοὺς
1032 4253 1126 4309 οῦν
1180 4252 1410 4316 ἑαυτοὺς
1455 4251 1798 4322 κοσμοῦντας

220 4350 548 4414 ἐπισκόπους
578 4349 612 4421 ἢ
644 4349 944 4421 κληρικοὺς
971 4347 1236 4418 ἀνθηραῖς
1268 4347 1485 4418 ἐσθῆσι,
1515 4347 1637 4401 δέον
1664 4346 1799 4400 ἑαυ-

219 4441 339 4506 τοὺς
369 4437 743 4510 διορθοῦσθαι,
806 4437 1165 4509 ἐπιτιμᾶσθαι
1198 4437 1257 4491 δὲ
1306 4438 1383 4510 τῷ
1413 4437 1570 4509 κακῷ
1606 4438 1801 4507 ἐπιμέ-

220 4552 445 4601 νονταςο
480 4535 745 4599 ὡσαύτως
793 4535 888 4589 καὶ
934 4534 1063 4597 τοὺς
1104 4535 1173 4587 τὰ
1228 4533 1380 4604 μύρα
1432 4532 1795 4604 χρωμένους·

1892 2044 2190 2098 triennium
2231 2045 2305 2099 sit
2325 2055 2620 2101 contumax
2659 2047 2719 2101 in
2744 2048 2913 2101 annui
2946 2049 3084 2118 pacti
3107 2050 3476 2117 praestatione,

1890 2137 1972 2189 vel
2007 2138 2337 2191 deteriorem
2374 2154 2487 2193 rem
2523 2138 2698 2209 ipsam
2760 2140 2973 2207 reddat,
3024 2142 3094 2196 ab
3135 2144 3478 2214 cmphyteusi

1889 2228 2172 2299 ejiciatur,
2206 2246 2305 2286 nec
2335 2241 2659 2301 potestatem
2692 2232 2896 2287 babeat
2928 2235 2981 2287 in
3005 2249 3138 2303 agro
3168 2235 3428 2303 operandi
3462 2253 3477 2288 :

1891 2330 1949 2377 at
2010 2339 2118 2377 non
2178 2323 2396 2393 ejicitur
2435 2324 2655 2394 quando
2712 2326 2879 2379 solvit
2912 2334 3177 2381 statutum
3232 2336 3478 2396 pactum,

1891 2415 2111 2472 etiamsi
2141 2416 2218 2471 rei
2242 2417 2472 2487 publicae
2496 2417 2566 2473 sit
2596 2418 2991 2490 emphyteusis.

1962 2597 2198 2652 Invitum
2256 2599 2459 2668 ejicere
2506 2598 2901 2655 conducentem
2965 2616 3070 2654 non
3120 2610 3299 2668 potest
3344 2618 3481 2658 con-

1893 2697 2109 2755 ductor,
2156 2690 2283 2744 licet.
2331 2691 2473 2745 alius
2509 2691 2603 2745 illo
2636 2690 2899 2759 majorem
2943 2692 3098 2747 daret
3147 2695 3476 2762 mercedem,

1894 2798 2090 2853 nempe
2123 2793 2248 2837 ante
2274 2793 2540 2838 statutum
2575 2793 2811 2850 tempus,
2846 2786 2947 2839 etsi
2978 2796 3275 2841 contumax
3307 2789 3378 2843 sit
3410 2787 3478 2842 de

1869 2888 1981 2937 ~ea,
2005 2889 2169 2946 quam
2190 2875 2321 2929 dare
2351 2876 2631 2944 promisit,
2668 2876 2939 2931 mercede.

1967 3076 2124 3134 CAP.
2156 3077 2250 3132 IX.
2287 3077 2362 3132 De
2394 3076 2619 3131 vestibus
2642 3077 2709 3130 ad
2739 3087 2976 3131 sacrato:
2998 3060 3406 3145 pertinentibits.

1970 3237 2283 3293 Vicesimus
2317 3238 2585 3307 septimus
2610 3247 2776 3291 sextm
2807 3237 3002 3306 synodi
3040 3252 3216 3291 canon
3256 3237 3432 3308 inquit
3461 3253 3476 3292 :

1898 3329 2094 3385 Nullus
2128 3345 2344 3394 eorum,
2380 3331 2472 3398 qui
2519 3330 2570 3382 in
2609 3328 2738 3383 cleri
2789 3330 3101 3395 catalogum
3136 3328 3291 3381 relati
3327 3337 3478 3391 sunt,

1896 3433 2102 3478 vestem
2153 3423 2257 3478 sibi
2304 3437 2411 3475 non
2448 3423 2867 3475 convenientem
2920 3422 3135 3486 induat,
3191 3410 3369 3490 neque
3424 3422 3481 3475 in

1898 3513 2121 3570 civitate
2152 3515 2377 3584 degens,
2402 3529 2577 3581 neque
2602 3512 2823 3582 quidem
2854 3514 2959 3566 iter
2982 3511 3297 3581 ingrediens
3331 3528 3345 3564 :
3385 3512 3479 3565 sed

1897 3616 2052 3664 veste
2071 3616 2279 3671 utatur,
2294 3622 2458 3676 quam
2479 3608 2696 3674 tempus
2714 3615 2765 3659 ct
2787 3606 3130 3661 consuetudo
3150 3606 3481 3660 clericorum

1897 3703 2079 3759 ordini
2102 3702 2395 3758 convenire
2412 3701 2621 3756 docuit.
2642 3699 2745 3765 Qui
2770 3714 2900 3755 vero
2914 3700 3080 3769 hujus
3101 3698 3484 3755 convenientis
3576 3744 3583 3751 .

1900 3795 2129 3852 habitus
2154 3793 2615 3850 consuetudinem
2646 3792 2971 3859 contemnit,
2994 3808 3093 3864 per
3119 3808 3284 3848 uuam
3309 3792 3483 3864 septi-

1898 3902 1986 3942 ma
1996 3902 2121 3942 nam
2163 3893 2504 3956 segregetur.

1976 3975 2234 4046 Septima:
2291 3974 2485 4046 synodi
2545 3974 3045 4030 decimus‘sextus
3108 3990 3286 4031 canon
3373 3990 3486 4031 non

1900 4069 2181 4125 existimat
2206 4076 2462 4136 oportere
2487 4065 2835 4122 sacerdotem
2868 4067 3210 4136 Sumptuosis
3236 4065 3487 4120 vestibus

1905 4161 2025 4215 uti:
2063 4160 2255 4215 Omnis
2294 4159 2464 4222 enim,
2498 4159 2699 4227 inquit,
2734 4159 2900 4213 luxus
2930 4168 2984 4212 et
3028 4169 3257 4213 ornatus
3285 4174 3485 4226 corpo-

1902 4267 2031 4307 reus
2076 4266 2107 4306 a
2154 4250 2486 4306 sacerdotali
2544 4251 2738 4305 ordine
2781 4253 2852 4305 sit
2886 4250 3123 4306 alienus.
3188 4250 3487 4321 Episcopus

1903 4347 2070 4418 igitur
2101 4348 2184 4402 vel
2214 4346 2474 4412 clericos,
2498 4347 2674 4417 quise
2697 4346 2910 4401 ﬂoridis
2927 4354 3201 4399 exornant
3225 4345 3486 4408 vestibus,

1904 4456 1962 4495 se
1991 4441 2277 4510 corrigere
2313 4447 2556 4510 oportet;
2592 4440 2777 4510 puniri
2819 4454 2972 4504 vero,
3015 4439 3062 4493 si
3105 4441 3157 4492 in
3191 4437 3335 4491 malo
3366 4452 3491 4506 pcr-

1904 4531 2126 4595 sistant,
2173 4532 2430 4588 similiter
2481 4543 2535 4586 et
2583 4531 2679 4601 qui
2727 4540 2858 4587 sunt
2896 4540 3183 4600 unguento
3236 4528 3487 4583 delibuti.

222 4631 348 4701 πρὸς
398 4629 476 4692 δὲ,
506 4630 601 4684 καὶ
643 4629 771 4691 τοὺς
814 4627 1159 4697 ὲγ.γελῶντας
1187 4630 1310 4690 ταῖς
1337 4626 1434 4698 τὴν
1466 4627 1661 4696 εὐτελῆ
1702 4627 1792 4680 καὶ

1907 4623 2074 4679 Porro
2100 4624 2161 4679 'et
2196 4626 2287 4695 qui
2324 4624 2432 4680 illis
2486 4623 2719 4680 irrident
2754 4625 2847 4693 qui
2896 4624 3055 4678 vilem
3094 4633 3149 4704 et
3181 4625 3488 4679 modestum

224 4723 422 4795 σεμνὴν
477 4720 899 4793 περικειμένους
931 4721 1227 4791 ἁμφίεσιν,
1265 4722 1377 4783 τοῖς
1430 4721 1804 4790 προσήκουσιν

223 4818 517 4886 ἐπιτιμίοις
574 4814 937 4887 διορθοῦσθαι.
982 4814 1077 4866 Ἐκ
1117 4814 1226 4884 γὰρ
1264 4814 1376 4866 τῶν
1422 4812 1633 4868 ἄνωθεν
1672 4813 1804 4883 χρό-

223 4929 345 4976 νων,
384 4913 493 4974 πᾶς
528 4908 803 4980 ίερατικδς
838 4907 976 4979 ἀνὴρ
1012 4906 1152 4977 μετὰ
1186 4906 1424 4977 μετρίων
1453 4907 1550 4961 καὶ
1587 4905 1805 4976 σεμνῶν

222 5005 440 5074 ἀμφίων
484 5001 853 5068 ἐπολιτεύετο,
916 5001 1031 5054 Πᾶν
1068 5000 1178 5070 γὰρ
1236 4999 1265 5053 ὃ
1320 5000 1396 5071 μὴ
1440 4999 1529 5052 διὰ
1585 5000 1800 5071 χρείαν,

222 5097 354 5150 ἀλλὰ
384 5096 472 5150 διὰ
502 5095 892 5162 καλλωπισμὸν
918 5092 1432 5164 παραλαμϐάνεται,
1462 5108 1528 5143 πε
1539 5092 1803 5162 ρπερςίας

223 5190 333 5260 ἔχει
368 5188 727 5259 κατηγορίαν,
755 5185 996 5256 ὀμέγας
1020 5185 1124 5254 ἔφη
1156 5183 1460 5246 Βασίλειος.
1501 5181 1689 5253 Ταύτῃ
1718 5199 1802 5235 τοι

226 5284 331 5337 ο·;δ’
376 5285 444 5336 ὲκ
502 5281 749 5354 σηρικῶν
780 5279 1121 5351 ὑφασμάτων
1183 5276 1419 5346 ἐσθῆτας
1476 5275 1799 5339 ἐνεδέδυντο,

226 5375 477 5444 ὑφαντῶν
510 5375 835 5445 περιεργείξγ⁸
864 5372 1312 5441 πεποικιλμένας.
1335 5369 1455 5422 ούδέ
1486 5387 1608 5423 τινα
1630 5387 1801 5439 προσο

230 5470 476 5523 ετίθεσαν
530 5468 826 5539 ἑτερόχροα
884 5467 1236 5536 ἑπιὸλήματα
1275 5467 1390 5525 τοῖς
1451 5464 1644 5532 ἄκροις
1693 5464 1801 5515 τῶν

227 5559 452 5625 ἱματίων
472 5577 487 5592 ·
523 5561 767 5628 ἥκουσαν
797 5561 904 5627 γὰρ
934 5556 1034 5626 τῆς
1065 5554 1397 5623 θεοφθόγγου
1434 5552 1699 5622 γλώττης,
1720 5552 1801 5605 ὅτι

225 5652 273 5707 οἱ
301 5654 371 5705 τὰ
431 5653 651 5722 μαλακὰ
698 5652 988 5722 φοροῦντες
1030 5652 1101 5702 ,ὲν
1148 5653 1260 5712 τοῖς
1299 5650 1467 5709 οἴκοις
1498 5646 1607 5698 τῶν
1649 5645 1803 5716 βασι-

227 5745 357 5800 λέων
404 5746 531 5800 εἰσί.
555 5748 716 5817 Ζήτει
750 5745 811 5798 τὸ
846 5745 923 5798 κδ’
979 5761 1103 5812 κεφ.
1130 5742 1223 5795 τοῦ
1255 5743 1292 5794 Γ
1328 5741 1617 5809 στοιχείου.

309 5840 367 5890 ὐ
406 5839 465 5893 δὲ
496 5838 594 5907 τῆς
634 5842 691 5891 ἐν
748 5836 1037 5906 Λαοδικείᾳ
1084 5835 1303 5888 συνόδου
1340 5834 1443 5895 κδ’,
1488 5833 1582 5885 καὶ
1618 5832 1646 5883 ὁ
1692 5829 1793 5899 κγ’,

207 5927 301 5981 ιού
327 5929 422 5996 δεῖ,
452 5933 601 5999 μησὶ,
636 5928 723 5983 τοι
760 5929 1060 5999 ὑπηρέτην,
1100 5927 1217 5997 ἦτοι
1247 5924 1620 5988 ύποόιάικονον,
1656 5923 1797 5991 ὠρά-

1913 4717 2177 4795 amictum
2226 4718 2404 4785 induti
2467 4726 2618 4783 sunt,
2679 4717 3142 4770 convenientibus
3200 4714 3491 4785 suppliciis

1914 4813 2234 4882 punientur.
2267 4811 2310 4864 Α
2337 4810 2718 4879 superioribus
2747 4809 2890 4864 enim
2918 4824 3094 4879 usque
3128 4808 3488 4876 temporibus,

1874 4890 1879 4897 ’
1913 4902 2093 4956 omnis
2127 4904 2390 4955 sacerdos
2422 4916 2545 4954 cum
2591 4899 2885 4953 moderatis
2928 4907 2979 4952 et
3020 4898 3285 4952 modestis
3327 4897 3489 4950 indu-

1914 4996 2115 5049 mentis
2144 4993 2586 5049 administrabat.
2629 4991 2907 5060 Quidquid
2941 4990 3085 5045 enim
3121 5006 3229 5045 non
3270 5000 3492 5060 propter

1914 5102 2099 5149 usum,
2141 5088 2236 5141 sed
2274 5085 2700 5140 ostentatorium
2747 5094 3008 5138 ornatum
3054 5085 3376 5150 assumitur,
3435 5085 3487 5137 in

1915 5180 2075 5235 luxus
2138 5179 2375 5234 incurrit
2437 5176 2949 5247 reprehensionem,
3021 5178 3200 5245 inquit
3261 5191 3490 5244 magnus

1912 5274 2170 5330 Basilius.
2194 5271 2544 5342 Quapropter
2564 5286 2740 5340 neque
2754 5286 2820 5324 ex
2850 5271 3044 5326 sericis
3073 5270 3307 5325 texturis
3330 5268 3492 5321 vesti-

1912 5375 2094 5421 menta
2132 5348 2457 5430 induebant,
2496 5372 2771 5417 textorum
2809 5362 3130 5417 curiositate
3163 5362 3434 5427 variegata
3473 5374 3490 5413 :

1911 5477 2090 5529 neque
2117 5452 2171 5512 in
2200 5457 2650 5523 vestimentorum
2699 5456 2931 5510 ﬁmbriis
2960 5456 3173 5524 adjecta
3195 5463 3352 5506 erant
3380 5454 3488 5509 ulla

1911 5554 2075 5607 alieni
2118 5550 2316 5605 coloris
2364 5550 2761 5603 additamenta.
2800 5547 3144 5602 Audiverunt
3174 5546 3317 5598 enim
3353 5546 3493 5599 divi-

1911 5664 2037 5700 num
2080 5661 2416 5705 sermonem,
2443 5642 2588 5712 quod
2620 5659 2636 5692 ι
2679 5641 2777 5706 Qui
2811 5638 3070 5693 mollibus
3105 5639 3411 5691 vcstiuntur
3435 5638 3488 5691 iu

1909 5738 2116 5793 aedibus
2150 5752 2333 5807 regum
2369 5743 2516 5787 sunt.
2557 5752 2577 5784 ι
2623 5733 2815 5797 Quaere
2836 5730 2906 5783 24
2975 5746 3096 5798 cap.
3132 5729 3326 5783 litterae
3359 5730 3417 5785 Γ.
3468 5761 3499 5793 ,ι

1981 5830 2303 5884 Laodicena:
2347 5808 2538 5898 synodi
2581 5841 2757 5881 canon
2795 5823 3088 5877 vicesimus
3126 5821 3405 5876 secundus
3436 5832 3487 5876 cl

1909 5924 2204 5977 vicesimus
2242 5924 2435 5979 tertius
2466 5920 2615 5975 aiunt
2648 5938 2659 5974 :
2693 5916 2810 5973 Non
2838 5915 2995 5971 dccet
3028 5912 3364 5978 ministrum,
3403 5914 3481 5964 vel
