3918 6580
464 415 602 480 mg
1654 409 2016 469 narrum
2058 406 2484 469 BLAS'I‘ARIS
2996 470 2999 471 κ
3561 413 3673 482 1280

457 529 741 584 ordinatio
778 526 1082 592 tribuitur;
1131 526 1336 597 quippe
1362 526 1595 597 obtinuit
1644 526 1869 594 antiqua
1903 538 2036 576 con-

2143 524 2407 596 τριάρχου
2456 527 2889 597 ἀπονενέμηται,
2924 528 3019 581 an
3050 524 3317 598 πρότερον
3342 529 3459 592 ἔθος
3483 529 3536 584 ὃν
3561 535 3671 604 πρὸς

454 620 711 681 suetudo.
758 629 815 673 ut
856 633 956 688 per
991 618 1145 672 illum
1184 617 1431 685 Byzantii
1473 617 1769 685 episcopus
1801 614 2030 669 ordina-

2143 617 2329 671 ἀὐτοῦ
2355 619 2779 689 χειροτονεῖσθαι
2824 620 2917 673 τδν
2955 621 3255 673 ἐπίσκοπον
3304 622 3587 683 Βυζαντίου.
3625 627 3671 680 '0

458 723 628 766 retur.
663 710 893 780 Magnus
927 725 1057 765 vero
1086 709 1482 764 Constantinus
1512 696 1649 762 hanc
1684 708 1738 762 in
1772 706 2032 761 arumnis-

458 804 602 858 simo
653 804 846 858 mundi
912 803 1036 859 loco
1084 802 1241 857 sitam
1307 802 1521 865 urbem,
1573 801 1935 872 magnitudini
1980 809 2033 855 et

457 896 858 967 pulchritudini
882 897 945 950 ad
974 911 1138 967 quam
1160 895 1406 965 pervenit
1430 894 1728 963 adaugens,
1750 895 1833 949 sui
1862 895 2035 964 ipsius

459 988 687 1042 donavit
743 988 989 1052 nomine,
1024 997 1079 1042 et
1132 1003 1286 1049 nova:
1323 988 1505 1041 Roma:
1539 987 1698 1040 titulo
1734 985 2035 1055 insignivit.

538 1077 845 1134 Vicesimus
899 1090 1125 1134 octavus
1163 1095 1215 1132 tv
1247 1095 1368 1151 syn.
1418 1080 1513 1144 ait,
1557 1079 1768 1141 eadem,
1808 1093 1931 1148 quae
2004 1078 2038 1131 5

460 1187 641 1227 canon
677 1174 721 1226 Π
754 1172 947 1244 synodi
994 1191 1007 1227 :
1054 1171 1165 1227 Nos
1198 1188 1413 1242 quoque
1444 1171 1791 1227 decernimus
1845 1180 1898 1225 et
1927 1179 2038 1226 sta-

461 1266 691 1327 tuimus,
725 1265 1166 1320 utsanctissimze
1187 1264 1816 1333 Constantiuopolitanm
1846 1262 2039 1318 Eccle-

461 1359 558 1412 size
594 1353 825 1411 thronus
852 1358 1161 1427 aequalibus
1195 1374 1319 1413 cum
1352 1358 1650 1425 antiquiori
1676 1356 1846 1412 Roma
1873 1357 2043 1426 privi-

459 1448 620 1517 legiis
673 1447 924 1513 fruatur;
968 1448 1171 1518 quippe
1217 1464 1341 1517 quae
1377 1449 1609 1517 imperio
1644 1458 1698 1504 et
1730 1459 1925 1503 senatu
1958 1455 2036 1503 est

2148 1459 2246 1513 ρας
2286 1443 2508 1514 Ῥώμης
2563 1446 2854 1516 πρεσϐεῖα,
2883 1445 2980 1500 ﬁt:
3019 1446 3271 1517 βασιλείᾳ
3302 1448 3397 1499 καὶ
3429 1450 3671 1522 συγκλήτῳ

462 1539 754 1594 honorata.
808 1539 966 1594 Unde
995 1540 1158 1594 etiam
1208 1557 1317 1595 non
1356 1557 1518 1597 secus
1562 1557 1626 1597 ac
1680 1540 1829 1594 illam
1861 1542 2036 1596 eccle-

2146 1537 2497 1607 τιμηθιίσαν.
2535 1538 2722 1609 Ταύτη
2748 1558 2852 1603 τοι,
2883 1535 3099 1595 καὶόἷά
3128 1558 3237 1612 περ
3264 1541 3491 1610 εκείνην,
3517 1545 3673 1609 ἐντοῖς

462 1632 704 1685 siasticis
738 1631 1041 1700 privilegiis
1090 1632 1368 1687 honestari
1419 1643 1653 1700 oportet,
1700 1648 1761 1688 ac
1808 1632 2036 1702 primum

2146 1630 2627 1700 ἐκκλησιαστικαῖς
2665 1631 2748 1685 δεῖ
2802 1632 3206 1702 μεγαλύνεσθαι
3236 1635 3557 1704 προνομίοις,
3591 1655 3675 1690 πα-

462 1722 684 1792 quidem
727 1725 869 1779 inter
912 1725 1050 1780 alias
1092 1726 1375 1789 ecclesias,
1429 1725 1731 1780 secundum
1765 1739 1893 1780 vero
1924 1734 2036 1795 post

2149 1722 2260 1774 σῶν
2315 1722 2416 1791 μὲν
2465 1722 2577 1775 τῶν
2614 1724 2792 1777 ἀλλων
2846 1725 3299 1797 προτιμωμένην,
3351 1726 3593 1794 δευτέραν
3629 1730 3674 1782 δὲ

464 1816 616 1869 illam
640 1819 816 1870 locum
843 1817 1112 1881 obtinere,
1139 1833 1264 1871 nam
1290 1818 1549 1874 omnibus
1574 1819 1754 1873 modis
1775 1819 2036 1887 aequalem

2154 1812 2274 1881 μετ’
2302 1814 2521 1882 ἐκείνην
2568 1814 2942 1885 ὑπάρχουσαν,
2975 1817 3083 1869 τῶν
3117 1817 3248 1870 ἰσων
3289 1817 3402 1887 γάρ
3429 1819 3481 1869 ὲν
3504 1818 3673 1872 ἅπασιν

464 1907 772 1975 intelligere
802 1924 911 1962 non
954 1924 1248 1977 possumus
1282 1929 1295 1963 :
1330 1911 1455 1965 licet
1501 1912 1724 1981 quidam
1778 1912 2036 1982 praeposi-

2149 1903 2431 1966 ἀξιοῦσθαι
2454 1906 2657 1976 ταύτην
2681 1907 2964 1976 ἀμήχανον
2985 1922 3001 1939 ·
3036 1909 3086 1960 εί
3107 1908 3204 1960 καί
3234 1924 3384 1971 τινες
3411 1908 3503 1978 τὴν
3532 1913 3672 1979 μετὰ,

463 1998 691 2065 tionem,
737 2010 882 2070 post,
924 2002 1153 2057 omnino
1205 2003 1554 2069 aﬂirmative,
1608 2007 1847 2059 maxime
1904 2019 2036 2060 vero

2143 1996 2422 2066 πρόθεσιν,
2455 1997 2598 2051 πάνυ
2626 1998 3028 2067 βεϐιασμένως,
3062 2000 3266 2069 μᾶλλον
3286 2001 3344 2054 δὲ
3378 2003 3674 2067 ἀπαιδεύτως

466 2091 689 2146 indocte
710 2101 766 2147 ct
802 2094 1073 2163 imperite,
1109 2096 1548 2166 interpretantes,
1578 2114 1685 2153 non
1719 2097 2035 2153 inferiorem

2143 2089 2239 2142 καὶ
2270 2088 2502 2157 ἀμαθῶς
2532 2089 2952 2160 ἑρμηνεύοντες,
2988 2092 3085 2162 οὔχ
3108 2091 3371 2162 ὑφεδρίας
3401 2094 3493 2145 καὶ
3525 2095 3675 2147 ὑποϐι-

465 2182 573 2237 loei
627 2192 682 2237 et
731 2185 1017 2255 dignitatis
1052 2188 1305 2256 gradum,
1347 2190 1441 2244 sed
1486 2190 1745 2260 temporis
1787 2191 2036 2244 ordinem

2143 2175 2377 2246 ϐασμοῦ.
2416 2179 2610 2247 χρόνου
2659 2178 2719 2232 δὲ
2781 2173 2921 2232 εἶναι
2980 2181 3291 2251 δηλωτικὴν
3343 2181 3674 2245 ἀξιοῦσινἝν

466 2275 780 2345 signiﬁcare
813 2280 1220 2336 existimavere.
1266 2280 1404 2336 Nam
1448 2283 1502 2336 in
1556 2284 1875 2339 nominibus
1905 2284 2036 2337 ieci-

2143 2271 2251 2342 γὰρ
2278 2274 2399 2335 ταῖς
2426 2272 2534 2324 τῶν
2561 2271 2843 2341 ὀνομάτων
2878 2273 3180 2353 ἀναφοραῖς
3204 2272 3446 2344 ἀνάγκη,
3471 2275 3552 2326 τὸν
3577 2276 3674 2345 ’μὲν

468 2367 647 2422 laudis
698 2384 920 2425 necesse
978 2379 1153 2427 estut
1208 2389 1377 2428 unum
1420 2375 1599 2444 prius,
1630 2376 1859 2431 alterum
1910 2392 2036 2430 vero

2144 2364 2452 2432 πρότερον,
2514 2362 2607 2415 τὸν
2656 2362 2713 2414 δὲ
2776 2360 3005 2431 ὕστερον
3060 2362 3469 2429 ὲκφωνεῐσθαι’
3525 2364 3591 2427 ὡς
3630 2366 3672 2418 δὲ

469 2459 745 2526 posterius
770 2461 1114 2529 proferatur;
1149 2473 1207 2518 ut
1234 2473 1287 2518 et
1317 2466 1369 2519 in
1397 2481 1685 2533 consessu,
1721 2469 1953 2523 etctiatu
1981 2468 2036 2522 in

2143 2455 2245 2507 κάν
2277 2455 2397 2515 ταῖς
2430 2453 2754 2523 καθέδρας,
2791 2454 2893 2508 κάν
2923 2455 3045 2518 ταῖς
3096 2454 3453 2524 ὕπογραφαῖς
3503 2457 3675 2528 συμϐή-

467 2549 965 2621 subscriptiouihus
979 2556 1228 2611 accidere
1249 2558 1408 2612 solet.
2145 2559 2320 2594 σεται·
3570 2592 3574 2599 .

541 2638 779 2711 Insignis
842 2642 947 2698 hoc
1000 2645 1132 2700 dicit
1193 2645 1460 2709 Zonaras,
1513 2648 1590 2703 Ne
1646 2648 1788 2705 forte
1842 2651 2036 2706 dixerit

2213 2633 2277 2685 Et
2310 2634 2493 2702 μήπου
2530 2650 2613 2696 τις
2656 2633 2825 2698 εἴποι,
2856 2634 2885 2686 6
2926 2634 3219 2705 ὑπερφυὴς
3246 2640 3345 2693 καὶ
3374 2637 3528 2693 τοῦτό
3570 2658 3674 2708 φησι

468 2732 767 2801 quispiam,
791 2738 1050 2805 quoniam
1073 2739 1243 2793 divini
1280 2740 1491 2811 Patres,
1513 2742 1754 2797 futurum
1781 2753 2036 2813 tanquam

2143 2724 2422 2792 Ζωναρᾶς,
2454 2726 2537 2778 ὃτι
2582 2726 2646 2778 τὸ
2680 2726 2899 2796 μέλλον,
2933 2727 3011 2790 ὼς
3063 2729 3264 2799 παρὸν,
3299 2732 3350 2783 oi
3382 2731 3511 2785 θεῖοι
3537 2734 3675 2787 Πειτέ-

469 2843 710 2896 pt‘aiscns
753 2833 1137 2900 praeﬁdentes,
1173 2835 1473 2889 Romanam
1512 2852 1701 2906 nempe
1742 2837 2036 2893 Ecclesiatn

2145 2834 2235 2886 ρες
2290 2818 2746 2888 ἐνοπτριζόμενοι,
2807 2819 2879 2883 ῶς
2930 2822 3395 2892 ἀποτμηθήσεται
3454 2824 3543 2893 τῆς
3586 2826 3674 2877 τῶν

2141 2912 2441 2982 ὀρθοδόξων
2469 2912 2791 2983 ὁλοκληρίας
2824 2916 2856 2986 ἡ
2906 2915 3014 2970 τῶν
3052 2915 3348 2984 Ῥωμαίων
3396 2915 3673 2987 Ἐκκλησία,

2138 708 2317 778 μέγας
2346 710 2401 763 δὲ
2434 712 2848 773 Κωνσταντῖνος
2870 711 2970 782 τὴν
3000 712 3058 765 ἑν
3086 712 3359 782 καλλίστῳ
3379 713 3469 766 τοῦ
3495 716 3667 786 κόσμου

2138 801 2397 871 κειμένην
2430 805 2663 871 ταυτηνὶ
2706 802 2885 867 πόλιν,
2924 804 3018 856 καὶ
3056 803 3327 874 μεγέθους
3365 806 3456 858 καὶ
3480 808 3670 872 κάλλους

2139 889 2200 946 εὖ
2230 894 2473 963 ἤκουσαν
2504 896 2819 966 ἀνεγείρας,
2853 897 2952 965 τὴν
2997 897 3136 949 ίδίαν
3170 896 3309 965 αὐτῇ
3349 897 3531 967 κλῆσιν
3558 903 3669 956 ἀπε-

2140 986 2427 1055 χαρίσατο,
2463 988 2556 1040 καὶ
2587 988 2713 1042 νέαν
2737 988 3211 1059 προσεπωνόμασε
3244 987 3480 1059 Ῥώμην.

2225 1076 2286 1130 '0
2321 1077 2378 1130 δὲ
2414 1075 2501 1148 κη’
2530 1079 2628 1147 τῆς
2657 1080 2698 1134 δι
2741 1081 2983 1143 συνόδου,
3010 1081 3092 1133 Τά
3122 1079 3265 1134 αὖτά
3301 1083 3399 1134 καὶ
3427 1083 3568 1152 ἡμεῖς
3582 1086 3668 1157 ὁρί-

2144 1169 2332 1239 ξομεν,
2370 1172 2525 1239 φησι,
2566 1172 2645 1242 τῷ
2678 1179 2730 1241 γ’
2777 1173 2876 1243 τῆς
2914 1172 2960 1242 β’
2992 1171 3216 1225 συνόδου
3248 1173 3455 1236 κανόνι,
3486 1178 3567 1228 καὶ
3588 1180 3670 1247 ψη-

2144 1262 2438 1330 φιζόμεθα,
2489 1264 2583 1316 τὸν
2630 1263 2818 1333 θρόνον
2869 1264 2969 1331 τῆς
3020 1264 3339 1334 ἁγιωτάτης
3389 1266 3669 1337 Ἐκκλησίσς

2145 1355 2781 1418 Κωνσταντινουπόλεως
2812 1356 2884 1409 τὰ
2925 1355 3017 1409 ίσα
3049 1356 3241 1424 φέρειν
3270 1357 3373 1424 τῆς
3414 1360 3670 1425 πρεσϐυτέ-

470 2935 696 2989 propter
723 2939 943 2984 errores
976 2940 1109 2980 suos
1134 2927 1201 2981 ab
1224 2929 1658 2983 orthodoxorum
1684 2940 1826 2985 coetu
1854 2948 2039 2995 segre-

466 3014 727 3079 gandam,
764 3025 929 3084 atque
960 3017 1027 3071 ab
1057 3019 1206 3071 omni
1242 3018 1483 3072 lidelium
1513 3024 1793 3078 consortio
1816 3025 2036 3077 climan-

2143 3006 2236 3058 καὶ
2262 3005 2360 3074 τῆς
2386 3005 2498 3056 τῶν
2527 3005 2734 3058 πιστῶν
2763 3006 3087 3077 ὁμηγύρεως
3130 3007 3674 3078 ἐξοστρακισθήσετιι.

467 3105 593 3159 dam
623 3111 759 3171 lore,
791 3110 997 3179 primas
1026 3111 1153 3165 huic
1185 3112 1524 3181 detulerunt,
1554 3124 1717 3185 atque
1743 3117 1815 3170 ita
1847 3117 2036 3171 iisdem

2143 3095 2405 3166 δόγμασιν
2432 3098 2761 3169 ἑτεροδόξοις
2805 3099 3245 3169 καθυπαχθείσα,
3279 3100 3506 3171 πρώτην
3535 3103 3677 3168 ἐλογί-

469 3198 774 3269 privilegiis
796 3216 915 3256 eam
968 3202 1321 3270 decorarunt,
1348 3222 1470 3275 qua:
1509 3217 1564 3260 ut
1599 3208 1685 3261 illa
1720 3209 2036 3277 aliquando,

2144 3205 2309 3242 σαντο
2328 3190 2554 3260 ταύτην,
2576 3193 2671 3245 καὶ
2700 3191 2843 3246 οὕτω
2861 3192 2970 3247 τῶν
2993 3193 3174 3246 αὐτῶν
3196 3194 3381 3264 ἐκείνῃ
3414 3195 3676 3261 πρεσϐείων

468 3294 834 3363 principatum
874 3296 925 3350 in
971 3299 1227 3353 omnibus
1270 3298 1401 3353 olim
1437 3300 1721 3356 obtinebit.
1774 3303 1849 3357 De
1893 3303 2036 3357 Con-

2144 3283 2404 3351 ὴξίωσαν,
2460 3284 2786 3354 πρεσϐεύειν
2828 3287 2885 3340 ὲν
2913 3286 3084 3339 ἅπασι
3134 3286 3462 3357 μέλλουσαν,
3492 3284 3572 3340 οἷὰ
3595 3305 3677 3356 περ

469 3385 974 3455 stantinopolitanae
1010 3404 1175 3457 porro
1210 3388 1470 3445 Ecclesiae
1490 3393 1791 3461 privilegiis
1824 3394 2036 3449 abunde

2143 3382 2323 3451 ἐκείνη
2351 3382 2505 3437 ποτέ.
2534 3383 2667 3451 Περὶ
2700 3384 2797 3451 μὲν
2819 3383 2883 3453 δὴ
2901 3382 3011 3435 τῶν
3038 3382 3348 3453 πρεσϐείων
3379 3383 3679 3453 τῆςἙκκλῃ-

468 3476 749 3533 disserens
774 3495 974 3543 canon,
1010 3480 1079 3537 de
1110 3483 1439 3538 dicecesibus
1479 3486 1642 3539 etiam
1675 3486 1748 3538 illi
1780 3486 2036 3553 subjectis

2145 3475 2264 3535 σίας
2294 3475 2924 3538 Κωνσταντινουπόλεως
2952 3475 3073 3538 ἀλις
3125 3476 3528 3545 διαταξάμενος
3549 3477 3576 3528 6
3602 3494 3680 3527 και

466 3568 795 3635 constituit;
865 3572 1023 3643 115
1079 3574 1204 3629 illas
1252 3591 1381 3631 vero
1426 3577 1561 3632 dicit
1613 3594 1735 3633 esse
1778 3579 2036 3635 diweeses

2144 3564 2272 3629 νὼν,
2331 3568 2423 3618 καὶ
2489 3567 2620 3636 περὶ
2682 3567 2791 3620 τῶν
2826 3567 3273 3637 ὑποκεισομένων
3325 3570 3465 3638 αὐτῇ
3487 3567 3677 3633 διέξεισι

467 3652 631 3720 Asiae,
682 3655 836 3712 Ponti
882 3674 934 3714 et
994 3661 1262 3717 Thraciae.
1293 3664 1358 3719 Et
1386 3666 1603 3720 Asiana!
1648 3666 1870 3735 quidem
1902 3669 2036 3723 dite-

2143 3658 2480 3726 διοικὴσεων.
2510 3657 2726 3720 Ταύτας
2771 3658 2827 3711 δὲ
2856 3654 2998 3711 εἷναί
3050 3676 3184 3729 φησι
3217 3661 3316 3721 τὰς
3343 3661 3445 3726 τῆς
3507 3660 3676 3720 Ἀσίας,

467 3759 624 3801 ceses
660 3759 808 3813 sunt,
838 3764 959 3819 quae
1006 3754 1070 3821 ad
1104 3752 1346 3809 Taurum
1384 3771 1558 3827 usque
1589 3765 1827 3810 montem
1853 3766 2036 3811 exten-

2143 3751 2234 3805 τοῦ
2272 3752 2497 3817 Πόντου,
2530 3752 2624 3805 καὶ
2647 3752 2746 3822 τῆς
2772 3751 2994 3822 Θρᾴκης
3018 3767 3035 3785 ·
3067 3756 3165 3806 καὶ
3205 3752 3459 3805 ’Λσιαναὶ
3486 3752 3574 3821 μέν
3595 3753 3677 3803 εἰσι

469 3836 708 3907 duntur;
738 3840 976 3900 Ponticae
999 3861 1148 3909 vero,
1176 3863 1298 3918 quae
1327 3849 1500 3905 Ponto
1532 3850 1743 3905 Euxino
1762 3849 2036 3919 adjacent,

2143 3845 2437 3915 διοικήσεις
2468 3846 2524 3900 at
2559 3843 2723 3915 μέχρι
2750 3859 2862 3898 των
2890 3844 3185 3915 Ταυρικῶν
3209 3844 3354 3914 ὀρῶν
3387 3846 3675 3914 διήκουσαι·

470 3925 869 3999 Trapezuntem
913 3951 1082 4006 usque
1119 3947 1173 3993 et
1200 3939 1469 4005 interius;
1505 3939 1787 3998 Thracica:
1837 3951 2036 4008 autem,

2144 3935 2403 3989 Ποντικαὶ
2450 3935 2528 4001 δὲ,
2559 3935 2613 3989 αι
2657 3934 2734 4003 τῷ
2765 3934 3007 4006 Εὐξείνῳ
3054 3937 3244 4007 Πόντῳ
3279 3937 3678 4006 παρακείμεναι,

469 4036 591 4091 qua:
617 4035 747 4080 sunt
772 4041 943 4097 usque
979 4030 1045 4085 ad
1063 4030 1241 4100 ipsum
1270 4032 1689 4103 Dyrrhachium.

2144 4027 2559 4101 Τραπεζοῦντος
2581 4030 2710 4098 ἄχρι
2742 4030 2837 4083 καὶ
2862 4029 3124 4099 ἐνδοτέρω
3147 4045 3163 4060 °
3195 4030 3471 4101 Θρᾳκικαὶ
3524 4028 3594 4091 δὲ,
3634 4029 3679 4080 αἱ

2145 4121 2310 4191 μέχρι
2347 4120 2442 4174 τοῦ
2467 4121 2793 4194 Δυρραχίου.

470 4260 648 4328 Quare
717 4265 1196 4325 Thessalonicensis
1257 4274 1531 4344 episcopus
1596 4276 1706 4345 fuit
1764 4293 1916 4347 papae
1962 4278 2040 4331 le-

1174 4289 1196 4325 s
1257 4274 1531 4344 episcopus
1596 4276 1706 4345 fuit
1764 4293 1916 4347 papae
1962 4278 2036 4331 le-

1174 4353 1351 4412 gatus.
1502 4370 1511 4379 ι

2180 4273 2282 4328 Διὰ
2306 4277 2363 4329 τί
2391 4272 2467 4347 ἦν
2492 4278 2524 4332 ὁ
2567 4277 3027 4345 Θεσσαλονίκης
3055 4278 3310 4347 λετ-ἆτος
3345 4278 3452 4332 τοῦ
3481 4275 3651 4330 ﬁdae.

1305 4361 1329 4397 8
1502 4370 1511 4379 ⁸
3026 4365 3032 4373 ’

540 4470 864 4540 Quanquam
883 4475 1012 4528 olim
1046 4476 1217 4544 episc.
1252 4474 1804 4534 Thessalonicensem
1825 4488 1880 4534 et
1904 4480 2041 4534 alios

467 4565 844 4621 Occidentales
863 4566 1174 4636 episcopos,
1201 4567 1564 4632 Athenarum,
1585 4571 1731 4635 dico,
1762 4571 2036 4635 Corinthi,
2064 4598 2121 4663 Β

463 4658 780 4724 Pati-aiunt,
814 4670 868 4712 et
902 4658 1208 4723 Ravennae,
1248 4660 1454 4729 legatos
1496 4662 1686 4716 habuit
1722 4678 1877 4731 papa,
1911 4672 2034 4716 tan-

465 4767 631 4820 quam
678 4752 747 4805 ab
789 4751 910 4817 ejus
951 4750 1091 4804 fat-ie
1133 4750 1286 4821 (illud
1320 4752 1466 4805 enim
1511 4755 1651 4821 apud
1701 4751 1921 4809 Graecos
1955 4753 2035 4809 si-

466 4843 691 4913 gniﬁcat
746 4842 1107 4913 vocabulum)
1163 4852 1254 4908 ut,
1297 4843 1518 4912 quando
1567 4844 1801 4913 publicis
1843 4844 2038 4901 adesse

465 4936 733 5002 quosdam
771 4951 800 4988 e
831 4935 1076 5003 partibus
1109 4950 1262 5005 papae
1291 4952 1428 5005 opus
1456 4923 1603 4990 esset
1637 4939 2033 5004 conventibus’,

466 5026 614 5080 illius
666 5026 846 5080 locum
902 5026 1262 5096 supplerent;
1321 5043 1351 5081 c
1394 5037 1585 5082 nostro
1636 5037 1814 5082 tamen
1875 5045 2037 5100 grege

466 5123 639 5176 fuere.
668 5120 784 5176 Non
815 5124 960 5176 enim
991 5131 1068 5177 tot
1098 5132 1249 5177 extra
1286 5139 1414 5177 suos
1450 5125 1584 5178 ﬁnes
1613 5124 1896 5193 cpisc0pus
1931 5124 2033 5177 sibi

465 5214 744 5282 subjectos
792 5216 1012 5279 habuit,
1071 5223 1130 5268 ut
1185 5215 1308 5270 illos
1352 5217 1668 5282 ordinaret;
1717 5225 1774 5269 ut
1815 5215 2034 5284 quidam

462 5305 877 5360 existimarunt.
915 5306 1292 5373 Excogitatum
1330 5316 1412 5362 est
1456 5317 1635 5361 autem
1678 5307 1782 5361 hoc
1814 5318 2037 5377 propter

466 5398 566 5451 viae
612 5400 1027 5469 longitudinem,
1060 5416 1126 5453 ne
1156 5401 1319 5454 taedio
1351 5400 1693 5475 adicerentur
1745 5400 1802 5465 ii,
1840 5402 1928 5470 qui
1969 5400 2037 5454 il-

466 5492 574 5546 linc
606 5492 764 5546 nobis
811 5507 905 5560 per
947 5492 1117 5546 maria
1148 5492 1299 5547 missi
1353 5491 1572 5546 fuerint.
1624 5492 1777 5559 Quod
1812 5503 1866 5548 et
1908 5494 2037 5547 hinc

468 5584 818 5639 manifestum
848 5594 964 5659 est,
996 5586 1140 5655 quod
1172 5601 1277 5639 nou
1305 5600 1523 5656 semper
1549 5587 1625 5640 illi
1663 5603 1691 5641 a
1724 5586 1864 5643 facie
1887 5602 2037 5658 papae

469 5677 746 5763 Jons’tituti
803 5688 953 5743 sunt,
1008 5678 1099 5733 sed
1142 5679 1437 5747 aliquando
1496 5692 1549 5736 et
1583 5680 1696 5747 alii,
1745 5697 1883 5753 quos
1936 5697 2037 5754 pro

470 5775 716 5837 tempore
750 5784 885 5839 papa
917 5769 1100 5825 Romae
1133 5770 1315 5839 clcgit.

2216 4479 2278 4533 Εί
2306 4479 2415 4548 γὰρ
2456 4482 2549 4535 καὶ
2592 4481 2758 4534 πάλαι
2787 4483 2881 4534 τόν
2910 4497 2968 4534 τε
3001 4480 3416 4547 Θεσσαλονίκης
3465 4480 3556 4532 καὶ
3586 4478 3681 4530 ἑτέ-

2147 4589 2274 4643 ρους
2303 4572 2556 4637 δυτικοὺς
2585 4573 2940 4637 ἐπισκόπους,
2971 4572 3062 4625 τόν
3103 4572 3369 4643 Ἀθηνῶν,
3403 4574 3560 4641 φημὶ,
3605 4570 3682 4622 τὸν

2146 4659 2435 4731 Κορίνθου,
2493 4661 2584 4713 τὸν
2630 4661 2881 4730 Πατρῶν,
2942 4661 3033 4714 τὸν
3071 4660 3389 4731 Ῥαϐέννης,
3449 4660 3681 4726 λεγάτους

2144 4751 2289 4824 εἶχεν
2338 4756 2366 4808 6
2399 4755 2614 4818 Πάπας,
2666 4755 2827 4806 οἱονεὶ
2886 4757 2947 4805 ὲκ
2988 4753 3286 4823 προσώπου
3332 4754 3497 4807 αὐτοῦ
3534 4753 3684 4823 (τοῦτο

2145 4847 2255 4918 γὰρ
2309 4844 2431 4899 καθ’
2460 4845 2731 4915 ’Έλληνας
2784 4846 2816 4915 ἠ
2867 4843 3011 4908 λέξις
3067 4845 3240 4915 δηλοῖ)
3285 4844 3351 4897 ἶν’
3388 4846 3475 4898 ὅτε
3526 4845 3678 4912 δεήσει

2146 4938 2399 5009 παρεῖναί
2429 4954 2580 4999 τινας
2609 4932 2718 4989 τῶν
2752 4937 2845 4990 τοῦ
2868 4938 3031 4990 Πάπα
3059 4938 3181 4999 ταῖς
3208 4939 3417 4999 κοιναῖς
3455 4935 3679 4988 συνελεῦ·

2147 5048 2317 5093 σεσιν,
2352 5028 2740 5099 ἀναπληρῶσιν
2793 5022 2935 5082 οὗτοι
2983 5029 3073 5082 τὸν
3106 5029 3318 5082 ἐκείνου
3356 5029 3540 5092 τόπον,
3566 5026 3679 5080 ἀλλᾶ

2144 5123 2245 5186 τῆς
2277 5121 2554 5192 ἡμετέρας
2584 5120 2881 5191 ἐτύγχανον
2914 5120 3065 5184 ὄντες
3105 5121 3340 5191 ἀγέλης.
3377 5122 3451 5174 Οὐ
3486 5119 3586 5188 γάρ
3613 5136 3682 5170 το·

2146 5212 2371 5277 σούτους
2411 5211 2553 5284 εἶχεν
2606 5213 2929 5283 ὑπερορίους
2984 5214 3318 5276 ἐπισκόπους
3367 5214 3456 5281 ὑφ’
3496 5210 3682 5271 ἑαυτὸν,

2120 5305 2285 5375 ,ὥστε
2345 5304 2442 5357 καὶ
2496 5307 2818 5374 χειροτονεῖν
2871 5304 3089 5371 αὐτοὺς,
3148 5305 3223 5369 ὥς
3287 5323 3432 5368 τινες
3485 5304 3682 5357 οἴονται.

2157 5400 2539 5469 Ἐπινενόηται
2586 5399 2642 5452 δὲ
2689 5397 2846 5451 τοῦτο
2866 5398 2956 5450 διὰ
3007 5398 3067 5450 τὸ
3109 5398 3209 5467 τῆς
3242 5398 3364 5450 ὁδοῦ
3397 5398 3587 5465 μῆκος,
3615 5394 3681 5446 Eva

2149 5494 2223 5563 μὴ
2251 5492 2623 5545 ἁποκναίωσιν
2655 5493 2705 5544 οἱ
2755 5492 2892 5560 πρὸς
2932 5492 3072 5561 ἡμᾶς
3118 5490 3331 5543 ἐκεῖθεν
3369 5488 3682 5557 στελλόμενοι

2146 5584 2481 5638 διαπόντιοιο
2532 5585 2624 5636 καὶ
2674 5581 2831 5651 δῆλον
2896 5584 2960 5635 ἐκ
3024 5581 3119 5636 τοῦ
3171 5580 3247 5653 μὴ
3277 5581 3485 5643 τούτοις
3510 5581 3591 5633 ἀεὶ
3631 5579 3681 5629 ἐκ

2147 5676 2439 5748 προσώπου
2510 5675 2602 5728 τοῦ
2672 5676 2838 5728 [lita
2903 5673 3306 5741 καθίστασθαι,
3363 5673 3477 5727 ἀλλ’
3537 5670 3683 5723 ἐνίοτε

2147 5770 2242 5821 καὶ
2270 5768 2509 5839 ἑτέρους,
2543 5766 2635 5834 οὓς
2664 5771 2690 5822 6
2725 5769 2863 5824 κατά
2893 5769 3118 5840 καιροὺς
3150 5768 3250 5837 τῆς
3291 5765 3506 5838 Ῥώμης
3534 5765 3687 5819 εἵλετο

2146 5863 2358 5920 Πάπας.
