3918 6576
423 335 562 400 1295

1618 333 1987 395 ΜΑΤΤΠίΈῐ
2035 333 2458 395 BLASTARIS

3535 345 3650 408 1:95

419 452 574 506 ribus
644 447 996 520 suppeditet;
1059 456 1113 501 at
1171 462 1276 501 non
1349 462 1650 518 pauperum
1714 456 1996 517 praetextu,

2108 445 2204 498 καὶ
2226 445 2436 507 τούτοις
2471 442 2532 508 ἐξ
2561 443 2680 512 ἴσης
2710 443 2819 504 τοῖς
2865 441 3073 507 λοιποῖς
3107 443 3307 514 πένησι
3329 463 3343 475 ο
3382 449 3452 519 μὴ
3495 453 3650 520 μιντηι

419 556 541 610 qua:
577 548 705 592 sunt
735 538 1004 599 ecclesiae,
1059 535 1292 590 vendat:
1332 536 1427 590 sed
1461 552 1527 591 ex
1574 537 1846 591 reditibus
1894 535 1997 596 sibi

419 635 523 706 ipsi
563 643 617 688 et
654 635 763 688 illis
794 633 1126 703 suppeditet.
1161 632 1516 704 Quacunque
1546 634 1694 689 enim
1728 632 1840 690 Deo
1869 643 1999 690 sunt

415 734 763 790 consecrata,
805 738 872 778 ne
895 721 1064 777 faciat
1095 721 1347 794 profana.

489 908 645 962 nunc
675 906 943 960 verbatim
977 921 1420 961 commemorans
1452 921 1528 960 vtt
1570 905 1761 976 synodi
1787 905 1993 961 lican.

414 1000 674 1055 adducit:
728 1000 786 1054 Si
844 999 1146 1069 episcopus
1189 1000 1270 1055 vel
1331 997 1648 1054 monasterii
1702 999 1998 1066 praefectus

413 1089 681 1158 t-piscopii
725 1090 808 1144 vel
849 1092 1169 1145 monasterii
1213 1107 1573 1161 quascunque
1617 1073 1998 1160 possessiones

411 1181 632 1244 alienet,
661 1189 716 1235 et
756 1180 986 1250 principi
1022 1181 1106 1237 vel
1148 1183 1304 1238 alteri
1333 1187 1554 1251 tradat,
1587 1187 1741 1241 irrita
1789 1186 1861 1241 sit
1891 1195 2000 1239 Ira-

412 1274 567 1327 ditio.
594 1273 746 1338 Quod
780 1273 826 1327 si
856 1274 1248 1329 detrimentum
1287 1277 1467 1346 potius
1511 1295 1674 1345 quam
1709 1278 1995 1332 utilitatem

411 1366 610 1421 afferre
643 1381 834 1436 agrum
866 1377 1130 1423 causetur
1155 1410 1170 1433 ,
1223 1385 1290 1424 ne
1317 1371 1398 1426 sic
1431 1371 1597 1426 etiam
1644 1386 1770 1427 eum
1824 1371 1998 1438 magi-

411 1456 702 1523 stratibus,
763 1458 858 1512 sed
917 1459 1134 1513 clericis
1191 1461 1273 1514 vel
1314 1462 1574 1532 agricolis
1602 1463 1842 1518 addicat.
1899 1461 1996 1516 Sin

411 1559 594 1604 autem
673 1551 972 1607 calliditate
1033 1553 1215 1622 aliqua
1279 1564 1508 1620 utatur,
1571 1565 1627 1610 et
1677 1571 1742 1611 ex
1798 1555 1997 1610 clerico

415 1641 495 1696 vel
551 1640 790 1712 agricola
845 1657 1036 1711 agrum
1097 1645 1450 1714 magiStratus
1500 1663 1722 1702 rursum
1777 1648 1992 1712 emerit,

411 1737 492 1790 sic
523 1749 749 1804 quoque
795 1734 951 1790 irrita
989 1735 1060 1789 sit
1108 1736 1278 1801 actio,
1319 1737 1436 1792 sive
1477 1737 1551 1792 sit
1600 1739 1847 1793 venditio
1881 1739 1996 1793 sive

2105 539 2380 606 προφάσει
2409 534 2518 587 τῶν
2560 531 2756 586 ἐνδεῶν
2828 534 2896 587 τά
2935 533 3033 603 τῆς
3100 535 3400 604 ἐκκλησίας
3436 539 3652 611 sum».

2103 629 2212 682 λεῖν
2239 642 2252 656 ⁸
2294 630 2358 680 ἐκ
2385 627 2444 680 δέ
2493 643 2556 694 γε
2590 626 2700 678 τῶν
2750 625 3031 694 προσόδων
3084 626 3264 696 ἐαυτῷ
3294 645 3356 680 τε
3408 632 3648 700 x‘txslvoi;

2103 727 2368 794 ἐπαρκεῖν
2395 739 2408 752 ·
2442 723 2509 776 τὰ
2532 722 2640 793 γὰρ
2682 719 2761 791 τῷ
2793 720 2913 793 Θεῷ
2958 719 3374 792 καθιερωθέντα
3405 725 3494 796 οὐχ
3531 728 3650 783 ὅσιον

2102 819 2370 872 ἐκποιεῖν.

2173 910 2378 964 Τοῦτον
2423 911 2568 965 κατά
2605 912 2762 984 ῥῆμα
2797 913 3032 979 ἐπεξιὼν
3077 913 3104 965 ὁ
3145 911 3247 981 τῆς
3281 912 3326 978 ζ’
3365 913 3562 968 συνόδου
3596 917 3650 986 ιβ’

2100 1006 2480 1072 προσεπάγει·
2525 1003 2858 1066 Ἐπίσκοπος
2887 1006 2919 1076 ἢ
2969 1005 3298 1075 ἡγούμενος,
3336 1005 3478 1059 ἔστιν
3502 1008 3533 1062 ἀ
3563 1013 3650 1062 τῶν

2103 1095 2194 1148 τοῦ
2223 1097 2580 1150 ἐπισκοπείου
2616 1097 2648 1168 ἢ
2681 1099 2792 1150 τῶν
2826 1099 2920 1150 τοῦ
2963 1099 3340 1168 μοναστηρίου
3395 1104 3649 1172 κτημάτων

2100 1188 2519 1258 ἐκποιούμενος,
2571 1189 2667 1242 καὶ
2706 1190 2932 1260 ἄρχοντι
2974 1191 3006 1260 ἢ
3056 1191 3230 1262 ἑτέρῳ
3261 1192 3370 1245 τινὶ
3422 1194 3649 1263 ἐκδιδοὺς,

2099 1277 2303 1346 ἄκυρον
2337 1273 2476 1331 εἶναι
2509 1279 2608 1349 τὴν
2641 1278 2882 1335 ἔκδοσιν.
2921 1279 2989 1333 El.
3011 1281 3069 1334 δὲ
3107 1282 3492 1351 προφασίζοιτο
3517 1303 3652 1355 προσ-

2101 1371 2335 1443 ζημιοῦν
2369 1373 2572 1440 μᾶλλον
2599 1373 2630 1445 ἢ
2666 1375 2836 1427 ὀνῖναι
2867 1375 2958 1429 τὸν
3001 1376 3196 1445 ἀγρὸν,
3233 1378 3357 1448 μηδ’
3384 1379 3544 1444 οὕτως
3569 1383 3652 1450 ἀρ-

2099 1482 2277 1534 χουσι,
2315 1465 2598 1536 κληρικοῖς
2623 1467 2679 1519 δέ
2708 1469 2740 1539 ἢ
2771 1471 3043 1538 γεωργοῖς
3083 1471 3250 1523 αὐτὸν
3297 1471 3559 1528 unum.
3593 1476 3648 1528 El

2099 1555 2154 1610 at
2188 1556 2496 1628 πανουργίᾳ
2537 1559 2826 1628 χρήσαιτο,
2863 1561 2958 1612 καὶ
3001 1561 3070 1614 ἐκ
3118 1560 3216 1614 τοῦ
3272 1561 3472 1632 κλήρου
3519 1566 3649 1634 ἢτοῦ

2099 1648 2353 1718 γεωργοῦ
2389 1651 2416 1702 ὁ
2449 1648 2636 1718 ἄρχων
2661 1650 2816 1712 αὖθις
2848 1651 3097 1722 ὠνήσατο
3122 1654 3214 1707 τδν
3238 1653 3430 1723 ἀγρὸν,
3467 1656 3550 1708 καὶ
3572 1656 3650 1708 οὖ-

2099 1758 2209 1803 τως
2228 1739 2432 1809 ἄκυρον
2467 1737 2610 1795 εἶναι
2637 1743 2737 1812 τὴν
2767 1743 2990 1812 πρᾶξιν,
3023 1746 3134 1798 εἴτε
3162 1748 3386 1815 πρᾶσις,
3415 1748 3516 1800 εἴτε
3549 1768 3654 1802 συν-

413 1830 796 1896 pcrmutatio,
852 1837 906 1882 et
965 1829 1245 1898 episcopio
1311 1830 1391 1883 vel
1465 1833 1808 1887 monasterio
1871 1849 1996 1902 ager

2108 1831 2361 1903 άλλαγμα
2409 1835 2519 1903 είη.
2562 1834 2656 1887 καὶ⁸
2703 1835 2794 1887 τὸν
2826 1835 2996 1905 ἀγρὸν
3047 1835 3127 1906 τῷ
3179 1813 3653 1909 ἐπισκοπείῳῆτῷ

414 1919 758 1973 restituatur.
813 1917 917 1985 Qui
959 1928 1144 1974 autem
1183 1920 1286 1974 hoc
1338 1919 1529 1974 fecerit
1581 1923 1880 1993 episcopus
1915 1923 1998 1978 vel

412 2013 728 2082 przefectus,
777 2013 868 2067 ille
907 2013 1132 2082 quidem
1185 2012 1254 2067 ab
1302 2013 1604 2084 episcopio,
1657 2015 1746 2070 hic
1797 2032 1926 2071 vero
1968 2033 1998 2072 a

414 2107 752 2161 monasterio
815 2115 1163 2172 amoveatur,
1255 2116 1310 2159 ut
1371 2108 1463 2175 qui
1529 2107 1670 2162 male
1730 2108 2001 2178 dissipent

411 2214 535 2263 (tute
568 2214 674 2252 non
704 2213 1132 2269 congregavere.
1181 2197 1472 2253 Amotione
1499 2211 1682 2255 autem
1729 2199 2000 2272 depositio

411 2292 638 2346 omnino
665 2291 1015 2361 intelligitur.

482 2385 579 2438 llis
603 2384 770 2440 etiam
801 2386 1077 2439 consentit
1108 2385 1560 2456 Cartltaginensis
1591 2402 1711 2458 syn.
1748 2403 1874 2442 can.
1904 2388 1996 2455 ‘26,

411 2477 505 2546 qui
563 2477 973 2532 ecclesiasticas
1050 2479 1436 2548 possessiones
1519 2479 1743 2534 alienari
1815 2489 1996 2545 vetat,

413 2572 542 2626 licet
572 2571 785 2625 nullum
817 2571 1045 2624 omnino
1077 2570 1306 2626 afferant
1352 2573 1611 2627 reditttm.
1664 2571 1760 2627 Sin
1800 2589 1996 2642 magna

414 2673 606 2732 urgeat
654 2664 993 2728 necessitas,
1041 2666 1107 2719 ad
1147 2665 1482 2727 'prazﬁnitos
1531 2665 1820 2720 duodecim
1878 2667 1998 2735 epi-

411 2775 632 2829 scopos,
682 2768 737 2814 et
783 2758 1057 2828 imprimis
1120 2759 1188 2814 ad
1246 2758 1480 2813 aliorum
1532 2759 1853 2824 antistitem,
1911 2775 2000 2815 res

411 2851 710 2906 deferatur.
772 2851 829 2904 Si
912 2851 1015 2905 hoc
1071 2860 1253 2904 autem
1324 2863 1544 2921 promer
1625 2852 1997 2906 inevitabilem

414 2943 800 2999 necessitatem
853 2942 970 2998 fieri
1020 2951 1256 3006 nequeat
1289 2983 1304 3005 ,
1337 2943 1565 2998 "vicinos
1622 2957 1840 3012 quoque
1879 2945 1998 3013 epi-

412 3049 609 3104 scopos
636 3044 804 3089 testes
851 3035 1098 3089 adhiberi
1149 3044 1386 3104 oportet,
1437 3045 1494 3089 nt
1536 3052 1668 3092 cura
1704 3038 1997 3104 habetur,

412 3143 482 3181 rte
513 3135 768 3196 urgentes
801 3126 1185 3193 necessitates,
1231 3143 1353 3196 Quae
1387 3129 1637 3184 ecclesia:
1682 3130 1829 3201 illius
1860 3147 1993 3184 con-
2023 3153 2069 3215 ο

413 3218 688 3286 tigerunt,
758 3216 976 3286 ignoret
1042 3218 1326 3288 synodus:
1407 3217 1555 3288 quod
1625 3218 1729 3273 nisi
1785 3220 1998 3274 efficere

378 3338 380 3340 -
415 3318 702 3379 promptus
741 3310 834 3386 sit,
875 3316 1130 3377 tauquam
1168 3308 1275 3362 Deo
1295 3317 1351 3364 et
1385 3310 1596 3379 synodo
1628 3311 1826 3365 rationi
1876 3313 2000 3366 red-

412 3403 606 3459 dandae
646 3403 940 3463 obnoxius.
976 3417 1003 3456 a
1041 3403 1270 3473 proprio
1309 3403 1520 3459 honore
1553 3405 1903 3460 alionabitur.

495 3496 1004 3565 122Tricesimus
1025 3505 1214 3550 sextus
1239 3508 1424 3551 autem
1452 3497 1790 3569 presbyteris
1809 3499 2000 3556 et-aliis

412 3592 630 3646 clericis
689 3606 779 3646 res
848 3589 989 3645 ullas
1045 3589 1291 3645 ecclesiae
1327 3632 1344 3658 ,
1413 3591 1531 3646 sive
1597 3592 1829 3647 mobiles
1884 3594 2001 3649 sive

413 3683 747 3746 immobiles,
804 3683 1042 3738 vendere
1091 3683 1406 3747 interdicit,
1442 3683 1548 3738 nisi
1600 3700 1697 3739 sua
1729 3685 1999 3740 sententia

413 3777 547 3833 illud
587 3776 854 3848 approbet
877 3776 1189 3846 episcopus.
1225 3774 1340 3830 lmo
1377 3792 1477 3832 nec
1516 3776 1615 3848 ipsi
1646 3775 1865 3846 quidem
1895 3777 1999 3834 hoc

412 3868 598 3922 facere
629 3882 952 3938 concessum
982 3876 1088 3932 est,
1126 3867 1360 3938 synodo,
1385 3868 1478 3922 cui
1517 3871 1728 3934 subest,
1762 3869 1814 3924 id
1845 3868 2000 3941 igno-

414 3969 594 4023 rante,
635 3967 693 4013 ut
733 3967 786 4012 et
821 3960 1150 4030 presbyteris
1207 3959 1318 4014 sibi
1360 3960 1642 4028 subject-is.
1675 3960 1827 4031 Ipsos
1853 3964 1997 4016 enim

413 4051 480 4104 ad
503 4065 685 4104 rerum
707 4051 1207 4106 ecclesiasticarum
1237 4051 1768 4107 administrationem
1787 4063 2003 4123 oportet

412 4145 747 4200 suilicicntes
799 4155 968 4202 testes
1019 4147 1240 4210 habere,
1292 4162 1359 4200 ne
1409 4146 1744 4221 offensiones
1790 4149 1842 4202 in
1874 4164 2000 4204 eum

414 4239 759 4292 exoriantur.
811 4238 1029 4292 Mobilia
1080 4247 1262 4292 autem
1316 4241 1573 4304 vendere,
1625 4255 1751 4294 vasa
1815 4241 2001 4296 forsan

413 4345 595 4393 sacra,
626 4330 856 4383 omnino
901 4330 1261 4386 interdictum
1309 4339 1435 4386 est:
1486 4331 1744 4402 episcopo
1793 4343 2000 4399 autem,

412 4424 508 4493 qui
564 4424 770 4492 absque
823 4423 954 4476 cleri
1009 4426 1306 4490 sententia,
1343 4440 1468 4494 qua:
1500 4427 1569 4481 ad
1621 4427 1822 4481 victum
1873 4436 2002 4482 sunt

2105 1927 2461 1997 μοναστηρίῳ
2491 1926 2989 1992 ἀποκαθίστασθαι,
3025 1929 3119 1981 καὶ
3143 1930 3170 1981 ὁ
3209 1928 3370 1981 τοῦτο
3403 1936 3652 2002 σκαιωρή-

2103 2037 2203 2082 σας
2229 2019 2525 2083 ἐπίσκοπος
2550 2018 2582 2090 ἦ
2613 2020 2946 2090 ἡγούμενος,
2974 2021 3001 2072 ὁ
3056 2019 3158 2088 μὲν
3187 2019 3284 2073 τοῦ
3311 2022 3652 2090 ἐπισκοπείου,

2101 2110 2129 2163 ὀ
2161 2111 2218 2164 δέ
2276 2109 2373 2165 τοῦ
2404 2111 2778 2180 μοναστηρίου
2813 2112 3226 2182 ἐκϐεϐλήσθων,
3256 2111 3328 2175 ὡς
3362 2113 3656 2185 διασκορπί-

2103 2203 2289 2268 ζοντες
2330 2203 2520 2268 κακῶς
2559 2203 2594 2258 ἃ
2641 2205 2701 2258 οὐ
2734 2207 3048 2273 συνήγαγον
3070 2219 3085 2235 ⁸
3112 2207 3178 2275 τῇ
3212 2203 3408 2276 ἐκόολῇ
3459 2205 3512 2258 δέ
3540 2208 3653 2262 πάν-

2099 2313 2209 2360 τως
2241 2298 2670 2362 συνεξακοῦεται
2699 2298 2796 2351 καὶ
2823 2300 2854 2369 ἡ
2883 2299 3235 2369 καθαίρεσις.

2174 2391 2398 2456 Τούτοις
2427 2391 2518 2443 καὶ
2545 2391 2572 2443 ὁ
2597 2397 2688 2456 κς¹
2714 2392 2813 2456 τῆς
2840 2392 2898 2444 ἐν
2917 2391 3250 2467 Καρθαγένῃ
3271 2394 3653 2465 ἐπιψηφίζεται,

2101 2482 2196 2538 καὶ
2244 2483 2344 2550 τῆς
2397 2482 2696 2552 ἐκκλησίας
2749 2483 3088 2554 ἀνεκποίητα
3130 2480 3271 2537 εἶναι
3307 2485 3373 2538 τὰ
3424 2488 3649 2554 κτήματα

2103 2576 2374 2648 βούλεται,
2425 2579 2472 2629 εἰ
2511 2578 2606 2630 καὶ
2644 2576 2891 2644 μηδόλως
2935 2577 3060 2630 τινὰ
3100 2579 3257 2646 φέρει
3302 2580 3575 2649 πρόσοδον.
3601 2579 3655 2630 Et

2099 2669 2156 2722 δέ
2189 2668 2356 2738 πολλή
2387 2685 2469 2731 τις
2507 2668 2722 2738 ἀνάγκη
2755 2668 3055 2733 ἐπίκειται,
3089 2671 3204 2732 τοῖς
3231 2669 3550 2738 ὡρισμένοις
3573 2669 3656 2720 δὼ-

2099 2760 2233 2813 δεκα
2277 2757 2622 2823 ἐπισκόποις,
2676 2757 2771 2811 καὶ
2813 2759 2921 2828 πρὸ
2972 2758 3182 2812 τούτων
3239 2759 3318 2830 τῷ
3368 2759 3475 2812 τῶν
3511 2758 3657 2811 ἄλλων

2103 2845 2467 2915 πρωτεύοντι,
2501 2846 2785 2900 ἀναθεῖναι
2818 2847 2886 2900 τά
2911 2847 3041 2916 περὶ
3078 2845 3299 2901 τούτου.
3348 2849 3409 2901 Ei
3441 2848 3497 2902 δέ
3527 2848 3658 2901 τοῦτο

2101 2942 2200 3009 οὐχ
2240 2937 2352 2992 οἷόν
2382 2957 2440 2992 τε
2475 2939 2564 2993 eis
2600 2940 2662 2992 τὸ
2706 2941 3093 3010 ἀπαραίτητον
3129 2942 3228 3010 τῆς
3260 2943 3523 3011 ἀνάγκης,
3547 2943 3655 3003 τοὺς

2101 3034 2340 3102 ὁμόρους
2367 3032 2499 3103 γοῦν
2530 3034 2640 3086 τῶν
2665 3035 2985 3088 ἐπισκόπων
3014 3035 3519 3105 διαμαρτύρασθαι,
3543 3052 3658 3106 προο

2101 3123 2222 3194 vel;
2255 3123 2350 3176 τοῦ
2390 3123 2466 3196 μὴ
2489 3125 2760 3194 ἀγνοῆσαι
2787 3124 2888 3196 τὴν
2916 3125 3138 3178 σύνοδον
3169 3128 3270 3190 τὰς
3299 3129 3658 3198 ἐπισυμὸάτας

2100 3219 2166 3285 τῇ
2202 3216 2471 3288 ἐκκλησίᾳ
2520 3217 2713 3271 τούτου
2770 3219 3162 3288 περιστάσεις·
3193 3221 3334 3291 ὅπερ
3363 3221 3409 3273 εί
3445 3221 3520 3292 μὴ
3546 3221 3657 3292 δρᾶ-

2103 3328 2194 3364 σαι
2225 3309 2634 3383 προθυμηθείη,
2658 3307 2746 3366 οἷα
2777 3312 3080 3376 ὑπεύθυνος
3103 3312 3183 3384 τῷ
3205 3314 3324 3384 Θεῷ
3349 3315 3442 3366 καὶ
3469 3318 3534 3384 τῇ
3555 3331 3658 3366 συν·

2101 3403 2227 3474 ὁδῳ,
2267 3403 2368 3473 τῆς
2405 3405 2544 3468 ιδίας
2571 3405 2740 3475 τιμῆς
2763 3405 3292 3475 ἀλλοτριωθήσεται.

2184 3498 2244 3551 '0
2266 3497 2321 3550 δέ
2345 3495 2428 3566 λγ¹
2449 3513 2552 3569 πρε
2563 3498 2850 3570 σὸυ-τέροις
2872 3500 2967 3552 καὶ
2989 3500 3201 3563 λοιποῖς
3222 3500 3503 3570 κληρικοῖς
3524 3503 3658 3555 axz!-

2104 3607 2274 3660 ρηκεν
2305 3589 2454 3644 ἔστιν
2485 3590 2520 3645 ἀ
2559 3591 2667 3645 τῶν
2705 3594 2805 3657 τῆς
2860 3592 3163 3661 ἐκκλησίας
3231 3594 3559 3664 πιπράσκειν
3587 3611 3656 3645 κι-

2105 3683 2284 3750 νητῶν
2314 3700 2374 3736 τε
2413 3683 2506 3736 καὶ
2531 3685 2834 3754 ἀκινήτων.
2867 3686 2918 3736 εί
2952 3683 3026 3754 μὴ
3057 3684 3166 3755 ἀρα
3202 3685 3299 3738 καὶ
3333 3688 3360 3738 ὁ
3385 3687 3656 3747 ἐπίσκοπος

2108 3776 2476 3830 συναινέσειεν
2496 3793 2510 3806 ο
2547 3777 2609 3829 οὑ
2636 3776 2745 3846 μὴν
2776 3775 2887 3830 οὐδ’
2917 3777 3069 3847 αὐτῷ
3110 3776 3275 3830 τοῦτο
3317 3780 3494 3832 ποιεῖν
3527 3781 3656 3847 ἐφεῖο

2103 3884 2221 3928 ται,
2258 3870 2358 3938 τῆς
2384 3868 2470 3937 ἐφ’
2549 3868 2698 3920 τελεῖ
2725 3868 3031 3936 ἀγνοούσης
3060 3868 3307 3929 συνόδου,
3343 3868 3559 3938 προσέτι
3579 3868 3654 3919 καὶ

2103 3961 2212 4014 τῶν
2242 3961 2335 4014 ὑπ’
2364 3962 2514 4032 αὑτῷ
2552 3961 2970 4033 πρεσϐυτέρων.
3011 3963 3107 4015 Δεῖ
3148 3961 3258 4032 γὰρ
3290 3961 3385 4015 ἐπὶ
3429 3962 3522 4032 τῆς
3548 3961 3655 4014 διοι-

2106 4045 2320 4124 κήσεως
2355 4055 2468 4107 τῶν
2509 4056 2610 4124 τῆς
2671 4056 2970 4126 ἐκκλησίας
3008 4057 3361 4127 πραγμάτων
3397 4055 3653 4125 μάρτυρας

2104 4145 2304 4208 αὐτοὺς
2335 4145 2655 4217 ἀξιοχρέους
2694 4147 2861 4218 ἔχειν,
2897 4148 2971 4211 ὼς
3014 4147 3090 4218 μὴ
3136 4148 3415 4203 σκάνδαλα
3440 4146 3551 4201 κατ’
3576 4146 3654 4199 αό-

2105 4236 2202 4289 τοῦ
2253 4237 2496 4306 φύοιντο.
2535 4239 2750 4309 Κινητά
2807 4241 2991 4309 μέντοι
3025 4241 3251 4302 πωλεῖν,
3308 4241 3474 4308 σκεύη
3519 4237 3654 4307 τυχίν

2111 4329 2251 4398 ἱερὰ.
2287 4331 2464 4400 πάντη
2495 4332 2797 4404 ἀπείρηται
2825 4349 2837 4363 ⁸
2871 4334 2940 4386 τὰ
2969 4333 3028 4385 δέ
3063 4350 3127 4401 γε
3160 4335 3300 4404 πρδις
3334 4325 3530 4403 τροφὴν
3554 4333 3654 4382 ἐπιο

2107 4420 2318 4488 τήδεια.
2363 4422 2509 4476 σῖτον
2564 4421 2762 4491 δήπου,
2799 4422 2893 4476 καὶ⁵
2933 4422 3123 4476 ἀλλοῖα
3167 4425 3496 4494 σπερμάτων
3533 4422 3652 4486 είδη.

413 4517 638 4580 idonea,
699 4514 1040 4570 frumentum
1097 4531 1330 4585 nempe,
1367 4519 1446 4570 vel
1511 4518 1662 4572 varia
1718 4517 1996 4573 fructuum

2108 4513 2348 4582 νεμεσᾷν
2379 4513 2440 4566 οὐ
2479 4513 2562 4566 δεῖ
2591 4514 2668 4583 τῷ
2699 4515 3009 4586 ἐπισκόπῳ,
3048 4517 3142 4569 καὶ
3172 4516 3298 4587 δίχα
3322 4515 3538 4587 γνώμης
3560 4515 3654 4566 τῶν

413 4624 637 4680 genera,
667 4608 874 4671 vendit,
903 4622 1228 4663 succensere
1267 4624 1372 4663 non
1406 4619 1638 4679 oportet.

488 4701 561 4755 De
586 4700 792 4753 eisdem
831 4699 1164 4754 mentionem
1198 4699 1408 4757 faciens
1446 4701 1515 4755 15
1543 4702 1848 4774 Ancyrame
1873 4717 1997 4773 syn.

413 4792 586 4847 dicit:
616 4791 773 4858 Quod
804 4791 872 4852 si.
903 4799 1151 4860 tempore
1183 4808 1295 4862 quo
1345 4795 1576 4850 ecclesia
1609 4810 1710 4851 suo
1743 4796 2000 4866 episcopo

312 4920 336 4933 ν
411 4886 674 4939 destituta
711 4883 834 4946 fuit,
865 4884 1115 4950 contigit,
1140 4895 1198 4939 ut
1226 4887 1295 4940 ab
1325 4887 1514 4954 aliquo
1545 4887 1746 4941 clerico
1781 4901 1848 4941 ex
1877 4886 1999 4953 eius

412 4979 573 5032 bouis
611 4977 916 5047 quidquam
968 4976 1136 5032 fuerit
1169 4977 1476 5044 venditum,
1517 4977 1626 5040 ille,
1667 4977 1761 5046 qui
1813 4987 1999 5048 postea

410 5069 754 5124 ordinandus
810 5069 951 5134 erit,
1023 5071 1167 5138 quod
1227 5070 1332 5126 fuit
1401 5071 1679 5127 venditum
1740 5081 1997 5126 revocet:

410 5165 561 5218 illius
594 5178 726 5216 vero
751 5163 963 5230 judicio
1004 5165 1354 5233 relinquitur,
1379 5179 1447 5224 an
1481 5173 1733 5234 oporteat
1763 5165 1996 5234 pretium

410 5253 645 5324 emptori
674 5253 922 5316 reddere,
952 5269 1019 5308 an
1055 5270 1162 5310 non
1192 5273 1206 5321 ;
1235 5255 1349 5309 fieri
1381 5256 1528 5309 enim
1562 5263 1758 5324 potest.
1790 5262 1846 5307 ut
1873 5267 2002 5320 ager

410 5345 706 5401 admodum
750 5345 948 5401 fertilis
983 5347 1246 5417 majorem
1279 5346 1456 5416 pretio
1501 5346 1570 5401 ab
1599 5355 1844 5415 emptore
1872 5344 2000 5399 dato

407 5437 648 5492 {rut-tum
681 5435 898 5492 fecerit.

481 5525 710 5596 Magnus
757 5544 885 5582 vero
924 5527 1176 5599 ,Cyrillus
1233 5527 1287 5580 in
1335 5527 1579 5583 secundo
1624 5526 1690 5579 ad
1728 5525 1997 5581 Domuum

407 5619 657 5688 epistola:
728 5621 906 5691 capite
995 5634 1124 5674 vasa
1214 5618 1450 5688 pretiosa
1504 5627 1558 5673 et
1623 5618 1999 5689 possessiones

411 5711 727 5767 immobiles
783 5712 1153 5766 inalienabilia
1224 5710 1477 5764 ccclesiis
1536 5710 1741 5764 servari
1793 5709 1995 5778 jubet:

409 5803 768 5861 incidentium
799 5820 924 5860 vero
992 5811 1310 5873 sumptuum
1348 5801 1810 5889 dispensationem
1873 5801 1996 5857 illos

2103 4601 2198 4656 τοῦ
2229 4603 2436 4674 κνήρου
2466 4606 2860 4676 πιπράσκοντι.

2175 4696 2363 4751 Ταῦτα
2389 4700 2483 4752 καὶ
2513 4699 2538 4751 ὁ
2577 4704 2639 4752 ιε’
2669 4704 2770 4769 τῆς
2807 4705 2867 4754 ὲν
2906 4703 3156 4776 ’Δγκὺρᾳ
3197 4705 3416 4771 διεξιὼν
3443 4707 3650 4774 ἐπάγει·

2116 4790 2205 4852 Ὦς
2236 4791 2375 4859 εἴγε
2413 4793 2522 4861 μὴν
2553 4792 2797 4864 συμϐαίη
2839 4796 2978 4866 πρὸς
3009 4797 3120 4850 τῶν
3161 4798 3442 4865 κληρικῶν
3470 4799 3652 4868 πραθῆ-

2103 4883 2190 4936 ναί
2215 4901 2266 4936 τι
2298 4883 2406 4936 τῶν
2432 4887 2532 4953 τῆς
2599 4885 2920 4955 ἐκκλησίας,
2980 4889 3286 4942 ἐπισκόπου
3321 4890 3649 4959 χηρευοῦσης,

2104 4976 2181 5044 τῷ
2209 4975 2519 5044 τηνικαῦτα
2565 4975 2964 5032 ἀνακαλεῖσθαι
2993 4979 3086 5032 τὸν
3129 4983 3412 5034 είσέπειτα
3446 4998 3650 5051 χειροτο-

2105 5064 2478 5135 νηθησὸμενον
2514 5064 2576 5118 τὸ
2609 5067 2825 5136 πραθέν
2851 5085 2864 5098 ·
2910 5072 2978 5142 τῇ
3003 5069 3061 5122 δὲ
3089 5070 3282 5123 τούτου
3332 5072 3505 5142 κρίσει
3531 5071 3650 5125 ἀνεῖ-

2104 5174 2213 5222 ται,
2237 5158 2345 5209 εῖτε
2370 5159 2478 5229 χρὴ
2500 5161 2917 5230 ἀναστραφῆναι
2941 5163 3001 5214 τὸ
3023 5162 3244 5233 τίμημα
3263 5165 3341 5235 τῷ
3369 5165 3648 5234 πριαμένῳ.

2105 5247 2214 5300 εἴτε
2245 5248 2338 5300 καὶ
2383 5249 2484 5318 μή.
2525 5249 2872 5320 Εὺπροσόδου
2905 5253 3016 5324 γὰρ
3044 5254 3174 5318 ἴσως
3202 5255 3300 5308 τοῦ
3331 5257 3518 5326 χωρίου
3543 5271 3628 5321 τυγ

2103 5339 2383 5408 χάνοντος,
2433 5339 2606 5394 πλείω
2658 5341 2760 5409 τῆς
2808 5345 3255 5416 καταϐληθείσης
3301 5351 3465 5418 τιμῆς
3508 5347 3651 5414 ἐκαρ-

2102 5449 2346 5486 musam.

2185 5526 2243 5578 ’0
2282 5525 2340 5578 δὲ
2370 5527 2546 5596 μέγας
2575 5528 2844 5600 Κύριλλος
2871 5531 2930 5583 ἐν
2971 5531 3261 5600 κεφαλαίῳ
3318 5532 3542 5601 δευτέρῳ
3564 5529 3651 5593 τῆς

2101 5617 2240 5686 πρὸς
2278 5621 2485 5687 Δόμνον
2525 5622 2821 5691 ἐπιστολῆς
2885 5623 3151 5692 κειμήλια
3178 5626 3271 5676 καὶ
3305 5626 3516 5692 κτήσεις
3543 5624 3648 5673 dxt-

2101 5711 2296 5780 νήτους
2332 5711 2672 5780 ἀνεκποίητα
2717 5715 2838 5772 ταῖς
2871 5713 3197 5783 ἐκκλησίαις
3270 5715 3529 5780 σώζεσθαι
3571 5727 3649 5764 κε-

2101 5802 2248 5856 λεύει
2276 5819 2287 5832 °
2342 5803 2453 5856 τῶν
2495 5803 2554 5857 δὲ
2605 5805 3114 5873 παρεμπιπτόντων
3167 5807 3526 5875 ἀναλωμάτων
3561 5805 3646 5866 τὴν
