3918 6572
254 491 391 553 ιεη

1256 477 1663 542 δΥΝΤΑρΜΑ
1698 473 2324 537 ALPIIABETICUM.
2357 465 2425 508 ‘——
2457 459 2515 533 ε

3388 460 3527 526 1298

245 595 574 669 οἰκονομίαν
645 593 773 657 τοὺς
828 590 930 662 τὴν
981 591 1136 644 θείαν
1183 590 1470 654 διέποντας
1533 587 1846 658 ἱερωσύνην

1986 586 2046 640 ιιὶ·
2103 585 2351 640 divinum
2415 580 2786 639 sacerdotium
2851 575 3263 642 administrant,
3315 575 3522 632 subire.

249 693 401 762 ἔχειν
423 707 440 721 ·
475 687 538 741 τὸ
568 685 682 755 γάρ
707 683 1068 738 ἀπαιτεῖσθαι
1093 681 1253 750 λόγον
1286 681 1378 734 τὸν
1411 680 1716 732 ἐπίσκοπον
1740 679 1843 748 τῆς

247 781 586 852 διοικήσεως
615 777 726 832 τῶν
752 773 1280 845 ἐπισυμϐαινόντων
1304 772 1702 842 ἀναλωμάτων,
1731 769 1843 823 εῐτε

251 879 317 929 ὲκ
347 872 637 945 προσόδων
667 866 778 922 εἰεν
808 869 908 938 τῆς
943 868 1245 938 ἐκκλησίας
1267 906 1283 932 ,
1343 865 1444 919 εἴτ’
1473 861 1568 919 οὖν
1606 863 1703 917 καὶ
1734 861 1843 915 ἀπό

251 985 419 1022 τινων
443 961 854 1034 καρποφορίας,
877 961 1118 1031 λυπήσει
1143 959 1374 1030 σφόδρα,
1397 959 1473 1022 ὡς
1493 956 1662 1029 μηδὲν
1684 953 1846 1024 ἐσχά-

252 1078 354 1128 της
404 1058 627 1120 ἀδικίας
685 1056 960 1118 ἐλλεῖπον,
1013 1053 1142 1117 τοὺς
1196 1054 1488 1123 ἁπανταχῆ
1530 1051 1637 1120 γῆς
1683 1049 1848 1112 ὂντας

253 1149 723 1210 θεοσεϐεστάτους
785 1146 1146 1210 ἐπισκόπους.
1179 1144 1454 1208 Ἕκαστος
1523 1142 1632 1212 γὰρ
1689 1140 1848 1212 ήμῶν

251 1245 362 1299 τῶν
401 1245 554 1298 ἰδίων
580 1240 790 1313 καιρῶν
817 1239 980 1294 δώσει
1003 1238 1165 1308 λόγον
1203 1237 1286 1309 τῷ
1311 1235 1504 1308 δικαίῳ
1537 1236 1740 1306 Κριτῇ.

943 1416 1152 1486 Νόμοι.

329 1513 448 1577 Τάς
492 1512 816 1582 ἐκποιήσεις
845 1511 959 1564 τῶν
1002 1508 1326 1579 κτημάτων,
1359 1505 1396 1561 ἀ
1444 1505 1560 1567 τοίς
1592 1501 1851 1572 εὐαγέσιν

259 1606 439 1672 οἴκοις
474 1607 692 1676 ἀνήκει,
723 1605 888 1674 ῐσμεν
913 1606 980 1676 τῇ
1015 1602 1188 1673 πείρᾳ
1243 1603 1325 1664 είς
1370 1597 1612 1668 ἐσχάτην
1646 1593 1854 1665 βλάϐην

258 1698 356 1752 καὶ
385 1698 630 1766 παντελῆ
659 1695 1051 1765 καταστροφὴν
1079 1691 1190 1746 τῶν
1257 1687 1568 1758 ἐκκλησιῶν
1591 1683 1686 1740 τοῦ
1713 1682 1854 1736 Θεοῦ

259 1791 588 1861 γινομένας.
631 1787 982 1858 Ψιλούμεναι
1030 1789 1141 1855 γὰρ
1177 1785 1242 1836 ὲκ
1284 1783 1477 1836 τούτου
1516 1780 1618 1850 τῆς
1646 1777 1856 1841 οἰκείας

259 1883 619 1954 περιουσίας,
657 1882 738 1944 είς
777 1880 841 1934 τὺ
884 1879 1087 1950 μηκέτι
1121 1873 1265 1930 εἶναι
1317 1875 1723 1946 περιΐστανται.
1760 1868 1855 1923 Διὸ

1936 679 2100 744 Quod
2135 677 2282 748 enim
2316 687 2662 748 sumptuum.
2703 675 2796 746 qui
2829 673 2937 728 illis
2970 672 3254 737 eveniunt,
3301 669 3531 740 dispeno

1947 771 2182 823 sationis
2228 769 2372 823 ratio
2408 769 2477 822 ab
2503 769 2765 839 episcOpo
2809 767 3079 834 exigatur.
3113 765 3229 820 sive
3261 779 3327 818 cx
3354 761 3533 818 eccle-

1946 861 2184 917 siasticis
2235 860 2509 916 reditibus
2574 859 2703 925 fuit,
2759 858 2874 913 sive
2935 872 2999 911 ex
3067 857 3249 912 fructu
3316 855 3536 910 aliunde

1947 966 2222 1025 percepto,
2252 971 2445 1026 magna
2477 955 2705 1009 tristitia
2738 954 2937 1008 alllctct
2969 951 3353 1008 sanctissimos
3417 949 3536 1018 epi-

1948 1063 2175 1117 scopos.
2235 1050 2328 1119 qui
2397 1055 2526 1103 sunt
2586 1045 2788 1115 ubique
2825 1054 3133 1107 terrarum,
3192 1041 3337 1110 quod
3401 1037 3538 1094 nihil

1951 1140 2160 1194 ultima:
2220 1138 2506 1208 injustitiae
2581 1139 2756 1194 deest.
2819 1136 3210 1205 Unusquisque
3265 1134 3410 1188 enim
3442 1146 3542 1186 no-

1947 1241 2121 1288 strum
2159 1232 2308 1303 justo
2351 1231 2529 1288 Judici
2587 1239 2893 1302 temporum
2929 1240 3251 1285 nostrorum
3273 1226 3541 1281 rationem

1950 1325 2165 1381 reddet.

2581 1439 2594 1446 -
2677 1414 2864 1487 Leges.

2022 1507 2464 1574 Possessionum,
2497 1523 2618 1577 quae
2652 1508 2718 1563 ad
2755 1515 3143 1563 sacrosanctus
3173 1504 3376 1558 domos
3407 1515 3536 1569 per-

1954 1601 2168 1666 tinent,
2204 1602 2564 1658 alienatioues
2603 1599 3278 1671 experientiaiﬁdicimns
3337 1596 3404 1651 ad
3454 1611 3550 1649 ex-

1953 1706 2187 1752 tremum
2219 1699 2481 1752 damnum
2512 1709 2565 1752 et
2599 1695 2698 1750 Dei
2734 1695 3094 1751 ecclesiarum
3126 1690 3546 1748 subversionem

1955 1789 2097 1845 ﬁeri.
2133 1791 2341 1846 Exinde
2377 1791 2524 1844 enim
2564 1790 2784 1861 propria
2842 1787 3100 1843 facultate
3133 1787 3437 1858 privamur,
3489 1787 3549 1836 ut

1957 1898 2065 1937 non
2090 1883 2325 1955 amplius
2343 1883 2608 1938 exsistere
2633 1881 2868 1952 possint.
2916 1880 3258 1950 QuaprOpter
3276 1876 3548 1948 Optimum

257 1977 494 2044 ἄμεινον
541 1973 651 2028 ἀπὸ
684 1971 778 2026 τοῦ
826 1972 928 2026 νῦν
964 1972 1041 2042 μὴ
1093 1971 1403 2040 συγχωρεῖν
1449 1963 1853 2038 προσέρχεσθαι

1986 1975 2164 2030 Μιίιιιι
2190 1975 2322 2036 erit.
2379 1982 2437 2029 ut
2474 1974 2599 2039 illae,
2637 1973 2744 2028 nisi
2797 1972 2980 2044 gravis
3011 1984 3206 2041 urgeat
3231 1970 3551 2035 necessitas,

258 2067 498 2129 ταύτας.
527 2067 576 2118 εἰ
612 2066 796 2136 μήπου
824 2062 1204 2134 ἀπαραίτητος
1237 2058 1561 2126 κατεπείγει
1593 2056 1779 2127 χρεία.

331 2161 399 2212 0i
471 2158 582 2211 ἀπὸ
622 2157 732 2210 τῶν
771 2157 990 2223 εύατῶν
1045 2153 1430 2225 μοναστηρίων
1475 2150 1508 2220 ἢ
1542 2148 1730 2212 ἁπλῶς
1758 2149 1854 2201 ἐκ-

260 2253 516 2324 κλησιῶν
566 2250 1026 2322 ἐμφυτευόμενοι,
1068 2247 1100 2316 ἦ
1149 2245 1534 2317 μισθούμενοι,
1571 2243 1606 2314 ἦ
1651 2239 1858 2311 ἀγορά-

1957 2067 2027 2122 ab
2050 2066 2474 2122 alienationibus
2502 2067 2840 2120 abstineant.

2031 2158 2200 2225 Quia
2241 2157 2612 2213 sacrosanctis
2670 2156 3023 2213 monasteriis
3073 2155 3160 2211 vel
3220 2153 3551 2224 simpliciter

1961 2251 2213 2308 ecclesiis
2253 2250 2640 2322 emphyteusin
2703 2249 2914 2305 faciunt
2969 2247 3052 2303 vel
3086 2249 3426 2308 cmulurunt‘,
3471 2244 3557 2299 vel

264 2345 484 2408 ζοντες,
518 2342 551 2413 ἥ
584 2342 728 2395 κατά
759 2358 882 2394 τινα
914 2340 1122 2410 τρόπον
1148 2337 1623 2408 ἐκλαμϐσνόμενοι
1659 2333 1859 2401 κτῆσιν

1986 2352 2174 2409 :muut,
2205 2345 2287 2399 vel
2331 2345 2519 2412 aliquo
2548 2345 2714 2399 modo
2762 2343 3100 2398 immobilem
3149 2342 3558 2412 possessionem

265 2435 558 2503 ἀκίνητον,
612 2430 814 2501 πολλὴν
870 2427 1150 2499 ὀφείλουσι
1199 2426 1642 2482 καταϐάλλεσθαι
1690 2441 1858 2494 φρονο

1986 2437 2265 2508 :xcipiunt,
2301 2437 2503 2492 debent
2537 2437 2768 2491 multant
2799 2449 2992 2492 curam
3032 2435 3316 2499 adhibere,
3355 2441 3414 2487 ut
3438 2448 3560 2501 qua:

266 2527 414 2591 τέδα,
446 2527 534 2578 ἵνα
565 2524 634 2578 τὰ
665 2525 798 2594 παρ’
830 2523 1016 2578 αὐτῶν
1071 2521 1530 2589 καταϐαλλόμενα
1577 2520 1660 2581 εἰς
1689 2519 1867 2586 ἀναγ-

1986 2529 2036 2584 ιι)
2082 2528 2192 2584 illis
2233 2527 2544 2594 solvuntur,
2596 2528 2662 2581 ad
2704 2526 2974 2581 dictarqu
3026 2524 3388 2580 ecclesiarum
3425 2537 3562 2577 usus

268 2624 440 2683 κιίας
470 2621 664 2690 χρείας
729 2618 838 2671 τῶν
877 2616 1190 2688 εἰρημένων
1228 2613 1613 2686 ὲκκλησιῶν,ἥ
1650 2613 1865 2665 ἀντεισ-

1991 2619 2339 2685 ιοοεεεστίοε,
2365 2620 2448 2673 vel
2473 2618 2706 2672 aliarum
2738 2614 3178 2687 possessionum,
3199 2615 3400 2685 quibus
3422 2627 3562 2682 opus

268 2714 503 2780 αγωγάς
555 2713 761 2784 ἐτέρων
811 2713 1112 2781 κτημάτων
1165 2709 1621 2780 χρησιμευόντων
1669 2705 1866 2767 αύταίς

1992 2713 2197 2777 tabent,
2257 2710 2697 2767 introductiones
2758 2711 3170 2780 impendantut‘.
3223 2707 3320 2762 Sin
3354 2715 3560 2767 autem,

269 2805 751 2874 ἐκδαπανηθῶσιν.
803 2803 935 2856 Ἐὰν
985 2803 1042 2856 δὲ
1092 2803 1160 2856 τά
1197 2801 1329 2871 παρ’
1360 2800 1542 2855 αὐτῶν
1589 2797 1871 2871 καταϐλη-

1986 2819 2094 2875 [nte
2133 2805 2202 2860 ab
2240 2805 2348 2860 illis
2381 2805 2558 2860 soluta
2591 2812 2741 2869 sunt,
2771 2804 2916 2859 dicto
2947 2803 3110 2857 modo
3151 2816 3261 2857 non
3325 2798 3563 2853 admini-

270 2899 446 2952 θέντα
477 2899 554 2968 μὴ
584 2895 728 2950 κατὰ
772 2895 867 2949 τὸν
898 2894 1192 2965 εἰρημένον
1228 2893 1435 2962 τρόπον
1483 2891 1866 2963 διοικηθῶσιν,

1986 2909 2246 2966 strentur,
2297 2899 2395 2954 sed
2446 2897 2683 2954 fortasse
2719 2898 2774 2952 in
2825 2897 2962 2951 alias
3007 2895 3272 2966 quasdam
3324 2893 3565 2965 privatas

271 2990 418 3042 ἀλλά
451 2990 592 3043 κατά
633 2987 695 3041 τδ
743 2989 909 3059 τυχὸν
951 2990 1033 3050 εἰς
1069 2986 1240 3050 ἄλλας
1273 2986 1430 3049 τινὰς
1481 2985 1616 3048 ἰδίας
1649 2983 1867 3055 χρείας.

1986 2990 2338 3046 necessitates
2392 2988 2476 3043 vel
2507 2988 2836 3059 simpliciter
2883 2995 3038 3042 extra
3083 2992 3562 3042 sacrosanctarum

271 3085 307 3154 ἢ
342 3083 544 3146 ἁπλῶς
569 3082 775 3150 ἔξωθεν
819 3083 918 3151 τῆς
964 3080 1238 3152 ὡφελείας
1285 3081 1397 3134 τῶν
1431 3077 1648 3148 εύαγῶν
1680 3077 1871 3144 οῐκων,

1986 3081 2266 3138 domorum
2295 3081 2689 3146 emolumenta,
2737 3080 2830 3151 qui
2865 3081 2978 3135 hare
3011 3089 3249 3135 tractant
3280 3078 3363 3132 vel
3408 3077 3568 3132 aliter

273 3176 326 3228 οἰ
351 3174 538 3230 ταῦτα
571 3175 946 3246 πεπρακότες,
975 3175 1008 3246 ἢ
1041 3174 1217 3238 άλλως
1256 3173 1614 3242 ὁπωσδήποτε
1646 3171 1871 3225 ἐκδεδω-

1986 3189 2310 3245 quocunque
2363 3173 2526 3228 modo
2573 3173 2811 3236 elocant,
2861 3172 3026 3226 etiam
3072 3172 3252 3228 soluta
3289 3170 3574 3240 impende-

277 3269 444 3331 κότες
494 3269 563 3320 τά
609 3267 1030 3337 καταϐληθέντα
1085 3264 1610 3320 καταναλώσουσινο
1667 3264 1718 3316 οἰ
1775 3263 1871 3332 μὲν

1986 3269 2092 3322 rint
2119 3283 2134 3321 :
2175 3275 2545 3321 sacrosancta:
2575 3265 2795 3336 quidem
2823 3264 3020 3320 domus
3051 3276 3103 3320 et
3135 3263 3382 3319 ecclesia:
3417 3275 3570 3317 ante-

276 3359 686 3430 προειρημένοι
714 3331 938 3427 εὐαγεῖς
968 3354 1110 3412 οἴκοι
1141 3358 1238 3412 καὶ
1290 3358 1348 3412 αἱ
1403 3357 1718 3426 ἐκκλησίαι.
1747 3331 1871 3409 siam

1986 3360 2163 3422 dictrc,
2209 3357 2254 3414 si
2300 3357 2444 3412 intra
2482 3358 2846 3427 quadraginta
2884 3372 3060 3412 annos
3099 3357 3370 3411 actionem
3411 3355 3570 3410 insti-

276 3453 384 3523 τῆς
430 3453 1009 3524 τεσσαρακονταετίας
1055 3452 1283 3522 ἀγωγὴν
1330 3450 1673 3521 ποιούμενοι,
1715 3451 1884 3518 ἀναρ-

278 3542 479 3612 γύρως
508 3543 577 3597 τά
604 3545 786 3597 οίκεῖα
823 3542 991 3597 παντί
1033 3543 1220 3612 τρόπῳ
1265 3542 1644 3611 ἀπολήψονται
1675 3556 1690 3572 ⁸
1735 3542 1784 3594 oi
1823 3541 1881 3594 δὲ

279 3636 387 3706 τὴν
427 3635 658 3690 δέουσαν
702 3636 965 3707 φροντίδα
998 3634 1132 3706 περὶ
1175 3635 1288 3686 τῶν
1324 3633 1455 3704 παρ’
1489 3633 1672 3686 αὐτῶν
1712 3633 1880 3705 ἐκλη-

283 3729 537 3795 φθέντων
565 3727 641 3798 μὴ
675 3731 1065 3798 ποιησάμενοι,
1091 3727 1201 3780 ἀπὸ
1229 3727 1324 3798 μὲν
1347 3726 1443 3781 τοῦ
1473 3727 1706 3795 εὐαγοῦς
1728 3729 1880 3782 οίκου

281 3816 548 3881 ossam,
591 3817 668 3879 ὡς
708 3816 1061 3889 προείρηται,
1108 3816 1412 3886 λήψονται·
1457 3818 1621 3888 ἀρκεῖ
1654 3818 1764 3888 γὰρ
1788 3817 1885 3870 αύο

281 3911 428 3972 τοῖς,
457 3907 520 3960 τδ
569 3907 665 3962 καὶ
691 3908 766 3978 μή
795 3925 919 3962 τινα
950 3909 1149 3979 ἑτέραν
1180 3908 1446 3977 ὑποσχεῖν
1479 3908 1773 3977 τιμωρίαν,
1802 3909 1883 3961 ὅτι

282 4003 391 4064 τὰς
434 3999 530 4052 τοῦ
564 4000 700 4053 Θεοῦ
762 4001 1084 4071 ἐκκλησίας,
1129 4001 1258 4053 ὅσον
1305 4003 1371 4071 τῇ
1413 4000 1598 4053 αὐτῶν
1628 4000 1881 4072 ἀμελείᾳ,

285 4094 376 4156 εἰς
405 4090 714 4163 διαφθορὰν
742 4091 919 4144 ἐλθεῖν
956 4091 1527 4162 συγκατειργάσαντο.
1562 4091 1720 4145 Κατὰ
1763 4092 1890 4162 μὲν-

286 4203 377 4238 τοι
409 4202 476 4254 γε
507 4185 616 4237 τῶν
648 4185 1160 4239 καταναλωσάντων
1196 4186 1336 4238 αύτά
1374 4186 1455 4249 εἰς
1482 4185 1693 4239 οἰκείαν
1717 4185 1890 4238 δαπά-

287 4295 418 4347 νην,
449 4277 482 4348 ἢ
518 4276 711 4340 ἁπλῶς
759 4277 962 4342 ἔξωθεν
997 4278 1097 4347 τῆς
1136 4277 1247 4332 τῶν
1281 4277 1501 4346 εὐαγῶν
1545 4277 1712 4331 οἴκων
1746 4277 1890 4348 ὠφε-

289 4372 474 4433 λείας,
505 4369 732 4441 ἀγωγήν
764 4369 910 4440 ἔχειν
941 4369 1225 4424 δύνανται.

370 4464 474 4517 Ἀν
505 4463 564 4517 δὲ
605 4464 760 4533 παρὰ
805 4465 876 4516 τὰ
903 4462 1312 4532 διηγορευμένα
1362 4465 1497 4533 ἡμῖν
1533 4461 1890 4532 συνάλλαγμα

292 4575 355 4610 τι
393 4556 623 4624 γένηται
651 4556 744 4608 ἐπὶ
789 4556 905 4618 τοῖς
934 4555 1258 4624 διαφέρουσι
1303 4553 1619 4625 πράγμασι,
1648 4555 1891 4622 κινητοίς

1987 3460 2180 3518 tuaut,
2241 3465 2340 3505 sua
2401 3451 2522 3505 sine
2589 3451 2766 3519 pretio
2829 3451 3060 3505 omnino
3116 3451 3400 3520 recipient.
3465 3450 3571 3518 Qui

1985 3549 2168 3596 autem
2225 3542 2643 3597 convenientem
2696 3558 2807 3596 non
2857 3542 3063 3597 habent
3119 3557 3308 3596 curam
3359 3543 3430 3598 de
3489 3545 3572 3597 eis

1985 3650 2108 3705 qua:
2169 3634 2238 3690 ab
2289 3635 2399 3690 illis
2450 3636 2824 3705 excipiuntur,
2877 3651 2905 3690 a
2956 3647 3308 3691 sacrosancta
3345 3637 3568 3705 quidem

1985 3727 2150 3781 domo
2180 3741 2288 3780 non
2322 3728 2576 3796 amplius,
2614 3737 2671 3783 ut
2711 3737 2840 3783 ante
2871 3729 3080 3783 dictum
3111 3737 3220 3792 est,
3251 3729 3525 3798 excipient
3552 3747 3568 3793 ;

1987 3817 2195 3873 sufﬁcit
2247 3820 2393 3873 cnim
2440 3820 2548 3875 illis
2599 3821 2804 3876 nullam
2855 3821 3016 3875 aliam
3073 3821 3262 3876 subire
3315 3835 3570 3890 paeuam.

1986 3910 2133 3981 quod
2165 3925 2264 3965 sua
2310 3910 2638 3981 negligentia
2693 3913 2742 3965 id
2789 3921 3041 3982 egerunt,
3085 3923 3146 3966 ut
3179 3912 3426 3968 ecclesiae
3479 3912 3572 3966 Dei

1990 4000 2042 4057 in
2080 4001 2492 4070 corruptionem
2538 4001 2808 4057 venirent.
2851 4003 3131 4059 Adversus
3159 4019 3254 4058 eos
3286 4019 3440 4069 vero,
3479 4005 3573 4074 qui

1988 4091 2042 4146 in
2083 4093 2363 4164 proprium
2417 4108 2578 4148 ttStlm
2627 4091 2718 4146 illa
2768 4101 3180 4160 converterunt,
3233 4094 3318 4148 vel
3357 4093 3578 4164 simpli-

1989 4185 2130 4238 citer
2179 4195 2335 4239 extra
2385 4197 2864 4239 sacrosanctarum
2917 4185 3203 4241 domorum
3259 4186 3574 4256 utilitatem,

1991 4277 2262 4333 actionem
2297 4276 2502 4334 habere
2533 4287 2788 4348 possunt.

2063 4458 2120 4515 Si
2154 4469 2348 4530 praeter
2364 4476 2427 4516 ea
2452 4476 2571 4532 quae
2590 4477 2619 4516 a
2649 4462 2807 4518 nobis
2832 4465 3041 4518 sancita
3065 4472 3216 4530 sunt,
3251 4463 3319 4520 de
3343 4463 3578 4520 diversis

1994 4558 2178 4622 rebus,
2209 4557 2506 4612 mobilibus
2552 4567 2607 4613 et
2656 4559 3050 4626 iunnobilibus,
3092 4562 3166 4618 sit
3198 4561 3362 4616 alicui
3433 4577 3580 4616 san-

294 4667 360 4703 τε
390 4651 489 4702 καὶ
541 4649 852 4719 ἀκινήτοις,
884 4649 966 4701 ἐνὶ
999 4648 1110 4701 τῶν
1159 4647 1382 4715 εύαγῶν
1429 4645 1619 4714 οῐκων,
1648 4644 1871 4699 ἀναδίδο

1999 4657 2211 4701 clarum
2294 4649 2587 4704 domorum
2627 4651 2828 4719 aliquis
2895 4661 3254 4718 contractus,
3314 4652 3579 4708 reddatur

295 4742 430 4795 σθαι
485 4741 585 4810 μὲν
638 4743 707 4810 τῇ
757 4740 896 4810 αὐτῇ
943 4739 1216 4809 ἐκκλησίᾳ
1265 4739 1327 4791 τὸ
1404 4740 1665 4810 πρᾶγμα,
1707 4739 1794 4808 ἐφ’
1849 4730 1896 4806 ᾧ

295 4833 518 4887 τοιοῦτό
551 4849 605 4886 τι
634 4831 1094 4903 παρηκολούθησε
1133 4831 1273 4901 μετά
1301 4831 1413 4885 τῶν
1447 4830 1741 4901 τοῦ’μέσου
1768 4831 1894 4902 χρό-

297 4945 396 4981 νον
447 4925 714 4997 καρπῶν·
753 4924 962 4994 μενέτω
993 4926 1048 4978 δέ
1077 4925 1209 4995 παρ’
1241 4925 1380 4995 αὐτῇ
1427 4925 1522 4977 καὶ
1567 4923 1627 4976 τὸ
1652 4923 1894 4993 τίμημα,

298 5020 336 5089 ἢ
373 5017 435 5071 τδ
455 5017 770 5088 ἀντίδωρον,
798 5017 832 5089 ἢ
860 5018 919 5070 τὸ
949 5017 1093 5088 ὑπὲρ
1134 5017 1442 5087 ἀμείψεως,
1477 5017 1510 5088 ἢ
1543 5016 1713 5086 ἄλλης
1743 5017 1896 5070 οἱασ-

299 5111 402 5166 οὖν
427 5109 608 5173 αἰτίας
635 5111 774 5181 αὐτῇ
815 5109 1120 5178 δεδομένον.
1151 5109 1216 5165 Εἰ
1243 5111 1300 5164 δὲ
1352 5110 1628 5182 δωρηθείη
1661 5111 1898 5180 πρᾶγμα

301 5203 800 5274 ἐκκλησιαστικὸν,
836 5203 935 5259 καὶ⁵
972 5205 1108 5258 αύτδ
1140 5204 1492 5258 ἀναδίδοσθαι
1522 5207 1588 5276 τῇ
1613 5203 1897 5276 ἁγιωτάτῃ

303 5298 582 5369 ἐκκλησία
625 5299 766 5369 μετά
800 5297 911 5351 τῶν
962 5297 1060 5351 τού
1097 5298 1266 5368 μέσου
1317 5298 1516 5369 χρόνου
1548 5297 1780 5369 καρπῶν
1804 5312 1820 5330 ο
1847 5296 1896 5348 εἰ

303 5392 365 5444 δὲ
391 5390 646 5460 ὑποθήκη
689 5390 844 5460 παρά
869 5393 1044 5445 ταῦτα
1067 5390 1269 5461 δοθείη,
1298 5393 1326 5444 ὁ
1357 5390 1643 5462 δανειστὴς
1678 5390 1738 5443 τὸ
1773 5391 1900 5442 ἐπο-

309 5483 642 5552 φειλόμενον
693 5483 1018 5546 ἀπολλύτω,
1068 5483 1166 5536 κα)⁸
1224 5485 1286 5536 τὸ
1343 5483 1477 5537 αὐτὸ
1531 5485 1766 5554 πρᾶγμα
1819 5480 1900 5552 τῷ

310 5579 506 5646 εύαγεϊ
530 5577 663 5648 οίκῳ
693 5577 1016 5631 ἀποδιδότω.
1052 5578 1115 5631 Οἱ
1139 5578 1196 5630 δὲ
1218 5577 1288 5630 τὰ
1317 5576 1628 5648 συμϐόλαια
1655 5576 1903 5646 γράψαν-

311 5685 406 5732 τες
445 5668 538 5721 ἐπὶ
590 5669 857 5732 τοιούτοις
901 5668 1288 5740 ταϐουλλάριοι
1345 5667 1499 5739 παρᾶ
1560 5666 1710 5721 τόνδε
1741 5666 1900 5739 ἡμῶν

313 5763 410 5816 τὸν
438 5761 602 5833 νόμον
651 5762 896 5830 διηνεκεῖ
927 5761 1114 5833 ἐξορίᾳ.
1155 5759 1731 5825 καταδικαζέσθωσαν.

395 5853 463 5905 Ἢ
495 5855 680 5922 μέντοι
725 5853 904 5908 ταῦτα
937 5854 1311 5925 νομοθετοῦσα
1347 5859 1428 5924 ρκ’
1466 5852 1900 5916 Ἰουστινιάνειος

323 5947 489 6017 νεαρά
513 5946 762 6012 θεσπίζει
789 5946 863 6018 μὴ
885 5947 1048 6018 μόνον
1076 5947 1376 6020 ἀπρόσοδα,
1395 5947 1530 6003 ἀλλὰ
1555 5947 1646 6001 καὶ
1669 5947 1902 6017 εύπρόσυ

1997 4738 2220 4808 quidem
2251 4739 2358 4809 ipsi
2388 4741 2638 4796 ecclesia:
2673 4743 2830 4814 123
2857 4759 2964 4810 res,
2995 4759 3161 4814 super
3181 4760 3287 4808 qua
3318 4745 3424 4799 tale
3445 4745 3579 4813 quid

1999 4841 2357 4887 consecutum
2403 4843 2508 4900 est,
2559 4851 2683 4890 cum
2727 4831 3034 4892 intermedii
3079 4836 3339 4907 temporis
3386 4835 3581 4891 fructi-

1998 4923 2140 4981 bus:
2220 4935 2438 4981 maneat
2504 4938 2686 5006 autem
2749 4933 2892 4998 apud
2968 4929 3120 4984 illum
3193 4921 3425 4999 pretium
3498 4928 3583 4982 vel

1998 5017 2335 5080 autidorum.
2391 5027 2487 5074 aut
2529 5020 2676 5091 quod
2729 5035 2829 5091 pro
2877 5008 3282 5092 permutatione
3314 5021 3397 5076 vel
3443 5036 3586 5092 qua~

1998 5110 2345 5180 cunquealia
2377 5126 2544 5168 causa
2592 5114 2781 5168 datum
2812 5123 2914 5170 est.
2950 5113 3008 5169 Si
3053 5132 3183 5170 vero
3216 5116 3452 5171 donetur
3495 5130 3584 5170 res

2000 5202 2396 5272 ecclesiastica,
2427 5221 2490 5261 ea
2520 5221 2738 5276 quoque
2785 5222 2910 5262 cum
2959 5207 3273 5264 intermedii
3318 5207 3582 5276 temporis

2001 5293 2274 5351 fructibus
2306 5298 2673 5353 sanctissima:
2718 5300 2966 5355 ecclesia:
3011 5301 3313 5366 reddatur;
3348 5300 3395 5354 si
3430 5315 3580 5363 vero,

2000 5398 2199 5458 praeter
2245 5389 2382 5454 haec,
2435 5390 2649 5460 pignori
2699 5391 2825 5445 data
2875 5390 3063 5454 futuit,
3101 5392 3342 5445 debitum
3393 5391 3586 5461 perdat

2001 5481 2318 5546 fmnerator,
2377 5492 2432 5537 et
2495 5484 2745 5537 eamdem
2801 5499 2914 5538 rem
2966 5493 3335 5538 sacrosancta:
3400 5485 3583 5539 domui

2002 5575 2216 5630 reddat.
2265 5573 2367 5640 Qui
2419 5586 2627 5639 autem,
2677 5586 2877 5645 praeter
2919 5575 3056 5628 hanc
3086 5587 3333 5629 nostram
3386 5575 3582 5644 legem,

2003 5665 2315 5734 huiusmodi
2375 5674 2693 5721 contractus
2771 5664 2992 5735 scriptis
3051 5664 3377 5734 consignant
3422 5667 3584 5720 tabu-

2003 5759 2148 5823 larii,
2176 5767 2444 5828 perpetuo
2466 5757 3042 5814 exsiliodamncntur.

2077 5851 2202 5908 Ilaec
2251 5851 2504 5920 equidem
2559 5851 2817 5906 sanciens
2871 5849 2975 5902 120
3023 5848 3322 5904 Justiniani
3372 5849 3583 5904 novella

2007 5945 2220 6012 statuit,
2263 5960 2370 6000 non
2423 5943 2600 6000 solum
2664 5941 3006 5999 infructuosa
3065 5950 3119 5998 et
3183 5939 3330 5996 nihil
3375 5941 3585 6000 reditus
