3918 6566
147 471 270 534 13³5

481 587 620 656 Περὶ
647 587 989 656 προνομίων
1013 589 1376 654 βασιλικῶν.

811 679 1028 747 Νεαρά.

203 769 424 836 Ἔξεστι
454 771 563 840 γὰρ
584 771 660 842 τῷ
693 771 908 843 βασιλεῖ
954 774 1084 842 περὶ
1129 774 1352 845 ἐνοριῶν
1405 760 1704 847 ἐκκλησιαλ

146 863 335 915 στικῶν
361 860 770 927 διατάττεσθαι,
801 864 898 915 καὶ
930 864 1204 934 προνόμιά
1237 881 1398 918 τινων
1447 867 1702 935 ἀφαιρεῖ-

141 957 270 1015 σθαι,
298 954 394 1007 καὶ
416 956 730 1018 ἐπισκοπάς
755 952 916 1020 αὖθις
949 960 1029 1021 είς
1097 959 1461 1028 μητροπόλεις
1511 960 1702 1030 τιμᾷν,

140 1049 222 1102 καὶ
272 1046 612 1116 ἡγουμένους
673 1049 1146 1120 προχειρίζεσθαι,
1211 1052 1306 1103 καὶ
1355 1051 1520 1122 ἕτερά
1584 1068 1706 1104 τινα

136 1141 344 1193 τοιαῦτα
377 1141 573 1195 ποιεῖν.

200 1229 384 1283 Ταῦτα
418 1232 514 1283 καὶ
568 1230 597 1284 ό
641 1231 740 1300 τῆς
793 1230 847 1295 ς’
880 1230 1097 1284 συνόδου
1150 1231 1234 1302 λη’
1268 1231 1426 1285 δίεισι
1466 1236 1585 1296 ταῖς
1608 1233 1702 1286 αύ-

136 1326 242 1384 ταῑς
266 1321 416 1390 αὐτῷ
447 1323 796 1393 χρησάμενος
825 1323 1005 1389 λέξεσί
1035 1340 1093 1376 τε
1117 1324 1211 1377 καὶ
1241 1324 1490 1386 ἐννοίαις.

209 1416 264 1468 '0
296 1415 352 1468 δὲ
383 1415 642 1486 βασιλεὺς
678 1417 917 1481 ’Δλέξιος
945 1420 973 1469 ό
1025 1417 1330 1488 Κομνηνδς,
1365 1419 1481 1488 ἅμα
1519 1418 1618 1488 μὲν
1645 1417 1703 1472 τὸ

134 1509 191 1560 ἐκ
212 1505 319 1560 τῶν
347 1508 591 1560 κανόνων
617 1508 1022 1577 φυλαττόμενος
1049 1509 1189 1573 δέος,
1216 1511 1404 1580 ἆμαδέ
1431 1512 1526 1564 καί
1552 1529 1703 1573 τινας

131 1600 230 1652 τῶν
292 1599 602 1670 ἐκκλησιῶν
634 1599 898 1668 τιμᾶσθαι
941 1599 1288 1671 βουλόμενος,
1322 1602 1704 1672 χρυσοεούλλῳ

135 1690 416 1761 γράμματι
439 1691 736 1761 διορίζεται
797 1691 872 1762 μὴ
897 1691 1081 1756 ἀλλως
1113 1693 1418 1763 ἐπισκοπὴν
1450 1695 1528 1756 είς
1560 1693 1703 1762 ὑψη-

131 1784 340 1854 λότερον
370 1783 563 1854 θρόνον
593 1776 919 1848 ἅνάγεσθαιξ
939 1787 986 1838 εί
1023 1786 1098 1856 μὴ
1123 1788 1151 1838 ό
1183 1786 1326 1840 κατὰ
1352 1787 1580 1856 καιροὺς
1602 1785 1703 1855 βα-

131 1874 301 1938 σιλεὺς
335 1875 551 1930 οἴκοθεν
583 1877 869 1946 ὁρμηθείς,
925 1878 1147 1948 χάριτος
1200 1877 1547 1950 ἀνθρωπίνης
1603 1880 1702 1932 οὐκ

1092 479 1502 540 SYNTAGMA
1543 480 1797 540 ALPIIA
1814 483 2180 548 BETICUM.
2213 511 2281 520 —
2315 479 2375 545 Ε.

1737 596 1786 652 Δ

3262 486 3399 550 13ίῖ6

2190 597 2265 651 De
2306 596 2595 668 privilegiis
2633 595 3025 666 imperialibus.

2473 689 2727 744 Novella.

1884 777 2118 835 Licitum
2147 789 2232 837 est
2266 781 2460 851 imper.
2513 781 2580 836 de
2627 779 3121 835 ecclesiasticarum
3173 779 3398 848 provino

1815 869 2024 924 ciarum
2075 871 2276 926 ﬁnibus
2327 871 2589 934 delinire,
2651 881 2706 925 et
2755 871 3062 938 aliquarum
3114 871 3396 940 privilegia

1814 962 2055 1025 auferre,
2087 971 2142 1016 et
2171 963 2510 1032 episcopales
2547 963 2711 1016 urbes
2763 963 2960 1016 iterum
3011 962 3395 1030 metropolium

1813 1053 2022 1108 honore
2060 1055 2288 1120 donare,
2318 1066 2369 1110 et
2404 1055 2682 1109 antistites
2710 1054 2995 1123 designare
3025 1063 3075 1108 et
3109 1054 3212 1106 alia
3251 1054 3401 1122 ejus-

1813 1141 1960 1194 modi
1995 1140 2192 1197 facere.

1889 1231 2051 1302 126
2082 1231 2209 1286 llaec
2241 1234 2404 1287 etiam
2461 1242 2515 1288 et
2558 1249 2610 1288 vt
2644 1230 2836 1303 synodi
2872 1231 2942 1285 58
2976 1231 3164 1299 refert,
3191 1233 3396 1287 eisdem

1813 1338 1876 1378 ac
1907 1324 1998 1378 ille
2037 1325 2217 1378 verbis
2249 1334 2302 1378 et
2334 1325 2602 1380 sententia
2638 1340 2791 1378 usus.

1884 1417 2192 1485 Imperator
2221 1417 2446 1469 Alexius
2475 1416 2816 1484 Comnenns,
2852 1419 3017 1476 simul
3049 1419 3142 1488 qni
3171 1435 3200 1472 a
3237 1433 3400 1472 cano-

1813 1506 1975 1560 nibtts
2004 1507 2329 1570 intentatur,
2369 1515 2572 1560 metum
2607 1509 2930 1572 observans,
2960 1518 3090 1563 utct
3139 1509 3400 1563 ecclesias

1812 1600 2077 1670 quasdam
2150 1601 2421 1654 honorare
2487 1602 2699 1664 volens,
2769 1611 2934 1655 aurea
2986 1602 3131 1654 bulla
3185 1603 3398 1664 S'atuit,

1812 1692 2190 1760 episcopatum
2251 1707 2359 1746 non
2411 1693 2572 1748 aliter
2613 1695 2664 1746 in
2717 1693 3096 1747 sublimiorem
3140 1692 3400 1746 thronum

1810 1785 2154 1853 erigendum,
2191 1801 2353 1854 quam
2387 1785 2429 1839 si
2462 1785 2556 1854 qui
2587 1796 2716 1840 tunc
2748 1795 2829 1840 est
2855 1786 3153 1855 imperator
3176 1784 3401 1854 pr0prio

1813 1889 1962 1929 motu
2000 1876 2298 1946 impulsus,
2333 1876 2478 1930 nulla
2535 1875 2769 1930 humana
2821 1876 3076 1930 indecora
3110 1875 3283 1942 gratia
3320 1876 3400 1928 in-

130 1969 431 2040 εὐπρεποῦς
457 1970 532 2040 μὴ
590 1970 1022 2039 μεσολαϐούσης,
1079 1970 1365 2042 βουληθείη
1418 1971 1595 2042 ταύτῃ
1649 1972 1708 2024 τὸ

1827 1969 2146 2032 erecdeutc,
2202 1968 2438 2022 voluerit
2489 1969 2658 2030 illam,
2712 1983 2832 2037 qua:
2883 1969 3140 2038 superior
3201 1975 3281 2020 est
3335 1981 3399 2020 ac

133 2061 537 2133 ὲπαναὸεὗηκὸς
570 2062 788 2132 ἀξίωμα
817 2065 1143 2133 παρασχεῖν,
1171 2064 1206 2133 ἦ
1236 2063 1296 2118 τὸ
1343 2063 1446 2134 τῆς
1501 2065 1710 2127 πόλεως

129 2154 466 2224 δυσωπηθεὶς
497 2154 750 2224 μέγεθος,
781 2155 813 2224 ἢ
851 2157 1034 2212 πίστει
1071 2158 1138 2226 τῇ
1205 2155 1344 2226 πρὸς
1394 2155 1494 2225 τὴν
1536 2157 1710 2225 εὐαγῆ

129 2245 366 2313 κινηθεὶς
410 2245 762 2316 Ἐκκλησίαν,
799 2245 830 2315 ἦ
868 2245 963 2299 τοῦ
989 2247 1342 2317 προεστῶτος
1390 2247 1560 2316 αὐτῆς
1611 2247 1711 2318 τὴν

129 2337 322 2407 ἀρετὴν
350 2337 646 2400 αίδεσθείς.
683 2337 746 2390 Εἰ
781 2339 892 2409 γὰρ
913 2338 973 2404 ἐξ
1035 2337 1398 2408 εὐπροσώπου
1449 2342 1710 2408 τοιαύτης

129 2429 355 2493 αἰτίαςὸ
385 2430 645 2500 βασιλεὺς
703 2430 1008 2502 προεδρίαν
1065 2431 1334 2503 ἐκκλησίᾳ
1396 2432 1502 2486 τινὶ
1554 2431 1712 2503 χαρί-

129 2541 292 2587 σαιτο,
324 2524 424 2576 καὶ
453 2524 547 2576 τὸν
587 2507 937 2595 ⁸ιξοτριόιρχην
961 2524 1108 2589 εἰκὸς
1129 2525 1207 2596 τῷ
1229 2524 1436 2595 ταύτης
1461 2526 1712 2596 ἀρχιερεῖ

129 2617 214 2668 τὸν
243 2617 595 2687 προσήκοντα
623 2616 833 2687 βαθμὸν
859 2618 917 2670 ἐν
947 2620 1014 2688 τῇ
1050 2619 1143 2671 ὑπ’
1191 2617 1355 2671 αύτὶν
1411 2619 1709 2687 ἀπονέμειν

128 2708 342 2779 συνόδῳ,
405 2709 486 2771 είς
523 2708 924 2779 μητροπολίτου
957 2709 1143 2780 τυχὸν,
1194 2710 1228 2780 ἢ
1273 2710 1708 2781 ἀρχιεπισκόπου

126 2801 277 2853 τόπον
304 2803 510 2872 ἀνηνεγ
518 2801 688 2872 μένῳ.

129 2917 368 2970 ΚΕΦΔΛ.
403 2917 527 2972 KB'.
561 2919 693 2971 Ὀτι
716 2917 816 2971 δεῖ
835 2918 982 2984 τοὺς
1009 2917 1394 2983 ἐπισκόπους
1449 2920 1556 2984 τὰς
1577 2919 1709 2972 ἐπι-

190 2988 426 3054 σκοπὰς
460 2988 556 3041 καί
594 2992 665 3042 τὰ
687 2988 1073 3057 μοναστήρια
1136 2987 1603 3057 ἀνακαλεῖσθαι,
1656 2991 1709 3043 ει

192 3058 361 3112 κοινὰ
388 3058 666 3127 γένοιντο
703 3057 1063 3128 καταγώγια.

201 3173 261 3225 '0
295 3174 398 3241 τῆς
454 3173 692 3243 ἑϐδόμης
753 3173 976 3226 συνόδου
1013 3182 1080 3244 ιγ’
1136 3175 1317 3230 κανὼν
1379 3176 1502 3238 τοὺς
1553 3173 1711 3228 κοινά

1813 2061 2164 2124 eminentior,
2195 2060 2516 2128 dignitatem
2548 2061 2596 2114 ei
2630 2061 2890 2128 prtebere,
2921 2059 3002 2112 vel
3037 2066 3257 2127 propter
3280 2057 3400 2124 ejus

1814 2151 1868 2206 in
1901 2163 2145 2207 sanctam
2183 2153 2483 2208 Ecclesiam
2537 2152 2694 2205 iidem
2750 2162 2949 2212 motus,
3002 2151 3086 2204 vel
3127 2151 3268 2220 ejus,
3302 2151 3397 2220 qui

1810 2243 1895 2298 illi
1938 2252 2134 2312 praeest
2170 2244 2448 2308 virtutem,
2482 2243 2786 2296 honoratis.
2821 2239 2876 2294 Si
2904 2240 3049 2294 enim
3092 2257 3158 2294 ex
3211 2242 3400 2310 hujus-

1814 2351 1904 2388 tno
1929 2335 1958 2387 :i
1994 2334 2179 2403 aliquo
2207 2333 2456 2402 specioso
2493 2344 2756 2403 praetextu
2813 2333 3110 2403 imperator
3149 2334 3400 2387 ecclesiae

1813 2427 1974 2480 alicui
2003 2427 2384 2496 prmh-cturam
2428 2426 2716 2496 largiatur,
2748 2435 2832 2481 est
2865 2426 3030 2478 etiam
3076 2424 3396 2488 verisimile,

1811 2519 1957 2588 quod
1991 2519 2301 2588 patriarcha
2340 2518 2490 2572 illius
2530 2517 2764 2573 antistiti
2813 2501 3232 2571 convenientem
3269 2531 3399 2586 gra-

1811 2610 1941 2664 dum
1972 2612 2026 2665 in
2061 2612 2270 2682 synodo
2294 2613 2362 2664 ab
2400 2625 2466 2664 eo
2497 2618 2824 2681 congregata
2857 2610 3077 2673 tribuet,
3111 2609 3163 2662 in
3192 2617 3397 2663 mcer-

1812 2703 2042 2775 politani
2076 2703 2303 2758 forsitan
2337 2703 2419 2757 vel
2451 2702 2848 2772 archiepiscopi
2875 2703 3056 2756 locum
3090 2701 3286 2756 relato.

1810 2906 1966 2963 CAP.
1997 2905 2166 2961 XXII.
2213 2906 2369 2974 Quod
2407 2908 2743 2974 episcopatus
2788 2919 2835 2958 et
2893 2905 3216 2959 monasteria
3245 2920 3394 2957 raro-

1883 2995 2028 3040 care,
2058 2979 2104 3032 si
2131 2979 2433 3031 communia
2463 2977 2612 3046 facta
2649 2978 2754 3029 sint
2785 2976 3098 3040 diversoria,
3124 2979 3394 3043 episcOpos

1883 3058 2108 3118 oportet.

1885 3163 2144 3232 Septima:
2193 3161 2387 3233 synodi
2435 3161 2505 3217 i3
2554 3175 2729 3216 canon
2778 3161 2921 3224 illos,
2980 3161 3074 3230 qui
3129 3160 3396 3215 ecclesias

127 3266 442 3335 καταγώγια
478 3267 853 3335 πεποιηκότας
910 3269 1208 3334 ἐκκλησίας
1263 3268 1438 3332 τινὰς,
1493 3268 1526 3340 ἢ
1589 3269 1708 3320 ἐπιο

1827 3257 2027 3324 iliqnas
2078 3255 2160 3309 vel
2212 3254 2566 3324 episcopatus
2608 3254 2691 3308 vel
2751 3255 3084 3309 monasteria
3145 3254 3396 3310 iecerunt.

130 3358 412 3428 σκοπὰς,ἢ
453 3359 820 3431 μοναστήρια,
870 3359 1187 3424 ἐξίστασθαι
1235 3359 1440 3413 τούτων
1472 3358 1707 3421 κελεύει,

127 3451 194 3513 ὡς
226 3452 290 3505 ἂν
319 3451 478 3516 αὖθις
506 3453 566 3505 τδ
613 3456 840 3524 ἀρχαῖον
886 3454 1092 3509 λάϐωσι
1145 3459 1332 3526 σχῆμα
1367 3472 1382 3488 ⁸
1416 3456 1466 3509 εί
1524 3455 1580 3509 δὲ
1633 3455 1706 3526 μὴ

131 3544 424 3613 βούλοιντο,
449 3546 750 3614 κληρικοὺς
788 3547 892 3616 μὲν
925 3548 1103 3612 ὄντας,
1154 3547 1559 3618 καθαιρεῖσθαι,
1593 3548 1710 3600 λαῖ-

127 3637 248 3698 κοῦς
291 3636 352 3689 δὲ
399 3636 784 3708 ἀφορίζεσθαι,
813 3639 906 3691 καὶ
931 3639 1008 3708 τῷ
1038 3639 1385 3710 ἀτελευτήτῳ
1438 3639 1708 3710 σκώληκι,

127 3731 217 3781 καὶ
245 3729 326 3798 τῷ
358 3729 434 3799 μὴ
487 3729 838 3800 σϐεννυμένῳ
890 3731 1025 3800 πυρὶ
1075 3731 1574 3802 παραπέμπεσθαι.
1632 3731 1707 3791 ὡς

127 3821 213 3874 τὸν
236 3821 333 3875 τοῦ
378 3821 516 3875 Θεοῦ
565 3819 716 3876 οἶκον
753 3823 1019 3892 ἐμπορίου
1077 3823 1367 3886 ποιοῦντας
1420 3817 1590 3876 οἶκον.
1633 3821 1706 3874 Οὐ

134 3914 234 3983 μὴν
259 3915 323 3966 τὸ
356 3913 452 3968 τοῦ
486 3915 683 3986 χρόνου
719 3915 1124 3986 προϐαλοῦνται
1161 3916 1333 3986 μῆκος
1359 3915 1409 3967 οί
1461 3914 1558 3976 τὰς
1589 3915 1711 3966 ἐπι-

131 4007 338 4070 σκοπὰς
361 4009 442 4071 είς
476 4009 716 4077 κοσμικά
748 4007 1076 4078 μεταθέντες
1113 4005 1439 4074 καταγώγια
1461 4023 1476 4038 ο
1514 4007 1573 4059 ού
1599 4007 1708 4077 γάρ

130 4099 414 4154 ἀποκλείει
467 4101 595 4164 τοὺς
658 4100 1138 4170 ἀνακαλουμένους
1205 4099 1379 4152 ταῦτα
1441 4099 1468 4149 ό
1507 4095 1708 4167 μεταξὺ

131 4193 352 4260 χρόνος·
387 4192 456 4246 τὰ
493 4193 548 4245 δέ
595 4210 658 4260 γε
724 4209 1062 4262 μοναστηρια
1114 4192 1252 4262 μετά
1297 4188 1710 4258 τεσσαράκοντα

131 4281 219 4351 ἔτη
247 4281 350 4334 οῦκ
379 4281 627 4352 εὐχερῶς
666 4282 1139 4335 ἀποκαθίστανται
1172 4283 1281 4343 τοῖς
1317 4278 1707 4348 ἀναζητοῦσιν,

132 4376 176 4425 εί
205 4373 300 4426 καὶ
335 4373 425 4427 διὰ
456 4374 733 4444 ρᾳθυμίαν
771 4373 878 4426 τῶν
902 4373 1358 4444 προκατεχόντων
1395 4371 1476 4435 είς
1515 4369 1708 4432 αὐτοὺς

133 4466 445 4534 περιῆλθον.

132 4577 258 4634 Ὀτι
287 4579 362 4634 οὐ
399 4579 738 4633 κωλύονται
773 4581 828 4634 οι
855 4578 1135 4648 κοσμικοί
1167 4577 1555 4649 μοναστήρια
1611 4577 1711 4632 ἐκ·

717 4649 1068 4718 λαμϐάνειν.

197 4740 279 4793 Τὰ
306 4740 404 4793 τοῦ
432 4740 656 4802 κανόνος
689 4740 874 4810 μέντοι
934 4739 1035 4791 οὐκ
1069 4739 1322 4809 ἐμποδὼν
1377 4739 1532 4792 ἔσται
1591 4737 1706 4800 τοῖς

135 4829 538 4899 ἐκλαμὸάνουσι
589 4830 885 4900 κοσμικοτς
940 4831 1305 4899 μοναστὴρια,
1364 4829 1418 4882 εἴ
1466 4847 1531 4897 γε
1573 4827 1710 4898 πρὸς

135 4924 324 4994 βελτίω
349 4925 706 4986 κατάστασιν,
734 4923 829 4977 καὶ
889 4923 1025 4993 πρὸς
1071 4923 1315 4976 ἐπίδοσιν
1360 4923 1595 4991 κρείττω
1641 4921 1711 4974 τὰ

133 5018 226 5084 τῆς
257 5019 427 5088 μονῆς
462 5017 721 5086 γενέσθαι
765 5015 979 5079 τούτοις
1027 5016 1308 5085 μελήσειε.
1376 5015 1550 5070 Τοῦτο
1600 5016 1712 5084 γὰρ

134 5111 226 5162 καὶ
251 5114 279 5164 ό
300 5111 470 5180 τόμος
502 5109 596 5163 τοῦ
617 5109 969 5180 πατριάρχου
1001 5109 1227 5178 Σεργίου
1261 5108 1480 5176 ἐφίησιν
1506 5123 1522 5138 ·
1575 5106 1714 5159 ἀλλά

134 5203 252 5264 τοῦς
279 5200 569 5263 ποιοῦντας
600 5200 741 5255 αύτά
768 5200 1008 5271 κοσμικά
1045 5200 1366 5270 καταγώγια
1425 5203 1524 5272 τῆς
1551 5215 1714 5253 κατο-

135 5294 231 5362 χῆς
267 5294 450 5347 αὐτῶν
475 5293 688 5360 ἐξωθεῖ.

135 5408 365 5462 ΚΕΦΑΛ
395 5405 522 5463 ΚΓ.
580 5409 714 5476 Περὶ
766 5409 886 5462 τῶν
937 5408 1044 5462 τοῦ
1100 5409 1440 5462 ἐπισκόπου
1507 5406 1713 5463 ίδικῶν

199 5482 584 5548 πραγμάτων,
617 5479 714 5532 καὶ
749 5478 910 5546 ὅπως
956 5479 1054 5534 δεῖ
1080 5480 1154 5532 τὰ
1195 5478 1309 5547 τῆς
1373 5480 1713 5547 ἐκκλησίας

201 5548 454 5604 διοικεῖν
479 5553 692 5605 αὐτόν.

216 5664 278 5717 '0
339 5671 390 5735 μ’
451 5664 559 5717 τῶν
622 5665 796 5733 ἁγίων
855 5666 1173 5721 ἀποστόλων
1224 5663 1404 5720 κανὼν
1468 5666 1562 5718 τὸν
1601 5665 1712 5718 ῐδια

136 5756 470 5825 κεκτημένον
498 5754 602 5824 πρδ
640 5757 740 5824 τῆς
770 5758 1105 5828 χειροτονίας
1136 5757 1456 5820 ἐπίσκοπον,
1495 5753 1711 5807 κελεύει

135 5847 269 5917 δῆλα
313 5849 488 5902 ταῦτα
513 5851 713 5916 ποιεῖν,
746 5851 764 5916 j
797 5850 890 5903 καὶ
956 5848 1032 5918 μὴ
1085 5851 1198 5910 τοῖς
1249 5849 1347 5917 τῆς
1417 5845 1716 5916 ἐκκλησίας

144 5943 408 6010 μιγνύειν,
442 5941 507 5996 l’v'
538 5929 788 6009 ἐξουσίαν
831 5941 929 6013 ἔχῃ
978 5939 1268 6006 τελευτῶν,
1327 5936 1407 6006 οἷς
1464 5938 1712 6007 βούλεται

1737 4673 1787 4733 D

1814 3346 2128 3399 communia
2152 3345 2479 3407 diversoria,
2497 3344 2654 3414 jubet
2676 3360 2740 3398 ea
2765 3345 3082 3409 immutare,
3105 3356 3165 3399 ut
3195 3346 3394 3399 iterum

1816 3439 1871 3493 in
1925 3440 2216 3507 piistinum
2285 3446 2490 3495 statum
2559 3437 2946 3492 restituantur.
3033 3438 3088 3492 Si
3147 3455 3278 3493 vero
3330 3455 3396 3493 ea

1816 3533 2040 3586 reddere
2071 3530 2267 3595 nolint,
2301 3532 2347 3585 si
2380 3529 2730 3600 siutquidem
2760 3530 2970 3594 clerici,
3005 3532 3393 3598 deponantur;

1815 3623 1898 3677 sin
1958 3624 2082 3677 laici
2128 3638 2280 3684 vero,
2327 3632 2716 3693 segregentur;
2777 3631 2831 3676 et
2887 3625 3081 3685 vermi,
3141 3625 3232 3693 qui
3289 3640 3395 3678 non

1815 3715 2070 3779 moritur,
2111 3723 2164 3768 et
2195 3715 2330 3784 igni,
2360 3714 2453 3782 qui
2489 3729 2596 3767 non
2625 3713 3013 3780 exstinguitur,
3044 3716 3396 3784 deputentur,

1817 3816 1872 3858 ut
1905 3807 1996 3874 qui
2033 3806 2260 3860 domum
2318 3804 2410 3859 Dei
2439 3805 2658 3858 dotnum
2705 3805 3097 3874 negotiationis
3127 3805 3396 3859 fecertint.

1815 3893 2003 3963 Neque
2039 3895 2259 3966 quidem
2291 3895 2447 3950 multi
2499 3896 2759 3965 temporis
2798 3896 2987 3964 lapsus
3035 3897 3102 3950 iis
3154 3895 3400 3964 proﬁciet

1814 3990 1910 4057 qui
1944 3989 2292 4058 episc0patus
2324 3990 2377 4042 in
2407 3989 2689 4042 saecularia
2722 3995 3111 4041 converterunt
3148 3989 3398 4040 diverso-

1816 4082 1917 4135 ria.
1949 4079 2064 4134 Non
2095 4081 2243 4134 enim
2277 4081 2663 4135 intermedium
2706 4088 2924 4150 tempus
2970 4079 3112 4141 illos,
3161 4079 3254 4148 qui
3285 4080 3398 4133 lure

1816 4186 2078 4225 revocare
2129 4171 2339 4236 volunt,
2391 4170 2664 4241 prohibet.
2722 4169 3049 4226 Monasteria
3097 4185 3227 4223 vero
3275 4178 3400 4240 post

1815 4264 2176 4334 quadraginta
2208 4278 2478 4318 annorum
2503 4263 2738 4332 spatium
2769 4279 2876 4317 non
2902 4261 3062 4317 facile
3086 4262 3152 4316 ad
3183 4276 3400 4332 posses-

1816 4371 1971 4411 sores
2003 4364 2375 4419 revertuntur,
2433 4355 2561 4410 licet
2593 4370 2687 4424 per
2714 4355 2962 4424 priorum
3011 4368 3394 4423 possessorum

1816 4450 2127 4505 socordiam
2167 4449 2232 4503 ad
2265 4448 2392 4504 illos
2419 4456 2710 4508 venerunt,

1816 4562 1971 4629 Quod
2035 4561 2360 4616 monasteria
2433 4561 2672 4684 aczipere
2735 4560 3020 4617 swculares
3063 4576 3164 4615 non
3207 4559 3396 4630 prohi-

1861 4639 1870 4643 “
2535 4641 2709 4684 entur.

1861 4639 1870 4643 ’
2503 4639 2709 4685 bentur.

1888 4724 1987 4782 llic
2007 4739 2183 4780 canon
2202 4725 2454 4794 equidem
2487 4724 2846 4778 saecularibus
2887 4725 3219 4779 monasteria
3251 4726 3400 4780 acci-

1816 4835 1946 4890 pere
2007 4833 2118 4873 non
2151 4817 2452 4881 interdicit,
2513 4817 2559 4870 si
2620 4816 2689 4870 ad
2740 4815 3016 4870 meliorem
3075 4817 3398 4870 monasterii

1817 4913 2086 4968 bonorum
2119 4911 2564 4966 constitutionem
2615 4918 2671 4964 et
2711 4909 2974 4979 majorem
3027 4911 3396 4964 accessionem

1817 5007 1884 5059 ab
1922 5005 2003 5060 eis
2051 5005 2168 5060 haec
2220 5003 2468 5059 facienda
2529 5002 2659 5058 sint.
2705 5000 2822 5056 Hoc
2868 5001 3033 5055 etiam
3070 5002 3394 5071 patriarcha:

1819 5098 1994 5168 Sergii
2040 5100 2322 5152 decretum
2349 5096 2598 5168 permisit
2633 5103 2728 5149 :at
2761 5108 2853 5149 eos
2882 5094 2976 5162 qui
3001 5093 3092 5148 illa
3113 5095 3396 5149 saecularia

1818 5192 2027 5246 iaciunt
2051 5190 2378 5256 diversoria,
2415 5189 2483 5244 ab
2509 5203 2699 5243 eorum
2727 5187 3083 5258 possessione
3150 5187 3394 5258 expellit.

1817 5397 1977 5454 CAP.
2035 5396 2232 5452 XXIII.
2293 5396 2367 5452 De
2417 5395 2909 5466 privatisepiscopi
2961 5395 3128 5461 bonis,
3169 5406 3220 5449 et
3272 5411 3402 5466 quo-

1891 5471 2048 5524 modo
2084 5471 2316 5524 ecclesia
2358 5465 2566 5539 negotia
2619 5465 2774 5520 illum
2819 5469 3199 5521 administrare
3246 5465 3400 5534 opor-

1893 5552 1986 5597 tet.

1895 5655 2366 5727 Quadragesimus
2409 5661 2724 5708 sanctorum
2777 5651 3148 5722 apostolorum
3219 5663 3395 5703 canon

1819 5753 2162 5822 episcopum,
2201 5749 2292 5818 qni
2347 5764 2434 5804 res
2469 5749 2718 5818 proprias
2767 5755 3059 5813 antequam
3109 5743 3396 5797 ordinatus

1823 5846 1945 5905 fuit,
1974 5843 2310 5914 possidebat,
2366 5842 2491 5896 illas
2543 5837 2859 5893 manifestas
2912 5836 3091 5892 facere
3135 5836 3312 5906 jubet,
3341 5843 3397 5889 et

1823 5957 1932 5998 non
1969 5937 2228 5996 Ecclesia:
2281 5936 2443 5992 rebus
2484 5933 2812 5998 immiscere,
2859 5939 2918 5986 ut
2943 5930 3012 5987 sit
3044 5930 3099 5987 in
3140 5929 3254 5996 cius
3297 5942 3398 5994 po-
