3918 6572
134 364 274 431 tua
979 394 1009 428 ι

1111 384 1522 447 SYNTAGMA
1567 385 2193 452 ALPHABEUCUM.
2237 419 2304 427 —
2336 397 2390 454 ις.

3259 413 3398 470 1314

143 482 486 538 διοικούντων
519 485 585 540 τὰ
625 490 738 552 τοῖς
771 490 1098 556 ἐπισκόποις
1159 497 1452 564 προσόντα,
1501 499 1666 554 θανάτ

1778 516 1929 560 tnon
1966 503 2251 572 rapiantur
2286 522 2350 560 ca
2381 521 2502 575 qum
2551 509 2617 563 ad
2669 511 2957 586 episcopos
3006 517 3112 571 vita
3175 518 3397 579 functos

139 574 217 625 τὸν
239 573 361 642 βίον
387 579 841 646 μεταλλάττουσι.
875 586 1040 656 Ζήτει
1061 589 1156 644 καὶ
1186 587 1250 642 τδ
1277 595 1326 659 γ’
1359 607 1489 660 κεφ.
1535 592 1631 645 τοῦ
1662 589 1708 644 Χ

134 667 425 738 στοιχείου.

130 779 384 835 ΚΕΦᾹΛ.
428 784 718 865 κη’ξοτι
751 790 824 842 οὐ
850 788 947 865 δεῖ
963 791 1308 865 ἐπίσκοπον
1337 796 1425 862 εις
1450 799 1710 865 πρεσϐυ-

515 855 692 923 τέρου
726 859 990 914 κατιέναι
1020 863 1279 931 βαθμόν.

125 1128 282 1180 ouilia
313 1131 426 1200 γὰρ
455 1132 738 1204 ἄντικρυς,
773 1139 932 1204 φησὶ,
957 1137 1114 1192 τοῦτό
1139 1157 1224 1210 γε,
1255 1139 1342 1195 οἷα
1401 1143 1499 1213 τὴν
1547 1145 1704 1214 ἱερω·

122 1221 314 1288 σύνην,
343 1224 372 1272 ό
399 1222 604 1292 ταύτης
638 1226 737 1278 οὐκ
795 1229 1024 1292 ἐνδίκως
1074 1232 1457 1302 στερούμενος,
1503 1235 1704 1289 ὡσανεὶ

118 1311 404 1381 συληθεὶς.
437 1315 534 1385 Τῷ
589 1319 774 1387 μέντοι
828 1325 1126 1392 προφανῶς
1178 1325 1492 1395 ἐγκλήμασι
1547 1345 1702 1396 περι-

114 1406 460 1464 πεπτωκότι,
519 1408 617 1478 τῆς
646 1410 949 1482 ἱερωσύνης
983 1414 1147 1466 αὐτὸν
1179 1415 1528 1486 ἀφαιροῦσιν,
1577 1420 1698 1472 οὐδὲ

115 1494 312 1561 ίερέως
394 1498 688 1568 δοθήσεται
757 1504 959 1568 τόπος·
1054 1508 1422 1579 ἐγκλημάτων
1493 1513 1551 1564 δὲ
1621 1512 1698 1566 ὢν

109 1585 314 1649 ἀθῶος,
350 1588 474 1643 οὔτε
521 1592 620 1661 τῆς
668 1593 995 1668 ἐπισκοπῆς,
1055 1598 1180 1653 οὔτε
1241 1603 1342 1672 τῆς
1397 1605 1696 1675 ἱερωσύνης

104 1676 321 1742 δέκαιος
349 1680 416 1734 ἂν
455 1683 543 1754 εῐη
597 1687 890 1756 στέρεσθαι
914 1706 930 1722 ο
972 1691 1240 1764 ἑκατέρου
1275 1695 1384 1766 γὰρ
1430 1697 1696 1770 ἑκάτερον

103 1767 226 1838 ἔχετ
255 1789 310 1822 ηι.

395 1866 534 1934 Περὶ
581 1871 1004 1940 παραιτήσεωςέ
1033 1876 1405 1934 ἐπισκόπων.

175 1951 409 2018 Τούτοις
469 1960 566 2013 καὶ
602 1961 628 2010 ό
663 1960 823 2028 ἅγιος
876 1965 1265 2037 ὲπιψηφίζεται
1313 1973 1582 2044 Κύριλλος
1626 1978 1685 2031 ἐν

94 2041 174 2110 τῷ
199 2048 255 2108 γ’
278 2062 408 2111 κεφ.
441 2048 542 2118 τῆς
574 2052 711 2118 πρὸς
743 2054 948 2122 Δόμνον
1002 2058 1328 2132 ἐπιστολῆς·
1360 2041 1434 2118 To
1487 2086 1684 2139 παραι-

93 2134 314 2190 τεῖσθαι
339 2138 468 2206 γὰρ,
505 2143 662 2210 φησὶ,
711 2145 839 2206 τοὺς
867 2147 1294 2220 ίερουργοῦντας
1325 2157 1424 2218 τὰς
1470 2134 1682 2216 ἑαυτῶν

91 2225 422 2295 ἐκκλησίας,
455 2233 567 2295 τοῖς
623 2235 721 2304 τῆς
778 2239 1080 2310 ἐκκλησίας
1134 2246 1236 2299 οὐκ
1290 2248 1512 2317 ἀρέσκει
1559 2253 1681 2305 θεσ-

93 2333 221 2385 μοις
247 2334 260 2346 ·

93 2411 377 2464 ποιεῖσθαι
407 2417 750 2488 παραίτησιν
777 2439 791 2454 ο
825 2426 872 2477 εί
894 2425 952 2478 δὲ
987 2428 1218 2496 ἀνάξιοι,
1245 2433 1320 2502 μὴ
1351 2435 1458 2488 ἀπὸ
1476 2453 1679 2508 παραι-

88 2505 314 2572 τήσεως
346 2506 666 2578 ὲξιέτωσιν,
703 2514 822 2569 ἀλλ’
846 2518 910 2571 ἐκ
934 2519 1044 2574 τῶν
1066 2523 1504 2595 ἀποδειχθέντων
1555 2505 1674 2586 κατ’

90 2596 279 2648 αὐτῶν
314 2600 702 2671 ἐγκλημάτων.

167 2689 236 2743 Et
268 2691 326 2744 δὲ
381 2698 479 2750 καὶ
535 2705 988 2772 παραιτήσασθαι
1049 2727 1174 2765 τινα
1223 2713 1322 2783 τὴν
1369 2716 1672 2790 ἐπισκοπὴν

95 2781 370 2853 συμϐαίη,
417 2790 514 2839 καὶ
569 2793 637 2861 ἣν
683 2795 982 2869 ἐπιστεύθη
1035 2781 1285 2876 ποίμνην
1327 2781 1668 2875 καταλιπεῖν,

86 2872 422 2943 ἀντέχεσθαι
457 2880 555 2950 τῆς
585 2881 931 2954 λειτουργίας
977 2872 1234 2958 εἰσαῦθις
1316 2900 1416 2952 οῦκ
1478 2901 1546 2954 ἂν
1585 2872 1668 2972 εῐη

82 2964 323 3020 δίκαιον.
383 2970 672 3041 Ἀγνωμον
710 2979 819 3048 γὰρ
876 2983 938 3034 τὸ
971 2985 1072 3054 μὲν
1108 2989 1378 3060 μοχθηρὸν
1434 2996 1528 3046 καὶ
1553 2964 1672 3048 ἐπίξ-

84 3073 256 3108 πονον
289 3065 678 3130 παραιτεῖσθαι
737 3071 838 3140 τῆς
881 3078 1193 3147 προεδρίας,
1253 3081 1351 3152 τὴν
1398 3085 1663 3140 διδασκαο

81 3148 237 3210 λίαν,
267 3157 433 3222 φημὶ,
465 3159 560 3210 καὶ
582 3161 683 3228 τὴν
716 3162 812 3216 τοῦ
848 3165 978 3220 λαοῦ
1009 3169 1144 3240 πρὸς
1173 3172 1233 3225 τὸ
1265 3148 1514 3246 κρεῖττον
1551 3181 1666 3233 ὲπί-
1695 3203 1737 3260 c

79 3242 258 3307 δοσιν,
293 3249 386 3302 καὶ
411 3249 473 3302 τὸ
505 3252 584 3313 είς
616 3253 848 3326 δύναμιν
878 3261 1090 3331 εἵργειν
1118 3265 1218 3336 τὴν
1248 3242 1385 3336 πρὸς
1407 3271 1475 3324 τὰ
1502 3274 1670 3344 χείρω

79 3334 279 3388 τούτου
319 3341 524 3409 φοράν·
557 3344 658 3397 ὅσα
682 3347 739 3400 δὲ
764 3349 931 3420 τιμὴν
954 3355 1120 3424 τρέρει
1144 3334 1239 3411 καὶ
1267 3334 1450 3426 σέϐας,
1484 3334 1666 3433 παρα-

80 3430 344 3498 κατέχειν
421 3437 519 3490 καὶ
581 3439 942 3508 οἰκειοῦσθαι,
1012 3447 1112 3516 τὴν
1189 3452 1478 3524 ῥᾳστώνην
1537 3461 1667 3529 περὶ

78 3518 338 3585 πλείονος
375 3527 473 3593 τῆς
505 3529 614 3582 τῶν
668 3533 859 3602 ψυχῶν
891 3518 1210 3608 ἐπιμελείας
1234 3518 1245 3522 ν
1267 3518 1660 3617 πεποιημένον.

155 3616 448 3671 Δείκνυται
497 3621 554 3674 δὲ
587 3625 680 3677 καὶ
725 3627 790 3678 ἐκ
821 3628 917 3682 τοῦ
971 3637 1047 3694 ις’
1092 3635 1315 3697 κανόνος
1363 3639 1462 3706 τῆς
1514 3639 1666 3708 λεγο-

81 3708 256 3777 μένης
289 3713 518 3782 πρώτης
547 3717 642 3768 καὶ
667 3721 929 3790 δευτέρας
957 3725 1182 3778 συνόδου
1209 3729 1240 3796 ἡ
1280 3732 1508 3800 περιττὴ
1554 3735 1661 3787 τῶν

69 3801 226 3853 οὕτω
251 3802 645 3875 ψηφιζομένων
673 3810 852 3874 ἄνοια,
892 3816 953 3865 τδ
984 3815 1247 3871 δύνασθαι
1294 3820 1496 3892 δηλαδὴ
1536 3826 1661 3888 τοὺς

71 3894 361 3963 ἀρχιερεῖς
392 3897 494 3958 τὰς
550 3885 651 3966 μὲν
715 3903 1022 3968 ὲπισκοπὰς
1085 3885 1497 3978 παραιτεῖσθαι,
1561 3885 1660 3985 τὴν

71 3986 384 4057 ἱερωσύνην
435 3989 492 4042 δὲ
519 3991 613 4043 καὶ
668 3990 824 4059 αὖθις
865 4001 1296 4069 πιρακατέχειν.
1339 4000 1515 4068 Οὗτος
1547 4011 1658 4078 γὰρ

67 4078 98 4128 δ
139 4081 330 4132 κανὼν
380 4080 476 4134 τὸν
509 4083 670 4137 πλέον
701 4087 812 4139 τῶν
840 4087 898 4154 ἒξ
934 4091 1121 4160 μηνῶν
1167 4093 1268 4162 τῆς
1295 4096 1500 4162 οἰκείας
1523 4101 1660 4153 ἀπο-

67 4171 427 4242 δεδημηκότα
469 4176 802 4247 ἐπισκοπῆς,
835 4180 1109 4256 ἀναγκαίᾳ
1148 4187 1411 4257 οίᾳδήτινι
1436 4192 1654 4260 προφά-

72 4280 156 4316 σει
222 4264 301 4334 μὴ
358 4265 728 4336 κωλυόμενον,
781 4273 1072 4328 ἐκπίπτειν
1138 4278 1353 4332 κελεύει
1409 4283 1503 4334 καὶ
1552 4284 1655 4355 τῆς

67 4355 384 4426 ἐπισκοπῆς
421 4358 516 4410 καὶ
545 4361 643 4428 τῆς
672 4362 993 4433 ἱερωσύνης.
1059 4368 1123 4421 Et
1179 4369 1235 4422 δὲ
1283 4374 1310 4424 ὁ
1338 4372 1398 4425 τὸ
1433 4373 1654 4431 ἔλαττον

66 4445 342 4517 ἁμαρτὼν
402 4447 546 4502 οὕτω
602 4454 1084 4521 καταδεδίκασται,
1151 4461 1268 4522 πιῗςς
1318 4463 1347 4514 ὁ
1397 4466 1652 4535 καθάπαξ

320 2321 463 2387 ἄξιοι
514 2325 614 2394 μὲν
671 2328 782 2399 γὰρ
825 2332 980 2397 ὄντες
1055 2335 1416 2409 λειτουργεῖν,
1473 2345 1534 2396 οῦ
1599 2333 1708 2400 δεῖ

1814 593 2182 660 pertinebant.
2217 596 2409 662 Quaere
2437 607 2489 652 et
2543 600 2760 655 tertium
2793 613 2955 674 caput
2993 605 3186 664 litterae
3214 608 3284 666 X.

1882 794 2034 848 CAP.
2064 795 2490 878 XXVIII._Quod
2523 817 2622 854 non
2646 815 2858 878 ‘oportet
2905 809 3206 878 episcopum
3246 812 3318 865 ad

2193 871 2485 937 presbyteri
2522 874 2745 940 gradum
2789 878 2988 932 reduci.

1879 954 2096 1020 Quarta:
2126 962 2318 1029 synodi
2347 962 2416 1016 29
2450 967 2623 1018 canon
2668 971 2984 1037 episcopum
3035 969 3087 1022 in
3155 971 3388 1042 presby-

1809 1045 1907 1098 teri
1936 1047 2164 1113 gradum
2203 1051 2462 1105 reducere
2489 1063 2746 1122 oportere
2773 1074 2878 1111 non
2908 1061 3224 1129 existimat;
3253 1064 3385 1117 illud

1803 1135 1947 1188 enim
1980 1139 2326 1205 sacrilegium
2363 1156 2482 1197 esse
2543 1145 2718 1212 palam
2775 1148 2942 1212 dicit;
3002 1153 3224 1221 quippe,
3267 1165 3388 1207 tan-

1803 1242 1964 1296 qttam
2001 1241 2210 1299 raptus,
2247 1233 2365 1302 ipse
2402 1252 2496 1304 per
2534 1237 2789 1308 iniuriam
2829 1245 3142 1300 sacerdotio
3205 1246 3386 1315 priva-

1803 1327 1913 1372 tur.
1946 1319 2024 1372 llli
2061 1321 2301 1390 quidem,
2364 1327 2453 1394 qui
2511 1340 2694 1396 aperte
2749 1332 2803 1384 in
2858 1333 3090 1387 crimina
3164 1335 3380 1400 incidit,

1800 1413 2108 1465 sacerdotio
2145 1414 2294 1468 illum
2352 1420 2631 1482 exuentia,
2692 1439 2870 1492 neque
2930 1426 3233 1480 sacerdotis
3283 1429 3381 1481 da-

1798 1501 1944 1556 bitur
1974 1503 2126 1559 locus
2158 1521 2172 1558 :
2211 1507 2294 1562 sin
2325 1520 2504 1564 autem
2538 1515 2608 1567 sit
2655 1517 2949 1570 criminum
3011 1520 3224 1584 insons,
3282 1536 3382 1574 ne-

1796 1610 1903 1663 que
1964 1599 2285 1668 episcopatu
2351 1611 2528 1671 neque
2595 1609 2901 1662 sacerdotio
2958 1610 3170 1678 justum
3231 1622 3380 1669 esset

1797 1686 1946 1742 illum
1974 1690 2216 1758 privari;
2248 1708 2372 1747 nam
2407 1712 2574 1752 unum
2611 1701 2839 1755 alterum
2870 1706 3142 1773 sequitur.

2172 1867 2244 1924 Dc
2281 1873 2512 1940 episcopi
2543 1879 2958 1935 renuntiatioue.

1865 1957 1964 2014 His
1996 1961 2159 2016 etiam
2203 1966 2476 2019 consentit
2503 1978 2725 2022 sanctus
2751 1971 2990 2041 Cyrinus
3025 1977 3078 2029 in
3113 1979 3274 2032 tertio
3302 1981 3369 2034 ad

1794 2049 2062 2106 DOmnum
2088 2054 2332 2122 cpistola!
2361 2057 2574 2126 capite:
2610 2061 2938 2117 Sacerdotes
2966 2068 3135 2130 enim,
3169 2068 3365 2137 inquit.

1793 2143 1954 2212 130
1991 2146 2107 2201 suis
2149 2149 2396 2202 ecclesiis
2455 2153 2793 2220 renuntiare,
2823 2157 3214 2214 ecclesiasticis
3235 2177 3368 2216 con—

1789 2236 2172 2292 suetudinibus
2211 2253 2318 2292 non
2353 2244 2548 2309 placet.
2579 2242 2634 2296 Si
2684 2247 2830 2299 enim
2867 2247 3014 2316 digni
3073 2260 3224 2315 sunt,
3272 2255 3366 2321 qui

1786 2339 1940 2379 sacra
1974 2329 2229 2398 mysteria
2259 2331 2480 2394 obeant,
2516 2348 2625 2389 non
2661 2335 2860 2391 debent
2901 2343 3364 2398 renuntiationem
3415 2330 3424 2336 ’

1784 2416 1965 2472 facere
1995 2420 2079 2484 ;si
2113 2433 2294 2476 autem
2328 2424 2557 2492 indigni.
2598 2444 2696 2482 nec
2753 2445 2849 2500 per
2899 2435 3362 2490 renuntiationem

1784 2521 2020 2578 exeant,
2056 2514 2150 2568 sed
2212 2531 2309 2584 per
2340 2516 2758 2576 criminationes
2815 2525 3079 2581 adversus
3135 2543 3232 2582 eos
3286 2530 3364 2583 al-

1783 2602 1940 2658 latas.

1855 2693 1914 2749 Si
1943 2705 2128 2752 autem
2162 2701 2467 2770 contingat,
2501 2715 2561 2760 ut
2595 2707 2934 2778 episcopatui
2968 2713 3268 2778 renuntiet,
3303 2723 3361 2769 et

1781 2801 1996 2856 gregem
2025 2791 2129 2843 sibi
2156 2794 2510 2850 commissum
2545 2799 2888 2869 derelinquat
2923 2804 3142 2874 aliquis,
3171 2809 3356 2862 admi-

1781 2878 2168 2935 nistrationem
2205 2900 2400 2940 rursus
2435 2902 2713 2945 assumere
2765 2893 3024 2963 injustam
3076 2899 3204 2952 erit.
3249 2900 3358 2952 lni-

1778 2985 1946 3038 quum
1981 2982 2064 3026 est
2098 2975 2243 3028 enim
2272 2978 2587 3048 episcopum
2615 2984 2760 3050 qttod
2794 2985 3086 3041 molestum
3113 2999 3168 3043 et
3200 2991 3353 3045 labo.

1779 3060 1983 3113 riosum
2037 3073 2120 3117 est
2184 3063 2236 3118 in
2269 3071 2560 3134 prmsulatu
2591 3071 2913 3137 detrectare,
2946 3074 3349 3134 institutionem

1775 3152 1918 3214 dico.
1959 3164 2011 3208 et
2047 3157 2227 3225 populi
2271 3161 2338 3210 ad
2401 3161 2596 3215 melius
2647 3165 2976 3232 profectum,
3029 3172 3260 3240 ejusque
3295 3175 3350 3228 in

1773 3243 1956 3314 pejora
1997 3245 2259 3317 impetum
2295 3265 2394 3318 pro
2427 3253 2633 3308 viribus
2663 3255 2918 3311 cohibere
2947 3277 2961 3316 :
2993 3276 3116 3329 qua:
3164 3271 3346 3318 autem

1774 3338 2033 3394 honorem
2083 3342 2320 3396 all'erunt
2380 3347 2906 3417 venerationemque
2959 3355 3248 3423 complecti
3293 3370 3348 3413 ct

1770 3430 1874 3483 sibi
1923 3431 2223 3498 vindicare,
2255 3434 2425 3488 otium
2459 3435 2575 3506 ipsa
2617 3439 2922 3494 animarum
2985 3457 3118 3500 cura
3171 3451 3345 3516 pluris

1768 3520 2083 3578 facientem.

1837 3615 2150 3685 Ostenditur
2173 3621 2336 3674 etiam
2373 3640 2439 3676 ex
2470 3626 2534 3681 l6
2592 3642 2803 3684 canone
2837 3633 3026 3702 synodi
3079 3635 3266 3705 prima;
3290 3647 3346 3691 et

1764 3711 2021 3765 secundae
2051 3711 2244 3775 dictat,
2283 3717 2426 3784 quod
2474 3719 2610 3772 mira
2648 3732 2728 3775 est
2773 3737 2968 3778 eorum
3029 3726 3339 3793 dementia,

1763 3800 1854 3869 qui
1882 3802 2147 3865 sentiunt,
2193 3819 2357 3872 posse
2381 3807 2598 3874 quidem
2638 3812 2910 3866 antistites
2937 3816 3342 3886 episcopatibus

1764 3895 2102 3959 renuntiare,
2140 3897 2504 3951 sacerdotium
2539 3909 2719 3954 autem
2775 3907 2972 3958 iterum
3029 3922 3336 3965 assumere.

1760 3981 1860 4038 llic
1892 3986 2034 4038 enim
2067 4001 2240 4040 canon
2277 4003 2424 4053 eum,
2454 3993 2548 4060 qui
2575 3994 2695 4061 plus
2728 4012 2890 4064 quam
2928 4014 3017 4050 Sex
3057 4003 3340 4057 mensibus

1759 4076 1829 4130 ab
1859 4077 2204 4146 episcopatu,
2226 4081 2379 4134 nullo
2410 4085 2725 4139 necessario
2761 4097 3026 4156 prastuxtu
3059 4095 3334 4156 detentus,

1759 4168 2020 4235 abfuerit,
2048 4180 2102 4224 et
2128 4173 2441 4243 episcopatu
2478 4185 2532 4231 et
2561 4181 2866 4234 sacerdotio
2889 4183 3333 4255 exciderejubct.

1760 4259 1816 4314 Si
1847 4277 1994 4328 vero,
2043 4264 2134 4333 qui
2165 4267 2464 4333 paululum
2530 4269 2778 4334 oll'endit.
2839 4255 2948 4329 hoc
2989 4277 3148 4332 modo
3203 4294 3336 4334 con-

1757 4354 2085 4411 demnatur:
2132 4362 2427 4426 quomodo.
2457 4364 2549 4432 qui
2601 4380 2828 4435 prorsus
2861 4369 3202 4440 episcopatui
3241 4390 3331 4430 re-

1757 4448 2053 4514 nuntiavit,
2095 4459 2148 4504 et
2185 4453 2364 4520 gregis
2407 4469 2594 4509 curam
2657 4472 2754 4526 per
2790 4465 2960 4514 totam
3015 4464 3182 4518 vitam
3237 4483 3334 4519 ne.

63 4538 562 4608 παραιτησὰμενος
590 4541 686 4612 τὴν
718 4545 1051 4616 ἐπισκοπὴν,
1090 4551 1184 4603 καὶ
1209 4553 1306 4622 τῆς
1333 4555 1430 4608 τοῦ
1486 4576 1651 4629 ποιμ-

1778 4539 1936 4604 ςῐειίι.
1970 4556 2076 4594 non
2129 4544 2300 4598 multo
2354 4547 2526 4616 magis
2580 4551 2862 4617 punietur,
2900 4558 3017 4620 qui,
3067 4569 3333 4625 quantum

61 4631 185 4682 νίου
236 4631 521 4697 φροντίδος
573 4633 661 4685 διὰ
721 4635 836 4704 βίου
898 4642 1344 4712 καταφρονήσας,
1395 4645 1496 4698 οὐκ
1556 4649 1650 4700 ἐπὶ

60 4720 237 4772 πλέον
267 4722 737 4790 τιμωρηθήσεται,
787 4726 910 4779 ὅσον
961 4729 1022 4781 τὸ
1048 4730 1138 4781 ἐπ’
1167 4734 1316 4803 αὐτῷ
1345 4727 1502 4805 ἦκον,
1533 4742 1648 4803 τοῖς

60 4813 258 4868 λύκοις
286 4813 434 4876 ἀνεὶς
474 4815 532 4866 τδ
556 4816 924 4885 ἑμπιστευθὲν
949 4822 1100 4892 αὐτῷ
1134 4826 1286 4896 παρὰ
1314 4829 1404 4880 τοῦ
1429 4829 1646 4897 πρώτου

61 4906 332 4973 ποιμένος
372 4907 550 4978 Ἰησοῦ
584 4910 820 4980 Χριστοῦ
863 4914 1007 4984 ἱερὸν
1062 4918 1319 4987 ποίμνιον
1376 4921 1450 4992 μὴ
1474 4923 1558 4976 ὃτι
1585 4942 1647 4990 γε

57 5001 156 5050 καὶ
194 4997 390 5067 ὦππερ
419 5001 586 5068 γέρας
624 5003 774 5073 αὐτῷ
829 5006 1014 5076 νέμειν
1063 5010 1132 5062 τὰ
1186 5010 1286 5081 τῆς
1346 5014 1647 5085 ἱερωσύνης

60 5089 340 5158 πρεσϐεῖα
374 5107 390 5158 ;
428 5093 562 5162 napi
587 5087 647 5146 οὗ
672 5097 768 5150 καὶ
791 5097 818 5148 ὁ
851 5096 881 5150 ι’
912 5100 1093 5154 κανὼν
1121 5103 1214 5155 τοῦ
1253 5105 1410 5172 ἁγίου
1461 5109 1649 5161 Διονυ-

60 5183 186 5232 σίου
221 5181 500 5248 διέξεισιν.
536 5185 596 5238 Et
639 5186 771 5254 γοῦν
801 5189 929 5252 τοὺς
952 5191 1050 5260 τὴν
1084 5195 1259 5264 ἀρχὴν
1300 5198 1379 5258 εἰς
1406 5215 1646 5266 προστα-

55 5273 187 5325 σίαν
215 5273 348 5326 λαοῦ
376 5275 753 5346 καλουμένους
811 5282 859 5333 οἱ
913 5282 1142 5344 κανόνες
1173 5287 1554 5356 ἀφορίζεσθαι,
1593 5293 1644 5345 εί

57 5367 140 5435 μὴ
191 5366 494 5433 πείθοιντο,
522 5368 794 5436 ἀξιοῦσιν,
828 5373 912 5435 τίς
959 5373 1026 5426 ἂν
1051 5376 1160 5429 τῶν
1201 5377 1328 5430 νοῦν
1384 5381 1641 5449 ἐχόντων,

48 5457 438 5527 ἀπραγμόνως
482 5461 592 5512 τῶν
646 5462 1008 5518 καθεστώτων
1030 5466 1242 5531 δέξαιτο
1282 5469 1380 5539 τὴν
1435 5474 1641 5543 παραίο

48 5565 240 5616 τησιν,
269 5551 391 5604 ἀλλ’
415 5553 514 5604 οῦκ
543 5555 812 5624 ἐσχάτως,
865 5557 942 5616 ὡς
979 5559 1047 5612 ἂν
1077 5555 1188 5616 οἶός
1215 5579 1272 5614 τε
1302 5557 1359 5635 ᾖ,
1412 5564 1638 5630 τούτους

51 5638 385 5705 κολάσειεν;
449 5642 657 5706 ’Λλλως
714 5662 775 5699 τε
844 5647 907 5699 τὸ
964 5651 1064 5718 τῆς
1115 5650 1421 5722 ἐπισκοπῆς
1469 5653 1639 5724 ὄνομα

49 5731 395 5799 πράγματός
426 5736 543 5788 ἐστι
568 5738 665 5789 καὶ
695 5738 977 5808 ἐνεργείας
997 5741 1319 5809 δηλωτικόν.
1354 5744 1411 5797 ’0
1435 5745 1482 5798 δ’
1503 5747 1640 5799 ἁπο-

47 5823 386 5889 σεισάμενος
419 5827 596 5884 ἑκοντὶ
619 5831 719 5894 τὴν
749 5831 1057 5899 ἐνέργειαν,
1083 5835 1408 5891 ἐκπέπτωκε
1431 5836 1630 5909 δηλαδὴ

1758 4629 1810 4682 in
1848 4647 1907 4685 se
1957 4642 2096 4697 erat,
2159 4652 2374 4704 gregem
2427 4638 2530 4692 sibi
2592 4654 2622 4692 a
2672 4655 2887 4697 summo
2943 4657 3158 4722 pastore
3204 4647 3332 4702 Jesu

1753 4721 1974 4778 Chrile
2009 4729 2368 4782 Commissum
2421 4731 2560 4800 lupis
2609 4732 2864 4801 reliquit:
2899 4740 3096 4791 nedum
3148 4757 3318 4795 sacer.

1751 4815 1887 4869 dotii
1953 4819 2234 4888 prixilu-gia
2296 4831 2556 4891 tauquam
2623 4828 2844 4894 praunia
2904 4831 2980 4882 illi
3027 4833 3302 4888 attribuan

1756 4910 1884 4963 tur?
1950 4910 2026 4965 De
2076 4929 2186 4981 quo
2236 4923 2289 4968 et
2357 4918 2599 4971 (lucinius
2639 4922 2814 4974 sancti
2855 4922 3099 4992 Dionysii
3153 4941 3327 4980 canon

1754 5002 1997 5058 disserit.
2037 5003 2093 5061 Si
2121 5008 2376 5076 equidem
2409 5023 2504 5064 eos
2546 5011 2642 5080 qui
2694 5011 2760 5065 ab
2814 5013 2968 5069 initio
3022 5015 3088 5070 ad
3147 5020 3328 5088 populi

1752 5097 2134 5164 pt'a-fccturatn
2189 5112 2474 5168 vocantur,
2531 5113 2584 5158 et
2631 5120 2739 5158 non
2784 5109 3184 5177 obtemperant,
3239 5130 3331 5168 ca-

1752 5203 1923 5241 nones
1988 5193 2262 5260 segregari
2329 5205 2595 5262 censent;
2653 5197 2776 5266 quis
2831 5203 3030 5257 tt‘tt'ntis
3075 5221 3326 5274 compos,

1749 5293 1940 5333 eorum
1999 5283 2094 5350 qui
2140 5287 2584 5351 constituuntur,
2644 5293 3104 5349 renuntiationcm
3169 5297 3328 5353 facile

1749 5361 2042 5441 acciperet,
2093 5385 2146 5429 et
2200 5392 2308 5430 non
2371 5381 2553 5447 potius
2602 5398 2704 5452 pro
2743 5385 2952 5442 viribus
3000 5389 3120 5444 illus
3177 5406 3329 5444 sum-

1749 5477 1971 5530 mopere
2008 5465 2366 5534 prohiberet?
2411 5470 2680 5526 Cat-terum
2717 5477 3064 5548 episcopatus
3125 5497 3323 5536 nomen

1749 5556 2023 5626 negotium
2053 5560 2326 5627 quoddam
2360 5571 2412 5615 et
2440 5567 2681 5620 muneris
2735 5567 3065 5626 iunctionem
3115 5574 3326 5644 signiti-

1745 5660 1854 5706 cat.
1887 5651 1991 5716 Qui
2030 5670 2157 5708 vero
2195 5666 2389 5722 spunte
2419 5672 2514 5710 sua
2562 5663 2806 5716 muneris
2837 5663 3172 5722 iunctionem
3222 5668 3320 5724 de-

1742 5746 1947 5815 posuit,
1978 5746 2142 5800 etiam
2183 5749 2469 5802 vocatione
2531 5751 2755 5806 excidit.
2825 5753 2927 5820 Qui
2971 5768 3152 5813 autem
3212 5780 3320 5818 non

1741 5848 1920 5910 potest
1965 5845 2259 5912 episcopus
2321 5841 2555 5908 vocari,
2618 5848 2895 5915 quomodo
2945 5856 3316 5918 sacerdotium
