3918 6596
543 374 646 437 319

1723 367 2094 430 MATTH/EI
2141 369 2488 431 BLASTAR
2502 370 2571 430 lS

3632 375 3742 439 1320

505 489 875 562 apostolorum
908 505 922 542 :
950 485 1151 557 quibus
1179 501 1303 540 cum
1333 484 1606 540 sulllasset
1635 484 1921 549 Dominus,
1959 499 2096 537 mc-

2206 487 2438 552 δώδεκα,
2484 481 2563 549 οἷς
2614 486 2939 556 ὲμφυσήσας
2973 487 3001 538 ό
3034 485 3234 557 Κύριος
3269 487 3442 554 ἔφησε
3465 504 3476 514 ·
3517 507 3534 536 ι
3568 490 3742 545 Λάϐετε

505 583 692 653 cipite,
727 579 924 649 ittquit,
959 577 1222 647 Spiritum
1274 588 1554 643 sanctum;
1598 593 1833 647 quorum
1875 575 2097 630 remise-

503 675 628 728 ritis
667 684 912 742 peccata,
967 672 1048 725 eis
1084 670 1486 733 remittuntur,»
1517 682 1570 723 et
1596 679 1816 733 czetera;
1843 667 1935 736 qui
1970 666 2095 736 qui-

503 767 628 822 dem
685 773 740 819 et
795 764 918 819 aliis
967 762 1204 833 Spiritus
1241 761 1414 816 sancti
1463 761 1693 831 gratiam
1755 758 2096 829 impertiendi

507 859 826 913 facultatem
881 855 1322 926 suppeditabant.
1361 854 1484 908 llazc
1517 863 1700 908 autem
1749 853 2096 923 septuaginta

512 969 622 1006 non
655 961 813 1005 erant
840 965 1124 1010 concessa.
1159 961 1217 1003 ut
1245 948 1328 1002 vel
1369 965 1434 1002 ex
1484 949 1586 1002 hoc
1617 947 1962 1000 mauilestum
1992 954 2095 1008 est,

511 1046 656 1115 quod
681 1045 947 1099 Actorum
977 1044 1111 1098 liber
1138 1051 1552 1106 commemorat,
1583 1040 1895 1110 Philippum
1925 1054 2095 1092 unum

505 1156 570 1192 ex
627 1146 833 1208 septem
865 1138 1114 1192 diaconis
1165 1138 1220 1190 in
1273 1135 1578 1190 Samariam
1615 1134 1991 1196 descendisse.
2043 1143 2099 1188 et

505 1228 945 1300 quamplurimas
1000 1228 1070 1282 ibi
1103 1229 1428 1294 b.qitizasse,
1471 1241 1579 1280 non
1630 1235 1811 1280 autem
1841 1226 1946 1280 illis
1974 1225 2099 1295 Spi-

506 1322 672 1376 ritum
724 1329 973 1374 sanctum
1024 1319 1467 1372 coiiimunicasse
1502 1335 1517 1373 :
1548 1326 1885 1388 quapropter
1935 1320 2097 1370 misc-

502 1424 634 1467 runt
680 1411 910 1482 apostoli
965 1411 1186 1465 Petrum
1237 1421 1290 1464 et
1320 1409 1613 1476 Joannem,
1661 1410 1754 1479 qui
1805 1410 2097 1480 baptizatis

507 1495 704 1564 manus
747 1510 1111 1578 imponentes,
1147 1506 1412 1576 Spiritum
1446 1506 1737 1568 donarent,
1765 1504 1855 1574 qui
1893 1505 1946 1558 in
1978 1504 2099 1558 nul-

502 1603 619 1656 lum
653 1616 843 1656 eorum
899 1599 1078 1654 adhuc
1106 1599 1485 1658 dest-.enderat.
1523 1598 1658 1652 Cum
1723 1611 1854 1666 ergo
1907 1596 1960 1649 in
2011 1612 2099 1651 se-

506 1698 787 1767 ptuaginta
848 1696 1025 1751 locum
1059 1693 1438 1764 CllOl'CplSCOPl
1487 1693 1877 1748 successerint.
1919 1705 2096 1760 neque

502 1794 873 1860 presbyteros,
932 1804 1108 1858 neque
1161 1790 1423 1841 diaconos
1491 1787 1841 1847 ordinarunt,
1895 1785 2097 1853 quippe

456 1919 461 1923 -
504 1886 597 1952 qui
653 1881 894 1952 Spiritus
935 1881 1109 1935 sancti
1155 1881 1386 1948 gratiam
1438 1879 1624 1946 largiri
1676 1894 1785 1931 non
1847 1887 2094 1945 possent.

506 1973 666 2029 llunc
713 1984 894 2027 autem
953 1973 1158 2034 solum,
1219 1971 1418 2038 inquit,
1485 1971 1754 2024 honorem
1815 1971 2096 2024 consecuti

506 2077 659 2130 sunt,
710 2065 925 2120 scilicet
956 2063 1172 2117 divinas
1227 2063 1533 2116 oblationes
1572 2063 1789 2127 oll‘erre,
1846 2063 1916 2116 ob
1971 2076 2093 2115 eam

504 2175 694 2213 curam
728 2174 892 2228 quam
926 2158 978 2211 in
1012 2157 1343 2226 pauperibus
1371 2156 1630 2225 juvandis
1682 2155 2092 2222 impendebant,

505 2252 614 2307 illis
645 2269 766 2322 qua:
799 2251 855 2305 in
885 2251 1143 2318 templum
1181 2257 1509 2318 congregata
1536 2259 1664 2302 sunt
1689 2247 2093 2302 distribuendo.

829 2340 901 2394 De
959 2339 1320 2394 sacerdotibus
1376 2338 1769 2406 spiritualibus.

581 2433 639 2488 Si
671 2435 834 2504 igitur
893 2434 1267 2504 CllOl‘eplSCUpi
1311 2448 1487 2502 neque
1517 2443 1868 2502 peccatorum
1898 2432 2094 2486 remis-

507 2527 742 2590 sionem,
774 2542 951 2596 neque
979 2525 1242 2596 Spiritum
1273 2535 1525 2579 sanetum
1553 2524 1740 2594 largiri
1773 2530 2092 2593 potuerunt,

506 2620 602 2688 qui
659 2621 865 2690 majora
925 2635 1087 2688 quam
1148 2608 1452 2690 presbyteri
1527 2617 1886 2672 obtinuerunt
1933 2617 2098 2685 privi-

509 2713 666 2782 legia,
695 2728 1037 2782 nequaquam
1072 2712 1125 2764 lii
1158 2711 1538 2766 confessiones
1571 2709 1761 2763 audire
1789 2709 2092 2778 potuerint,

506 2816 564 2859 et
593 2817 812 2874 peceata
847 2803 930 2857 vel
987 2803 1202 2858 solvere
1234 2819 1298 2858 ac
1332 2802 1524 2873 ligare,
1562 2802 1666 2856 nisi
1718 2801 1788 2856 ab
1837 2802 2095 2871 episcopo

510 2896 653 2952 lianc
691 2903 1014 2964 patestatem
1050 2895 1349 2964 accipiant.

586 2991 841 3044 Decimus
887 3005 1015 3043 vero
1062 2988 1417 3042 Antiochense
1449 2986 1641 3058 synodi
1695 2986 1764 3042 ab
1798 2985 1952 3040 urbis
1975 2985 2097 3056 qni-

505 3081 914 3150 dentepiscopo
963 3081 1017 3135 in
1065 3081 1286 3151 regione
1332 3080 1408 3133 illi
1447 3080 1695 3148 subjecta
1747 3077 2098 3147 chorepisco-

2205 578 2427 649 Πνεῦμα
2486 578 2680 645 ἀγιονθ
2745 577 2810 631 ἄν
2867 595 3030 632 τινων
3095 580 3270 648 ἁςρῆτε
3329 579 3428 644 τὰς
3484 581 3739 652 ἁμαρτίας,

2202 671 2455 739 ἀφίενται
2490 671 2692 732 αὐτοῖς,
2721 689 2739 723 ι
2777 672 2872 723 καὶ
2893 671 2961 723 τὰ
2995 670 3142 740 ἐξῆς,
3173 671 3223 722 οἳ
3247 670 3312 740 δὴ
3336 673 3432 724 καὶ
3460 671 3625 735 ἄλλαις
3651 675 3742 727 δια-

2202 765 2390 834 νέμειν
2416 765 2519 833 τὴν
2551 763 2647 816 τοῦ
2681 763 2839 830 ἁγίου
2871 765 3012 816 Πνεύ
3022 781 3193 832 ματος
3234 764 3555 833 ἐπορίσαντο
3579 766 3741 836 χάριν.

2203 856 2393 910 Ταῦτα
2429 857 2486 909 δὲ
2521 858 2754 919 καὶτοῖς
2797 855 3170 925 ἐϐξομήκοντα
3217 857 3316 909 οὐκ
3363 850 3433 925 ἦν
3485 855 3738 926 δεδομένα·

2201 950 2296 1002 καὶ
2317 950 2477 1018 δῆλον
2500 951 2564 1002 ἐκ
2590 949 2686 1001 τοῦ
2713 952 2812 1016 τὴν
2841 947 3022 1017 βίϐλον
3047 949 3338 1019 ἱστορῆσαι
3359 948 3468 1001 τῶν
3497 950 3734 1016 Πρὶξεωνι,

2200 1043 2294 1095 τὸν
2332 1042 2622 1108 Φίλιππον,
2665 1044 2775 1095 τῶν
2811 1043 2952 1094 ἐπτά
2993 1042 3332 1111 τυγχάνοντα.
3379 1042 3640 1107 διακόνων,
3674 1047 3736 1106 είς

2202 1137 2522 1206 Σαμάρειάν
2575 1154 2636 1189 τε
2694 1135 3011 1200 κατελθεῖν,
3072 1137 3168 1188 καὶ
3223 1136 3455 1198 πολλοὺς
3512 1137 3609 1189 τῶν
3649 1141 3738 1190 ἐκεῖ

2204 1231 2492 1302 βαπτίσαι,
2527 1230 2668 1284 nm;
2678 1248 2846 1301 ματος
2879 1230 2934 1284 δὲ
2969 1232 3130 1297 ἁγίου
3161 1229 3387 1293 τούτους
3420 1229 3494 1300 μὴ
3522 1232 3736 1299 moturi-,-

2205 1341 2320 1376 σαι.
2353 1324 2544 1396 Ταύτῃ
2576 1341 2658 1378 τοι
2686 1326 2782 1378 καὶ
2817 1325 3025 1393 Πέτρος
3057 1322 3449 1392 ἀπεστάλησαν
3480 1323 3615 1390 παρὰ
3653 1323 3734 1373 τῶν

2201 1418 2523 1471 ἀποστόλων
2552 1417 2648 1471 καὶ
2700 1418 2981 1486 Ἰωάννης,
3009 1416 3060 1470 οἱ
3089 1419 3182 1469 κει)⁵
3216 1417 3318 1478 τὰς
3344 1419 3530 1486 χεῖρας
3565 1416 3737 1468 ἐπιθένι

2200 1529 2291 1576 τες
2343 1514 2459 1575 τοῖς
2517 1511 2976 1582 βαπτιζομένοις,
3016 1513 3076 1566 τὸ
3136 1511 3367 1581 Πνεῦμα
3412 1512 3734 1582 ἐχορήγησα-ι,

2203 1607 2372 1674 μήπω
2403 1605 2584 1666 αὐτοῖς
2624 1604 3030 1666 ἐπιπεπτωκός.
3071 1605 3175 1657 Τὸν
3203 1603 3374 1658 τύπον
3403 1600 3494 1657 οὖν
3524 1606 3568 1658 al
3590 1624 3734 1675 χωρεο

2201 1698 2264 1748 πί
2272 1714 2466 1750 σκοποι
2489 1696 2826 1767 πληροῦντες
2847 1697 2956 1750 τῶν
2979 1695 3375 1767 ἐϐδομήκοντα,
3401 1696 3514 1748 οὐδὲ
3537 1697 3738 1765 πρέσϐυ·

2201 1791 2416 1858 τέρους,
2472 1789 2506 1858 ἢ
2564 1789 2850 1852 διακόνους
2891 1789 3283 1859 ἐχειροτόνουν,
3337 1781 3430 1840 οἷα
3491 1788 3615 1856 μηΞέ
3657 1790 3736 1856 τὴν

2200 1884 2368 1951 χάριν
2390 1881 2485 1934 τοῦ
2523 1880 2838 1951 ιινεύματος
2874 1881 3135 1950 παρέχειν
3169 1880 3456 1947 δυνάμενοι
3478 1893 3492 1908 ⁸
3519 1883 3670 1946 τούτῳ
3690 1879 3735 1930 δὲ

2203 1975 2386 2042 μόνον,
2423 1977 2580 2042 φησὶ,
2607 1973 2952 2042 τετίμηνται,
3003 1972 3082 2043 τῷ
3115 1970 3184 2025 τά
3213 1972 3334 2024 θεῖα
3363 1971 3511 2040 δῶρα
3541 1971 3734 2040 προσφέ-

2203 2085 2340 2138 ρειν,
2373 2067 2462 2120 διὰ
2491 2069 2549 2119 τὸ
2591 2066 2899 2130 σπουδαίως
2928 2069 3040 2129 τοῖς
3071 2065 3270 2119 πέντισι
3301 2063 3568 2132 διανέμειν
3594 2062 3650 2115 τὰ
3671 2064 3733 2124 εἰς

2197 2163 2260 2215 τὸ
2292 2161 2571 2231 κυριακὸν
2600 2162 2969 2230 συναγόμενα.

2565 2345 2706 2412 Περὶ
2738 2347 2945 2414 ἱερέων
2978 2339 3426 2414 πνευματικῶν.

2268 2437 2335 2492 Ei
2379 2431 2474 2490 οὖν
2519 2436 2569 2488 ol
2605 2437 3022 2510 χωρεπίσκοποι
3073 2434 3197 2487 οὕτε
3233 2431 3515 2504 ἁμαρτιῶν
3555 2429 3730 2498 ἄφεσιν,

2197 2527 2326 2583 οὔτε
2363 2528 2594 2596 Πνεῦμα
2625 2529 2782 2596 ᾰγιον
2808 2527 3066 2581 ἐδύναντο
3091 2527 3373 2598 χορηγεῖν,
3405 2526 3451 2576 oi
3474 2523 3625 2575 πλείω
3645 2525 3732 2574 τῶν

2200 2621 2593 2691 πρεσϐυτέρων
2623 2621 2693 2674 τά
2727 2621 3000 2691 προνόμια
3044 2619 3400 2688 κεκτημένοι,
3432 2615 3585 2686 σχολῇ
3614 2615 3656 2680 γ’
3678 2614 3732 2666 ἂν

2198 2708 2346 2770 οὗτοι
2372 2713 2670 2783 λογισμοὺς
2689 2712 2942 2777 δέξασθαι
2965 2712 3266 2780 δυνηθεῖεν,
3292 2712 3386 2780 καὶ
3405 2708 3733 2778 ἁμαρτήματι

2196 2805 2346 2860 λύειν
2374 2822 2435 2857 τε
2466 2804 2561 2858 καὶ
2613 2803 2856 2873 δεσμεῖν,
2906 2802 2972 2856 ἂν
3021 2803 3098 2874 μὴ
3140 2800 3290 2870 παρά
3327 2798 3608 2851 ἐπισκόπου
3649 2799 3734 2865 τὴν

2195 2898 2447 2964 ἐξουσίαν
2471 2898 2680 2951 λάίωσι
2717 2895 2942 2966 ταύτην.

2278 2992 2341 3044 '0
2371 2993 2426 3046 δέ
2456 2987 2492 3043 ι’
2519 2989 2620 3060 τῆς
2649 2992 2708 3042 ἐν
2763 2987 3069 3060 Ἀντιοχείᾳ
3147 2986 3251 3040 ὑπὸ
3287 2986 3387 3055 μέν
3417 2983 3505 3036 τοῦ
3530 2983 3616 3052 τῆς
3653 2983 3738 3033 πό-

2198 3087 2335 3149 λεως
2356 3085 2655 3139 ἐπισκόπου
2681 3085 2740 3136 ἐν
2767 3085 2832 3154 τῇ
2862 3081 3202 3155 ὑποκειμένῃ
3227 3078 3402 3148 τούτῳ
3459 3077 3596 3148 χώρᾳ
3626 3077 3736 3136 “tab;

511 3189 613 3244 pos
646 3175 888 3230 ordinari
932 3175 1107 3244 jubet;
1139 3175 1209 3228 ab
1240 3173 1347 3228 illis
1379 3182 1560 3227 autem
1596 3185 1772 3242 neque
1821 3169 2097 3242 presbyte-

2205 3176 2657 3251 χωρεπισκόπους
2688 3173 3117 3246 χειροτονεῖσθαι
3151 3171 3365 3226 κελεύει
3389 3186 3402 3199 ·
3439 3169 3537 3221 ὑπὸ
3564 3168 3610 3220 δὲ
3637 3166 3740 3217 toﬁ-

509 3286 657 3336 rum,
689 3286 863 3341 neque
895 3271 1208 3334 diaconum,
1241 3271 1334 3322 sed
1362 3267 1510 3322 solos
1531 3267 1763 3322 lectores
1793 3274 1848 3321 et
1869 3263 2096 3320 subdia-

509 3375 682 3418 c0nos
725 3371 780 3416 et
836 3362 1147 3417 exoreistas
1177 3378 1192 3416 :
1224 3361 1317 3430 qui
1349 3374 1477 3414 vero
1513 3361 1628 3415 haec
1677 3356 2091 3429 transgrediun-

513 3461 624 3522 tur,
656 3455 776 3509 illos
804 3455 1112 3510 sacerdotio
1139 3465 1411 3524 segregat.

587 3635 746 3706 133
794 3633 999 3690 Eadem
1056 3642 1111 3686 et
1163 3633 1412 3688 decimus
1511 3634 1708 3690 tertius
1787 3635 2096 3708 Ancyram:

514 3727 713 3797 synodi
745 3726 962 3790 recitat,
997 3725 1400 3794 clior-episcopo
1447 3737 1557 3778 non
1615 3724 1784 3780 licere
1813 3727 2096 3795 presbyte—

515 3835 611 3874 ros
647 3817 1017 3873 veldiacOnos
1046 3818 1306 3872 ordinare
1343 3817 1468 3872 :sin
1503 3825 1682 3871 autem
1711 3831 1811 3886 per
1849 3816 2095 3886 episropi

516 3912 728 3966 litteras
765 3913 843 3966 illi
877 3909 1212 3981 permissum
1250 3910 1435 3976 fuerit,
1492 3911 1878 3982 presbyterum
1919 3910 2001 3963 vel
2038 3909 2092 3963 in

513 4005 694 4059 alieno
721 4006 846 4059 vico
873 4005 1179 4060 ordinabit.

582 4097 811 4166 Magnus
843 4097 968 4152 item
1001 4097 1238 4152 Basilius
1268 4096 1682 4168 chorepiscOpis
1751 4095 1855 4152 sibi
1913 4093 2099 4166 subje-

513 4191 620 4245 ctis
645 4189 866 4254 scribit,
897 4201 957 4244 ut
994 4204 1095 4245 nec
1143 4207 1192 4244 ιιι
1218 4189 1425 4243 nistros
1455 4203 1554 4244 nec
1582 4188 1949 4243 subdiaconos
1979 4187 2098 4242 sine

513 4282 666 4336 illius
713 4282 989 4337 sententia
1053 4283 1418 4344 ordinarent;
1489 4282 1617 4351 quia
1676 4279 2097 4350 qnamplurimis

511 4377 677 4429 etiam
738 4375 980 4444 indignis
1034 4374 1157 4430 sine
1193 4375 1603 4429 examinatione
1664 4389 1864 4428 manus
1924 4373 2100 4442 impo-

510 4475 792 4522 suerunt:
846 4466 944 4521 Vel
970 4466 1306 4536 cognoscite,
1356 4467 1556 4536 inquit,
1603 4466 1775 4535 quod,
1831 4465 1924 4535 qui
1975 4465 2098 4520 sine

2195 3289 2307 3326 των
2364 3273 2504 3342 μήτε
2539 3270 2936 3343 πρεσϐύτερον,
2965 3269 3104 3338 μήτε
3127 3267 3398 3330 διάκονον,
3434 3266 3481 3316 εί
3504 3266 3573 3333 μὴ
3600 3263 3740 3329 μότον

2197 3366 2575 3434 ἀναγνώστας,
2635 3364 2732 3417 καὶ
2781 3360 3196 3426 ὑποδιακόνους,
3256 3361 3354 3413 καὶ
3411 3357 3736 3427 ἐφορκιστάε·

2197 3460 2323 3524 τοὺς
2352 3459 2411 3513 δέ
2441 3459 2616 3514 ταῦτα
2663 3455 3110 3528 παραϐαίνοντας
3143 3453 3374 3524 ἀφαιρεῖ
3417 3451 3511 3521 τῆς
3543 3447 3731 3519 ἱερωσύο

2199 3572 2262 3622 νη
2271 3572 2317 3615 ς.

2270 3646 2352 3699 Τὰ
2375 3645 2513 3700 αειιτά
2559 3647 2652 3700 και
2681 3648 2708 3700 ο
2739 3651 2810 3713 ιγ’
2840 3646 2940 3716 τῆς
2987 3644 3047 3698 ἐν
3085 3641 3335 3713 ’Λτκύρᾳ
3364 3640 3597 3706 διέξεισιν
3628 3651 3739 3706 πρε⁴

2201 3737 2497 3810 σϐυτὲρους
2527 3738 2560 3807 ἢ
2590 3739 2876 3800 διακόνους
2913 3735 3004 3790 τὸν
3035 3733 3458 3806 χωρεπίσκοπον
3496 3731 3565 3801 μὴ
3593 3745 3740 3798 lupo-

2201 3833 2414 3885 τονεῖν·
2462 3830 2598 3884 εἰδὲ
2638 3830 2728 3884 διά
2768 3829 3118 3900 γραμμάτων
3166 3825 3263 3880 τοῦ
3313 3825 3604 3878 ἐπισκόποδ
3639 3825 3739 3873 ἐπι-

2197 3923 2460 3996 τραπείη,
2515 3923 2890 3994 πρεσϐύτερον
2940 3923 3035 3976 καὶ
3091 3921 3148 3973 ἐν
3193 3920 3360 3990 ἑτέρᾳ
3413 3918 3743 3989 χειροτονήσει

2201 4018 2387 4088 κώμῃ.

2281 4111 2341 4164 Ὀ
2371 4109 2429 4164 δέ
2467 4110 2635 4180 μέγας
2668 4107 2950 4170 Βασίλειος
2978 4107 3092 4170 τοῖς
3133 4107 3227 4160 ὑπ’
3267 4105 3433 4160 αὑτὸν
3470 4102 3745 4157 ἐπιστέϊιει

2199 4204 2645 4276 χωρεπισκόποις
2701 4201 2929 4271 γνώμης
2958 4199 3126 4254 αὑτοῦ
3150 4200 3321 4270 χωρὶς
3350 4201 3426 4270 μὴ
3451 4198 3746 4270 χειροτονεῖν

2199 4298 2500 4367 ὑπηρέτας,
2534 4297 2652 4368 ἦτοι
2689 4295 3080 4357 ὑποδιακόνους
3100 4333 3116 4357 ,
3166 4295 3250 4346 δτι
3283 4293 3498 4356 πολλοῖς
3529 4292 3611 4345 καὶ
3653 4292 3746 4342 τῶν

2199 4389 2434 4456 ἀναξίων
2463 4386 2840 4454 ἀνεξετάστως
2865 4385 3186 4439 ἐπετίθεσαν
3216 4387 3317 4448 τὰς
3349 4387 3556 4454 χεῖρας
3583 4385 3646 4434 Ἦ
3678 4398 3747 4447 γτ-

2203 4481 2464 4546 νώσκετε,
2499 4480 2686 4550 φησὶν,
2736 4479 2820 4533 ὅτι
2863 4478 3052 4541 λαῖκδς
3099 4476 3250 4530 ἔσται
3307 4478 3336 4528 ό
3382 4479 3510 4531 ἄνευ
3551 4480 3750 4543 γνιὲιμης

513 4560 787 4612 sententia
826 4567 1016 4612 nostra
1047 4557 1101 4612 in
1134 4557 1500 4610 ministerium
1542 4556 1754 4645 electus
1782 4564 1885 4619 est,
1921 4553 2096 4608 laicus

2205 4573 2476 4645 ἡμετέρας
2517 4573 2598 4634 είς
2633 4571 2939 4640 ὑπηρεσίαν
2975 4568 3306 4636 καταλεγείς
3329 4586 3345 4600 ο
3378 4568 3487 4621 τῶν
3513 4569 3564 4621 δέ
3595 4569 3750 4620 ἄλλων

512 4655 639 4706 erit.
677 4653 797 4707 Alia
829 4667 979 4718 vero,
1015 4667 1139 4722 qua:
1187 4651 1241 4705 in
1307 4651 1361 4704 in
1412 4650 1573 4704 istius
1629 4628 1804 4704 sanctl
1865 4647 2092 4718 epistola

514 4745 808 4812 habentur,
841 4745 968 4815 quis
1009 4744 1145 4799 satis
1179 4742 1457 4797 admirare
1479 4751 1659 4812 potest
1693 4740 1716 4794 ?

889 4834 1046 4891 CAP.
1081 4832 1305 4889 XXXII.
1341 4833 1418 4888 De
1451 4833 1711 4903 perjurio.

591 4931 920 4984 Sanctorum
969 4928 1346 5002 apostolorum
1407 4928 1477 4981 25
1544 4941 1723 4980 canon
1775 4927 2095 4996 episcopum

521 5022 774 5092 perjurii,
832 5023 920 5076 vel
976 5021 1380 5085 fornicationis,
1442 5019 1526 5073 vel
1578 5019 1708 5072 lurti
1761 5020 2093 5085 convictum,

520 5117 607 5170 vel
675 5117 1057 5186 presbyterum
1133 5115 1217 5170 vel
1295 5113 1618 5176 diaconum,
1683 5112 1904 5181 deponi,
1990 5126 2099 5166 non

517 5219 702 5262 autem
741 5209 1020 5278 segregari
1046 5209 1204 5275 vult;
1240 5220 1492 5262 nosn'um
1538 5205 1685 5260 enim
1717 5220 1828 5260 non
1862 5214 1948 5262 est
2010 5204 2094 5261 bis

517 5304 574 5356 in
610 5302 850 5371 idipsum
893 5302 1195 5357 vindicare.

592 5394 849 5448 Decimus
884 5410 1015 5448 vero
1043 5394 1224 5464 magni
1253 5390 1440 5448 Basilii
1467 5408 1671 5458 canon,
1733 5390 1840 5457 Qui
1885 5390 2098 5460 jurant,

521 5486 722 5554 inquit,
758 5503 817 5541 se
847 5488 1252 5541 ordinationem
1288 5503 1398 5542 non
1448 5488 1759 5547 admittere.
1789 5499 1857 5538 ne
1900 5499 2103 5554 cogau-
2137 5521 2143 5526 .

521 5589 610 5633 tur
645 5580 914 5650 peierare.
967 5579 1078 5634 Etsi
1133 5579 1279 5634 enim
1315 5590 1536 5635 censeat
1563 5578 1764 5648 aliquis
1785 5591 1909 5632 esse
1941 5591 2106 5631 catio-

522 5688 670 5738 nem,
729 5675 820 5742 qui
871 5673 975 5737 eis,
1025 5683 1084 5726 ut
1132 5687 1350 5727 rursum
1393 5687 1425 5726 a
1470 5671 1686 5726 vinculo
1753 5685 1813 5726 se
1861 5670 2100 5731 solvant,

519 5768 812 5830 concedit,
877 5768 1026 5835 quod
1093 5767 1197 5821 sibi
1268 5766 1403 5835 ipsis
1484 5766 1797 5820 inconsulto
1906 5762 2108 5834 iniece-

519 5867 701 5910 runt:
738 5857 1072 5928 experientia
1129 5867 1308 5912 tamen
1355 5857 1754 5928 comperimus,
1818 5856 1964 5927 quod
2013 5855 2104 5927 qui

2200 4669 2298 4738 τῆς
2318 4665 2412 4718 τοῦ
2445 4663 2603 4734 ἁγίου
2626 4661 2942 4732 ἐπιστολῆς,
2971 4661 3055 4725 τίς
3076 4661 3143 4714 ἂν
3171 4659 3338 4725 ἀξίως
3369 4660 3660 4726 ἁγάσαιτος

2519 4842 2774 4897 ΚΕΦΑΛ.
2806 4841 2929 4896 AB'.
2955 4840 3095 4908 Περὶ
3123 4839 3458 4906 ἐπιορκίας.

2289 4936 2348 4990 Ὀ
2379 4933 2460 4990 κε’
2490 4927 2598 4988 τῶν
2637 4933 2808 5002 ἁγίων
2843 4932 3157 4986 ἀποστόλων
3195 4934 3380 4984 κανὼν
3460 4933 3548 4983 τὸν
3594 4932 3756 4997 ἐπιορ-

2204 5029 2328 5092 κίας
2360 5027 2578 5090 ἁλόντα,
2629 5026 2662 5097 ἢ
2709 5025 2987 5095 πορνείας,
3037 5025 3065 5092 ἢ
3118 5023 3326 5091 κλοπῆς
3385 5021 3751 5088 ἐπίσκοπον,ἢ

2206 5120 2599 5193 πρεσϐύτερον,
2629 5118 2663 5189 ἢ
2701 5119 2968 5183 διάκονον,
3005 5116 3390 5185 καθαιρεῖσθαι
3422 5119 3512 5168 καὶ
3541 5117 3617 5185 μὴ
3645 5118 3755 5181 ἀεσ-

2208 5215 2454 5287 ρίζεσθαι
2485 5214 2656 5279 ἀξιοῖ·
2683 5214 2743 5267 οὑ
2771 5213 2879 5283 γὰρ
2910 5214 3046 5283 πρὸς
3083 5211 3240 5280 ἡμῶν
3275 5211 3392 5263 ἐστι
3441 5211 3521 5273 δὶς
3541 5209 3755 5263 ἐκδικεῖν

2205 5311 2299 5363 ἐπὶ
2325 5308 2384 5362 τὸ
2411 5308 2561 5363 αὑτό.

2291 5399 2349 5452 '0
2374 5398 2430 5451 δὲ
2461 5403 2492 5451 ι’
2519 5398 2612 5452 τοῦ
2642 5399 2880 5468 μεγάλου
2904 5399 3193 5453 Βασιλείου
3227 5387 3430 5464 κανών,
3467 5399 3526 5451 Ol
3564 5393 3761 5465 ἐξομνύ-

2211 5505 2386 5560 μενοι,
2421 5490 2578 5557 φησὶ,
2619 5488 2718 5557 τὴν
2764 5491 3106 5558 χειροτονίαν
3140 5490 3216 5561 μὴ
3258 5488 3650 5559 καταδέχεσθαι
3704 5487 3762 5555 μὴ

2210 5579 2714 5650 ἀναγκαζέσθωσαν
2763 5585 3065 5652 ἐπιορκεῖν.
3120 5584 3182 5636 Ei
3237 5585 3346 5654 γὰρ
3393 5584 3488 5636 καὶ
3533 5583 3676 5634 δοκεί
3701 5595 3763 5640 τις

2209 5670 2350 5727 εἶναι
2381 5673 2562 5727 κανὼν
2586 5676 2613 5727 ὁ
2648 5677 2946 5746 συγχωρῶν
2977 5677 3178 5742 ἐξεῖναι
3209 5677 3361 5729 λύειν
3389 5673 3546 5738 αὖθις
3571 5678 3762 5731 ἑαυτοῖς

2209 5761 2302 5814 τοῦ
2329 5761 2551 5832 δεσμοῦ,
2576 5762 2635 5817 ὃν
2660 5764 2848 5832 σφίσιν
2870 5767 3058 5828 αὐτοῖς
3077 5768 3320 5836 ἀνοήτως
3348 5768 3636 5829 ἐπέϐαλον,
3658 5766 3764 5819 ἀλλά

2217 5854 2381 5925 πείρα
2409 5856 2752 5928 ἐγνώκαμεν,
2789 5858 2992 5927 ἥκιστα
3017 5860 3141 5924 τοὺς
3175 5862 3615 5932 ἐπιορκήσαντες
3641 5861 3760 5913 25'};-
