3918 6572
208 371 337 439 13Ξὶ

1199 370 1601 441 SYNTAGMA
1642 378 2259 444 ALPHABETICUM.
2302 404 2367 413 -
2404 377 2450 436 E

3330 375 3467 442 ιςιιε

212 485 447 549 κεῖσθαι,
481 486 576 539 καὶ
608 484 939 557 εὐαρέστους
976 481 1116 540 εἶναι
1146 486 1268 558 Θεῷ
1287 504 1299 519 ·
1327 494 1554 545 σκοπεῖν
1584 509 1644 561 γε
1678 491 1786 563 μὴν

1896 490 2230 562 pejeraruut,
2314 492 2539 544 minimc
2577 487 2786 557 accepti
2815 495 2964 554 sunt.
3001 504 3105 548 nec
3157 491 3267 547 Deo
3301 495 3462 548 amici

203 581 278 635 δεῖ
312 579 414 632 καὶ
444 578 505 631 τὸ
533 575 671 643 εἱδος
709 578 803 632 τοῦ
832 579 1022 648 ὅρκου,
1060 580 1153 633 καὶ
1181 580 1249 635 τὰ
1283 582 1531 654 ῥήματα,
1564 583 1656 637 καῖ
1681 584 1782 655 τὴν

202 672 469 737 διάθεσιν,
513 671 607 741 ἀφ’
650 665 718 743 ἧς
749 672 1097 742 ὀμωμόκασι,
1134 676 1231 729 καὶ
1263 676 1364 739 τὰς
1410 676 1553 731 κατὰ
1580 678 1782 732 λεπτὸν

204 766 257 818 ἐν
287 766 405 828 τοῖς
448 764 661 835 ῥήμασι
689 764 1029 833 προσθήκας,
1066 764 1140 836 μὴ
1167 766 1277 836 ἄρα
1321 768 1386 820 ἐκ
1415 769 1783 840 μικροψυχίας

206 856 388 926 τυχὸν,
418 856 515 908 καὶ
543 855 646 910 οὐκ
679 855 737 921 ἐξ
756 856 1098 927 ἀμεταθέτου
1132 860 1360 930 γνώμης
1385 858 1582 930 ὀμόσαι
1616 862 1785 931 προή-

203 946 412 1016 χθησαν
436 960 451 977 ⁸
492 946 763 1016 μηδεμιᾶς
805 946 861 1000 δὲ
892 948 1250 1018 παραμυθίας
1289 950 1645 1021 φαινομένης,
1691 953 1785 1006 ἐα-

199 1039 321 1091 τέον
366 1037 607 1102 αὐτούς·
638 1040 709 1092 τὰ
761 1038 820 1093 δὲ
874 1041 1025 1109 ἑξῆς,
1066 1041 1316 1112 Λογγίνῳ
1363 1043 1473 1096 τινὶ
1504 1043 1672 1113 ἀγρὸς
1716 1038 1785 1113 ἦν

203 1130 538 1201 καλούμενος
570 1132 835 1197 Μίνδαλα,
866 1135 932 1202 τῇ
982 1133 1259 1206 ἐπισκοπῇ
1290 1134 1534 1199 Μισθίας
1560 1136 1784 1190 ὑποκεί-

204 1239 388 1292 μενος.
425 1221 666 1294 Σεϐῆρος
694 1224 751 1277 δέ
782 1240 890 1289 τις,
919 1224 1195 1280 Μασάδων
1228 1228 1548 1292 ἐπίσκοπος,
1573 1231 1784 1301 κυρια-

202 1315 296 1367 κόν
334 1331 459 1370 τινα
491 1316 572 1379 είς
600 1315 782 1369 τὸν’ὲν
808 1316 963 1387 ἀγρῷ
986 1317 1112 1372 ναὸν
1137 1319 1508 1393 πρεσϐύτερον
1539 1339 1786 1394 κεχειρο-

199 1407 450 1478 τόνηκεν,
486 1408 763 1478 ὀμόσαντα
809 1409 1157 1480 παραμένειν
1189 1429 1249 1464 τε
1294 1411 1373 1482 τῷ
1420 1413 1535 1484 ναῷ
1579 1415 1673 1467 καὶ
1716 1418 1783 1486 τῇ

197 1500 479 1572 ἐπισκοπῇ
500 1500 666 1554 αὐτοῦ
702 1501 1045 1556 ὑποκεῖσθαι.
1082 1503 1223 1557 Ἀλλ’
1247 1506 1274 1557 6
1303 1506 1401 1576 τῆς
1428 1508 1613 1577 χώρας
1642 1508 1782 1560 ὲκεί-

198 1610 298 1663 νης
322 1594 627 1658 ἐπίσκοπος
661 1594 970 1666 ἱερουργεῖν
1003 1596 1212 1650 ἐκώλυε
1244 1600 1335 1651 τὸν
1372 1601 1671 1670 κυριακὸν.
1695 1596 1786 1654 οἶα

200 1685 336 1755 παρ’
415 1685 605 1754 ἐτέρου
663 1684 1117 1755 χειροτονηθέντα
1173 1688 1231 1740 ἐν
1278 1689 1545 1762 ἐκκλησίᾳ
1602 1689 1787 1757 διαφε-

202 1776 379 1849 ρούσῃ
415 1775 562 1846 αὐτῷ
585 1792 599 1805 ο
632 1777 909 1847 τοιγάρτοι
944 1780 1038 1831 καὶ
1063 1778 1382 1832 καταλιπὼν
1414 1780 1582 1851 αὐτὴν
1613 1782 1640 1833 6
1678 1782 1789 1834 Κυ-

202 1870 396 1939 ριακὸς
417 1868 612 1939 ᾣχετο.
650 1869 707 1923 ’0
734 1870 791 1922 δὲ
818 1870 1081 1937 Λογγῖνος
1098 1870 1434 1940 λυπούμενος
1460 1872 1673 1943 ἠπείλει
1699 1876 1789 1926 τὸν
1822 1851 1861 1905 Β

200 1963 333 2014 ναὸν
367 1960 702 2031 ἐρημώσειν,
734 1963 825 2015 καὶ
860 1963 938 2025 εἱς
969 1962 1163 2033 ἔδαφος
1205 1964 1582 2035 καθαιρήσειν.
1619 1967 1779 2034 Ἐρειις

194 2051 390 2119 mihi;
422 2046 517 2104 οὖν
552 2053 580 2103 ὁ
614 2051 792 2119 ἅγιος,
817 2050 963 2116 ἀξιοῖ
989 2052 1081 2104 τὸν
1108 2053 1299 2122 ἀγρὸν,
1341 2054 1398 2106 ὲν
1439 2046 1483 2120 ᾧ
1510 2054 1790 2123 ἐπεκηρύ-

199 2143 306 2213 ~(01)
342 2143 372 2195 6
401 2144 704 2214 Κυριακὸς,
733 2146 799 2213 τῇ
833 2144 1115 2214 ἐπισκοπῇ
1144 2145 1415 2198 Μασάδων
1441 2146 1786 2216 ὑποτεθῆναι,

190 2237 253 2286 -εἱ
295 2238 392 2287 καὶ
430 2236 625 2304 ἐτέρας
652 2232 720 2304 ἦν
752 2234 987 2305 ἐνορίας,
1032 2238 1128 2288 καὶ
1168 2237 1259 2288 τὴν
1301 2237 1579 2306 κυριακὸν
1611 2240 1790 2290 ἐκεῖσε

198 2327 363 2390 αὖθις
395 2326 829 2398 ἐπαναστρέψαι.
866 2327 1021 2381 Οὕτω
1048 2327 1178 2397 γὰρ,
1211 2332 1365 2398 φησὶ.
1405 2331 1502 2382 καὶ
1540 2331 1703 2400 ἡμεῖς
1728 2333 1788 2383 οὐ

198 2416 431 2485 δόξομεν
464 2418 615 2486 παρὰ
643 2418 874 2481 κανῦνας
906 2419 1105 2482 ποιεῖν,
1156 2417 1234 2489 τῷ
1284 2419 1553 2490 Κυριακῷ
1583 2438 1792 2491 συμπε-

202 2510 586 2580 ριφερόμενοι,
614 2510 707 2564 καὶ
736 2511 945 2573 ἐκεῖνος
970 2509 1060 2563 τὸν
1085 2511 1247 2582 ὅρκον
1272 2512 1332 2567 οὐ
1366 2513 1753 2583 παραϐήσεται
1772 2530 1786 2543 ·

199 2601 330 2653 οὐδὲ
364 2602 472 2671 γὰρ
522 2604 843 2674 πρόσκειται
886 2602 965 2675 τῷ
1002 2605 1173 2675 ὅρκῳ,
1206 2603 1437 2667 ὡς’»ὑδὲ
1488 2604 1663 2675 βραχὺ
1695 2607 1787 2658 τοῦ

197 2695 382 2765 ἀγροῦ
418 2696 771 2767 ἀναχωρήσει
791 2713 804 2728 ·
849 2696 944 2751 καὶ
971 2701 998 2751 ὁ
1026 2699 1293 2765 Λογγῖνος
1318 2698 1416 2767 τὴν
1483 2700 1786 2769 ἐκκλησίαν

200 2790 307 2842 οῦκ
354 2789 656 2860 1ἱρημιῖισει,
702 2791 795 2843 καὶ
843 2790 943 2861 τὴν
992 2790 1188 2847 ἑαυτοῦ
1224 2792 1286 2846 οὐ
1344 2791 1537 2861 βλάψει
1583 2794 1784 2865 ψυχήν.

204 2885 355 2952 Ὀρα
391 2884 506 2946 πῶς
542 2885 606 2936 ἐκ
645 2883 745 2953 τῆς
778 2884 886 2937 τῶν
913 2884 1176 2956 ῥημάτων
1205 2884 1505 2950 ἐξετάσεως
1541 2885 1631 2940 τὸν
1666 2885 1790 2940 νοῦν

202 2975 504 3045 ἐθήρευσεν
548 2979 576 3029 6
631 2976 807 3044 ἅγιος,
855 2977 995 3031 ὥστε
1042 2979 1118 3049 μὴ
1164 2979 1341 3032 δοκεῖν
1388 2981 1665 3050 ἐπιορκεῖν
1696 2982 1790 3034 τὸν

204 3069 512 3137 ὀμόσαντα.
568 3069 676 3121 Τοῦ
728 3070 785 3123 δὲ
838 3070 1081 3141 Σεϐήρου
1130 3071 1532 3141 ἐγκαλουμένου
1567 3073 1627 3126 τὸ
1659 3076 1789 3143 παρ’

205 3161 429 3231 ἐνορίαν
463 3163 864 3232 χειροτονῆσαι,
886 3165 982 3218 καὶ
1014 3164 1182 3235 λήθην
1213 3165 1676 3236 προϐαλλομένου,
1702 3167 1792 3233 Τῷ
1816 3187 1863 3250 C

199 3251 327 3323 Θεῷ
363 3254 484 3324 μέν,
517 3257 682 3326 φησὶν
728 3256 758 3308 6
787 3256 963 3325 ἅγιος,
993 3257 1091 3327 τὴν
1123 3258 1408 3328 ἐκδίκησιν
1437 3260 1787 3329 ἀνατίθεμεν,

202 3347 288 3417 τῷ
318 3348 430 3401 τῶν
467 3351 726 3420 κρυπτῶν
772 3350 987 3423 γνώστῃ
1034 3352 1129 3404 καὶ
1176 3351 1475 3424 ἐξεταστῇο
1530 3354 1690 3423 ἡμεῖς
1728 3353 1786 3407 δὲ

200 3440 544 3513 ἁδιακρίτως
585 3442 774 3497 τοῦτον
822 3443 1113 3514 δεχόμεθα.
1174 3448 1508 3515 συγγνώμην
1552 3445 1786 3511 διδόντες

199 3531 536 3604 ἀνθρωπίνῳ
567 3535 748 3597 πάθει,
780 3539 843 3607 τῇ
880 3537 1021 3610 λήθῃ
1052 3538 1071 3607 (
1095 3538 1155 3590 οὖ
1187 3537 1294 3608 γάρ
1320 3540 1492 3607 ἐσμεν
1505 3536 1615 3591 τῶν
1643 3555 1780 3610 καρ-

197 3624 341 3678 διῶν
371 3627 577 3696 κριταὶ,
617 3629 734 3681 ἀλλ’
757 3628 819 3694 ἐξ
847 3623 922 3681 ὧν
952 3627 1226 3698 ἀκούομεν
1274 3630 1577 3700 κρίνομεν),
1608 3631 1657 3684 εί
1687 3629 1785 3683 καὶ

200 3717 310 3787 τὴν
342 3719 641 3789 ἐκκλησίαν
711 3720 1068 3791 πολυτρόπως
1098 3720 1427 3791 ἐλυμήνατο,
1473 3722 1787 3792 χειροτονή-

203 3829 310 3875 σας
344 3811 444 3881 μὲν
466 3812 596 3883 παρ’
629 3812 842 3882 ἐνορίαν
870 3813 1261 3879 ἀκανονίστως,
1289 3815 1437 3883 ὅρκῳ
1466 3813 1522 3866 δὲ
1556 3812 1785 3866 καταδε-

207 3905 434 3974 σμήσας
470 3905 621 3975 παρά
660 3905 727 3958 τὰ
775 3904 1095 3972 εὐαγγέλια,
1145 3906 1423 3975 ἐπιορκεῖν
1465 3903 1521 3958 δὲ
1571 3903 1790 3967 διδάξας

202 4000 277 4051 δι’
308 3994 385 4051 ὧν
419 3997 681 4067 μετετέθη
725 4000 760 4050 ἀ
805 3997 1203 4068 πρεσϐύτερος,
1232 3997 1559 4067 ψευδόμενος
1598 3995 1656 4049 δὲ
1693 3994 1791 4047 νῦν

198 4090 277 4156 δι’
313 4083 390 4143 ὧν
425 4091 522 4158 τὴν
547 4088 715 4159 λήθην
749 4087 1169 4160 σχηματίζεται.

1887 582 2226 651 judicantur.
2268 582 2493 650 Oportet
2523 578 2747 649 quidem
2790 579 3092 651 juramenti
3119 583 3385 653 speciem,
3415 592 3469 637 et

1885 674 2085 737 verba.
2122 673 2403 742 animique
2433 672 2711 739 allectum,
2750 687 2862 743 quo
2877 675 3158 743 jurarunt,
3190 690 3253 730 ac
3287 678 3472 731 minu-

1885 776 1970 825 tas
1999 782 2248 838 quasque
2272 767 2325 822 in
2356 768 2537 823 verbis
2568 768 2876 823 additiones
2914 769 3272 827 considerare
3300 788 3317 837 ;
3346 788 3467 827 nam

1887 856 2027 913 forte
2052 876 2117 914 ex
2144 859 2622 929 pusillanimitate.
2656 868 2709 915 et
2738 876 2844 916 non
2881 876 2948 915 ex
2981 863 3230 917 mutabili
3275 880 3470 933 propo—

1886 949 1993 1006 sito
2034 950 2226 1019 jurare
2275 951 2451 1006 coacti
2485 960 2614 1006 sunt
2646 968 2805 1007 :cum
2834 953 2981 1008 nulla
3030 968 3165 1009 vero
3210 966 3471 1024 appareat

1886 1044 2190 1110 excusatio,
2208 1058 2305 1099 eos
2335 1058 2457 1100 esse
2486 1045 2857 1101 admittendos
2880 1061 3105 1104 censeo.
3131 1047 3274 1101 Audi
3314 1048 3471 1100 duin-

1887 1146 2039 1203 ceps.
2083 1132 2372 1203 Longinus
2428 1133 2650 1203 quidam
2689 1151 2877 1205 agrum
2928 1136 3153 1203 habuit,
3182 1138 3269 1189 cui
3329 1136 3470 1190 Min-

1887 1224 2010 1278 dala
2055 1240 2254 1280 nomen
2290 1235 2432 1293 erat,
2466 1225 2696 1282 Mistbia:
2744 1229 3079 1298 episcopatui
3132 1229 3466 1300 subjectum.

1893 1316 2133 1371 Severus
2161 1317 2384 1387 quidam
2412 1308 2756 1374 Masadarum
2820 1322 3111 1391 cpiscopus
3168 1323 3461 1394 Cyriacum

1889 1407 2178 1475 quemdam
2210 1409 2417 1478 templi,
2453 1412 2603 1478 quod
2648 1412 2700 1464 in
2730 1424 2861 1481 agro
2895 1403 2989 1467 illo
3026 1415 3268 1483 positum
3325 1424 3466 1476 erat.

1893 1497 2277 1570 presbyterum
2326 1501 2634 1564 constituit.
2675 1503 2771 1572 qui
2809 1502 3021 1572 juravit
3067 1519 3126 1559 se
3174 1505 3227 1559 in
3266 1506 3468 1576 templo

1891 1605 2357 1660 permansurum.
2428 1601 2483 1646 et
2520 1591 2665 1646 illius
2718 1594 3057 1664 episcopatui
3111 1595 3229 1652 fore
3281 1600 3471 1669 subje-

1892 1691 2063 1735 ctum.
2110 1680 2312 1737 Verum
2346 1682 2493 1737 illius
2526 1682 2768 1753 regionis
2820 1686 3125 1755 episcopus
3174 1686 3469 1758 Cyriacum

1891 1774 2208 1829 ministrare
2234 1775 2532 1844 prohibuit,
2560 1777 2762 1848 quippe
2817 1778 2911 1848 qui
2968 1779 3021 1833 in
3053 1782 3315 1847 ecclesia,
3348 1799 3473 1853 qua:

1895 1866 1980 1920 sui
2006 1865 2149 1937 juris
2176 1876 2316 1933 erat.
2350 1867 2419 1922 ab
2446 1868 2555 1922 alio
2589 1869 2874 1926 ordinatus
2913 1883 3102 1939 esset;
3138 1884 3473 1945 quaprOpter

1894 1975 1959 2039 ea
1980 1960 2267 2026 derelicta,
2304 1961 2575 2031 (Iyriacus
2622 1961 2938 2019 discedebat
2969 1983 2982 2017 :
3039 1975 3151 2021 tum
3185 1965 3471 2039 Longinus

1896 2036 2165 2115 atterens.
2193 2051 2469 2108 desertum
2499 2070 2558 2109 se
2602 2056 2858 2124 templum
2906 2058 3244 2113 redditurum
3287 2061 3467 2114 ruina-

1896 2143 2058 2198 batur
2099 2181 2115 2207 .
2148 2151 2205 2198 et
2261 2140 2382 2198 solo
2451 2153 2825 2211 aequaturum.
2874 2145 3247 2219 interrogatus
3304 2152 3471 2220 igitur

1894 2243 2139 2297 sanctus,
2190 2250 2409 2304 equum
2467 2249 2588 2290 esse
2621 2237 2899 2302 censebat,
2949 2252 3165 2308 agrum,
3216 2242 3306 2296 cui
3344 2243 3473 2298 sub—

1896 2326 2125 2380 stitutus
2159 2333 2279 2378 erat
2337 2322 2602 2395 Cyriacus
2636 2364 2653 2389 .
2717 2322 3063 2382 Masadarum
3127 2331 3472 2403 episcopatui

1895 2412 2117 2486 subjici.
2147 2417 2360 2471 etiamsi
2389 2416 2617 2472 alterius
2638 2425 2785 2473 esset
2837 2419 3100 2489 regionis,
3138 2438 3203 2478 ac
3250 2441 3469 2480 rursum

1895 2508 2026 2562 illuc
2050 2508 2229 2563 redire
2258 2507 2564 2580 Cyriaeum.
2601 2502 2676 2563 Ita
2712 2520 2972 2580 namque,
3006 2512 3104 2579 ait,
3142 2522 3197 2569 et
3230 2531 3330 2572 nos
3363 2535 3472 2573 non

1894 2602 2204 2657 videbimur
2224 2602 2492 2657 adversus
2522 2616 2764 2656 canones
2796 2617 2980 2673 agere,
3018 2607 3323 2678 morigeros
3371 2626 3471 2665 nos

1896 2710 2025 2765 erga
2073 2692 2364 2766 Cyr-incum
2397 2691 2723 2764 pra'bentes.
2755 2709 2934 2765 neque
2956 2696 3045 2751 ille
3076 2698 3468 2769 jusjurandum

1897 2787 2164 2854 violabit;
2207 2787 2467 2857 quoniam
2533 2802 2633 2842 nec
2685 2787 3001 2857 juramento
3067 2788 3314 2849 additum
3366 2807 3470 2862 est,

1897 2880 2045 2951 quod
2078 2894 2187 2934 non
2220 2879 2285 2933 ad
2328 2878 2493 2934 breve
2538 2890 2754 2951 tempus
2780 2884 2997 2939 secedet
3031 2900 3205 2956 agro;
3238 2896 3290 2942 et
3322 2887 3472 2945 Lon-

1898 2974 2058 3043 ginus
2105 2972 2395 3027 ecclesiam
2438 2987 2545 3026 non
2606 2972 2879 3030 desertam
2940 2978 3230 3049 relinquet,
3291 2998 3473 3054 neque

1898 3074 2168 3119 suammet
2216 3065 2455 3119 animam
2521 3056 2779 3123 oiIendel.
2816 3058 3029 3127 Videsis
3081 3076 3356 3142 quomodo
3401 3093 3467 3131 ex

1898 3154 2190 3210 verborum
2217 3155 2603 3225 disquisitione
2627 3159 2953 3213 sententiam
2989 3171 3214 3219 sanctus
3240 3166 3469 3236 indaga-

1897 3249 1998 3315 vit,
2031 3259 2090 3303 ut
2143 3249 2234 3317 qui
2284 3247 2647 3318 jurejurando
2717 3265 2775 3306 se
2804 3251 3172 3310 obstrinxerat
3220 3258 3471 3326 pejerare

1897 3357 2004 3396 non
2041 3341 2309 3396 videatur.
2340 3340 2542 3396 Severo
2580 3349 2762 3397 autem
2794 3354 3075 3410 accusato.
3128 3350 3274 3417 quod
3325 3352 3470 3406 ultro

1898 3433 2187 3489 ordinabat
2218 3434 2273 3488 in
2302 3448 2455 3490 suam
2494 3434 2780 3502 dioecesin,
2821 3443 2874 3491 et
2908 3436 3240 3495 oblivionem
3280 3455 3473 3510 praete-

1896 3537 2059 3582 xente
2084 3545 2098 3580 :
2120 3526 2253 3592 Deo,
2282 3525 2461 3597 inquit
2491 3540 2735 3593 sanctus,
2759 3528 3053 3585 vindictam
3110 3533 3472 3605 relinquimus

1889 3620 1985 3689 qui
2003 3620 2221 3673 occulta
2255 3618 2542 3687 cognoscit
2571 3627 2624 3672 et
2657 3628 2937 3676 scrutatur
2965 3637 3102 3686 ;nos
3127 3641 3257 3680 vero
3293 3626 3472 3683 iudis-
3530 3612 3537 3617 ⁷

1894 3712 2223 3767 criminatim
2290 3711 2440 3765 illum
2507 3711 2826 3778 recipimus.
2862 3723 2915 3768 et
2944 3715 3039 3784 qui
3082 3716 3358 3774 humanus
3391 3732 3475 3777 est

1895 3800 2109 3873 lapsus,
2134 3802 2398 3857 oblivioni
2438 3802 2818 3872 ignoscentes;
2860 3808 3304 3879 quandoquidem
3360 3830 3467 3870 non

1906 3911 2103 3953 sumus
2134 3895 2387 3950 cordium
2446 3895 2784 3964 cognitores.
2823 3898 2918 3951 sed
2977 3911 3142 3968 prout
3193 3905 3469 3970 audimus,

1897 3988 2236 4058 judicamus.
2290 3986 2443 4041 Licet
2489 3987 2779 4042 ecclesiam
2843 3991 3208 4047 multifariam
3269 3998 3473 4050 damno

1902 4081 2106 4145 affecit.
2167 4080 2261 4151 qui
2315 4080 2461 4135 ultra
2528 4095 2684 4136 suam
2720 4081 2983 4139 dimcesin
3042 4098 3234 4140 contra
3302 4103 3475 4144 cano-

217 4197 322 4238 nes
341 4182 711 4247 ordinavit.et
733 4181 1048 4250 juramento
1073 4191 1266 4252 praeter
1292 4181 1582 4251 Evangelia
1600 4177 1896 4243 astrinxit;
1934 4174 2182 4246 peierare
2255 4187 2382 4228 vero
2446 4172 2632 4228 docuit
2677 4189 2744 4230 co
2822 4177 2969 4246 quod
3021 4177 3320 4235 translatus
3390 4194 3475 4243 est

202 4283 536 4352 presbyter;
576 4293 725 4334 nunc
757 4287 943 4334 autem
974 4279 1242 4335 mentitus
1275 4288 1358 4333 est
1389 4279 1653 4345 quoniam
1686 4274 2018 4331 oblivionem
2054 4287 2165 4343 prae
2195 4287 2254 4329 se
2283 4270 2407 4327 l‘ert.

291 4373 388 4430 Ἑν
419 4376 475 4429 δὲ
496 4376 572 4445 τῷ
618 4376 682 4440 ιζ’
714 4376 902 4429 κανόνι
935 4375 1107 4429 ταῦτα
1136 4376 1447 4446 διείληπται
1469 4392 1483 4408 ο
1520 4375 1785 4437 Ἀπιστὸς

193 4484 285 4531 τις
310 4466 496 4536 λαχὼν
528 4468 719 4538 ἄρχειν
761 4466 1101 4536 Ἀντιοχέων,
1142 4467 1393 4529 ἀπειλαῖς
1424 4463 1779 4534 καταπλήξας

1980 4371 2038 4426 ln
2075 4385 2201 4426 can.
2224 4368 2442 4424 decimo
2466 4371 2702 4440 septimo
2731 4371 2847 4426 ha‘c
2879 4372 3282 4441 disceptantur.
3344 4374 3470 4430 luli-

1897 4463 2039 4519 delis
2071 4460 2232 4534 135
2259 4461 2485 4531 quidam
2520 4462 2827 4518 Antiochia:
2892 4464 3189 4534 imperium
3213 4468 3468 4530 sortitus.

195 4560 311 4611 τῶν
346 4555 579 4611 ἐνταῦθα
606 4555 795 4626 ἱερέων
822 4556 1000 4619 ἐνίους
1026 4558 1107 4619 εἱς
1138 4555 1295 4608 τοῦτο
1326 4556 1446 4627 βίας
1484 4556 1664 4627 ήγαγε
1688 4555 1786 4608 καὶ

1896 4558 2192 4613 nonnullos
2227 4557 2299 4611 ibi
2334 4557 2687 4629 presbyteros
2714 4557 2879 4613 nimis
2911 4561 3219 4629 percellens
3240 4570 3392 4617 tanta
3418 4563 3469 4615 vi

195 4651 476 4717 ἀνάγκης,
506 4647 648 4701 ὥστε
698 4648 899 4719 ὀμόσαι
930 4649 1030 4718 τῆς
1076 4648 1375 4719 ἱερωσύνης
1424 4648 1779 4702 πεπαῦσθαι*

196 4742 410 4795 τούτων
440 4737 520 4803 εἷς
558 4757 664 4807 τις,
713 4741 927 4813 Βιάνωρ
950 4741 1146 4813 ὄνομα,
1174 4743 1252 4805 εἰς
1284 4743 1345 4795 τὸ
1393 4744 1615 4796 Ἰκόνιον
1650 4758 1783 4812 μετ·

196 4836 434 4907 ῳκίσθη,
509 4835 638 4903 περὶ
684 4831 745 4888 οὒ
778 4834 869 4888 τὸν
921 4836 1097 4905 μέγαν
1146 4836 1447 4900 Βασίλειον,
1490 4834 1583 4889 τοῦ
1635 4835 1785 4889 θείου

196 4926 471 4995 ἐρομένου
513 4925 889 4995 ’Λμφιλοχίου.
925 4929 1111 4996 φάναι,
1157 4928 1240 4981 ὅτι
1274 4928 1469 4981 Κοινὸν
1518 4926 1787 4997 ἐξεθέμην

198 5020 333 5088 ὅρον
376 5017 469 5069 καὶ
498 5017 695 5068 κανόνα
730 5015 860 5087 περὶ
903 5018 1011 5069 τῶν
1053 5019 1112 5070 ὲν
1158 5019 1463 5089 Ἀντιοχείᾳ
1492 5017 1787 5088 ὀμωμοκό-

179 5095 317 5166 ’των
368 5111 774 5181 πρεσϐυτέρων,
813 5112 901 5165 ἶνα
954 5111 1063 5164 τῶν
1106 5112 1204 5181 μὲν
1263 5110 1458 5164 κοινῶν
1513 5110 1788 5179 συλλόγων

186 5204 545 5272 ’ἁπέχωνται,
589 5201 693 5273 ἰδίᾳ
722 5202 778 5254 δὲ
814 5204 884 5255 τὰ
909 5204 1015 5257 τῶν
1044 5204 1438 5274 πρεσϐυτέρων
1465 5202 1785 5273 ἐνεργῶσιν,

200 5298 362 5359 ὅπως
400 5295 476 5365 μὴ
505 5297 615 5358 τοῖς
639 5295 838 5348 είοόσιν
876 5296 1070 5359 αὐτοὺς
1103 5297 1171 5349 τὰ
1200 5296 1297 5366 τῆς
1332 5297 1645 5366 ἱερουργίας
1672 5294 1790 5359 ἰξο-

208 5388 580 5459 μοσαμένους,
604 5388 767 5439 αῖτιοι
800 5387 1097 5440 σκανδάλου
1122 5387 1366 5454 γένοιντο
1385 5403 1398 5416 ⁸
1426 5385 1601 5456 τούτῳ
1626 5386 1683 5438 δὲ
1710 5383 1789 5454 τῷ

208 5483 451 5551 Βιάνωρι
486 5480 686 5550 μᾶλλον
709 5479 894 5533 ἄδειαν
928 5480 1158 5548 παρέχει
1180 5480 1317 5549 πρὸς
1337 5478 1437 5548 τὴν
1463 5478 1787 5547 ὑπηρεσίαν,

204 5574 297 5624 ὅτι
321 5571 422 5623 οὐκ
454 5573 512 5622 ἐν
545 5570 865 5640 Ἀντιοχείᾳ,
888 5570 1005 5622 ἀλλ’
1037 5573 1093 5621 ἐν
1134 5568 1339 5638 Ἰκονίῳ
1366 5570 1434 5622 τά
1458 5569 1553 5639 τῆς
1578 5570 1792 5637 ἱερουρ-

208 5665 344 5731 γίας
393 5662 576 5731 μέλλει
630 5664 921 5732 πράττειν·
968 5662 1156 5725 δεκτὸς
1208 5661 1300 5715 οὖν
1351 5664 1498 5715 ἐστιν
1536 5661 1794 5714 ἀπαιτού-

215 5771 382 5826 μενος
412 5758 560 5825 παρὰ
591 5755 687 5823 τῆς
717 5755 1005 5818 εὐλαϐείας
1046 5773 1140 5809 σου
1179 5756 1579 5826 μεταμέλεσθαι
1611 5756 1702 5807 ἐπὶ.
1725 5758 1789 5824 τῇ

208 5847 435 5918 εὐκολίᾳ
464 5846 557 5899 τοῦ
583 5849 771 5918 ὅρκου,
816 5849 875 5902 ὃν
902 5849 996 5902 ἐπὶ
1029 5848 1120 5902 τοῦ
1150 5850 1396 5917 ⁸ἀπίστου
1430 5848 1618 5917 ἀνδρὸς
1660 5848 1790 5910 ἐξω-

500 5943 771 6004 ΡΑτιιυι.
822 5943 935 6004 Gn.
981 5946 1248 6005 CXLIV.

1895 4659 1953 4706 et
1979 4650 2309 4706 necessitate
2372 4651 2807 4722 constringebat.
2850 4661 2911 4707 ut
2947 4668 3008 4707 se
3057 4669 3086 4707 a
3150 4657 3472 4712 sacerdotio
3544 4689 3548 4694 -

1900 4750 2222 4798 cessaturos
2248 4742 2515 4810 jurarint.
2537 4740 2740 4797 Horum
2768 4758 2934 4808 unus,
2961 4743 3163 4800 Bianor
3226 4747 3471 4810 nomine.

1900 4833 2145 4889 lconium
2187 4834 2625 4905 trausmigravit.
2648 4839 2713 4891 de
2738 4851 2847 4907 quo
2884 4854 3118 4908 magnus
3145 4837 3408 4902 Basilius.
3444 4858 3473 4895 ιι

1899 4933 2092 4983 sancto
2116 4926 2507 4995 Amphilocliio
2542 4928 2932 4998 interrogatus.
2963 4932 3127 4994 dixit,
3164 4931 3475 4988 Commurm

1896 5017 2180 5075 decretura
2232 5030 2288 5075 et
2321 5034 2588 5075 canonem
2616 5021 2682 5075 de
2720 5023 3084 5092 presbyteris.
3146 5026 3239 5096 qui
3282 5028 3476 5081 Antio-

1893 5111 2032 5168 chim
2067 5112 2347 5182 juraruut.
2374 5113 2673 5178 edidimus.
2703 5122 2764 5168 ut
2798 5116 2834 5168 ii
2864 5131 2892 5168 a
2926 5116 3160 5185 publicis
3194 5123 3467 5173 conventi-

1896 5204 1999 5259 bus
2020 5206 2621 5275 abstineant.privatim
2656 5214 2837 5263 tamen
2862 5210 3311 5281 presbyterorum
3353 5227 3475 5265 mu-

1895 5314 2022 5353 nera
2039 5299 2352 5355 obeantzne
2378 5299 2488 5355 illis
2514 5340 2527 5364 ,
2551 5300 2642 5370 qui
2665 5315 2763 5356 eos
2792 5317 2950 5359 saera
2980 5304 3227 5373 ejurasse
3268 5304 3490 5363 sciuu‘t.’

1896 5390 2140 5444 scamlali
2159 5405 2383 5445 causam
2413 5390 2711 5459 praebeant.
2745 5390 2825 5447 Eo
2845 5396 3020 5464 magis
3047 5402 3228 5448 autem
3275 5392 3474 5447 Bianor

1905 5483 2270 5536 ministerium
2303 5482 2542 5537 obeundi
2572 5483 2848 5537 licentiam
2873 5486 3088 5539 obtinet
3110 5523 3126 5547 .
3158 5486 3304 5553 quod
3363 5501 3473 5539 non

1892 5573 2238 5636 Antiochiae.
2290 5577 2383 5628 sed
2454 5574 2623 5629 lcouii
2697 5590 2855 5629 sacra
2922 5575 3304 5629 eelebraturus
3379 5578 3472 5630 sit.

1900 5666 2299 5734 Suscipienilus
2356 5679 2438 5722 est
2487 5683 2643 5738 ergo.
2686 5683 2715 5722 a
2752 5677 2843 5722 tua
2889 5669 3089 5737 pietate
3126 5668 3473 5729 admonitus.

1900 5768 1957 5811 ut
1985 5759 2369 5827 objnrameut-i
2405 5760 2744 5824 facilitatem.
2770 5761 2913 5831 quod
2947 5762 3052 5815 sub
3110 5759 3314 5817 inﬁdeli
3356 5763 3477 5815 viro

1894 5851 2124 5919 juravit,
2154 5868 2281 5907 eum
2315 5856 2598 5923 president,
2657 5869 2781 5909 cum
2814 5854 2970 5923 parvi
3028 5854 3179 5909 illius
3242 5856 3475 5927 periculi

3006 5944 3081 6007 42
