3918 6568
504 390 644 455 13ἓ3
1695 392 2051 454 ΜΑΤἸῊᾸΞΙ

2184 393 2522 455 .ASTARIS
2638 447 2644 453 .
3400 385 3422 405 ⁸
3620 390 3731 458 13Ξί

500 502 814 559 molestiam
850 500 997 556 ferre
1018 514 1129 556 non
1167 501 1431 572 potuerit.
1461 499 1658 557 Verum
1688 520 1741 557 In
1794 503 1864 558 66
1928 505 2047 560 inde

2188 507 2412 578 μόσατο,
2451 506 2722 578 βαστάσαι
2758 503 2859 577 τὴν
2909 501 3136 576 ϐχλησιν
3168 501 3266 558 τοῦ
3319 505 3517 576 μικροῦ
3555 507 3732 564 ἐκείνου

501 599 791 654 terminate
827 595 1021 660 laicos,
1045 595 1138 666 qui
1170 594 1510 665 pejerarunt,
1565 611 1664 666 per
1690 597 2014 652 decennium

2191 599 2437 654 κινδύνου
2500 601 2574 672 μὴ
2627 598 2901 670 δυνηθείς.
2971 598 3118 652 Ἀλλ’
3177 601 3234 651 ἐν
3277 601 3378 668 μέν
3407 599 3483 667 τῷ
3527 601 3590 665 ξδ’
3632 607 3736 669 τοὺς

499 691 674 745 sacris
711 689 1080 760 percipiendis
1111 697 1283 743 arcet.
1325 687 1718 744 Verumtamen
1779 689 1832 744 in
1871 691 1940 745 8‘1
1971 691 2046 747 dis

2191 691 2485 763 ἐπιόρκους
2509 693 2621 746 τῶν
2646 692 2853 746 λαῖκῶν
2877 690 3349 763 ἀπροσδιορίστως
3374 691 3467 745 ἐπὶ
3490 693 3733 750 δεκαετίαν

501 781 762 837 tinctione
810 782 1002 836 statuit
1053 790 1112 836 ut
1169 779 1206 834 ii
1252 780 1346 851 qui
1397 796 1462 835 ex
1512 785 1842 837 necessitate
1885 793 1940 837 et
2033 799 2048 836 ι

2187 786 2299 836 τῶν
2324 785 2686 854 ἀγιασμάτων
2719 782 3010 855 ἀπείργει·
3049 784 3107 836 ἐν
3143 782 3203 836 δέ
3231 800 3296 850 γε
3327 782 3406 848 τῷ
3437 783 3544 853 πβ⁹,
3567 785 3733 856 διαιρέ-

498 874 850 946 pejerarunt,
904 883 1028 944 post
1087 872 1333 928 sexennii
1370 873 1606 942 spatium
1663 875 2038 946 suscipiantur

2191 893 2273 930 σει
2328 877 2699 948 χρησάμενος,
2763 877 2889 939 τοὺς
2957 877 3057 947 μὲν
3117 875 3176 940 ἐξ
3232 874 3477 944 ἀνάγκης
3512 879 3595 930 καὶ
3637 879 3732 947 βίας

501 966 595 1036 qui
628 975 810 1022 autem
847 965 968 1022 sine
1029 964 1358 1022 necessitate
1391 967 1547 1021 ﬁdem
1611 982 1767 1022 suam
1823 969 2048 1036 prodide

2187 969 2634 1039 ἐπιορκήσαντας
2704 969 2844 1038 μετὰ
2879 967 3078 1037 ἑξαετῆ
3129 969 3328 1039 χρόνον
3373 969 3732 1039 δέγεσθαιδιωο

499 1069 631 1113 runt
654 1060 802 1130 (nam
834 1058 1138 1130 perjurium
1173 1068 1255 1114 est
1286 1057 1376 1114 Dei
1409 1059 1802 1130 negatio),post
1832 1061 2046 1117 undecit

2193 1061 2418 1132 ρίαατοο
2448 1062 2572 1124 τοὺς
2602 1061 2658 1114 δὲ
2697 1061 2868 1132 χωρὶς
2907 1062 3156 1130 ἀνάγκης
3188 1061 3290 1131 τὴν
3329 1059 3538 1113 ἑαυτῶν
3581 1063 3729 1117 πίστιν

501 1167 678 1208 annos
709 1166 869 1207 sacra
901 1149 1297 1206 communione
1333 1151 1486 1222 digni
1550 1163 1873 1218 censentur,
1936 1163 2048 1223 post

2191 1153 2490 1224 προδόντας
2525 1153 2808 1225 (ἐπιορκία
2838 1155 2946 1223 γάρ
2993 1155 3108 1206 ἐστι
3151 1153 3288 1206 Θεοῦ
3321 1155 3564 1224 ἄρνησις)
3621 1157 3729 1224 μετᾶ

501 1262 666 1316 quam
696 1243 1053 1300 suﬂicicntem
1085 1243 1510 1300 manifestarunt
1545 1246 1948 1316 pmnitentiam.
1987 1248 2048 1302 Hi

2189 1246 2475 1300 ἑνδέκατον
2507 1247 2628 1308 ἔτος
2655 1246 2754 1315 τῆς
2779 1245 2930 1310 θείας
2962 1245 3104 1312 ἀξιοῖ
3133 1247 3442 1310 κοινωνίας,
3481 1248 3727 1316 μετάνοιαν

501 1356 632 1394 vero
664 1340 840 1409 pmnis
887 1337 1286 1408 subjiciuntur,
1323 1341 1416 1409 qui
1451 1354 1550 1393 sua
1585 1349 1779 1408 sponte
1816 1356 1912 1410 per
1952 1356 2048 1395 con

2190 1336 2470 1406 ἀξιόλογον
2495 1338 2966 1408 ἐπιδειξαμένους.
2996 1337 3223 1400 Τούτοις
3243 1339 3300 1391 δὲ
3331 1341 3443 1399 τοῖς
3476 1341 3727 1409 ἐπιτιμίοις

506 1433 805 1488 fessionem
837 1428 904 1485 de
935 1439 1161 1501 peccato
1216 1433 1648 1502 triumpharunt,
1706 1443 1758 1487 et
1813 1434 2053 1488 medelam

2190 1428 2508 1482 ὑπόκεινται
2538 1429 2588 1481 ot
2620 1429 2800 1481 ἑκοντὶ
2829 1427 2892 1480 τὸ
2925 1427 3236 1496 ἁμάρτημα
3276 1429 3343 1498 τῇ
3379 1427 3725 1500 ἐξομολογήσει

501 1524 852 1595 petiverunt;
883 1539 988 1577 non
1026 1533 1222 1577 autem
1257 1523 1294 1578 ii
1329 1525 1422 1594 qui
1457 1540 1522 1578 ex
1578 1526 1814 1580 aliorum
1847 1541 2048 1581 accusa

2191 1519 2685 1592 θριαμϐεύσαντες,
2725 1519 2819 1572 καὶ
2849 1519 2948 1589 τὴν
2977 1519 3279 1589 θεραπείαν
3311 1520 3727 1592 ἐπιζητήσαντες,

506 1614 750 1669 tionibus
802 1613 1029 1685 periurii
1090 1615 1169 1670 rei
1203 1615 1585 1672 inveniuntur.
1615 1617 1692 1672 llli
1732 1619 1879 1673 enim
1919 1620 2053 1674 simu

2189 1613 2250 1664 οὔ
2282 1611 2391 1682 μὴν
2427 1612 2476 1666 oi
2519 1613 2631 1674 τοῖς
2670 1611 2876 1682 ἐτέρων
2918 1610 3170 1680 ἐλέγχοις
3205 1611 3547 1681 φωραθέντες
3574 1615 3729 1686 ἐπίορο

503 1716 559 1761 et
588 1722 748 1776 pcena
772 1707 1087 1776 pecuniaria
1117 1716 1170 1761 et
1219 1709 1437 1778 gravius
1472 1709 1537 1762 ah
1574 1708 1817 1764 Ecclesia
1849 1712 2050 1780 puniun

2191 1721 2296 1756 xm.
2372 1704 2603 1756 Ἐκεῖνοι
2637 1701 2765 1773 γὰρ.
2790 1703 2906 1774 ἅμα
2935 1705 3002 1773 τῇ
3045 1705 3125 1764 είς
3158 1704 3423 1773 χρήματα
3465 1709 3629 1774 πεινῇ,
3657 1710 3729 1762 καὶ

506 1805 633 1862 ι.ιι·;
702 1796 854 1866 quia,
912 1805 972 1850 ut
1031 1797 1230 1866 saapius
1285 1797 1492 1852 dictqu
1543 1807 1660 1865 est,
1715 1801 2049 1857 incriminati

2191 1794 2461 1858 πλειόνως
2501 1795 2605 1848 ὑπὸ
2634 1795 2732 1864 τῆς
2775 1795 3103 1864 Ἐκκλησίας
3134 1796 3532 1864 ἐπιτιμῶνταιο
3575 1800 3602 1851 6
3643 1800 3727 1867 γὰρ

505 1863 750 1957 duplicat
799 1887 1008 1957 peccati
1037 1863 1257 1955 molem,
1289 1863 1755 1960 quemadmodum
1805 1902 1858 1948 et
1909 1896 2052 1965 paeni

2189 1887 2435 1957 ἔλεγχος,
2473 1887 2551 1951 ὼς
2598 1863 2861 1950 πολλάκις
2906 1863 3144 1957 εἴρηται,
3198 1863 3535 1952 διπλασιάζει
3568 1891 3620 1944 τὸ

504 1979 674 2034 tentia
707 1979 974 2034 trutinam
1008 1981 1206 2037 elevat.
1241 1980 1522 2052 Multiplex
1558 1993 1643 2038 est
1669 1983 1899 2053 perjurii
1960 2002 2051 2056 pec

2190 1977 2590 2047 ἁμαρτήματος
2636 1976 2882 2047 ὄφλημα,
2919 1977 3108 2046 ὥσπερ
3137 1976 3229 2030 οὖν
3269 1981 3301 2046 ή
3339 1980 3590 2048 μετάνοια
3629 1999 3727 2034 κου-

506 2079 712 2135 catum,
746 2079 800 2124 et
822 2079 1112 2140 propterea
1150 2069 1368 2128 diﬁlcile
1395 2079 1479 2127 est
1513 2083 1734 2129 curatu.
1767 2073 1901 2129 Nam
1929 2076 2053 2130 alite

2191 2067 2340 2137 φίξει
2394 2067 2494 2136 τῆς
2541 2067 2813 2138 τιμωρίας
2857 2068 2962 2136 τὴν
3014 2070 3354 2136 πλάστιγγα.
3405 2072 3660 2136 Πολυειδές
3682 2074 3725 2127 δέ

505 2177 698 2232 ρωπος
725 2163 840 2227 dat,
867 2163 961 2232 qui
990 2174 1087 2232 per
1111 2162 1370 2234 injuriam
1428 2162 1638 2232 juravit
1666 2175 1720 2220 et
1781 2165 2047 2236 pejeravit

2191 2159 2308 2210 ἐστι
2340 2157 2402 2210 τὸ
2430 2158 2530 2226 τῆς
2574 2157 2864 2227 ἐπιορκίας
2903 2158 3237 2229 ἀμάρτημα,
3275 2160 3424 2231 παρὸ
3457 2163 3545 2215 καὶ
3573 2163 3726 2233 δυσιε-

506 2254 666 2309 aliter
695 2255 786 2324 qui
817 2269 914 2324 per
944 2255 1092 2320 vim;
1123 2263 1178 2310 et
1203 2256 1298 2325 qui
1329 2257 1710 2326 paenitentiam
1758 2259 1901 2327 agit.
1933 2259 2053 2315 alite

2193 2247 2305 2316 ρῶς
2350 2247 2756 2317 θεραπεύεταιο
2808 2248 2989 2310 ἄλλως
3039 2251 3148 2320 γὰρ
3193 2251 3514 2318 ἐπιτιμᾶται
3563 2254 3587 2305 6
3631 2257 3724 2308 κατ’

517 2362 682 2416 quam
716 2347 844 2412 isti;
885 2347 1131 2417 aliasqui
1187 2348 1258 2403 oh
1314 2348 1549 2417 alicujus
1600 2349 1977 2406 defensionem
2038 2370 2064 2407 c

2191 2339 2484 2409 ὀλιγωρίαν
2510 2340 2717 2408 ὀμόσας
2757 2340 2854 2393 καὶ
2919 2342 3266 2412 ἐπιορκήσας
3287 2357 3301 2372 '
3329 2342 3487 2396 ἄλλον
3508 2345 3677 2412 τρόπον
3703 2348 3723 2399 6

506 2440 844 2504 vindictam;
895 2450 950 2494 at
982 2456 1132 2507 eum,
1197 2441 1290 2512 qui
1333 2441 1463 2496 dolo
1499 2443 1646 2498 malo
1702 2444 1809 2499 hoc
1872 2444 2053 2500 iecerit

2193 2431 2330 2482 κατά
2367 2429 2488 2497 βίαν
2508 2445 2524 2462 ο
2556 2428 2586 2482 6
2609 2431 2901 2502 μεταμέλῳ
2932 2432 3281 2502 χρησάμενος
3312 2433 3535 2504 ἄλλωςῆ
3579 2428 3721 2489 simtu

507 2531 598 2585 ubi
633 2532 853 2599 pones?
909 2531 1010 2597 Qui
1069 2541 1250 2587 autem
1313 2533 1386 2588 rei
1439 2533 1679 2606 alicujus
1751 2535 1981 2592 ludicrae
2035 2554 2054 2593 ε

2193 2521 2393 2591 ἐτέρως
2426 2524 2454 2575 6
2481 2523 2591 2575 τινὶ
2621 2523 2966 2593 ἀμυνόμενος
2992 2540 3007 2555 ο
3042 2525 3133 2576 τὸν
3166 2525 3222 2578 δὲ
3259 2527 3403 2577 κατά
3433 2526 3572 2578 δόλον
3601 2527 3724 2581 τοῦτο

508 2624 927 2680 contemnenda!
973 2626 1145 2695 gratia
1178 2627 1550 2697 juramcntum
1607 2643 1934 2700 aspernatus
1972 2631 2055 2687 fue

2194 2613 2537 2682 πεποιηκότα
2571 2612 2674 2666 ποῦ
2703 2614 2928 2685 θήσειςς
2971 2615 3032 2669 Ὀ
3066 2615 3123 2669 δὲ
3155 2615 3299 2670 κατά
3346 2634 3400 2668 τι
3450 2618 3725 2680 παιγνιῶδες

507 2716 600 2781 rit,
641 2717 731 2772 ubi
765 2717 1174 2773 collocabitur?
1203 2719 1472 2776 Przeterea
1507 2722 1598 2792 qui
1637 2724 1924 2793 carporale
1971 2725 2054 2795 jus

2194 2705 2291 2757 ita!
2332 2705 2640 2777 ἀπόϐλητον
2669 2706 2762 2759 τὸν
2791 2707 2954 2776 ὅρκον
2984 2705 3276 2777 ἢθετηκὼς
3306 2708 3410 2760 ποῦ
3456 2708 3722 2772 τετάξεταις

500 2809 796 2879 jurandum
854 2820 1231 2882 transgressus
1268 2822 1373 2879 est,
1419 2815 1624 2886 quique
1669 2817 1888 2886 scriptis
1935 2794 2047 2872 mar

2193 2795 2220 2846 6
2242 2794 2298 2848 δέ
2322 2795 2636 2864 σωματικὸν
2667 2796 2830 2866 ὅρκον
2854 2795 3285 2866 παραϐεϐηκὼς,
3315 2800 3342 2849 6
3380 2797 3434 2850 δέ
3471 2798 3723 2867 ἔγγραφον,

509 2898 718 2963 datum,
753 2900 819 2953 de
866 2899 953 2956 his
986 2903 1117 2971 quid
1163 2904 1514 2958 statuendum
1573 2905 1699 2960 est?
1760 2905 2054 2977 llujusmm

2197 2886 2328 2956 περ)⁹
2376 2887 2582 2939 τούτων
2630 2889 2680 2940 τί
2731 2888 2838 2956 χρὴ
2889 2889 3234 2958 προσδοκᾷνς
3291 2889 3617 2951 Ἐξεταατέον
3641 2894 3729 2941 τοί-

505 2989 675 3062 igitur
711 2991 999 3060 diligenter
1035 2993 1399 3054 examinanda
1446 3005 1672 3063 sunt,et
1704 3012 1806 3068 pro
1877 2999 2052 3054 virihu

2195 2997 2291 3034 νυν
2320 2980 2563 3049 ἀκριϐῶς
2605 2982 2672 3035 τὰ
2705 2982 2951 3048 τοιαῦτα,
2993 2982 3086 3036 καὶ
3122 2983 3203 3045 εἰς
3235 2981 3467 3052 δύναμιν
3492 2983 3731 3052 θεραπευ-

508 3084 858 3154 corrigenda.

795 3085 858 3138 fa.
2195 3073 2342 3128 τέον.

2893 3209 2928 3234 Ι

579 3259 637 3312 In
667 3257 930 3314 vicesimo
954 3272 1097 3312 nono
1121 3272 1246 3314 vero
1280 3259 1426 3316 viros
1451 3260 1749 3332 principes,
1779 3264 1871 3334 qui
1897 3263 2087 3334 jurant
2115 3225 2126 3272 ‘

2277 3251 2365 3305 ‘Ev
2413 3251 2469 3306 δὲ
2519 3251 2598 3322 τῷ
2655 3251 2735 3306 κθ⁹
2766 3218 2924 3312 robe,
2942 3253 3250 3324 ὀμνύοντας
3300 3255 3412 3307 τῶν
3467 3255 3729 3325 ἀρχόντων,

506 3366 570 3407 se
607 3366 638 3406 ο
668 3350 932 3418 subjectis
986 3351 1102 3405 suis
1156 3352 1421 3422 quosdam
1470 3355 1730 3424 plexisse,
1797 3357 2053 3427 duplicitc

2189 3343 2367 3408 ἐνίους
2403 3344 2514 3396 τῶν
2543 3345 2647 3397 ὑπὸ
2695 3347 2852 3414 χεῖρα
2884 3347 3184 3416 τιμωρίαις
3233 3348 3539 3410 ὑποϐαλεῖν,
3571 3348 3734 3410 διττῶς

508 3442 690 3498 sanari
715 3441 908 3512 jubet;
946 3457 1057 3496 uno
1111 3443 1272 3497 modo
1305 3444 1552 3514 quidem,
1591 3456 1652 3500 ut
1683 3447 1784 3516 ipsi
1846 3449 2052 3503 docean

2196 3435 2375 3489 ἰᾶσθαι
2429 3437 2676 3488 κελεύειο
2711 3439 2776 3506 τῇ
2821 3437 2940 3506 μὲν,
2979 3437 3054 3506 μὴ
3089 3440 3398 3508 προχείρως
3440 3439 3648 3508 ὀμνύναι
3671 3442 3738 3493 δι-

509 3545 620 3600 tur,
657 3549 764 3588 non
797 3533 956 3587 facile
985 3533 1209 3602 jurare,
1251 3533 1424 3588 altero
1444 3544 1647 3601 autem,
1677 3551 1746 3590 ne
1776 3537 1982 3590 malum
2032 3551 2056 3592 ε

2192 3526 2526 3579 δασκεσθαι·
2565 3527 2634 3595 τῇ
2666 3526 2740 3589 δὲ,
2801 3525 2876 3596 μὴ
2924 3528 3004 3590 είς
3044 3526 3206 3598 ἔργον
3259 3531 3358 3599 τὴν
3407 3531 3632 3599 πονηρὰν
3657 3532 3739 3585 καὶ

507 3625 870 3678 ὶηῖιιιηιιιτιιιι
923 3623 1190 3690 inliciunt
1274 3624 1340 3677 ad
1403 3623 1660 3681 effectum
1715 3627 2027 3696 producant

2195 3621 2566 3690 ἀπάνθρωπον
2600 3623 2788 3691 κρίσιν
2821 3622 3080 3692 ἐκφέρειν
3101 3639 3114 3652 °
3152 3623 3289 3674 ἀλλά
3316 3625 3417 3693 τὴν
3447 3626 3542 3694 μὲν
3570 3628 3648 3677 ἐπὶ
3679 3627 3736 3695 τῇ

509 3716 608 3770 sed
665 3716 1045 3786 paenitentiam
1103 3725 1325 3785 propter
1363 3715 1728 3787 jurisjurandi
1773 3720 2056 3774 facilitatet

2195 3713 2494 3782 προπετείᾳ
2525 3716 2618 3766 τοῦ
2664 3715 2830 3783 ὅρκου
2890 3715 3184 3782 μετάνοιαν
3219 3718 3632 3782 ἐπιδείκνυσθαι,
3676 3721 3737 3788 μὴ

499 3808 856 3862 .ostendant:
909 3822 1015 3862 non
1051 3814 1239 3862 autem
1286 3807 1506 3876 pietatis
1563 3821 1880 3878 prmtextus,
1945 3816 2046 3868 circ

2199 3805 2383 3873 μέντοι
2419 3805 2771 3876 προσχήματι
2805 3805 3116 3868 εὐλαϐείας,
3167 3807 3270 3876 τῆς
3317 3813 3446 3878 περὶ
3493 3812 3578 3862 τὸν
3604 3813 3739 3879 ὅρκον

510 3899 900 3970 jusjurandum
922 3913 1141 3968 nempe,
1199 3898 1607 3968 improbitatem
1675 3919 1830 3958 suam
1889 3906 2057 3958 conﬂi

2194 3895 2418 3967 δηλαδὴ,
2446 3897 2546 3966 τὴν
2576 3898 2845 3967 πονηρίαν
2863 3899 3074 3951 ἑαυτῶν
3107 3899 3394 3968 βεϐαιοῦνο
3423 3902 3656 3971 οὐδὲγὰρ
3676 3903 3739 3972 τῷ

511 4001 684 4046 ment.
715 3990 902 4061 Neque
927 3990 1074 4045 enim
1119 3988 1320 4044 Herodi
1387 3992 1529 4048 bene
1567 3995 1791 4064 jurasse
1861 3998 2058 4066 profuit

2207 3987 2424 4059 Ἡρώδῃ
2455 3988 2786 4059 συνήνεγκεν
2814 3988 3134 4058 εὐορκῆσαι,
3164 3989 3222 4050 ὃς
3264 3989 3364 4059 τὴν
3393 3993 3570 4061 πάγην
3604 3992 3740 4059 δῆθεν

512 4084 629 4154 qui,
667 4093 724 4138 ut
761 4083 988 4154 perjurii
1029 4082 1242 4137 scilicet
1301 4085 1556 4154 laqueum
1617 4088 1866 4154 evitarct,
1900 4089 2055 4160 laquc

2197 4077 2298 4146 τῆς
2349 4079 2635 4148 ἐπιορκίας
2689 4077 3114 4147 φυλαττόμενος,
3165 4080 3242 4147 τῷ
3278 4079 3372 4133 τοῦ
3416 4084 3571 4149 φόνου
3602 4083 3739 4146 ἐάλω,

512 4171 795 4225 homicidii
838 4185 1032 4242 captus
1061 4181 1162 4237 est,
1225 4175 1453 4228 maximi
1490 4174 1800 4231 faciendum
1855 4181 2059 4249 prophc

2199 4171 2361 4240 ἔργον
2395 4172 2674 4242 μαχαίρας
2705 4171 2796 4223 τὸν
2830 4170 2926 4224 τοῦ
2956 4172 3156 4234 παντὸς
3187 4172 3338 4236 ἀξιον
3371 4177 3644 4243 προφήτην
3669 4173 3742 4226 θέ-

511 4269 624 4314 tam
660 4263 841 4330 gladio
901 4264 1256 4320 occidendum
1288 4268 1530 4323 tradens.
1564 4268 1738 4324 Omne
1783 4272 1928 4324 enim
1968 4271 2058 4341 jus

2203 4279 2386 4332 μενος.
2418 4261 2689 4326 Καθάπαξ
2716 4263 2813 4330 μὲν
2833 4263 2956 4332 ,γὰρ
2989 4264 3134 4325 ἅπας
3157 4265 3320 4334 ὅρκος
3353 4267 3639 4335 ἀπείρηται
3666 4267 3743 4317 καὶ

506 4355 1049 4426 juramlumprorsus
1121 4360 1456 4430 prohibitum
1508 4371 1593 4416 est
1650 4372 1704 4416 et
1765 4365 2053 4418 condemn:

2199 4354 2619 4422 κατακέκριται.
2655 4353 2835 4422 πολλῷ
2869 4353 2927 4405 δὲ
2973 4353 3148 4422 δήπου
3201 4354 3364 4407 πλέον
3413 4357 3577 4420 εἰκός,
3607 4357 3630 4408 6
3665 4356 3746 4408 ἐπὶ

511 4456 756 4502 tumzex
791 4449 1049 4505 omnibus
1103 4463 1288 4506 autem
1349 4454 1584 4508 maxime
1643 4455 1773 4510 illud
1831 4457 1974 4526 quod
2025 4473 2054 4512 ιι

2201 4443 2444 4500 κακώσει
2469 4446 2634 4498 τινῶν
2667 4444 2996 4516 προαχθείςο
3038 4445 3179 4498 ὥστε
3214 4448 3636 4516 μεταγινώσκειν
3659 4447 3745 4518 χρὴ

516 4540 786 4609 quosdam
837 4542 977 4596 male
1009 4545 1328 4600 tractandos
1377 4547 1710 4615 suscipitur;
1740 4563 1909 4619 quare
1941 4565 2063 4604 eum

2206 4539 2296 4590 τὸν
2323 4538 2615 4608 ὀμνύοντα,
2654 4538 2776 4608 οὐχὶ
2803 4537 3129 4600 σπουδάζειν
3164 4537 3421 4606 βεϐαιοῦν
3449 4540 3511 4592 τὸ
3539 4539 3745 4594 ἀνόσιον.

513 4632 607 4701 qui
675 4631 902 4704 juravit,
966 4636 1273 4704 pcenitere,',
1337 4653 1444 4691 non
1510 4649 1690 4692 autem
1765 4655 1920 4694 suam
1995 4642 2060 4696 ita

2207 4631 2314 4683 Καὶ
2346 4629 2454 4698 γὰρ
2490 4631 2542 4681 si
2577 4647 2657 4692 τις
2686 4621 3002 4696 ὀφθαλμούς
3023 4645 3168 4691 τινος
3202 4627 3479 4698 ἐξορύξειν
3504 4629 3745 4698 ὀμόσει,ή

510 4726 765 4794 pietatem
802 4729 1128 4782 conﬁrmare
1158 4729 1376 4784 studere
1429 4739 1660 4798 oportet.
1688 4731 1763 4784 Ita
1801 4734 1846 4787 si
1882 4733 2006 4800 quis
2040 4751 2057 4789 ε

2203 4722 2508 4790 φονεύσειν,
2541 4721 2574 4792 ἢ
2603 4722 2712 4774 τῶν
2752 4722 2982 4774 ἐντολῶν
3011 4721 3298 4791 ἡντιναοῦν
3325 4722 3627 4791 ὰθετὴσειν,
3654 4721 3749 4786 ἐξε-

515 4818 804 4886 cujusdam
862 4821 1054 4875 oculos
1104 4822 1435 4876 etl'ossurum
1505 4821 1812 4890 juraverit,
1867 4827 1950 4878 vel
2013 4827 2062 4880 in

2202 4813 2450 4876 ταστέον,
2493 4813 2546 4865 τί
2595 4814 2704 4882 ἄρα
2748 4812 2980 4881 βέλτιον,
3013 4813 3144 4883 παρ’
3178 4813 3330 4866 οὐδὲν
3360 4813 3550 4866 θέσθαι
3579 4814 3660 4866 τόν
3676 4814 3749 4881 δρ-

515 4907 896 4972 terl'ecturum,
936 4912 1017 4965 vel
1051 4912 1372 4967 mandatqu
1430 4912 1655 4982 aliquod
1713 4913 2050 4970 violaturum

2201 4921 2316 4968 κον,
2342 4902 2375 4974 ἢ
2415 4904 2494 4966 είς
2519 4904 2681 4974 ἔργον
2712 4904 2772 4956 τὸ
2803 4904 2973 4956 κακὸν
3005 4905 3258 4972 ἀγαγεῖν,
3291 4905 3388 4956 καὶ
3424 4905 3527 4974 τὴν
3561 4903 3748 4970 ἐντολὴν

516 5000 904 5069 inquirendum
952 5012 1058 5069 est,
1119 5003 1250 5072 quid
1303 5003 1374 5056 sit
1428 5003 1650 5067 melius,
1704 5005 2063 5075 jusjurandun

2202 4995 2539 5067 παραϐῆναι.
2592 4996 2804 5064 Ὠμοσα
2833 4995 2964 5066 γὰρ,
2994 4999 3160 5067 φησιν
3189 4998 3218 5050 6
3246 4996 3431 5062 Δαῦὶδ,
3456 4997 3550 5048 καὶ
3572 4996 3746 5064 ἔστησα

516 5091 677 5145 nihili
713 5091 915 5154 facere.
947 5103 1040 5148 aut
1070 5096 1275 5149 malum
1339 5094 1602 5163 perlicere
1653 5106 1706 5149 et
1761 5110 2063 5168 prazceptnr

2203 5089 2293 5142 τοῦ
2327 5089 2561 5157 φυλάξαι
2595 5089 2662 5141 τὰ
2706 5088 2947 5156 κρίματα
2991 5087 3088 5157 τῆς
3119 5087 3475 5157 δ.καιοσύνης
3505 5105 3616 5149 σου,
3653 5087 3750 5154 οὐχὶ

521 5184 748 5238 violare.
785 5203 804 5236 ι
844 5184 1032 5241 Juravi
1082 5186 1311 5251 ctenim,
1353 5186 1531 5255 inquit
1598 5187 1783 5254 Ilarid,
1823 5202 1878 5246 et
1925 5192 2058 5261 justi

2202 5182 2300 5252 τὴν
2331 5181 2629 5251 ἁμαρτίαν.
2652 5181 2866 5246 ’Ὠσπερ
2897 5181 3007 5250 γὰρ
3037 5179 3138 5250 τὴν
3167 5179 3389 5251 ἐντολὴν
3421 5180 3749 5249 ἀμεταθέτως

518 5279 606 5331 tia:
647 5289 754 5334 tuae
804 5277 1012 5348 judicia
1073 5278 1356 5334 custodire
1407 5280 1592 5344 statui,
1655 5299 1675 5333 ι
1740 5298 1848 5337 non
1909 5295 2065 5342 auten

2203 5273 2435 5344 κρίμασι
2464 5275 2731 5344 προσήκει
2763 5271 3139 5340 βεϐαιοῦσθαι,
3168 5271 3313 5324 οὕτω
3354 5271 3454 5342 τὴν
3502 5271 3750 5340 ἁμαρτίαν

515 5368 1312 5439 peccatum.Quemadmodum
1341 5369 1489 5422 enim
1529 5384 1861 5440 praeceptum
1898 5377 2062 5432 immu

2203 5367 2469 5431 παντοίως
2519 5368 2860 5437 ἀκυροῦσθαι
2925 5368 3161 5438 καθήκει
3223 5367 3317 5422 καὶ
3395 5368 3750 5438 ἀφανίζεσθαι.

518 5460 776 5515 tahilibus
841 5461 1070 5528 jndiciis
1122 5459 1448 5513 [innantium
1509 5469 1626 5524 est,
1679 5464 1750 5516 ita
1811 5477 2065 5533 peccaturi

2210 5459 2370 5512 Ἀλλὰ
2403 5463 2497 5512 καὶ
2515 5461 2543 5512 6
2562 5459 2731 5530 χωρὶς
2759 5461 3008 5528 ἀνάγκης
3039 5461 3264 5528 ἔννομον
3289 5459 3566 5529 ἀθετήσας
3595 5461 3749 5528 ὅρκον.

515 5553 741 5606 etnnino
777 5552 1040 5606 inﬁrmari
1074 5559 1128 5604 et
1173 5548 1341 5602 deleri
1379 5560 1612 5616 oportet.
1662 5552 1764 5604 Sed
1814 5559 1905 5622 qtti
1965 5559 2062 5628 legi

2205 5555 2362 5608 πλέον
2397 5555 2763 5623 εὐθύνεται.ἧ
2796 5557 2824 5607 6
2859 5555 2982 5624 βίαν
3011 5555 3201 5607 παθών
3223 5571 3236 5584 ·
3281 5557 3330 5607 εί
3360 5555 3415 5607 δέ
3450 5556 3525 5625 μὴ
3559 5555 3752 5622 ἔννομος

514 5646 704 5700 timum
741 5643 1133 5714 jusjurandum
1166 5642 1286 5696 sine
1321 5643 1428 5695 ulla
1463 5647 1793 5699 necessitate
1851 5650 2061 5704 violave

2315 5650 2338 5698 ὁ
2368 5647 2554 5716 ὅρκος,
2584 5647 2701 5697 ἀλλ’
2732 5645 2816 5714 ἐφ’
2861 5639 2905 5714 ᾧ
2938 5663 3061 5698 τινα
3088 5645 3313 5716 δρόσειν
3358 5645 3570 5711 κακῶς,
3601 5646 3633 5709 ἧ
3663 5661 3752 5697 σςει
3855 5651 3862 5717 τ

515 5740 608 5801 rit,
645 5741 816 5808 magis
851 5736 1132 5806 punietur,
1164 5750 1329 5804 quam
1359 5736 1454 5803 qui
1485 5738 1590 5788 vim
1618 5752 1815 5804 passus
1846 5751 1930 5795 cst
1965 5760 1977 5796 :
2004 5743 2062 5796 si:

2206 5740 2388 5810 ρήσειν
2418 5739 2560 5800 τινος
2592 5739 2823 5806 ἀγαθοῦ,
2852 5739 2886 5810 ἦ
2915 5739 3165 5800 πάλιν,εῐ
3192 5755 3275 5800 τις
3301 5738 3522 5806 ὀμόσειε
3553 5739 3753 5806 πρᾶγμ

518 5843 832 5888 autemnon
868 5840 987 5886 erat
1016 5829 1320 5900 legitimum
1348 5827 1749 5898 jnramentum,
1803 5833 1959 5904 135
1989 5852 2063 5891 se,

2205 5833 2274 5904 μὴ
2314 5831 2372 5886 ὃν
2399 5833 2546 5896 ἀξιον
2571 5832 2649 5894 είς
2680 5831 2844 5899 ὅρκον
2886 5830 3140 5897 ἄγεσθαι,
3177 5830 3295 5881 τότε
3329 5830 3364 5899 ἡ
3394 5828 3654 5898 ἀθέτησις
3689 5843 3752 5879 κο-
