3918 6562
213 418 354 484 ἱ325

1217 426 1629 490 SYNTAGMA
1667 425 2280 487 ALPHABETICUM.
2323 453 2390 461 -
2434 428 2500 488 E.

3349 427 3370 492 l
3383 423 3486 488 326

211 531 361 584 λάσει
400 533 503 602 μὲν
536 533 636 605 οὐχ
661 535 972 602 ὑπόκειται,
1005 537 1234 608 μετρίαν
1263 537 1320 590 δέ
1363 537 1498 610 πρὸς
1530 537 1623 590 τοῦ
1665 538 1783 590 ἐπι-

1905 535 1956 590 Id
1989 536 2227 605 aliquem
2270 537 2410 590 male
2438 536 2806 603 tractandum,
2836 537 2920 592 vel
2955 538 3141 609 aliquo
3172 537 3332 607 bono
3377 545 3488 610 pii-

213 624 416 677 σκὸπου
448 627 552 694 τὴν
585 628 910 700 ἐπιτίμησιν
939 629 1178 700 δέχεται.

1906 627 2170 693 vandum,
2204 630 2526 699 suscipitur;
2562 629 2646 683 vel
2678 631 2723 684 si
2751 645 2974 686 rursum
3001 630 3211 702 juravit
3254 633 3486 703 aliquis,

212 730 265 770 se
324 719 537 789 aliquid
583 721 883 790 facturum,
932 724 1078 795 quod
1105 739 1213 780 non
1253 726 1416 781 debet
1442 724 1495 780 in
1532 723 1920 796 jusjurandum
1947 724 2170 789 deduci,
2219 734 2334 780 tum
2394 725 2619 782 violatio
2666 727 2818 782 illum
2861 743 3038 798 pcenaa
3082 745 3191 786 non
3229 731 3447 800 subiicit
3474 773 3487 795 ,

215 815 299 869 ερά
338 819 580 888 episcopi
612 820 878 876 arbitratu
905 823 1118 878 modice
1145 823 1430 892 punietur.

294 909 440 960 Ἀλλ’
471 911 593 962 ἐπεί
626 929 729 982 περ
763 913 1081 968 εύθύνονται
1117 913 1219 984 μέν
1255 917 1302 967 οί
1347 915 1615 986 ἐπίορκοι,
1658 917 1707 969 oi
1736 913 1795 969 δέ

211 1001 571 1072 εὐορκοῦντες
617 1003 893 1072 ἀφίενται,
927 1007 1019 1059 καὶ
1047 1007 1109 1060 τδ
1137 1006 1369 1076 ὀμνύναι
1418 1007 1526 1078 ἄρα
1555 1006 1791 1070 δέδοται,

209 1094 354 1148 είποι
381 1112 468 1158 τις
511 1094 598 1160 ἂν,
631 1098 727 1150 καὶ
759 1097 863 1150 ποῦ
901 1099 1001 1168 τὴν
1031 1098 1390 1169 εύαγγελικήν
1437 1099 1674 1171 θήσομεν
1710 1099 1793 1153 ἐνσ-

209 1185 396 1255 τολὴν,
425 1187 524 1257 τὴν
573 1187 649 1257 μὴ
685 1189 916 1260 ὀμνύναι
949 1190 1084 1253 ὅλως
1116 1191 1611 1262 διακελευομένηνς

291 1278 458 1342 Ἀλλ’,
499 1276 676 1350 οἶμαι,
723 1283 785 1334 τὸ
817 1283 1151 1354 Εύαγγέλιον
1166 1284 1356 1356 ῶσπερ
1388 1284 1497 1337 τῶν
1530 1286 1789 1354 ἁμαρτη-

210 1370 403 1440 μάτων
425 1371 526 1440 τὴν
559 1373 804 1444 πρώτην,
845 1375 921 1438 ῶς
958 1377 1155 1441 ε’ίπεῖν,
1183 1374 1422 1445 βλάστην
1450 1375 1789 1430 ἐσπούδακεν

206 1461 488 1530 ἐκριζοῦν,
523 1462 665 1516 οὕτω
690 1465 754 1534 δὴ
781 1466 876 1519 καὶ¹
904 1465 995 1520 τὸν
1034 1467 1217 1536 ὅρκον,
1248 1468 1324 1530 ὡς
1365 1469 1465 1536 τῆς
1500 1468 1791 1538 ἐπιορκίας

206 1549 339 1601 ὄντα
371 1550 564 1620 Θύραν,
605 1552 946 1623 ἀπείρηκεν·
976 1553 1152 1618 ἄλλως
1192 1573 1276 1618 τε,
1321 1558 1500 1609 ἐκεῖνο
1540 1557 1641 1627 μὲν
1681 1557 1790 1610 τῶν

211 1641 289 1699 εἰς
320 1641 382 1690 τὸ
407 1639 613 1691 τέλειον
641 1641 958 1708 ἐφθακότων
1002 1644 1068 1696 ἂν
1097 1644 1204 1714 είη,
1232 1639 1424 1714 ὥσπερ
1453 1645 1515 1697 τὸ
1540 1645 1792 1714 πωλῆσαι

205 1731 277 1782 τὰ
317 1732 634 1802 ὑπάρχοντα
683 1734 778 1786 καὶ
822 1734 1007 1788 δοῦναι
1047 1738 1320 1806 πτωχοῖς·
1365 1737 1414 1789 εί
1444 1737 1552 1806 γὰρ
1586 1738 1789 1803 πάντες

204 1823 412 1874 πωλεῖν
443 1824 691 1895 ἀνάγκην
730 1825 936 1892 ἕξουσι,
964 1829 1106 1892 τίνες
1136 1828 1201 1882 ἂν
1225 1824 1336 1882 εἷεν
1365 1829 1417 1882 οἱ
1448 1828 1786 1899 ῶνούμενοις

1977 907 2081 962 Sed
2120 907 2376 977 quoniam
2403 905 2728 976 puniuntur,
2754 911 2849 976 qui
2883 909 3152 980 pejerant,
3179 914 3271 983 qui
3297 927 3480 970 autem

1900 1003 2264 1072 benejut'ant,
2295 1001 2670 1069 remittuntur,
2703 1002 2904 1058 dixerit
2959 1005 3182 1074 aliquis,
3220 1011 3363 1074 quod
3400 1012 3490 1080 ju-

1899 1112 2023 1152 rare
2051 1109 2247 1165 reapse
2282 1095 2651 1165 permittitur;
2687 1097 2775 1151 ubi
2821 1113 2949 1168 ergo
2982 1108 3285 1156 statuemus
3324 1120 3492 1158 evan-

1900 1187 2131 1258 gelicum
2162 1195 2490 1258 praeceptum
2516 1229 2532 1254 ,
2558 1190 2703 1258 quod
2736 1190 2963 1244 omnino
2988 1191 3176 1261 jurare
3200 1196 3492 1263 prohibet?

1971 1276 2154 1334 Credo
2195 1286 2404 1343 autem,
2428 1278 2570 1348 quod
2603 1278 2982 1349 Evangelium,
3012 1287 3484 1351 quemadmodum

1892 1370 2132 1441 primum
2178 1378 2530 1439 peccatorum
2557 1387 2804 1440 germen,
2841 1372 3000 1427 utita
3031 1375 3238 1441 dicam,
3300 1379 3482 1432 eradi‘

1898 1474 2026 1515 care
2077 1459 2392 1524 studuerit,
2454 1459 2529 1513 ita
2560 1465 2725 1514 etiam
2760 1461 3169 1532 jusjurandum,
3229 1477 3484 1540 tanquam

1902 1550 2132 1621 pcrjurii
2155 1552 2379 1618 ostium,
2406 1552 2706 1621 prohibuit.
2733 1554 2903 1609 Aliter
2943 1555 3074 1611 illud
3126 1559 3347 1628 quidem
3414 1564 3487 1618 sit

1886 1655 2091 1715 eorum
2123 1641 2214 1711 qui
2273 1639 2662 1710 perfectionem
2724 1644 3041 1715 attigerunt,
3100 1645 3243 1701 sicut
3299 1653 3486 1705 omnia

1901 1747 2026 1804 qua
2069 1733 2275 1788 habent
2315 1733 2576 1796 vendere,
2601 1744 2654 1790 et
2697 1737 3035 1805 pauperibus
3067 1738 3199 1792 dare
3225 1758 3238 1794 :
3263 1741 3308 1794 si
3339 1742 3486 1795 enim

1897 1839 2093 1881 omnes
2121 1825 2358 1881 vendere
2377 1840 2604 1882 necesse
2620 1827 2933 1895 habuerint,
2960 1833 3182 1902 quinam
3203 1843 3442 1891 emerent
3466 1837 3490 1890 τ

207 1915 254 1966 Π
265 1914 358 1983 ρος
395 1915 452 1967 δέ
481 1919 572 1968 καὶ
601 1918 679 1980 τὸ,
707 1917 803 1988 τὴν
833 1920 1064 1986 παρειὰν
1090 1924 1442 1990 παιομένους,
1473 1920 1572 1991 τῆς
1598 1918 1790 1990 ἐτέρας

1905 1919 2070 1974 Porro
2108 1929 2164 1974 et
2197 1919 2350 1984 illud,
2379 1920 2472 1989 qui
2510 1920 2731 1976 maxilla
2773 1937 2880 1976 uua
2925 1925 3322 1994 percutiuntur,
3351 1928 3484 1983 alte-

211 2007 288 2075 μὴ
333 2006 616 2073 φείδεσθαι
636 2021 650 2037 ο
685 2009 778 2062 καί
808 2008 899 2062 τὸν
927 2009 1132 2079 χιτῶνα
1159 2011 1240 2082 τῷ
1280 2012 1480 2082 ίματίῳ
1511 2028 1794 2082 προσαπο-

203 2099 558 2161 δύεσθαιριαὶ
584 2101 683 2153 ὅσα
715 2103 813 2171 τῆς
841 2102 1212 2173 εὐαγγελικῆς
1252 2103 1576 2175 νομοθεσίας
1601 2103 1790 2173 ἕτερα,

206 2193 355 2262 ἅπερ
382 2193 482 2245 οὐκ
513 2193 762 2264 ἀνάγκην
786 2195 902 2264 ἔχει
932 2200 1045 2260 τοῖς
1076 2199 1553 2268 ἐπιτασσομένοις,
1580 2200 1792 2270 αἵρεσιν

210 2291 302 2343 δέ’
343 2293 438 2344 καὶ
489 2293 818 2368 φυλάττουσι
887 2293 986 2362 μέν
1023 2294 1189 2366 τιμὴν
1238 2297 1332 2348 καὶ
1379 2295 1666 2360 ἀντίδοσιν,
1718 2294 1793 2366 μὴ

212 2381 550 2450 φυλάττουσι
615 2379 671 2435 δὲ
717 2383 827 2436 οὐδ’
856 2383 1136 2438 ὁντιναοῦν
1185 2385 1462 2440 κίνδυνονο
1493 2387 1522 2438 ό
1561 2385 1618 2440 δέ
1647 2385 1796 2439 ἐννο-

212 2490 314 2541 μος
343 2473 506 2542 ὅρκος
533 2473 786 2542 δεύτερον
815 2476 1024 2529 ἐκείνου
1053 2479 1148 2530 καὶ
1177 2477 1276 2530 οὐκ
1307 2476 1641 2549 ἀπόϐλητον.
1667 2479 1793 2533 Ἕν-

211 2563 306 2615 Θεν
334 2579 416 2615 τοι
446 2565 538 2615 καὶ
567 2565 674 2617 τῶν
716 2564 983 2634 βασιλέων
1013 2567 1060 2618 οἱ
1085 2566 1185 2636 τὴν
1220 2565 1315 2636 τῆς
1345 2567 1628 2629 εὐσεϐείας
1651 2583 1791 2640 πορ-

208 2657 396 2725 φύραν
431 2657 827 2725 ἠμφιεσμένοι,
862 2658 1049 2711 τοῦτον
1078 2659 1176 2728 μὲν
1204 2658 1352 2713 ἔστιν
1386 2648 1447 2712 οὗ
1471 2660 1791 2730 προϐαίνειν

209 2746 549 2818 ἐπέτρεψαν,
581 2748 672 2801 τὸν
707 2749 762 2802 δὲ
791 2750 1110 2820 παράνομον
1139 2751 1234 2804 καὶ
1265 2751 1593 2805 ἀπαίδευτον
1656 2770 1794 2808 παν-

209 2837 425 2891 τάπασι
455 2840 830 2896 κεκωλύκασι.
860 2842 980 2895 Τῶν
1015 2843 1360 2914 εὐπατριδῶν
1386 2843 1444 2896 δι
1471 2861 1614 2908 τινος
1644 2843 1792 2916 ὀμω-

212 2930 446 2999 μοκότος
483 2932 585 3003 τὴν
643 2933 834 3004 τρίτην
881 2934 980 3002 τῆς
1039 2934 1334 3003 ἑϐδομάδος
1380 2937 1638 3004 καθάπαξ
1693 2938 1790 2992 τοῦ

209 3023 394 3092 κρέως
435 3024 756 3094 ἀπέχεσθαι,
816 3028 982 3098 τιμᾷν
1033 3027 1286 3080 ἐντεῦθεν
1347 3029 1650 3098 ἐγνωκότος
1696 3030 1789 3086 τδν

208 3115 396 3184 τίμιον
430 3117 767 3186 Πρόδρομον,
800 3116 896 3171 καὶ
928 3121 993 3190 τῇ
1046 3119 1251 3192 συνόδῳ
1288 3121 1786 3192 προσαναοεμένου,

210 3209 262 3259 εί
287 3207 539 3277 ἀνάγκην
569 3209 680 3275 ἔξει
725 3211 986 3266 καὶκατὰ
1018 3213 1117 3283 τὴν
1162 3214 1356 3284 ἑορτὴν
1389 3216 1488 3285 τῆς
1529 3213 1622 3269 τοῦ
1655 3217 1791 3287 Χρι-

209 3301 342 3352 στοῦ
383 3302 717 3373 γεννήσεως,
748 3303 942 3374 τρίτην
987 3299 1065 3375 τῷ
1111 3305 1417 3376 τηνικαῦτα
1461 3306 1795 3379 τελουμένην

210 3392 449 3463 ἡμέραν,
481 3395 573 3446 τὸν
596 3395 758 3465 ὅρκον
786 3396 886 3465 τῆς
917 3395 1174 3466 νηστείας
1201 3398 1462 3470 τηρῆσαι,
1495 3399 1524 3451 ό
1557 3397 1797 3467 ἁγιώται-

206 3499 302 3547 τος
340 3487 686 3555 πατριάρχης
716 3485 931 3550 Λουκᾶς
965 3489 1171 3552 ἐκείνος
1208 3488 1346 3556 μετὰ
1378 3489 1479 3560 τῆς
1508 3488 1600 3540 ὑπ’
1631 3489 1796 3544 αὐτὸν

211 3579 440 3631 συνόδου
475 3579 832 3649 ἀπεκρίνατο,
866 3580 948 3632 ὅτι
990 3581 1052 3633 El
1080 3583 1176 3634 καὶ
1209 3583 1290 3646 είς
1325 3581 1506 3636 πάντα
1535 3583 1732 3652 καιρὸν
1759 3585 1794 3654 η

207 3672 435 3740 νηστεία
495 3673 720 3740 ἀγαθὸν,
779 3674 898 3726 ἀλλ’
937 3675 998 3727 οὐ
1054 3676 1162 3746 χρὴ
1212 3676 1304 3729 τδν
1356 3677 1598 3731 τοιοῦτον
1631 3677 1795 3748 ὅρκον

207 3753 613 3833 προκεκρίσθαι
638 3767 737 3834 τῆς
793 3766 1133 3837 Δεσποτικῆς
1184 3768 1400 3838 ἑορτῆς.
1452 3769 1516 3822 El
1583 3770 1694 3840 γὰρ
1744 3770 1795 3822 οἱ

202 3855 503 3908 ἀπόστολοι
559 3856 844 3919 κολάζουσι
881 3856 974 3910 τὸν
1028 3860 1085 3911 ἐν
1138 3857 1401 3930 Σαϐϐάτῳ
1448 3857 1482 3930 ἢ
1538 3859 1792 3930 κυριακῇ

206 3949 566 4016 νηστεύοντα,
607 3950 638 4019 ἢ
671 3950 799 4018 γόνυ
830 3950 1104 4014 κλίνοντα,
1144 3950 1229 4014 τίς
1267 3951 1655 4020 ἀνάσχοιτοηᾶν
1694 3949 1790 4004 τοῦ

205 4039 588 4110 προτιμῶντος
623 4039 717 4092 τὸν
767 4042 874 4112 ἰδίᾳ
923 4045 1184 4111 γεγονότα
1220 4042 1315 4096 καὶ
1347 4041 1670 4114 αὐθαίρετον
1692 4043 1792 4114 τῆς

203 4132 468 4201 νηστείας
492 4133 653 4202 ὄρκυν
673 4134 768 4202 τῆς
785 4135 1123 4206 Δεσποτικῆς
1150 4135 1344 4206 ἑορτῆς
1368 4133 1463 4187 καὶ
1489 4149 1792 4202 πνευματι-

204 4223 316 4288 κῆς
348 4223 724 4294 εὐφροσύνηςς
758 4228 922 4294 Ζήτει
954 4227 1047 4280 καὶ
1080 4229 1139 4278 ἐν
1201 4225 1280 4296 τῷ
1319 4225 1363 4278 θ’
1389 4224 1587 4293 κεφαλ.
1617 4223 1713 4278 τοῦ
1745 4225 1788 4277 Β

205 4318 482 4383 στοιχείου
505 4318 705 4369 κανόνα
733 4316 829 4370 τοῦ
868 4318 1026 4386 ἁγίου
1057 4318 1250 4372 τούτου
1281 4316 1395 4391 κη’,
1416 4319 1510 4370 καὶ
1541 4318 1598 4371 ἐν
1627 4315 1704 4386 τῷ
1739 4315 1788 4371 α’

203 4424 336 4471 κεφ.
366 4409 461 4460 τοῦ
493 4411 533 4461 Λ
567 4427 739 4480 στοιχ.
771 4411 969 4464 κανόνα
997 4408 1109 4465 πα⁹.

281 4495 358 4552 Οὗ
403 4502 466 4568 δὴ
502 4506 586 4553 καλ
625 4504 975 4573 μεμνημένος
1030 4505 1058 4556 ό
1106 4503 1187 4570 ιιδν
1213 4497 1314 4575 τῆς
1345 4503 1398 4570 ς’
1431 4503 1654 4558 συνόδου
1692 4516 1793 4556 κα-

1895 2023 2013 2063 ram
2040 2024 2257 2080 quoque
2291 2009 2530 2080 praebere
2565 2026 2580 2064 :
2610 2020 2662 2064 et
2684 2011 2906 2080 pallium
2948 2029 3072 2068 cum
3111 2015 3295 2070 tunica
3329 2016 3487 2072 insu-

1897 2116 1994 2172 per
2019 2116 2250 2163 exuere,
2285 2109 2340 2154 et
2367 2117 2708 2172 quaecunque
2739 2114 2867 2158 sunt
2900 2106 3235 2176 evangelica:
3269 2111 3485 2164 consti-

1899 2193 2157 2256 tutionis,
2188 2208 2309 2261 qua:
2359 2208 2466 2246 non
2537 2205 2666 2248 sunt
2710 2199 3043 2262 necessaria,
3104 2199 3243 2253 bene
3297 2207 3483 2255 tamen

1895 2285 2052 2339 utilia
2071 2285 2384 2354 eteligenda
2416 2285 2484 2339 iis
2498 2285 2701 2354 quibus
2723 2287 3093 2354 mandantur;
3121 2303 3186 2345 ac
3215 2290 3482 2347 honorem

1895 2377 2117 2450 quidem
2141 2380 2776 2449 remunerationemque,
2834 2379 3046 2435 uullutn
3095 2391 3278 2437 autem
3336 2386 3482 2452 peri-

1894 2472 2077 2524 culum
2103 2484 2287 2524 secum
2322 2468 2918 2540 aﬂ'erunt.Legitimum
2966 2487 3094 2526 vero
3103 2471 3482 2543 juramentnm

1893 2559 1970 2615 illi
1989 2563 2285 2616 secundum
2306 2569 2390 2614 est
2408 2569 2462 2616 et
2480 2577 2585 2615 non
2620 2562 2999 2632 rejiciendum.
3024 2562 3165 2620 Hinc
3186 2567 3484 2637 imperato-

1897 2667 1986 2707 res
2018 2651 2114 2717 illi,
2138 2653 2231 2721 qui
2265 2653 2488 2721 pietatis
2543 2657 2796 2722 purpura
2825 2655 2998 2708 induti
3029 2666 3176 2720 sunt,
3198 2656 3484 2728 hucusque

1895 2745 2149 2814 progredi
2211 2747 2578 2813 permiserunt
2613 2747 2867 2816 :atquod
2899 2747 3245 2818 illegitimum
3279 2762 3364 2805 est
3429 2763 3485 2808 et

1893 2837 2136 2906 ineptum
2169 2839 2395 2890 omnino
2440 2837 2790 2906 prohibuere.
2823 2840 2960 2895 Cum
2988 2857 3120 2895 vero
3139 2843 3337 2897 nobilis
3357 2846 3482 2914 qui-

1891 2928 2017 2983 dam
2050 2929 2214 2982 tertio
2237 2927 2596 2982 hebdomadis
2623 2928 2712 2984 die
2739 2931 2966 2985 omnino
2983 2948 3042 2986 se
3065 2949 3092 2984 a
3122 2949 3290 2988 carne
3316 2935 3483 2991 absti~

1891 3020 2260 3091 nerejuravit,
2279 3022 2475 3077 exinde
2506 3022 2870 3081 venerabilem
2893 3039 3282 3092 praeursorem
3309 3029 3482 3082 hono-

1889 3127 2015 3167 rare
2037 3113 2382 3173 existimans,
2406 3122 2460 3167 tt
2477 3127 2598 3184 syu.
2615 3115 3062 3184 interrogavit,an
3093 3133 3317 3173 necesse
3337 3130 3482 3174 esset

1901 3206 1957 3260 in
1993 3204 2137 3260 festo
2176 3206 2418 3260 Natalitii
2449 3206 2682 3270 Christi,
2718 3209 2882 3263 tertio
2939 3209 3029 3263 die
3071 3210 3266 3280 jejunii
3305 3212 3482 3281 jusju-

1821 3283 1869 3347 C
1901 3298 2132 3353 randum
2180 3297 2520 3352 observare:
2576 3301 2960 3356 sanctissimus
3018 3300 3109 3356 ille
3160 3303 3480 3372 patriarcha

1895 3387 2094 3455 Lucas,
2128 3404 2234 3444 una
2261 3405 2384 3446 cum
2429 3392 2642 3461 synodo
2693 3393 2797 3446 sub
2850 3407 2918 3448 eo
2973 3405 3336 3466 congregata,
3395 3410 3478 3450 re-

1896 3482 2135 3552 spondit,
2155 3482 2301 3551 quod
2320 3481 2448 3537 licet
2466 3483 2666 3536 bonum
2683 3483 2756 3538 sit
2769 3484 2919 3539 omni
2938 3492 3182 3555 tempore
3197 3488 3444 3556 jejuuare
3461 3527 3479 3555 ,

1898 3585 2206 3630 nontamen
2234 3583 2490 3644 oportere
2513 3573 2619 3628 tale
2642 3575 3030 3645 jusjurandum
3053 3577 3343 3633 Dominico
3397 3583 3482 3635 fe-

1899 3673 1987 3722 sto
2021 3665 2290 3736 pmferri.
2321 3665 2378 3719 Si
2406 3666 2554 3720 enim
2578 3666 2815 3735 apostoli
2838 3664 3018 3730 illum,
3049 3666 3144 3734 qui
3171 3667 3224 3721 in
3253 3667 3482 3724 sabbato

1897 3757 1983 3811 vel
2013 3757 2101 3811 die
2139 3755 2424 3811 Dominico
2448 3756 2661 3826 jejunat
2706 3757 2787 3810 vei
2810 3769 2951 3825 genu
2982 3755 3170 3818 ﬂectit,
3208 3758 3478 3825 puniunt,

1895 3849 2022 3917 quis
2061 3847 2345 3902 {eratcum
2387 3848 2483 3916 qui
2538 3847 2792 3916 privatim
2844 3847 3047 3902 factum
3104 3849 3475 3906 voluntarium

1891 3938 2092 4008 jejunii
2126 3938 2514 4008 jusjurandum
2570 3938 2858 3992 Dominico
2920 3938 3062 3994 feSIo
3089 3947 3148 3994 et
3206 3942 3477 4010 spirituali

1895 4031 2098 4087 laetitiae
2147 4031 2408 4102 praefert?
2437 4028 2632 4096 Quaere
2665 4029 2830 4083 etiam
2875 4030 2928 4086 in
2963 4045 3108 4086 nouo
3157 4034 3338 4099 capite
3399 4035 3480 4087 lit-

1897 4132 2025 4178 terae
2051 4124 2092 4176 Β
2144 4123 2307 4194 hujus
2340 4122 2521 4178 sancti
2555 4136 2820 4177 canonem
2865 4123 3189 4178 vicesimum
3221 4137 3475 4180 octavum

1894 4222 1950 4270 et
1985 4215 2038 4268 in
2072 4214 2250 4286 primo
2281 4214 2458 4285 capite
2481 4214 2676 4270 littera:
2705 4215 2750 4268 A
2772 4229 3042 4271 canonem
3069 4219 3476 4289 octogesimum

1894 4323 1976 4378 ριν
1986 4323 2070 4362 mu
2080 4322 2130 4361 tn
2140 4346 2153 4362 .

1963 4490 2141 4565 Hujus
2172 4495 2337 4550 etiam
2365 4490 2614 4549 meminit
2647 4493 3035 4564 nonagesimus
3053 4503 3284 4564 quartus
3311 4504 3477 4552 sextae

199 4596 341 4656 νὼν,
382 4593 622 4664 Ἐπειδὴ,
660 4595 814 4666 φησὶ,
852 4596 978 4659 τοὺς
1021 4595 1324 4666 ὀμνύοντας
1353 4597 1551 4665 ὅρκους
1572 4594 1788 4665 ἑλληνι-

1905 4590 2085 4657 synodi
2132 4602 2362 4645 canon:
2413 4587 2891 4658 Quandoquidem,
2953 4587 3154 4657 inquit,
3198 4602 3321 4653 eos,
3381 4590 3474 4658 qui

200 4688 362 4748 κους,
392 4680 501 4738 οἷον
547 4689 622 4756 μὰ
650 4688 740 4739 τον
773 4687 964 4740 Ἥλιον
989 4682 1104 4741 οιαὶ
1142 4689 1271 4751 τοὺς
1302 4687 1600 4751 τοιούτους,
1633 4688 1661 4740 ὁ
1685 4685 1783 4739 τοῦ

203 4780 449 4848 μεγάλου
505 4781 784 4833 Βασιλείου
834 4782 922 4834 πα⁹
959 4779 1142 4834 κανὼν
1173 4781 1492 4850 ἐπιτιμήσει
1541 4779 1787 4832 καθυπο-

201 4873 420 4936 6αλλει,
460 4875 555 4926 καὶ
585 4875 747 4944 ἡμεῖς
785 4873 996 4936 τούτοις
1025 4870 1336 4943 ἁφορισμδν
1361 4870 1642 4941 ὁρίζομεν.

907 4967 1112 5036 Νόμοι.

298 5059 421 5111 Ἐπὶ
454 5059 776 5114 ἐπισκόπων
813 5061 910 5114 καὶ
952 5059 1236 5131 κληρικῶν
1294 5057 1456 5130 μέχρι
1483 5045 1609 5108 ⁴⁴καὶ.
1648 5054 1787 5106 ἀνα-

199 5151 494 5222 γνωστῶν,
528 5152 588 5204 τὸ
635 5151 864 5220 ὀμνύναι
904 5149 1038 5212 ὅλως
1080 5148 1424 5202 κεκώλυταιο
1465 5145 1553 5199 διὰ
1584 5143 1642 5198 δὲ
1684 5142 1783 5210 τῆς

201 5248 491 5317 ἐγγράφου
523 5241 810 5312 ὁμολογίας
858 5241 926 5294 τὸ.
960 5239 1054 5292 τοῦ
1089 5243 1256 5310 ὅρκου
1296 5238 1510 5300 τούτοις
1544 5236 1784 5307 πληροῦ-

198 5354 324 5391 ται.

290 5431 386 5483 Ἐν
417 5430 536 5490 ταῖς
581 5426 786 5496 ψήφοις
823 5425 881 5478 δὲ
920 5425 1029 5478 τῶν
1063 5425 1389 5494 ἀρχιερέων,
1426 5421 1518 5473 καὶ
1552 5421 1732 5490 μόνον,
1763 5423 1791 5473 ό

202 5518 509 5581 ἐπίσκοπος
530 5517 876 5586 καθαιρεῖται
904 5516 1236 5585 ἀρνούμενος
1265 5515 1360 5583 τὴν
1386 5513 1520 5564 ίδίαν
1548 5512 1792 5581 ὑπογρα-

205 5612 341 5682 φὴν,
372 5613 429 5663 ἐν
468 5612 682 5681 ἑτέραις
711 5611 769 5665 δὲ
801 5609 1129 5664 ὑποθέσεσιν
1159 5609 1218 5660 οὐ
1250 5607 1621 5676 καθαιρεῖται,
1655 5606 1790 5658 ἀλλὰ

203 5705 506 5776 ζημιοῦται
543 5705 685 5758 κατὰ
715 5705 840 5768 τοὺς
872 5702 1092 5771 νόμους.

285 5797 449 5866 Λέγει
481 5798 538 5850 δέ
568 5797 712 5866 καὶὴ
738 5796 814 5866 οβ’
835 5797 1005 5864 νεαρὰ
1030 5793 1121 5845 τοῦ
1148 5792 1416 5862 βασιλέως
1438 5791 1664 5853 Λέοντος
1693 5791 1787 5842 τοῦ

204 5889 402 5956 σοφοῖν
443 5889 557 5942 Πᾶν
594 5887 894 5956 ἔγγραφον,
917 5879 961 5952 ᾧ
995 5882 1402 5952 ἐπιγέγραπται
1427 5884 1452 5935 ὀ
1481 5882 1570 5933 τοῦ
1603 5881 1785 5950 τιμίου

1894 4679 2178 4754 gentilium
2229 4691 2574 4736 sacramenta
2602 4680 2934 4750 iuraverint,
2969 4688 3032 4734 ut
3060 4695 3156 4748 per
3212 4682 3479 4745 solem,et

1892 4773 2045 4837 talia,
2075 4773 2137 4828 81
2177 4773 2360 4844 magni
2384 4771 2566 4827 Basilii
2595 4787 2772 4827 canon
2804 4772 2984 4842 poenis
3010 4771 3253 4843 subiicit,
3287 4782 3345 4828 et
3379 4790 3478 4830 nos

1893 4868 1976 4924 eis
2001 4879 2223 4938 quoque
2268 4867 2700 4938 segregationem
2729 4865 3105 4922 decernimus.

2595 4956 2774 5028 Leges.

1967 5049 2235 5105 Omnibus
2311 5056 2379 5104 at)
2434 5047 2710 5116 episcopis
2768 5055 2824 5102 et
2885 5046 3106 5102 clericis
3157 5062 3334 5119 usque
3408 5049 3477 5104 ad

1894 5145 2129 5200 lectores
2161 5144 2352 5212 jurare
2374 5142 2598 5196 omnino
2620 5149 2703 5195 est
2731 5139 3068 5210 prohibitum
3100 5157 3114 5195 :
3137 5155 3236 5212 per
3257 5150 3474 5211 paetum

1894 5253 2024 5293 vero
2047 5237 2244 5292 litteris
2273 5233 2587 5289 mandatum
2617 5247 2741 5302 quae
2781 5241 2911 5288 sunt
2939 5231 3238 5301 juramenti
3267 5234 3337 5288 ab
3367 5233 3475 5290 illis

1893 5332 2226 5400 adimplentu
2239 5345 2280 5384 r.

1963 5424 2020 5476 ιιι
2053 5422 2361 5476 antistitum
2402 5417 2792 5483 electionibus,
2828 5425 2886 5473 et
2925 5417 3130 5482 solum,
3152 5417 3470 5488 episcopus.

1894 5513 1984 5581 qui
2010 5525 2165 5565 suam
2195 5516 2358 5577 negat
2379 5507 2862 5575 subscriptionem,
2903 5505 3234 5574 deponitur;
3263 5505 3316 5560 in
3346 5505 3472 5562 aliis

1897 5610 2078 5655 autem
2115 5599 2300 5653 causis
2337 5610 2445 5650 non
2479 5595 2796 5664 deponitur,
2831 5593 2925 5647 sed
2953 5592 3113 5662 juxta
3146 5593 3296 5664 leges
3323 5594 3471 5650 mul-

1897 5705 2059 5746 ιιιιιιτ.

1971 5784 2112 5838 Dicit
2137 5785 2366 5852 insuper
2398 5789 2453 5835 et
2481 5783 2550 5836 7‘2
2584 5779 2932 5852 imperatoris
2963 5777 3166 5835 Leonis
3198 5778 3474 5851 Sapientis

1899 5878 2107 5932 novella
2147 5895 2159 5930 :
2198 5874 2372 5930 Omne
2405 5884 2622 5945 pactum
2657 5873 2920 5944 scriptum
2964 5872 3109 5943 quod
3141 5871 3395 5943 pretiosa:
3415 5879 3471 5926 ci
