3918 6588
424 602 437 615 “
487 601 632 667 iniit,
665 600 1136 670 signatur,.debet
1179 601 1396 656 (irinum
1432 612 1488 659 et
1520 604 1866 663 immutabile
1922 621 2066 673 esse,

462 3522 471 3539 .
488 3480 799 3535 minoribus

462 3677 581 3716 .res
616 3659 971 3729 :impuberes
1005 3671 1135 3713 vero
1194 3658 1408 3729 puellm,
1436 3673 1555 3729 qua“:
1583 3659 1872 3714 duodecim
1913 3658 2076 3713 annis

463 3755 732 3810 .minnres
763 3761 912 3809 sunt.
940 3751 1189 3807 Minores
1224 3768 1359 3808 vero
1389 3761 1543 3817 sunt,
1571 3752 1663 3821 qui
1723 3752 2071 3821 pubertatem

460 4027 613 4084 istis
660 4028 977 4097 permittere
1007 4034 1229 4096 potest,
1270 4035 1332 4081 ut
1360 4026 1859 4082 ecclesiasticarum
1890 4041 2073 4083 rerum

462 4214 596 4269 rbus
621 4227 730 4269 non
785 4211 1131 4281 providetur,
1159 4219 1214 4265 et
1275 4225 1401 4279 qua:
1453 4210 1828 4266 ecclesiastico
1870 4212 2077 4267 auxilio

456 5454 465 5465 .
492 5408 654 5463 nachi
690 5422 814 5463 cum
856 5406 1095 5477 episcopi
1125 5407 1211 5460 sui
1243 5404 1538 5473 permissu,
1574 5420 1687 5459 nou
1717 5405 1877 5460 modo
1906 5405 2078 5460 eccle-

490 385 630 453 1327
1690 396 2067 458 murum
2106 368 2532 461 ausurus
3596 388 3707 465 1328

481 509 713 565 viviﬁca:
753 506 935 566 crucis
966 507 1158 580 ilgura,
1187 523 1285 580 per
1314 524 1511 568 manus
1539 511 1661 583 ejus
1686 514 1780 584 qui
1837 524 2059 585 pactum

2178 520 2266 573 καὶ
2295 517 2564 582 ζωοποιοῦ
2616 514 2853 586 σταυροῦ
2892 514 3063 577 τύπος
3091 513 3178 568 διὰ
3213 513 3400 585 χειρὸς
3439 514 3529 568 τοῦ
3556 517 3709 572 cavos.

2182 611 2344 681 μένου
2369 611 2523 672 αὐτὸ,
2555 608 2703 679 ἔχειν
2726 607 2932 677 ὀφείλει
2959 609 3021 661 τὸ
3051 606 3274 678 ἰσχυρὸν
3303 609 3399 660 καὶ
3422 607 3709 676 ἀμετάπτω-

2174 716 2287 765 τον,
2326 701 2378 753 εί
2417 700 2512 755 καὶ
2570 698 3087 770 κατησφαλισμένον
3117 699 3217 752 οὐκ
3255 697 3374 752 ἐστι
3401 697 3489 751 διὰ
3533 702 3709 771 προστί·

2178 808 2304 860 μου.

488 697 613 751 licet
645 696 943 753 constituta
990 708 1150 766 pcena
1183 709 1289 750 non
1326 696 1397 753 sit
1424 696 1722 754 ﬁrmatum.

553 875 727 933 Nemo
752 891 849 947 per
883 875 1054 931 Deum
1083 875 1278 945 jurans
1308 875 1685 946 periclitatur;
1747 894 1874 933 nam
1931 880 2069 934 satis

482 966 679 1023 fortem
727 966 998 1023 vindicem
1055 966 1225 1022 Deum
1291 967 1457 1022 habet
1510 968 2068 1041 jusjurandum;qui

481 1072 612 1114 vero
647 1072 773 1113 cum
806 1057 1112 1114 temeritate
1139 1056 1319 1127 aliqua
1361 1073 1457 1127 per
1488 1059 1871 1131 imperatorem
1914 1060 2068 1130 jura-

480 1150 645 1216 verit,
664 1150 876 1205 veniam
902 1149 1293 1218 consequitur;
1333 1149 1426 1203 sed
1460 1151 1551 1220 qui
1604 1150 1653 1204 in
1696 1152 2070 1222 persolutione

479 1258 595 1320 per!
635 1245 1020 1312 imperatorem
1065 1240 1308 1311 [:ejerat,
1340 1257 1530 1310 pmnas
1588 1243 1702 1310 dat,
1749 1251 1803 1297 et
1850 1248 2067 1314 prepria

477 1336 860 1407 iurisdictione
896 1333 1118 1400 excidit,
1148 1342 1202 1388 et
1226 1331 1448 1387 infamia
1486 1340 1727 1388 notatur.

556 1429 616 1486 ln
657 1428 842 1485 dubiis
871 1427 1042 1484 rebus
1076 1426 1406 1496 soletjudex
1432 1426 1824 1499 jusjurandum
1862 1428 2065 1498 allega-

482 1537 564 1588 re,
584 1530 638 1576 et
664 1508 1029 1589 ita'judicare.

542 1612 702 1684 136
723 1611 865 1666 Bene
881 1609 1076 1680 allego,
1110 1623 1205 1680 per
1243 1609 1475 1664 salutem
1497 1618 1644 1665 tuam
1688 1610 2069 1679 jurasse.0m-

484 1723 554 1762 ne
572 1706 718 1760 enim
739 1704 1039 1775 legitimum
1058 1718 1125 1757 ex
1148 1702 1463 1757 inductione
1477 1704 1860 1773 jusjurandum
1877 1720 2068 1759 serva-

2178 1729 2271 1765 σαι
2294 1728 2308 1744 ο
2336 1714 2447 1777 πᾶς
2481 1713 2590 1785 γὰρ
2616 1715 2839 1785 θεμιτὸς
2874 1716 2936 1779 ἐξ
2964 1717 3262 1786 ἐπαγωγῆς
3294 1719 3452 1787 ὅρκος
3481 1721 3706 1788 φυλάττει

482 1811 597 1862 tur,
629 1796 844 1868 etquod
871 1796 997 1865 quis
1032 1795 1240 1864 juravit
1282 1795 1584 1850 secundum
1617 1797 1892 1867 propriam
1938 1797 2067 1853 reli-

2178 1821 2284 1869 ται,
2312 1805 2409 1859 καὶ
2435 1805 2493 1859 ὃν
2533 1824 2617 1868 τις
2648 1808 2824 1881 ὀμόσῃ
2870 1809 3013 1862 κατὰ
3044 1808 3145 1880 τὴν
3193 1811 3334 1864 ἰδίαν
3367 1812 3708 1881 θρησκείαν-ὁ

482 1889 701 1958 gionem
734 1904 748 1941 :
780 1886 927 1958 quod
955 1894 1137 1941 autem
1160 1885 1218 1941 fit
1238 1900 1336 1956 per
1361 1886 1700 1942 iusinceram
1738 1888 2062 1959 religionem

2178 1894 2226 1950 δὲ
2259 1898 2401 1953 κατὰ
2430 1898 2692 1970 ἀδοκίμου
2742 1900 3044 1971 θρησκείας
3073 1902 3319 1971 γεγονὼς
3361 1904 3515 1974 ὅρκος
3541 1905 3593 1958 οὗ
3619 1923 3706 1976 ςγδι

479 1979 896 2052 jnsjurandum,
930 1994 1039 2034 non
1072 1987 1350 2035 servatur.

2178 1987 2451 2044 λάττεται.

554 2074 658 2142 Qui
688 2090 753 2130 ex
782 2072 1032 2143 iudiciali
1064 2066 1356 2140 electione,
1380 2074 1462 2129 vel
1494 2074 1793 2130 adversarii
1827 2076 2072 2147 postula-

2257 2079 2319 2135 ’0
2345 2081 2409 2133 ἐκ
2437 2062 2760 2153 δικαστικῆς
2788 2084 2997 2155 ψήφου,
3022 2086 3055 2157 ἢ
3092 2086 3151 2153 ἐξ
3182 2086 3450 2157 αίτήσεως
3477 2085 3560 2141 τοῦ
3585 2087 3708 2143 ἀντι·

473 2166 1051 2238 tionejusjurandum
1083 2165 1139 2219 in
1181 2165 1419 2221 ecclesia
1471 2166 1639 2232 subit,
1699 2167 2072 2225 sacrosanctis

2178 2171 2333 2227 δίκου
2396 2172 2560 2244 ὅρκον
2594 2176 2815 2247 ὑπέχων
2839 2178 2928 2230 ἐπ’
2962 2178 3284 2250 ἐκκλησίας.
3332 2180 3441 2233 τῶν
3468 2181 3706 2252 ἀχράντων

485 2263 648 2318 tactis
668 2276 841 2344 manu
883 2258 1215 2331 Evangeliis.
1239 2258 1285 2315 si
1302 2260 1552 2330 .postbac
1578 2260 1856 2331 peierasse
1890 2262 2072 2317 convi-

2178 2265 2552 2337 ἐφαπτόμενος
2587 2268 2941 2337 εὐαγγελίων,
2977 2274 3261 2342 ἐπιορκεῖν
3302 2273 3361 2326 δὲ
3395 2274 3523 2342 μετὰ
3565 2274 3704 2329 ταῦτα

484 2363 610 2410 ctus
648 2350 838 2416 fuerit,
861 2350 1043 2421 lingua
1075 2349 1341 2422 privetur.
1371 2349 1517 2407 idem
1547 2359 1602 2406 et
1621 2351 1688 2407 de
1709 2354 2065 2424 martyribus.

2178 2357 2484 2428 ἐλεγχθεὶς,
2529 2360 3025 2427 γλωσσοκοπείσθω
3045 2376 3059 2392 ·
3094 2361 3156 2415 τδ
3199 2362 3336 2415 αὐτὸ
3365 2363 3457 2416 καὶ
3489 2363 3568 2416 ἐπὶ
3596 2381 3709 2436 pap-

2246 882 2435 947 Οὐδεὶς
2466 883 2608 937 κατὰ
2638 882 2776 936 Θεοῦ
2821 882 3028 953 ὀμόσας
3060 883 3361 937 κινδυνεύει
3384 897 3401 913 ⁸
3433 883 3600 937 ίκανδν
3620 887 3704 957 γὰρ

2173 977 2201 1028 ὀ
2229 975 2391 1047 ὅρκος
2420 977 2661 1048 τιμωρὸν
2691 976 2807 1047 ἔχει
2843 978 2903 1029 τὸ
2930 977 3085 1029 Θεῖον
3107 991 3121 1006 ’
3153 978 3182 1031 ὁ
3210 976 3268 1030 δὲ
3308 976 3448 1029 κατὰ
3482 976 3703 1045 βασιλέως

2174 1068 2377 1138 ὀμόσας
2404 1070 2548 1125 κατά
2579 1086 2703 1124 τινα
2740 1070 3052 1141 θερμότητα
3098 1072 3463 1139 συγχωρείται
3484 1081 3498 1096 ⁸
3544 1069 3703 1140 πλὴνό

2176 1160 2232 1211 ἐν
2257 1160 2502 1214 διαλύσει
2528 1162 2809 1234 ἐπιορκῶν
2830 1163 2972 1215 κατᾶ
3002 1161 3097 1215 τοῦ
3124 1161 3393 1232 βασιλέως
3438 1161 3497 1214 τὸ
3520 1163 3702 1234 πρόστι-

2181 1268 2281 1322 μον
2332 1253 2543 1322 δίδωσι,
2607 1255 2702 1309 καὶ
2754 1256 3010 1310 ἐκπίπτει
3039 1255 3140 1325 τῆς
3175 1254 3317 1317 ίδίας
3357 1252 3588 1323 ἀγωγῆς,
3631 1259 3703 1312 καὶ

2176 1344 2260 1397 ἁτι
2270 1343 2490 1415 μοῦται.

2258 1432 2347 1488 Ἐν
2378 1438 2487 1499 τοῖς
2522 1437 2849 1507 ἀμφιϐόλοις
2882 1437 3075 1493 είωθεν
3107 1440 3136 1492 ὁ
3176 1438 3438 1512 δικαστὴς
3464 1442 3702 1513 ἐπιφέρειν

2089 1596 2092 1599 Δ
2171 1522 2359 1597 ὅρκον,
2393 1532 2488 1583 καὶ
2511 1531 2655 1585 οὕτω
2689 1532 3055 1603 ψηφίζεσθαι.

2245 1619 2448 1684 Καλῶς
2478 1622 2729 1694 ἐπιφέρει)
2768 1642 2849 1678 σοι
2891 1623 3033 1678 κατὰ
3059 1625 3157 1695 τῆς
3197 1625 3472 1697 σωτηρίας
3494 1645 3577 1681 σου
3600 1629 3707 1701 ὀμό-

2177 2467 2380 2505 τυοων.

537 2533 949 2608 Jusjurandum
984 2542 1068 2590 est
1109 2533 1285 2591 oratio
1312 2542 1538 2605 prepter
1585 2540 1741 2587 suam
1783 2536 2071 2590 veritatem

2178 2469 2380 2521 τυρων.
3118 2488 3141 2502 ι

2250 2547 2453 2615 Ὅρκος
2497 2546 2611 2599 ἐστὶ
2667 2546 2825 2613 λόγος
2877 2545 3240 2617 πιστούμενος
3290 2547 3359 2601 δι’
3411 2548 3590 2603 ἐαυτοῦ
3632 2550 3708 2622 τὴν

465 2629 669 2685 Jidem.
686 2628 917 2683 faciens.
1326 2694 1333 2699 1

2178 2639 2459 2714 ἀλήθειαν.

629 2759 787 2816 CAP.
822 2759 1063 2833 XXXIII.
1093 2761 1165 2815 De
1200 2761 1457 2818 tutoribus
1486 2773 1535 2816 et
1565 2763 1928 2819 curatoribus.

2205 2779 2457 2834 ΚΕΦΑΔ.
2489 2780 2607 2832 Al".
2652 2779 2792 2849 Περὶ
2820 2780 3161 2849 ἐπιτρόπων
3194 2781 3296 2835 καί
3331 2785 3691 2853 κουρατόρωγ.

2259 2917 2318 2970 '0
2354 2924 2403 2985 γ’
2436 2917 2537 2987 τῆς
2561 2916 2604 2971 δ’
2636 2917 2857 2971 συνόδου
2881 2916 3065 2971 κανὼν
3108 2918 3411 2988 κληρικοὺς
3434 2920 3464 2989 ἢ
3489 2921 3712 2988 μονάζον-

2176 3025 2274 3072 τας
2333 3009 2638 3080 ἀπείρηκεν
2686 3008 2944 3080 ἀλλότρια
2995 3011 3255 3081 κτήματα
3312 3010 3621 3081 μισθοῦσθαι
3656 3014 3712 3067 δι’

2178 3101 2650 3174 αἰσχροκέρδειαν.
2703 3103 2844 3173 ὅπερ
2906 3103 3023 3156 ἐστὶ
3083 3104 3393 3175 πράγματα
3439 3105 3715 3175 ἐργολαϐεῖν

542 2918 785 2977 ιΤετιίιιε
811 2930 1021 2991 quartae
1051 2920 1245 2992 synodi
1292 2936 1468 2977 canon
1505 2921 1739 2979 clericos
1768 2924 1853 2979 vel
1884 2939 2075 2981 moue»

465 3015 622 3071 ~cbos
644 3023 866 3086 propter
893 3023 1048 3083 turpe
1078 3013 1311 3084 aliquod
1352 3013 1567 3069 lucrum
1601 3015 1811 3071 alienas
1854 3031 2075 3084 posses-

488 3110 671 3166 siones
703 3107 1012 3164 conducere
1044 3108 1360 3179 prohibuit;
1389 3109 1534 3179 quod
1574 3117 1680 3172 est,
1710 3124 1800 3165 res
1846 3110 2075 3167 saecula-

491 3218 579 3259 res
621 3212 877 3267 tractare,
912 3201 1094 3257 divina
1154 3201 1416 3272 mysteria
1470 3201 1736 3272 neglectui
1764 3200 2071 3261 habentes:

2182 3195 2446 3264 κοσμικᾶ,
2476 3195 2576 3265 τῆς
2612 3196 2767 3259 θείας
2808 3195 3155 3267 λειτουργίας
3199 3196 3641 3266 καταμελοῦντας,
3678 3201 3717 3252 εί

466 3295 594 3351 arisi
635 3293 702 3350 ad
750 3293 1117 3349 inevitabilem
1155 3292 1497 3363 impubcrum
1543 3292 1765 3348 tutelam
1801 3310 1830 3349 a
1864 3294 2072 3363 legibus

2186 3290 2370 3359 μήπου
2402 3290 2465 3343 ἐκ
2482 3287 2783 3359 τῶννόμων
2809 3289 3026 3343 καλοῖτό
3044 3307 3126 3353 τις
3158 3290 3237 3352 είς
3268 3289 3538 3361 ἀφηλίκων
3562 3292 3716 3360 ἀπαρ-

487 3397 713 3444 vocetur
743 3386 981 3457 aliquis;
1030 3386 1409 3456 impuberibus
1434 3386 1580 3441 enim
1611 3396 1819 3442 tutores
1844 3388 2072 3453 dantur,

2179 3380 2399 3453 αἰτητον
2466 3380 2809 3451 ἐπιτροπήν*
2839 3382 2952 3443 τοῖς
3000 3380 3101 3449 μὲν
3132 3380 3243 3450 γὰρ
3282 3381 3501 3451 ἀνήϐοις
3534 3382 3718 3452 ἐπίτροο

875 3487 1056 3533 autem
1114 3488 1421 3533 curatores.
1486 3479 1801 3548 lmpuberes
1851 3479 2072 3550 quidem

2181 3489 2270 3525 ποι
2303 3471 2555 3535 δίδονται,
2581 3473 2695 3536 τοῖς
2718 3472 2775 3525 δὲ
2798 3460 3023 3542 ἀφήλὶξι
3054 3489 3149 3526 κου
3158 3470 3359 3543 ράτορε
3371 3490 3411 3534 ς.
3436 3473 3534 3525 Καί
3557 3473 3718 3543 ἄνηϐοι

466 3580 617 3626 sunt
647 3567 900 3633 masculi,
933 3567 1028 3639 qui
1076 3575 1206 3623 sunt
1238 3569 1657 3639 quatuordecim
1710 3569 2072 3626 annismino-

2182 3565 2281 3635 μέν
2315 3566 2453 3619 εἰσιν
2486 3564 2736 3637 ἄρρενες,
2771 3566 2819 3619 oi
2868 3566 2977 3619 τῶν
3010 3565 3072 3618 ιδ’
3101 3574 3302 3633 ηττους
3340 3565 3477 3619 ἐτῶν
3499 3581 3512 3593 ·
3556 3567 3717 3636 ἄνηϐοι

2177 3657 2233 3712 δὲ
2266 3658 2497 3727 θήλειαι,
2538 3660 2592 3711 αἱ
2632 3657 2829 3731 ᾖττους
2881 3657 2991 3711 τῶν
3024 3657 3097 3726 ιβ’
3137 3656 3313 3709 ἐτῶν
3365 3658 3611 3725 dei-9.225;
3656 3659 3719 3722 δὲ,

2178 3751 2226 3802 oi
2259 3751 2355 3821 τὴν
2385 3751 2527 3821 ἥϐην
2559 3748 3024 3821 ὑπεραναὸἀντες,
3049 3749 3249 3819 ἥττους
3270 3749 3327 3802 δὲ
3348 3750 3459 3801 τῶν
3488 3749 3560 3802 κε’
3581 3750 3716 3811 ἐτῶν,

2180 3844 2283 3898 κᾶν
2311 3844 2543 3917 ἄρρενες
2594 3838 2719 3909 ὦσι,
2757 3843 2860 3897 κᾶν
2914 3843 3148 3914 θήλειαι.
3199 3843 3437 3897 Δύναται
3470 3843 3557 3896 καὶ
3588 3843 3613 3895 ὅ
3639 3843 3720 3909 τῆς

2180 3938 2391 4002 πόλεως
2425 3939 2725 4000 ἐπίσκοπος
2760 3937 3081 4006 ἐπιτρέπειν
3104 3938 3218 3999 τοῖς
3256 3935 3514 3999 τοιούτοις
3542 3935 3720 4005 ἐκκλη-

2179 4030 2478 4084 σιαστικῶν
2518 4029 2825 4102 φροντίζειν
2865 4029 3243 4100 πραγμάτων,
3294 4028 3327 4099 ἢ
3379 4029 3615 4099 ὀρφανῶν
3646 4028 3725 4081 καὶ

2178 4122 2365 4194 χηρῶν
2396 4123 2775 4191 ἀπρονοήτων,
2818 4122 2914 4174 καὶ
2962 4121 3070 4175 τῶν
3106 4120 3344 4188 μάλιστα
3380 4121 3726 4189 ἐκκλησιαστι-

2172 4214 2588 4285 -κῆςδεομένων
2624 4213 2902 4285 βοηθείας,
2952 4213 3039 4267 διὰ
3083 4214 3177 4266 τὸν
3203 4214 3371 4282 φόδον
3400 4213 3490 4267 τοῦ
3522 4212 3728 4284 Κυρίου,

2176 4306 2254 4371 ὡς
2302 4307 2360 4358 ἐν
2398 4307 2517 4370 ταῖς
2568 4305 2840 4379 Πράξεσιν
2894 4306 3196 4376 ἱστόρηται.
3242 4306 3729 4377 προχειρισαμένων

490 3844 894 3914 ρτιιοιθιίοτυηι,
925 3843 1171 3900 minores
1195 3853 1377 3899 tamen
1436 3855 1565 3901 sunt
1588 3843 1661 3899 25
1706 3844 1889 3909 annis,
1959 3843 2077 3898 sive

488 3936 598 3991 sint
631 3950 813 3991 mares
846 3935 964 3991 sive
982 3934 1212 4005 :puella.
1269 3933 1575 4004 Episcopus
1618 3934 1858 3989 civitatis
1910 3935 2075 3989 etiam

476 4136 679 4176 .euram
714 4126 930 4190 gerant,
964 4119 1050 4174 vel
1087 4118 1462 4189 orphanorum
1492 4128 1545 4174 et
1576 4119 1891 4185 viduarum,
1949 4122 2075 4191 qui-

492 4305 731 4360 maxime
760 4304 1033 4374 indigent,
1069 4310 1295 4373 propter
1340 4301 1431 4357 Dei
1468 4303 1743 4362 timorem.
1777 4312 1836 4358 ut
1868 4304 1921 4357 in
1964 4304 2077 4358 Ae-

493 4398 639 4453 tibus
667 4404 1022 4458 memoratur,
1050 4393 1332 4464 apostolos
1375 4402 1582 4462 septem
1637 4390 1902 4449 diaconos
1966 4395 2072 4449 ele-

2178 4398 2290 4451 τῶν
2321 4399 2639 4452 ἀποστόλων
2667 4398 2795 4453 τοὺς
2828 4397 2973 4452 ἑπτὰ
3004 4398 3307 4464 διακόνους,
3358 4398 3443 4451 ἵνα
3485 4400 3557 4468 μὴ
3586 4399 3639 4451 ἐν
3673 4398 3729 4467 τῇ

491 4492 663 4562 gisse,
699 4504 768 4543 ne
789 4488 843 4541 in
870 4485 1182 4543 ministerio
1220 4485 1547 4555 quotidiano
1600 4485 1779 4541 vidua:
1827 4486 2072 4561 despice-

2181 4490 2527 4565 καθημερινῇ
2562 4489 2809 4561 διακονίᾳ
2844 4490 2900 4545 αί
2951 4489 3121 4560 χῆραι
3165 4490 3649 4561 παραθεωρῶνται·
3678 4489 3731 4541 ού

495 4594 687 4637 rentur
718 4598 734 4635 ι
768 4579 903 4635 lucri
930 4588 1115 4634 autem
1146 4578 1446 4649 autgloriae
1483 4576 1785 4647 cupiditate
1833 4580 1942 4633 illis
1975 4580 2072 4634 hu-

2187 4581 2294 4653 μὴν
2321 4582 2550 4645 ἑαυτοὺς
2576 4582 2695 4644 ταῖς
2726 4582 3006 4643 τοιαύταις
3052 4584 3403 4653 ὲπιρῤίπτειν
3429 4583 3731 4649 διοικήσεσιν

488 4673 729 4742 jusmodi
758 4669 1329 4726 administrationibus
1353 4668 1566 4737 seipsos
1588 4668 1729 4722 ultro
1746 4668 1941 4724 oilerre
1969 4685 2072 4725 non

2183 4675 2394 4744 ἐφεῖται
2447 4673 2672 4744 κέρδους
2713 4674 2872 4744 χάριν
2900 4673 2931 4741 ἦ
2960 4673 3140 4740 δόξης.
3169 4676 3232 4728 Oi
3256 4674 3312 4728 δέ
3357 4675 3603 4746 βοηθείας
3631 4674 3733 4725 δεόο

496 4767 859 4833 pennittitur.
891 4762 996 4829 Qui
1021 4777 1150 4818 vero
1178 4761 1392 4816 auxilio
1448 4761 1691 4831 indigent
1736 4770 1864 4817 sum
1916 4762 2072 4829 tales,

2187 4783 2363 4835 μενοι,
2397 4760 2543 4820 οὗτοι
2574 4768 2642 4820 ἂν
2678 4760 2789 4819 εἶεν
2818 4768 2865 4819 oi
2898 4769 2963 4837 τῇ
3029 4767 3296 4839 ἐκκλησίᾳ
3346 4766 3734 4839 προσπεφευγό-

492 4859 584 4927 qui
616 4858 669 4910 in
706 4855 971 4911 ecclesias
999 4855 1384 4925 profugerunt,
1446 4864 1498 4907 ut
1534 4852 1896 4923 dyuastarum
1934 4855 2072 4923 inju-

2182 4874 2294 4919 τες,
2328 4856 2589 4927 ἐπηρείας
2615 4855 2893 4910 δυναστῶν
2935 4856 3352 4925 ἐκτρεπόμενοι,
3401 4858 3431 4924 ἦ
3466 4858 3514 4909 οί
3549 4857 3672 4923 περί
3694 4874 3736 4906 τι

495 4951 631 5002 riam
669 4948 924 5008 vitarent,
975 4945 1056 4999 vel
1081 4945 1173 5013 qui
1204 4943 1412 5013 aliquid
1479 4943 1663 4996 forsan
1712 4943 2072 5025 .nfl‘enderint,

2184 4948 2535 5013 πταίσαντες,
2590 4946 2621 5015 ἢ
2671 4948 2752 5009 είς
2799 4946 3045 5000 δουλείαν
3082 4948 3278 5008 ἀδίκως
3329 4948 3631 5018 ἑλκόμενοι,
3658 4946 3735 5001 καὶ

495 5041 579 5095 vel
604 5040 699 5109 qui
734 5039 937 5107 injuste
972 5039 1029 5092 in
1073 5037 1395 5091 servitutem
1448 5036 1797 5102 rediguntur,
1835 5047 1887 5089 et
1947 5054 2072 5105 snp-

2180 5040 2474 5110 ζητοῦντες
2507 5041 2853 5110 ἐπικουρίαν,
2902 5040 2968 5092 δι’
2998 5041 3092 5104 οὓς
3120 5041 3215 5094 καὶ
3249 5044 3296 5094 oi
3353 5041 3560 5096 ἔκδικοι
3588 5042 3740 5110 rivor-

492 5134 669 5203 pctias
698 5132 1003 5201 postulant,
1056 5137 1278 5199 prepter
1338 5142 1482 5196 quos
1530 5129 1695 5182 etiam
1759 5128 2072 5184 defensores

2182 5151 2271 5189 ται
2296 5148 2311 5165 ⁶
2352 5134 2442 5188 τὸν
2478 5134 2535 5188 δὲ
2571 5133 2980 5204 παραϐαίνοντα
3039 5136 3153 5197 τοῖς
3197 5135 3569 5202 προσήκουσιν
3591 5136 3739 5186 ἐπιτι-

494 5228 652 5279 tiunt.
688 5222 746 5279 Si
779 5222 903 5292 quis
950 5237 1080 5277 vero
1137 5221 1560 5289 transgreditur,
1613 5220 1912 5290 adaequatis
1942 5236 2072 5291 sup-

2186 5224 2329 5292 μίοις
2396 5223 2909 5278 καθυποὸἀλλεσθαι
2967 5221 3239 5292 βούλεται.
3314 5224 3527 5287 Πάντες
3585 5224 3739 5277 τοίνυν

492 5318 671 5386 pliciis
696 5331 822 5372 eum
850 5314 1046 5385 subjici
1078 5314 1216 5369 vult.
1248 5313 1453 5367 Omnes
1483 5312 1646 5382 igitur
1661 5313 1845 5369 clerici
1874 5324 1925 5368 et
1956 5327 2072 5368 mo-

2182 5312 2437 5382 κληρικοί
2464 5330 2523 5366 τε
2555 5316 2649 5365 καὶ
2686 5316 2937 5383 μοναχοὶ,
2970 5313 3094 5367 κατ’
3138 5314 3439 5385 ἐπιτροπὴν
3475 5318 3574 5368 τοῦ
3613 5316 3739 5385 σςιῶν

2182 5406 2510 5468 ἐπισκόπου,
2542 5405 2603 5458 οὐ
2638 5406 2799 5473 μόνον
2839 5406 3292 5475 ἐκκλησιαστικὶ,
3327 5408 3466 5461 ἀλλὰ
3497 5409 3591 5461 καὶ
3616 5408 3741 5459 πολε·

2181 5499 2310 5552 τικὰ
2338 5500 2635 5570 ἐνεργῆσαι
2657 5497 2911 5552 δύνανται
2938 5498 3261 5569 πράγματα,
3285 5499 3347 5551 οὗ
3381 5499 3490 5568 μὴν
3512 5499 3646 5552 ἀλλᾶ
3667 5502 3741 5550 καὶ

2182 5592 2482 5661 ἐπιτροπὴν
2515 5591 2767 5644 ὑπελθεῖν
2791 5593 2885 5645 καὶ
2914 5591 3337 5662 κιιυρατορείαψ
3373 5593 3678 5662 ἐπιτροπῆς
3702 5593 3743 5643 δὲ

2184 5682 2281 5750 τῆς
2318 5682 2517 5749 ἔξωθεν
2547 5682 2691 5751 δίχα,
2726 5683 3049 5745 ἐπισκόποις
3078 5684 3171 5733 καὶ
3197 5684 3475 5751 μοναχοῖς,
3499 5683 3624 5735 οὔτε
3649 5685 3745 5734 ἐπι-

2181 5775 2410 5845 τροπὴν,
2443 5773 2566 5827 οὔτε
2616 5774 3007 5846 κουρατορείαν
3044 5774 3221 5838 ἔξεστι
3253 5772 3542 5840 δέξασθαι,
3594 5779 3681 5827 καὶ
3711 5777 3746 5826 εἰ

2181 5867 2378 5921 ἐκτῶν
2414 5869 2595 5933 νόμων
2638 5868 2964 5922 καλοῦνταιο
3017 5856 3061 5920 ὁὶ
3110 5866 3168 5920 δὲ
3210 5865 3509 5941 ζκληρικοὶ,
3552 5869 3640 5923 Ξτε
3666 5886 3745 5921 κιο

490 5500 738 5565 siastica,
764 5515 957 5554 verum
992 5500 1158 5551 etiam
1184 5496 1466 5551 saecularia
1486 5496 1701 5566 negotia
1721 5498 2045 5553 aduiiuistra
2063 5525 2076 5538 -

489 5607 555 5648 re
584 5602 843 5661 possunt,
871 5599 931 5644 ut
968 5598 1024 5645 et
1059 5586 1281 5641 tutelam
1312 5597 1368 5641 et
1417 5586 1719 5640 curatelam
1767 5587 2069 5656 suscipere.

492 5686 711 5753 Absque
734 5691 959 5737 externa
1020 5689 1202 5733 autem
1262 5678 1626 5747 permissinne
1683 5677 1956 5747 episcopis
2021 5689 2072 5731 ct

494 5777 780 5833 mortachis
809 5790 907 5829 nec
938 5774 1161 5829 tutelam
1198 5788 1298 5827 nec
1333 5772 1633 5825 curatelmu
1672 5766 1881 5838 ’gercre
1948 5787 2071 5839 pcr-

496 5870 751 5936 tnittitur,
772 5870 896 5922 livet
926 5883 955 5921 a
978 5867 1189 5937 legibus
1222 5874 1483 5920 vocentur
1506 5882 1516 5916 :
1542 5862 1633 5918 sed
1662 5863 1869 5926 clerici,
1898 5880 2075 5932 quan-
