3918 6584
207 477 348 544 132‘)

1240 487 1650 550 SYNTAGMA
1678 483 2294 555 Al.l’liABETICUM.
2337 519 2409 529 -·
2427 492 2497 556 Ε.

3330 468 3472 555 1330

204 597 429 652 λοῦνται
462 597 612 669 παρὰ
636 598 747 652 τῶν
777 595 982 669 νόμων,
1011 599 1106 654 καὶ
1137 600 1207 655 τὰ
1227 601 1513 673 ἀμφότερα
1533 603 1789 658 ὑπελθεῖν

1939 620 1962 657 ri
1995 621 2023 659 a
2060 607 2268 676 legibus
2303 615 2588 668 vocantur,
2619 615 2852 676 utraque
2886 603 3075 662 Subire
3109 619 3218 660 non
3281 604 3470 675 probi-

210 691 263 743 .it'i
336 688 680 744 κωλύονταιο
740 690 944 754 πάντες
1011 691 1069 745 δὲ
1129 694 1285 764 κοινῇ
1353 694 1791 765 δκκλησιαστικὰ

1939 703 2114 749 rntur.
2147 695 2351 752 Omnes
2381 711 2510 752 vero
2541 697 2909 751 communiter
2965 697 3338 753 ecclesiastica
3379 713 3478 754 ne-

209 781 520 852 πράγματα
547 772 794 853 ἐνεργεῖν
817 782 918 836 οὑκ
951 782 1357 853 ἐμποδίζονται,
1382 786 1480 838 καλ⁸
1510 785 1631 856 δίχα
1656 802 1786 856 προ-

210 877 416 947 τροπῆς
452 876 774 932 ἐπισκόπου.

895 969 1105 1037 Νόμοι.

279 1061 427 1125 Τοὺς
456 1061 908 1131 θεοφιλεστάτους
939 1064 1274 1127 ἐπισκόπους
1319 1064 1352 1134 ἢ
1404 1064 1673 1135 μοναχοὺς
1727 1064 1790 1117 ἐκ

211 1151 444 1221 μηδενὸς
469 1152 653 1221 νόμουν
669 1152 1001 1224 ἐπιτρόπους
1027 1153 1063 1223 ἢ
1088 1153 1430 1225 κουράτορας
1475 1155 1792 1226 οίουδήποτε

210 1242 514 1312 προσώπου
550 1245 797 1311 γίνεσθαι
841 1247 1263 1317 συγχωροῦμεν
1299 1248 1685 1320 ἐπιτροπεύειν
1735 1245 1795 1299 δὲ

211 1338 322 1389 τῶν
352 1338 496 1408 ὑπὲρ
532 1336 714 1408 ψυχῆς
764 1336 1092 1405 ὀφειλόντων
1133 1337 1396 1403 δίδοσθαι,
1431 1337 1528 1392 καὶ
1570 1338 1795 1394 διοικεῖν

213 1431 757 1501 ⁴ιινροσκαλουμένους,
787 1431 848 1485 οὑ
898 1431 1208 1501 κωλύομεν.
1244 1432 1358 1485 Καὶ
1388 1432 1500 1503 γὰρ
1539 1434 1654 1495 τοῖς
1697 1434 1795 1503 ἀρ·

213 1524 461 1593 χιερεῦσι
508 1525 712 1595 μᾶλλον
740 1527 768 1579 6
802 1524 944 1595 ὑπὲρ
989 1524 1100 1579 τῶν
1141 1526 1638 1597 πλημμελημάτων
1674 1525 1798 1580 ίλα-

211 1614 352 1686 σμὸς
382 1617 713 1689 ἀφιέρωται.
1596 1666 1605 1675 .

286 1710 432 1772 Τοὺς
455 1709 882 1782 πρεσϐυτέρους,
909 1710 1006 1765 καὶ
1040 1711 1349 1775 διακόνους.
1385 1712 1479 1766 καὶ
1510 1712 1799 1767 ὑποδιακό-

210 1818 361 1867 νους,
390 1801 470 1871 τῷ
490 1803 687 1873 δικαίῳ
724 1802 872 1874 μόνῳ
899 1803 1001 1871 τῆς
1037 1804 1360 1872 συγγενείας
1388 1807 1467 1868 είς
1494 1805 1798 1876 ἐπιτροπὴν

1894 790 2038 856 gotia
2121 790 2508 844 administrare
2564 808 2672 847 non
2759 790 3152 862 impediuntur,
3214 791 3296 846 vel
3352 792 3474 849 sine

1894 879 2188 950 episcoliali
2214 881 2603 952 permissione.

2579 975 2763 1047 Leges.

1969 1064 2441 1138 Religiosissimos
2472 1069 2761 1139 episcopos
2793 1069 2872 1123 vel
2894 1068 3195 1125 monachos
3229 1083 3294 1124 ex
3324 1067 3474 1122 nulla

1897 1157 2015 1228 lege
2057 1167 2263 1213 tutores
2296 1160 2378 1215 vel
2429 1169 2716 1216 curatores
2782 1160 3164 1231 cujuscunque
3230 1173 3480 1230 personat

1898 1249 2013 1302 iieri
2050 1251 2444 1306 concedimus:
2471 1249 2567 1304 sed
2601 1266 2792 1305 eorum
2826 1266 2948 1321 quae
2970 1249 3039 1305 ad
3077 1249 3319 1304 animam
3353 1263 3480 1318 per-

1900 1341 2095 1405 tinent,
2127 1342 2354 1396 tutelam
2389 1341 2693 1412 suscipere,
2729 1351 2783 1396 et
2836 1350 3055 1397 vocatos
3086 1340 3481 1397 administrare

1901 1446 2009 1486 non
2032 1433 2406 1502 prohibemus.
2463 1433 2676 1489 Etenim
2717 1434 3060 1491 antistitibus
3087 1435 3326 1493 maxime
3382 1448 3482 1506 pro

1898 1524 2111 1580 delictis
2138 1524 2375 1595 plaeatio
2409 1524 2696 1588 incumbit.

1973 1723 2325 1797 Presbyteros
2384 1735 2437 1781 et
2467 1726 2735 1783 diaconos
2760 1735 2818 1782 et
2846 1726 3213 1782 subdiaconus
3238 1726 3357 1780 solo
3385 1739 3484 1780 cu-

1899 1818 2178 1887 gnationis
2200 1819 2328 1889 jure
2357 1818 2427 1874 ad
2459 1820 2685 1874 tutelam
2711 1819 2794 1874 vel
2817 1818 2885 1874 ad
2910 1820 3211 1875 curatelam
3263 1827 3487 1875 vocatos

210 1894 243 1960 ἢ
299 1897 383 1957 είς
421 1895 816 1967 κουρατορείαν
854 1895 1245 1966 καλουμένους,
1278 1897 1400 1968 τὴν
1452 1897 1799 1969 λειτουργίαν

1940 1911 2437 1968 dministratiouem
2470 1911 2755 1983 suscipere
2784 1911 3169 1970 concedimus.

211 1981 579 2053 ὑποδέχεσθαι
613 1985 1027 2061 συγχωροῦμεν.

297 2076 790 2146 Ἐπιτροπεύονται
847 2077 905 2133 δὲ
962 2081 1101 2134 κατὰ
1153 2082 1247 2134 τὸν
1283 2080 1579 2135 ’πολιτικξν
1634 2083 1799 2151 νόμον

211 2164 520 2238 ἐλεύθεροι,
555 2170 603 2222 οί
642 2169 730 2223 διὰ
774 2169 874 2241 τὴν
924 2170 1141 2242 ἠλικίαν
1190 2171 1427 2226 ἐκδικεῖν
1459 2172 1694 2236 ἑαυτοὺς
1724 2171 1800 2242 μὴ

211 2260 347 2315 δυνά
355 2279 526 2330 μενοι.

299 2354 605 2426 Ἀλλότριος
630 2355 847 2427 οἰκέτης
865 2357 923 2409 ἐν
947 2355 1182 2431 διαθήκῃ
1204 2356 1491 2428 ἀχρήστως
1507 2355 1804 2430 ἐπίτροπος

211 2451 441 2506 δίδοται.

290 2545 408 2600 Οὐκ
442 2545 795 2616 ἐπιτροπεύει
823 2547 944 2600 οὐδὲ
974 2547 1364 2618 κουρατορεύει
1399 2552 1426 2603 6
1465 2548 1664 2618 μείζων
1695 2549 1805 2604 τῶν

217 2632 598 2706 ἐϐδομήκοντα
633 2638 791 2703 ἐτῶν,
846 2639 968 2692 οὐδὲ
1009 2641 1036 2693 6
1085 2636 1323 2694 ἐλάττων
1347 2640 1458 2694 ’τῶν
1499 2647 1575 2695 κε’
1630 2641 1801 2696 ἐτῶν·

216 2727 342 2792 πῶς
379 2730 490 2799 γὰρ
519 2729 547 2782 6
581 2728 836 2801 δεόμενος
863 2730 1026 2786 ἄλλου
1054 2732 1382 2803 κηδεμονίας
1406 2751 1420 2795 ;

294 2908 536 2964 Ἀτωτοι
586 2909 681 2963 καὶ
735 2909 1071 2980 μαινόμενοι,
1127 2908 1231 2963 κᾶν
1280 2909 1527 2979 μείζονες
1576 2904 1681 2964 ὦσι
1736 2913 1803 2984 τῇ

214 3003 435 3073 ἡλικία,
472 3003 965 3071 κουρατοριύονται
994 3000 1102 3054 ὑπὸ
1133 2999 1242 3055 τῶν
1280 3000 1426 3054 ἰδίων
1460 3002 1764 3072 συγγενῶν.

290 3092 486 3153 Οὐδεὶς
514 3089 812 3162 ἐγχειρίζει
844 3090 1007 3144 πλέον
1039 3089 1146 3145 τῶν
1179 3094 1345 3162 τριῶν
1392 3093 1730 3165 ἐπιτροπῶν.

292 3176 389 3255 Τῷ
425 3182 526 3254 υἱῷ
575 3183 668 3237 τοῦ
723 3183 1071 3254 αίχμαλώτου
1122 3185 1420 3255 ἐπίτροπος
1466 3185 1528 3239 ού
1581 3185 1804 3254 δίδοται,

1979 2092 2214 2149 Tutores
2248 2094 2487 2149 habeant
2530 2092 2709 2149 liberti
2738 2095 3043 2150 secundum
3097 2095 3243 2165 leges
3272 2092 3485 2159 civiles,

1904 2183 1997 2254 qui
2030 2195 2252 2255 propter
2297 2194 2513 2240 aetatem
2580 2184 2795 2255 seipsos
2842 2184 3127 2241 vindicare
3185 2193 3488 2255 nequeunt.

1982 2358 2208 2414 Alienus
2263 2372 2456 2414 servus
2513 2357 2567 2412 in
2618 2365 2948 2415 testamento
3010 2357 3213 2413 frustra
3267 2365 3493 2414 curator

1908 2454 2245 2525 designatu‘r.
3498 2500 3507 2505 .

1980 2547 2169 2619 Neque
2202 2550 2425 2606 tutelam
2456 2564 2638 2621 neque
2658 2547 2966 2605 euratelam
2998 2554 3172 2616 gerat,
3201 2544 3297 2615 qui
3362 2558 3499 2613 sep-

1907 2642 2151 2713 tuaginta
2171 2645 2334 2701 annis
2362 2656 2448 2702 est
2467 2643 2667 2715 major,
2698 2656 2875 2712 neque
2905 2641 2997 2711 qui
3028 2639 3219 2710 viginti
3245 2639 3500 2710 quiaque

1907 2747 1993 2792 est
2026 2737 2236 2793 minor:
2254 2754 2379 2794 nam
2405 2738 2684 2809 quomodo
2712 2735 3010 2793 curalelam
3039 2744 3214 2805 gerat,
3239 2733 3331 2804 qui
3356 2734 3496 2789 alte~

1912 2829 2026 2884 rius
2043 2844 2175 2885 cura
2208 2832 2457 2903 indiget?

1984 2921 2317 2981 Decoctores
2343 2933 2398 2981 et
2418 2932 2689 2990 amentes,
2717 2925 2847 2980 licet
2880 2923 3223 2990 pubertatem
3283 2919 3497 2992 egressi

1909 3015 2041 3081 sint,
2072 3031 2101 3070 a
2131 3017 2367 3087 propriis
2387 3018 2637 3087 cognatis
2667 3018 2724 3073 in
2751 3017 2978 3073 tutelam
3019 3015 3423 3101 suscipiuntur.

1987 3109 2144 3180 137
2182 3110 2356 3165 Nemo
2379 3111 2673 3181 plusquam
2714 3119 2827 3166 tres
2861 3117 3073 3166 tutores
3105 3108 3358 3164 assumit.

1982 3202 2199 3273 Captivi
2237 3202 2351 3259 lilio
2413 3211 2564 3259 tutor
2633 3217 2744 3258 non
2779 3209 2945 3259 datur
2969 3241 2985 3269 ,
3020 3202 3116 3258 secl
3171 3197 3499 3256 substantiae

218 3277 360 3331 ἀλλᾶ
387 3280 454 3347 τῇ
494 3276 652 3346 οὐσίᾳ
704 3275 994 3348 κουράτωρ
1021 3293 1034 3308 ο
1080 3276 1515 3346 ὑποστρέφοντος
1562 3277 1671 3349 γὰρ
1711 3278 1803 3333 τοῦ

1946 3304 2318 3362 urator;nam
2353 3310 2579 3351 reverso
2608 3304 2782 3365 patre,
2821 3294 2902 3350 illi
2943 3293 3229 3361 subiectus
3273 3291 3403 3358 erit,
3432 3305 3500 3346 ac

222 3369 457 3440 πατρὸς,
488 3368 702 3436 γίνεται
746 3368 915 3423 αὑτοῦ
965 3367 1304 3435 ὑπεξούσιος,
1336 3370 1411 3433 ὼς
1442 3373 1490 3425 εί
1535 3372 1803 3443 μηδέποτε

1939 3386 1963 3443 si
1999 3403 2283 3459 nunquam
2322 3389 2377 3444 iu
2415 3388 2793 3458 captivitatem
2829 3388 3030 3445 fuisset
3072 3386 3352 3443 redactus.

217 3461 641 3534 ᾐχμαλωτίσθη.

298 3553 390 3624 Τῷ
422 3553 598 3624 ἔχοντι
632 3554 926 3625 ἐπίτροπον
957 3553 1239 3620 νοσοῦντα,
1265 3555 1297 3626 ἦ
1328 3556 1583 3627 γέροντα,
1610 3555 1813 3612 δίδοται

221 3647 521 3715 κουράτωρ
549 3644 701 3717 παρὰ
740 3645 833 3698 τού
866 3645 1155 3716 ἄρχοντος.

309 3740 441 3793 Ἐὰν
468 3738 740 3806 κλέψωσιν
772 3739 823 3792 οί
856 3739 1146 3811 ἐπίτροποι
1173 3741 1477 3812 πράγματα
1499 3744 1811 3816 ἀφηλίκων,

220 3829 458 3893 ἕκαστος
496 3828 675 3883 αὐτῶν
697 3831 776 3893 είς
804 3829 866 3883 τὸ
899 3829 1124 3885 διπλοῦν
1153 3832 1417 3903 ἐνέχεται.

302 3922 689 3994 Προτιμῶνται
736 3921 849 3976 τῶν
905 3922 1137 3994 θηλειῶν
1189 3924 1240 3978 οἱ
1294 3924 1546 3997 ἄρρενες,
1602 3927 1813 3993 τελείας

224 4015 448 4088 ἡλικίας
495 4015 870 4087 ὑπάρχοντες·
922 4018 1062 4087 γυνὴ
1115 4014 1221 4089 γὰρ
1271 4018 1330 4071 ού
1386 4020 1810 4092 κουρατορεύει,

223 4108 354 4164 οὑδὲ
391 4109 463 4162 τὰ
496 4107 595 4177 τῆς
644 4109 947 4180 ἐπιτροπῆς
999 4109 1297 4181 ὑπέρχεται
1346 4111 1813 4185 λειτουργήματα,

225 4200 300 4258 el
324 4204 506 4276 μήπου
538 4203 724 4276 μήτηρ
753 4200 1017 4275 ῆίμάμμη
1047 4204 1158 4276 εῖηο

317 4299 380 4351 Ὅ
433 4295 825 4368 πλησιέστερος
877 4296 1146 4369 συγγενὴς
1203 4297 1596 4370 ἐπιτροπεύει·
1654 4302 1705 4355 εί
1755 4301 1815 4355 δὲ

227 4387 424 4442 πολλοὶ
461 4388 554 4441 τὸν
588 4387 751 4441 αὑτὸν
786 4387 1046 4459 ἐπέχουσι
1074 4387 1305 4459 βαθμὸν,
1348 4389 1549 4456 πάντες
1590 4392 1814 4464 ἐπιτρο-

226 4480 516 4537 πεύουσιν.

307 4575 469 4646 Ζήτει
508 4573 601 4627 καὶ
621 4575 679 4628 ἐν
710 4573 790 4644 τῷ
825 4580 887 4629 ιε’
915 4592 1042 4643 κεφ.
1064 4573 1159 4628 τοῦ
1184 4576 1236 4628 Μ
1272 4576 1565 4647 στοιχείου.

544 4667 797 4722 ΚΕΦΑΛ.
834 4669 955 4723 ΛΔ’.
994 4668 1134 4736 Περὶ
1160 4670 1496 4739 εὐνούχων.

318 4762 378 4816 '0
413 4761 511 4832 μὲν
562 4759 649 4815 xa’
677 4761 785 4815 τῶν
815 4761 987 4831 ἁγίων
1018 4762 1335 4817 ἀποστόλων
1364 4762 1571 4830 κανὼν,
1606 4763 1813 4817 Εὐνοῦ-

228 4872 351 4927 κοςο
388 4855 577 4926 φησὶνο
611 4854 659 4907 εἶ
695 4852 795 4924 μὲν
834 4854 894 4921 ἒξ
926 4852 1194 4925 ἐπηρείας
1221 4853 1532 4925 ἀνθρώπων
1566 4872 1652 4918 τις
1685 4856 1814 4922 ἐγε-

230 4947 408 5017 γόνει,
439 4938 567 5019 ἢέν
596 4945 825 5017 διωγμῷ
857 4947 928 5002 τὰ
957 4946 1075 5001 τῶν»
1095 4946 1309 5020 ἀνδρῶν
1340 4947 1614 5022 ἀφῃρέθη,
1655 4947 1688 5020 ἢ
1718 4946 1816 5002 οὖ-

230 5059 344 5105 τως
368 5041 491 5109 ἔφυ,
523 5040 572 5092 εί
620 5040 713 5091 καὶ
743 5040 771 5091 6
804 5037 917 5103 βίος
956 5036 1104 5108 αὑτῷ
1139 5037 1335 5108 σεμνὸς
1371 5039 1459 5109 εἴη
1512 5038 1608 5092 καὶ
1638 5038 1818 5110 ἄμεμ-

231 5149 392 5196 πτος,
424 5132 507 5194 είς
538 5128 837 5200 ἱερωσύνην
866 5127 1306 5195 προσιόαζὼθω.

318 5311 380 5367 '0
404 5310 460 5365 δὲ
484 5308 569 5381 κβ¹
588 5324 604 5341 ⁸
651 5309 712 5363 ὐ
746 5307 939 5363 ἐαυτὸν
969 5309 1395 5381 ἀκρωτηριάσας
1428 5310 1688 5381 κληρικὸς
1739 5312 1817 5383 μὴ

233 5404 495 5473 γινέσθω⁸
526 5403 782 5473 αὐτόχειρ
810 5404 921 5473 γὰρ
952 5402 1119 5456 αὑτοῦ
1159 5403 1351 5473 γέγονε
1393 5403 1473 5474 τῷ
1519 5405 1817 5476 παραϐόλῳ

230 5497 332 5552 τοῦ
373 5496 724 5568 πράγματος,
754 5495 937 5567 ἐαυτῷ
966 5495 1059 5549 τὸν
1084 5495 1318 5551 θάνατον
1341 5495 1531 5568 ὥσπερ
1563 5497 1818 5568 προμνώ-

237 5604 422 5659 μενος,
465 5587 560 5640 καὶ
595 5588 662 5657 τῇ
703 5585 800 5639 τοῦ
835 5584 970 5639 Θεοῦ
1000 5585 1333 5659 δημιουργία
1375 5586 1630 5658 πολεμῶν
1663 5587 1816 5643 ἄντι-

236 5697 397 5754 κρυς.

318 5774 381 5826 '0
423 5771 481 5827 δέ
516 5771 600 5842 κγ’
621 5790 635 5803 ·
669 5770 739 5827 Et
762 5789 868 5838 τις,
902 5772 1168 5845 κληρικὸς
1197 5772 1297 5839 ὣν,
1332 5775 1526 5829 ἑαυτὸν
1560 5779 1815 5848 ἀκρωτη-

237 5865 502 5940 ριάσειεν,
535 5864 611 5930 ὡς
642 5864 1015 5946 προδηλότατα
1047 5865 1315 5935 θανατῶν,
1352 5868 1750 5942 καθαιρείσθω.

1840 4662 1894 4722 D

1984 3546 2067 3602 Illi
2104 3546 2259 3614 cujus
2302 3558 2467 3604 tutor‘
2487 3550 2570 3606 vel
2594 3546 2793 3606 morbo
2824 3549 3060 3614 laborat,
3082 3547 3167 3604 vel
3190 3547 3346 3603 senio
3372 3562 3504 3602 con-

1915 3640 2092 3697 fectus
2113 3650 2217 3706 est,
2256 3656 2286 3696 a
2326 3642 2654 3714 magistratu
2687 3643 2854 3699 datur
2882 3653 3127 3700 curator.

1989 3735 2046 3789 Si
2071 3736 2417 3807 impuberum
2450 3736 2742 3794 facultates
2756 3747 2967 3795 tutores
2982 3738 3306 3810 surripiaut,
3330 3755 3512 3796 unus-

1915 3831 2152 3901 quisque
2206 3845 2401 3887 eorum
2434 3830 2492 3886 in
2529 3832 2758 3902 duplum
2798 3841 3040 3889 tenetur.
3414 3874 3423 3883 ς

1984 3919 2364 3976 Prtel‘eruntur
2393 3920 2620 3977 feminis
2651 3922 2908 3986 masculi,
2928 3938 3056 3979 cum
3088 3934 3222 3980 sunt
3245 3926 3509 3995 perfectae

1917 4013 2121 4069 aetatis.
2160 4012 2354 4069 Mulier
2403 4014 2553 4069 enim
2606 4016 2923 4087 curatelam.
2970 4016 3290 4087 non'gerat,
3324 4035 3504 4088 neque

1917 4106 2104 4164 tutelae
2171 4107 2710 4165 administrationem
2745 4108 2968 4175 subeat,
3027 4109 3135 4163 nisi
3193 4110 3277 4165 vel
3328 4122 3506 4166 mater

1917 4202 2003 4257 vel
2027 4201 2152 4256 avia
2186 4201 2281 4257 sit.

1988 4291 2284 4351 Proximus
2351 4301 2618 4363 cognatus
2692 4302 2931 4349 tutorem
2994 4302 3165 4364 agat:
3229 4292 3313 4349 siu
3368 4308 3500 4348 vero

1919 4386 2031 4441 sint
2061 4384 2247 4457 plures
2273 4385 2522 4455 ejusdem
2554 4385 2787 4456 gradus,
2820 4395 2937 4443 tum
2969 4400 3165 4443 omnes
3194 4386 3496 4467 curatelam

1920 4488 2137 4551 gerant.
2801 4532 2827 4541 _
3232 4470 3243 4491 κ
3433 4495 3441 4502 ·

1993 4569 2229 4637 Quaeras.
2245 4570 2410 4626 etiam
2446 4571 2500 4637 in
2538 4571 2608 4627 15
2633 4586 2755 4641 cap.
2802 4572 2997 4628 littera:
3022 4572 3093 4627 M.

2275 4660 2430 4719 CAP.
2463 4660 2706 4719 XXXIV.
2756 4662 2834 4718 De
2864 4664 3142 4719 eunuchis.

1998 4756 2331 4812 Sanctorum
2371 4756 2752 4825 apostolorum
2809 4756 3120 4811 vicesimus
3158 4756 3373 4826 primus
3403 4771 3501 4813 ca¢

1925 4863 2057 4913 non,
2104 4846 2431 4913 Eunuchus,
2488 4846 2692 4915 inquit,
2720 4846 2769 4904 si
2807 4861 2874 4903 ex
2908 4846 3115 4918 injuria
3146 4848 3369 4917 quidem
3400 4849 3503 4903 ho-

1926 4938 2135 4993 minum
2158 4935 2341 4992 factus
2381 4936 2475 5001 sit,
2504 4935 2587 4991 vel
2618 4936 2670 4990 in
2695 4927 3083 5006 persecutione
3112 4938 3362 4994 virilibus
3384 4940 3503 5011 pri-

1926 5040 2084 5086 vatus
2109 5029 2204 5095 sit,
2232 5029 2315 5085 vel
2349 5028 2433 5085 sic
2462 5039 2649 5085 natusv
2678 5028 2842 5084 fuerit
2867 5048 2883 5097 ;
2911 5030 3211 5086 dummodo
3233 5031 3353 5102 ejus
3392 5031 3502 5088 vita

1925 5127 1999 5180 sit
2030 5133 2219 5180 saneta
2248 5132 2302 5178 et
2325 5123 2848 5194 irrepreheusibilis,
2880 5123 2934 5178 in
2971 5125 3345 5181 sacerdotium
3374 5138 3505 5195 pro-

1924 5225 2234 5273 moveatur.

2000 5307 2307 5366 Vicesimus
2331 5310 2620 5366 secundus
2654 5323 2787 5366 vero
2820 5327 2836 5366 :
2869 5308 2975 5378 Qui
3002 5312 3244 5381 seipsum
3280 5309 3502 5369 mutila-

1924 5401 2023 5468 vit,
2054 5418 2123 5458 ne
2176 5402 2252 5459 sit
2306 5401 2584 5470 clericus;
2618 5404 2737 5474 ipse
2767 5403 2914 5460 enim
2947 5402 3034 5458 sui
3084 5402 3260 5472 ipsius
3289 5410 3375 5456 est
3405 5403 3504 5454 ho-

1923 5497 2127 5553 micida
2157 5509 2381 5569 propter
2420 5497 2553 5553 facti
2603 5498 2903 5561 diritatem,
2935 5506 3170 5552 mortem
3206 5495 3315 5551 sibi
3342 5494 3502 5565 quasi

1925 5590 2226 5663 spondens,
2260 5600 2316 5649 et
2356 5591 2451 5648 Dei
2480 5590 2685 5663 opiilcii
2710 5591 2891 5648 hostis
2917 5589 3096 5660 palam
3130 5588 3330 5645 factus.

1995 5771 2062 5827 Et
2097 5772 2169 5828 25
2198 5788 2215 5829 :
2251 5772 2307 5829 Si
2336 5774 2482 5843 quis,
2513 5790 2640 5831 eum
2693 5773 2768 5830 sit
2798 5771 3058 5836 clericus,
3103 5770 3347 5840 seipsum
3381 5783 3504 5824 mu-

1925 5865 2184 5928 tilaverit,
2222 5874 2485 5939 tauquam
2519 5867 2627 5927 sibi
2669 5865 2965 5924 manifesto
3016 5873 3250 5922 mortem
3283 5870 3505 5932 optans,

1928 5960 1991 6015 dc
2001 5965 2258 6027 ponatur.
2458 5968 2468 5981 '
