3918 6572
452 409 585 474 1331

523 526 833 590 Vicesimus
881 548 1113 606 quartus
1157 544 1322 601 item:
1356 547 1574 618 Laicus,
1625 558 1716 624 qui
1775 560 2016 628 seipsum
2048 567 2096 624 Λ

1630 442 1997 506 ΜΑΤΤΗίΕῐ
2039 449 2470 513 ΒιΛΒΤΑΒΙὸ

3557 469 3676 536 1332

2204 566 2264 618 '0
2293 567 2351 619 δὲ
2383 566 2460 622 κδ’
2470 587 2483 598 ο
2536 571 2736 632 Λαῖκὸς
2769 573 2959 625 ἑαυτὸν
2997 575 3442 646 ἀκρωτηριάσας,
3484 585 3558 646 εἰς
3587 589 3670 658 ἔτη

452 621 748 688 mutilavit,
804 627 981 684 tribus
1030 635 1189 690 annis
1246 653 1585 710 segregetur,
1641 621 1770 717 quia
1803 621 1891 705 es't
1925 655 2016 707 sui

452 711 626 745 hut...
663 716 1104 745 ..ευ....;...ε,ιε...Δ
1175 728 1214 745 η
1299 741 1308 745 -
1677 740 1688 745 -
1815 743 1823 745 -

2128 657 2474 726 ἁφοριζέσθω
2519 661 2664 728 τρία,
2716 661 2793 725 ὡς
2841 621 3124 730 ἐπίϐουλος
3152 621 3254 738 τιτςέ
3281 621 3473 725 ἑαυτοῦ
3505 621 3667 745 (eoi;

451 711 627 781 ipsius
663 716 786 771 vita:
815 717 1125 781 insidiator.
1173 728 1466 798 Prmterea,
1518 751 1640 791 cum
1677 740 1730 793 in
1777 743 2020 798 virorum

450 811 700 859 naturam
729 806 872 864 Deus
903 811 1054 882 ipsos
1083 817 1364 887 lormavit,
1394 825 1448 878 in
1479 827 1645 881 aliam
1677 830 1745 884 ab
1773 847 1836 886 ea
1867 847 2025 902 pror-

449 910 546 949 sus
590 896 868 956 diversam
919 917 1042 960 sese
1089 911 1592 972 transformarunt:
1624 919 1698 975 ita
1735 929 1794 975 ut
1847 896 2024 993 neque

449 987 551 1040 viri
585 988 718 1066 sint,
745 991 874 1060 quia
908 998 1230 1055 seminalem
1267 1006 1476 1073 pariter
1507 1023 1571 1063 ac
1622 1014 2019 1081 generatricem

450 1075 762 1133 facultatem
817 1083 1175 1154 abiecerunt,
1235 1107 1413 1163 neque
1453 1075 1690 1165 feminae,
1744 1101 1876 1172 quia
1909 1119 2021 1160 non

447 1167 649 1221 habent
675 1174 1009 1238 parturiendi
1042 1186 1318 1236 naturam.

516 1257 714 1312 Eadem
747 1263 908 1317 etiam
939 1270 1227 1325 constituit
1261 1287 1276 1326 ι
1306 1287 1430 1344 syn.
1461 1277 1487 1332 l
1520 1291 1651 1337 can.
1686 1301 1698 1336 :
1733 1281 2017 1350 nimirum,

447 1357 504 1402 ut
535 1350 626 1418 qui
656 1365 685 1404 a
721 1354 948 1412 medicis
981 1357 1036 1412 in
1074 1363 1269 1418 morbo
1296 1365 1541 1434 excisus,
1576 1371 1660 1424 vel
1692 1387 1725 1427 a
1760 1373 2018 1431 barbaris

446 1437 776 1506 genitalibus
829 1447 1094 1506 membris
1133 1452 1401 1523 privatur,
1445 1471 1476 1511 e
1514 1457 1664 1514 clero
1722 1476 1829 1516 non
1869 1462 2020 1518 exci-

447 1530 579 1597 dat;
622 1533 934 1606 quicunque
966 1549 1171 1608 autem,
1199 1559 1322 1600 cum
1371 1559 1518 1604 esset
1546 1567 1734 1618 sanus,
1762 1570 1826 1609 ex
1861 1554 2019 1608 indu-

449 1622 585 1676 stria
622 1624 863 1692 seipsum
921 1635 1191 1698 exsecuit,
1220 1653 1326 1690 non
1359 1643 1520 1695 modo
1560 1641 1613 1695 in
1645 1646 2014 1699 sacerdotium

451 1730 560 1768 non
595 1726 907 1787 cooptetur,
950 1724 1044 1778 sed
1077 1727 1240 1782 etiam
1279 1729 1334 1782 in
1383 1733 1530 1786 clero
1573 1736 1896 1802 recensitos,
1923 1738 2016 1806 eji-

443 1805 672 1872 ciatur;
725 1809 804 1864 illi
840 1823 1023 1867 autem
1085 1817 1138 1869 in
1200 1819 1406 1873 clerum
1438 1824 1822 1891 admittuntur,
1859 1805 2012 1896 quia

444 1897 697 1955 barbaris
732 1903 814 1957 vel
877 1904 1115 1963 dominis
1157 1921 1288 1965 sunt
1341 1915 1586 1982 castrati,
1625 1918 1669 1972 si
1731 1934 1850 1973 eam
1895 1935 2017 1990 qua:

442 1992 752 2047 sacerdotio
781 1999 1053 2064 convenit,
1081 2001 1246 2056 vitam
1285 2008 1557 2070 prosecuti
1587 2010 1720 2064 sint.

514 2083 715 2155 Synodi
755 2102 884 2143 vero
913 2104 928 2142 ι
959 2100 1014 2146 et
1044 2107 1082 2147 ιι
1105 2092 1264 2150 dictae
1294 2097 1328 2152 8
1351 2113 1529 2154 canon
1579 2117 1730 2167 eum,
1753 2105 1846 2174 qui
1874 2106 2010 2161 alios

442 2187 665 2231 exsecat
719 2181 1005 2251 (tanquam
1055 2184 1150 2240 Dei
1209 2188 1432 2256 opilicio
1469 2192 1725 2262 iniuriam
1755 2195 2012 2268 faciens),

441 2268 555 2323 sive
587 2271 824 2339 propriis
880 2276 1158 2342 manibus,
1203 2280 1318 2334 sive
1347 2281 1498 2352 jussu
1529 2323 1545 2350 ,
1583 2286 1629 2340 si
1666 2287 1737 2342 sit
1786 2289 2008 2358 quidem

441 2361 699 2426 clericus,
737 2365 937 2433 deponi
967 2368 1164 2436 jubet,
1204 2372 1288 2426 sin
1327 2389 1454 2429 vero
1486 2376 1682 2443 laicus,
1710 2381 2007 2450 segregari;

442 2453 545 2506 nisi
585 2457 809 2511 morbus
849 2459 1010 2514 alicui
1052 2461 1299 2519 incidens
1355 2482 1475 2520 eum
1517 2470 1582 2523 ad
1641 2474 2006 2526 exsecandum

442 2553 799 2610 aegrotantem
855 2553 1112 2620 coegerit.
1166 2555 1351 2623 Neque
1403 2559 1548 2613 enim
1603 2562 2008 2620 condemnandi

444 2649 571 2692 sunt
598 2643 934 2710 sacerdotes,
963 2649 1055 2715 qui
1086 2650 1281 2706 morbo
1311 2651 1624 2709 laborantes
1657 2658 1886 2712 castrari
1911 2658 2006 2727 jn-

443 2727 572 2784 bcnt
598 2750 608 2780 :
635 2747 814 2802 neque
843 2735 988 2801 laici,
1020 2741 1116 2808 qui
1147 2743 1388 2813 propriis
1419 2747 1676 2803 manibus
1698 2748 1765 2802 ad
1792 2759 2007 2805 castra-

446 2816 648 2874 tionem
698 2833 945 2880 utuntur.
996 2828 1109 2885 Hoc
1138 2833 1283 2886 enim
1340 2834 1514 2889 morbi
1547 2852 1668 2892 esse
1711 2839 2004 2906 medelam,

443 2925 550 2963 non
592 2922 773 2968 autem
831 2927 1100 2973 creaturae
1159 2923 1388 2981 insidias
1430 2927 1571 2992 ﬁeri,
1615 2929 1696 2984 vel
1725 2929 2004 2999 opiﬁcium

442 3000 641 3069 injuria
678 3005 814 3061 allici
853 3009 1256 3069 existimamus.

517 3095 646 3153 Vide
673 3100 837 3155 etiam
869 3101 924 3156 in
947 3103 1014 3158 l9
1039 3120 1162 3176 cap.
1193 3107 1387 3165 litterae
1409 3112 1470 3178 Γ,
1495 3114 1710 3185 synodi.
1727 3130 1779 3170 vt
1803 3128 1924 3171 can.
1947 3117 2004 3172 5.

1044 3287 1204 3360 [38
1227 3289 1405 3361 Leges.

511 3373 776 3432 iubemus
807 3387 866 3432 ut
916 3381 1098 3436 nullus
1135 3383 1418 3442 Romanus
1452 3397 1752 3456 castretur,
1783 3407 1851 3445 ne
1881 3393 2007 3461 qui-

443 3465 564 3519 dem
597 3479 750 3522 estra
795 3469 1105 3527 Romanum
1161 3477 1363 3543 solum,
1404 3488 1459 3534 et
1496 3489 1554 3535 ut
1591 3483 1776 3538 nullus
1809 3485 2010 3538 Roma-

442 3571 570 3610 num
620 3569 917 3614 castratum
970 3573 1118 3638 emat
1155 3583 1168 3619 :
1203 3567 1294 3621 sed
1333 3577 1387 3623 et
1415 3585 1562 3636 eum,
1587 3574 1679 3641 qui
1724 3575 2006 3640 castravit,

440 3659 494 3702 et
548 3664 673 3704 eum
728 3653 819 3720 qui
855 3654 1004 3716 emit,
1047 3665 1101 3710 et
1137 3658 1508 3730 tabellionem,
1538 3673 1593 3718 et
1631 3665 2008 3733 publicanum,

441 3743 538 3808 qui
580 3742 858 3812 Vectigalis
916 3746 1122 3817 aliquid
1177 3765 1277 3819 pro
1316 3765 1384 3807 eo
1437 3757 1668 3826 accepit,
1701 3757 2008 3827 puniendos

441 3848 583 3888 esse.
619 3834 857 3891 Barbara
909 3848 1090 3894 autem
1139 3843 1433 3914 mancipia,
1459 3861 1584 3918 qua:
1613 3859 1768 3904 extra
1799 3848 2007 3905 Itoma-

447 3941 575 3979 nnm
605 3928 781 3981 solum
833 3940 1168 3999 castrantur,
1196 3933 1356 3990 liceat
1398 3939 1655 3995 omnibus
1685 3943 2008 3997 mercatori-

445 4018 545 4070 lms
573 4027 625 4070 et
654 4033 836 4075 emere
850 4011 917 4077 ἐι
940 4025 1193 4082 vendere.
1221 4025 1278 4083 Si
1311 4030 1433 4098 quis
1478 4046 1669 4088 servus
1694 4049 1722 4088 a
1757 4035 1915 4091 nobis
1939 4035 2012 4089 sit

445 4119 739 4175 castratos,
771 4114 952 4169 statim
989 4115 1064 4170 illi
1096 4118 1404 4177 libertatem
1433 4122 1579 4190 dari,
1610 4123 1738 4180 licet
1763 4125 1832 4181 ob
1864 4141 2012 4181 mor-

446 4201 572 4254 bum
605 4213 890 4260 castratos.
913 4206 1036 4262 fuit.

513 4293 616 4360 Qui
647 4295 720 4350 ob
754 4297 1085 4369 voluptatem
1138 4303 1221 4358 vel
1263 4315 1627 4363 mercaturam
1660 4309 1880 4380 aliquos
1913 4325 2009 4366 ca-

441 4387 662 4450 strat,si
692 4389 762 4444 sit
791 4391 1008 4459 quidem
1041 4394 1266 4461 nobilis,
1295 4397 1434 4453 bona
1463 4399 1582 4469 ejus
1609 4401 1962 4472 pubiicantur
1992 4419 2008 4467 ;

370 4516 373 4518 .
446 4475 692 4543 plebeius
729 4493 857 4532 vero
886 4480 1068 4549 gladio
1097 4493 1152 4537 et
1184 4483 1372 4538 bestiis
1400 4487 1681 4556 objicitur.

516 4567 860 4637 Imperatoris
913 4587 1042 4624 vero
1087 4572 1286 4629 Leonis
1336 4574 1614 4648 Sapientis
1648 4580 1861 4636 novella
1909 4595 2008 4636 eu-
2049 4586 2089 4640 ι)

444 4662 711 4729 nnchnm,
737 4665 831 4730 qui
863 4664 1103 4732 legitime
1137 4669 1350 4724 mulieri
1391 4673 1747 4729 matrimonio
1776 4673 2012 4744 conjun-

445 4754 611 4820 gitur,
661 4757 1013 4812 scortationis
1053 4773 1228 4827 poenas
1271 4761 1469 4831 subjici
1512 4761 1711 4831 jubet,
1739 4771 1792 4820 et
1823 4779 2013 4819 sacer-

445 4843 650 4907 dotem,
703 4847 795 4914 qui
846 4846 1073 4915 prolane
1109 4849 1263 4903 illum
1319 4851 1620 4920 copulavit,
1681 4853 2012 4909 sacerdotali

443 4934 711 5006 dignitate
745 4938 946 5003 privari
981 4957 994 4993 :
1027 4940 1491 5009 permittitautem
1521 4943 1811 5009 eunuchis,
1843 4959 2013 5014 quos-

447 5043 665 5097 cunque
694 5031 886 5087 volunt
925 5033 1185 5102 adoptare
1229 5041 1286 5088 et
1311 5033 1369 5088 in
1408 5034 1644 5090 ﬁliorum
1676 5045 1883 5092 sortem
1911 5038 2015 5092 eli-

446 5135 593 5192 gere.

739 5211 892 5266 CAP.
923 5211 1142 5268 XXXV.
1170 5215 1246 5268 De
1267 5232 1477 5279 precum
1504 5220 1709 5276 ordine.

517 5304 966 5376 Septuagesimus
1001 5307 1228 5374 quintus
1249 5319 1416 5364 sextae
1444 5313 1636 5382 synodi
1675 5329 1873 5380 canon,
1904 5316 2018 5369 vult

447 5405 509 5450 ut
536 5397 630 5466 qui
665 5395 720 5451 in
772 5394 1005 5451 ecclesia
1045 5406 1340 5465 precantur
1371 5409 1425 5454 et
1447 5403 1710 5469 psallunt,
1733 5417 1837 5457 non
1869 5403 2020 5458 inor-

445 5487 619 5542 dinati
675 5487 978 5553 accedant,
1013 5503 1184 5558 neque
1265 5488 1505 5547 intentas
1565 5494 1816 5550 emittant
1871 5495 2020 5550 voci-

445 5579 771 5647 ferationes,
801 5579 898 5636 sed
959 5593 1085 5634 cum
1145 5581 1384 5636 contrito
1435 5584 1637 5651 corde,
1667 5595 1722 5640 et
1774 5587 2019 5642 moribus

447 5671 769 5741 compositis
795 5713 811 5738 ,
842 5682 897 5727 et
933 5673 1130 5728 mentis
1180 5675 1503 5740 attentione,
1550 5691 1738 5745 preces
1779 5686 1834 5732 et
1875 5678 2019 5746 psal-

448 5763 667 5818 modias
730 5776 1035 5834 peragant:
1095 5765 1240 5820 unde
1281 5775 1335 5819 et
1394 5767 1626 5824 internis
1664 5770 1910 5825 moribus
1963 5783 2016 5827 et

453 5861 680 5915 externa
750 5855 932 5928 specie
991 5855 1089 5916 Dei
1142 5856 1528 5915 misericordia
1583 5861 1640 5916 in
1698 5872 2016 5933 peccatores

2126 747 2301 812 άλλως
2349 767 2407 804 τι
2459 754 2553 805 καὶ
2592 755 2673 816 εἰς
2726 755 2939 824 ἀνδρῶν
2981 759 3142 824 φύσιν
3171 763 3265 814 τοῦ
3299 765 3434 817 Θεοῦ
3471 769 3668 834 τούτους

2122 839 2648 912 δημιουργήσαντος,
2679 847 2760 908 εἰς
2807 847 3001 916 ἑτέραν
3031 850 3320 905 ἀλλόκοτον
3364 856 3516 909 αὐτοί⁵
3555 861 3667 912 ian-

2123 930 2250 994 τοὺς
2281 935 2775 1003 μιταπλάττουσιν,
2810 937 2951 993 ὥστε
2999 942 3138 1010 μήτε
3170 944 3369 1014 ἄνδρας
3395 945 3548 1009 εἰναι,
3587 955 3666 1006 καὶ

2124 1027 2508 1095 σπερματικὴν
2537 1028 2632 1080 καὶ
2657 1029 2751 1082 τοῦ
2781 1031 2969 1096 ὁμοίου
2997 1034 3286 1103 γενετικήν
3308 1036 3534 1107 δύναμιν
3551 1042 3665 1092 ἀπο-
3699 1038 3705 1043 ’

2122 1113 2476 1186 ϐεϐληκότας,
2516 1119 2656 1188 μήτε
2704 1125 2985 1190 γυναῖκας,
3019 1123 3214 1193 οὐγὰρ
3261 1126 3464 1181 τίκτειν
3504 1129 3663 1201 ἔχουσι

2123 1220 2307 1272 φυσιν.

2191 1297 2275 1350 Τά
2302 1297 2442 1352 αὐτὰ
2472 1299 2570 1351 καὶ
2594 1300 2624 1352 ό
2648 1298 2697 1353 α’
2719 1301 2819 1369 τῆς
2845 1302 2901 1355 α’
2923 1305 3143 1358 συνόδου
3167 1305 3352 1360 κανὼν
3373 1307 3662 1378 διορίζεται,

2118 1390 2211 1444 τὸν
2249 1391 2307 1442 ὲν
2355 1390 2495 1461 νόσῳ
2534 1391 2640 1446 ὐπὸ
2699 1393 2901 1463 ἰατρῶν
2959 1399 3446 1467 χειρουργηθέντα,
3493 1401 3525 1469 ἦ
3575 1403 3663 1455 imi

2121 1479 2412 1552 βαρϐάρων
2443 1483 2552 1536 τῶν
2584 1485 2921 1552 παιδογόνων
2951 1489 3155 1558 μορίων
3180 1491 3557 1560 ἀφαιρεθέντα,
3579 1494 3660 1545 τοῦ

2119 1574 2320 1644 κλήρου
2362 1574 2437 1642 μὴ
2474 1576 2820 1629 διαπίπτεινο
2851 1579 3000 1641 ὅστις
3042 1597 3106 1647 γε
3139 1581 3215 1649 μὴ
3256 1583 3530 1647 ὑγιαίνων,
3555 1586 3661 1638 ἐπί-

2117 1664 2277 1732 τηδες
2319 1664 2572 1734 ἐξέτεμεν
2606 1667 2822 1733 ἑαυτὸν,
2858 1671 3048 1723 τοῦτον
3098 1671 3174 1741 μὴ
3203 1673 3287 1726 ὅτι
3326 1673 3658 1742 κληροῦσθαι,

2119 1757 2254 1810 ἀλλὰ
2278 1758 2468 1826 καὶτῷ
2496 1758 2683 1828 κλήρῳ
2709 1760 3115 1829 ἐξεταζόμενον,
3139 1763 3457 1826 ἔξωθεῑσθαι
3475 1780 3489 1793 ’
3517 1782 3661 1834 προσ-

2121 1847 2296 1902 ίεσθαι
2321 1848 2378 1901 δὲ
2402 1851 2482 1912 εἰς
2509 1849 2709 1920 κλῆρον
2736 1853 2864 1914 τοὺς
2894 1853 3002 1905 ὐπὸ
3027 1853 3324 1924 βαρϐάρων
3348 1856 3382 1923 ἦ
3410 1854 3658 1908 δεσποτῶν

2118 1940 2584 2009 εὐνουχισθέντας,
2617 1944 2667 1994 εἰ
2693 1943 3061 2011 συμϐαίνοντα
3080 1947 3148 2014 τῇ
3180 1945 3448 2016 ἱερωσύνῃ
3476 1947 3562 1998 καὶ
3585 1948 3659 1998 τὸν

2116 2029 2232 2098 βίον
2261 2030 2539 2099 μετιόντες
2560 2026 2693 2085 εἶεν.

2194 2121 2252 2174 '0
2283 2121 2338 2172 δὲ
2369 2121 2466 2190 τῆς
2513 2121 2816 2190 λεγομένης
2864 2121 2914 2176 α’
2945 2124 3038 2176 καὶ
3085 2122 3132 2194 β’
3161 2124 3380 2178 συνόδου
3427 2124 3595 2178 κανὼν
3615 2125 3658 2194 η’

2111 2213 2206 2265 καὶ
2239 2213 2326 2264 τὸν
2353 2212 2576 2283 ἑτέρους
2619 2213 2973 2283 ἐκτέμνοντα,
3024 2216 3098 2278 ὡς
3143 2215 3243 2284 τῆς
3288 2215 3384 2268 τοῦ
3424 2215 3552 2268 Θεοῦ
3581 2218 3655 2284 δη-

2113 2303 2406 2373 μιουργίας
2440 2303 2720 2373 ὑϐριστὴν,
2775 2305 2888 2357 εῐτε
2922 2307 3270 2377 αὐτοχειρίᾳ,
3307 2307 3417 2360 εἴτε
3458 2307 3518 2370 ἐξ
3555 2309 3653 2360 ἐπι·

2108 2397 2409 2464 τάγματος,
2443 2395 2703 2465 κληρικδν
2729 2397 2828 2465 μὲν
2875 2396 3002 2449 ὅντα
3031 2397 3416 2466 καθαιρεῖσθαι
3442 2398 3649 2462 κελεύει,

2108 2486 2293 2539 λαϊκδν
2321 2487 2378 2538 δὲ
2423 2485 2784 2556 ἀφορίζεσθαι
2805 2502 2820 2515 ⁸
2857 2487 2905 2539 εἰ
2937 2487 3121 2555 μήπου
3146 2487 3364 2556 νόσημά
3390 2504 3493 2541 τινι
3512 2503 3654 2556 προσο

2109 2579 2276 2630 πεσὸν
2317 2577 2458 2648 προς
2483 2577 2580 2647 τὴν
2609 2579 2849 2647 ἐκτομὴν
2869 2577 2964 2630 τοῦ
2988 2578 3319 2640 πεπονθότος
3340 2579 3650 2648 ἠνάγκασεν·

2107 2668 2231 2721 οὔτε
2263 2670 2372 2739 γὰρ
2407 2669 2590 2737 ιερέας
2610 2670 2916 2738 αἰτιατέον,
2947 2673 3059 2732 τοῖς
3103 2669 3356 2723 νοσοῦσιν
3401 2671 3458 2735 ἐξ
3487 2673 3653 2724 ὲπιτάο

2108 2778 2316 2832 γματος
2367 2761 2696 2830 ἐφιστάντας
2753 2761 2844 2814 τὸν
2903 2762 3324 2832 εὐνουχίζοντα,
3394 2761 3508 2814 οὔτε
3557 2762 3652 2827 μὴν

2109 2852 2332 2914 λαῐκοὺς
2359 2852 2676 2924 αὐτοχειρίᾳ
2707 2853 3024 2922 χρωμένους
3045 2868 3059 2883 °
3087 2852 3248 2906 τοῦτο
3293 2852 3402 2922 γὰρ
3433 2852 3652 2922 ἰατρείαν

2106 2943 2203 2997 τοῦ
2233 2945 2560 3014 νοσήματος,
2604 2945 2717 2997 ἀλλ’
2747 2946 2850 2997 οὐκ
2878 2943 3170 3016 ἐπιϐουλήν
3194 2943 3294 2998 τοῦ
3333 2943 3651 3012 πλάσματος,

2107 3037 2141 3108 ἢ
2171 3037 2273 3104 τῆς
2306 3037 2554 3102 πλάσεως
2582 3037 2738 3108 ὐϐριν
2758 3037 3114 3108 λογιζόμεθα.

2181 3127 2342 3198 Ζήτει
2375 3128 2470 3180 καὶ
2491 3129 2547 3179 ἐν
2576 3126 2652 3198 τῷ
2679 3127 2742 3180 ιϐ’
2769 3144 2892 3196 κεφ.
2918 3125 3012 3180 τοῦ
3039 3127 3079 3180 Γ
3107 3126 3377 3198 στοιχείου
3411 3125 3595 3178 κανόνα
3613 3130 3650 3174 ε’

2032 3239 2076 3302 C
2109 3218 2208 3290 τῆς
2235 3217 2287 3285 ς’
2324 3219 2568 3273 συνόδου.

2793 3310 3001 3378 Νόμοι.

2185 3400 2492 3468 Κελεύομεν
2517 3399 2720 3468 μηδένα
2761 3397 3045 3469 Ῥωμαίιιιν
3077 3397 3495 3468 εὐνουχίζεσθαι,
3529 3397 3652 3466 μηδι

2113 3489 2218 3555 ἔξω
2245 3491 2354 3542 τῶν
2394 3489 2679 3558 Ῥωμαίων
2709 3489 2834 3557 γῆς,
2868 3489 3001 3558 μηδὲ
3035 3489 3330 3558 ἀγοράζειν
3360 3488 3548 3557 μηδένα
3573 3488 3652 3538 τὸν

2111 3565 2523 3652 εὖνουχισθέντα
2556 3581 2829 3650 Ῥωμαῖον
2846 3597 2861 3612 ·
2888 3567 3023 3634 άλλᾶ
3045 3580 3248 3633 καὶτὸν
3269 3580 3649 3648 εὐνουχίσαντα,

2113 3675 2210 3727 καὶ
2238 3675 2326 3726 τὸν
2359 3672 2726 3742 ἀγοράσαντα,
2760 3671 2854 3724 καὶ
2893 3672 2984 3723 τὸν
3016 3671 3539 3740 σύμϐολαιογράφον,
3566 3669 3646 3722 καί

2110 3766 2202 3820 τὸν
2238 3764 2477 3834 τελώνην
2511 3765 2598 3817 τὸν
2627 3764 2999 3833 κομισάμενον
3028 3763 3180 3824 τέλος
3209 3779 3262 3815 τι
3293 3765 3433 3832 ὑπὲρ
3461 3761 3648 3822 τούτου,

2112 3853 2508 3923 τιμωρεῖσθαι·
2563 3853 2631 3905 τὰ
2676 3851 2732 3906 δὲ
2793 3845 2897 3916 ἔξω
2951 3851 3046 3904 τοῦ
3101 3850 3412 3920 Ῥωμαϊκοῦ
3451 3849 3649 3916 ἐδάφους

2113 3946 2532 4016 εὐνουχιζόμενα
2579 3944 2886 4015 ἀνδράποδα
2965 3945 3212 4017 βάρϐαρα
3267 3944 3466 4010 ἐξεῖναι
3511 3945 3650 3996 πᾶσιν

2114 4040 2378 4110 ἐμπόροις
2425 4037 2717 4107 ἀγοράζειν
2755 4055 2816 4090 τε
2864 4041 2957 4091 καὶ
2993 4038 3329 4109 πιπράσκειν
3355 4055 3368 4070 ο
3403 4038 3466 4091 ἂν
3505 4037 3555 4090 δέ
3582 4053 3651 4097 τις

2115 4134 2248 4202 παρ’
2278 4135 2431 4204 ἡμῖν
2475 4133 2794 4203 εὐνουχισθῇ
2853 4131 3057 4196 δοῦλος,
3114 4133 3314 4186 αὐτίκα
3361 4129 3528 4198 τούτῳ
3570 4129 3650 4196 τὴν

2116 4222 2428 4293 ἐλευθερίαν
2453 4222 2710 4282 δίδοσθαι,
2741 4222 2846 4275 κᾶν
2867 4222 2954 4274 διὰ
2982 4223 3137 4274 νόσον
3159 4221 3499 4290 εὐνουχισθῇ.

2196 4317 2259 4369 '0
2289 4316 2357 4370 δι’
2383 4315 2575 4387 ἡδονὴν
2601 4315 2634 4386 ἢ
2659 4317 2928 4385 ἐμπορίαν
2946 4313 3258 4383 εὐνουχίσας
3284 4313 3426 4374 τινά,
3457 4307 3651 4378 εὐγενὴς

2119 4408 2218 4480 μὶν
2257 4409 2354 4472 ὢν,
2384 4407 2719 4478 δημεύεται·
2761 4405 2982 4475 εὐτελὴς
3025 4405 3104 4470 δὲ,
3151 4405 3295 4473 ξίφει
3340 4405 3433 4457 καὶ
3476 4403 3652 4472 θηρίοις

2119 4501 2501 4556 ὑποϐάλλεται.
3507 4586 3542 4592 _
3630 4581 3645 4592 ~

2196 4593 2265 4646 Ἦ
2309 4592 2366 4646 δὲ
2417 4589 2587 4661 νεαρὰ
2637 4591 2732 4644 τοῦ
2772 4589 3035 4661 βασιλέως
3084 4589 3314 4650 Λέοντος
3361 4587 3455 4639 τοῦ
3507 4586 3651 4648 Σοφοῡ

2116 4685 2207 4739 τὸν
2245 4683 2467 4753 γυναικὶ
2511 4682 2661 4754 νόμῳ
2691 4683 2870 4752 γάμου
2916 4682 3256 4751 συναφθέντα
3303 4679 3566 4747 εὐνοῦχον,
3598 4677 3649 4741 τῇ

2117 4776 2217 4846 τῆς
2245 4775 2502 4844 πορνείας
2535 4773 2856 4826 ὑποκεῖσθαι
2901 4772 3120 4826 κολάσει
3176 4761 3410 4832 κελεύει,
3453 4767 3540 4820 καὶ
3579 4763 3652 4814 τὸν

2119 4869 2351 4940 ἀνιέρως
2395 4867 2819 4938 συναρμόσαντα
2863 4865 3013 4935 ίερέα
3067 4864 3168 4933 τῆς
3199 4859 3487 4958 ἱερατικῆς
3519 4857 3650 4958 didii}

2119 4957 2568 5028 ἀπογυμνοῦσθαι
2589 4973 2604 4988 ο
2634 4957 2820 5026 ἐφίησι
2854 4955 2911 5008 δὲ
2951 4957 3062 5014 τοῖς
3104 4953 3404 5022 εὐνούχοις,
3436 4950 3525 5010 οὓς
3553 4948 3652 5017 βού-

2118 5049 2301 5106 λονται
2333 5052 2614 5115 εἰσποιεῖν,
2647 5050 2739 5103 καὶ
2768 5050 2848 5114 εἰς
2879 5050 3074 5119 μοῖραν
3109 5046 3327 5100 τάττειν
3355 5043 3504 5096 υἰῶν.

2335 5227 2584 5282 ΚΕΦΔΛ.
2617 5224 2908 5294 ΛΕἏΠερί
2943 5224 3140 5294 εὐχῶν
3167 5227 3472 5292 εὐταξίας.

2203 5322 2263 5374 '0
2289 5320 2362 5374 oe'
2388 5320 2487 5388 τῆς
2527 5325 2580 5382 ς’
2607 5318 2828 5371 συνόδου
2865 5318 3046 5372 κανὼν
3085 5319 3211 5380 τοὺς
3271 5317 3579 5387 εὐχομένους
3607 5315 3653 5366 ὲν

2121 5409 2388 5482 ἐκκλησίᾳ
2443 5411 2537 5462 καὶ
2579 5408 2882 5478 ψάλλοντας
2947 5407 3023 5478 μὴ
3083 5408 3355 5470 ἀτάκτους
3397 5406 3650 5478 προῖεσθσι

2123 5504 2216 5555 καὶ
2245 5499 2640 5570 ἐπιτεταμένας
2673 5501 3001 5569 ἐπισκήπτει
3033 5499 3236 5568 φωνάς,
3266 5500 3386 5553 ἀλλ’
3413 5501 3468 5554 ὲν
3499 5511 3655 5551 συντε-

2122 5593 2396 5665 τριμμένῃ
2422 5593 2656 5664 ’καρδίᾳ,
2691 5593 2785 5645 καὶ
2827 5592 2950 5661 ήθει
2985 5593 3427 5663 κατεσταλμένῳ,
3463 5593 3548 5646 καὶ
3571 5587 3648 5642 νοῦ

2123 5688 2363 5756 προσοχῇ
2395 5685 2493 5748 τὰς
2535 5684 2700 5754 εὐχὰς
2747 5684 3016 5739 ποιεῖσθαι
3053 5684 3146 5738 καὶ
3174 5685 3505 5757 ψαλμιρδίας,
3531 5676 3652 5751 ὲφίἷι

2121 5777 2199 5847 τῷ
2236 5794 2294 5829 τε
2322 5775 2474 5839 ἐντὸς
2511 5774 2653 5844 ἤθει,
2697 5775 2792 5828 καὶ
2813 5774 2894 5844 τῷ
2919 5775 3076 5837 ἐκτὸς
3113 5775 3264 5841 εἴδει,
3301 5773 3404 5828 τοῦ
3424 5774 3546 5828 Θεοῦ
3577 5775 3650 5825 τὸν

2123 5869 2270 5922 ἐλεον
2291 5867 2382 5920 ἐπὶ
2407 5867 2515 5931 τοῖς
2538 5866 2952 5938 ἡμαρτημένοις
2985 5865 3233 5923 ἑλκύσαι.
3267 5865 3520 5929 Εὐλαϐεἴς
3544 5863 3650 5934 γὰρ,
