  <div class='ocr_page' id='page_1' title='image "/cluster/home/n/w/nwhite01/storage/ocr_20150623/144/hvd.32044019208339/675.png"; bbox 0 0 3918 6558; ppageno 0'>
   <div class='ocr_carea' id='block_1_1' title="bbox 493 426 630 491">
    <p class='ocr_par' dir='ltr' id='par_1_1' title="bbox 493 426 630 491">
     <span class='ocr_line' id='line_1_1' title="bbox 493 426 630 491; baseline 0.007 -1"><span class='ocrx_word' id='word_1_1' title='bbox 493 426 630 491; x_wconf 76' lang='grc'><strong>1335</strong></span> 
     </span>
    </p>
   </div>
   <div class='ocr_carea' id='block_1_2' title="bbox 1693 444 2539 521">
    <p class='ocr_par' dir='ltr' id='par_1_2' title="bbox 1693 444 2539 521">
     <span class='ocr_line' id='line_1_2' title="bbox 1693 444 2539 521; baseline 0.013 -11"><span class='ocrx_word' id='word_1_2' title='bbox 1693 444 2066 511; x_wconf 71' lang='grc' dir='ltr'><strong>ΜΑΤΤΗΛΞΙ</strong></span> <span class='ocrx_word' id='word_1_3' title='bbox 2110 452 2539 521; x_wconf 80' lang='lat' dir='ltr'><strong>BLASTARIS</strong></span> 
     </span>
    </p>
   </div>
   <div class='ocr_carea' id='block_1_3' title="bbox 3593 469 3716 538">
    <p class='ocr_par' dir='ltr' id='par_1_3' title="bbox 3593 469 3716 538">
     <span class='ocr_line' id='line_1_3' title="bbox 3593 469 3716 538; baseline 0.024 -3"><span class='ocrx_word' id='word_1_4' title='bbox 3593 469 3716 538; x_wconf 78' lang='lat'><strong><em>1336</em></strong></span> 
     </span>
    </p>
   </div>
   <div class='ocr_carea' id='block_1_4' title="bbox 481 544 2045 649">
    <p class='ocr_par' dir='ltr' id='par_1_4' title="bbox 481 544 2045 625">
     <span class='ocr_line' id='line_1_4' title="bbox 481 544 2045 625; baseline 0.011 -28"><span class='ocrx_word' id='word_1_5' title='bbox 481 544 717 599; x_wconf 88' lang='lat' dir='ltr'><strong>tioribus</strong></span> <span class='ocrx_word' id='word_1_6' title='bbox 748 546 1098 616; x_wconf 83' lang='lat' dir='ltr'><strong>ordinantur,</strong></span> <span class='ocrx_word' id='word_1_7' title='bbox 1130 560 1187 605; x_wconf 89' lang='lat' dir='ltr'><strong>et</strong></span> <span class='ocrx_word' id='word_1_8' title='bbox 1213 567 1245 606; x_wconf 89' lang='lat' dir='ltr'><strong>a</strong></span> <span class='ocrx_word' id='word_1_9' title='bbox 1277 554 1490 623; x_wconf 79' lang='lat' dir='ltr'><strong>synodo</strong></span> <span class='ocrx_word' id='word_1_10' title='bbox 1543 560 1966 625; x_wconf 85' lang='lat' dir='ltr'><strong>continuantur,</strong></span> <span class='ocrx_word' id='word_1_11' title='bbox 2003 561 2045 614; x_wconf 76' lang='lat' dir='ltr'><strong>in</strong></span> 
     </span>
    </p>
   </div>
   <div class='ocr_carea' id='block_1_5' title="bbox 2149 544 3722 649">
    <p class='ocr_par' dir='ltr' id='par_1_5' title="bbox 2167 552 3722 649">
     <span class='ocr_line' id='line_1_5' title="bbox 2167 552 3722 649; baseline 0.012 -32"><span class='ocrx_word' id='word_1_12' title='bbox 2167 566 2358 631; x_wconf 80' lang='grc' dir='ltr'><strong>μόνας.</strong></span> <span class='ocrx_word' id='word_1_13' title='bbox 2411 569 2470 621; x_wconf 82' lang='grc' dir='ltr'><strong>ὲν</strong></span> <span class='ocrx_word' id='word_1_14' title='bbox 2496 573 2619 634; x_wconf 85' lang='grc' dir='ltr'><strong>ταῖς</strong></span> <span class='ocrx_word' id='word_1_15' title='bbox 2656 571 2854 639; x_wconf 77' lang='grc' dir='ltr'><strong>λιταῖς,</strong></span> <span class='ocrx_word' id='word_1_16' title='bbox 2882 552 3049 644; x_wconf 76' lang='grc' dir='ltr'><strong>φημὶ,</strong></span> <span class='ocrx_word' id='word_1_17' title='bbox 3097 574 3198 645; x_wconf 84' lang='grc' dir='ltr'><strong>τῆς</strong></span> <span class='ocrx_word' id='word_1_18' title='bbox 3230 574 3568 649; x_wconf 83' lang='grc' dir='ltr'><strong>λειτουργίας</strong></span> <span class='ocrx_word' id='word_1_19' title='bbox 3594 582 3722 639; x_wconf 76' lang='grc' dir='ltr'><strong>ἀπά-</strong></span> 
     </span>
    </p>
   </div>
   <div class='ocr_carea' id='block_1_6' title="bbox 481 635 2056 723">
    <p class='ocr_par' dir='ltr' id='par_1_6' title="bbox 481 635 2056 723">
     <span class='ocr_line' id='line_1_6' title="bbox 481 635 2056 723; baseline 0.013 -35"><span class='ocrx_word' id='word_1_20' title='bbox 481 635 922 705; x_wconf 69' lang='lat' dir='ltr'><strong>praafationibus,</strong></span> <span class='ocrx_word' id='word_1_21' title='bbox 948 641 1214 698; x_wconf 86' lang='lat' dir='ltr'><strong>nimirum</strong></span> <span class='ocrx_word' id='word_1_22' title='bbox 1249 661 1428 716; x_wconf 88' lang='lat' dir='ltr'><strong>usque</strong></span> <span class='ocrx_word' id='word_1_23' title='bbox 1453 649 1522 704; x_wconf 87' lang='lat' dir='ltr'><strong>ad</strong></span> <span class='ocrx_word' id='word_1_24' title='bbox 1550 664 1707 706; x_wconf 86' lang='lat' dir='ltr'><strong>sacra</strong></span> <span class='ocrx_word' id='word_1_25' title='bbox 1736 651 2056 723; x_wconf 81' lang='lat' dir='ltr'><strong>Evangelia,</strong></span> 
     </span>
    </p>
   </div>
   <div class='ocr_carea' id='block_1_7' title="bbox 480 729 2062 813">
    <p class='ocr_par' dir='ltr' id='par_1_7' title="bbox 480 729 2062 813">
     <span class='ocr_line' id='line_1_7' title="bbox 480 729 2062 813; baseline 0.013 -33"><span class='ocrx_word' id='word_1_26' title='bbox 480 731 538 780; x_wconf 88' lang='lat' dir='ltr'><strong>in</strong></span> <span class='ocrx_word' id='word_1_27' title='bbox 567 729 1091 789; x_wconf 80' lang='lat' dir='ltr'><strong>catechumenorum</strong></span> <span class='ocrx_word' id='word_1_28' title='bbox 1129 739 1726 807; x_wconf 80' lang='lat' dir='ltr'><strong>commendationibus,</strong></span> <span class='ocrx_word' id='word_1_29' title='bbox 1781 758 1876 813; x_wconf 88' lang='lat' dir='ltr'><strong>per</strong></span> <span class='ocrx_word' id='word_1_30' title='bbox 1924 758 2062 813; x_wconf 83' lang='lat' dir='ltr'><strong>quas</strong></span> 
     </span>
    </p>
   </div>
   <div class='ocr_carea' id='block_1_8' title="bbox 477 820 2060 900">
    <p class='ocr_par' dir='ltr' id='par_1_8' title="bbox 477 820 2060 900">
     <span class='ocr_line' id='line_1_8' title="bbox 477 820 2060 900; baseline 0.011 -28"><span class='ocrx_word' id='word_1_31' title='bbox 477 831 576 874; x_wconf 88' lang='lat' dir='ltr'><strong>eos</strong></span> <span class='ocrx_word' id='word_1_32' title='bbox 630 820 741 875; x_wconf 89' lang='lat' dir='ltr'><strong>Deo</strong></span> <span class='ocrx_word' id='word_1_33' title='bbox 790 826 1182 881; x_wconf 88' lang='lat' dir='ltr'><strong>commendant</strong></span> <span class='ocrx_word' id='word_1_34' title='bbox 1216 831 1573 900; x_wconf 68' lang='lat' dir='ltr'><strong>sacerdotes;</strong></span> <span class='ocrx_word' id='word_1_35' title='bbox 1606 844 1662 889; x_wconf 90' lang='lat' dir='ltr'><strong>et</strong></span> <span class='ocrx_word' id='word_1_36' title='bbox 1705 836 1761 889; x_wconf 91' lang='lat' dir='ltr'><strong>in</strong></span> <span class='ocrx_word' id='word_1_37' title='bbox 1796 850 2060 890; x_wconf 89' lang='lat' dir='ltr'><strong>manuum</strong></span> 
     </span>
    </p>
   </div>
   <div class='ocr_carea' id='block_1_9' title="bbox 479 909 2060 1000">
    <p class='ocr_par' dir='ltr' id='par_1_9' title="bbox 479 909 2060 1000">
     <span class='ocr_line' id='line_1_9' title="bbox 479 909 2060 1000; baseline 0.013 -36"><span class='ocrx_word' id='word_1_38' title='bbox 479 909 954 982; x_wconf 84' lang='lat' dir='ltr'><strong>impositionibus,</strong></span> <span class='ocrx_word' id='word_1_39' title='bbox 980 926 1091 972; x_wconf 89' lang='lat' dir='ltr'><strong>tam</strong></span> <span class='ocrx_word' id='word_1_40' title='bbox 1115 919 1169 974; x_wconf 90' lang='lat' dir='ltr'><strong>in</strong></span> <span class='ocrx_word' id='word_1_41' title='bbox 1202 935 1298 977; x_wconf 85' lang='lat' dir='ltr'><strong>eos</strong></span> <span class='ocrx_word' id='word_1_42' title='bbox 1334 924 1430 993; x_wconf 88' lang='lat' dir='ltr'><strong>qui</strong></span> <span class='ocrx_word' id='word_1_43' title='bbox 1453 926 1687 982; x_wconf 72' lang='lat' dir='ltr'><strong>ordinati</strong></span> <span class='ocrx_word' id='word_1_44' title='bbox 1717 928 2060 1000; x_wconf 88' lang='lat' dir='ltr'><strong>sunt,’quam</strong></span> 
     </span>
    </p>
   </div>
   <div class='ocr_carea' id='block_1_10' title="bbox 480 1002 2063 1090">
    <p class='ocr_par' dir='ltr' id='par_1_10' title="bbox 480 1002 2063 1090">
     <span class='ocr_line' id='line_1_10' title="bbox 480 1002 2063 1090; baseline 0.013 -35"><span class='ocrx_word' id='word_1_45' title='bbox 480 1002 576 1071; x_wconf 92' lang='lat' dir='ltr'><strong>qui</strong></span> <span class='ocrx_word' id='word_1_46' title='bbox 612 1007 988 1073; x_wconf 68' lang='lat' dir='ltr'><strong>paenitentiam</strong></span> <span class='ocrx_word' id='word_1_47' title='bbox 1031 1025 1240 1080; x_wconf 73' lang='lat' dir='ltr'><strong>agunt:</strong></span> <span class='ocrx_word' id='word_1_48' title='bbox 1276 1030 1429 1072; x_wconf 52' lang='lat' dir='ltr'><strong>nova)</strong></span> <span class='ocrx_word' id='word_1_49' title='bbox 1478 1025 1661 1072; x_wconf 88' lang='lat' dir='ltr'><strong>autem</strong></span> <span class='ocrx_word' id='word_1_50' title='bbox 1696 1033 1910 1088; x_wconf 78' lang='lat' dir='ltr'><strong>preces,</strong></span> <span class='ocrx_word' id='word_1_51' title='bbox 1937 1035 2063 1090; x_wconf 70' lang='lat' dir='ltr'><strong>qua:</strong></span> 
     </span>
    </p>
   </div>
   <div class='ocr_carea' id='block_1_11' title="bbox 482 1092 2060 1178">
    <p class='ocr_par' dir='ltr' id='par_1_11' title="bbox 482 1092 2060 1178">
     <span class='ocr_line' id='line_1_11' title="bbox 482 1092 2060 1178; baseline 0.014 -32"><span class='ocrx_word' id='word_1_52' title='bbox 482 1092 552 1148; x_wconf 86' lang='lat' dir='ltr'><strong>ab</strong></span> <span class='ocrx_word' id='word_1_53' title='bbox 574 1094 851 1165; x_wconf 86' lang='lat' dir='ltr'><strong>aliquibus</strong></span> <span class='ocrx_word' id='word_1_54' title='bbox 877 1098 1323 1170; x_wconf 89' lang='lat' dir='ltr'><strong>introducuntur,</strong></span> <span class='ocrx_word' id='word_1_55' title='bbox 1348 1123 1457 1163; x_wconf 92' lang='lat' dir='ltr'><strong>non</strong></span> <span class='ocrx_word' id='word_1_56' title='bbox 1489 1108 1870 1165; x_wconf 87' lang='lat' dir='ltr'><strong>admittantur.</strong></span> <span class='ocrx_word' id='word_1_57' title='bbox 1895 1110 2060 1178; x_wconf 63' lang='lat' dir='ltr'><strong>Quie-</strong></span> 
     </span>
    </p>
   </div>
   <div class='ocr_carea' id='block_1_12' title="bbox 479 1190 2057 1273">
    <p class='ocr_par' dir='ltr' id='par_1_12' title="bbox 479 1190 2057 1273">
     <span class='ocr_line' id='line_1_12' title="bbox 479 1190 2057 1273; baseline 0.013 -35"><span class='ocrx_word' id='word_1_58' title='bbox 479 1199 701 1256; x_wconf 88' lang='lat' dir='ltr'><strong>cunque</strong></span> <span class='ocrx_word' id='word_1_59' title='bbox 734 1190 883 1245; x_wconf 86' lang='lat' dir='ltr'><strong>enim</strong></span> <span class='ocrx_word' id='word_1_60' title='bbox 913 1190 1138 1249; x_wconf 89' lang='lat' dir='ltr'><strong>Patrum</strong></span> <span class='ocrx_word' id='word_1_61' title='bbox 1166 1196 1380 1266; x_wconf 86' lang='lat' dir='ltr'><strong>judicio</strong></span> <span class='ocrx_word' id='word_1_62' title='bbox 1404 1216 1511 1255; x_wconf 91' lang='lat' dir='ltr'><strong>non</strong></span> <span class='ocrx_word' id='word_1_63' title='bbox 1552 1209 1684 1256; x_wconf 91' lang='lat' dir='ltr'><strong>sunt</strong></span> <span class='ocrx_word' id='word_1_64' title='bbox 1730 1203 2057 1273; x_wconf 86' lang='lat' dir='ltr'><strong>approbata,</strong></span> 
     </span>
    </p>
   </div>
   <div class='ocr_carea' id='block_1_13' title="bbox 476 1277 2056 1362">
    <p class='ocr_par' dir='ltr' id='par_1_13' title="bbox 476 1277 2056 1362">
     <span class='ocr_line' id='line_1_13' title="bbox 476 1277 2056 1362; baseline 0.015 -33"><span class='ocrx_word' id='word_1_65' title='bbox 476 1277 708 1333; x_wconf 89' lang='lat' dir='ltr'><strong>dubittm</strong></span> <span class='ocrx_word' id='word_1_66' title='bbox 767 1292 919 1337; x_wconf 90' lang='lat' dir='ltr'><strong>certe</strong></span> <span class='ocrx_word' id='word_1_67' title='bbox 991 1285 1238 1343; x_wconf 83' lang='lat' dir='ltr'><strong>habent:</strong></span> <span class='ocrx_word' id='word_1_68' title='bbox 1288 1290 1477 1362; x_wconf 86' lang='lat' dir='ltr'><strong>itaque</strong></span> <span class='ocrx_word' id='word_1_69' title='bbox 1536 1294 1893 1349; x_wconf 88' lang='lat' dir='ltr'><strong>metuendum</strong></span> <span class='ocrx_word' id='word_1_70' title='bbox 1952 1307 2056 1362; x_wconf 90' lang='lat' dir='ltr'><strong>est,</strong></span> 
     </span>
    </p>
   </div>
   <div class='ocr_carea' id='block_1_14' title="bbox 477 1374 2061 1452">
    <p class='ocr_par' dir='ltr' id='par_1_14' title="bbox 477 1374 2061 1452">
     <span class='ocr_line' id='line_1_14' title="bbox 477 1374 2061 1452; baseline 0.015 -31"><span class='ocrx_word' id='word_1_71' title='bbox 477 1385 567 1433; x_wconf 85' lang='lat' dir='ltr'><strong>ne,</strong></span> <span class='ocrx_word' id='word_1_72' title='bbox 605 1386 729 1440; x_wconf 80' lang='lat' dir='ltr'><strong>quae</strong></span> <span class='ocrx_word' id='word_1_73' title='bbox 750 1374 817 1429; x_wconf 90' lang='lat' dir='ltr'><strong>ad</strong></span> <span class='ocrx_word' id='word_1_74' title='bbox 854 1386 1057 1432; x_wconf 86' lang='lat' dir='ltr'><strong>rectam</strong></span> <span class='ocrx_word' id='word_1_75' title='bbox 1094 1379 1254 1435; x_wconf 77' lang='lat' dir='ltr'><strong>(idem</strong></span> <span class='ocrx_word' id='word_1_76' title='bbox 1296 1383 1486 1443; x_wconf 83' lang='lat' dir='ltr'><strong>minus</strong></span> <span class='ocrx_word' id='word_1_77' title='bbox 1518 1387 1855 1452; x_wconf 89' lang='lat' dir='ltr'><strong>conducunt,</strong></span> <span class='ocrx_word' id='word_1_78' title='bbox 1887 1387 2061 1444; x_wconf 87' lang='lat' dir='ltr'><strong>intro-</strong></span> 
     </span>
    </p>
   </div>
   <div class='ocr_carea' id='block_1_15' title="bbox 482 1461 723 1519">
    <p class='ocr_par' dir='ltr' id='par_1_15' title="bbox 482 1461 723 1519">
     <span class='ocr_line' id='line_1_15' title="bbox 482 1461 723 1519; baseline 0.025 -7"><span class='ocrx_word' id='word_1_79' title='bbox 482 1461 723 1519; x_wconf 83' lang='lat' dir='ltr'><strong>mittant.</strong></span> 
     </span>
    </p>
   </div>
   <div class='ocr_carea' id='block_1_16' title="bbox 548 1643 2055 1729">
    <p class='ocr_par' dir='ltr' id='par_1_16' title="bbox 548 1643 2055 1729">
     <span class='ocr_line' id='line_1_16' title="bbox 548 1643 2055 1729; baseline 0.015 -30"><span class='ocrx_word' id='word_1_80' title='bbox 548 1643 809 1705; x_wconf 84' lang='lat' dir='ltr'><strong>Decimus</strong></span> <span class='ocrx_word' id='word_1_81' title='bbox 842 1666 1020 1709; x_wconf 87' lang='lat' dir='ltr'><strong>nonus</strong></span> <span class='ocrx_word' id='word_1_82' title='bbox 1049 1670 1178 1710; x_wconf 90' lang='lat' dir='ltr'><strong>vero</strong></span> <span class='ocrx_word' id='word_1_83' title='bbox 1237 1660 1433 1729; x_wconf 78' lang='lat' dir='ltr'><strong>synodi</strong></span> <span class='ocrx_word' id='word_1_84' title='bbox 1465 1659 1789 1718; x_wconf 75' lang='lat' dir='ltr'><strong>Laodicenze</strong></span> <span class='ocrx_word' id='word_1_85' title='bbox 1829 1679 2005 1720; x_wconf 76' lang='lat' dir='ltr'><strong>canon</strong></span> <span class='ocrx_word' id='word_1_86' title='bbox 2039 1704 2055 1729; x_wconf 86' lang='lat'><strong>,</strong></span> 
     </span>
    </p>
   </div>
   <div class='ocr_carea' id='block_1_17' title="bbox 475 1735 2055 1827">
    <p class='ocr_par' dir='ltr' id='par_1_17' title="bbox 475 1735 2055 1827">
     <span class='ocr_line' id='line_1_17' title="bbox 475 1735 2055 1827; baseline 0.014 -36"><span class='ocrx_word' id='word_1_87' title='bbox 475 1735 1038 1814; x_wconf 82' lang='lat' dir='ltr'><strong>Cateebumenorum,</strong></span> <span class='ocrx_word' id='word_1_88' title='bbox 1091 1749 1288 1817; x_wconf 86' lang='lat' dir='ltr'><strong>inquit,</strong></span> <span class='ocrx_word' id='word_1_89' title='bbox 1346 1767 1561 1822; x_wconf 86' lang='lat' dir='ltr'><strong>preces,</strong></span> <span class='ocrx_word' id='word_1_90' title='bbox 1613 1764 1666 1809; x_wconf 88' lang='lat' dir='ltr'><strong>et</strong></span> <span class='ocrx_word' id='word_1_91' title='bbox 1717 1771 1909 1811; x_wconf 91' lang='lat' dir='ltr'><strong>eorum</strong></span> <span class='ocrx_word' id='word_1_92' title='bbox 1960 1759 2055 1827; x_wconf 87' lang='lat' dir='ltr'><strong>qui</strong></span> 
     </span>
    </p>
   </div>
   <div class='ocr_carea' id='block_1_18' title="bbox 478 1831 2054 1910">
    <p class='ocr_par' dir='ltr' id='par_1_18' title="bbox 478 1831 2054 1910">
     <span class='ocr_line' id='line_1_18' title="bbox 478 1831 2054 1910; baseline 0.012 -27"><span class='ocrx_word' id='word_1_93' title='bbox 478 1831 860 1898; x_wconf 79' lang='lat' dir='ltr'><strong>paenitentiam</strong></span> <span class='ocrx_word' id='word_1_94' title='bbox 892 1848 1062 1907; x_wconf 74' lang='lat' dir='ltr'><strong>agunt</strong></span> <span class='ocrx_word' id='word_1_95' title='bbox 1103 1841 1362 1909; x_wconf 91' lang='lat' dir='ltr'><strong>primum,</strong></span> <span class='ocrx_word' id='word_1_96' title='bbox 1405 1843 1605 1899; x_wconf 90' lang='lat' dir='ltr'><strong>deinde</strong></span> <span class='ocrx_word' id='word_1_97' title='bbox 1640 1844 1907 1910; x_wconf 81' lang='lat' dir='ltr'><strong>ﬁdelium,</strong></span> <span class='ocrx_word' id='word_1_98' title='bbox 1937 1846 2054 1902; x_wconf 83' lang='lat' dir='ltr'><strong>ﬁeri</strong></span> 
     </span>
    </p>
   </div>
   <div class='ocr_carea' id='block_1_19' title="bbox 476 1932 2057 1995">
    <p class='ocr_par' dir='ltr' id='par_1_19' title="bbox 476 1932 2057 1995">
     <span class='ocr_line' id='line_1_19' title="bbox 476 1932 2057 1995; baseline 0.013 -21"><span class='ocrx_word' id='word_1_99' title='bbox 476 1932 736 1991; x_wconf 83' lang='lat' dir='ltr'><strong>oportet;</strong></span> <span class='ocrx_word' id='word_1_100' title='bbox 794 1940 987 1995; x_wconf 88' lang='lat' dir='ltr'><strong>postea</strong></span> <span class='ocrx_word' id='word_1_101' title='bbox 1019 1932 1154 1989; x_wconf 86' lang='lat' dir='ltr'><strong>solis</strong></span> <span class='ocrx_word' id='word_1_102' title='bbox 1193 1936 1428 1990; x_wconf 87' lang='lat' dir='ltr'><strong>sacratis</strong></span> <span class='ocrx_word' id='word_1_103' title='bbox 1480 1936 1652 1993; x_wconf 89' lang='lat' dir='ltr'><strong>licere</strong></span> <span class='ocrx_word' id='word_1_104' title='bbox 1694 1939 1944 1994; x_wconf 84' lang='lat' dir='ltr'><strong>decernit</strong></span> <span class='ocrx_word' id='word_1_105' title='bbox 1987 1940 2057 1995; x_wconf 86' lang='lat' dir='ltr'><strong>ad</strong></span> 
     </span>
    </p>
   </div>
   <div class='ocr_carea' id='block_1_20' title="bbox 472 2012 2056 2095">
    <p class='ocr_par' dir='ltr' id='par_1_20' title="bbox 472 2012 2056 2095">
     <span class='ocr_line' id='line_1_20' title="bbox 472 2012 2056 2095; baseline 0.014 -29"><span class='ocrx_word' id='word_1_106' title='bbox 472 2012 647 2069; x_wconf 85' lang='lat' dir='ltr'><strong>altare</strong></span> <span class='ocrx_word' id='word_1_107' title='bbox 692 2020 958 2076; x_wconf 83' lang='lat' dir='ltr'><strong>accedere</strong></span> <span class='ocrx_word' id='word_1_108' title='bbox 989 2032 1044 2077; x_wconf 89' lang='lat' dir='ltr'><strong>et</strong></span> <span class='ocrx_word' id='word_1_109' title='bbox 1088 2026 1524 2084; x_wconf 87' lang='lat' dir='ltr'><strong>communicare.</strong></span> <span class='ocrx_word' id='word_1_110' title='bbox 1583 2029 1780 2095; x_wconf 65' lang='lat' dir='ltr'><strong>Quaere</strong></span> <span class='ocrx_word' id='word_1_111' title='bbox 1814 2040 1870 2086; x_wconf 89' lang='lat' dir='ltr'><strong>et</strong></span> <span class='ocrx_word' id='word_1_112' title='bbox 1912 2031 1968 2086; x_wconf 91' lang='lat' dir='ltr'><strong>in</strong></span> <span class='ocrx_word' id='word_1_113' title='bbox 2022 2032 2056 2088; x_wconf 86' lang='lat'><strong>9</strong></span> 
     </span>
    </p>
   </div>
   <div class='ocr_carea' id='block_1_21' title="bbox 474 2109 2056 2195">
    <p class='ocr_par' dir='ltr' id='par_1_21' title="bbox 474 2109 2056 2195">
     <span class='ocr_line' id='line_1_21' title="bbox 474 2109 2056 2195; baseline 0.013 -35"><span class='ocrx_word' id='word_1_114' title='bbox 474 2121 598 2175; x_wconf 87' lang='lat' dir='ltr'><strong>cap.</strong></span> <span class='ocrx_word' id='word_1_115' title='bbox 650 2109 842 2167; x_wconf 75' lang='lat' dir='ltr'><strong>littera:</strong></span> <span class='ocrx_word' id='word_1_116' title='bbox 897 2113 939 2168; x_wconf 86' lang='grc' dir='ltr'>Β</span> <span class='ocrx_word' id='word_1_117' title='bbox 986 2130 1227 2174; x_wconf 84' lang='lat' dir='ltr'><strong>canones</strong></span> <span class='ocrx_word' id='word_1_118' title='bbox 1266 2120 1301 2175; x_wconf 83' lang='lat'><strong>5</strong></span> <span class='ocrx_word' id='word_1_119' title='bbox 1332 2130 1386 2176; x_wconf 86' lang='lat' dir='ltr'><strong>et</strong></span> <span class='ocrx_word' id='word_1_120' title='bbox 1423 2122 1494 2176; x_wconf 74' lang='lat'><strong>20</strong></span> <span class='ocrx_word' id='word_1_121' title='bbox 1527 2122 1720 2193; x_wconf 84' lang='lat' dir='ltr'><strong>synodi</strong></span> <span class='ocrx_word' id='word_1_122' title='bbox 1773 2123 2056 2195; x_wconf 76' lang='lat' dir='ltr'><strong>Gangren-</strong></span> 
     </span>
    </p>
   </div>
   <div class='ocr_carea' id='block_1_22' title="bbox 477 2214 575 2257">
    <p class='ocr_par' dir='ltr' id='par_1_22' title="bbox 477 2214 575 2257">
     <span class='ocr_line' id='line_1_22' title="bbox 477 2214 575 2257; baseline 0.051 -4"><span class='ocrx_word' id='word_1_123' title='bbox 477 2214 575 2257; x_wconf 74' lang='lat' dir='ltr'><strong>sns.</strong></span> 
     </span>
    </p>
   </div>
   <div class='ocr_carea' id='block_1_23' title="bbox 545 2295 2062 2379">
    <p class='ocr_par' dir='ltr' id='par_1_23' title="bbox 545 2295 2062 2379">
     <span class='ocr_line' id='line_1_23' title="bbox 545 2295 2062 2379; baseline 0.008 -29"><span class='ocrx_word' id='word_1_124' title='bbox 545 2295 897 2353; x_wconf 86' lang='lat' dir='ltr'><strong>Centesimus</strong></span> <span class='ocrx_word' id='word_1_125' title='bbox 922 2298 1170 2358; x_wconf 86' lang='lat' dir='ltr'><strong>decimus</strong></span> <span class='ocrx_word' id='word_1_126' title='bbox 1211 2314 1443 2374; x_wconf 83' lang='lat' dir='ltr'><strong>quartus</strong></span> <span class='ocrx_word' id='word_1_127' title='bbox 1469 2321 1634 2377; x_wconf 91' lang='lat' dir='ltr'><strong>porro</strong></span> <span class='ocrx_word' id='word_1_128' title='bbox 1656 2307 2062 2379; x_wconf 64' lang='lat' dir='ltr'><strong>Carthaginemt</strong></span> 
     </span>
    </p>
   </div>
   <div class='ocr_carea' id='block_1_24' title="bbox 475 2386 2055 2472">
    <p class='ocr_par' dir='ltr' id='par_1_24' title="bbox 475 2386 2055 2472">
     <span class='ocr_line' id='line_1_24' title="bbox 475 2386 2055 2472; baseline 0.009 -32"><span class='ocrx_word' id='word_1_129' title='bbox 475 2386 555 2441; x_wconf 77' lang='lat' dir='ltr'><strong>sis</strong></span> <span class='ocrx_word' id='word_1_130' title='bbox 606 2390 799 2459; x_wconf 87' lang='lat' dir='ltr'><strong>synodi</strong></span> <span class='ocrx_word' id='word_1_131' title='bbox 852 2391 1004 2446; x_wconf 91' lang='lat' dir='ltr'><strong>illum</strong></span> <span class='ocrx_word' id='word_1_132' title='bbox 1065 2395 1415 2472; x_wconf 85' lang='lat' dir='ltr'><strong>anathemate</strong></span> <span class='ocrx_word' id='word_1_133' title='bbox 1460 2399 1685 2469; x_wconf 68' lang='lat' dir='ltr'><strong>dignum</strong></span> <span class='ocrx_word' id='word_1_134' title='bbox 1716 2411 1925 2467; x_wconf 85' lang='lat' dir='ltr'><strong>censet,</strong></span> <span class='ocrx_word' id='word_1_135' title='bbox 1959 2401 2055 2472; x_wconf 91' lang='lat' dir='ltr'><strong>qui</strong></span> 
     </span>
    </p>
   </div>
   <div class='ocr_carea' id='block_1_25' title="bbox 475 2470 2057 2564">
    <p class='ocr_par' dir='ltr' id='par_1_25' title="bbox 475 2470 2057 2564">
     <span class='ocr_line' id='line_1_25' title="bbox 475 2470 2057 2564; baseline 0.013 -32"><span class='ocrx_word' id='word_1_136' title='bbox 475 2480 776 2546; x_wconf 83' lang='lat' dir='ltr'><strong>existimat,</strong></span> <span class='ocrx_word' id='word_1_137' title='bbox 806 2500 913 2539; x_wconf 91' lang='lat' dir='ltr'><strong>non</strong></span> <span class='ocrx_word' id='word_1_138' title='bbox 949 2470 1099 2553; x_wconf 78' lang='lat' dir='ltr'><strong>vere,</strong></span> <span class='ocrx_word' id='word_1_139' title='bbox 1135 2490 1228 2545; x_wconf 88' lang='lat' dir='ltr'><strong>sed</strong></span> <span class='ocrx_word' id='word_1_140' title='bbox 1260 2492 1584 2551; x_wconf 89' lang='lat' dir='ltr'><strong>humilitatis</strong></span> <span class='ocrx_word' id='word_1_141' title='bbox 1606 2496 1803 2564; x_wconf 75' lang='lat' dir='ltr'><strong>gratia,</strong></span> <span class='ocrx_word' id='word_1_142' title='bbox 1826 2511 1926 2552; x_wconf 90' lang='lat' dir='ltr'><strong>nos</strong></span> <span class='ocrx_word' id='word_1_143' title='bbox 1961 2496 2057 2552; x_wconf 87' lang='lat' dir='ltr'><strong>ad-</strong></span> 
     </span>
    </p>
   </div>
   <div class='ocr_carea' id='block_1_26' title="bbox 473 2570 2050 2653">
    <p class='ocr_par' dir='ltr' id='par_1_26' title="bbox 473 2570 2050 2653">
     <span class='ocr_line' id='line_1_26' title="bbox 473 2570 2050 2653; baseline 0.013 -30"><span class='ocrx_word' id='word_1_144' title='bbox 473 2570 790 2628; x_wconf 81' lang='lat' dir='ltr'><strong>hortantem</strong></span> <span class='ocrx_word' id='word_1_145' title='bbox 841 2590 1093 2633; x_wconf 83' lang='lat' dir='ltr'><strong>sanetum</strong></span> <span class='ocrx_word' id='word_1_146' title='bbox 1147 2584 1457 2651; x_wconf 79' lang='lat' dir='ltr'><strong>aposmlum</strong></span> <span class='ocrx_word' id='word_1_147' title='bbox 1510 2584 1778 2641; x_wconf 81' lang='lat' dir='ltr'><strong>Joannem</strong></span> <span class='ocrx_word' id='word_1_148' title='bbox 1817 2588 2050 2653; x_wconf 83' lang='lat' dir='ltr'><strong>dixisse,</strong></span> 
     </span>
    </p>
   </div>
   <div class='ocr_carea' id='block_1_27' title="bbox 480 2664 2053 2747">
    <p class='ocr_par' dir='ltr' id='par_1_27' title="bbox 480 2664 2053 2747">
     <span class='ocr_line' id='line_1_27' title="bbox 480 2664 2053 2747; baseline 0.015 -33"><span class='ocrx_word' id='word_1_149' title='bbox 480 2681 497 2712; x_wconf 73' lang='grc' dir='ltr'><strong>ι</strong></span> <span class='ocrx_word' id='word_1_150' title='bbox 531 2664 587 2717; x_wconf 88' lang='lat' dir='ltr'><strong>Si</strong></span> <span class='ocrx_word' id='word_1_151' title='bbox 612 2665 940 2734; x_wconf 81' lang='lat' dir='ltr'><strong>dixerimus,</strong></span> <span class='ocrx_word' id='word_1_152' title='bbox 964 2673 1109 2740; x_wconf 88' lang='lat' dir='ltr'><strong>quod</strong></span> <span class='ocrx_word' id='word_1_153' title='bbox 1143 2685 1432 2744; x_wconf 87' lang='lat' dir='ltr'><strong>peccatum</strong></span> <span class='ocrx_word' id='word_1_154' title='bbox 1468 2692 1574 2733; x_wconf 91' lang='lat' dir='ltr'><strong>non</strong></span> <span class='ocrx_word' id='word_1_155' title='bbox 1612 2680 1901 2747; x_wconf 84' lang='lat' dir='ltr'><strong>habemus,</strong></span> <span class='ocrx_word' id='word_1_156' title='bbox 1926 2695 2053 2736; x_wconf 86' lang='lat' dir='ltr'><strong>nos-</strong></span> 
     </span>
    </p>
   </div>
   <div class='ocr_carea' id='block_1_28' title="bbox 473 2756 2043 2832">
    <p class='ocr_par' dir='ltr' id='par_1_28' title="bbox 473 2756 2043 2832">
     <span class='ocr_line' id='line_1_28' title="bbox 473 2756 2043 2832; baseline 0.01 -24"><span class='ocrx_word' id='word_1_157' title='bbox 473 2756 738 2826; x_wconf 84' lang='lat' dir='ltr'><strong>metipsos</strong></span> <span class='ocrx_word' id='word_1_158' title='bbox 777 2764 1115 2832; x_wconf 88' lang='lat' dir='ltr'><strong>seducimus,</strong></span> <span class='ocrx_word' id='word_1_159' title='bbox 1151 2782 1253 2823; x_wconf 93' lang='lat' dir='ltr'><strong>nec</strong></span> <span class='ocrx_word' id='word_1_160' title='bbox 1293 2770 1496 2824; x_wconf 79' lang='lat' dir='ltr'><strong>veritas</strong></span> <span class='ocrx_word' id='word_1_161' title='bbox 1544 2770 1598 2825; x_wconf 93' lang='lat' dir='ltr'><strong>in</strong></span> <span class='ocrx_word' id='word_1_162' title='bbox 1665 2772 1827 2827; x_wconf 86' lang='lat' dir='ltr'><strong>nobis</strong></span> <span class='ocrx_word' id='word_1_163' title='bbox 1874 2780 1977 2827; x_wconf 87' lang='lat' dir='ltr'><strong>est.</strong></span> <span class='ocrx_word' id='word_1_164' title='bbox 2024 2790 2043 2824; x_wconf 74' lang='grc' dir='ltr'><strong>ι</strong></span> 
     </span>
    </p>
   </div>
   <div class='ocr_carea' id='block_1_29' title="bbox 472 2846 2048 2931">
    <p class='ocr_par' dir='ltr' id='par_1_29' title="bbox 472 2846 2048 2931">
     <span class='ocr_line' id='line_1_29' title="bbox 472 2846 2048 2931; baseline 0.013 -32"><span class='ocrx_word' id='word_1_165' title='bbox 472 2846 606 2902; x_wconf 82' lang='lat' dir='ltr'><strong>Nam</strong></span> <span class='ocrx_word' id='word_1_166' title='bbox 636 2867 700 2904; x_wconf 83' lang='lat' dir='ltr'><strong>ex</strong></span> <span class='ocrx_word' id='word_1_167' title='bbox 731 2855 980 2921; x_wconf 79' lang='lat' dir='ltr'><strong>proxime</strong></span> <span class='ocrx_word' id='word_1_168' title='bbox 1015 2860 1374 2928; x_wconf 84' lang='lat' dir='ltr'><strong>sequentibus</strong></span> <span class='ocrx_word' id='word_1_169' title='bbox 1408 2862 1666 2931; x_wconf 69' lang='lat' dir='ltr'><strong>Epistula:</strong></span> <span class='ocrx_word' id='word_1_170' title='bbox 1699 2864 1881 2920; x_wconf 86' lang='lat' dir='ltr'><strong>verbis</strong></span> <span class='ocrx_word' id='word_1_171' title='bbox 1931 2879 2048 2919; x_wconf 87' lang='lat' dir='ltr'><strong>ma-</strong></span> 
     </span>
    </p>
   </div>
   <div class='ocr_carea' id='block_1_30' title="bbox 474 2940 2051 3026">
    <p class='ocr_par' dir='ltr' id='par_1_30' title="bbox 474 2940 2051 3026">
     <span class='ocr_line' id='line_1_30' title="bbox 474 2940 2051 3026; baseline 0.011 -34"><span class='ocrx_word' id='word_1_172' title='bbox 474 2940 672 2996; x_wconf 82' lang='lat' dir='ltr'><strong>nifeste</strong></span> <span class='ocrx_word' id='word_1_173' title='bbox 721 2949 1031 3003; x_wconf 88' lang='lat' dir='ltr'><strong>ostenditur</strong></span> <span class='ocrx_word' id='word_1_174' title='bbox 1086 2952 1323 3021; x_wconf 85' lang='lat' dir='ltr'><strong>apostoli</strong></span> <span class='ocrx_word' id='word_1_175' title='bbox 1360 2955 1657 3018; x_wconf 83' lang='lat' dir='ltr'><strong>sententia,</strong></span> <span class='ocrx_word' id='word_1_176' title='bbox 1690 2956 1785 3025; x_wconf 90' lang='lat' dir='ltr'><strong>qui</strong></span> <span class='ocrx_word' id='word_1_177' title='bbox 1818 2955 2051 3026; x_wconf 75' lang='lat' dir='ltr'><strong>subjun-</strong></span> 
     </span>
    </p>
   </div>
   <div class='ocr_carea' id='block_1_31' title="bbox 471 3033 2047 3113">
    <p class='ocr_par' dir='ltr' id='par_1_31' title="bbox 471 3033 2047 3113">
     <span class='ocr_line' id='line_1_31' title="bbox 471 3033 2047 3113; baseline 0.013 -29"><span class='ocrx_word' id='word_1_178' title='bbox 471 3033 580 3099; x_wconf 69' lang='lat' dir='ltr'><strong>git:</strong></span> <span class='ocrx_word' id='word_1_179' title='bbox 621 3055 639 3087; x_wconf 79' lang='grc' dir='ltr'><strong>ε</strong></span> <span class='ocrx_word' id='word_1_180' title='bbox 672 3036 767 3091; x_wconf 83' lang='lat' dir='ltr'><strong>Sin</strong></span> <span class='ocrx_word' id='word_1_181' title='bbox 802 3053 984 3095; x_wconf 83' lang='lat' dir='ltr'><strong>autem</strong></span> <span class='ocrx_word' id='word_1_182' title='bbox 1024 3054 1245 3113; x_wconf 83' lang='lat' dir='ltr'><strong>peccata</strong></span> <span class='ocrx_word' id='word_1_183' title='bbox 1275 3056 1462 3103; x_wconf 87' lang='lat' dir='ltr'><strong>nostra</strong></span> <span class='ocrx_word' id='word_1_184' title='bbox 1494 3048 1730 3103; x_wconf 79' lang='lat' dir='ltr'><strong>confessi</strong></span> <span class='ocrx_word' id='word_1_185' title='bbox 1756 3048 2047 3112; x_wconf 82' lang='lat' dir='ltr'><strong>fuerimus,</strong></span> 
     </span>
    </p>
   </div>
   <div class='ocr_carea' id='block_1_32' title="bbox 473 3126 2048 3208">
    <p class='ocr_par' dir='ltr' id='par_1_32' title="bbox 473 3126 2048 3208">
     <span class='ocr_line' id='line_1_32' title="bbox 473 3126 2048 3208; baseline 0.013 -32"><span class='ocrx_word' id='word_1_186' title='bbox 473 3126 654 3181; x_wconf 83' lang='lat' dir='ltr'><strong>tidelis</strong></span> <span class='ocrx_word' id='word_1_187' title='bbox 708 3140 792 3184; x_wconf 87' lang='lat' dir='ltr'><strong>est</strong></span> <span class='ocrx_word' id='word_1_188' title='bbox 844 3142 899 3186; x_wconf 91' lang='lat' dir='ltr'><strong>et</strong></span> <span class='ocrx_word' id='word_1_189' title='bbox 946 3134 1149 3201; x_wconf 85' lang='lat' dir='ltr'><strong>justus,</strong></span> <span class='ocrx_word' id='word_1_190' title='bbox 1204 3138 1300 3208; x_wconf 90' lang='lat' dir='ltr'><strong>qui</strong></span> <span class='ocrx_word' id='word_1_191' title='bbox 1348 3139 1436 3193; x_wconf 90' lang='lat' dir='ltr'><strong>illa</strong></span> <span class='ocrx_word' id='word_1_192' title='bbox 1488 3141 1645 3197; x_wconf 90' lang='lat' dir='ltr'><strong>nobis</strong></span> <span class='ocrx_word' id='word_1_193' title='bbox 1688 3141 1950 3208; x_wconf 82' lang='lat' dir='ltr'><strong>remittet,</strong></span> <span class='ocrx_word' id='word_1_194' title='bbox 1988 3149 2048 3197; x_wconf 87' lang='lat' dir='ltr'><strong>et</strong></span> 
     </span>
    </p>
   </div>
   <div class='ocr_carea' id='block_1_33' title="bbox 471 3220 1505 3299">
    <p class='ocr_par' dir='ltr' id='par_1_33' title="bbox 471 3220 1505 3299">
     <span class='ocr_line' id='line_1_33' title="bbox 471 3220 1505 3299; baseline 0.015 -32"><span class='ocrx_word' id='word_1_195' title='bbox 471 3220 724 3288; x_wconf 80' lang='lat' dir='ltr'><strong>purgabit</strong></span> <span class='ocrx_word' id='word_1_196' title='bbox 754 3238 855 3279; x_wconf 87' lang='lat' dir='ltr'><strong>nos</strong></span> <span class='ocrx_word' id='word_1_197' title='bbox 886 3225 956 3278; x_wconf 89' lang='lat' dir='ltr'><strong>ah</strong></span> <span class='ocrx_word' id='word_1_198' title='bbox 994 3228 1148 3281; x_wconf 86' lang='lat' dir='ltr'><strong>omni</strong></span> <span class='ocrx_word' id='word_1_199' title='bbox 1180 3229 1505 3299; x_wconf 56' lang='lat' dir='ltr'><strong>injustitiaa</strong></span> 
     </span>
    </p>
   </div>
   <div class='ocr_carea' id='block_1_34' title="bbox 538 3308 2045 3389">
    <p class='ocr_par' dir='ltr' id='par_1_34' title="bbox 538 3308 2045 3389">
     <span class='ocr_line' id='line_1_34' title="bbox 538 3308 2045 3389; baseline 0.014 -28"><span class='ocrx_word' id='word_1_200' title='bbox 538 3308 887 3369; x_wconf 87' lang='lat' dir='ltr'><strong>Centesimus</strong></span> <span class='ocrx_word' id='word_1_201' title='bbox 917 3314 1165 3373; x_wconf 87' lang='lat' dir='ltr'><strong>decimus</strong></span> <span class='ocrx_word' id='word_1_202' title='bbox 1211 3318 1438 3389; x_wconf 89' lang='lat' dir='ltr'><strong>quintus</strong></span> <span class='ocrx_word' id='word_1_203' title='bbox 1476 3338 1606 3378; x_wconf 87' lang='lat' dir='ltr'><strong>vero</strong></span> <span class='ocrx_word' id='word_1_204' title='bbox 1654 3334 1709 3380; x_wconf 91' lang='lat' dir='ltr'><strong>et</strong></span> <span class='ocrx_word' id='word_1_205' title='bbox 1742 3325 1843 3380; x_wconf 80' lang='grc' dir='ltr'><strong>ίίϐ</strong></span> <span class='ocrx_word' id='word_1_206' title='bbox 1892 3326 2045 3381; x_wconf 90' lang='lat' dir='ltr'><strong>illum</strong></span> 
     </span>
    </p>
   </div>
   <div class='ocr_carea' id='block_1_35' title="bbox 466 3401 2046 3475">
    <p class='ocr_par' dir='ltr' id='par_1_35' title="bbox 466 3401 2046 3475">
     <span class='ocr_line' id='line_1_35' title="bbox 466 3401 2046 3475; baseline 0.014 -23"><span class='ocrx_word' id='word_1_207' title='bbox 466 3401 709 3467; x_wconf 76' lang='lat' dir='ltr'><strong>quidem,</strong></span> <span class='ocrx_word' id='word_1_208' title='bbox 753 3406 846 3473; x_wconf 91' lang='lat' dir='ltr'><strong>qui</strong></span> <span class='ocrx_word' id='word_1_209' title='bbox 896 3407 1179 3464; x_wconf 81' lang='lat' dir='ltr'><strong>existimat</strong></span> <span class='ocrx_word' id='word_1_210' title='bbox 1221 3423 1443 3469; x_wconf 89' lang='lat' dir='ltr'><strong>sanctos</strong></span> <span class='ocrx_word' id='word_1_211' title='bbox 1472 3415 1706 3470; x_wconf 85' lang='lat' dir='ltr'><strong>dicere:</strong></span> <span class='ocrx_word' id='word_1_212' title='bbox 1759 3438 1775 3469; x_wconf 81' lang='grc' dir='ltr'><strong>ι</strong></span> <span class='ocrx_word' id='word_1_213' title='bbox 1823 3417 2046 3475; x_wconf 85' lang='lat' dir='ltr'><strong>Dimitte</strong></span> 
     </span>
    </p>
   </div>
   <div class='ocr_carea' id='block_1_36' title="bbox 469 3494 2040 3576">
    <p class='ocr_par' dir='ltr' id='par_1_36' title="bbox 469 3494 2040 3576">
     <span class='ocr_line' id='line_1_36' title="bbox 469 3494 2040 3576; baseline 0.013 -31"><span class='ocrx_word' id='word_1_214' title='bbox 469 3494 630 3547; x_wconf 85' lang='lat' dir='ltr'><strong>nobis</strong></span> <span class='ocrx_word' id='word_1_215' title='bbox 678 3495 858 3551; x_wconf 81' lang='lat' dir='ltr'><strong>debita</strong></span> <span class='ocrx_word' id='word_1_216' title='bbox 897 3509 1108 3564; x_wconf 86' lang='lat' dir='ltr'><strong>nostra,</strong></span> <span class='ocrx_word' id='word_1_217' title='bbox 1159 3522 1176 3553; x_wconf 73' lang='grc' dir='ltr'><strong>ι</strong></span> <span class='ocrx_word' id='word_1_218' title='bbox 1212 3514 1267 3558; x_wconf 91' lang='lat' dir='ltr'><strong>at</strong></span> <span class='ocrx_word' id='word_1_219' title='bbox 1300 3507 1514 3576; x_wconf 88' lang='lat' dir='ltr'><strong>seipsos</strong></span> <span class='ocrx_word' id='word_1_220' title='bbox 1548 3508 1746 3564; x_wconf 85' lang='lat' dir='ltr'><strong>debitis</strong></span> <span class='ocrx_word' id='word_1_221' title='bbox 1775 3510 2040 3576; x_wconf 74' lang='lat' dir='ltr'><strong>eximere,</strong></span> 
     </span>
    </p>
   </div>
   <div class='ocr_carea' id='block_1_37' title="bbox 464 3586 2041 3670">
    <p class='ocr_par' dir='ltr' id='par_1_37' title="bbox 464 3586 2041 3670">
     <span class='ocr_line' id='line_1_37' title="bbox 464 3586 2041 3670; baseline 0.013 -33"><span class='ocrx_word' id='word_1_222' title='bbox 464 3600 568 3639; x_wconf 78' lang='lat' dir='ltr'><strong>nec</strong></span> <span class='ocrx_word' id='word_1_223' title='bbox 601 3586 714 3641; x_wconf 89' lang='lat' dir='ltr'><strong>illis</strong></span> <span class='ocrx_word' id='word_1_224' title='bbox 741 3590 887 3641; x_wconf 88' lang='lat' dir='ltr'><strong>enim</strong></span> <span class='ocrx_word' id='word_1_225' title='bbox 934 3594 1161 3646; x_wconf 76' lang='lat' dir='ltr'><strong>omnino</strong></span> <span class='ocrx_word' id='word_1_226' title='bbox 1192 3599 1562 3653; x_wconf 84' lang='lat' dir='ltr'><strong>necessariam</strong></span> <span class='ocrx_word' id='word_1_227' title='bbox 1590 3614 1714 3655; x_wconf 87' lang='lat' dir='ltr'><strong>esse</strong></span> <span class='ocrx_word' id='word_1_228' title='bbox 1747 3600 1911 3656; x_wconf 86' lang='lat' dir='ltr'><strong>talem</strong></span> <span class='ocrx_word' id='word_1_229' title='bbox 1944 3616 2041 3670; x_wconf 84' lang='lat' dir='ltr'><strong>pe-</strong></span> 
     </span>
    </p>
   </div>
   <div class='ocr_carea' id='block_1_38' title="bbox 466 3679 2038 3763">
    <p class='ocr_par' dir='ltr' id='par_1_38' title="bbox 466 3679 2038 3763">
     <span class='ocr_line' id='line_1_38' title="bbox 466 3679 2038 3763; baseline 0.011 -33"><span class='ocrx_word' id='word_1_230' title='bbox 466 3679 739 3744; x_wconf 74' lang='lat' dir='ltr'><strong>titionem,</strong></span> <span class='ocrx_word' id='word_1_231' title='bbox 765 3683 859 3735; x_wconf 87' lang='lat' dir='ltr'><strong>sed</strong></span> <span class='ocrx_word' id='word_1_232' title='bbox 884 3682 1010 3737; x_wconf 85' lang='lat' dir='ltr'><strong>aliis</strong></span> <span class='ocrx_word' id='word_1_233' title='bbox 1032 3686 1125 3752; x_wconf 85' lang='lat' dir='ltr'><strong>qui</strong></span> <span class='ocrx_word' id='word_1_234' title='bbox 1158 3698 1285 3742; x_wconf 92' lang='lat' dir='ltr'><strong>sunt</strong></span> <span class='ocrx_word' id='word_1_235' title='bbox 1316 3689 1369 3743; x_wconf 91' lang='lat' dir='ltr'><strong>in</strong></span> <span class='ocrx_word' id='word_1_236' title='bbox 1401 3692 1602 3760; x_wconf 86' lang='lat' dir='ltr'><strong>p0pulo</strong></span> <span class='ocrx_word' id='word_1_237' title='bbox 1629 3694 2038 3763; x_wconf 78' lang='lat' dir='ltr'><strong>peccatoribus,</strong></span> 
     </span>
    </p>
   </div>
   <div class='ocr_carea' id='block_1_39' title="bbox 466 3772 2042 3857">
    <p class='ocr_par' dir='ltr' id='par_1_39' title="bbox 466 3772 2042 3857">
     <span class='ocr_line' id='line_1_39' title="bbox 466 3772 2042 3857; baseline 0.013 -33"><span class='ocrx_word' id='word_1_238' title='bbox 466 3772 815 3827; x_wconf 81' lang='lat' dir='ltr'><strong>anathemate</strong></span> <span class='ocrx_word' id='word_1_239' title='bbox 876 3787 1305 3845; x_wconf 83' lang='lat' dir='ltr'><strong>prosequuntur.</strong></span> <span class='ocrx_word' id='word_1_240' title='bbox 1349 3782 1505 3848; x_wconf 87' lang='lat' dir='ltr'><strong>Quod</strong></span> <span class='ocrx_word' id='word_1_241' title='bbox 1533 3786 1680 3839; x_wconf 90' lang='lat' dir='ltr'><strong>enim</strong></span> <span class='ocrx_word' id='word_1_242' title='bbox 1714 3801 1814 3842; x_wconf 89' lang='lat' dir='ltr'><strong>nec</strong></span> <span class='ocrx_word' id='word_1_243' title='bbox 1846 3803 2042 3857; x_wconf 84' lang='lat' dir='ltr'><strong>preca-</strong></span> 
     </span>
    </p>
   </div>
   <div class='ocr_carea' id='block_1_40' title="bbox 467 3863 2039 3951">
    <p class='ocr_par' dir='ltr' id='par_1_40' title="bbox 467 3863 2039 3951">
     <span class='ocr_line' id='line_1_40' title="bbox 467 3863 2039 3951; baseline 0.013 -35"><span class='ocrx_word' id='word_1_244' title='bbox 467 3863 638 3918; x_wconf 88' lang='lat' dir='ltr'><strong>tionis</strong></span> <span class='ocrx_word' id='word_1_245' title='bbox 661 3875 976 3933; x_wconf 74' lang='lat' dir='ltr'><strong>pmtextus,</strong></span> <span class='ocrx_word' id='word_1_246' title='bbox 998 3882 1097 3923; x_wconf 86' lang='lat' dir='ltr'><strong>nec</strong></span> <span class='ocrx_word' id='word_1_247' title='bbox 1115 3870 1441 3932; x_wconf 81' lang='lat' dir='ltr'><strong>humilitatis</strong></span> <span class='ocrx_word' id='word_1_248' title='bbox 1467 3876 1774 3947; x_wconf 81' lang='lat' dir='ltr'><strong>hypocrisis</strong></span> <span class='ocrx_word' id='word_1_249' title='bbox 1798 3895 2039 3951; x_wconf 91' lang='lat' dir='ltr'><strong>unquam</strong></span> 
     </span>
    </p>
   </div>
   <div class='ocr_carea' id='block_1_41' title="bbox 463 3957 2039 4038">
    <p class='ocr_par' dir='ltr' id='par_1_41' title="bbox 463 3957 2039 4038">
     <span class='ocr_line' id='line_1_41' title="bbox 463 3957 2039 4038; baseline 0.011 -29"><span class='ocrx_word' id='word_1_250' title='bbox 463 3957 671 4012; x_wconf 81' lang='lat' dir='ltr'><strong>sanctis</strong></span> <span class='ocrx_word' id='word_1_251' title='bbox 706 3959 904 4028; x_wconf 87' lang='lat' dir='ltr'><strong>inerat,</strong></span> <span class='ocrx_word' id='word_1_252' title='bbox 934 3965 1031 4022; x_wconf 87' lang='lat' dir='ltr'><strong>sed</strong></span> <span class='ocrx_word' id='word_1_253' title='bbox 1094 3981 1219 4021; x_wconf 86' lang='lat' dir='ltr'><strong>vera</strong></span> <span class='ocrx_word' id='word_1_254' title='bbox 1258 3968 1442 4023; x_wconf 88' lang='lat' dir='ltr'><strong>cordis</strong></span> <span class='ocrx_word' id='word_1_255' title='bbox 1476 3969 1759 4038; x_wconf 86' lang='lat' dir='ltr'><strong>contritio,</strong></span> <span class='ocrx_word' id='word_1_256' title='bbox 1793 3972 2039 4027; x_wconf 85' lang='lat' dir='ltr'><strong>ostendit</strong></span> 
     </span>
    </p>
   </div>
   <div class='ocr_carea' id='block_1_42' title="bbox 461 4053 2036 4137">
    <p class='ocr_par' dir='ltr' id='par_1_42' title="bbox 461 4053 2036 4137">
     <span class='ocr_line' id='line_1_42' title="bbox 461 4053 2036 4137; baseline 0.013 -37"><span class='ocrx_word' id='word_1_257' title='bbox 461 4063 687 4119; x_wconf 78' lang='lat' dir='ltr'><strong>magnus</strong></span> <span class='ocrx_word' id='word_1_258' title='bbox 725 4053 993 4137; x_wconf 71' lang='lat' dir='ltr'><strong>Jacobus,</strong></span> <span class='ocrx_word' id='word_1_259' title='bbox 1046 4059 1141 4129; x_wconf 91' lang='lat' dir='ltr'><strong>qui</strong></span> <span class='ocrx_word' id='word_1_260' title='bbox 1175 4061 1279 4116; x_wconf 88' lang='lat' dir='ltr'><strong>hoc</strong></span> <span class='ocrx_word' id='word_1_261' title='bbox 1328 4062 1491 4117; x_wconf 88' lang='lat' dir='ltr'><strong>modo</strong></span> <span class='ocrx_word' id='word_1_262' title='bbox 1543 4064 1838 4134; x_wconf 83' lang='lat' dir='ltr'><strong>aliquando</strong></span> <span class='ocrx_word' id='word_1_263' title='bbox 1863 4065 2036 4120; x_wconf 92' lang='lat' dir='ltr'><strong>dicit:</strong></span> 
     </span>
    </p>
   </div>
   <div class='ocr_carea' id='block_1_43' title="bbox 475 4143 2041 4223">
    <p class='ocr_par' dir='ltr' id='par_1_43' title="bbox 475 4143 2041 4223">
     <span class='ocr_line' id='line_1_43' title="bbox 475 4143 2041 4223; baseline 0.012 -29"><span class='ocrx_word' id='word_1_264' title='bbox 475 4164 494 4194; x_wconf 75' lang='grc' dir='ltr'><strong>ε</strong></span> <span class='ocrx_word' id='word_1_265' title='bbox 541 4143 595 4198; x_wconf 80' lang='lat' dir='ltr'><strong>in</strong></span> <span class='ocrx_word' id='word_1_266' title='bbox 636 4148 822 4204; x_wconf 85' lang='lat' dir='ltr'><strong>multis</strong></span> <span class='ocrx_word' id='word_1_267' title='bbox 871 4151 1202 4209; x_wconf 69' lang='lat' dir='ltr'><strong>offendimus</strong></span> <span class='ocrx_word' id='word_1_268' title='bbox 1232 4169 1466 4223; x_wconf 90' lang='lat' dir='ltr'><strong>omnes;</strong></span> <span class='ocrx_word' id='word_1_269' title='bbox 1513 4176 1530 4207; x_wconf 77' lang='grc' dir='ltr'><strong><em>ο</em></strong></span> <span class='ocrx_word' id='word_1_270' title='bbox 1567 4166 1621 4212; x_wconf 91' lang='lat' dir='ltr'><strong>et</strong></span> <span class='ocrx_word' id='word_1_271' title='bbox 1651 4156 1856 4211; x_wconf 84' lang='lat' dir='ltr'><strong>David:</strong></span> <span class='ocrx_word' id='word_1_272' title='bbox 1897 4175 1916 4209; x_wconf 80' lang='grc' dir='ltr'><strong>ι</strong></span> <span class='ocrx_word' id='word_1_273' title='bbox 1963 4155 2041 4213; x_wconf 79' lang='lat' dir='ltr'><strong>Ne</strong></span> 
     </span>
    </p>
   </div>
   <div class='ocr_carea' id='block_1_44' title="bbox 465 4235 2041 4319">
    <p class='ocr_par' dir='ltr' id='par_1_44' title="bbox 465 4235 2041 4319">
     <span class='ocr_line' id='line_1_44' title="bbox 465 4235 2041 4319; baseline 0.011 -34"><span class='ocrx_word' id='word_1_274' title='bbox 465 4235 707 4292; x_wconf 79' lang='lat' dir='ltr'><strong>introeas</strong></span> <span class='ocrx_word' id='word_1_275' title='bbox 746 4239 801 4292; x_wconf 92' lang='lat' dir='ltr'><strong>in</strong></span> <span class='ocrx_word' id='word_1_276' title='bbox 831 4239 1102 4309; x_wconf 82' lang='lat' dir='ltr'><strong>judicium</strong></span> <span class='ocrx_word' id='word_1_277' title='bbox 1148 4259 1273 4298; x_wconf 89' lang='lat' dir='ltr'><strong>cum</strong></span> <span class='ocrx_word' id='word_1_278' title='bbox 1307 4259 1469 4300; x_wconf 87' lang='lat' dir='ltr'><strong>servo</strong></span> <span class='ocrx_word' id='word_1_279' title='bbox 1502 4254 1620 4313; x_wconf 83' lang='lat' dir='ltr'><strong>tuo,</strong></span> <span class='ocrx_word' id='word_1_280' title='bbox 1654 4248 1782 4317; x_wconf 91' lang='lat' dir='ltr'><strong>quia</strong></span> <span class='ocrx_word' id='word_1_281' title='bbox 1819 4262 1927 4302; x_wconf 90' lang='lat' dir='ltr'><strong>non</strong></span> <span class='ocrx_word' id='word_1_282' title='bbox 1950 4249 2041 4319; x_wconf 66' lang='lat' dir='ltr'><strong>juo</strong></span> 
     </span>
    </p>
   </div>
   <div class='ocr_carea' id='block_1_45' title="bbox 461 4328 2037 4406">
    <p class='ocr_par' dir='ltr' id='par_1_45' title="bbox 461 4328 2037 4406">
     <span class='ocr_line' id='line_1_45' title="bbox 461 4328 2037 4406; baseline 0.01 -26"><span class='ocrx_word' id='word_1_283' title='bbox 461 4328 790 4384; x_wconf 78' lang='lat' dir='ltr'><strong>stilicabitur</strong></span> <span class='ocrx_word' id='word_1_284' title='bbox 819 4332 871 4384; x_wconf 92' lang='lat' dir='ltr'><strong>in</strong></span> <span class='ocrx_word' id='word_1_285' title='bbox 905 4344 1205 4404; x_wconf 84' lang='lat' dir='ltr'><strong>conspectu</strong></span> <span class='ocrx_word' id='word_1_286' title='bbox 1254 4345 1346 4392; x_wconf 88' lang='lat' dir='ltr'><strong>tuo</strong></span> <span class='ocrx_word' id='word_1_287' title='bbox 1374 4339 1554 4393; x_wconf 90' lang='lat' dir='ltr'><strong>omnis</strong></span> <span class='ocrx_word' id='word_1_288' title='bbox 1592 4339 1815 4406; x_wconf 86' lang='lat' dir='ltr'><strong>vivens;</strong></span> <span class='ocrx_word' id='word_1_289' title='bbox 1849 4358 1866 4391; x_wconf 86' lang='grc'><strong>›</strong></span> <span class='ocrx_word' id='word_1_290' title='bbox 1902 4350 1956 4395; x_wconf 88' lang='lat' dir='ltr'><strong>et</strong></span> <span class='ocrx_word' id='word_1_291' title='bbox 1981 4340 2037 4396; x_wconf 89' lang='lat' dir='ltr'><strong>iu</strong></span> 
     </span>
    </p>
   </div>
   <div class='ocr_carea' id='block_1_46' title="bbox 459 4421 2035 4505">
    <p class='ocr_par' dir='ltr' id='par_1_46' title="bbox 459 4421 2035 4505">
     <span class='ocr_line' id='line_1_46' title="bbox 459 4421 2035 4505; baseline 0.01 -33"><span class='ocrx_word' id='word_1_292' title='bbox 459 4421 707 4475; x_wconf 88' lang='lat' dir='ltr'><strong>oratione</strong></span> <span class='ocrx_word' id='word_1_293' title='bbox 741 4423 997 4479; x_wconf 75' lang='lat' dir='ltr'><strong>Salomon</strong></span> <span class='ocrx_word' id='word_1_294' title='bbox 1026 4445 1038 4479; x_wconf 93' lang='lat'><strong>:</strong></span> <span class='ocrx_word' id='word_1_295' title='bbox 1095 4446 1115 4479; x_wconf 81' lang='grc' dir='ltr'><strong>ε</strong></span> <span class='ocrx_word' id='word_1_296' title='bbox 1157 4426 1274 4482; x_wconf 84' lang='lat' dir='ltr'><strong>Non</strong></span> <span class='ocrx_word' id='word_1_297' title='bbox 1307 4440 1390 4486; x_wconf 88' lang='lat' dir='ltr'><strong>est</strong></span> <span class='ocrx_word' id='word_1_298' title='bbox 1421 4431 1605 4496; x_wconf 90' lang='lat' dir='ltr'><strong>homo,</strong></span> <span class='ocrx_word' id='word_1_299' title='bbox 1639 4432 1730 4505; x_wconf 91' lang='lat' dir='ltr'><strong>qui</strong></span> <span class='ocrx_word' id='word_1_300' title='bbox 1765 4448 1871 4487; x_wconf 91' lang='lat' dir='ltr'><strong>non</strong></span> <span class='ocrx_word' id='word_1_301' title='bbox 1912 4448 2035 4503; x_wconf 85' lang='lat' dir='ltr'><strong>pec-</strong></span> 
     </span>
    </p>
   </div>
   <div class='ocr_carea' id='block_1_47' title="bbox 459 4515 2039 4584">
    <p class='ocr_par' dir='ltr' id='par_1_47' title="bbox 459 4515 2039 4584">
     <span class='ocr_line' id='line_1_47' title="bbox 459 4515 2039 4584; baseline 0.01 -20"><span class='ocrx_word' id='word_1_302' title='bbox 459 4515 666 4569; x_wconf 76' lang='lat' dir='ltr'><strong>caverit</strong></span> <span class='ocrx_word' id='word_1_303' title='bbox 693 4556 707 4580; x_wconf 92' lang='lat'><strong>,</strong></span> <span class='ocrx_word' id='word_1_304' title='bbox 745 4534 765 4567; x_wconf 71' lang='grc' dir='ltr'><strong>ι</strong></span> <span class='ocrx_word' id='word_1_305' title='bbox 805 4527 859 4572; x_wconf 89' lang='lat' dir='ltr'><strong>et</strong></span> <span class='ocrx_word' id='word_1_306' title='bbox 906 4517 1030 4584; x_wconf 80' lang='lat' dir='ltr'><strong>Job,</strong></span> <span class='ocrx_word' id='word_1_307' title='bbox 1067 4535 1087 4570; x_wconf 75' lang='grc' dir='ltr'><strong>ι</strong></span> <span class='ocrx_word' id='word_1_308' title='bbox 1132 4518 1202 4574; x_wconf 88' lang='lat' dir='ltr'><strong>Ut</strong></span> <span class='ocrx_word' id='word_1_309' title='bbox 1232 4520 1411 4578; x_wconf 89' lang='lat' dir='ltr'><strong>omnis</strong></span> <span class='ocrx_word' id='word_1_310' title='bbox 1451 4523 1616 4577; x_wconf 90' lang='lat' dir='ltr'><strong>homo</strong></span> <span class='ocrx_word' id='word_1_311' title='bbox 1672 4523 1810 4578; x_wconf 84' lang='lat' dir='ltr'><strong>sciat</strong></span> <span class='ocrx_word' id='word_1_312' title='bbox 1864 4524 2039 4580; x_wconf 88' lang='lat' dir='ltr'><strong>imbe-</strong></span> 
     </span>
    </p>
   </div>
   <div class='ocr_carea' id='block_1_48' title="bbox 2072 3240 2299 3327">
    <p class='ocr_par' dir='ltr' id='par_1_48' title="bbox 2072 3240 2299 3327">
     <span class='ocr_line' id='line_1_48' title="bbox 2072 3240 2299 3327; baseline 0 -33"><span class='ocrx_word' id='word_1_313' title='bbox 2072 3263 2120 3327; x_wconf 70' lang='grc' dir='ltr'>ο</span> <span class='ocrx_word' id='word_1_314' title='bbox 2149 3240 2299 3303; x_wconf 81' lang='grc' dir='ltr'><strong>κίας.</strong></span> 
     </span>
    </p>
   </div>
   <div class='ocr_carea' id='block_1_49' title="bbox 2168 659 3719 738">
    <p class='ocr_par' dir='ltr' id='par_1_49' title="bbox 2168 659 3719 738">
     <span class='ocr_line' id='line_1_49' title="bbox 2168 659 3719 738; baseline 0.01 -29"><span class='ocrx_word' id='word_1_315' title='bbox 2168 672 2289 725; x_wconf 86' lang='grc' dir='ltr'><strong>σης,</strong></span> <span class='ocrx_word' id='word_1_316' title='bbox 2315 659 2373 711; x_wconf 75' lang='grc' dir='ltr'><strong>ὲν</strong></span> <span class='ocrx_word' id='word_1_317' title='bbox 2404 664 2516 722; x_wconf 76' lang='grc' dir='ltr'><strong>τοῖς</strong></span> <span class='ocrx_word' id='word_1_318' title='bbox 2547 665 2877 732; x_wconf 74' lang='grc' dir='ltr'><strong>προοιμίοις,</strong></span> <span class='ocrx_word' id='word_1_319' title='bbox 2907 663 3037 736; x_wconf 77' lang='grc' dir='ltr'><strong>ἄχρι</strong></span> <span class='ocrx_word' id='word_1_320' title='bbox 3074 666 3280 738; x_wconf 77' lang='grc' dir='ltr'><strong>δηλαδὴ</strong></span> <span class='ocrx_word' id='word_1_321' title='bbox 3312 666 3424 720; x_wconf 84' lang='grc' dir='ltr'><strong>τῶν</strong></span> <span class='ocrx_word' id='word_1_322' title='bbox 3454 670 3603 724; x_wconf 82' lang='grc' dir='ltr'><strong>θείων</strong></span> <span class='ocrx_word' id='word_1_323' title='bbox 3630 673 3719 726; x_wconf 66' lang='grc' dir='ltr'><strong>Εὐ.</strong></span> 
     </span>
    </p>
   </div>
   <div class='ocr_carea' id='block_1_50' title="bbox 2164 750 3712 830">
    <p class='ocr_par' dir='ltr' id='par_1_50' title="bbox 2164 750 3712 830">
     <span class='ocr_line' id='line_1_50' title="bbox 2164 750 3712 830; baseline 0.01 -29"><span class='ocrx_word' id='word_1_324' title='bbox 2164 750 2460 816; x_wconf 84' lang='grc' dir='ltr'><strong>αγγελίων,</strong></span> <span class='ocrx_word' id='word_1_325' title='bbox 2505 753 2565 806; x_wconf 77' lang='grc' dir='ltr'><strong>ἐν</strong></span> <span class='ocrx_word' id='word_1_326' title='bbox 2593 755 2714 816; x_wconf 85' lang='grc' dir='ltr'><strong>ταῖς</strong></span> <span class='ocrx_word' id='word_1_327' title='bbox 2762 755 2871 809; x_wconf 86' lang='grc' dir='ltr'><strong>τῶν</strong></span> <span class='ocrx_word' id='word_1_328' title='bbox 2907 760 3342 828; x_wconf 82' lang='grc' dir='ltr'><strong>κατηχουμένων</strong></span> <span class='ocrx_word' id='word_1_329' title='bbox 3380 761 3712 830; x_wconf 75' lang='grc' dir='ltr'><strong>παραθέσεσι.</strong></span> 
     </span>
    </p>
   </div>
   <div class='ocr_carea' id='block_1_51' title="bbox 2162 834 3801 918">
    <p class='ocr_par' dir='ltr' id='par_1_51' title="bbox 2162 834 3801 918">
     <span class='ocr_line' id='line_1_51' title="bbox 2162 834 3801 918; baseline 0.009 -24"><span class='ocrx_word' id='word_1_330' title='bbox 2162 840 2234 894; x_wconf 84' lang='grc' dir='ltr'><strong>δι’</strong></span> <span class='ocrx_word' id='word_1_331' title='bbox 2251 834 2327 893; x_wconf 81' lang='grc' dir='ltr'><strong>ὧν</strong></span> <span class='ocrx_word' id='word_1_332' title='bbox 2368 842 2446 912; x_wconf 80' lang='grc' dir='ltr'><strong>τῷ</strong></span> <span class='ocrx_word' id='word_1_333' title='bbox 2482 842 2604 913; x_wconf 82' lang='grc' dir='ltr'><strong>Θεῷ</strong></span> <span class='ocrx_word' id='word_1_334' title='bbox 2641 844 2868 909; x_wconf 82' lang='grc' dir='ltr'><strong>τούτους</strong></span> <span class='ocrx_word' id='word_1_335' title='bbox 2911 847 2961 899; x_wconf 90' lang='grc' dir='ltr'><strong>οί</strong></span> <span class='ocrx_word' id='word_1_336' title='bbox 2998 848 3167 918; x_wconf 85' lang='grc' dir='ltr'><strong>ίερεῖς</strong></span> <span class='ocrx_word' id='word_1_337' title='bbox 3199 849 3604 918; x_wconf 75' lang='grc' dir='ltr'><strong>παρατίθενται,</strong></span> <span class='ocrx_word' id='word_1_338' title='bbox 3635 855 3715 907; x_wconf 80' lang='grc' dir='ltr'><strong>καί</strong></span> <span class='ocrx_word' id='word_1_339' title='bbox 3788 898 3801 917; x_wconf 39' lang='grc' dir='ltr'><strong>κ</strong></span> 
     </span>
    </p>
   </div>
   <div class='ocr_carea' id='block_1_52' title="bbox 2163 931 3714 1013">
    <p class='ocr_par' dir='ltr' id='par_1_52' title="bbox 2163 931 3714 1013">
     <span class='ocr_line' id='line_1_52' title="bbox 2163 931 3714 1013; baseline 0.007 -28"><span class='ocrx_word' id='word_1_340' title='bbox 2163 931 2222 985; x_wconf 67' lang='grc' dir='ltr'><strong>ἂν</strong></span> <span class='ocrx_word' id='word_1_341' title='bbox 2259 934 2381 997; x_wconf 81' lang='grc' dir='ltr'><strong>τατς</strong></span> <span class='ocrx_word' id='word_1_342' title='bbox 2409 933 2693 988; x_wconf 73' lang='grc' dir='ltr'><strong>ιπιθέσεσι</strong></span> <span class='ocrx_word' id='word_1_343' title='bbox 2740 937 2857 990; x_wconf 85' lang='grc' dir='ltr'><strong>τῶν</strong></span> <span class='ocrx_word' id='word_1_344' title='bbox 2897 938 3100 1009; x_wconf 81' lang='grc' dir='ltr'><strong>χειρῶν</strong></span> <span class='ocrx_word' id='word_1_345' title='bbox 3140 940 3235 992; x_wconf 63' lang='lat' dir='ltr'><strong>tut</strong></span> <span class='ocrx_word' id='word_1_346' title='bbox 3275 957 3337 993; x_wconf 91' lang='grc' dir='ltr'><strong>τε</strong></span> <span class='ocrx_word' id='word_1_347' title='bbox 3371 941 3480 995; x_wconf 81' lang='grc' dir='ltr'><strong>τῶν</strong></span> <span class='ocrx_word' id='word_1_348' title='bbox 3507 959 3714 1013; x_wconf 85' lang='grc' dir='ltr'><strong>χειροτο-</strong></span> 
     </span>
    </p>
   </div>
   <div class='ocr_carea' id='block_1_53' title="bbox 2163 1026 3710 1104">
    <p class='ocr_par' dir='ltr' id='par_1_53' title="bbox 2163 1026 3710 1104">
     <span class='ocr_line' id='line_1_53' title="bbox 2163 1026 3710 1104; baseline 0.008 -27"><span class='ocrx_word' id='word_1_349' title='bbox 2163 1026 2440 1095; x_wconf 78' lang='grc' dir='ltr'><strong>νουμένων</strong></span> <span class='ocrx_word' id='word_1_350' title='bbox 2483 1028 2579 1081; x_wconf 66' lang='grc' dir='ltr'><strong>καὶ</strong></span> <span class='ocrx_word' id='word_1_351' title='bbox 2606 1028 2716 1081; x_wconf 84' lang='grc' dir='ltr'><strong>τῶν</strong></span> <span class='ocrx_word' id='word_1_352' title='bbox 2751 1031 2809 1082; x_wconf 77' lang='grc' dir='ltr'><strong>ὲν</strong></span> <span class='ocrx_word' id='word_1_353' title='bbox 2842 1031 3106 1103; x_wconf 66' lang='grc' dir='ltr'><strong>μετανοίᾳ</strong></span> <span class='ocrx_word' id='word_1_354' title='bbox 3133 1034 3447 1104; x_wconf 78' lang='grc' dir='ltr'><strong>γενομένων</strong></span> <span class='ocrx_word' id='word_1_355' title='bbox 3468 1052 3483 1067; x_wconf 81' lang='grc'><strong>’</strong></span> <span class='ocrx_word' id='word_1_356' title='bbox 3537 1038 3627 1099; x_wconf 76' lang='grc' dir='ltr'><strong>τὰς</strong></span> <span class='ocrx_word' id='word_1_357' title='bbox 3662 1038 3710 1091; x_wconf 74' lang='grc' dir='ltr'><strong>δὲ</strong></span> 
     </span>
    </p>
   </div>
   <div class='ocr_carea' id='block_1_54' title="bbox 2162 1119 3709 1200">
    <p class='ocr_par' dir='ltr' id='par_1_54' title="bbox 2162 1119 3709 1200">
     <span class='ocr_line' id='line_1_54' title="bbox 2162 1119 3709 1200; baseline 0.008 -31"><span class='ocrx_word' id='word_1_358' title='bbox 2162 1121 2297 1187; x_wconf 85' lang='grc' dir='ltr'><strong>παρ’</strong></span> <span class='ocrx_word' id='word_1_359' title='bbox 2348 1119 2507 1173; x_wconf 73' lang='grc' dir='ltr'><strong>ἐνίων</strong></span> <span class='ocrx_word' id='word_1_360' title='bbox 2572 1121 2939 1193; x_wconf 72' lang='grc' dir='ltr'><strong>εἰσαγομένας</strong></span> <span class='ocrx_word' id='word_1_361' title='bbox 2996 1124 3123 1189; x_wconf 78' lang='grc' dir='ltr'><strong>νέας</strong></span> <span class='ocrx_word' id='word_1_362' title='bbox 3197 1126 3371 1195; x_wconf 78' lang='grc' dir='ltr'><strong>εὐχάς</strong></span> <span class='ocrx_word' id='word_1_363' title='bbox 3439 1129 3511 1200; x_wconf 81' lang='grc' dir='ltr'><strong>μὴ</strong></span> <span class='ocrx_word' id='word_1_364' title='bbox 3566 1146 3709 1199; x_wconf 76' lang='grc' dir='ltr'><strong>προτ-</strong></span> 
     </span>
    </p>
   </div>
   <div class='ocr_carea' id='block_1_55' title="bbox 2165 1210 3707 1289">
    <p class='ocr_par' dir='ltr' id='par_1_55' title="bbox 2165 1210 3707 1289">
     <span class='ocr_line' id='line_1_55' title="bbox 2165 1210 3707 1289; baseline 0.008 -27"><span class='ocrx_word' id='word_1_365' title='bbox 2165 1210 2367 1269; x_wconf 82' lang='grc' dir='ltr'><strong>ίεσθαι.</strong></span> <span class='ocrx_word' id='word_1_366' title='bbox 2408 1212 2592 1281; x_wconf 80' lang='grc' dir='ltr'><strong>’Δπερ</strong></span> <span class='ocrx_word' id='word_1_367' title='bbox 2643 1215 2756 1284; x_wconf 82' lang='grc' dir='ltr'><strong>γὰρ</strong></span> <span class='ocrx_word' id='word_1_368' title='bbox 2808 1215 2859 1269; x_wconf 88' lang='grc' dir='ltr'><strong>οί</strong></span> <span class='ocrx_word' id='word_1_369' title='bbox 2926 1217 3169 1289; x_wconf 78' lang='grc' dir='ltr'><strong>Πατέρες</strong></span> <span class='ocrx_word' id='word_1_370' title='bbox 3226 1218 3331 1272; x_wconf 77' lang='grc' dir='ltr'><strong>οὐκ</strong></span> <span class='ocrx_word' id='word_1_371' title='bbox 3388 1220 3707 1288; x_wconf 67' lang='grc' dir='ltr'><strong>ἐδοκίμασαν,</strong></span> 
     </span>
    </p>
   </div>
   <div class='ocr_carea' id='block_1_56' title="bbox 2160 1301 3705 1382">
    <p class='ocr_par' dir='ltr' id='par_1_56' title="bbox 2160 1301 3705 1382">
     <span class='ocr_line' id='line_1_56' title="bbox 2160 1301 3705 1382; baseline 0.008 -29"><span class='ocrx_word' id='word_1_372' title='bbox 2160 1301 2221 1354; x_wconf 83' lang='grc' dir='ltr'><strong>τὸ</strong></span> <span class='ocrx_word' id='word_1_373' title='bbox 2277 1303 2582 1372; x_wconf 74' lang='grc' dir='ltr'><strong>ἀμφίϐολον</strong></span> <span class='ocrx_word' id='word_1_374' title='bbox 2625 1305 2897 1376; x_wconf 78' lang='grc' dir='ltr'><strong>δήπουθεν</strong></span> <span class='ocrx_word' id='word_1_375' title='bbox 2945 1308 3085 1378; x_wconf 78' lang='grc' dir='ltr'><strong>ἔχει,</strong></span> <span class='ocrx_word' id='word_1_376' title='bbox 3130 1309 3221 1363; x_wconf 81' lang='grc' dir='ltr'><strong>καὶ</strong></span> <span class='ocrx_word' id='word_1_377' title='bbox 3276 1310 3397 1374; x_wconf 77' lang='grc' dir='ltr'><strong>δέος</strong></span> <span class='ocrx_word' id='word_1_378' title='bbox 3426 1311 3705 1382; x_wconf 73' lang='grc' dir='ltr'><strong>ὑποτρέχει,</strong></span> 
     </span>
    </p>
   </div>
   <div class='ocr_carea' id='block_1_57' title="bbox 2165 1398 3706 1479">
    <p class='ocr_par' dir='ltr' id='par_1_57' title="bbox 2165 1398 3706 1479">
     <span class='ocr_line' id='line_1_57' title="bbox 2165 1398 3706 1479; baseline 0.006 -28"><span class='ocrx_word' id='word_1_379' title='bbox 2165 1398 2241 1467; x_wconf 84' lang='grc' dir='ltr'><strong>μὴ</strong></span> <span class='ocrx_word' id='word_1_380' title='bbox 2292 1399 2404 1469; x_wconf 76' lang='grc' dir='ltr'><strong>ἄρα</strong></span> <span class='ocrx_word' id='word_1_381' title='bbox 2449 1400 2518 1453; x_wconf 85' lang='grc' dir='ltr'><strong>τὰ</strong></span> <span class='ocrx_word' id='word_1_382' title='bbox 2560 1403 2628 1472; x_wconf 71' lang='grc' dir='ltr'><strong>τῇ</strong></span> <span class='ocrx_word' id='word_1_383' title='bbox 2676 1401 2810 1473; x_wconf 80' lang='grc' dir='ltr'><strong>ὀρθῇ</strong></span> <span class='ocrx_word' id='word_1_384' title='bbox 2849 1402 2925 1473; x_wconf 76' lang='grc' dir='ltr'><strong>μὴ</strong></span> <span class='ocrx_word' id='word_1_385' title='bbox 2954 1401 3326 1473; x_wconf 73' lang='grc' dir='ltr'><strong>συμϐαίνοντα</strong></span> <span class='ocrx_word' id='word_1_386' title='bbox 3372 1406 3706 1479; x_wconf 81' lang='grc' dir='ltr'><strong>παρενείρωσι</strong></span> 
     </span>
    </p>
   </div>
   <div class='ocr_carea' id='block_1_58' title="bbox 2159 1490 2633 1550">
    <p class='ocr_par' dir='ltr' id='par_1_58' title="bbox 2159 1490 2633 1550">
     <span class='ocr_line' id='line_1_58' title="bbox 2159 1490 2633 1550; baseline 0.006 -1"><span class='ocrx_word' id='word_1_387' title='bbox 2159 1490 2368 1550; x_wconf 77' lang='grc' dir='ltr'><strong>πίστει.</strong></span> <span class='ocrx_word' id='word_1_388' title='bbox 2626 1516 2633 1525; x_wconf 91' lang='grc'><strong>·</strong></span> 
     </span>
    </p>
   </div>
   <div class='ocr_carea' id='block_1_59' title="bbox 2244 1669 3705 1745">
    <p class='ocr_par' dir='ltr' id='par_1_59' title="bbox 2244 1669 3705 1745">
     <span class='ocr_line' id='line_1_59' title="bbox 2244 1669 3705 1745; baseline 0.003 -20"><span class='ocrx_word' id='word_1_389' title='bbox 2244 1671 2303 1725; x_wconf 90' lang='lat'><strong>&#39;0</strong></span> <span class='ocrx_word' id='word_1_390' title='bbox 2330 1669 2388 1724; x_wconf 70' lang='grc' dir='ltr'><strong>δὲ</strong></span> <span class='ocrx_word' id='word_1_391' title='bbox 2417 1670 2518 1741; x_wconf 85' lang='grc' dir='ltr'><strong>τῆς</strong></span> <span class='ocrx_word' id='word_1_392' title='bbox 2551 1671 2611 1725; x_wconf 75' lang='grc' dir='ltr'><strong>ὲν</strong></span> <span class='ocrx_word' id='word_1_393' title='bbox 2640 1671 2934 1744; x_wconf 75' lang='grc' dir='ltr'><strong>Λαοδικείᾳ</strong></span> <span class='ocrx_word' id='word_1_394' title='bbox 2961 1671 3027 1725; x_wconf 75' lang='grc' dir='ltr'><strong>ιϐ’</strong></span> <span class='ocrx_word' id='word_1_395' title='bbox 3065 1673 3274 1740; x_wconf 85' lang='grc' dir='ltr'><strong>κανὼν,</strong></span> <span class='ocrx_word' id='word_1_396' title='bbox 3312 1674 3424 1737; x_wconf 86' lang='grc' dir='ltr'><strong>Τάς</strong></span> <span class='ocrx_word' id='word_1_397' title='bbox 3465 1675 3594 1745; x_wconf 75' lang='grc' dir='ltr'><strong>ὑπὲρ</strong></span> <span class='ocrx_word' id='word_1_398' title='bbox 3616 1677 3705 1729; x_wconf 81' lang='grc' dir='ltr'><strong>τῶν</strong></span> 
     </span>
    </p>
   </div>
   <div class='ocr_carea' id='block_1_60' title="bbox 2159 1765 3704 1837">
    <p class='ocr_par' dir='ltr' id='par_1_60' title="bbox 2159 1765 3704 1837">
     <span class='ocr_line' id='line_1_60' title="bbox 2159 1765 3704 1837; baseline 0.002 -18"><span class='ocrx_word' id='word_1_399' title='bbox 2159 1765 2608 1837; x_wconf 72' lang='grc' dir='ltr'><strong>κατηχουμένων,</strong></span> <span class='ocrx_word' id='word_1_400' title='bbox 2658 1767 2846 1835; x_wconf 68' lang='grc' dir='ltr'><strong>φησίν,</strong></span> <span class='ocrx_word' id='word_1_401' title='bbox 2881 1766 3048 1836; x_wconf 74' lang='grc' dir='ltr'><strong>εὐχὰς</strong></span> <span class='ocrx_word' id='word_1_402' title='bbox 3100 1767 3343 1837; x_wconf 83' lang='grc' dir='ltr'><strong>πρῶτον,</strong></span> <span class='ocrx_word' id='word_1_403' title='bbox 3386 1767 3477 1821; x_wconf 76' lang='grc' dir='ltr'><strong>καί</strong></span> <span class='ocrx_word' id='word_1_404' title='bbox 3514 1768 3614 1822; x_wconf 79' lang='grc' dir='ltr'><strong>τῶν</strong></span> <span class='ocrx_word' id='word_1_405' title='bbox 3655 1772 3704 1822; x_wconf 77' lang='grc' dir='ltr'><strong>ἑν</strong></span> 
     </span>
    </p>
   </div>
   <div class='ocr_carea' id='block_1_61' title="bbox 2162 1852 3701 1931">
    <p class='ocr_par' dir='ltr' id='par_1_61' title="bbox 2162 1852 3701 1931">
     <span class='ocr_line' id='line_1_61' title="bbox 2162 1852 3701 1931; baseline 0.002 -20"><span class='ocrx_word' id='word_1_406' title='bbox 2162 1856 2444 1929; x_wconf 76' lang='grc' dir='ltr'><strong>μετανοίᾳ,</strong></span> <span class='ocrx_word' id='word_1_407' title='bbox 2472 1852 2592 1911; x_wconf 77' lang='grc' dir='ltr'><strong>εἶτα</strong></span> <span class='ocrx_word' id='word_1_408' title='bbox 2614 1858 2725 1910; x_wconf 85' lang='grc' dir='ltr'><strong>τῶν</strong></span> <span class='ocrx_word' id='word_1_409' title='bbox 2749 1858 2956 1911; x_wconf 81' lang='grc' dir='ltr'><strong>πιστῶν</strong></span> <span class='ocrx_word' id='word_1_410' title='bbox 2985 1859 3229 1927; x_wconf 74' lang='grc' dir='ltr'><strong>γίνεσθαι</strong></span> <span class='ocrx_word' id='word_1_411' title='bbox 3254 1860 3335 1912; x_wconf 79' lang='grc' dir='ltr'><strong>δεῖ</strong></span> <span class='ocrx_word' id='word_1_412' title='bbox 3353 1876 3368 1891; x_wconf 87' lang='grc'><strong>·</strong></span> <span class='ocrx_word' id='word_1_413' title='bbox 3398 1857 3517 1915; x_wconf 75' lang='grc' dir='ltr'><strong>εῐτα</strong></span> <span class='ocrx_word' id='word_1_414' title='bbox 3543 1861 3701 1931; x_wconf 81' lang='grc' dir='ltr'><strong>μόνοις</strong></span> 
     </span>
    </p>
   </div>
   <div class='ocr_carea' id='block_1_62' title="bbox 2163 1948 3705 2021">
    <p class='ocr_par' dir='ltr' id='par_1_62' title="bbox 2163 1948 3705 2021">
     <span class='ocr_line' id='line_1_62' title="bbox 2163 1948 3705 2021; baseline 0.001 -17"><span class='ocrx_word' id='word_1_415' title='bbox 2163 1950 2366 2015; x_wconf 69' lang='grc' dir='ltr'><strong>ἐξεῖναι</strong></span> <span class='ocrx_word' id='word_1_416' title='bbox 2403 1948 2655 2013; x_wconf 75' lang='grc' dir='ltr'><strong>θεσπίζει</strong></span> <span class='ocrx_word' id='word_1_417' title='bbox 2690 1951 2806 2011; x_wconf 83' lang='grc' dir='ltr'><strong>τοῐς</strong></span> <span class='ocrx_word' id='word_1_418' title='bbox 2837 1950 3138 2021; x_wconf 72' lang='grc' dir='ltr'><strong>ἱερατικοῖς</strong></span> <span class='ocrx_word' id='word_1_419' title='bbox 3168 1952 3250 2013; x_wconf 88' lang='grc' dir='ltr'><strong>είς</strong></span> <span class='ocrx_word' id='word_1_420' title='bbox 3282 1951 3344 2003; x_wconf 70' lang='grc' dir='ltr'><strong>τὸ</strong></span> <span class='ocrx_word' id='word_1_421' title='bbox 3384 1952 3536 2018; x_wconf 75' lang='grc' dir='ltr'><strong>ἅγιον</strong></span> <span class='ocrx_word' id='word_1_422' title='bbox 3566 1954 3705 2006; x_wconf 78' lang='grc' dir='ltr'><strong>εἰσιέ-</strong></span> 
     </span>
    </p>
   </div>
   <div class='ocr_carea' id='block_1_63' title="bbox 2161 2040 3703 2113">
    <p class='ocr_par' dir='ltr' id='par_1_63' title="bbox 2161 2040 3703 2113">
     <span class='ocr_line' id='line_1_63' title="bbox 2161 2040 3703 2113; baseline 0 -17"><span class='ocrx_word' id='word_1_423' title='bbox 2161 2058 2248 2096; x_wconf 84' lang='grc' dir='ltr'><strong>ναι</strong></span> <span class='ocrx_word' id='word_1_424' title='bbox 2286 2040 2699 2110; x_wconf 79' lang='grc' dir='ltr'><strong>Θυσιαστήριον,</strong></span> <span class='ocrx_word' id='word_1_425' title='bbox 2732 2041 2827 2093; x_wconf 78' lang='grc' dir='ltr'><strong>καὶ</strong></span> <span class='ocrx_word' id='word_1_426' title='bbox 2857 2042 3157 2095; x_wconf 81' lang='grc' dir='ltr'><strong>κοινωνεῖν.</strong></span> <span class='ocrx_word' id='word_1_427' title='bbox 3195 2042 3361 2111; x_wconf 79' lang='grc' dir='ltr'><strong>Ζήτει</strong></span> <span class='ocrx_word' id='word_1_428' title='bbox 3383 2043 3479 2095; x_wconf 67' lang='grc' dir='ltr'><strong>καὶ</strong></span> <span class='ocrx_word' id='word_1_429' title='bbox 3496 2044 3548 2095; x_wconf 82' lang='grc' dir='ltr'><strong>ἐν</strong></span> <span class='ocrx_word' id='word_1_430' title='bbox 3575 2043 3642 2113; x_wconf 84' lang='grc' dir='ltr'><strong>τῷ</strong></span> <span class='ocrx_word' id='word_1_431' title='bbox 3666 2042 3703 2096; x_wconf 80' lang='grc' dir='ltr'><strong>θ’</strong></span> 
     </span>
    </p>
   </div>
   <div class='ocr_carea' id='block_1_64' title="bbox 2160 2129 3702 2204">
    <p class='ocr_par' dir='ltr' id='par_1_64' title="bbox 2160 2129 3702 2204">
     <span class='ocr_line' id='line_1_64' title="bbox 2160 2129 3702 2204; baseline -0.001 -17"><span class='ocrx_word' id='word_1_432' title='bbox 2160 2148 2288 2200; x_wconf 82' lang='grc' dir='ltr'><strong>κεφ.</strong></span> <span class='ocrx_word' id='word_1_433' title='bbox 2314 2130 2411 2184; x_wconf 76' lang='grc' dir='ltr'><strong>τοῦ</strong></span> <span class='ocrx_word' id='word_1_434' title='bbox 2444 2132 2488 2183; x_wconf 88' lang='grc' dir='ltr'><strong>Β</strong></span> <span class='ocrx_word' id='word_1_435' title='bbox 2513 2131 2781 2201; x_wconf 75' lang='grc' dir='ltr'><strong>στοιχείου</strong></span> <span class='ocrx_word' id='word_1_436' title='bbox 2807 2131 3009 2185; x_wconf 81' lang='grc' dir='ltr'><strong>κανόνα</strong></span> <span class='ocrx_word' id='word_1_437' title='bbox 3036 2130 3083 2184; x_wconf 89' lang='grc' dir='ltr'><strong>ε’</strong></span> <span class='ocrx_word' id='word_1_438' title='bbox 3106 2133 3202 2185; x_wconf 76' lang='grc' dir='ltr'><strong>καί</strong></span> <span class='ocrx_word' id='word_1_439' title='bbox 3221 2129 3270 2185; x_wconf 84' lang='grc' dir='ltr'><strong>κ’</strong></span> <span class='ocrx_word' id='word_1_440' title='bbox 3297 2134 3396 2204; x_wconf 77' lang='grc' dir='ltr'><strong>τῆς</strong></span> <span class='ocrx_word' id='word_1_441' title='bbox 3422 2134 3479 2186; x_wconf 80' lang='grc' dir='ltr'><strong>ὲν</strong></span> <span class='ocrx_word' id='word_1_442' title='bbox 3503 2133 3702 2204; x_wconf 70' lang='grc' dir='ltr'><strong>Γάγγρᾳ</strong></span> 
     </span>
    </p>
   </div>
   <div class='ocr_carea' id='block_1_65' title="bbox 2161 2223 2404 2277">
    <p class='ocr_par' dir='ltr' id='par_1_65' title="bbox 2161 2223 2404 2277">
     <span class='ocr_line' id='line_1_65' title="bbox 2161 2223 2404 2277; baseline -0.016 0"><span class='ocrx_word' id='word_1_443' title='bbox 2161 2223 2404 2277; x_wconf 79' lang='grc' dir='ltr'><strong>συνόδου.</strong></span> 
     </span>
    </p>
   </div>
   <div class='ocr_carea' id='block_1_66' title="bbox 2241 2312 3701 2388">
    <p class='ocr_par' dir='ltr' id='par_1_66' title="bbox 2241 2312 3701 2388">
     <span class='ocr_line' id='line_1_66' title="bbox 2241 2312 3701 2388; baseline 0.002 -20"><span class='ocrx_word' id='word_1_444' title='bbox 2241 2314 2300 2368; x_wconf 86' lang='grc'><strong>’0</strong></span> <span class='ocrx_word' id='word_1_445' title='bbox 2328 2313 2386 2367; x_wconf 83' lang='grc' dir='ltr'><strong>δὲ</strong></span> <span class='ocrx_word' id='word_1_446' title='bbox 2417 2312 2513 2383; x_wconf 84' lang='grc' dir='ltr'><strong>ριδ⁸</strong></span> <span class='ocrx_word' id='word_1_447' title='bbox 2550 2314 2648 2383; x_wconf 81' lang='grc' dir='ltr'><strong>τῆς</strong></span> <span class='ocrx_word' id='word_1_448' title='bbox 2688 2316 2745 2366; x_wconf 81' lang='grc' dir='ltr'><strong>ὲν</strong></span> <span class='ocrx_word' id='word_1_449' title='bbox 2770 2314 3097 2388; x_wconf 73' lang='grc' dir='ltr'><strong>Καρθαγένῃ</strong></span> <span class='ocrx_word' id='word_1_450' title='bbox 3135 2316 3379 2381; x_wconf 80' lang='grc' dir='ltr'><strong>συνόδου,</strong></span> <span class='ocrx_word' id='word_1_451' title='bbox 3413 2317 3502 2370; x_wconf 73' lang='grc' dir='ltr'><strong>τοῦ</strong></span> <span class='ocrx_word' id='word_1_452' title='bbox 3535 2318 3701 2373; x_wconf 74' lang='grc' dir='ltr'><strong>ἀναθέ-</strong></span> 
     </span>
    </p>
   </div>
   <div class='ocr_carea' id='block_1_67' title="bbox 2160 2407 3700 2481">
    <p class='ocr_par' dir='ltr' id='par_1_67' title="bbox 2160 2407 3700 2481">
     <span class='ocr_line' id='line_1_67' title="bbox 2160 2407 3700 2481; baseline 0.002 -20"><span class='ocrx_word' id='word_1_453' title='bbox 2160 2423 2328 2479; x_wconf 88' lang='grc' dir='ltr'><strong>ματος</strong></span> <span class='ocrx_word' id='word_1_454' title='bbox 2353 2407 2498 2472; x_wconf 79' lang='grc' dir='ltr'><strong>ἀξιοῖ</strong></span> <span class='ocrx_word' id='word_1_455' title='bbox 2524 2408 2615 2460; x_wconf 83' lang='grc' dir='ltr'><strong>τὸν</strong></span> <span class='ocrx_word' id='word_1_456' title='bbox 2632 2407 2882 2478; x_wconf 82' lang='grc' dir='ltr'><strong>οίόμενον</strong></span> <span class='ocrx_word' id='word_1_457' title='bbox 2918 2409 2993 2479; x_wconf 78' lang='grc' dir='ltr'><strong>μὴ</strong></span> <span class='ocrx_word' id='word_1_458' title='bbox 3025 2410 3265 2481; x_wconf 80' lang='grc' dir='ltr'><strong>ἀληθῶς,</strong></span> <span class='ocrx_word' id='word_1_459' title='bbox 3298 2410 3438 2464; x_wconf 87' lang='grc' dir='ltr'><strong>ἀλλά</strong></span> <span class='ocrx_word' id='word_1_460' title='bbox 3460 2412 3700 2464; x_wconf 80' lang='grc' dir='ltr'><strong>ταπεινώ-</strong></span> 
     </span>
    </p>
   </div>
   <div class='ocr_carea' id='block_1_68' title="bbox 2158 2498 3700 2577">
    <p class='ocr_par' dir='ltr' id='par_1_68' title="bbox 2158 2498 3700 2577">
     <span class='ocr_line' id='line_1_68' title="bbox 2158 2498 3700 2577; baseline 0.003 -24"><span class='ocrx_word' id='word_1_461' title='bbox 2158 2517 2297 2563; x_wconf 86' lang='grc' dir='ltr'><strong>σεως</strong></span> <span class='ocrx_word' id='word_1_462' title='bbox 2334 2498 2498 2572; x_wconf 81' lang='grc' dir='ltr'><strong>χάριν</strong></span> <span class='ocrx_word' id='word_1_463' title='bbox 2549 2500 2922 2577; x_wconf 57' lang='grc' dir='ltr'><strong>παραινοῦνξα</strong></span> <span class='ocrx_word' id='word_1_464' title='bbox 2952 2503 3104 2572; x_wconf 79' lang='grc' dir='ltr'><strong>ἡμᾶς</strong></span> <span class='ocrx_word' id='word_1_465' title='bbox 3130 2503 3221 2555; x_wconf 72' lang='grc' dir='ltr'><strong>τὸν</strong></span> <span class='ocrx_word' id='word_1_466' title='bbox 3249 2503 3407 2572; x_wconf 72' lang='grc' dir='ltr'><strong>ἅγιον</strong></span> <span class='ocrx_word' id='word_1_467' title='bbox 3435 2504 3700 2557; x_wconf 71' lang='grc' dir='ltr'><strong>ἀπόστολον</strong></span> 
     </span>
    </p>
   </div>
   <div class='ocr_carea' id='block_1_69' title="bbox 2155 2594 3751 2669">
    <p class='ocr_par' dir='ltr' id='par_1_69' title="bbox 2155 2594 3751 2669">
     <span class='ocr_line' id='line_1_69' title="bbox 2155 2594 3751 2669; baseline -0.001 -20"><span class='ocrx_word' id='word_1_468' title='bbox 2155 2595 2411 2665; x_wconf 76' lang='grc' dir='ltr'><strong>Ἰωάννην</strong></span> <span class='ocrx_word' id='word_1_469' title='bbox 2447 2594 2650 2664; x_wconf 80' lang='grc' dir='ltr'><strong>λέγειν,</strong></span> <span class='ocrx_word' id='word_1_470' title='bbox 2690 2596 2822 2650; x_wconf 72' lang='grc' dir='ltr'><strong>Ἐὰν</strong></span> <span class='ocrx_word' id='word_1_471' title='bbox 2856 2599 3448 2669; x_wconf 73' lang='grc' dir='ltr'><strong>είπωμεν,⁹Αμαρτίαν</strong></span> <span class='ocrx_word' id='word_1_472' title='bbox 3481 2599 3575 2652; x_wconf 79' lang='grc' dir='ltr'><strong>οὐκ</strong></span> <span class='ocrx_word' id='word_1_473' title='bbox 3599 2599 3698 2669; x_wconf 66' lang='grc' dir='ltr'><strong>ἔχου</strong></span> <span class='ocrx_word' id='word_1_474' title='bbox 3736 2628 3751 2647; x_wconf 78' lang='lat'><strong><em>\</em></strong></span> 
     </span>
    </p>
   </div>
   <div class='ocr_carea' id='block_1_70' title="bbox 2157 2684 3697 2761">
    <p class='ocr_par' dir='ltr' id='par_1_70' title="bbox 2157 2684 3697 2761">
     <span class='ocr_line' id='line_1_70' title="bbox 2157 2684 3697 2761; baseline 0.002 -20"><span class='ocrx_word' id='word_1_475' title='bbox 2157 2684 2276 2757; x_wconf 71' lang='grc' dir='ltr'><strong>μεν,</strong></span> <span class='ocrx_word' id='word_1_476' title='bbox 2318 2688 2544 2751; x_wconf 75' lang='grc' dir='ltr'><strong>ἑαυτοὺς</strong></span> <span class='ocrx_word' id='word_1_477' title='bbox 2573 2688 2897 2759; x_wconf 85' lang='grc' dir='ltr'><strong>ἀπατῶμεν,</strong></span> <span class='ocrx_word' id='word_1_478' title='bbox 2928 2692 3028 2743; x_wconf 78' lang='grc' dir='ltr'><strong>καὶ</strong></span> <span class='ocrx_word' id='word_1_479' title='bbox 3084 2692 3317 2761; x_wconf 81' lang='grc' dir='ltr'><strong>ἀλήθεια</strong></span> <span class='ocrx_word' id='word_1_480' title='bbox 3368 2694 3426 2744; x_wconf 72' lang='grc' dir='ltr'><strong>ἐν</strong></span> <span class='ocrx_word' id='word_1_481' title='bbox 3459 2692 3586 2761; x_wconf 70' lang='grc' dir='ltr'><strong>ἡμῖν</strong></span> <span class='ocrx_word' id='word_1_482' title='bbox 3613 2693 3697 2746; x_wconf 79' lang='grc' dir='ltr'><strong>οὐκ</strong></span> 
     </span>
    </p>
   </div>
   <div class='ocr_carea' id='block_1_71' title="bbox 2154 2779 3699 2852">
    <p class='ocr_par' dir='ltr' id='par_1_71' title="bbox 2154 2779 3699 2852">
     <span class='ocr_line' id='line_1_71' title="bbox 2154 2779 3699 2852; baseline 0.001 -19"><span class='ocrx_word' id='word_1_483' title='bbox 2154 2779 2322 2834; x_wconf 78' lang='grc' dir='ltr'><strong>ἐστιν.</strong></span> <span class='ocrx_word' id='word_1_484' title='bbox 2355 2779 2453 2833; x_wconf 82' lang='grc' dir='ltr'><strong>Ἐκ</strong></span> <span class='ocrx_word' id='word_1_485' title='bbox 2495 2779 2603 2851; x_wconf 89' lang='grc' dir='ltr'><strong>γάρ</strong></span> <span class='ocrx_word' id='word_1_486' title='bbox 2641 2780 2754 2835; x_wconf 87' lang='grc' dir='ltr'><strong>τῶν</strong></span> <span class='ocrx_word' id='word_1_487' title='bbox 2788 2781 2921 2851; x_wconf 77' lang='grc' dir='ltr'><strong>ἑξῆς</strong></span> <span class='ocrx_word' id='word_1_488' title='bbox 2973 2783 3241 2852; x_wconf 79' lang='grc' dir='ltr'><strong>ῥημάτων</strong></span> <span class='ocrx_word' id='word_1_489' title='bbox 3290 2784 3391 2852; x_wconf 79' lang='grc' dir='ltr'><strong>τῆς</strong></span> <span class='ocrx_word' id='word_1_490' title='bbox 3438 2783 3699 2852; x_wconf 72' lang='grc' dir='ltr'><strong>ἐπιστολῆς</strong></span> 
     </span>
    </p>
   </div>
   <div class='ocr_carea' id='block_1_72' title="bbox 2148 2872 3698 2945">
    <p class='ocr_par' dir='ltr' id='par_1_72' title="bbox 2148 2872 3698 2945">
     <span class='ocr_line' id='line_1_72' title="bbox 2148 2872 3698 2945; baseline 0 -18"><span class='ocrx_word' id='word_1_491' title='bbox 2148 2873 2422 2927; x_wconf 79' lang='grc' dir='ltr'><strong>δείκνυται</strong></span> <span class='ocrx_word' id='word_1_492' title='bbox 2480 2873 2764 2945; x_wconf 74' lang='grc' dir='ltr'><strong>προδήλως</strong></span> <span class='ocrx_word' id='word_1_493' title='bbox 2801 2872 2898 2927; x_wconf 77' lang='grc' dir='ltr'><strong>τοῦ</strong></span> <span class='ocrx_word' id='word_1_494' title='bbox 2961 2874 3267 2929; x_wconf 84' lang='grc' dir='ltr'><strong>ἀποστόλου</strong></span> <span class='ocrx_word' id='word_1_495' title='bbox 3324 2876 3357 2945; x_wconf 77' lang='grc' dir='ltr'><strong>ἡ</strong></span> <span class='ocrx_word' id='word_1_496' title='bbox 3397 2874 3588 2939; x_wconf 81' lang='grc' dir='ltr'><strong>ἔννοια,</strong></span> <span class='ocrx_word' id='word_1_497' title='bbox 3619 2877 3698 2927; x_wconf 78' lang='grc' dir='ltr'><strong>ἐπ-</strong></span> 
     </span>
    </p>
   </div>
   <div class='ocr_carea' id='block_1_73' title="bbox 2152 2966 3696 3038">
    <p class='ocr_par' dir='ltr' id='par_1_73' title="bbox 2152 2966 3696 3038">
     <span class='ocr_line' id='line_1_73' title="bbox 2152 2966 3696 3038; baseline -0.001 -17"><span class='ocrx_word' id='word_1_498' title='bbox 2152 2967 2413 3035; x_wconf 86' lang='grc' dir='ltr'><strong>ἀγοντος’</strong></span> <span class='ocrx_word' id='word_1_499' title='bbox 2475 2966 2605 3021; x_wconf 74' lang='grc' dir='ltr'><strong>Ἐὰν</strong></span> <span class='ocrx_word' id='word_1_500' title='bbox 2671 2967 2729 3019; x_wconf 78' lang='grc' dir='ltr'><strong>δὲ</strong></span> <span class='ocrx_word' id='word_1_501' title='bbox 2784 2967 3214 3038; x_wconf 81' lang='grc' dir='ltr'><strong>ὁμολογήσωμεν</strong></span> <span class='ocrx_word' id='word_1_502' title='bbox 3291 2968 3390 3031; x_wconf 85' lang='grc' dir='ltr'><strong>τὰς</strong></span> <span class='ocrx_word' id='word_1_503' title='bbox 3448 2969 3696 3038; x_wconf 77' lang='grc' dir='ltr'><strong>ἁμαρτίας</strong></span> 
     </span>
    </p>
   </div>
   <div class='ocr_carea' id='block_1_74' title="bbox 2150 3055 3697 3131">
    <p class='ocr_par' dir='ltr' id='par_1_74' title="bbox 2150 3055 3697 3131">
     <span class='ocr_line' id='line_1_74' title="bbox 2150 3055 3697 3131; baseline -0.003 -19"><span class='ocrx_word' id='word_1_504' title='bbox 2150 3058 2334 3129; x_wconf 82' lang='grc' dir='ltr'><strong>ήμῶν,</strong></span> <span class='ocrx_word' id='word_1_505' title='bbox 2364 3057 2557 3131; x_wconf 82' lang='grc' dir='ltr'><strong>πιστρς</strong></span> <span class='ocrx_word' id='word_1_506' title='bbox 2599 3058 2716 3109; x_wconf 78' lang='grc' dir='ltr'><strong>ἔστι</strong></span> <span class='ocrx_word' id='word_1_507' title='bbox 2771 3056 2868 3110; x_wconf 76' lang='grc' dir='ltr'><strong>καὶ</strong></span> <span class='ocrx_word' id='word_1_508' title='bbox 2924 3055 3157 3122; x_wconf 80' lang='grc' dir='ltr'><strong>δίκαιος,</strong></span> <span class='ocrx_word' id='word_1_509' title='bbox 3185 3056 3337 3120; x_wconf 81' lang='grc' dir='ltr'><strong>ὅστις</strong></span> <span class='ocrx_word' id='word_1_510' title='bbox 3368 3058 3559 3127; x_wconf 72' lang='grc' dir='ltr'><strong>ἀφήσει</strong></span> <span class='ocrx_word' id='word_1_511' title='bbox 3585 3056 3697 3108; x_wconf 74' lang='grc' dir='ltr'><strong>ταῦ-</strong></span> 
     </span>
    </p>
   </div>
   <div class='ocr_carea' id='block_1_75' title="bbox 2151 3146 3696 3220">
    <p class='ocr_par' dir='ltr' id='par_1_75' title="bbox 2151 3146 3696 3220">
     <span class='ocr_line' id='line_1_75' title="bbox 2151 3146 3696 3220; baseline 0 -18"><span class='ocrx_word' id='word_1_512' title='bbox 2151 3164 2253 3210; x_wconf 90' lang='grc' dir='ltr'><strong>τας</strong></span> <span class='ocrx_word' id='word_1_513' title='bbox 2315 3148 2469 3220; x_wconf 69' lang='grc' dir='ltr'><strong>ἡμῖν,</strong></span> <span class='ocrx_word' id='word_1_514' title='bbox 2531 3147 2627 3200; x_wconf 81' lang='grc' dir='ltr'><strong>καί</strong></span> <span class='ocrx_word' id='word_1_515' title='bbox 2681 3146 2973 3219; x_wconf 84' lang='grc' dir='ltr'><strong>καθαρίσει</strong></span> <span class='ocrx_word' id='word_1_516' title='bbox 3021 3148 3173 3219; x_wconf 74' lang='grc' dir='ltr'><strong>ἡμᾶς</strong></span> <span class='ocrx_word' id='word_1_517' title='bbox 3230 3149 3340 3203; x_wconf 82' lang='grc' dir='ltr'><strong>ἀπὸ</strong></span> <span class='ocrx_word' id='word_1_518' title='bbox 3379 3148 3551 3219; x_wconf 82' lang='grc' dir='ltr'><strong>πάσης</strong></span> <span class='ocrx_word' id='word_1_519' title='bbox 3599 3149 3696 3202; x_wconf 80' lang='grc' dir='ltr'><strong>ἁδι-</strong></span> 
     </span>
    </p>
   </div>
   <div class='ocr_carea' id='block_1_76' title="bbox 2230 3332 3693 3408">
    <p class='ocr_par' dir='ltr' id='par_1_76' title="bbox 2230 3332 3693 3408">
     <span class='ocr_line' id='line_1_76' title="bbox 2230 3332 3693 3408; baseline -0.001 -21"><span class='ocrx_word' id='word_1_520' title='bbox 2230 3332 2290 3387; x_wconf 83' lang='grc' dir='ltr'>Ὀ</span> <span class='ocrx_word' id='word_1_521' title='bbox 2335 3332 2394 3385; x_wconf 76' lang='grc' dir='ltr'><strong>δὲ</strong></span> <span class='ocrx_word' id='word_1_522' title='bbox 2436 3339 2535 3400; x_wconf 79' lang='grc' dir='ltr'><strong>ριε¹</strong></span> <span class='ocrx_word' id='word_1_523' title='bbox 2562 3335 2659 3387; x_wconf 77' lang='grc' dir='ltr'><strong>καὶ</strong></span> <span class='ocrx_word' id='word_1_524' title='bbox 2698 3339 2811 3403; x_wconf 82' lang='grc' dir='ltr'><strong>ρις¹</strong></span> <span class='ocrx_word' id='word_1_525' title='bbox 2849 3334 2940 3387; x_wconf 84' lang='grc' dir='ltr'><strong>τδν</strong></span> <span class='ocrx_word' id='word_1_526' title='bbox 2985 3334 3327 3408; x_wconf 77' lang='grc' dir='ltr'><strong>ὑπειληφότα</strong></span> <span class='ocrx_word' id='word_1_527' title='bbox 3369 3334 3488 3398; x_wconf 70' lang='grc' dir='ltr'><strong>τοὺς</strong></span> <span class='ocrx_word' id='word_1_528' title='bbox 3524 3334 3693 3401; x_wconf 76' lang='grc' dir='ltr'><strong>ἁγίους</strong></span> 
     </span>
    </p>
   </div>
   <div class='ocr_carea' id='block_1_77' title="bbox 2146 3423 3693 3499">
    <p class='ocr_par' dir='ltr' id='par_1_77' title="bbox 2146 3423 3693 3499">
     <span class='ocr_line' id='line_1_77' title="bbox 2146 3423 3693 3499; baseline -0.005 -15"><span class='ocrx_word' id='word_1_529' title='bbox 2146 3423 2333 3492; x_wconf 78' lang='grc' dir='ltr'><strong>λέγειν</strong></span> <span class='ocrx_word' id='word_1_530' title='bbox 2362 3424 2462 3488; x_wconf 79' lang='grc' dir='ltr'><strong>μὲν</strong></span> <span class='ocrx_word' id='word_1_531' title='bbox 2483 3424 2754 3494; x_wconf 75' lang='grc' dir='ltr'><strong>τδ,¹Ἀφες</strong></span> <span class='ocrx_word' id='word_1_532' title='bbox 2783 3426 2918 3496; x_wconf 75' lang='grc' dir='ltr'><strong>ἡμῖν</strong></span> <span class='ocrx_word' id='word_1_533' title='bbox 2938 3428 3007 3481; x_wconf 80' lang='grc' dir='ltr'><strong>τά</strong></span> <span class='ocrx_word' id='word_1_534' title='bbox 3036 3429 3391 3499; x_wconf 77' lang='grc' dir='ltr'><strong>ὀφειλήματα</strong></span> <span class='ocrx_word' id='word_1_535' title='bbox 3416 3426 3693 3496; x_wconf 61' lang='lat' dir='ltr'><strong>quiiminu-</strong></span> 
     </span>
    </p>
   </div>
   <div class='ocr_carea' id='block_1_78' title="bbox 2148 3514 3691 3591">
    <p class='ocr_par' dir='ltr' id='par_1_78' title="bbox 2148 3514 3691 3591">
     <span class='ocr_line' id='line_1_78' title="bbox 2148 3514 3691 3591; baseline 0.005 -23"><span class='ocrx_word' id='word_1_536' title='bbox 2148 3516 2276 3579; x_wconf 78' lang='grc' dir='ltr'><strong>τοὺς</strong></span> <span class='ocrx_word' id='word_1_537' title='bbox 2309 3515 2364 3570; x_wconf 80' lang='grc' dir='ltr'><strong>δὲ</strong></span> <span class='ocrx_word' id='word_1_538' title='bbox 2387 3514 2498 3570; x_wconf 85' lang='grc' dir='ltr'><strong>τῶν</strong></span> <span class='ocrx_word' id='word_1_539' title='bbox 2522 3516 2859 3587; x_wconf 78' lang='grc' dir='ltr'><strong>ὀφλημάτων</strong></span> <span class='ocrx_word' id='word_1_540' title='bbox 2912 3519 3178 3591; x_wconf 73' lang='grc' dir='ltr'><strong>ἐξαίρειν,</strong></span> <span class='ocrx_word' id='word_1_541' title='bbox 3225 3520 3352 3574; x_wconf 71' lang='grc' dir='ltr'><strong>οὐδὲ</strong></span> <span class='ocrx_word' id='word_1_542' title='bbox 3383 3521 3489 3587; x_wconf 76' lang='grc' dir='ltr'><strong>γὰρ</strong></span> <span class='ocrx_word' id='word_1_543' title='bbox 3533 3518 3691 3576; x_wconf 76' lang='grc' dir='ltr'><strong>αὐτοῖς</strong></span> 
     </span>
    </p>
   </div>
   <div class='ocr_carea' id='block_1_79' title="bbox 2146 3603 3687 3682">
    <p class='ocr_par' dir='ltr' id='par_1_79' title="bbox 2146 3603 3687 3682">
     <span class='ocr_line' id='line_1_79' title="bbox 2146 3603 3687 3682; baseline 0.001 -20"><span class='ocrx_word' id='word_1_544' title='bbox 2146 3603 2286 3662; x_wconf 79' lang='grc' dir='ltr'><strong>εῖναι</strong></span> <span class='ocrx_word' id='word_1_545' title='bbox 2339 3608 2550 3678; x_wconf 79' lang='grc' dir='ltr'><strong>ταύτην</strong></span> <span class='ocrx_word' id='word_1_546' title='bbox 2593 3609 2693 3680; x_wconf 83' lang='grc' dir='ltr'><strong>τὴν</strong></span> <span class='ocrx_word' id='word_1_547' title='bbox 2746 3611 3081 3682; x_wconf 84' lang='grc' dir='ltr'><strong>παραίτησιν</strong></span> <span class='ocrx_word' id='word_1_548' title='bbox 3131 3613 3277 3669; x_wconf 82' lang='grc' dir='ltr'><strong>πάνυ</strong></span> <span class='ocrx_word' id='word_1_549' title='bbox 3316 3629 3372 3665; x_wconf 89' lang='grc' dir='ltr'><strong>τι</strong></span> <span class='ocrx_word' id='word_1_550' title='bbox 3402 3612 3687 3679; x_wconf 69' lang='grc' dir='ltr'><strong>ἀναγκαῖον,</strong></span> 
     </span>
    </p>
   </div>
   <div class='ocr_carea' id='block_1_80' title="bbox 2146 3700 3687 3775">
    <p class='ocr_par' dir='ltr' id='par_1_80' title="bbox 2146 3700 3687 3775">
     <span class='ocr_line' id='line_1_80' title="bbox 2146 3700 3687 3775; baseline 0 -20"><span class='ocrx_word' id='word_1_551' title='bbox 2146 3700 2283 3755; x_wconf 79' lang='grc' dir='ltr'><strong>ἀλλὰ</strong></span> <span class='ocrx_word' id='word_1_552' title='bbox 2341 3702 2457 3763; x_wconf 88' lang='grc' dir='ltr'><strong>τοῖς</strong></span> <span class='ocrx_word' id='word_1_553' title='bbox 2495 3703 2554 3756; x_wconf 80' lang='grc' dir='ltr'><strong>ὲν</strong></span> <span class='ocrx_word' id='word_1_554' title='bbox 2594 3702 2673 3773; x_wconf 82' lang='grc' dir='ltr'><strong>τῷ</strong></span> <span class='ocrx_word' id='word_1_555' title='bbox 2716 3703 2833 3775; x_wconf 81' lang='grc' dir='ltr'><strong>λαῷ</strong></span> <span class='ocrx_word' id='word_1_556' title='bbox 2867 3705 3270 3775; x_wconf 78' lang='grc' dir='ltr'><strong>ἁμαρτάνουσι,</strong></span> <span class='ocrx_word' id='word_1_557' title='bbox 3309 3705 3390 3775; x_wconf 86' lang='grc' dir='ltr'><strong>τῷ</strong></span> <span class='ocrx_word' id='word_1_558' title='bbox 3420 3705 3687 3775; x_wconf 80' lang='grc' dir='ltr'><strong>ἀναθέματι</strong></span> 
     </span>
    </p>
   </div>
   <div class='ocr_carea' id='block_1_81' title="bbox 2146 3792 3685 3871">
    <p class='ocr_par' dir='ltr' id='par_1_81' title="bbox 2146 3792 3685 3871">
     <span class='ocr_line' id='line_1_81' title="bbox 2146 3792 3685 3871; baseline 0.003 -27"><span class='ocrx_word' id='word_1_559' title='bbox 2146 3792 2636 3864; x_wconf 81' lang='grc' dir='ltr'><strong>παραπέμπουσιν.</strong></span> <span class='ocrx_word' id='word_1_560' title='bbox 2658 3796 2782 3849; x_wconf 82' lang='grc' dir='ltr'><strong>Ὀτι</strong></span> <span class='ocrx_word' id='word_1_561' title='bbox 2808 3796 2917 3869; x_wconf 84' lang='grc' dir='ltr'><strong>γὰρ</strong></span> <span class='ocrx_word' id='word_1_562' title='bbox 2954 3798 3057 3853; x_wconf 81' lang='grc' dir='ltr'><strong>οὐκ</strong></span> <span class='ocrx_word' id='word_1_563' title='bbox 3086 3799 3256 3871; x_wconf 83' lang='grc' dir='ltr'><strong>εὐχῆς</strong></span> <span class='ocrx_word' id='word_1_564' title='bbox 3274 3799 3560 3870; x_wconf 82' lang='grc' dir='ltr'><strong>πρόσχημα</strong></span> <span class='ocrx_word' id='word_1_565' title='bbox 3592 3796 3685 3851; x_wconf 74' lang='grc' dir='ltr'><strong>οὐδ’</strong></span> 
     </span>
    </p>
   </div>
   <div class='ocr_carea' id='block_1_82' title="bbox 2144 3882 3683 3962">
    <p class='ocr_par' dir='ltr' id='par_1_82' title="bbox 2144 3882 3683 3962">
     <span class='ocr_line' id='line_1_82' title="bbox 2144 3882 3683 3962; baseline 0.005 -26"><span class='ocrx_word' id='word_1_566' title='bbox 2144 3882 2436 3953; x_wconf 82' lang='grc' dir='ltr'><strong>ὑπόκρισις</strong></span> <span class='ocrx_word' id='word_1_567' title='bbox 2485 3887 2878 3959; x_wconf 85' lang='grc' dir='ltr'><strong>ταπεινότητος</strong></span> <span class='ocrx_word' id='word_1_568' title='bbox 2928 3895 3040 3953; x_wconf 80' lang='grc' dir='ltr'><strong>τοῖς</strong></span> <span class='ocrx_word' id='word_1_569' title='bbox 3095 3891 3275 3957; x_wconf 81' lang='grc' dir='ltr'><strong>ἁγίοις</strong></span> <span class='ocrx_word' id='word_1_570' title='bbox 3327 3891 3528 3962; x_wconf 79' lang='grc' dir='ltr'><strong>ὑπῆρξέ</strong></span> <span class='ocrx_word' id='word_1_571' title='bbox 3553 3907 3683 3954; x_wconf 80' lang='grc' dir='ltr'><strong>ποτε,</strong></span> 
     </span>
    </p>
   </div>
   <div class='ocr_carea' id='block_1_83' title="bbox 2143 3969 3684 4050">
    <p class='ocr_par' dir='ltr' id='par_1_83' title="bbox 2143 3969 3684 4050">
     <span class='ocr_line' id='line_1_83' title="bbox 2143 3969 3684 4050; baseline 0.005 -23"><span class='ocrx_word' id='word_1_572' title='bbox 2143 3969 2259 4027; x_wconf 82' lang='grc' dir='ltr'><strong>ἀλλ’</strong></span> <span class='ocrx_word' id='word_1_573' title='bbox 2287 3972 2494 4043; x_wconf 76' lang='grc' dir='ltr'><strong>ἀληθὴς</strong></span> <span class='ocrx_word' id='word_1_574' title='bbox 2549 3974 2776 4043; x_wconf 78' lang='grc' dir='ltr'><strong>καρδίας</strong></span> <span class='ocrx_word' id='word_1_575' title='bbox 2809 3978 3095 4050; x_wconf 79' lang='grc' dir='ltr'><strong>συντρισὴ,</strong></span> <span class='ocrx_word' id='word_1_576' title='bbox 3124 3980 3279 4049; x_wconf 79' lang='grc' dir='ltr'><strong>δηλοῖ</strong></span> <span class='ocrx_word' id='word_1_577' title='bbox 3315 3981 3345 4033; x_wconf 85' lang='grc' dir='ltr'><strong>ό</strong></span> <span class='ocrx_word' id='word_1_578' title='bbox 3393 3981 3556 4048; x_wconf 80' lang='grc' dir='ltr'><strong>μέγας</strong></span> <span class='ocrx_word' id='word_1_579' title='bbox 3599 3979 3684 4033; x_wconf 70' lang='grc' dir='ltr'><strong>’ίάο</strong></span> 
     </span>
    </p>
   </div>
   <div class='ocr_carea' id='block_1_84' title="bbox 2143 4055 3684 4140">
    <p class='ocr_par' dir='ltr' id='par_1_84' title="bbox 2143 4055 3684 4140">
     <span class='ocr_line' id='line_1_84' title="bbox 2143 4055 3684 4140; baseline 0.005 -27"><span class='ocrx_word' id='word_1_580' title='bbox 2143 4059 2341 4128; x_wconf 78' lang='grc' dir='ltr'><strong>κωϐος,</strong></span> <span class='ocrx_word' id='word_1_581' title='bbox 2387 4055 2490 4115; x_wconf 84' lang='grc' dir='ltr'><strong>ὦδέ</strong></span> <span class='ocrx_word' id='word_1_582' title='bbox 2537 4081 2612 4134; x_wconf 87' lang='grc' dir='ltr'><strong>πη</strong></span> <span class='ocrx_word' id='word_1_583' title='bbox 2647 4062 2856 4133; x_wconf 78' lang='grc' dir='ltr'><strong>λέγων·</strong></span> <span class='ocrx_word' id='word_1_584' title='bbox 2908 4067 2998 4120; x_wconf 86' lang='grc' dir='ltr'><strong>Ἐν</strong></span> <span class='ocrx_word' id='word_1_585' title='bbox 3053 4068 3273 4133; x_wconf 83' lang='grc' dir='ltr'><strong>πολλοῖς</strong></span> <span class='ocrx_word' id='word_1_586' title='bbox 3324 4070 3684 4140; x_wconf 74' lang='grc' dir='ltr'><strong>ἁμαρτάνομεν</strong></span> 
     </span>
    </p>
   </div>
   <div class='ocr_carea' id='block_1_85' title="bbox 2142 4152 3685 4232">
    <p class='ocr_par' dir='ltr' id='par_1_85' title="bbox 2142 4152 3685 4232">
     <span class='ocr_line' id='line_1_85' title="bbox 2142 4152 3685 4232; baseline 0.001 -25"><span class='ocrx_word' id='word_1_587' title='bbox 2142 4152 2347 4216; x_wconf 87' lang='grc' dir='ltr'><strong>πάντες</strong></span> <span class='ocrx_word' id='word_1_588' title='bbox 2371 4169 2385 4184; x_wconf 81' lang='grc' dir='ltr'><strong><em>ο</em></strong></span> <span class='ocrx_word' id='word_1_589' title='bbox 2425 4154 2519 4208; x_wconf 78' lang='grc' dir='ltr'><strong>καὶ</strong></span> <span class='ocrx_word' id='word_1_590' title='bbox 2553 4158 2582 4208; x_wconf 80' lang='grc' dir='ltr'><strong><em>ὁ</em></strong></span> <span class='ocrx_word' id='word_1_591' title='bbox 2616 4157 2820 4210; x_wconf 78' lang='grc' dir='ltr'><strong>Δαυῖδ·</strong></span> <span class='ocrx_word' id='word_1_592' title='bbox 2852 4159 2945 4229; x_wconf 79' lang='grc' dir='ltr'><strong>Μὴ</strong></span> <span class='ocrx_word' id='word_1_593' title='bbox 2975 4160 3225 4232; x_wconf 70' lang='grc' dir='ltr'><strong>εἰσέλθῃς</strong></span> <span class='ocrx_word' id='word_1_594' title='bbox 3253 4162 3334 4222; x_wconf 78' lang='grc' dir='ltr'><strong>εἰς</strong></span> <span class='ocrx_word' id='word_1_595' title='bbox 3371 4163 3544 4230; x_wconf 81' lang='grc' dir='ltr'><strong>κρίσιν</strong></span> <span class='ocrx_word' id='word_1_596' title='bbox 3568 4159 3685 4228; x_wconf 76' lang='grc' dir='ltr'><strong>μετᾶ</strong></span> 
     </span>
    </p>
   </div>
   <div class='ocr_carea' id='block_1_86' title="bbox 2130 4244 3680 4321">
    <p class='ocr_par' dir='ltr' id='par_1_86' title="bbox 2130 4244 3680 4321">
     <span class='ocr_line' id='line_1_86' title="bbox 2130 4244 3680 4321; baseline 0.003 -24"><span class='ocrx_word' id='word_1_597' title='bbox 2130 4244 2235 4297; x_wconf 82' lang='grc' dir='ltr'><strong>,τοῦ</strong></span> <span class='ocrx_word' id='word_1_598' title='bbox 2266 4244 2456 4299; x_wconf 80' lang='grc' dir='ltr'><strong>δούλου</strong></span> <span class='ocrx_word' id='word_1_599' title='bbox 2499 4264 2616 4312; x_wconf 89' lang='grc' dir='ltr'><strong>σου,</strong></span> <span class='ocrx_word' id='word_1_600' title='bbox 2652 4249 2737 4301; x_wconf 86' lang='grc' dir='ltr'><strong>ὅτι</strong></span> <span class='ocrx_word' id='word_1_601' title='bbox 2779 4251 2841 4301; x_wconf 75' lang='grc' dir='ltr'><strong>οὐ</strong></span> <span class='ocrx_word' id='word_1_602' title='bbox 2887 4250 3311 4321; x_wconf 81' lang='grc' dir='ltr'><strong>δικαιωθήσεται</strong></span> <span class='ocrx_word' id='word_1_603' title='bbox 3346 4251 3563 4305; x_wconf 71' lang='grc' dir='ltr'><strong>ἐνώπιόν</strong></span> <span class='ocrx_word' id='word_1_604' title='bbox 3602 4264 3680 4301; x_wconf 77' lang='grc' dir='ltr'><strong>σου</strong></span> 
     </span>
    </p>
   </div>
   <div class='ocr_carea' id='block_1_87' title="bbox 2141 4338 3682 4413">
    <p class='ocr_par' dir='ltr' id='par_1_87' title="bbox 2141 4338 3682 4413">
     <span class='ocr_line' id='line_1_87' title="bbox 2141 4338 3682 4413; baseline 0.001 -24"><span class='ocrx_word' id='word_1_605' title='bbox 2141 4338 2250 4399; x_wconf 76' lang='grc' dir='ltr'><strong>πᾶς</strong></span> <span class='ocrx_word' id='word_1_606' title='bbox 2280 4339 2389 4401; x_wconf 78' lang='grc' dir='ltr'><strong>ζῶν</strong></span> <span class='ocrx_word' id='word_1_607' title='bbox 2413 4356 2429 4370; x_wconf 79' lang='grc' dir='ltr'><strong><em>ο</em></strong></span> <span class='ocrx_word' id='word_1_608' title='bbox 2464 4339 2559 4393; x_wconf 81' lang='grc' dir='ltr'><strong>καὶ</strong></span> <span class='ocrx_word' id='word_1_609' title='bbox 2579 4339 2638 4393; x_wconf 82' lang='grc' dir='ltr'><strong>ὲν</strong></span> <span class='ocrx_word' id='word_1_610' title='bbox 2664 4344 2729 4412; x_wconf 78' lang='grc' dir='ltr'><strong>τῇ</strong></span> <span class='ocrx_word' id='word_1_611' title='bbox 2766 4341 2901 4413; x_wconf 77' lang='grc' dir='ltr'><strong>εὐχῇ</strong></span> <span class='ocrx_word' id='word_1_612' title='bbox 2934 4343 2962 4394; x_wconf 85' lang='grc' dir='ltr'><strong>ό</strong></span> <span class='ocrx_word' id='word_1_613' title='bbox 2993 4343 3247 4412; x_wconf 81' lang='grc' dir='ltr'><strong>Σολομῶν</strong></span> <span class='ocrx_word' id='word_1_614' title='bbox 3268 4362 3284 4379; x_wconf 74' lang='grc' dir='ltr'><strong>ο</strong></span> <span class='ocrx_word' id='word_1_615' title='bbox 3310 4344 3427 4398; x_wconf 82' lang='grc' dir='ltr'><strong>Οὐκ</strong></span> <span class='ocrx_word' id='word_1_616' title='bbox 3454 4343 3588 4397; x_wconf 79' lang='grc' dir='ltr'><strong>ἐστιν</strong></span> <span class='ocrx_word' id='word_1_617' title='bbox 3607 4341 3682 4394; x_wconf 78' lang='grc' dir='ltr'><strong>ἆν-</strong></span> 
     </span>
    </p>
   </div>
   <div class='ocr_carea' id='block_1_88' title="bbox 2141 4427 3682 4503">
    <p class='ocr_par' dir='ltr' id='par_1_88' title="bbox 2141 4427 3682 4503">
     <span class='ocr_line' id='line_1_88' title="bbox 2141 4427 3682 4503; baseline 0.003 -23"><span class='ocrx_word' id='word_1_618' title='bbox 2141 4427 2357 4498; x_wconf 77' lang='grc' dir='ltr'><strong>θρωπος</strong></span> <span class='ocrx_word' id='word_1_619' title='bbox 2385 4430 2446 4493; x_wconf 84' lang='grc' dir='ltr'><strong>ὃς</strong></span> <span class='ocrx_word' id='word_1_620' title='bbox 2476 4432 2577 4501; x_wconf 79' lang='grc' dir='ltr'><strong>οὐχ</strong></span> <span class='ocrx_word' id='word_1_621' title='bbox 2605 4432 2825 4503; x_wconf 74' lang='grc' dir='ltr'><strong>ἥμαρτε</strong></span> <span class='ocrx_word' id='word_1_622' title='bbox 2845 4448 2860 4464; x_wconf 75' lang='grc'><strong>⁸</strong></span> <span class='ocrx_word' id='word_1_623' title='bbox 2916 4435 3011 4487; x_wconf 75' lang='grc' dir='ltr'><strong>καὶ</strong></span> <span class='ocrx_word' id='word_1_624' title='bbox 3063 4435 3093 4489; x_wconf 87' lang='grc' dir='ltr'><strong>ό</strong></span> <span class='ocrx_word' id='word_1_625' title='bbox 3118 4434 3244 4489; x_wconf 77' lang='grc' dir='ltr'><strong>Ἰὼϐ</strong></span> <span class='ocrx_word' id='word_1_626' title='bbox 3264 4453 3279 4467; x_wconf 89' lang='grc'><strong>·</strong></span> <span class='ocrx_word' id='word_1_627' title='bbox 3313 4436 3478 4489; x_wconf 79' lang='grc' dir='ltr'><strong>Ὥστε</strong></span> <span class='ocrx_word' id='word_1_628' title='bbox 3512 4434 3682 4487; x_wconf 75' lang='grc' dir='ltr'><strong>ειδέναι</strong></span> 
     </span>
    </p>
   </div>
   <div class='ocr_carea' id='block_1_89' title="bbox 2143 4520 3678 4594">
    <p class='ocr_par' dir='ltr' id='par_1_89' title="bbox 2143 4520 3678 4594">
     <span class='ocr_line' id='line_1_89' title="bbox 2143 4520 3678 4594; baseline 0.001 -20"><span class='ocrx_word' id='word_1_629' title='bbox 2143 4522 2323 4575; x_wconf 82' lang='grc' dir='ltr'><strong>πάντα</strong></span> <span class='ocrx_word' id='word_1_630' title='bbox 2348 4520 2639 4592; x_wconf 78' lang='grc' dir='ltr'><strong>ἄνθρωπον</strong></span> <span class='ocrx_word' id='word_1_631' title='bbox 2659 4524 2758 4594; x_wconf 85' lang='grc' dir='ltr'><strong>τὴν</strong></span> <span class='ocrx_word' id='word_1_632' title='bbox 2781 4524 3071 4581; x_wconf 82' lang='grc' dir='ltr'><strong>ἀσθένειαν</strong></span> <span class='ocrx_word' id='word_1_633' title='bbox 3092 4526 3259 4580; x_wconf 78' lang='grc' dir='ltr'><strong>αὐτοῦ</strong></span> <span class='ocrx_word' id='word_1_634' title='bbox 3275 4542 3295 4561; x_wconf 86' lang='grc'><strong>·</strong></span> <span class='ocrx_word' id='word_1_635' title='bbox 3318 4528 3414 4581; x_wconf 81' lang='grc' dir='ltr'><strong>καὶ</strong></span> <span class='ocrx_word' id='word_1_636' title='bbox 3444 4529 3471 4581; x_wconf 87' lang='grc' dir='ltr'><strong>ό</strong></span> <span class='ocrx_word' id='word_1_637' title='bbox 3492 4525 3678 4593; x_wconf 73' lang='grc' dir='ltr'><strong>Δανιήλ-</strong></span> 
     </span>
    </p>
   </div>
   <div class='ocr_carea' id='block_1_90' title="bbox 456 4600 2045 4691">
    <p class='ocr_par' dir='ltr' id='par_1_90' title="bbox 456 4606 2037 4691">
     <span class='ocr_line' id='line_1_90' title="bbox 456 4606 2037 4691; baseline 0.007 -31"><span class='ocrx_word' id='word_1_638' title='bbox 456 4606 739 4663; x_wconf 80' lang='lat' dir='ltr'><strong>eillitatem</strong></span> <span class='ocrx_word' id='word_1_639' title='bbox 763 4625 920 4665; x_wconf 88' lang='lat' dir='ltr'><strong>suam</strong></span> <span class='ocrx_word' id='word_1_640' title='bbox 951 4628 966 4677; x_wconf 89' lang='lat'><strong>;</strong></span> <span class='ocrx_word' id='word_1_641' title='bbox 1000 4629 1021 4663; x_wconf 70' lang='grc' dir='ltr'><strong>ι</strong></span> <span class='ocrx_word' id='word_1_642' title='bbox 1046 4622 1102 4667; x_wconf 86' lang='lat' dir='ltr'><strong>et</strong></span> <span class='ocrx_word' id='word_1_643' title='bbox 1134 4613 1343 4677; x_wconf 86' lang='lat' dir='ltr'><strong>Daniel,</strong></span> <span class='ocrx_word' id='word_1_644' title='bbox 1378 4634 1396 4667; x_wconf 82' lang='grc' dir='ltr'><strong>ι</strong></span> <span class='ocrx_word' id='word_1_645' title='bbox 1440 4614 1819 4691; x_wconf 73' lang='lat' dir='ltr'><strong>Peccavimus,</strong></span> <span class='ocrx_word' id='word_1_646' title='bbox 1849 4617 2037 4688; x_wconf 88' lang='lat' dir='ltr'><strong>inique</strong></span> 
     </span>
    </p>
   </div>
   <div class='ocr_carea' id='block_1_91' title="bbox 2149 4600 3679 4691">
    <p class='ocr_par' dir='ltr' id='par_1_91' title="bbox 2153 4611 3679 4689">
     <span class='ocr_line' id='line_1_91' title="bbox 2153 4611 3679 4689; baseline 0.002 -24"><span class='ocrx_word' id='word_1_647' title='bbox 2153 4611 2533 4684; x_wconf 85' lang='grc' dir='ltr'><strong>Ἦμάρτομεν,</strong></span> <span class='ocrx_word' id='word_1_648' title='bbox 2568 4614 2949 4686; x_wconf 77' lang='grc' dir='ltr'><strong>ἠνομήσαμεν,</strong></span> <span class='ocrx_word' id='word_1_649' title='bbox 2992 4620 3089 4672; x_wconf 76' lang='grc' dir='ltr'><strong>καί</strong></span> <span class='ocrx_word' id='word_1_650' title='bbox 3122 4617 3195 4672; x_wconf 88' lang='grc' dir='ltr'><strong>τά</strong></span> <span class='ocrx_word' id='word_1_651' title='bbox 3251 4619 3381 4689; x_wconf 79' lang='grc' dir='ltr'><strong>ἑξῆς</strong></span> <span class='ocrx_word' id='word_1_652' title='bbox 3406 4635 3420 4648; x_wconf 91' lang='grc'><strong>·</strong></span> <span class='ocrx_word' id='word_1_653' title='bbox 3471 4620 3550 4682; x_wconf 88' lang='grc' dir='ltr'><strong>τίς</strong></span> <span class='ocrx_word' id='word_1_654' title='bbox 3592 4618 3679 4685; x_wconf 77' lang='grc' dir='ltr'><strong>γὰρ</strong></span> 
     </span>
    </p>
   </div>
   <div class='ocr_carea' id='block_1_92' title="bbox 456 4699 2036 4770">
    <p class='ocr_par' dir='ltr' id='par_1_92' title="bbox 456 4699 2036 4770">
     <span class='ocr_line' id='line_1_92' title="bbox 456 4699 2036 4770; baseline 0.007 -18"><span class='ocrx_word' id='word_1_655' title='bbox 456 4699 692 4768; x_wconf 81' lang='lat' dir='ltr'><strong>egimus,</strong></span> <span class='ocrx_word' id='word_1_656' title='bbox 724 4720 744 4751; x_wconf 70' lang='grc' dir='ltr'><strong>ι</strong></span> <span class='ocrx_word' id='word_1_657' title='bbox 784 4712 838 4758; x_wconf 88' lang='lat' dir='ltr'><strong>et</strong></span> <span class='ocrx_word' id='word_1_658' title='bbox 870 4712 1089 4759; x_wconf 67' lang='lat' dir='ltr'><strong>caetera.</strong></span> <span class='ocrx_word' id='word_1_659' title='bbox 1149 4704 1286 4770; x_wconf 86' lang='lat' dir='ltr'><strong>Quis</strong></span> <span class='ocrx_word' id='word_1_660' title='bbox 1313 4707 1456 4761; x_wconf 88' lang='lat' dir='ltr'><strong>enim</strong></span> <span class='ocrx_word' id='word_1_661' title='bbox 1486 4722 1680 4762; x_wconf 84' lang='lat' dir='ltr'><strong>eorum</strong></span> <span class='ocrx_word' id='word_1_662' title='bbox 1728 4707 2036 4763; x_wconf 86' lang='lat' dir='ltr'><strong>simulatio-</strong></span> 
     </span>
    </p>
   </div>
   <div class='ocr_carea' id='block_1_93' title="bbox 456 4796 2032 4875">
    <p class='ocr_par' dir='ltr' id='par_1_93' title="bbox 456 4796 2032 4875">
     <span class='ocr_line' id='line_1_93' title="bbox 456 4796 2032 4875; baseline 0.007 -30"><span class='ocrx_word' id='word_1_663' title='bbox 456 4802 582 4847; x_wconf 84' lang='lat' dir='ltr'><strong>nem</strong></span> <span class='ocrx_word' id='word_1_664' title='bbox 621 4796 784 4861; x_wconf 75' lang='lat' dir='ltr'><strong>ferat,</strong></span> <span class='ocrx_word' id='word_1_665' title='bbox 818 4801 910 4875; x_wconf 84' lang='lat' dir='ltr'><strong>qui</strong></span> <span class='ocrx_word' id='word_1_666' title='bbox 950 4799 1129 4854; x_wconf 86' lang='lat' dir='ltr'><strong>verbis</strong></span> <span class='ocrx_word' id='word_1_667' title='bbox 1171 4800 1288 4856; x_wconf 86' lang='lat' dir='ltr'><strong>suis</strong></span> <span class='ocrx_word' id='word_1_668' title='bbox 1321 4802 1594 4855; x_wconf 88' lang='lat' dir='ltr'><strong>contraria</strong></span> <span class='ocrx_word' id='word_1_669' title='bbox 1631 4801 1906 4872; x_wconf 80' lang='lat' dir='ltr'><strong>cogitant;</strong></span> <span class='ocrx_word' id='word_1_670' title='bbox 1939 4802 2032 4873; x_wconf 87' lang='lat' dir='ltr'><strong>qui</strong></span> 
     </span>
    </p>
   </div>
   <div class='ocr_carea' id='block_1_94' title="bbox 460 4885 2030 4963">
    <p class='ocr_par' dir='ltr' id='par_1_94' title="bbox 460 4885 2030 4963">
     <span class='ocr_line' id='line_1_94' title="bbox 460 4885 2030 4963; baseline 0.006 -26"><span class='ocrx_word' id='word_1_671' title='bbox 460 4885 632 4941; x_wconf 89' lang='lat' dir='ltr'><strong>labris</strong></span> <span class='ocrx_word' id='word_1_672' title='bbox 698 4888 919 4958; x_wconf 86' lang='lat' dir='ltr'><strong>quidem</strong></span> <span class='ocrx_word' id='word_1_673' title='bbox 986 4890 1366 4946; x_wconf 87' lang='lat' dir='ltr'><strong>remissionem</strong></span> <span class='ocrx_word' id='word_1_674' title='bbox 1418 4903 1765 4962; x_wconf 81' lang='lat' dir='ltr'><strong>peccatorum</strong></span> <span class='ocrx_word' id='word_1_675' title='bbox 1820 4902 2030 4963; x_wconf 83' lang='lat' dir='ltr'><strong>petunt,</strong></span> 
     </span>
    </p>
   </div>
   <div class='ocr_carea' id='block_1_95' title="bbox 457 4978 2031 5051">
    <p class='ocr_par' dir='ltr' id='par_1_95' title="bbox 457 4978 2031 5051">
     <span class='ocr_line' id='line_1_95' title="bbox 457 4978 2031 5051; baseline 0.006 -21"><span class='ocrx_word' id='word_1_676' title='bbox 457 4978 623 5034; x_wconf 89' lang='lat' dir='ltr'><strong>corde</strong></span> <span class='ocrx_word' id='word_1_677' title='bbox 672 4992 852 5036; x_wconf 84' lang='lat' dir='ltr'><strong>autem</strong></span> <span class='ocrx_word' id='word_1_678' title='bbox 889 4998 948 5038; x_wconf 89' lang='lat' dir='ltr'><strong>se</strong></span> <span class='ocrx_word' id='word_1_679' title='bbox 998 4998 1122 5038; x_wconf 86' lang='lat' dir='ltr'><strong>esse</strong></span> <span class='ocrx_word' id='word_1_680' title='bbox 1176 4987 1425 5041; x_wconf 89' lang='lat' dir='ltr'><strong>insontes</strong></span> <span class='ocrx_word' id='word_1_681' title='bbox 1475 4987 1813 5051; x_wconf 79' lang='lat' dir='ltr'><strong>existimant,</strong></span> <span class='ocrx_word' id='word_1_682' title='bbox 1840 4995 1893 5041; x_wconf 85' lang='lat' dir='ltr'><strong>et</strong></span> <span class='ocrx_word' id='word_1_683' title='bbox 1922 5002 2031 5040; x_wconf 91' lang='lat' dir='ltr'><strong>non</strong></span> 
     </span>
    </p>
   </div>
   <div class='ocr_carea' id='block_1_96' title="bbox 464 5070 2032 5152">
    <p class='ocr_par' dir='ltr' id='par_1_96' title="bbox 464 5070 2032 5152">
     <span class='ocr_line' id='line_1_96' title="bbox 464 5070 2032 5152; baseline 0.006 -28"><span class='ocrx_word' id='word_1_684' title='bbox 464 5070 625 5142; x_wconf 70' lang='grc'><strong>140</strong></span> <span class='ocrx_word' id='word_1_685' title='bbox 656 5073 994 5141; x_wconf 89' lang='lat' dir='ltr'><strong>hominibus,</strong></span> <span class='ocrx_word' id='word_1_686' title='bbox 1024 5076 1118 5131; x_wconf 87' lang='lat' dir='ltr'><strong>sed</strong></span> <span class='ocrx_word' id='word_1_687' title='bbox 1156 5078 1266 5133; x_wconf 87' lang='lat' dir='ltr'><strong>Deo</strong></span> <span class='ocrx_word' id='word_1_688' title='bbox 1298 5079 1406 5148; x_wconf 88' lang='lat' dir='ltr'><strong>ipsi</strong></span> <span class='ocrx_word' id='word_1_689' title='bbox 1436 5079 1815 5134; x_wconf 78' lang='lat' dir='ltr'><strong>mentiuntur?</strong></span> <span class='ocrx_word' id='word_1_690' title='bbox 1837 5078 2032 5152; x_wconf 67' lang='lat' dir='ltr'><strong>Quaarc</strong></span> 
     </span>
    </p>
   </div>
   <div class='ocr_carea' id='block_1_97' title="bbox 451 5165 1819 5245">
    <p class='ocr_par' dir='ltr' id='par_1_97' title="bbox 451 5165 1819 5245">
     <span class='ocr_line' id='line_1_97' title="bbox 451 5165 1819 5245; baseline 0.007 -29"><span class='ocrx_word' id='word_1_691' title='bbox 451 5165 618 5218; x_wconf 85' lang='lat' dir='ltr'><strong>etiam</strong></span> <span class='ocrx_word' id='word_1_692' title='bbox 652 5165 707 5219; x_wconf 91' lang='lat' dir='ltr'><strong>in</strong></span> <span class='ocrx_word' id='word_1_693' title='bbox 739 5166 809 5219; x_wconf 77' lang='lat'><strong>37</strong></span> <span class='ocrx_word' id='word_1_694' title='bbox 876 5182 997 5239; x_wconf 89' lang='lat' dir='ltr'><strong>cap.</strong></span> <span class='ocrx_word' id='word_1_695' title='bbox 1035 5170 1231 5225; x_wconf 84' lang='lat' dir='ltr'><strong>litterae</strong></span> <span class='ocrx_word' id='word_1_696' title='bbox 1258 5172 1330 5237; x_wconf 81' lang='grc' dir='ltr'><strong>Κ,</strong></span> <span class='ocrx_word' id='word_1_697' title='bbox 1356 5186 1479 5227; x_wconf 86' lang='lat' dir='ltr'><strong>can.</strong></span> <span class='ocrx_word' id='word_1_698' title='bbox 1517 5171 1586 5227; x_wconf 84' lang='lat'><strong>90</strong></span> <span class='ocrx_word' id='word_1_699' title='bbox 1616 5188 1667 5226; x_wconf 81' lang='lat' dir='ltr'><strong>v1</strong></span> <span class='ocrx_word' id='word_1_700' title='bbox 1696 5186 1819 5245; x_wconf 80' lang='lat' dir='ltr'><strong>syn.</strong></span> 
     </span>
    </p>
   </div>
   <div class='ocr_carea' id='block_1_98' title="bbox 1174 5261 1302 5317">
    <p class='ocr_par' dir='ltr' id='par_1_98' title="bbox 1174 5261 1302 5317">
     <span class='ocr_line' id='line_1_98' title="bbox 1174 5261 1302 5317; baseline 0.016 -2"><span class='ocrx_word' id='word_1_701' title='bbox 1174 5261 1302 5317; x_wconf 71' lang='lat' dir='ltr'><strong>Lex.</strong></span> 
     </span>
    </p>
   </div>
   <div class='ocr_carea' id='block_1_99' title="bbox 518 5345 2029 5425">
    <p class='ocr_par' dir='ltr' id='par_1_99' title="bbox 518 5345 2029 5425">
     <span class='ocr_line' id='line_1_99' title="bbox 518 5345 2029 5425; baseline 0.007 -25"><span class='ocrx_word' id='word_1_702' title='bbox 518 5345 789 5404; x_wconf 80' lang='lat' dir='ltr'><strong>Jubemus</strong></span> <span class='ocrx_word' id='word_1_703' title='bbox 816 5364 1007 5406; x_wconf 88' lang='lat' dir='ltr'><strong>omnes</strong></span> <span class='ocrx_word' id='word_1_704' title='bbox 1035 5352 1322 5422; x_wconf 89' lang='lat' dir='ltr'><strong>episcopos</strong></span> <span class='ocrx_word' id='word_1_705' title='bbox 1349 5362 1405 5408; x_wconf 89' lang='lat' dir='ltr'><strong>et</strong></span> <span class='ocrx_word' id='word_1_706' title='bbox 1428 5354 1800 5425; x_wconf 86' lang='lat' dir='ltr'><strong>presbyteros,</strong></span> <span class='ocrx_word' id='word_1_707' title='bbox 1827 5362 1887 5408; x_wconf 85' lang='lat' dir='ltr'><strong>ut</strong></span> <span class='ocrx_word' id='word_1_708' title='bbox 1918 5369 2029 5411; x_wconf 89' lang='lat' dir='ltr'><strong>non</strong></span> 
     </span>
    </p>
   </div>
   <div class='ocr_carea' id='block_1_100' title="bbox 450 5440 2023 5515">
    <p class='ocr_par' dir='ltr' id='par_1_100' title="bbox 450 5440 2023 5515">
     <span class='ocr_line' id='line_1_100' title="bbox 450 5440 2023 5515; baseline 0.007 -25"><span class='ocrx_word' id='word_1_709' title='bbox 450 5440 636 5499; x_wconf 82' lang='lat' dir='ltr'><strong>tacite.</strong></span> <span class='ocrx_word' id='word_1_710' title='bbox 691 5442 787 5496; x_wconf 80' lang='lat' dir='ltr'><strong>sed</strong></span> <span class='ocrx_word' id='word_1_711' title='bbox 828 5457 964 5498; x_wconf 88' lang='lat' dir='ltr'><strong>voce</strong></span> <span class='ocrx_word' id='word_1_712' title='bbox 996 5458 1026 5497; x_wconf 87' lang='lat' dir='ltr'><strong>a</strong></span> <span class='ocrx_word' id='word_1_713' title='bbox 1062 5443 1382 5499; x_wconf 80' lang='lat' dir='ltr'><strong>ﬁdelissimo</strong></span> <span class='ocrx_word' id='word_1_714' title='bbox 1424 5447 1623 5515; x_wconf 88' lang='lat' dir='ltr'><strong>populo</strong></span> <span class='ocrx_word' id='word_1_715' title='bbox 1657 5447 2023 5512; x_wconf 75' lang='lat' dir='ltr'><strong>exaudientia,</strong></span> 
     </span>
    </p>
   </div>
   <div class='ocr_carea' id='block_1_101' title="bbox 448 5532 2025 5606">
    <p class='ocr_par' dir='ltr' id='par_1_101' title="bbox 448 5532 2025 5606">
     <span class='ocr_line' id='line_1_101' title="bbox 448 5532 2025 5606; baseline 0.004 -23"><span class='ocrx_word' id='word_1_716' title='bbox 448 5545 662 5583; x_wconf 85' lang='lat' dir='ltr'><strong>sacram</strong></span> <span class='ocrx_word' id='word_1_717' title='bbox 724 5532 1064 5587; x_wconf 86' lang='lat' dir='ltr'><strong>oblationem</strong></span> <span class='ocrx_word' id='word_1_718' title='bbox 1116 5541 1171 5588; x_wconf 91' lang='lat' dir='ltr'><strong>et</strong></span> <span class='ocrx_word' id='word_1_719' title='bbox 1229 5549 1396 5602; x_wconf 85' lang='lat' dir='ltr'><strong>super</strong></span> <span class='ocrx_word' id='word_1_720' title='bbox 1443 5547 1694 5590; x_wconf 87' lang='lat' dir='ltr'><strong>sanetum</strong></span> <span class='ocrx_word' id='word_1_721' title='bbox 1751 5536 2025 5606; x_wconf 87' lang='lat' dir='ltr'><strong>baptisma</strong></span> 
     </span>
    </p>
   </div>
   <div class='ocr_carea' id='block_1_102' title="bbox 448 5625 2025 5697">
    <p class='ocr_par' dir='ltr' id='par_1_102' title="bbox 448 5625 2025 5697">
     <span class='ocr_line' id='line_1_102' title="bbox 448 5625 2025 5697; baseline 0.005 -21"><span class='ocrx_word' id='word_1_722' title='bbox 448 5625 819 5697; x_wconf 79' lang='lat' dir='ltr'><strong>precationem</strong></span> <span class='ocrx_word' id='word_1_723' title='bbox 851 5628 1161 5695; x_wconf 87' lang='lat' dir='ltr'><strong>celebrent;</strong></span> <span class='ocrx_word' id='word_1_724' title='bbox 1189 5637 1247 5681; x_wconf 91' lang='lat' dir='ltr'><strong>ut</strong></span> <span class='ocrx_word' id='word_1_725' title='bbox 1266 5626 1462 5682; x_wconf 85' lang='lat' dir='ltr'><strong>exinde</strong></span> <span class='ocrx_word' id='word_1_726' title='bbox 1487 5628 1802 5684; x_wconf 88' lang='lat' dir='ltr'><strong>auditorum</strong></span> <span class='ocrx_word' id='word_1_727' title='bbox 1828 5629 2025 5684; x_wconf 77' lang='lat' dir='ltr'><strong>animze</strong></span> 
     </span>
    </p>
   </div>
   <div class='ocr_carea' id='block_1_103' title="bbox 444 5718 2021 5792">
    <p class='ocr_par' dir='ltr' id='par_1_103' title="bbox 444 5718 2021 5792">
     <span class='ocr_line' id='line_1_103' title="bbox 444 5718 2021 5792; baseline 0.005 -23"><span class='ocrx_word' id='word_1_728' title='bbox 444 5718 496 5769; x_wconf 88' lang='lat' dir='ltr'><strong>in</strong></span> <span class='ocrx_word' id='word_1_729' title='bbox 535 5718 795 5786; x_wconf 81' lang='lat' dir='ltr'><strong>majorem</strong></span> <span class='ocrx_word' id='word_1_730' title='bbox 828 5721 1318 5789; x_wconf 86' lang='lat' dir='ltr'><strong>compunctionem</strong></span> <span class='ocrx_word' id='word_1_731' title='bbox 1353 5730 1402 5777; x_wconf 89' lang='lat' dir='ltr'><strong>et</strong></span> <span class='ocrx_word' id='word_1_732' title='bbox 1445 5721 1657 5776; x_wconf 87' lang='lat' dir='ltr'><strong>Domini</strong></span> <span class='ocrx_word' id='word_1_733' title='bbox 1688 5721 1780 5777; x_wconf 89' lang='lat' dir='ltr'><strong>Dei</strong></span> <span class='ocrx_word' id='word_1_734' title='bbox 1815 5724 2021 5792; x_wconf 75' lang='lat' dir='ltr'><strong>gloriﬁ-</strong></span> 
     </span>
    </p>
   </div>
   <div class='ocr_carea' id='block_1_104' title="bbox 440 5809 1061 5873">
    <p class='ocr_par' dir='ltr' id='par_1_104' title="bbox 440 5809 1061 5873">
     <span class='ocr_line' id='line_1_104' title="bbox 440 5809 1061 5873; baseline 0.005 -9"><span class='ocrx_word' id='word_1_735' title='bbox 440 5809 706 5873; x_wconf 75' lang='lat' dir='ltr'><strong>cationem</strong></span> <span class='ocrx_word' id='word_1_736' title='bbox 735 5810 1061 5867; x_wconf 82' lang='lat' dir='ltr'><strong>excitentur.</strong></span> 
     </span>
    </p>
   </div>
   <div class='ocr_carea' id='block_1_105' title="bbox 2140 4703 3679 4782">
    <p class='ocr_par' dir='ltr' id='par_1_105' title="bbox 2140 4703 3679 4782">
     <span class='ocr_line' id='line_1_105' title="bbox 2140 4703 3679 4782; baseline 0 -23"><span class='ocrx_word' id='word_1_737' title='bbox 2140 4703 2242 4775; x_wconf 84' lang='grc' dir='ltr'><strong>τῆς</strong></span> <span class='ocrx_word' id='word_1_738' title='bbox 2270 4707 2553 4777; x_wconf 78' lang='grc' dir='ltr'><strong>εἰρωνείας</strong></span> <span class='ocrx_word' id='word_1_739' title='bbox 2579 4708 2871 4777; x_wconf 77' lang='grc' dir='ltr'><strong>ἀνάσχοιτο</strong></span> <span class='ocrx_word' id='word_1_740' title='bbox 2890 4709 2999 4762; x_wconf 86' lang='grc' dir='ltr'><strong>τῶν</strong></span> <span class='ocrx_word' id='word_1_741' title='bbox 3019 4712 3284 4766; x_wconf 85' lang='grc' dir='ltr'><strong>τάναντία</strong></span> <span class='ocrx_word' id='word_1_742' title='bbox 3313 4715 3425 4774; x_wconf 83' lang='grc' dir='ltr'><strong>τοῖς</strong></span> <span class='ocrx_word' id='word_1_743' title='bbox 3453 4711 3588 4782; x_wconf 75' lang='grc' dir='ltr'><strong>σφῶν</strong></span> <span class='ocrx_word' id='word_1_744' title='bbox 3610 4707 3679 4760; x_wconf 61' lang='grc' dir='ltr'><strong>λό’</strong></span> 
     </span>
    </p>
   </div>
   <div class='ocr_carea' id='block_1_106' title="bbox 2140 4796 3679 4871">
    <p class='ocr_par' dir='ltr' id='par_1_106' title="bbox 2140 4796 3679 4871">
     <span class='ocr_line' id='line_1_106' title="bbox 2140 4796 3679 4871; baseline -0.031 27"><span class='ocrx_word' id='word_1_745' title='bbox 2140 4815 2261 4866; x_wconf 61' lang='grc' dir='ltr'>γοις</span> <span class='ocrx_word' id='word_1_746' title='bbox 2289 4796 2633 4867; x_wconf 65' lang='grc' dir='ltr'><strong>φρονούντων</strong></span> <span class='ocrx_word' id='word_1_747' title='bbox 2656 4811 2672 4827; x_wconf 78' lang='grc'><em>’</em></span> <span class='ocrx_word' id='word_1_748' title='bbox 2703 4800 2759 4852; x_wconf 69' lang='grc' dir='ltr'><strong>οῖ</strong></span> <span class='ocrx_word' id='word_1_749' title='bbox 2787 4816 2895 4869; x_wconf 83' lang='grc' dir='ltr'><strong>περ</strong></span> <span class='ocrx_word' id='word_1_750' title='bbox 2929 4801 3135 4871; x_wconf 76' lang='grc' dir='ltr'><strong>Χείλεσι</strong></span> <span class='ocrx_word' id='word_1_751' title='bbox 3170 4803 3268 4871; x_wconf 82' lang='grc' dir='ltr'><strong>μὲν</strong></span> <span class='ocrx_word' id='word_1_752' title='bbox 3307 4803 3501 4871; x_wconf 79' lang='grc' dir='ltr'><strong>ἄφεσιν</strong></span> <span class='ocrx_word' id='word_1_753' title='bbox 3532 4798 3679 4853; x_wconf 61' lang='lat' dir='ltr'><strong>altu:-</strong></span> 
     </span>
    </p>
   </div>
   <div class='ocr_carea' id='block_1_107' title="bbox 2141 4891 3675 4966">
    <p class='ocr_par' dir='ltr' id='par_1_107' title="bbox 2141 4891 3675 4966">
     <span class='ocr_line' id='line_1_107' title="bbox 2141 4891 3675 4966; baseline -0.001 -23"><span class='ocrx_word' id='word_1_754' title='bbox 2141 4906 2229 4943; x_wconf 86' lang='grc' dir='ltr'><strong>σιν</strong></span> <span class='ocrx_word' id='word_1_755' title='bbox 2257 4891 2566 4961; x_wconf 82' lang='grc' dir='ltr'><strong>ἁμαρτιῶν,</strong></span> <span class='ocrx_word' id='word_1_756' title='bbox 2606 4891 2680 4953; x_wconf 75' lang='grc' dir='ltr'><strong>ὡς</strong></span> <span class='ocrx_word' id='word_1_757' title='bbox 2722 4892 2890 4946; x_wconf 82' lang='grc' dir='ltr'><strong>ἀθῶοι</strong></span> <span class='ocrx_word' id='word_1_758' title='bbox 2941 4893 2998 4945; x_wconf 73' lang='grc' dir='ltr'><strong>δὲ</strong></span> <span class='ocrx_word' id='word_1_759' title='bbox 3027 4892 3232 4947; x_wconf 79' lang='grc' dir='ltr'><strong>τούτων</strong></span> <span class='ocrx_word' id='word_1_760' title='bbox 3263 4897 3331 4964; x_wconf 82' lang='grc' dir='ltr'><strong>τῇ</strong></span> <span class='ocrx_word' id='word_1_761' title='bbox 3375 4894 3563 4966; x_wconf 74' lang='grc' dir='ltr'><strong>καρδίᾳ</strong></span> <span class='ocrx_word' id='word_1_762' title='bbox 3584 4892 3675 4943; x_wconf 71' lang='grc' dir='ltr'><strong>διά-</strong></span> 
     </span>
    </p>
   </div>
   <div class='ocr_carea' id='block_1_108' title="bbox 2138 4982 3673 5055">
    <p class='ocr_par' dir='ltr' id='par_1_108' title="bbox 2138 4982 3673 5055">
     <span class='ocr_line' id='line_1_108' title="bbox 2138 4982 3673 5055; baseline 0 -20"><span class='ocrx_word' id='word_1_763' title='bbox 2138 4998 2372 5049; x_wconf 82' lang='grc' dir='ltr'><strong>κεινται,</strong></span> <span class='ocrx_word' id='word_1_764' title='bbox 2400 4983 2494 5036; x_wconf 70' lang='grc' dir='ltr'><strong>καί</strong></span> <span class='ocrx_word' id='word_1_765' title='bbox 2520 4984 2596 5054; x_wconf 78' lang='grc' dir='ltr'><strong>μὴ</strong></span> <span class='ocrx_word' id='word_1_766' title='bbox 2624 4982 2960 5053; x_wconf 81' lang='grc' dir='ltr'><strong>ἀνθρώποις,</strong></span> <span class='ocrx_word' id='word_1_767' title='bbox 2985 4984 3100 5040; x_wconf 85' lang='grc' dir='ltr'><strong>ἀλλ’</strong></span> <span class='ocrx_word' id='word_1_768' title='bbox 3124 4985 3274 5055; x_wconf 84' lang='grc' dir='ltr'><strong>αὐτῷ</strong></span> <span class='ocrx_word' id='word_1_769' title='bbox 3293 4982 3673 5055; x_wconf 74' lang='grc' dir='ltr'><strong>ψευδόμενοιτῷ</strong></span> 
     </span>
    </p>
   </div>
   <div class='ocr_carea' id='block_1_109' title="bbox 2136 5074 3673 5150">
    <p class='ocr_par' dir='ltr' id='par_1_109' title="bbox 2136 5074 3673 5150">
     <span class='ocr_line' id='line_1_109' title="bbox 2136 5074 3673 5150; baseline 0.001 -22"><span class='ocrx_word' id='word_1_770' title='bbox 2136 5074 2277 5144; x_wconf 63' lang='grc' dir='ltr'><strong>Θεῷἶ</strong></span> <span class='ocrx_word' id='word_1_771' title='bbox 2312 5076 2472 5146; x_wconf 85' lang='grc' dir='ltr'><strong>Ζήτει</strong></span> <span class='ocrx_word' id='word_1_772' title='bbox 2494 5075 2588 5129; x_wconf 74' lang='grc' dir='ltr'><strong>καὶ</strong></span> <span class='ocrx_word' id='word_1_773' title='bbox 2619 5077 2677 5129; x_wconf 71' lang='grc' dir='ltr'><strong>ἐν</strong></span> <span class='ocrx_word' id='word_1_774' title='bbox 2705 5076 2784 5146; x_wconf 83' lang='grc' dir='ltr'><strong>τῷ</strong></span> <span class='ocrx_word' id='word_1_775' title='bbox 2807 5075 2886 5142; x_wconf 77' lang='grc' dir='ltr'><strong>λζ’</strong></span> <span class='ocrx_word' id='word_1_776' title='bbox 2916 5095 3037 5147; x_wconf 81' lang='grc' dir='ltr'><strong>κεφ,</strong></span> <span class='ocrx_word' id='word_1_777' title='bbox 3064 5076 3158 5132; x_wconf 79' lang='grc' dir='ltr'><strong>τοῦ</strong></span> <span class='ocrx_word' id='word_1_778' title='bbox 3184 5078 3234 5133; x_wconf 77' lang='grc' dir='ltr'>Κ</span> <span class='ocrx_word' id='word_1_779' title='bbox 3261 5081 3525 5150; x_wconf 83' lang='grc' dir='ltr'><strong>στοιχείου</strong></span> <span class='ocrx_word' id='word_1_780' title='bbox 3547 5078 3673 5131; x_wconf 70' lang='grc' dir='ltr'><strong>κανό-</strong></span> 
     </span>
    </p>
   </div>
   <div class='ocr_carea' id='block_1_110' title="bbox 2135 5167 2748 5237">
    <p class='ocr_par' dir='ltr' id='par_1_110' title="bbox 2135 5167 2748 5237">
     <span class='ocr_line' id='line_1_110' title="bbox 2135 5167 2748 5237; baseline -0.003 -15"><span class='ocrx_word' id='word_1_781' title='bbox 2135 5183 2202 5222; x_wconf 86' lang='grc' dir='ltr'><strong>να</strong></span> <span class='ocrx_word' id='word_1_782' title='bbox 2234 5172 2271 5235; x_wconf 68' lang='grc' dir='ltr'><strong>ιι</strong></span> <span class='ocrx_word' id='word_1_783' title='bbox 2299 5168 2397 5237; x_wconf 86' lang='grc' dir='ltr'><strong>τῆς</strong></span> <span class='ocrx_word' id='word_1_784' title='bbox 2421 5173 2475 5231; x_wconf 77' lang='grc' dir='ltr'><strong>ς’</strong></span> <span class='ocrx_word' id='word_1_785' title='bbox 2504 5167 2748 5221; x_wconf 79' lang='grc' dir='ltr'><strong>συνόδου.</strong></span> 
     </span>
    </p>
   </div>
   <div class='ocr_carea' id='block_1_111' title="bbox 2804 5261 3023 5329">
    <p class='ocr_par' dir='ltr' id='par_1_111' title="bbox 2804 5261 3023 5329">
     <span class='ocr_line' id='line_1_111' title="bbox 2804 5261 3023 5329; baseline 0.005 -14"><span class='ocrx_word' id='word_1_786' title='bbox 2804 5261 3023 5329; x_wconf 81' lang='grc' dir='ltr'><strong>Νόμος.</strong></span> 
     </span>
    </p>
   </div>
   <div class='ocr_carea' id='block_1_112' title="bbox 2205 5352 3671 5427">
    <p class='ocr_par' dir='ltr' id='par_1_112' title="bbox 2205 5352 3671 5427">
     <span class='ocr_line' id='line_1_112' title="bbox 2205 5352 3671 5427; baseline -0.001 -21"><span class='ocrx_word' id='word_1_787' title='bbox 2205 5352 2526 5423; x_wconf 84' lang='grc' dir='ltr'><strong>Κελεύομεν</strong></span> <span class='ocrx_word' id='word_1_788' title='bbox 2563 5353 2774 5417; x_wconf 83' lang='grc' dir='ltr'><strong>πάντας</strong></span> <span class='ocrx_word' id='word_1_789' title='bbox 2806 5355 3146 5418; x_wconf 83' lang='grc' dir='ltr'><strong>ἐπισκόπους</strong></span> <span class='ocrx_word' id='word_1_790' title='bbox 3176 5373 3237 5410; x_wconf 84' lang='grc' dir='ltr'><strong>τε</strong></span> <span class='ocrx_word' id='word_1_791' title='bbox 3281 5358 3379 5411; x_wconf 69' lang='grc' dir='ltr'><strong>καὶ</strong></span> <span class='ocrx_word' id='word_1_792' title='bbox 3409 5352 3671 5427; x_wconf 75' lang='grc' dir='ltr'><strong>πρεσϐυτὲ-</strong></span> 
     </span>
    </p>
   </div>
   <div class='ocr_carea' id='block_1_113' title="bbox 2136 5447 3667 5521">
    <p class='ocr_par' dir='ltr' id='par_1_113' title="bbox 2136 5447 3667 5521">
     <span class='ocr_line' id='line_1_113' title="bbox 2136 5447 3667 5521; baseline 0.006 -21"><span class='ocrx_word' id='word_1_793' title='bbox 2136 5464 2287 5518; x_wconf 81' lang='grc' dir='ltr'><strong>ρους,</strong></span> <span class='ocrx_word' id='word_1_794' title='bbox 2327 5448 2402 5520; x_wconf 85' lang='grc' dir='ltr'><strong>μὴ</strong></span> <span class='ocrx_word' id='word_1_795' title='bbox 2438 5447 2585 5502; x_wconf 88' lang='grc' dir='ltr'><strong>κατά</strong></span> <span class='ocrx_word' id='word_1_796' title='bbox 2613 5449 2675 5501; x_wconf 83' lang='grc' dir='ltr'><strong>τὸ</strong></span> <span class='ocrx_word' id='word_1_797' title='bbox 2712 5449 3150 5521; x_wconf 81' lang='grc' dir='ltr'><strong>σεσιωπημένον,</strong></span> <span class='ocrx_word' id='word_1_798' title='bbox 3188 5452 3326 5507; x_wconf 87' lang='grc' dir='ltr'><strong>ἀλλά</strong></span> <span class='ocrx_word' id='word_1_799' title='bbox 3358 5452 3493 5521; x_wconf 86' lang='grc' dir='ltr'><strong>μετά</strong></span> <span class='ocrx_word' id='word_1_800' title='bbox 3517 5450 3667 5520; x_wconf 73' lang='grc' dir='ltr'><strong>φωνῆς</strong></span> 
     </span>
    </p>
   </div>
   <div class='ocr_carea' id='block_1_114' title="bbox 2131 5538 3667 5613">
    <p class='ocr_par' dir='ltr' id='par_1_114' title="bbox 2131 5538 3667 5613">
     <span class='ocr_line' id='line_1_114' title="bbox 2131 5538 3667 5613; baseline -0.001 -20"><span class='ocrx_word' id='word_1_801' title='bbox 2131 5538 2207 5609; x_wconf 83' lang='grc' dir='ltr'><strong>τῷ</strong></span> <span class='ocrx_word' id='word_1_802' title='bbox 2249 5539 2566 5609; x_wconf 82' lang='grc' dir='ltr'><strong>πιστοτάτῳ</strong></span> <span class='ocrx_word' id='word_1_803' title='bbox 2613 5538 2729 5610; x_wconf 88' lang='grc' dir='ltr'><strong>λαῷ</strong></span> <span class='ocrx_word' id='word_1_804' title='bbox 2760 5539 3184 5610; x_wconf 73' lang='grc' dir='ltr'><strong>ἐξακουομένης,</strong></span> <span class='ocrx_word' id='word_1_805' title='bbox 3211 5543 3313 5613; x_wconf 83' lang='grc' dir='ltr'><strong>τὴν</strong></span> <span class='ocrx_word' id='word_1_806' title='bbox 3345 5543 3492 5597; x_wconf 83' lang='grc' dir='ltr'><strong>θείαν</strong></span> <span class='ocrx_word' id='word_1_807' title='bbox 3532 5555 3667 5609; x_wconf 79' lang='grc' dir='ltr'><strong>προσ·</strong></span> 
     </span>
    </p>
   </div>
   <div class='ocr_carea' id='block_1_115' title="bbox 2133 5633 3666 5708">
    <p class='ocr_par' dir='ltr' id='par_1_115' title="bbox 2133 5633 3666 5708">
     <span class='ocr_line' id='line_1_115' title="bbox 2133 5633 3666 5708; baseline -0.003 -22"><span class='ocrx_word' id='word_1_808' title='bbox 2133 5633 2385 5703; x_wconf 77' lang='grc' dir='ltr'><strong>κομιδὴν,</strong></span> <span class='ocrx_word' id='word_1_809' title='bbox 2425 5634 2520 5685; x_wconf 84' lang='grc' dir='ltr'><strong>καὶ</strong></span> <span class='ocrx_word' id='word_1_810' title='bbox 2560 5633 2661 5702; x_wconf 79' lang='grc' dir='ltr'><strong>τὴν</strong></span> <span class='ocrx_word' id='word_1_811' title='bbox 2690 5635 2785 5685; x_wconf 73' lang='grc' dir='ltr'><strong>ἐπὶ</strong></span> <span class='ocrx_word' id='word_1_812' title='bbox 2816 5633 2894 5701; x_wconf 80' lang='grc' dir='ltr'><strong>τῷ</strong></span> <span class='ocrx_word' id='word_1_813' title='bbox 2920 5634 3059 5705; x_wconf 84' lang='grc' dir='ltr'><strong>ἁγίῳ</strong></span> <span class='ocrx_word' id='word_1_814' title='bbox 3090 5634 3433 5708; x_wconf 80' lang='grc' dir='ltr'><strong>βαπτίσματι</strong></span> <span class='ocrx_word' id='word_1_815' title='bbox 3471 5649 3666 5706; x_wconf 74' lang='grc' dir='ltr'><strong>προσευ-</strong></span> 
     </span>
    </p>
   </div>
   <div class='ocr_carea' id='block_1_116' title="bbox 2129 5722 3663 5793">
    <p class='ocr_par' dir='ltr' id='par_1_116' title="bbox 2129 5722 3663 5793">
     <span class='ocr_line' id='line_1_116' title="bbox 2129 5722 3663 5793; baseline 0.001 -20"><span class='ocrx_word' id='word_1_816' title='bbox 2129 5723 2231 5793; x_wconf 78' lang='grc' dir='ltr'><strong>χὴν</strong></span> <span class='ocrx_word' id='word_1_817' title='bbox 2262 5722 2558 5787; x_wconf 77' lang='grc' dir='ltr'><strong>ποιεῖσθαι,</strong></span> <span class='ocrx_word' id='word_1_818' title='bbox 2580 5722 2715 5793; x_wconf 83' lang='grc' dir='ltr'><strong>πρὸς</strong></span> <span class='ocrx_word' id='word_1_819' title='bbox 2741 5723 2801 5777; x_wconf 87' lang='grc' dir='ltr'><strong>τὸ</strong></span> <span class='ocrx_word' id='word_1_820' title='bbox 2826 5724 3119 5779; x_wconf 76' lang='grc' dir='ltr'><strong>κάντεῦθεν</strong></span> <span class='ocrx_word' id='word_1_821' title='bbox 3144 5726 3255 5780; x_wconf 85' lang='grc' dir='ltr'><strong>τῶν</strong></span> <span class='ocrx_word' id='word_1_822' title='bbox 3280 5728 3571 5781; x_wconf 83' lang='grc' dir='ltr'><strong>ἀκουόντων</strong></span> <span class='ocrx_word' id='word_1_823' title='bbox 3589 5723 3663 5783; x_wconf 79' lang='grc' dir='ltr'><strong>τὰς</strong></span> 
     </span>
    </p>
   </div>
   <div class='ocr_carea' id='block_1_117' title="bbox 2128 5814 3667 5892">
    <p class='ocr_par' dir='ltr' id='par_1_117' title="bbox 2128 5814 3667 5892">
     <span class='ocr_line' id='line_1_117' title="bbox 2128 5814 3667 5892; baseline -0.001 -24"><span class='ocrx_word' id='word_1_824' title='bbox 2128 5814 2306 5885; x_wconf 69' lang='grc' dir='ltr'><strong>ψυχὰς</strong></span> <span class='ocrx_word' id='word_1_825' title='bbox 2353 5815 2433 5875; x_wconf 74' lang='grc' dir='ltr'><strong>είς</strong></span> <span class='ocrx_word' id='word_1_826' title='bbox 2471 5814 2695 5868; x_wconf 79' lang='grc' dir='ltr'><strong>πλείονα</strong></span> <span class='ocrx_word' id='word_1_827' title='bbox 2731 5817 3025 5881; x_wconf 79' lang='grc' dir='ltr'><strong>κατάνυξιν</strong></span> <span class='ocrx_word' id='word_1_828' title='bbox 3065 5822 3159 5871; x_wconf 77' lang='grc' dir='ltr'><strong>καὶ</strong></span> <span class='ocrx_word' id='word_1_829' title='bbox 3201 5820 3304 5890; x_wconf 78' lang='grc' dir='ltr'><strong>τὴν</strong></span> <span class='ocrx_word' id='word_1_830' title='bbox 3338 5821 3471 5892; x_wconf 70' lang='grc' dir='ltr'><strong>πρὸς</strong></span> <span class='ocrx_word' id='word_1_831' title='bbox 3497 5818 3573 5873; x_wconf 69' lang='grc' dir='ltr'><strong>τὸν</strong></span> <span class='ocrx_word' id='word_1_832' title='bbox 3594 5817 3667 5868; x_wconf 77' lang='grc' dir='ltr'><strong>Δε-</strong></span> 
     </span>
    </p>
   </div>
   <div class='ocr_carea' id='block_1_118' title="bbox 2134 5906 3243 5980">
    <p class='ocr_par' dir='ltr' id='par_1_118' title="bbox 2134 5906 3243 5980">
     <span class='ocr_line' id='line_1_118' title="bbox 2134 5906 3243 5980; baseline 0.005 -20"><span class='ocrx_word' id='word_1_833' title='bbox 2134 5907 2336 5977; x_wconf 83' lang='grc' dir='ltr'><strong>σπότην</strong></span> <span class='ocrx_word' id='word_1_834' title='bbox 2362 5906 2493 5961; x_wconf 72' lang='grc' dir='ltr'><strong>Θεὸν</strong></span> <span class='ocrx_word' id='word_1_835' title='bbox 2518 5906 2892 5963; x_wconf 77' lang='grc' dir='ltr'><strong>ὃιανίστασθαι</strong></span> <span class='ocrx_word' id='word_1_836' title='bbox 2916 5908 3243 5980; x_wconf 74' lang='grc' dir='ltr'><strong>δοξολογίαν.</strong></span> 
     </span>
    </p>
   </div>
  </div>
