3918 6558
469 426 604 486 ιῖιεςε)

787 539 942 610 142
985 537 1253 595 ικιτιυιι
1287 537 1617 595 ιιιττιιιιλε
1653 543 1718 596 Θ.

579 654 728 706 (TAP.
757 654 795 707 l.
837 654 906 706 De
937 656 1155 708 theatris
1187 665 1236 708 et
1268 655 1487 709 diversis
1512 655 1741 710 scenicis
1767 656 1927 709 ludia.

541 811 1039 882 Quinquagesinius
1065 822 1294 881 quartus
1331 811 1658 868 Laodiceae!
1701 807 1896 883 synodi
1945 828 2040 867 cad

469 924 576 962 non
633 917 876 961 sacratos
903 904 982 958 vel
1009 903 1236 958 clericos
1262 906 1313 957 iu
1345 905 1546 973 nuptiis
1570 905 1647 957 \el
1676 904 1866 957 inaliis
1891 904 2042 958 festis

467 998 717 1054 convivio
741 1006 1014 1066 exceptos.
1051 996 1116 1048 ad
1146 996 1400 1057 ridicula,
1435 1011 1556 1064 quae
1588 995 1639 1049 in
1676 997 1743 1050 iis
1787 996 1904 1050 tieri
1951 1011 2044 1050 so-

470 1091 582 1144 lent
608 1089 672 1142 ad
704 1092 875 1142 risum
909 1087 1277 1149 excitandum,
1315 1087 1625 1155 spectacula
1671 1087 1892 1140 omnino
1917 1102 2043 1140 ocu-

471 1181 553 1235 Ios
584 1195 688 1234 non
719 1188 1059 1238 convertere,
1094 1194 1192 1231 nec
1224 1177 1290 1232 iis
1315 1187 1547 1230 mentem
1574 1178 1832 1232 adbibere
1863 1179 2040 1246 jubet,

469 1272 565 1326 sed
599 1283 891 1340 antequam
929 1269 1303 1341 ingrediantur
1353 1270 1647 1325 histriones
1672 1309 1690 1336 ,
1744 1270 2042 1325 discedere.

540 1463 676 1518 Huic
705 1465 867 1517 etiam
893 1479 1130 1533 congrua
1164 1463 1236 1517 9.4
1263 1471 1433 1518 sexta:
1463 1463 1657 1533 synodi
1691 1464 2002 1518 decernens
2025 1509 2056 1541 γ

473 1566 723 1611 sacratos
784 1570 836 1610 et
879 1560 1175 1610 monachos
1211 1557 1263 1610 in
1303 1571 1567 1623 equorum
1625 1555 1913 1609 curriculis
1957 1573 2045 1611 as-

471 1648 684 1708 sistere.
718 1657 769 1702 ct
798 1649 1028 1702 scenicis
1061 1649 1201 1702 ludis
1259 1648 1524 1701 interesse
1582 1648 1834 1715 prohibet
1865 1663 1877 1698 :
1913 1661 2056 1700 nam'

474 1740 734 1793 verbatitn
789 1741 995 1793 dictum
1055 1755 1318 1794 canouein
1371 1738 1592 1792 Patrum
1639 1739 1691 1791 in
1758 1737 2028 1791 Laodicea

1656 431 2028 490 ΜΑΤΙῊΑΞΙ
2069 433 2354 492 BLASTA
2365 437 2490 495 lllS

2069 550 2117 606 Δ

3568 436 3690 498 1310

2500 548 2689 602 ΑΡΧΗ
2724 551 2864 605 ΤΟΥ
2894 552 2938 605 Θ
2964 552 3357 607 ΣἸὈΙΧΕΙΟΥ.

2143 663 2397 719 ΚΕΦΑΛ.
2455 663 2534 717 A'.
2576 665 2714 732 Περὶ
2773 665 2892 719 τῶν
2925 667 3186 733 θεάτρων
3233 666 3332 720 καί
3373 665 3689 734 θυμελικῶν

2598 735 2902 802 διαφόρων
2938 739 3249 805 παιγνίων.

2225 823 2284 876 '0
2337 825 2409 878 νδ⁹
2459 827 2559 893 τῆς
2617 830 2676 880 έν
2716 829 3010 899 Λαοδικείᾳ
3062 830 3281 881 συνόδου
3339 826 3518 880 κανὼν
3552 830 3685 896 lepa-

2143 916 2326 978 τικοὺς
2387 915 2420 986 ἢ
2482 919 2800 988 κληρικοῗις,
2871 923 2953 983 εἲς
3009 921 3222 988 γάμους
3284 921 3317 992 ἢ
3385 921 3463 982 εἰς
3519 921 3687 988 ἑορτὰς

2145 1008 2338 1080 ἐτέρας
2391 1011 2781 1080 ἑστιωμένους,
2845 1012 3072 1064 κελεύει·
3123 1013 3262 1074 ὅλως
3328 1012 3404 1080 μὴ
3461 1013 3686 1075 ἐπιστρέ-

2147 1096 2343 1163 φεσθαι
2397 1099 2491 1150 καὶ
2524 1099 2616 1151 τὸν
2650 1101 2774 1154 νοῦν
2821 1103 3112 1170 προσέχειν
3159 1103 3279 1161 ταῖς
3329 1103 3598 1164 εἰωθυίαις
3637 1107 3684 1156 ὲν

2145 1185 2353 1248 τούτοις
2388 1187 2637 1253 γίνεσθαι
2687 1191 3110 1254 καταγελάστοις
3156 1190 3541 1257 πρδς”γέλωτα
3573 1191 3687 1244 θεω-

2134 1277 2318 1358 ρίαις,
2339 1278 2499 1338 ἀλλὰ,
2531 1282 2815 1352 πρὶνντους
2841 1283 3028 1351 ἐκτῆς
3056 1284 3299 1352 θυμέλης
3319 1283 3561 1347 είσιέναι,
3585 1285 3686 1338 τούς

2149 1379 2271 1428 τους
2295 1369 2621 1440 ἀναχωρεῖν.

2221 1461 2438 1530 Συνῳδά
2465 1463 2642 1530 τούτῳ
2665 1466 2760 1517 καὶ
2800 1466 2829 1518 ό
2859 1461 2938 1518 κδ’
2963 1466 3062 1529 τῆς
3087 1472 3144 1530 ς’
3180 1467 3402 1519 συνόδου
3431 1467 3683 1520 διαταττό·

2148 1567 2308 1620 μενος
2349 1554 2546 1608 κωλύει
2597 1557 2723 1618 τοὺς
2771 1557 3107 1627 ίερωμένους
3159 1570 3258 1611 και
3313 1561 3572 1626 μοναχοίδς
3619 1561 3687 1620 είς

2147 1644 2512 1714 ἱπποδρομίας
2543 1649 2762 1701 ἀπιέναι
2811 1649 2907 1701 καὶ
2957 1649 3267 1717 θυμελικῶν
3313 1651 3572 1715 παιγνίων
3612 1651 3690 1703 ἀν⁴

2145 1735 2389 1804 έχεσθαι,
2439 1738 2691 1808 ἐκτίθησι
2740 1739 2798 1790 δὲ
2843 1741 2938 1792 καὶ
2972 1740 3063 1792 τὸν
3096 1740 3332 1808 ῥηθέντα
3378 1739 3518 1792 κατά
3557 1739 3688 1808 ῥῆμα

469 1833 714 1900 expooit.
743 1830 842 1898 Qui
879 1842 1058 1884 autem
1106 1832 1188 1884 liis
1221 1834 1383 1884 rebus
1418 1847 1479 1885 se
1526 1830 1802 1899 applicare
1857 1831 2042 1897 depre-

2154 1828 2345 1880 κανόνα
2375 1829 2482 1881 τῶν
2516 1831 2574 1882 ἐν
2598 1831 2890 1902 Λαοδικείᾳ
2924 1832 3181 1900 Πατέρων
3209 1849 3222 1862 ο
3267 1833 3393 1893 τοὺς
3411 1831 3469 1883 δὲ
3502 1829 3689 1892 τούτοις

475 1922 806 1984 lienduntur,
839 1923 920 1974 vel
950 1937 1170 1976 cessare
1193 1922 1366 1989 jubet,
1407 1922 1490 1974 vel
1519 1962 1532 1982 ,
1563 1923 1610 1975 si
1656 1932 2040 1989 permaneant,

473 2012 698 2082 deponi.
734 2013 973 2069 Consule
1003 2012 1168 2066 etiam
1201 2013 1230 2065 7
1256 2021 1420 2082 caput
1448 2013 1642 2092 litterae
1672 2012 1732 2068 Γ.

541 2191 1036 2262 Quiuquagesimus
1065 2193 1277 2262 primus
1305 2190 1550 2257 ejusdem
1612 2205 1664 2243 vi
1711 2189 1901 2260 synodi
1937 2189 2042 2243 mi-

471 2299 592 2339 mos
608 2285 806 2345 dictos,
839 2292 894 2337 et
921 2299 1108 2338 eorum
1135 2283 1366 2346 theatra,
1395 2292 1452 2337 et
1505 2283 1855 2336 venationum
1892 2297 2046 2350 spec—

471 2375 676 2440 tacula,
717 2384 770 2428 et
809 2390 931 2442 qua:
962 2374 1097 2427 liunt
1129 2373 1180 2426 in
1209 2374 1388 2427 scenis
1427 2371 1745 2426 saltationes
1771 2411 1785 2433 ,
1819 2373 2039 2440 penitus

469 2481 688 2520 cessare
727 2467 935 2520 statuit.
961 2464 1094 2519 Nam
1125 2465 1309 2519 ﬁdeles
1370 2465 1543 2516 vitam
1581 2464 1848 2518 dissolute
1895 2463 2047 2517 insti-

472 2567 624 2612 tuere
649 2571 756 2612 non
792 2559 904 2612 vult
938 2555 1270 2626 Evangelicze
1301 2554 1605 2624 disciplina
1639 2555 2042 2624 praescriptum,

472 2666 669 2718 neque,
715 2666 838 2720 quae
894 2650 1060 2705 animi
1084 2650 1496 2704 contentionem
1554 2649 1884 2714 dissolvunt,
1933 2657 2048 2703 stu-

472 2740 626 2795 diose
654 2740 908 2809 prosequi
935 2779 950 2805 ,
989 2740 1078 2792 sed
1107 2753 1228 2807 qua:
1257 2747 1477 2793 sanctos
1507 2737 1685 2792 docet.
1711 2737 1904 2793 Mimos
1919 2751 2046 2791 vero

469 2841 634 2886 vocat
665 2845 759 2884 eos
786 2831 881 2899 qui
913 2829 1280 2900 quorumdam
1334 2843 1498 2883 voces
1538 2841 1591 2882 et
1619 2843 1799 2883 mores
1831 2828 2048 2881 imitan-

471 2928 585 2985 tur,
633 2930 693 2974 ut
731 2919 798 2974 ad
856 2919 1197 2972 inconditum
1262 2918 1428 2970 risum
1472 2926 1714 2971 astantes
1781 2917 2044 2971 excitent.

472 3009 835 3066 VenatiOnum
879 3026 1008 3063 vero
1040 3010 1410 3078 spectaculum
1469 3025 1576 3062 non
1636 3024 1760 3063 cum
1814 3009 2046 3062 canibus

472 3101 657 3156 venari
677 3101 830 3166 dicit,
864 3101 944 3153 vel
978 3101 1084 3154 alio
1114 3100 1312 3164 modo;
1350 3115 1471 3151 nam
1499 3099 1877 3166 Spectaculum
1913 3099 2042 3152 illud

2148 1920 2509 1989 προσανέχειν
2563 1923 2791 1983 ἁλόντας
2827 1923 2859 1989 ἢ
2897 1921 3214 1975 παύσασθαι
3253 1922 3688 1991 παραγγέλλ.ει.ἢ

2147 2013 2507 2078 ἐπιμένοντας
2539 2013 2942 2085 καθαιρεῖσθαι.
2967 2014 3131 2085 Ζὴτει
3163 2015 3260 2069 καὶ
3292 2015 3353 2066 τὸ
3384 2013 3427 2079 ξ’
3463 2031 3583 2084 κεφ.
3610 2012 3688 2064 τοῦ

2148 2096 2188 2152 Γ
2222 2101 2512 2170 στοιχείου.

2229 2194 2288 2246 Ὀ
2318 2193 2374 2246 δὲ
2415 2201 2491 2247 vo.’
2518 2196 2616 2265 τῆς
2642 2191 2812 2264 αὐτῆς
2838 2195 3006 2266 ἕκτης
3046 2195 3271 2250 συνόδου
3321 2196 3447 2259 τοὺς
3489 2197 3691 2266 λεγομέ-

2146 2301 2270 2349 νους
2298 2287 2520 2356 μίμους,
2550 2289 2642 2341 καὶ
2669 2288 2740 2340 τά
2766 2288 2970 2342 τούτων
2998 2290 3219 2360 θέατρα⁸
3264 2289 3361 2344 καὶ
3377 2291 3445 2342 τὰ
3489 2290 3590 2342 τῶν
3609 2272 3690 2342 κυ-

2147 2379 2350 2448 νηγίων
2397 2380 2621 2448 θεώρια,
2671 2381 2766 2434 καὶ
2804 2382 2902 2443 τὰς
2937 2383 3030 2434 ἐπὶ
3068 2383 3273 2451 σκηνῆς
3308 2382 3563 2452 ὀρχήσεις
3618 2397 3691 2433 τε-

2147 2469 2284 2532 λέως
2322 2471 2562 2540 ἀργῆσαι
2616 2471 2922 2541 νομοθετεῖ.
2965 2473 3108 2535 Τοὺς
3154 2473 3262 2542 γὰρ
3293 2474 3516 2534 πιστοὺς
3558 2472 3691 2541 ήτῆς

2151 2563 2512 2632 εύαγγελικῆς
2599 2564 2876 2628 πολιτείας
2944 2565 3201 2633 ἀκρίϐεια
3277 2564 3353 2633 μὴ
3421 2563 3691 2625 ἀνειμένως

2152 2657 2301 2727 βιοῦν
2333 2655 2604 2726 βούλεται,
2646 2655 2781 2725 μηδὲ
2827 2656 2894 2708 τὰ
2931 2658 3233 2726 χαυνοῦντα
3275 2657 3368 2707 τὸν
3413 2655 3509 2718 τῆς
3536 2655 3690 2724 ψυχῆς

2149 2753 2300 2805 τόνον
2328 2746 2845 2818 ἐπιτηδεύειννάλΐ
2877 2746 2912 2801 ἃ
2947 2747 3149 2818 πρέπει
3183 2745 3384 2814 ἁγίοις.
3418 2746 3619 2813 Μίμους
3644 2744 3692 2796 δέ

2150 2862 2283 2914 φησι
2339 2843 2466 2905 τοὺς
2504 2843 2660 2895 ἐνίων
2705 2843 3198 2911 ἀπομιμουμένους
3243 2840 3426 2908 φωνὰς
3469 2839 3560 2891 καὶ
3582 2839 3691 2907 ἤθη,

2150 2941 2288 3008 πρὸς
2334 2937 2394 2988 τδ
2425 2935 2588 3004 γελᾷν
2625 2933 2884 3002 ἀκρατῶς
2909 2933 3035 2994 τοὺς
3059 2933 3338 3002 παρόντας
3366 2930 3692 2999 παρασκευάο

2151 3045 2266 3082 σαι.
2328 3027 2611 3096 Κδνηγίων
2657 3021 2714 3079 δὲ
2762 3025 2998 3096 θεωρίαν
3037 3025 3099 3078 ού
3133 3025 3193 3077 τὸ
3223 3024 3399 3092 θηρᾷν
3445 3021 3585 3085 λέγει
3621 3019 3695 3070 διὰ

2150 3120 2329 3174 κυνῶν
2387 3119 2419 3188 ἢ
2463 3117 2639 3180 ἄλλως
2689 3134 2830 3181 πως,
2872 3117 3030 3169 τοῦτο
3054 3117 3163 3185 γάρ
3207 3114 3390 3183 ἔργον,
3422 3112 3483 3164 οὐ
3515 3109 3695 3177 θεωρία

474 3208 582 3247 non
617 3202 719 3258 est,
756 3194 848 3246 sed
884 3192 1063 3256 actio;
1101 3207 1288 3244 verum
1325 3193 1378 3244 in
1407 3189 1620 3260 magnis
1654 3190 1887 3244 urbibus
1917 3188 2045 3243 fera:

2155 3213 2324 3276 ἐστὶν,
2363 3211 2477 3265 ἀλλ’
2525 3213 2584 3264 ἐν
2631 3213 2764 3274 ταῖς
2791 3210 3078 3279 μεγίσταις
3127 3207 3238 3260 τῶν
3292 3208 3498 3258 πόλεων
3551 3202 3695 3269 θηρία

472 3282 680 3346 bestiae,
723 3292 847 3352 puta
896 3282 1080 3336 leones
1111 3290 1163 3336 et
1185 3280 1320 3345 ursi,
1369 3280 1679 3346 alebantur,
1739 3295 1860 3348 qua:
1914 3279 2038 3348 qui-

472 3373 596 3428 dem
625 3373 784 3428 statis
825 3371 1162 3440 temporibus
1196 3373 1249 3425 in
1306 3372 1516 3424 theatra
1555 3372 1941 3433 educerentur,
1991 3377 2047 3422 et

476 3479 621 3518 nunc
653 3464 869 3532 quidem
919 3479 1042 3518 eum
1070 3463 1240 3516 tauris
1262 3462 1546 3515 colluctari
1571 3462 2048 3530 permittebantur,

477 3572 623 3610 nunc
669 3571 800 3609 vero
835 3571 958 3610 cum
996 3555 1333 3619 hominibus,
1367 3554 1452 3606 vel
1481 3555 1712 3620 captivis
1747 3554 1829 3606 vel
1856 3554 1933 3606 rei
1961 3568 2051 3607 ca-

478 3646 661 3715 pitalis
693 3645 1004 3710 damnatis;
1057 3655 1114 3697 ut
1145 3644 1266 3697 illos
1317 3644 1380 3696 ad
1413 3644 1776 3711 spectantium
1809 3643 2054 3698 oblecta-

475 3737 681 3789 tionem
714 3734 1062 3788 dilaniarent.
1089 3734 1191 3788 Hic
1224 3749 1352 3788 vero
1379 3748 1554 3787 canon
1589 3733 1816 3788 multam
1852 3749 2045 3788 eorum

478 3825 741 3881 saevitiam
767 3825 1036 3900 prohibet,
1068 3824 1159 3894 qui
1194 3827 1262 3878 ad
1292 3825 1540 3894 proprias
1566 3825 1876 3894 voluptates
1913 3826 2052 3880 alio-

480 3934 601 3972 rum
652 3919 952 3973 abutuntur
1008 3917 1186 3983 clade,
1235 3928 1288 3972 et
1335 3916 1642 3973 consimilis
1679 3917 1785 3972 sibi
1843 3926 2054 3973 naturae

481 4008 762 4063 hominum
816 4011 1081 4080 sanguine
1115 4009 1470 4062 delectantur.
1519 4007 1693 4062 Scena
1751 4023 1917 4078 porro
1971 4016 2056 4063 est

478 4098 794 4154 assimulata
821 4100 1098 4166 imitatio;
1129 4100 1273 4155 unde
1315 4108 1370 4154 et
1416 4098 1618 4154 scenici
1668 4097 1922 4153 dicuntur
1967 4101 2055 4153 lii-

479 4191 742 4258 striones,
767 4191 859 4260 qui
884 4192 1182 4262 aliquando
1211 4206 1521 4254 servorum,
1552 4189 1845 4262 aliquando
1875 4188 2055 4246 domi-

481 4279 746 4347 norum,'
775 4283 860 4338 vel
921 4285 1263 4337 exercituum
1309 4265 1602 4337 ductorum
1646 4291 1700 4335 et
1746 4282 2052 4351 principum

483 4387 745 4441 personas
781 4373 1035 4428 induunt.
1087 4372 1349 4428 Scenicas
1372 4373 1534 4443 igitur
1559 4373 1874 4428 saltationes
1908 4373 2054 4426 viro-

482 4477 604 4516 rum
653 4472 706 4516 et
754 4463 1046 4518 mulierum
1103 4462 1471 4518 inverecunde
1561 4460 1956 4516 lascivientium
2002 4471 2055 4516 et

484 4555 720 4624 turpiter
775 4557 1094 4626 agentium,
1148 4563 1202 4608 et
1245 4555 1310 4609 ad
1375 4554 1657 4609 libidinem
1715 4563 2052 4622 spectatores
2087 4538 2131 4594 ί)

485 4649 922 4716 provocantinm,
956 4647 1092 4702 etin
1138 4648 1411 4701 maxillam
1480 4649 1624 4702 ictus
1653 4655 1708 4701 et
1766 4647 2050 4716 strepitus,

486 4737 782 4806 prohibens
819 4753 1021 4801 canon,
1054 4739 1119 4792 iis
1166 4739 1256 4807 qui
1305 4752 1427 4792 sese
1463 4737 1541 4805 fad
1607 4737 1810 4807 aliquid
1860 4738 2053 4791 borum

481 4827 792 4896 applicant.
868 4829 1086 4883 clericis
1139 4829 1358 4898 quidem
1423 4829 1848 4898 depositionem,
1903 4829 2056 4883 laicis

485 4937 616 4979 vero
640 4927 1066 4994 segregationem
1111 4927 1377 4980 minatur.

562 5011 696 5068 Vide
749 5017 912 5070 etiam
978 5018 1221 5086 ejusdem
1277 5018 1472 5090 synodi
1525 5032 1764 5073 canones
1822 5018 1910 5084 62,
1944 5018 2053 5083 65,

484 5106 651 5159 tertio
679 5107 854 5174 capite
888 5107 1083 5163 litterae
1113 5108 1177 5163 Ε.

560 5197 876 5268 Cartltagiu.
909 5214 1038 5254 vero
1068 5215 1189 5270 syn.
1237 5215 1360 5254 can.
1407 5201 1473 5254 15
1545 5199 1892 5256 sacerdotum
1932 5199 2059 5254 ﬁliis

486 5291 799 5361 spectacula
827 5307 1086 5360 peragere
1115 5294 1422 5362 prohibuit;
1459 5309 1486 5346 a
1538 5293 1863 5362 quibusdam
1907 5292 2057 5346 enim

485 5379 706 5434 civibus
735 5420 749 5444 ,
781 5382 1218 5446 spectaculorum
1285 5381 1452 5437 nimis
1507 5383 1724 5446 amicis,
1769 5382 2061 5436 alebantur

487 5472 642 5541 equi,
676 5471 742 5526 ad
771 5488 1037 5529 cursuum
1076 5475 1379 5529 certamina
1427 5475 1734 5534 exercitati.
1765 5483 1818 5528 et
1857 5475 1922 5529 ad
1959 5491 2060 5543 pu-

489 5578 650 5634 gnam
689 5563 896 5620 bestiae.
959 5563 1080 5620 llaec
1120 5575 1302 5619 autem
1354 5579 1464 5620 non
1503 5565 1679 5620 solum
1727 5580 1836 5634 quo
1875 5564 2058 5618 minus

495 5667 527 5707 a
561 5653 906 5707 sacerdotum
955 5653 1081 5708 [iliis
1137 5661 1504 5723 peragantur,
1548 5667 1734 5706 verum
1785 5651 1949 5705 etiam
2005 5660 2064 5705 ut

496 5741 610 5797 illic
666 5745 732 5797 ad
793 5743 1088 5798 videndum
1146 5759 1252 5798 non
1306 5745 1888 5808 accedant,cavetur.
1935 5741 2060 5795 Illos

499 5833 651 5904 enim
688 5833 741 5892 in
768 5835 1016 5892 doctrina
1049 5845 1102 5892 et
1132 5837 1246 5904 lege
1277 5836 1491 5892 Domini
1545 5835 1757 5891 institui
1805 5842 2060 5901 oportet;

2151 3303 2468 3371 ἐτρέφοντο,
2502 3300 2716 3361 λέοντές
2742 3317 2802 3352 τε
2831 3302 2926 3352 καὶ
2943 3298 3159 3366 ἀρκτοι,
3190 3295 3225 3349 ἃ.
3254 3296 3319 3362 δὴ
3351 3295 3444 3346 καὶ
3466 3290 3602 3344 κατά
3625 3307 3695 3339 τις

2153 3411 2250 3456 νας
2283 3393 2476 3460 ἐξῆγον
2507 3391 2732 3460 καιροὺς
2784 3390 2876 3441 ἐπὶ
2926 3390 2995 3441 τὰ
3047 3387 3271 3452 θέατρα,
3327 3383 3423 3435 καὶ
3470 3380 3560 3432 νῦν
3612 3378 3696 3446 μὲν

2153 3485 2378 3555 ταύροις
2435 3481 2836 3553 προσπαλαίειν
2886 3479 3138 3546 ἐφίεσαν,
3180 3476 3272 3528 νῦν
3311 3474 3369 3528 δὲ
3414 3472 3695 3540 ἀνθρώποις

2151 3574 2510 3645 δορυαλώτοις
2539 3573 2570 3642 ἦ
2604 3569 2983 3640 κατακρίτοις,
3034 3567 3176 3620 ὥστε
3222 3563 3446 3625 τούτους
3491 3561 3697 3614 διασπα-

2157 3666 2368 3735 ράττειν
2415 3661 2549 3731 πρὸς
2578 3659 2771 3730 ἡδονὴν
2805 3655 3254 3725 τῶνθεωμένων.
3277 3654 3344 3704 "0
3371 3668 3434 3718 γε
3471 3650 3557 3702 καὶ
3590 3647 3696 3698 πολε

2153 3754 2252 3821 λὴν
2283 3751 2548 3821 ὠμότητα
2584 3749 2884 3817 κατηγορεῖ
2918 3745 3030 3798 τῶν
3073 3743 3282 3797 οἰκείαν
3311 3738 3583 3811 χαρμονὴν
3611 3739 3695 3798 τὰς

2155 3843 2358 3912 ἑτέρων
2385 3839 2670 3910 συμφορὰς
2698 3838 3065 3906 ποιουμένων,
3096 3835 3190 3888 καὶ
3224 3833 3482 3902 ὁμοφυῶν
3508 3827 3696 3896 ἀνθρὼ-

2159 3952 2276 3988 πων
2305 3934 2530 4002 αίμασιν
2560 3931 2862 4002 ἡδομένων.
2895 3926 3078 3997 Σκηνὴ
3107 3925 3162 3978 δέ
3185 3927 3334 3978 ἐστιν
3361 3925 3396 3992 ἡ
3421 3919 3698 3991 προσποίη-

2158 4044 2249 4088 τος
2305 4024 2614 4094 ὑπόκρισις,
2659 4021 2782 4074 ὅθεν
2813 4019 2911 4072 ’καὶ
2941 4017 3192 4088 σκηνικολ⁵
3223 4015 3475 4083 λέγονται
3505 4014 3552 4066 oi
3582 4013 3700 4064 ύπο-

2157 4119 2494 4186 κρινόμενοι,
2549 4115 2642 4168 καὶ
2697 4110 3094 4172 ἀπεικάζοντες
3142 4110 3394 4170 ἑαυτοὺς,
3444 4106 3566 4158 ποτὲ
3615 4103 3698 4168 μὲν

2153 4209 2378 4274 δούλοις,
2418 4207 2548 4260 ποτὲ
2586 4207 2644 4258 δὲ
2673 4206 2980 4267 δεσπόταις,
3031 4203 3062 4272 ἢ
3094 4201 3447 4270 στρατηγοῖς,
3491 4198 3578 4248 καὶ
3611 4194 3699 4260 ἀρ-

2158 4317 2336 4370 χουσι.
2367 4300 2480 4362 Τὰς
2519 4297 2612 4352 οὖν
2645 4297 2738 4350 ἐπὶ
2769 4295 2972 4366 σκηνῆς
3012 4294 3274 4364 ὀρχήσεις
3301 4289 3506 4358 ἀνδρῶν
3535 4303 3588 4338 τε
3618 4283 3700 4336 καὶ

2158 4391 2452 4462 γυναικῶν,
2479 4387 2714 4450 ἀναιδῶς
2735 4387 3102 4454 λογιζομένων
3128 4383 3222 4435 καὶ
3249 4375 3699 4450 ἀσχημονούντων,

2159 4485 2252 4537 καὶ
2287 4485 2366 4544 εἰς
2401 4479 2701 4535 ἀκολασίαν
2735 4479 2861 4540 τοὺς
2887 4476 3128 4547 δρῶντας
3159 4470 3592 4539 ἐκκαλουμένων,
3620 4466 3703 4516 καὶ

2155 4577 2222 4629 τὰ
2247 4579 2338 4629 ἐπὶ
2360 4576 2566 4646 κόρρης
2590 4571 2912 4642 ῥαπίσματα
2936 4568 3029 4620 καὶ
3049 4567 3350 4636 ψωρὴματα
3372 4558 3701 4628 ἀπαγορεύων

2155 4671 2182 4723 ὁ
2215 4669 2418 4732 κανὼν,
2450 4669 2562 4730 τοῖς
2592 4665 2728 4735 πρός
2761 4681 2815 4715 τι
2858 4661 3066 4715 τούτων
3110 4660 3341 4721 ἑαυτοὺς
3378 4654 3700 4710 ὲκδεδωκόσι.

2158 4762 2443 4832 κληρικοῖς
2485 4759 2584 4829 μὲν
2619 4752 2741 4810 οὖσι
2772 4753 3092 4823 καθαίρεσιν
3138 4750 3359 4816 ὲπάγει,
3429 4747 3624 4807 λαῑκοῐς
3651 4743 3701 4796 δὲ

2156 4853 2484 4925 ἀφορισμόν.

2229 5011 2392 5080 Ζὴτει
2424 5010 2518 5063 καὶ
2543 5007 2635 5060 τὸν
2662 5007 2759 5077 τῆς
2791 5003 3013 5058 συνόδου
3045 5001 3253 5070 ταύτης
3287 4998 3367 5069 ξβ¹
3397 4997 3588 5052 κανόνα
3615 4992 3700 5049 καὶ

2161 5098 2232 5165 ξε¹
2269 5100 2325 5151 έν
2349 5099 2428 5167 τῷ
2461 5097 2510 5165 γ’
2537 5114 2663 5165 κεφ.
2690 5095 2783 5147 τοῦ
2818 5093 2859 5146 Ε
2885 5092 3181 5162 στοιχείου.

2242 5193 2302 5244 '0
2326 5191 2384 5244 δὲ
2435 5185 2620 5256 ιε’τῖς
2662 5191 2720 5241 έν
2749 5187 3081 5258 Καρθαγένῃ
3125 5184 3348 5237 συνόδου
3384 5181 3557 5236 κανὼν
3607 5178 3703 5238 τοῖς

2163 5285 2322 5337 παισὶ
2353 5283 2462 5335 τῶν
2494 5281 2685 5350 ἱερέων
2718 5279 2988 5350 ἀπείρηκε
3021 5278 3227 5347 θεώρια
3260 5275 3498 5330 ἐκτελεῖν
3519 5291 3532 5304 ·
3562 5271 3704 5330 ὲνίοις

2165 5372 2275 5444 γὰρ
2300 5371 2408 5426 τῶν
2439 5372 2694 5438 πολιτῶν,
2720 5364 2801 5433 οἷς
2849 5369 3048 5439 ἔμελεν
3074 5371 3106 5436 ἡ
3138 5368 3270 5438 περὶ⁵
3294 5367 3364 5420 τὰ
3394 5365 3592 5434 θέατρα
3615 5378 3705 5432 μα·

2166 5467 2275 5526 νία,
2303 5461 2458 5515 ἵπποι
2483 5461 2779 5532 ἐτρέφοντο
2801 5461 2879 5523 είς
2905 5460 3143 5530 ἀμιλλαν
3165 5458 3470 5529 ἠσκημένοι
3494 5455 3705 5526 δρόμων,

2167 5557 2260 5606 καὶ
2299 5552 2468 5623 θηρία
2517 5555 2597 5615 είς
2625 5554 2998 5622 θηριομαχίαν
3019 5569 3034 5584 ·
3062 5551 3236 5606 ταῦτα
3262 5550 3359 5603 οὖν
3381 5551 3508 5612 τοὺς
3538 5544 3707 5605 παῖδας

2164 5645 2274 5696 τῶν
2341 5643 2533 5714 ἱερέων
2594 5645 2668 5714 μὴ
2726 5645 2810 5698 ὅτι
2873 5644 3050 5696 τελεῖν
3107 5641 3346 5706 κελεύει,
3404 5639 3540 5694 ἀλλά
3592 5634 3707 5706 μηδὲ

2165 5731 2609 5805 ἀφικνουμένους
2653 5736 2834 5789 ἐκεῖσε
2871 5735 3100 5806 θεωρεῖν
3123 5751 3139 5767 ι
3174 5735 3256 5787 δεῖ
3285 5736 3398 5804 γὰρ
3439 5731 3623 5790 αὐτοὺς
3657 5727 3708 5776 ἑν

2167 5827 2385 5899 παδεία
2421 5826 2716 5899 τρέιρεσθαι
2761 5829 2853 5882 καὶ
2896 5829 3150 5900 νουθεσίᾳ
3182 5828 3422 5898 Κυρίουο
3453 5824 3569 5879 καθ’
3600 5818 3707 5886 ἀδὴ
