3918 6614
475 463 610 537 13ἱ3

900 578 1167 634 ΙΝΙΤΙυΜ
1209 579 1534 637 LlTTEll/E
1583 586 1627 639 ι.

700 694 853 750 CAP.
891 695 930 750 Ι.
971 696 1046 751 De
1071 697 1241 752 sacris
1265 699 1403 751 vasis
1436 707 1486 753 ει
1521 697 1822 769 sacrilegio.

545 804 996 875 Septuagesimus
1061 808 1337 863 secundus
1397 816 1720 863 sanctorum
1770 805 2049 876 apostolo-

475 909 620 955 rum.
655 908 713 949 ιιι
743 907 797 950 et
848 898 946 961 75,
981 899 1251 968 eum,qui
1308 900 1377 955 ab
1429 898 1665 954 ecclesia
1720 914 1901 952 ceram
1963 898 2050 952 vel

475 987 657 1043 oleum
709 989 906 1054 aufert,
942 1006 1104 1060 porro
1144 1000 1199 1046 et
1243 991 1337 1058 qui
1386 1005 1479 1044 vas
1537 989 1936 1044 sanctificatum
1983 1004 2049 1043 ex

478 1095 620 1135 auro
664 1083 747 1137 vel
781 1091 1010 1152 argento
1041 1083 1269 1147 factum,
1303 1081 1387 1137 vel
1420 1082 1648 1137 linteum
1682 1080 1735 1136 in
1764 1083 2049 1151 proprium

475 1184 636 1225 usum
672 1175 962 1240 convertit,
1007 1184 1061 1227 et
1092 1188 1388 1228 commune
1420 1173 1580 1235 facit,
1612 1174 1654 1227 si
1688 1188 1794 1227 non
1828 1173 2053 1227 sacrile—

471 1263 869 1334 gii,tanquam
921 1265 1146 1320 sceleris
1199 1273 1382 1320 autem
1436 1266 1721 1333 praemium
1763 1271 2050 1334 reportan-

475 1364 606 1421 tem,
634 1358 1002 1426 segregationi
1027 1358 1346 1428 subjiciunt.
1383 1357 1517 1411 Nam
1555 1356 1759 1424 Achar,
1791 1359 2050 1439 quaeobeo

472 1464 575 1502 nec
604 1449 784 1503 oblata
829 1459 1003 1515 erant,
1040 1465 1140 1505 nec
1184 1450 1546 1517 sanctificata,
1578 1451 1672 1505 sed
1704 1451 1882 1505 solum
1924 1465 2050 1520 pro-

478 1538 671 1603 missa,
715 1543 1066 1604 subtrahens.
1098 1550 1374 1597 extremas
1418 1542 1568 1598 dedit
1606 1558 1798 1614 poenas
1831 1543 1899 1599 ab
1925 1543 2050 1598 uni-

474 1644 631 1684 verso
662 1633 861 1700 populo
901 1631 1175 1702 lapidibus
1208 1632 1460 1687 obrutus.

543 1722 799 1777 Decimus
831 1739 960 1778 vero
1004 1725 1193 1793 primze
1232 1734 1285 1779 et
1336 1726 1593 1781 secundae
1641 1725 1799 1782 dictae
1830 1727 2048 1798 synodi,

471 1817 855 1872 dilucidiorem
900 1818 1094 1872 borum
1124 1834 1398 1876 canonum
1450 1822 1845 1889 interpretatus
1891 1836 2046 1875 men-

1655 467 2019 530 unum
2062 428 2484 531 suasimus

2082 602 2129 663 Δ

3587 469 3715 528 ισοξ

2508 580 2701 634 APXll
2739 582 2880 636 ΤΟΥ
2926 584 2944 636 l
2984 577 3376 636 Στοιχειογ.

2154 697 2403 751 ΚΕΦΔΛ.
2446 699 2523 751 A'.
2567 698 2707 765 Περὶ
2741 696 2916 764 ἱερῶν
2954 694 3198 751 σκευῶν
3230 694 3330 749 καί
3364 696 3706 762 ἱεροσυλίας.

2233 812 2293 866 Ὀ
2315 810 2393 882 οβ’
2420 811 2530 865 τῶν
2566 811 2741 881 ἀγίων
2762 812 3094 877 ξάποστόλων
3127 810 3335 873 κανὼν,
3361 809 3496 862 ἀλλά
3520 809 3582 875 δὴ
3623 818 3709 863 καὶ

2152 908 2180 961 ὁ
2224 905 2303 977 ογ¹
2337 906 2431 961 τὸν
2472 908 2580 961 ἀπὸ
2635 906 2736 977 τῆς
2766 906 3069 974 ἐκκλησίας
3106 905 3441 974 ἀφελόμενον
3474 902 3704 973 κηρὸν,ἢ

2153 997 2350 1066 ἔλαιον,
2383 999 2464 1052 ἔτι
2508 1000 2566 1053 δὲ
2610 998 2801 1062 σκεῦος
2858 997 3146 1062 ἁγιασθέν,
3179 994 3393 1066 χρυσοῦ
3422 993 3456 1065 ἢ
3487 993 3703 1063 ἀργύρου

2152 1092 2545 1164 πεποιημένον,
2573 1093 2607 1162 ἢ
2632 1091 2829 1161 ὀθόνην
2854 1091 2935 1154 εἱς
2963 1089 3175 1143 οἰκείαν
3203 1091 3403 1160 χρῆσιν
3420 1086 3700 1157 σφετεριζόο

2155 1200 2315 1254 μενον
2348 1183 2444 1237 καὶ
2472 1182 2785 1247 κοινοῦντα,
2821 1181 2937 1251 εζγε
2973 1183 3050 1253 μὴ
3085 1179 3421 1251 ἱεροσυλίας,
3452 1179 3522 1243 ὡς
3552 1178 3595 1231 δ’
3624 1180 3702 1233 οὖν

2153 1276 2506 1348 παρανομίας
2539 1277 2695 1340 δίκας
2742 1275 3038 1345 ὑπέχοντα,
3070 1271 3367 1344 ἀφορισμῷ
3402 1270 3703 1325 ὑποϐάλλου-

2153 1384 2259 1421 σιν.
2300 1367 2360 1420 Ὀ
2398 1368 2578 1437 ’Δχαρ
2606 1366 2683 1430 δὲ,
2733 1368 2826 1420 καὶ
2860 1365 3006 1435 ἅπερ
3052 1363 3270 1417 οὐδέπω
3306 1361 3426 1431 Θεῷ
3463 1363 3703 1431 προσήνεο

2153 1473 2304 1519 κται,
2338 1454 2463 1510 οὑτε
2526 1455 2635 1527 μὴν
2670 1454 2958 1526 ,ὴγὶασται,
2997 1451 3137 1507 ἀλλά
3189 1451 3357 1521 μόνον
3398 1448 3702 1521 ἐπήγγελται

2153 1546 2505 1617 ὑφελόμενος,
2537 1547 2636 1617 τὴν
2674 1546 2912 1617 ἐσχάτην
2939 1544 3107 1598 ἔδωκε
3146 1542 3310 1613 δίκην
3346 1540 3703 1606 καταλευσθεὶς

2154 1639 2459 1709 παγγενής.

2236 1730 2294 1785 '0
2323 1731 2379 1784 δὲ
2415 1728 2445 1783 ι’
2482 1729 2583 1800 τῆς
2613 1728 2920 1799 λεγομένης
2962 1728 3012 1783 α’
3043 1729 3139 1781 καὶ
3167 1727 3213 1799 β’
3244 1726 3481 1791 συνόδου,
3506 1725 3704 1795 ἐκδηλό-

2152 1838 2313 1892 τερον
2363 1821 2476 1875 τῶν
2512 1821 2757 1876 κανόνων
2793 1820 3022 1873 τουτωνὶ
3071 1819 3163 1871 τον
3211 1819 3339 1872 νοῦν
3390 1817 3703 1887 ἑρμηνεύων,

475 1920 580 1963 tem
611 1948 627 1975 ,
686 1912 812 1977 Eos,
846 1912 1043 1983 inquit,
1076 1915 1169 1982 qui
1198 1929 1327 1969 vasa
1358 1914 1443 1968 vel
1487 1926 1667 1968 vestes
1693 1924 1845 1968 extra
1875 1916 2047 1970 altare

2157 1913 2296 1976 Τοὺς
2324 1911 2820 1984 σφετεριζομένους
2848 1910 2918 1966 τὰ
2943 1912 3122 1975 ἐκτὸς,
3145 1911 3299 1981 φησὶ,
3322 1909 3415 1962 τοῦ
3443 1909 3706 1977 θυσιαστη-

471 2002 535 2055 ad
571 2004 849 2071 proprium
895 2020 1053 2057 usum
1088 2016 1436 2066 convertunt,
1465 2020 1587 2074 qum
1616 2006 1682 2057 ad
1715 2004 1902 2073 tentpli
1951 2018 2043 2058 or-

472 2103 655 2173 natum
710 2093 1049 2149 sanctificata
1108 2095 1353 2160 fuerunt,
1382 2097 1635 2150 lucernas
1684 2095 1841 2149 verbi
1882 2111 1932 2149 c.
1963 2097 2046 2150 vel

472 2188 745 2249 aulzea,et
781 2187 845 2241 ad
900 2203 1058 2241 usum
1112 2187 1402 2258 profanum
1466 2189 1570 2243 sibi
1621 2189 1753 2257 ipsis
1793 2188 1876 2243 vel
1925 2189 2048 2243 aliis

472 2279 991 2341 accomodaverint,
1026 2280 1362 2347 apostolicus
1417 2297 1594 2336 canon
1645 2288 1934 2350 segregat,
1994 2288 2051 2335 et

475 2381 577 2420 nos
633 2382 739 2421 una
788 2382 1162 2438 segregamus.
1209 2369 1315 2425 Eos
1374 2380 1588 2436 autem,
1648 2372 1741 2441 qui
1794 2381 2045 2426 sanctum

472 2459 724 2525 calicem,
752 2461 836 2514 vel
864 2461 1099 2526 discum,
1123 2464 1201 2516 vel
1235 2463 1528 2533 forcipem,
1559 2464 1640 2518 vel
1671 2464 2045 2518 venerandum

472 2551 877 2613 indumentum,
910 2553 989 2605 vel
1038 2568 1218 2607 aerem
1249 2554 1454 2609 dictum
1509 2556 1581 2624 (id
1616 2566 1694 2609 est
1717 2556 2046 2622 sudarium),

472 2645 581 2711 vel,
622 2653 679 2698 ut
710 2647 1024 2700 summatim
1055 2646 1235 2701 dicam
1259 2690 1274 2712 ,
1305 2663 1473 2702 unum
1524 2648 1747 2715 aliquod
1776 2663 1841 2702 ex
1875 2649 2050 2704 sacris

471 2735 618 2791 vasis
639 2747 695 2790 et
727 2740 871 2790 intra
903 2735 1095 2790 altaria
1133 2752 1287 2793 sacra
1342 2737 1726 2801 sanctificatis,
1761 2737 1844 2791 vel
1887 2738 2051 2792 vesti-

470 2839 652 2883 menta
684 2829 738 2883 in
767 2830 1049 2900 proprium
1082 2832 1296 2886 lucrum
1357 2830 1640 2901 diripiunt,
1673 2830 1757 2885 vel
1793 2832 1847 2884 in
1890 2846 2049 2885 usum

473 2922 765 2991 profanum
818 2908 1144 2978 convertunt
1198 2922 1329 2989 (hoc
1384 2923 1529 2977 enim
1587 2929 1670 2976 est
1724 2920 2048 2991 profanare,

472 3014 603 3069 illud
660 3030 790 3071 vero
826 3016 1110 3085 surripere
1171 3012 1378 3085 sacra),
1411 3013 1683 3069 absoluta:
1719 3012 2052 3085 depositionl

470 3106 813 3174 subiicimus,
856 3116 913 3159 ut
953 3107 1046 3176 qui
1080 3105 1307 3175 impium
1334 3119 1472 3173 opus
1501 3102 1773 3159 fecerunt.
1950 3110 1959 3118 ‘

540 3200 605 3254 Et
634 3214 863 3263 magnus
899 3197 1197 3268 Gregorius
1226 3195 1505 3269 Nyssenns
1526 3195 1580 3250 in
1605 3204 1802 3250 octavo
1832 3208 1934 3250 suo
1956 3207 2052 3247 ca-

2154 2006 2271 2079 ρίου
2330 2005 2500 2078 σκεύη
2556 2005 2589 2077 ἢ
2639 2006 2843 2075 ἀμφια,
2875 2004 2912 2058 ἃ
2949 2004 3014 2076 δὴ
3054 2003 3191 2073 πρὸς
3225 2003 3429 2072 κόσμον
3470 2000 3560 2055 τοῦ
3592 2002 3707 2055 ναοῦ

2152 2097 2480 2165 ἀφιέρωται,
2510 2096 2733 2167 λυχνίας
2762 2094 2945 2165 τυχὸν,
2975 2094 3008 2164 ἢ
3044 2093 3275 2157 ἔπιπλα,
3305 2094 3399 2145 καὶ
3423 2094 3501 2155 είς
3529 2092 3701 2162 χρῆσιν
3780 2150 3793 2157 ,

2151 2187 2372 2257 ἀνίερον
2397 2187 2613 2249 ἑαυτοῖς
2640 2185 2673 2256 ἦ
2700 2185 2913 2256 ἑτέροις
2934 2183 3299 2253 παρέχοντας,
3326 2184 3356 2233 ό
3379 2183 3702 2247 ἀποστολικδς

2151 2277 2407 2348 ἀφορίζει
2464 2280 2668 2344 κανὼν,
2731 2277 2827 2330 καὶ
2887 2277 3049 2345 ἡμεῖς
3109 2268 3703 2343 συναφορίζομεν.Τοὺς

2155 2371 2339 2443 μέντοι
2371 2369 2431 2423 τδ
2458 2370 2617 2434 ἀγιον
2647 2369 2934 2440 ποτήριον,
2968 2362 3003 2437 ἦ
3033 2366 3123 2420 τὸν
3155 2366 3362 2429 δίσκον,
3394 2367 3427 2435 ἦ
3454 2366 3548 2437 τὴν
3574 2365 3703 2419 λασί-

2152 2465 2243 2528 δα,
2273 2464 2305 2534 ἢ
2336 2464 2438 2534 τὴν
2467 2462 2773 2535 σεϐασμίαν
2796 2460 3038 2531 ἐνδυ-τήν,
3067 2460 3100 2530 ἢ
3131 2459 3223 2512 τὸν
3251 2457 3542 2528 λεγόμενον
3565 2459 3700 2528 ἀέρα,

2152 2554 2185 2625 ἦ
2220 2553 2406 2618 ἁπλῶς
2454 2553 2514 2609 ἐν
2546 2573 2601 2609 τι
2641 2553 2750 2607 τῶν
2790 2554 2849 2606 ἐν
2881 2552 2957 2623 τῷ
2987 2552 3131 2621 ἀγὶῳ
3164 2549 3533 2621 θυσιαστηρίῳ
3565 2550 3702 2618 ἱερῶν

2152 2645 2249 2699 καὶ
2282 2645 2457 2711 ἁγίων
2501 2645 2714 2699 σκευῶν
2746 2642 2779 2714 ἢ
2818 2642 3223 2713 ἀμφιεσμάτων
3257 2643 3340 2703 είς
3376 2641 3504 2694 ίδιον
3538 2640 3703 2709 κέρδος

2155 2736 2607 2809 ὑφαρπάζοντας,
2639 2735 2673 2807 ἢ
2723 2737 2805 2794 είς
2834 2737 3031 2806 χρῆσιν
3062 2733 3387 2803 χρωμένους
3415 2731 3614 2802 ἀνίερον
3636 2729 3702 2799 (τὸ

2159 2828 2259 2897 μὲν
2291 2828 2402 2897 γάρ
2437 2828 2555 2880 ἐστι
2605 2826 2940 2899 βεϐηλῶσαι,
2978 2826 3038 2879 τὸ
3082 2826 3160 2890 δὲ,
3197 2824 3431 2894 συλῆσαι
3465 2824 3530 2877 τὰ
3554 2821 3701 2892 ira),

2154 2919 2415 2974 παντελεῖ
2456 2920 2778 2992 καθαιρέσει
2812 2917 3332 2990 καθυπδάλλομεν,
3369 2917 3445 2981 ὡς
3475 2916 3702 2980 δυσσεδὲς

2155 3009 2316 3082 ἔργον
2339 3012 2841 3084 διαπραξαμένους.

2237 3202 2299 3253 ’0
2328 3198 2386 3252 δὲ
2413 3196 2639 3268 Νύσσης
2685 3196 2858 3266 μέγας
2886 3194 3212 3267 Γρηγόριος,
3250 3195 3309 3247 ἐν
3340 3192 3420 3263 τῷ
3444 3198 3491 3264 η’
3520 3191 3703 3259 κανόνι,

474 3306 639 3358 ιιυιιο,
666 3292 1051 3362 Sacrilegium,
1078 3292 1175 3355 ait,
1221 3291 1273 3344 in
1324 3289 1510 3343 divina
1548 3296 1600 3343 et
1652 3288 1876 3356 antiqua
1903 3285 2049 3340 Scri-

2168 3292 2232 3345 Ἦ
2268 3291 2567 3362 ἱεροσυλία,
2602 3290 2761 3359 φησι,
2788 3289 2939 3360 παρὰ
2971 3289 3069 3357 μὲν
3116 3290 3183 3359 τῇ
3226 3286 3434 3358 ἀρχαίᾳ
3471 3287 3562 3339 καὶ
3600 3285 3704 3357 θεία

472 3393 655 3453 ptura,
677 3384 839 3438 caedis
870 3381 1089 3452 quidem
1124 3378 1585 3436 condcmnatione
1617 3393 1726 3433 non
1760 3377 1937 3431 visum
1972 3386 2054 3431 est

471 3476 780 3547 indignum.
830 3473 1093 3529 Similiter
1144 3473 1290 3528 enim
1332 3480 1387 3526 et
1433 3471 1528 3540 qui
1568 3469 1730 3526 caedis
1771 3469 2054 3524 convictus

470 3577 614 3634 erat,
640 3576 694 3622 et
721 3566 811 3637 qui
844 3582 931 3622 res
959 3564 1065 3620 Deo
1098 3564 1380 3620 dedicatas
1407 3563 1730 3629 abstulerat,
1766 3561 2053 3632 lapidatio-

473 3662 560 3717 uis
608 3659 936 3729 supplicium
1000 3658 1242 3713 subibat.
1277 3649 1664 3713 Eéclesiastica
1698 3665 1882 3711 autent
1920 3670 2058 3711 con-

473 3755 708 3809 suetudo
752 3751 999 3815 lenitate,
1037 3751 1224 3805 nescio
1278 3750 1579 3819 quomodo,
1618 3758 1802 3813 utens,
1851 3750 2055 3803 tolera-

472 3843 637 3898 bilius
693 3843 843 3898 illius
902 3842 1077 3898 morbi
1141 3841 1416 3912 piaculum
1495 3839 1858 3897 existimavit.
1914 3838 2052 3895 Nam

475 3934 715 3989 breviori
772 3943 1018 4004 tempore
1066 3926 1575 4004 sacrilegos’quam
1639 3932 1917 3989 adulteros
1948 3949 2052 4003 pu-

475 4027 672 4093 nivit;
736 4026 1015 4082 adulteros
1073 4036 1258 4082 autem
1306 4027 1375 4083 18
1447 4041 1620 4083 annos
1706 4041 1738 4082 a
1808 4041 2054 4082 commu-

475 4118 637 4174 nione
666 4120 930 4188 .expcllit.
974 4119 1219 4175 Consule
1267 4118 1335 4175 .in
1398 4117 1467 4173 16
1528 4119 1706 4190 capite
1766 4119 1960 4174 littera:
2009 4117 2053 4173 E

473 4226 599 4265 can.
635 4211 671 4264 2
694 4213 867 4267 sancti
924 4211 1137 4283 Cyrilli,
1157 4218 1211 4267 et
1242 4225 1363 4281 quae
1394 4209 1466 4266 ibi
1494 4212 1688 4282 positae
1716 4220 1843 4270 sunt
1873 4213 2051 4284 legum

473 4313 635 4373 caput
665 4302 721 4360 ι.

1167 4414 1350 4489 Leges.

546 4532 830 4603 SJCllngli
872 4532 1079 4587 crimen
1135 4530 1314 4588 simile
1355 4539 1442 4585 est
1476 4529 1694 4594 crimini
1744 4528 1885 4584 laesa:
1938 4542 2049 4584 ma-
2105 4535 2108 4539 ‘

467 4627 703 4696 )o'statis.

472 4720 483 4732 ’
543 4720 743 4775 Contra
801 4718 948 4774 illum
1007 4717 1279 4786 sacrilegii
1324 4717 1469 4772 actio
1515 4726 1804 4782 movetur,
1839 4720 1934 4789 qui
1982 4735 2047 4776 ex

477 4815 642 4869 rebus
696 4812 871 4866 sacris
916 4810 1121 4881 aliquid
1177 4809 1490 4877 abstulerit,
1542 4818 1594 4862 et
1658 4809 1712 4862 in
1766 4810 2046 4880 proprium

477 4921 635 4959 nsum
667 4901 1022 4965 converterit,
1052 4900 1138 4955 vel
1171 4901 1264 4971 qui
1297 4901 1491 4954 horum
1517 4899 1721 4971 aliquid
1743 4900 1871 4956 dolo
1905 4901 2048 4959 malo

472 4995 655 5051 facere
680 5008 972 5065 aggressus
999 5001 1108 5047 est.

547 5086 705 5158 145
726 5086 827 5152 Q‘”
853 5084 1059 5155 διίίιυῑά
1084 5084 1190 5140 θεο
1215 5084 1455 5140 nondum
1479 5083 1788 5139 dedicatum
1815 5082 2051 5151 furatur,
2083 5096 2089 5103 ‘

474 5189 739 5249 tauquam
776 5178 865 5233 fur
902 5179 1121 5233 actione
1158 5186 1379 5233 tenetur
1414 5197 1427 5232 :
1466 5192 1595 5232 nam
1626 5191 1714 5232 res
1749 5178 1990 5247 privatas
2018 5194 2050 5235 a

476 5271 678 5340 templo
712 5272 1013 5340 surripere,
1040 5271 1387 5340 sacrilegium
1413 5285 1522 5325 non
1556 5280 1661 5334 est,
1688 5271 1784 5326 sed
1820 5273 2047 5327 furtum.

474 5364 578 5431 Qui
603 5375 784 5418 autem
816 5362 925 5419 Deo
957 5373 1283 5419 consecrata
1314 5362 1715 5429 furatur,‘licet
1743 5380 1807 5418 ex
1841 5363 2052 5433 privato

482 5459 606 5514 loco
640 5456 856 5513 furatus
891 5466 997 5521 est,
1032 5456 1302 5526 sacrilegii
1333 5465 1569 5512 tenetur.
1603 5456 1874 5523 Quoniam
1903 5458 2049 5511 enim

404 5610 413 5617 ν
477 5559 608 5605 sunt
653 5551 902 5619 quaedam
948 5565 1107 5605 sacra
1144 5550 1252 5604 Deo
1299 5564 1408 5604 non
1442 5558 1787 5610 consecrata,
1834 5560 1890 5603 ut
1924 5557 2054 5604 sunt

480 5642 771 5709 imagines,
808 5659 930 5713 quae
957 5643 1026 5697 ad
1062 5658 1161 5697 nos
1189 5642 1441 5711 privatim
1476 5642 1775 5708 pertinent,
1807 5642 2049 5696 nondum

472 5732 698 5801 templis
736 5734 822 5787 vel
886 5733 1242 5789 monasteriis
1279 5732 1560 5795 dedicatae,
1612 5731 1737 5785 ideo
1771 5731 1907 5786 dicit
1941 5731 2051 5798 lex,

479 5826 656 5880 locum
699 5825 882 5882 facere
941 5826 1144 5883 furtum
1206 5828 1288 5882 vel
1349 5825 1719 5895 sacrilegium.
1765 5824 1900 5879 Nam
1955 5824 2047 5895 qui

480 5926 728 5973 sanctaui
789 5918 1104 5990 imaginem,
1157 5935 1279 5989 quae
1340 5920 1390 5973 in
1452 5928 1637 5973 nostra
1687 5916 1881 5972 cellula
1947 5925 2049 5982 cst,

2157 3386 2352 3457 Γραφῇ
2402 3386 2523 3438 οὐδὲ
2592 3382 2851 3454 ἐνομίσθη
2913 3381 3014 3450 τῆς
3065 3382 3296 3452 φονικῆς
3352 3380 3704 3452 κατακρίσεως

2154 3477 2524 3547 ἀνεκτότερα·
2557 3476 2758 3546 ὁμοίως
2784 3475 2894 3544 γὰρ
2924 3476 2949 3529 ὃ
2980 3492 3039 3527 τε
3079 3475 3228 3545 φόνῳ
3263 3473 3449 3539 ἁλοὺς,
3479 3477 3567 3528 καὶ
3599 3478 3623 3527 ό
3648 3474 3705 3528 τὰ

2137 3573 2499 3627 ’ἀνατεθέντα
2537 3572 2614 3641 τῷ
2651 3570 2772 3641 Θεῷ
2802 3568 3155 3639 ὑφελόμενος,
3183 3570 3287 3638 τὴν
3314 3569 3403 3621 διὰ
3434 3569 3537 3622 τῶν
3564 3568 3702 3622 λίθων

2153 3663 2429 3736 τιμωρίαν
2474 3663 2727 3733 ὑπέσχον.
2770 3662 2831 3715 '0
2875 3662 2931 3715 δὲ
2963 3662 3061 3733 τῆς
3087 3661 3418 3733 Ἐκκλησίας
3455 3662 3701 3730 συνήθεια.

2156 3755 2564 3824 ωγκαταόἀσει
2591 3754 2692 3807 οὐκ
2734 3746 2832 3806 οἶδ’
2859 3753 3008 3816 ὅπως
3053 3754 3407 3823 χρησαμένη,
3443 3753 3702 3805 ἀνεκτότε-

2158 3864 2252 3918 ρον
2316 3847 2377 3900 τὸ
2424 3847 2525 3914 τῆς
2572 3844 2831 3914 τοιαύτης
2874 3845 3033 3897 νόσου
3077 3844 3381 3915 καθάρσιον
3414 3843 3699 3911 ἐλογίσατο·

2153 3938 2402 3992 ἐλάττονι
2439 3936 2549 4008 γὰρ
2574 3936 2754 4006 χρόνῳ
2782 3935 2909 3998 τοὺς
2946 3934 3254 4006 ἱεροσύλους
3284 3934 3317 4006 ἢ
3352 3936 3478 3996 τοὺς
3509 3934 3701 4004 μοιχοὺς

2152 4029 2451 4083 ἐκολάσατο
2477 4044 2491 4058 ⁸
2521 4024 2656 4092 ’τοὺς
2685 4023 2779 4081 οὖν
2808 4027 3035 4097 μοιχοὺς
3065 4027 3146 4090 είς
3171 4025 3241 4094 ιη’
3283 4025 3377 4097 ἔτη
3414 4026 3510 4093 τῆς
3535 4042 3702 4095 κοινω-

2154 4121 2275 4184 νίας
2301 4120 2581 4191 ἀπείργει.
2616 4119 2781 4188 Ζήτει
2804 4120 2900 4172 καὶ
2932 4120 2990 4171 ἐν
3015 4117 3092 4187 τῷ
3124 4116 3202 4181 ις’
3226 4135 3353 4185 κεφ.
3376 4117 3470 4171 τοῦ
3499 4117 3536 4169 Ε
3559 4133 3701 4184 στοιχ.

2154 4214 2357 4269 κανόνα
2390 4212 2434 4283 β’
2473 4211 2571 4266 τοῦ
2603 4211 2761 4277 ἁγίου
2795 4210 3090 4279 Κυρὶλλου,
3134 4209 3231 4263 καὶ
3268 4209 3380 4262 τῶν
3411 4210 3578 4261 ἐκεῖσε
3604 4224 3702 4261 κειο

2158 4305 2340 4377 μένων
2360 4305 2542 4376 νόμων
2565 4302 2627 4357 τὸ
2655 4304 2699 4356 δ’
2728 4303 3049 4372 κεφάλαιονί

2839 4417 3044 4486 Νόμοι.

2225 4534 2299 4588 Τδ
2330 4535 2460 4605 περὶ
2487 4532 2803 4605 ἱεροσυλίας
2852 4532 3108 4602 ἔγκλημα
3134 4532 3327 4600 ὅμοιόν
3365 4532 3481 4583 ἐστι
3515 4528 3584 4599 τῷ
3618 4527 3700 4592 si;

2084 4636 2132 4697 ι)
2156 4628 2573 4691 καθοσιώσεως.

2235 4724 2294 4777 '0
2323 4722 2455 4791 περὶ
2490 4723 2589 4790 τῆς
2618 4720 2926 4791 ἱεροσυλίας
2975 4720 3211 4771 κινεῖται
3256 4717 3422 4786 νόμος
3461 4715 3594 4768 κατὰ
3618 4711 3696 4766 τοῦ

2152 4813 2485 4884 ὑφελομένου
2521 4816 2584 4866 ἐκ
2621 4813 2730 4866 τῶν
2765 4812 2926 4881 ίερῶν
2948 4812 3271 4882 χρημάτων,
3308 4810 3341 4880 ἢ
3380 4809 3694 4880 χρησαμένου

2150 4905 2364 4967 τούτοις
2408 4905 2489 4968 εἰς
2529 4904 2666 4968 ἰδίας
2705 4901 2979 4975 χρείας,ἢ
3024 4906 3554 4973 παρασκευάσαντος
3579 4899 3696 4956 κατὰ

2157 5002 2312 5057 δόλον
2333 5001 2591 5071 γενέσθαι
2618 5018 2673 5054 τι
2698 4999 2933 5055 τούτων.

2241 5095 2302 5148 '0
2331 5094 2582 5148 κλέπτων
2606 5093 2669 5146 τὸ
2693 5093 2863 5162 μήπω
2883 5082 3002 5161 Θεῷ
3024 5092 3388 5162 καθιερωθὲν,
3405 5093 3481 5154 ὡς
3496 5092 3695 5161 κλέπτης

2155 5181 2409 5250 ἐνάγεται
2430 5196 2447 5213 '
2480 5180 2542 5235 τὸ
2579 5180 2689 5251 γὰρ
2714 5178 3009 5249 ὑφελέσθαι
3037 5180 3143 5234 ἀπὸ
3171 5179 3266 5233 τοῦ
3294 5180 3445 5249 ἱεροῦ
3474 5181 3693 5253 χρήματα

2158 5270 2408 5326 ἰδιωτικὰ
2460 5271 2561 5325 οὐκ
2592 5271 2745 5324 ἐστιν
2782 5271 3082 5343 ἱεροσυλία,
3109 5270 3243 5325 ἀλλὰ
3274 5272 3451 5342 κλοπή
3471 5289 3486 5303 ο
3512 5274 3539 5325 ό
3570 5271 3618 5324 δὲ
3640 5269 3694 5323 τὰ

2154 5359 2552 5432 ἀνατεθειμένα
2600 5359 2679 5431 τῷ
2712 5361 2833 5433 Θεῷ
2882 5361 3151 5425 κλέπτων,
3208 5363 3312 5417 κᾶν
3360 5361 3422 5428 ἐξ
3460 5361 3693 5417 ίδιωτικοῦ

2152 5454 2324 5508 τόπου
2361 5452 2559 5525 κλέψῃ.
2614 5453 2691 5516 ὡς
2726 5453 3004 5524 ἱερόσυλος
3029 5452 3293 5523 ἐνέχεται.
3340 5454 3494 5509 Ἐπεὶ
3521 5454 3575 5508 δέ
3611 5452 3694 5505 alat

2154 5564 2276 5600 τινα
2314 5546 2438 5617 ἱερὰ
2487 5546 2562 5619 μὴ
2594 5546 2993 5617 ἀνατεθειμένα
3033 5546 3111 5617 τῷ
3142 5546 3286 5615 Θεῷ,
3322 5546 3401 5610 ὡς
3435 5547 3502 5601 τὰ
3544 5546 3695 5609 ίδικῶς

2155 5641 2290 5710 ἡμῖν
2327 5638 2656 5711 διαφέροντα
2685 5639 3062 5710 εἰκονίσματα,
3093 5638 3263 5709 μήπω
3302 5640 3454 5702 ναοῖς
3491 5639 3526 5709 ἢ
3557 5655 3694 5709 μονα-

2158 5734 2398 5805 στηρίοις
2421 5734 2769 5800 ἀνατεθέντα,
2800 5730 2943 5788 κατὰ
2968 5732 3127 5787 τοῦτό
3157 5748 3327 5804 φησιν
3354 5735 3383 5787 ό
3420 5732 3596 5804 νόμος,
3623 5731 3694 5784 τὸν

2156 5825 2322 5879 τόπον
2374 5829 2552 5880 ποιεῖν
2595 5827 2695 5897 τὴν
2736 5826 2948 5897 κλοπὴν
2985 5825 3019 5895 ἢ
3063 5825 3162 5896 τὴν
3192 5825 3528 5895 ἱεροσυλίαν·
3552 5829 3578 5879 ό
3610 5824 3693 5894 γὰρ

2159 5920 2258 5990 τὴν
2308 5919 2366 5973 ἐν
2420 5920 2496 5990 τῷ
2546 5921 2775 5990 οἰκίσκῳ
2800 5919 2958 5990 ἡμῶν
2985 5917 3151 5972 οὖσαν
3191 5918 3362 5986 ἁγίαν
3395 5917 3571 5972 εἱκόνα
3599 5916 3690 5971 κλέ-
