3918 6552
179 360 318 427 ἲδίῦ

1184 343 1590 418 ΞΥΝΤΛΘΜΑ
1632 343 2261 412 ALPHABETICUM.
2303 368 2370 381 -
2413 340 2472 407 lx

3294 330 3431 401 1346

187 492 329 528 πτων
393 475 494 527 οῦκ
516 474 666 527 ἔστιν
690 471 995 544 ἱερόσυλος,
1032 468 1172 525 ἀλλὰ
1201 470 1478 539 κλέπτηςο
1515 467 1565 520 εί
1587 465 1644 521 δὲ
1679 464 1755 536 μὴ

1890 459 2179 527 ulluratur,
2199 475 2304 513 non
2334 467 2417 514 est
2447 454 2773 524 sacrilegus.
2804 452 2899 508 sed
2933 451 3052 519 l'nr;
3093 467 3252 508 secus
3280 458 3430 507 enim

179 569 431 638 εἴποιμεν
473 568 541 621 ἂν
585 567 682 621 καὶ
717 567 812 619 τὸν
849 564 1166 634 νομίσματα
1207 563 1534 623 κλέπτοντα,
1566 559 1756 611 είκόνα

180 662 371 730 ἔχοντα
411 659 506 714 τοῦ
539 658 782 731 Χριστοῦ
836 657 870 728 ἢ
901 658 1000 726 τῆς
1044 656 1336 720 Θεοτόκου,
1371 654 1446 717 ὼς
1476 649 1758 724 ἱερόσυλον

179 753 477 820 ἑνάγεσθαι
498 767 515 783 ο
550 751 689 821 ὅπερ
706 748 910 803 ἄτοπον
938 750 1032 801 καὶ
1053 747 1270 817 ψευδές.

254 848 321 899 Ὀ
355 843 640 916 ἱερόσυλος
666 844 723 896 ὲν
748 842 905 895 νυκτὶ
926 839 1003 910 τῷ
1027 822 1404 910 θυσιαστηρίῳ
1430 834 1757 897 ἐπιϐαίνων,

180 942 273 994 καὶ
294 940 368 993 τὰ
400 937 803 1005 ἀνατεθειμένα
832 935 912 1002 τῷ
938 933 1058 1005 Θεῷ
1091 935 1209 1004 ιερὰ
1253 932 1499 1003 μολύνων
1526 931 1558 1001 ἢ
1590 933 1760 999 ἀφαι-

182 1034 467 1106 ρούμενος,
503 1032 646 1097 ξίφει
667 1026 1022 1099 τιμωρείσθω
1043 1043 1057 1056 ·
1086 1028 1143 1080 ὲν
1169 1025 1351 1097 ἡμέρᾳ
1379 1025 1437 1077 δὲ
1460 1022 1681 1094 μέτριόν
1705 1039 1758 1074 τι

182 1126 591 1195 ἀφαιρούμενος
648 1123 757 1176 cieri:
793 1121 895 1190 τῆς
948 1119 1247 1189 ὶκκλησίας
1297 1117 1386 1170 διὰ
1451 1114 1754 1189 πτωχείαν,

180 1219 524 1290 τυπτόμενος
555 1216 906 1289 ἐξοριζέσθω.

183 1334 438 1389 ΚΕΦΔΛ.
471 1333 549 1387 B’.
584 1334 707 1386 Ὅτι
737 1334 810 1385 οὐ
836 1331 932 1385 δεῖ
966 1328 1150 1383 ἔνδον
1176 1328 1295 1382 τῶν
1319 1322 1493 1391 ιερῶν
1523 1325 1756 1391 περιϐό-

250 1409 382 1460 λων
420 1406 529 1473 τᾲς
562 1403 898 1473 λεγομένας
940 1398 1180 1473 ἀγάπαις
1230 1396 1448 1456 ποιεῖν,
1474 1396 1533 1473 ἢ-
1555 1411 1761 1473 ,καπης

250 1477 389 1531 λεῖα
438 1464 615 1535 εἶναι,
646 1464 722 1542 ’ἦ’
739 1492 796 1527 τι
841 1464 1302 1542 κοτ”ἑμπορίαν
1325 1464 1758 1542 προτιθέναιθῆ

250 1546 485 1613 κτῆνος
528 1535 709 1615 χωρίς·
753 1535 1352 1611 ἁνὰγκηςέίσᾶγειν,
1379 1535 1418 1605 ἦ
1443 1553 1578 1591 τινα
1611 1537 1763 1605 μετὰ

251 1615 549 1690 γυναικὸς
573 1614 955 1686 καταμένειν,

252 1735 420 1805 Ζήτει
446 1734 507 1785 τὸ
534 1738 595 1786 ιε’
622 1748 749 1801 κεφ.
779 1728 875 1783 τοῦ
906 1730 946 1782 Ε
976 1728 1268 1799 στοιχείου.

342 1846 595 1900 ΚΕΦΑΛ.
622 1845 697 1899 Γ’.
730 1843 869 1912 Περὶ
892 1840 1000 1911 τῆς
1028 1842 1195 1909 θείας
1214 1840 1573 1910 ἱερουργίας.
1781 1835 1827 1891 Β

255 1963 423 2034 Ζήτει
446 1963 502 2015 ὲν
529 1959 605 2032 τῷ
633 1967 676 2013 ε’
698 1976 821 2028 κεφ.
848 1956 940 2012 τοῦ
969 1958 1013 2010 Τ
1050 1954 1338 2027 στοιχείου.

183 2077 442 2131 ΚΕΦᾹΛ.
476 2074 548 2129 Δ’.
595 2073 733 2141 Περὶ
758 2072 1092 2136 Ἰουδαίων,
1137 2071 1232 2125 καὶ
1274 2071 1365 2124 δτι
1399 2075 1525 2137 μετ’
1563 2064 1765 2122 αὐτῶν

504 2144 826 2200 κοινωνίαν
851 2142 1009 2207 ὅλως
1033 2142 1200 2210 ἔχειν
1240 2144 1312 2195 οὺ
1339 2142 1449 2198 δεῖ.

254 2240 422 2310 Ζήτει
454 2238 513 2291 ὲν
537 2236 614 2307 τῷ
638 2233 683 2305 β’
702 2236 830 2306 κεφ.
855 2234 947 2289 τοῦ
973 2236 1018 2289 Λ
1043 2233 1310 2304 στοιχείου
1334 2236 1539 2291 κανόνα
1563 2234 1634 2305 ξδ’
1656 2238 1765 2292 τῶν

182 2332 362 2402 ἁγίων
395 2330 735 2385 ἀποστόλων.

265 2425 331 2478 ⁸0
361 2424 419 2478 δὲ
447 2421 489 2476 o'
519 2424 611 2477 τὸν
639 2423 777 2492 μετὰ
805 2421 1077 2477 Ἰουδαίων
1124 2423 1478 2494 νηστεύοντα,
1531 2424 1564 2496 ἢ
1603 2428 1765 2478 ’συν-

186 2517 541 2589 εορτάζοντα,
574 2516 608 2587 ἢ
639 2514 769 2586 παρ’
799 2514 980 2569 αὐτῶν
1009 2515 1076 2568 τὰ
1107 2515 1207 2586 τῆς
1246 2517 1439 2589 ἑορτῆς
1474 2517 1767 2589 δεχόμενον

188 2608 366 2673 ξένια,
398 2609 430 2680 ἢ
461 2609 664 2679 ἄζυμα,
696 2609 730 2680 η
759 2625 811 2661 τι
858 2609 968 2661 τῶν
1016 2610 1298 2675 τοιούτων,
1359 2612 1621 2680 κληρικδν
1667 2612 1767 2681 μὲν

187 2702 318 2757 ὄντα
355 2701 634 2771 καθαιρεῖ,
664 2702 853 2756 λαῖκδν
893 2702 949 2754 δὲ
990 2701 1263 2771 ἀφορίζει.
1304 2701 1422 2757 Κᾶν
1451 2704 1560 2774 γὰρ
1593 2705 1669 2777 μὴ
1701 2704 1770 2758 τὰ

188 2795 443 2863 ἐκείνων,
494 2798 543 2849 εί
604 2796 698 2849 καὶ
744 2794 885 2849 οὕτω
922 2794 1093 2866 δρῴη,
1144 2798 1358 2867 φρονῶν
1408 2797 1768 2870 ἰσχυρίζεται,

188 2888 329 2942 ἀλλὰ
362 2888 581 2952 πολλοῖς
612 2890 909 2945 σκανδάλου
950 2892 1166 2944 δίδωσιν
1208 2891 1468 2962 ἀφορμὴν
1518 2892 1612 2946 καὶ
1637 2880 1772 2946 ὑπόέ

188 2999 344 3036 νοιαν
376 2982 499 3037 καθ’
534 2983 752 3048 ἑαυτοῦ,
785 2983 860 3047 ὡς
899 2983 997 3046 τὰς
1027 2981 1328 3047 Ἰουδαῖιιὰς
1359 2986 1497 3056 τιμᾷ
1526 2985 1769 3052 τελετὰς,

188 3072 255 3136 ἃς
281 3076 395 3144 πρό
418 3088 480 3140 γε
505 3074 603 3142 τῆς
624 3072 1050 3143 Χριστοκτονίας
1072 3076 1099 3128 ὀ
1125 3075 1259 3139 Θεὸς
1282 3075 1533 3145 φαίνεται
1558 3076 1773 3146 βδελυτ-

189 3169 476 3238 τόμενος,‹
498 3167 1000 3237 Νηστείαῃλέγων,
1032 3170 1128 3222 καὶ
1158 3170 1377 3239 ἀργίας,
1410 3170 1503 3222 καὶ
1528 3168 1629 3232 τὰς
1653 3171 1773 3240 €0,0-
1797 3186 1840 3242 ο

186 3261 286 3324 τὰς
309 3259 471 3329 ὑμῶν
497 3262 647 3330 μισεί
675 3259 868 3330 ἡψυχὴ
896 3275 1027 3330 μου’
1057 3279 1076 3312 ι
1100 3261 1159 3313 οὐ
1188 3261 1296 3331 γὰρ
1323 3263 1433 3324 τοῖς
1462 3259 1770 3324 Ἰουδαϊκῶς

191 3353 369 3417 ζῶσιν
400 3352 633 3423 ἐπιτιμᾷ
681 3353 708 3404 δ
764 3352 965 3414 κανὼν,
1003 3349 1221 3415 ἀλλὀἶς
1264 3353 1323 3405 ού
1361 3353 1490 3421 ’περὶ⁵
1516 3353 1770 3406 πλείστου

190 3447 430 3514 γίνεται,
463 3445 542 3515 τῷ
581 3446 890 3516 ἀδιαφόροις
940 3446 1153 3516 βιῶναι,
1188 3446 1288 3516 τῆς
1331 3446 1557 3499 ἐκείνων
1588 3447 1774 3499 διποδι-

187 3538 455 3593 ἲστασθαι
482 3540 793 3601 κοινωνίας.

502 3628 642 3696 Περὶ
670 3627 906 3698 ἀζύμων
928 3645 941 3659 ⁸
986 3630 1137 3684 κατὰ
1172 3631 1466 3686 Λατίνων.

279 3723 380 3776 Ἐκ
406 3721 596 3775 τούτου
630 3720 866 3793 πάρεστι
901 3723 1126 3791 γνῶναι,
1159 3723 1234 3794 μὴ
1263 3724 1403 3777 κατὰ
1438 3722 1635 3795 μικρὸν
1669 3739 1776 3778 πα·

199 3815 579 3885 ρανομοῦντας
616 3816 741 3876 τοὺς
771 3815 840 3868 δι’
867 3814 1093 3885 ἀζύμων
1142 3815 1244 3885 τὴν
1297 3815 1566 3888 μυστικὴν
1598 3817 1778 3870 ἐπιτε-

196 3909 433 3971 λοῦντας
464 3907 675 3961 θυσίαν.
706 3907 766 3960 El
810 3908 916 3975 γὰρ
943 3910 1049 3970 τοῖς
1079 3908 1267 3970 ἅπλῶς
1293 3907 1563 3962 ἐσθίουσιν
1591 3908 1776 3978 ἄζυμα

199 4004 260 4069 ἐξ
309 4002 609 4071 Ἰουδαϊκῆς
646 4001 843 4073 ἑορτῆς
875 4000 1197 4072 καθαίρεσιν
1242 4001 1440 4071 ἐπάγει
1464 4003 1558 4055 καὶ
1586 4004 1778 4073 ἀφορι-

198 4095 365 4166 σμδν,
400 4094 463 4147 τὸ
503 4093 942 4164 μεταλαμϐάνειν
1001 4095 1205 4147 τούτων
1263 4094 1328 4146 ἐκ
1359 4095 1638 4161 Κυριακοῦ
1676 4095 1778 4147 σὼ-

204 4204 396 4257 ματος,
422 4184 493 4239 δι’
537 4185 717 4238 αὐτῶν
756 4201 815 4237 τε
841 4186 901 4239 τὸ
933 4186 1125 4255 Πάσχα
1153 4185 1443 4251 ἐπιτελεῖν,
1472 4185 1632 4239 ποίαν
1666 4184 1778 4256 ἔχει

197 4280 538 4351 παραίτησιν
598 4277 850 4349 εὐπρεπῆ
886 4295 900 4343 ;
938 4279 1011 4331 Οὐ
1069 4279 1179 4348 γὰρ
1225 4277 1286 4331 τὸ
1333 4277 1518 4341 ἁπλῶς
1576 4276 1781 4331 ἐσθίειν

198 4371 392 4441 ἄζυμα
440 4370 776 4449 κεκώλυκεν,
811 4370 950 4422 ἀλλὰ
1002 4370 1063 4422 τὸ
1093 4368 1163 4421 δι’
1195 4369 1418 4439 ἀζύμων
1470 4368 1616 4423 κατὰ
1654 4370 1784 4424 Ἰου-

1859 555 2190 617 diceremus,
2240 568 2363 607 eum
2407 550 2500 620 qui
2534 548 2837 605 sulfuratur
2876 548 3208 601 numismata
3231 586 3246 609 ,
3274 545 3436 599 Chri-

1859 649 1927 702 sti
1958 647 2041 700 vel
2081 636 2327 715 Deipara:
2352 643 2592 712 Virginis
2619 641 2910 711 imaginem
2939 640 3304 704 habentia,.ut
3341 654 3431 693 sa-

1857 739 2114 806 crilegum
2147 737 2357 801 teneri;
2395 736 2539 805 quod
2568 735 2869 789 absurdum
2895 742 2981 789 est
3012 742 3067 789 et
3103 734 3329 789 falsum.

1932 830 2248 901 Sacrilegus
2278 838 2436 883 nocte
2458 830 2633 881 altare
2666 830 2995 890 ascendens,
3019 834 3072 880 et
3112 825 3221 879 [leo
3252 826 3433 879 dicata

1859 937 2018 979 sacra
2044 922 2430 975 contaminans
2458 922 2540 973 vel
2574 918 2894 986 suﬂ'uratus,
2919 918 3100 990 gladio
3130 906 3386 987 puniatur
3414 935 3429 970 :

1862 1016 2098 1070 interdiu
2133 1026 2313 1070 autem
2359 1015 2632 1068 mediocre
2664 1012 2794 1082 quid
2837 1012 2907 1067 ab
2935 1011 3167 1066 ecclesia
3209 1020 3435 1080 propter

1861 1118 2233 1178 paupertatem
2276 1104 2551 1173 auferens,
2582 1106 2904 1160 verberatus
2957 1103 3156 1159 exsilio
3207 1104 3433 1158 mult-tc-

1863 1208 1976 1254 tur.

1861 1311 2106 1369 CAPJL
2148 1313 2303 1377 Quod
2348 1328 2452 1366 non
2502 1319 2704 1381 oportet
2760 1312 2903 1363 intra
2971 1311 3153 1379 templi
3205 1310 3438 1364 ambitus

1943 1402 2143 1453 agnpas
2197 1387 2370 1438 dictas
2417 1382 2701 1445 celebrare,
2747 1384 2823 1434 vel
2848 1398 3116 1453 cauponas
3162 1397 3294 1447 esse,
3356 1382 3459 1435 κί’

1936 1443 2143 1524 aliquid
2186 1460 2253 1508 ad
2302 1461 2661 1507 mercaturam
2691 1443 3002 1524 imponere,
3029 1452 3105 1524 rel
3135 1443 3436 1521 jumentum

1934 1521 2131 1594 absque
2173 1528 2485 1579 recessitale
2523 1522 2879 1587 introducere,
2922 1521 3002 1576 cel
3044 1523 3273 1591 aliquem
3317 1537 3435 1575 cuni

1934 1597 2157 1652 muliere
2174 1612 2186 1623 ί
2200 1613 2277 1649 em
2286 1610 2461 1650 onere.

1938 1714 2071 1771 Vide
2104 1713 2167 1769 l5
2205 1729 2325 1784 cap.
2360 1713 2557 1768 littera:
2588 1712 2654 1767 E.

2171 1828 2325 1885 CAP.
2363 1826 2447 1883 lll.
2488 1828 2561 1882 De
2595 1844 2751 1882 sacro
2798 1824 3115 1883 ministerio.

1934 1946 2068 2013 Vide
2093 1946 2146 2001 in
2183 1944 2215 1999 5
2241 1944 2420 2014 capite
2459 1944 2652 1997 litterae
2685 1942 2748 1995 T.

1862 2061 2014 2118 CAP.
2042 2037 2131 2116 lov.
2158 2059 2230 2113 De
2254 2059 2477 2119 Judceis,
2506 2068 2554 2110 et
2577 2056 2714 2126 quod
2742 2071 2845 2108 non
2873 2062 3075 2123 oportet
3106 2054 3287 2121 fideles
3317 2027 3437 2108 cant

2131 2133 2195 2186 iis
2231 2132 2443 2185 omnino
2475 2129 2893 2181 communione»:
2942 2127 3152 2180 habere.

1936 2224 2128 2293 Quaere
2159 2226 2210 2279 in
2252 2223 2287 2276 Ξ
2323 2222 2504 2290 capite
2539 2220 2739 2274 littera:
2769 2219 2812 2272 Α
2858 2227 3177 2273 sanctorum
3215 2226 3441 2288 aposto-

1866 2318 2044 2372 lorum
2071 2330 2335 2371 canonem
2367 2315 2460 2369 64.
2486 2318 2509 2329 ‘

1936 2410 2382 2478 Septuagmmus
2414 2418 2731 2460 verocanon
2753 2401 2904 2457 illum
2936 2400 3032 2471 qui
3081 2415 3209 2456 cum
3238 2398 3444 2456 iudicis

1864 2502 2100 2573 jejuuat,
2133 2499 2213 2555 vel
2249 2512 2355 2553 una
2388 2496 2587 2552 festum
2620 2496 2755 2566 agit,
2780 2495 2860 2549 vel
2882 2493 3106 2565 ahipsis
3126 2492 3255 2549 festi
3282 2494 3442 2549 xenia

1871 2593 2095 2662 accipit.
2127 2591 2209 2646 vel
2247 2604 2464 2659 azyma.
2503 2588 2589 2643 vel
2620 2587 2828 2655 aliquid
2873 2588 3001 2650 tale,
3035 2589 3080 2641 si
3119 2586 3193 2643 sit
3220 2587 3442 2656 quldem

1871 2687 2128 2753 clericus,
2159 2684 2417 2754 deponit;
2447 2684 2531 2737 sin
2552 2690 2734 2737 autem
2765 2681 2962 2741 laicus,
2983 2688 3251 2748 segregat.
3281 2679 3443 2741 Nam,

1871 2781 1972 2835 etsi
2022 2793 2081 2833 se
2114 2791 2220 2831 non
2254 2776 2396 2830 idem
2429 2773 2573 2843 q'uod
2605 2773 2708 2836 illi,
2745 2772 2871 2826 licet
2900 2771 2974 2824 ila
3019 2769 3203 2831 iaciat.
3238 2771 3446 2831 sentire

1873 2870 2177 2933 contendit,
2214 2868 2399 2922 multis
2432 2875 2611 2920 tamen
2649 2863 2892 2920 scandali
2929 2863 3276 2918 occasionem
3305 2877 3447 2931 prie-

1875 2962 1986 3027 bet,
2025 2972 2080 3016 et
2126 2961 2180 3014 in
2226 2960 2467 3028 scipsum
2524 2957 2920 3024 suspicionem,
2981 2955 3130 3024 quod
3186 2952 3448 3008 Iudaicos

1878 3055 2116 3111 honorat
2146 3053 2283 3108 ritus
2303 3091 2318 3116 ,
2350 3066 2487 3119 quos
2524 3050 2605 3103 vel
2635 3057 2761 3103 ante
2792 3047 3071 3102 Christum
3110 3045 3441 3101 trucidatum

1876 3146 2227 3201 abominasse
2257 3142 2398 3196 Deus
2454 3140 2749 3204 invenitur,
2783 3137 2973 3193 dicens
3007 3154 3023 3191 :
3062 3154 3081 3188 ι
3122 3135 3362 3204 Jejuuia.
3391 3144 3447 3191 et

1874 3239 2063 3304 ferias,
2115 3246 2169 3291 et
2221 3236 2357 3292 festa
2388 3242 2570 3289 vestra
2613 3232 2744 3286 odio
2796 3230 2963 3285 habet
3016 3228 3202 3285 anima
3229 3243 3372 3283 mea.
3422 3245 3443 3279 ι

1874 3332 1990 3388 Non
2023 3334 2168 3384 enim
2215 3344 2334 3394 eos,
2379 3328 2471 3397 qui
2505 3326 2737 3382 Judaicc
2780 3323 2997 3389 vivunt,
3043 3323 3200 3391 punit
3236 3334 3448 3385 canon;

1874 3427 1967 3484 sed
2004 3425 2094 3496 qui
2122 3422 2600 3480 imliscriminatim
2637 3418 2868 3473 vivendo
2893 3419 2962 3473 ab
2980 3432 3168 3472 eorum
3198 3428 3451 3472 commu-

1875 3521 2039 3576 nione
2071 3516 2306 3572 maxima
2341 3530 2406 3569 ex
2442 3521 2598 3583 parte
2627 3527 2737 3566 non
2767 3510 3094 3567 abscedunt.

2233 3611 2306 3664 De
2348 3609 2582 3677 azymis;
2629 3614 2813 3660 contra
2854 3603 3100 3656 Latinos.

1945 3706 2024 3761 Et
2060 3708 2163 3760 hoc
2215 3715 2546 3772 cognoscere
2591 3700 2742 3761 lic-ct,
2776 3711 2873 3752 eos
2931 3711 3037 3750 non
3085 3710 3273 3763 parum
3328 3709 3456 3765 pec-

1876 3813 2002 3853 care
2027 3838 2041 3861 ,
2101 3797 2192 3864 qui
2244 3810 2341 3863 per
2379 3805 2569 3862 azyma
2604 3788 2897 3859 mysticum
2948 3787 3280 3842 sacriﬁcium
3314 3786 3455 3839 cele-

1879 3891 2060 3945 brant.
2091 3889 2227 3942 Nam
2262 3887 2306 3941 si
2343 3888 2444 3950 eis,
2471 3884 2564 3954 qui
2599 3883 3001 3951 simplicitcrex
3026 3880 3183 3934 [estis
3208 3877 3452 3933 Judaicis

1878 3997 2070 4054 azyma
2116 3978 2433 4044 comedunt,
2474 3972 2876 4045 depositioncm
2930 3979 2983 4025 et
3016 3973 3450 4039 segregationem

1881 4075 2126 4137 inducit;
2163 4087 2380 4134 eorum,
2414 4078 2676 4139 tanquam
2726 4063 2993 4120 Dominici
3026 4061 3298 4130 corporis,
3333 4074 3458 4114 esse

1879 4168 2200 4240 participes,
2256 4174 2311 4219 et
2361 4177 2488 4219 cum
2533 4159 2644 4216 illis
2696 4157 2896 4228 pascha
2960 4154 3259 4211 celebrare.
3298 4150 3459 4221 146

1881 4261 2099 4333 qualem
2140 4258 2305 4313 habet
2331 4252 2747 4311 excusationem
2779 4245 3127 4319 speciosam?
3152 4242 3269 4296 Non
3301 4243 3449 4297 enim

1882 4332 2133 4408 absolute
2148 4363 2338 4421 azyma
2359 4347 2648 4403 comedere
2678 4340 2959 4413 prohibuit
2988 4377 3004 4400 ,
3034 4337 3126 4391 sed
3150 4350 3245 4405 per
3267 4332 3461 4403 azyma‘

200 4428 391 4524 δαίόυς
422 4436 705 4533 ἑορτάζειν
723 4476 737 4492 '
761 4428 848 4524 τίς
871 4461 929 4513 δὲ
960 4461 1162 4531 μείζων
1188 4428 1655 4531 τεῖιςδναιμάκτου
1691 4460 1776 4514 θυ-

1888 4459 2040 4500 more
2071 4441 2304 4497 Iudaico
2337 4438 2474 4493 festa
2511 4435 2810 4491 celebrare.
2844 4428 3130 4496 Quodnam
3163 4434 3342 4478 autem
3374 4430 3462 4478 cst

201 4556 331 4618 σίας
361 4555 544 4626 ἑορτὴ,
574 4556 639 4627 ἢν
662 4558 690 4607 ὁ
720 4554 923 4625 Κύριος
954 4553 1107 4623 ἡμῖν,
1144 4552 1235 4606 τὸν
1270 4551 1541 4623 σωτήριον
1575 4552 1785 4623 μέλλων

202 4646 559 4717 ὑπέρχεσθαί
586 4646 838 4712 θάνατον,
896 4645 1002 4715 πρὸ
1051 4645 1150 4714 τῆς
1211 4641 1307 4697 τοῦ
1358 4643 1558 4713 Πάσχα
1592 4642 1786 4713 ἑορτῆς

200 4726 625 4809 παραδέδωκεν;
660 4737 783 4790 Ὀτι
812 4753 877 4805 γε
913 4735 1020 4806 μὴν
1050 4734 1174 4787 οὐδὲ
1207 4735 1290 4796 είς
1319 4732 1448 4788 νοῦν
1485 4733 1602 4794 τοῖς
1624 4732 1788 4795 θείοις

200 4834 412 4902 ἐπῆλθε
437 4831 688 4899 Πατράσι
714 4830 776 4883 τὸ
804 4828 870 4882 δι’
888 4827 1121 4898 ἀζύμων
1135 4824 1416 4897 ἑορτάζειν
1439 4826 1608 4897 ἡμᾶς,
1629 4824 1789 4895 δῆλον

204 4927 269 4979 ὲκ
293 4926 388 4979 τοῦ
426 4926 607 4979 πᾶσαν
642 4922 945 4977 σπουδάσαι
974 4918 1203 4981 τούτους
1265 4916 1565 4988 Ἰουδαῖιιὴν
1600 4932 1792 4987 περιε-

208 5022 323 5074 λεῖν
353 5017 573 5088 ἑορτὴν,
603 5018 696 5070 καὶ
725 5014 988 5068 τάναντία
1020 5014 1134 5076 τοῖς
1181 5010 1363 5066 αὐτῶν
1393 5009 1573 5063 ἔθεσιν
1603 5009 1793 5062 ἐπιτά-

214 5114 307 5177 ξαι
338 5113 433 5164 καὶ
484 5112 692 5179 νόμοις,
745 5107 933 5171 ὥσπερ
964 5103 1029 5173 δὴ
1073 5104 1174 5173 τὴν
1205 5105 1263 5155 ὲν
1283 5104 1397 5165 τοῖς
1421 5101 1658 5157 σάϐϐασι
1694 5117 1793 5169 νη-

212 5204 403 5259 στείαν
455 5202 551 5254 καὶ
604 5199 803 5269 ἀργίαν
859 5196 1156 5250 λελύκασι·
1188 5195 1415 5266 προσέτι
1466 5194 1562 5248 καὶ
1604 5193 1672 5262 ἥν
1716 5195 1797 5254 εἰς

210 5298 523 5366 ἀνάμνησιν
546 5293 651 5361 τῆς
682 5291 792 5345 τῶν
827 5289 1125 5343 Νινευῖτῶν
1148 5286 1363 5340 τελοῦσι
1388 5284 1666 5356 νηστείας,
1699 5285 1795 5336 καὶ

210 5390 407 5453 τᾶλλα,
434 5387 469 5441 ὃ.
501 5386 641 5440 κατὰ
671 5385 836 5455 μέρος
866 5381 1118 5445 διεξιέναι
1141 5378 1203 5432 ού
1241 5379 1336 5432 τοῦ
1368 5379 1634 5448 παρόντος
1675 5393 1797 5430 και-

217 5481 341 5554 ροῦ.

305 5666 364 5719 ’0
396 5662 452 5717 δὲ
481 5669 559 5716 οα’
595 5661 691 5714 καὶ
714 5659 806 5713 τδν
828 5657 1125 5728 κομίζοντα
1157 5652 1482 5724 Χριστιανὸν
1518 5650 1697 5705 ἔλαιον
1721 5650 1802 5711 εἰς

221 5762 292 5813 τὰ
320 5758 428 5810 τῶν
452 5754 621 5808 ἐθνῶν
656 5750 857 5822 ἱερακῆ
881 5755 961 5813 είς
986 5750 1086 5817 τὴν
1108 5748 1218 5800 τῶν
1255 5745 1527 5801 Ἰουδαίων
1555 5758 1803 5809 συναγωο

224 5849 409 5922 fama
440 5846 662 5916 λύχνους
696 5844 960 5908 ἇπτοντα,
1002 5843 1071 5910 τῇ
1122 5837 1216 5891 τοῦ
1257 5834 1566 5910 ἁφορισμοῦ
1612 5834 1800 5889 δίδωσι

1816 4529 1859 4585 D
1888 4535 2178 4590 incruento
2203 4519 2478 4587 saerili'cio
2516 4525 2696 4593 majus
2728 4522 2952 4586 festum,
2986 4517 3130 4589 quod
3166 4514 3461 4575 Dominus.

1887 4639 2012 4680 cum
2043 4623 2366 4695 mysterium
2399 4618 2661 4682 salutare,
2706 4622 2939 4668 mortem
2974 4608 3464 4666 sciliretvolunta-

1886 4717 2048 4780 riam,
2080 4715 2365 4769 subiturus
2409 4718 2550 4774 erat,
2605 4715 2730 4763 ante
2784 4703 3064 4759 Paschalis
3110 4699 3307 4754 lcstum
3361 4708 3465 4752 tra-

1888 4808 2068 4863 didit?
2098 4807 2253 4874 Quod
2295 4815 2478 4859 autem
2511 4816 2580 4857 ne
2608 4799 2815 4855 sanctis
2848 4795 3106 4850 Patrihus
3140 4793 3193 4846 in
3228 4802 3460 4861 mentem

1889 4900 2109 4971 quidem
2155 4899 2325 4963 venit,
2364 4910 2465 4950 nos
2494 4909 2591 4964 per
2613 4906 2805 4962 azyma
2834 4888 3033 4943 festum
3064 4886 3363 4946 celebrare,
3396 4897 3460 4935 ex

1889 5009 1955 5050 eu
1992 4992 2340 5047 manifestum
2394 4996 2499 5052 est,
2549 4986 2694 5055 quod
2731 4996 2895 5038 omne
2944 4981 3143 5033 festum
3176 4976 3462 5031 Judaicum
3566 4994 3577 5003 ι

1881 5088 2112 5169 abolere
2163 5084 2503 5145 nitebantur,
2563 5088 2617 5132 et
2661 5090 2855 5131 eorum
2912 5073 3114 5129 ritibus
3153 5084 3206 5126 et
3256 5068 3469 5137 legibus

1895 5160 2166 5236 contraria
2213 5173 2502 5229 instituere
2557 5189 2572 5225 :
2608 5166 3076 5237 quemadmodum
3120 5165 3283 5218 etiam
3322 5160 3468 5227 jeju-

1897 5273 2047 5327 nium
2105 5280 2158 5324 ct
2206 5269 2375 5322 ferias
2428 5265 2483 5318 in
2532 5261 2780 5317 sabbatis
2835 5260 3155 5321 solverunt;
3213 5270 3371 5324 porro
3416 5261 3472 5303 et

1897 5365 2045 5437 quod
2078 5364 2131 5417 in
2171 5358 2536 5415 Ninivitarum
2565 5353 2762 5423 ieiunii
2806 5351 3127 5407 memoriam
3167 5346 3470 5403 celebrant.

1897 5468 1955 5516 et
1980 5458 2110 5519 alia,
2135 5470 2260 5524 quae
2291 5452 2383 5506 hic
2431 5446 2847 5521 particulariter
2880 5441 3217 5501 enumerare)
3234 5452 3343 5493 non
3388 5444 3475 5491 est

1902 5529 2190 5623 prasentis
2223 5543 2489 5600 instituti.

1972 5634 2421 5712 Septuagesimus
2442 5634 2654 5705 primus
2669 5648 2802 5688 vero
2822 5645 2998 5687 canon
3019 5625 3389 5683 Christianum
3422 5624 3479 5677 in

1905 5737 2189 5811 gentilium
2226 5730 2425 5801 templa
2453 5729 2636 5783 oleum
2664 5723 3026 5782 deferentem,
3059 5720 3143 5775 vel
3176 5718 3230 5772 in
3260 5717 3476 5772 ludam—

1907 5844 2026 5887 rum
2079 5826 2445 5898 Syuagogam,
2479 5816 2563 5874 vel
2609 5816 2889 5871 lucernam
2935 5810 3340 5871 accendentem,
3392 5824 3479 5860 se-
