3918 6562
501 369 634 429 liii?

1668 362 2034 425 MATTanl
2079 360 2510 423 BLASTARIS

3618 355 3730 421 his

495 475 829 549 gi'c-gztliutlis
873 472 1140 544 supplicio
1195 472 1397 538 tradit;
1455 471 1655 528 exinde
1686 475 1832 528 enim
1874 488 2064 528 eorum

2186 479 2326 550 Ξίκῃ·
2363 475 2528 545 τεμᾷν
2557 473 2662 544 γὰρ
2702 472 2768 524 ἐκ
2812 469 3006 526 τούτου
3052 471 3122 523 τὰ
3157 469 3383 524 ἐκείνων
3416 467 3579 538 δργια
3611 473 3729 539 λογι-

498 569 634 624 festa
671 568 941 621 honorare
968 565 1303 620 censebitur.

569 661 650 712 Ab
673 659 931 713 nmnilnts
955 658 1041 712 bis
1059 659 1340 712 discedere
1356 657 1728 728 jnbcntetiatn
1754 655 2075 710 Laodicenae

501 751 692 822 synodi
726 765 965 806 canones
1011 751 1100 816 57,
1139 760 1194 804 ct
1234 750 1304 804 58
1335 761 1389 804 ct
1433 750 1524 813 39,
1569 751 1660 818 qui
1720 750 1788 802 de
1839 757 2076 818 utroque

496 859 708 896 canone
734 843 1040 912 apostolico
1078 843 1409 896 mentionem
1443 842 1699 908 injiciunt
1731 841 1921 894 iisdem
1955 854 2076 892 vcr-

498 937 584 989 l)is
610 944 661 987 et
689 936 1028 990 nominibus.
1268 937 1272 944 ’

569 1025 906 1082 Undecimus
936 1043 1064 1081 vero
1112 1044 1160 1081 vt
1193 1027 1386 1098 synodi
1423 1042 1549 1080 cum
1586 1026 1678 1095 qui
1705 1041 1828 1080 cum
1861 1024 2069 1080 Jndtris

497 1123 786 1175 comedere
831 1137 936 1174 non
978 1131 1218 1182 recusat,
1272 1121 1354 1173 vel
1392 1135 1582 1174 eorum
1641 1118 2073 1172 familiaritatem

501 1229 611 1267 non
663 1226 1014 1283 aspernatur,
1058 1213 1140 1266 vel
1190 1215 1242 1266 in
1299 1210 1507 1266 morbis
1554 1226 1651 1264 eos
1698 1211 1764 1264 ad
1808 1209 2075 1264 medelam

501 1307 758 1370 accersit,
801 1307 882 1360 vel
923 1322 1028 1359 una
1062 1321 1186 1359 cum
1223 1307 1288 1358 iis
1327 1306 1380 1358 in
1416 1305 1612 1358 balneo
1650 1303 1887 1365 lavatur,
1925 1302 1968 1355 si
2007 1303 2080 1356 sit

500 1401 720 1465 quidem
777 1399 1043 1462 clericus,
1101 1399 1463 1465 tlt‘pih‘illmli,
1504 1397 1587 1451 sin
1643 1407 1822 1451 autem
1881 1397 2076 1459 laicus,

499 1493 862 1560 δραι-ρετιιίοηί
925 1491 1169 1560 snbjicit.
1237 1489 1369 1544 Vide
1456 1494 1619 1544 etiam
1679 1497 1845 1560 caput.
1901 1489 1934 1542 4
1981 1490 2074 1544 lit-

501 1592 629 1635 tera:
657 1584 718 1635 Β.

575 1675 882 1730 Vicesimus
915 1690 1093 1729 nonus
1130 1690 1262 1728 vero
1289 1673 1608 1729 Laodiccnac
1640 1672 1833 1744 synodi
1871 1712 1889 1738 ,
1960 1671 2077 1727 Non

499 1771 677 1833 decet,
719 1769 922 1836 inquit,
960 1769 1329 1828 Christianos.
1365 1768 1456 1836 qui
1489 1769 1662 1836 legem
1708 1768 2076 1836 evangelieam

2178 569 2464 622 σθὴσεται.

2290 585 2464 621 σεται.

2247 571 2471 714 ’ξὀύτων
2505 658 2840 730 ᾁφίστασθαι
2870 659 3092 712 πάντων
3113 656 3476 725 παρεγγυῶσι
3507 656 3594 707 καὶ
3611 658 3636 708 ὀ
3653 658 3729 725 τῆς

2176 755 2234 805 ὲν
2266 753 2555 824 Λαοδικείᾳ
2585 752 2664 815 λζ’
2693 749 2896 814 κανὼν,
2948 753 3042 804 καὶ
3083 753 3111 804 ό
3136 749 3238 818 λη’,
3274 751 3373 804 καὶ
3413 750 3440 800 ὁ
3475 749 3552 800 λθ⁸
3582 750 3726 817 ἀμφοο

2175 847 2350 914 τέρων
2377 845 2488 896 τῶν
2513 844 2892 898 ἀποστολικῶν
2925 847 3268 914 μεμνημένοι
3298 843 3542 896 κανόνων
3574 843 3725 904 αὑτοῖς

2179 939 2396 1006 ῥήμασι
2428 937 2520 988 καὶ
2550 939 2832 1007 ὀνόμασιν.

2261 1026 2320 1082 Ὀ
2360 1028 2418 1081 δὲ
2448 1031 2518 1082 ια’
2554 1029 2654 1096 τῆς
2705 1028 2761 1093 ς’
2796 1029 3018 1082 συνόδου
3064 1029 3156 1082 τὸν
3199 1028 3272 1082 τὰ
3310 1029 3422 1081 τῶν
3493 1027 3724 1080 Ἰουδαίων

2181 1118 2364 1188 ἄζυμα
2393 1119 2597 1171 ἐσθίειν
2630 1120 2708 1189 μὴ
2744 1118 3205 1188 παραιτούμενον,
3236 1119 3271 1187 ἢ
3313 1119 3412 1187 τὴν
3441 1119 3631 1170 τούτων
3657 1136 3724 1184 et.

2180 1210 2301 1264 λίαν
2336 1210 2437 1263 οὐκ
2459 1209 2821 1278 ἀτιμάζοντα,
2850 1211 2881 1279 ἢ
2908 1211 2964 1261 ἐν
3000 1210 3177 1271 νόσοις
3229 1210 3369 1279 πρὸς
3403 1209 3634 1275 ἰατρείαν
3655 1211 3724 1263 αὑ-

2181 1304 2306 1367 τοὺς
2357 1303 2866 1374 προσκαλούμενον,
2918 1303 2950 1371 ἦ
2988 1304 3046 1356 ἐν
3094 1303 3363 1373 βαλανείῳ
3394 1301 3600 1363 τούτοις
3629 1301 3726 1355 συλ·

2180 1394 2496 1464 λουόμενον,
2557 1393 2821 1463 κληρικδν
2860 1393 2960 1461 μὲν
3014 1392 3147 1445 ὄντα
3201 1392 3541 1462 καθαιρέσει,
3569 1392 3724 1444 λαῖκδν

2180 1488 2237 1542 δὲ
2307 1486 2602 1560 ἀφορισμῷ
2635 1486 2945 1556 ὑποτίθησι.
2981 1487 3144 1556 Ζήτει
3176 1489 3271 1538 καὶ
3300 1485 3361 1538 τὸ
3385 1485 3428 1537 δ’
3453 1502 3570 1550 use.
3599 1484 3726 1537 τοῦΒ

2182 1579 2476 1648 στοιχείου.

2264 1668 2325 1721 ’0
2357 1667 2411 1720 δὲ
2442 1666 2524 1720 κθ⁹
2555 1666 2658 1734 τῆς
2684 1667 2742 1720 ὲν
2781 1665 3078 1734 Λαοδικείᾳ
3106 1666 3350 1730 συνόδου,
3376 1666 3451 1718 Οὐ
3483 1667 3577 1732 δεῖ,
3596 1669 3724 1737 φησδ,

2181 1760 2309 1824 τοὺς
2332 1761 2716 1830 Χριστιανοὺς,
2745 1760 2872 1823 τοὺς
2901 1760 2992 1812 τδν
3018 1759 3371 1828 εὐαγγελικδν
3387 1759 3550 1828 νόμον
3595 1760 3724 1825 δεξα-

502 1872 634 1918 sunt
685 1863 944 1931 amplexi,
1009 1873 1060 1916 et
1109 1864 1214 1926 eis,
1261 1863 1354 1931 qui
1403 1863 1584 1917 adhuc
1621 1863 1982 1914 nmbraticam
2025 1871 2076 1914 et

2188 1853 2421 1922 μένους,
2473 1853 2568 1906 καὶ⁸
2628 1853 2960 1923 τελεώτερον
3011 1853 3126 1914 τοῖς
3160 1852 3240 1905 ἔτι
3281 1852 3378 1905 τδν
3407 1851 3603 1920 σκιώδη
3652 1855 3726 1906 καὶ

501 1955 875 2024 imperfectam
896 1954 1106 2019 colunt,
1127 1955 1529 2025 pet-tectiorem,
1548 1953 1752 2009 .ludmis
1773 1954 2078 2018 adhaerere,

497 2055 552 2102 et
608 2048 933 2113 Sabbutum,
985 2058 1045 2103 ut
1105 2050 1206 2114 illi,
1248 2048 1610 2112 celebrantes,
1652 2048 1707 2102 in
1760 2049 1856 2103 illo
1916 2063 2080 2104 omne

499 2157 639 2211 (lpus
665 2144 1060 2208 condemnare,
1093 2141 1188 2196 sed
1219 2143 1271 2196 in
1300 2156 1366 2196 eo
1398 2141 1613 2210 quidem
1642 2141 1897 2212 operari;
1933 2142 2076 2196 diem

499 2248 632 2287 vero
665 2231 1011 2289 Dominicum
1046 2233 1427 2302 praeferentes,
1464 2233 1653 2299 otiari,
1683 2234 1728 2287 si
1758 2235 1992 2304 possint,
2021 2241 2079 2287 ut

501 2325 827 2391 Christiani,
859 2342 1026 2397 Opera
1091 2327 1259 2382 missa
1294 2327 1496 2392 facere,
1527 2337 1586 2381 ut
1631 2327 1887 2383 ecclesiis
1941 2329 2080 2384 assi-

499 2421 688 2473 deant.
715 2418 821 2485 Qui
858 2420 1003 2474 enim
1039 2420 1110 2473 ob
1143 2429 1547 2490 paupertatem,
1572 2421 1654 2474 vel
1685 2420 1849 2474 aliam
1884 2436 2080 2490 qnam-

498 2512 623 2565 datn
661 2513 1044 2568 necessitatem
1084 2513 1251 2568 etiam
1296 2513 1385 2568 die
1430 2513 1712 2567 Dominico
1739 2515 2078 2569 inexorabile

499 2618 639 2672 opus
660 2606 888 2667 subivit.
913 2614 970 2658 nt
988 2605 1295 2675 improbus,
1326 2607 1538 2660 veniam
1563 2623 1670 2660 non
1691 2611 2073 2678 consequitur.

499 2699 610 2753 Eos
655 2708 864 2764 autem,
913 2700 1007 2768 qui
1044 2697 1305 2754 Judaicos
1362 2716 1470 2754 non
1529 2702 1822 2769 repudiant
1869 2715 2074 2768 mores,

500 2789 792 2845 manifeste
825 2791 1195 2844 anathematis
1219 2791 1492 2860 supplicio
1523 2789 1764 2860 subjicit.

1192 2971 1372 3044 Leges.

574 3064 741 3121 Judaei
785 3066 838 3119 in
894 3064 1160 3127 Sabbato.
1209 3077 1266 3120 et
1302 3067 1426 3118 aliis
1455 3080 1645 3120 eorum
1694 3065 1872 3132 festis,
1899 3081 2076 3137 neque

499 3159 869 3212 ministerium
910 3159 1274 3228 corporaliter
1306 3161 1534 3223 obeunt,
1586 3174 1766 3228 neque
1797 3159 1944 3214 aliud
1992 3159 2075 3213 [α-

497 3251 675 3316 ciunt,
739 3263 918 3320 neque
975 3250 1183 3320 publici
1235 3259 1330 3304 aut
1385 3247 1866 3320 privatieriminis
1912 3263 2076 3304 accn-

498 3352 709 3403 santur,
741 3357 839 3396 nec
876 3341 1228 3396 Christianus
1269 3351 1554 3396 accusant.

573 3435 628 3489 Si
667 3434 888 3489 Iudaeus
919 3433 1299 3496 Christianum
1321 3437 1404 3487 vel
1437 3434 1894 3489 catecltumenum
1929 3450 2084 3489 man—

499 3526 705 3594 cipiunt
739 3525 1042 3595 possideat,
1081 3534 1135 3579 et
1155 3525 1586 3588 circumciderit,
1605 3525 1692 3579 vel
1722 3541 1889 3580 ausus
1913 3523 2081 3580 fuerit

501 3619 874 3676 Christianam
916 3618 1152 3688 alicujus
1184 3620 1579 3674 conscientiam
1615 3629 1946 3689 pervertere,
1980 3634 2079 3674 ca-

501 3708 654 3779 pitali
685 3707 963 3778 supplicio
990 3709 1277 3778 plectatur.

877 3821 1142 3878 INITIUM
1217 3820 1544 3878 LITTERE
1617 3821 1689 3878 K.

502 3935 656 3994 CAP.
694 3935 735 3992 l.
769 3935 844 3992 De
872 3937 1124 4006 depositis
1169 3938 1426 4006 episcopis
1461 3947 1509 3991 el
1546 3937 1774 4004 clericis,
1804 3946 1905 3993 eta
1953 3945 2080 4009 quot

990 4010 1245 4078 episcopis
1299 4011 1657 4076 deponuntur.

570 4168 707 4222 Vide
731 4168 784 4221 in
812 4180 963 4221 nono
989 4168 1169 4234 capite
1193 4165 1390 4219 littera:
1421 4168 1462 4220 Δ
1513 4166 1580 4222 de
1600 4166 1678 4221 eis
1709 4167 1799 4236 qui
1830 4167 1953 4234 jure
1982 4169 2079 4223 deo

498 4266 806 4330 ponuntur.
862 4256 934 4312 Ut
972 4266 1027 4311 et
1079 4257 1148 4311 12
1181 4269 1234 4312 ct
1282 4257 1350 4310 l5
1399 4259 1854 4327 Cartbaginensis
1884 4259 2079 4329 synodi

496 4367 759 4414 canones.
795 4366 937 4420 quos
975 4350 1244 4416 invenies,
1264 4352 1583 4420 episcopum
1629 4365 1660 4404 a
1709 4351 1771 4404 ιτ
1806 4353 2080 4421 episcopis

500 4445 663 4515 147
708 4443 910 4517 deponi
953 4452 1212 4516 eportcre
1248 4443 1654 4499 decernentes:
1693 4446 2078 4515 presbyterum

2184 1944 2352 2014 ἀτελῆ
2381 1944 2640 1998 διώκουσι
2665 1946 2956 2016 προσέχειν
2996 1944 3309 2010 Ἰουδαίοις,
3340 1944 3440 1996 καὶ
3466 1944 3524 1995 τδ
3549 1945 3728 1998 Σάὸὄαο

2185 2054 2298 2104 τον,
2325 2037 2401 2102 ὡς
2426 2039 2647 2103 ἐκεῖνοι,
2678 2038 2978 2108 τιμῶντας,
3008 2036 3286 2107 ἀπραξίαν
3320 2038 3379 2088 ἐν
3421 2036 3589 2106 τούτῳ
3623 2054 3726 2090 παν-

2185 2128 2279 2190 τδς
2305 2127 2470 2198 ἔργου
2498 2129 2983 2198 καταψηφίζεσθαι
3003 2144 3018 2159 ⁶
3046 2128 3161 2182 ἀλλ’
3191 2131 3251 2182 ὲν
3273 2129 3451 2198 τούτῳ
3483 2128 3574 2198 μὲν
3597 2129 3727 2198 ἔργά·

2187 2220 2400 2286 ζεσθαι,
2453 2220 2552 2292 τὴν
2607 2221 2664 2276 δὲ
2698 2222 2914 2292 κυρίαν
2961 2223 3071 2275 τῶν
3098 2223 3325 2293 ἡμερῶν
3355 2222 3723 2292 προτιμῶντας.

2185 2314 2302 2381 είγε
2332 2312 2579 2367 δύναιντο
2609 2313 2891 2384 σχολάζειν
2940 2315 3015 2378 ὡς
3051 2315 3391 2386 Χριστιανοὶ,
3427 2315 3531 2369 τῶν
3580 2315 3724 2384 ἔργων

2185 2405 2490 2478 ἀφεμένους
2519 2405 2906 2477 προσεδρεύειν
2934 2411 3056 2469 ταῖς
3119 2408 3463 2477 ἐκκλησίαις.
3511 2403 3610 2462 τὸν
3643 2409 3725 2475 γὰρ

2186 2501 2252 2554 ὲκ
2275 2501 2490 2566 πενίας,
2528 2498 2561 2572 ἢ
2614 2486 2935 2572 ἡστινοσοῦν
2980 2500 3150 2572 ἄλλης
3203 2501 3456 2571 ἀνάγκης
3484 2500 3573 2552 καὶ
3614 2502 3724 2552 κατά

2184 2593 2286 2661 τὴν
2318 2591 2680 2663 Κυριώνυμον
2724 2594 2888 2662 ἔργον
2929 2593 3311 2662 ἀπαραίτητον
3338 2592 3647 2656 ὑπελθόντα,
3669 2591 3725 2654 ὡς

2184 2683 2464 2752 ἄγνωμον,
2535 2683 2610 2753 μὴ
2669 2681 3005 2752 συγγνώμης
3055 2683 3387 2752 τυγχάνειν·
3443 2685 3550 2744 τοῖς
3596 2683 3645 2735 δὲ
3671 2685 3724 2735 τὰ

2197 2774 2465 2828 Ἰουδαϊκὰ
2493 2774 2568 2844 μὴ
2601 2774 3062 2845 παραιτουμένοις
3093 2773 3213 2843 ἔθη,
3260 2773 3505 2843 φανερῶς
3531 2774 3723 2843 τιμᾶται

2185 2866 2280 2919 τοῦ
2308 2867 2473 2936 ὰνᾳθέ
2482 2883 2671 2936 ματος.

2870 2959 3078 3028 Νόμοι.

2256 3052 2321 3108 Οί
2376 3051 2620 3106 Ἰουδαῖοι
2662 3053 2721 3106 ιν
2769 3053 3035 3124 Σαὸἧάτῳ
3063 3053 3157 3106 καὶ
3197 3053 3320 3114 ταῖς
3345 3051 3532 3114 ἄλλαις
3581 3050 3727 3103 αὐτῶν

2184 3150 2397 3219 ἑορταῖς
2425 3189 2441 3212 ,
2490 3145 2615 3200 οὔτε
2673 3146 3008 3216 σωματικῶς
3070 3145 3504 3216 λειτουργοῦσιν,
3534 3143 3646 3196 οὔτε
3684 3161 3728 3195 τι

2184 3237 2453 3302 ποιοῦσιν,
2488 3237 2612 3291 οὔτε
2636 3237 2726 3290 διὰ
2754 3239 3022 3310 δημοσίαν
3055 3237 3089 3308 ἦ
3117 3238 3400 3308 ἰδιωτικὴν
3425 3237 3599 3289 αἰτίαν
3622 3237 3728 3289 ὲνάδ

2181 3351 2391 3402 γονται,
2421 3331 2454 3403 ἢ
2481 3333 2835 3403 Χριστιανοῐς
2871 3332 3190 3402 ὲνάγουσιν.

2261 3427 2387 3478 Ἐὰν
2455 3424 2710 3488 Ἰουδαῖος
2767 3425 3100 3494 Χριστιανὸν
3130 3423 3163 3492 ἢ
3197 3423 3609 3493 κατηχούμενον
3655 3424 3728 3475 ἁν-

2181 3515 2450 3583 δράποδον
2475 3516 2770 3586 κτήσηται,
2814 3517 2910 3568 καὶ
2945 3517 3245 3588 περιτέμῃ,
3272 3515 3306 3584 ἢ
3343 3515 3593 3587 τολμήσῃ
3610 3517 3726 3577 τινος

2181 3608 2506 3678 διαστρέψαι
2526 3607 2917 3679 Χριστιανικδν
2943 3607 3226 3677 λογισμὸν,
3249 3607 3560 3676 κεφαλικῶς
3585 3626 3728 3678 τιμωο

2183 3700 2407 3772 ρείσθιυ.

2531 3816 2720 3873 ΑΡΧΗ
2753 3819 2890 3872 ΤΟΥ
2928 3819 2977 3873 Κ
3010 3817 3405 3873 ΣΤΟΙΧΕῙΟΥ.

2103 3909 2108 3912 ’
2181 3931 2434 3987 ΚΕΦΑΛ.
2455 3931 2532 3987 A'.
2567 3933 2704 4001 Περι
2733 3932 2853 3986 τῶν
2869 3932 3347 4000 καθαιρεθέντων
3371 3933 3487 4002 ἤδη
3517 3933 3726 3989 ἐπισκό-

2249 4018 2381 4058 πων
2406 4005 2504 4057 καὶ
2539 4003 2870 4071 κληρικῶν,
2893 4005 2990 4057 καί
3016 4008 3136 4058 ὑπὸ
3169 4007 3382 4058 πόσων
3409 4007 3727 4059 ἐπισκόπων

2251 4074 2696 4144 καθαιροῦνται.

2253 4170 2416 4239 Ζήτει
2449 4172 2508 4223 ὲν
2539 4168 2617 4239 τῷ
2669 4165 2716 4221 θ’
2753 4184 2882 4238 κεφ.
2933 4167 3028 4223 τοῦ
3059 4169 3098 4221 Δ
3139 4167 3412 4239 στοιχείου
3467 4169 3590 4238 περὶ
3639 4168 3727 4222 τῶν

2181 4261 2405 4324 ἐνδίκως
2431 4260 2892 4330 καθαιρεθέντων,
2933 4261 3070 4314 ἀλλὰ
3101 4260 3170 4331 δὴ
3205 4261 3302 4315 καὶ
3366 4263 3460 4313 τδν
3499 4261 3560 4332 ιβ’
3597 4263 3729 4316 κανό-

2181 4372 2248 4408 να
2277 4355 2372 4408 καὶ
2422 4354 2515 4407 τὸν
2543 4351 2604 4406 ιε’
2633 4355 2731 4424 τῆς
2757 4355 2816 4406 ὲν
2843 4353 3176 4426 Καρθαγὲνῃ
3211 4355 3456 4422 συνόδου,
3483 4354 3573 4418 οὓς
3593 4356 3730 4426 εὑρήο

2183 4464 2319 4513 σεις,
2355 4445 2460 4500 ὑπὸ
2497 4444 2709 4500 δώδεκα
2742 4445 2842 4514 μὲν
2863 4446 3181 4500 επισκόπων
3208 4448 3408 4517 χρῆναι
3439 4448 3730 4510 κελεύοντας

498 4553 651 4601 vero,
686 4551 715 4590 a
752 4551 881 4602 sex;
911 4545 966 4590 et
994 4535 1310 4598 diaconum,
1345 4549 1376 4589 a
1413 4519 1608 4590 tribus.
1657 4537 1725 4590 Et
1768 4538 1824 4590 in
1863 4539 2076 4592 decimo

2186 4538 2572 4610 καθαιρεῖσθαι
2606 4538 2700 4592 τὲν
2733 4539 3032 4592 ἐπίσκοπον
3057 4555 3072 4571 ⁶
3105 4540 3212 4593 ὑπὸ
3247 4537 3306 4606 ιε
3356 4540 3434 4604 δὲ,
3493 4541 3581 4594 τὸν
3620 4556 3732 4610 πρε·

497 4644 694 4689 octavo
723 4648 844 4702 cap.
875 4633 1070 4686 littera:
1091 4633 1136 4685 Α
1183 4646 1449 4686 canonem
1474 4632 1824 4686 undecimum
1859 4639 2079 4687 sancto-

497 4743 620 4783 rum
651 4726 1057 4796 apostolorum.
1091 4725 1156 4778 Et
1189 4725 1244 4778 in
1274 4741 1418 4779 nono
1450 4740 1572 4796 cap.
1605 4725 1852 4794 ejusdem
1881 4725 2077 4781 littera

498 4833 768 4876 canonem
818 4817 1140 4872 vicesimum
1165 4818 1461 4887 septimum
1513 4819 1692 4889 magni
1720 4817 1932 4873 Basilii.

566 4997 877 5054 Vicesimus
907 4997 1118 5068 primus
1181 5008 1351 5054 sextae
1379 5014 1503 5070 syn.
1534 5013 1709 5053 canon
1757 4999 1862 5053 hoc
1910 4998 2076 5054 modo

497 5091 770 5146 verbatim
813 5090 968 5148 dicit:
1029 5089 1250 5154 Clerici,
1286 5090 1380 5160 qui
1431 5093 1826 5144 eanonicorum
1879 5089 2076 5144 crimi-

498 5200 625 5241 tmm
676 5183 752 5238 rei
785 5181 942 5251 facti,
975 5192 1029 5238 et
1066 5192 1356 5254 pr0pterea
1411 5182 1669 5252 perfectae
1699 5199 1765 5238 ac
1801 5193 2076 5253 perpetua

496 5278 826 5350 depositioni
865 5276 1124 5348 subjecti,
1161 5287 1211 5333 et
1255 5278 1309 5332 in
1343 5278 1612 5333 laieorum
1651 5279 1826 5332 locum
1861 5277 2074 5333 detrusi

496 5380 648 5432 sunt,
679 5370 724 5426 si
751 5371 974 5439 quidem
1029 5370 1096 5424 ad
1127 5370 1545 5424 conversionem
1594 5383 1693 5422 sua
1726 5378 1922 5436 sponte
1981 5384 2070 5424 re-

496 5465 788 5532 spicientes
825 5471 1108 5534 peccatum
1152 5465 1387 5524 deleant,
1410 5474 1631 5531 propter
1654 5463 1800 5532 quod
1831 5478 1861 5517 a
1900 5463 2074 5529 gratia

496 5557 844 5620 exciderunt,
875 5566 931 5612 et
965 5558 1034 5611 ab
1087 5572 1153 5612 eo
1189 5571 1245 5610 se
1278 5557 1496 5625 penitus
1558 5555 1767 5610 alienos
1816 5554 2072 5622 eiliciant,

497 5649 628 5702 elcri
667 5649 858 5704 habitu
896 5649 1249 5705 tondeantur:
1281 5650 1365 5703 sin
1389 5661 1572 5704 autem
1605 5664 1710 5702 non
1751 5664 1848 5705 sua
1877 5658 2075 5719 sponte

498 5739 604 5794 boc
641 5741 925 5810 elegerint,
963 5757 1178 5796 comam
1207 5742 1362 5796 sicut
1396 5741 1517 5795 laici
1553 5742 1816 5806 nutriant,
1885 5751 2074 5810 utpote

499 5833 594 5901 qui
631 5816 1454 5888 satrnlarem'enim-nationem
1479 5835 1599 5888 vitae
1624 5835 2069 5906 catlcstiprmpo-

2181 4631 2466 4701 σσύτερον,
2523 4632 2619 4685 καὶ
2657 4631 2848 4698 τριῶν,
2884 4633 2977 4684 τδν
3011 4630 3293 4685 διάκονονο
3336 4636 3433 4686 καὶ
3483 4635 3537 4686 ἐν
3576 4633 3647 4701 τῷ
3674 4651 3717 4699 ιη

2179 4742 2309 4794 κεφ.
2338 4723 2435 4777 τοῦ
2467 4723 2513 4777 Α
2543 4723 2814 4792 στοιχείου
2847 4725 3046 4779 κανόνα
3086 4723 3154 4776 ια’
3187 4725 3296 4778 τῶν
3322 4726 3494 4793 ἁγίων
3528 4723 3730 4777 ἀποστό-

2177 4817 2286 4870 λων
2305 4833 2320 4848 ο
2353 4817 2449 4872 καὶ
2475 4819 2534 4870 ὲν
2555 4816 2634 4886 τῷ
2662 4813 2706 4870 θ’
2737 4833 2866 4885 κεφ.
2901 4816 2996 4870 τοῦ
3048 4816 3216 4872 αὑτοῦ
3257 4817 3526 4888 στοιχείου
3549 4815 3726 4869 κανόνα

2178 4910 2261 4975 κζ’
2293 4908 2388 4962 τοῦ
2423 4908 2666 4980 μεγάλου
2700 4908 3010 4963 Βασιλεὶου.

2261 5002 2321 5058 Ὀ
2349 5001 2405 5055 δὲ
2424 4999 2513 5069 λκα¹
2542 5001 2646 5071 τῆς
2677 5007 2730 5066 ς’
2771 5001 2992 5055 συνόδου
3025 4999 3170 5055 οὕτω
3199 5002 3344 5055 κατὰ
3377 5002 3522 5072 λέξιν
3548 5002 3725 5072 φησιν’

2181 5097 2245 5150 υί
2299 5096 2386 5148 ἐπ’
2441 5096 2758 5166 ἐγκλήμασι
2791 5098 3100 5159 κανονικοῖς
3137 5095 3435 5149 ὑπεύθυνοι
3479 5097 3727 5165 γινόμενοι

2178 5190 2455 5262 κληρικοὶ,
2505 5189 2598 5242 καὶ
2647 5189 2736 5242 διὰ
2760 5187 2922 5242 τοῦτο
2967 5188 3230 5242 παντελεῖ
3282 5206 3346 5242 τε
3377 5189 3474 5242 καὶ
3508 5188 3724 5258 διηνεκεῖ

2178 5281 2610 5352 ύποόαλλόμενοι
2655 5280 2995 5350 καθαιρέσει,
3030 5281 3240 5345 nisi;
3281 5281 3375 5335 τὸν
3405 5283 3516 5336 τῶν
3543 5279 3724 5334 λαῖκιῖη

2177 5375 2346 5428 τόπον
2377 5372 2781 5443 ἀπωθούμενοι,
2811 5374 2862 5426 εί
2894 5374 2992 5443 μὲν
3019 5374 3279 5434 ἑκουσίως
3323 5375 3461 5443 πρὸς
3494 5375 3728 5439 ἐπιστροο

2179 5469 2286 5535 φὴν
2303 5465 2540 5536 ὁρῶντες
2573 5465 2830 5519 ἀθετοῦσι
2857 5467 2958 5536 τὴν
2994 5466 3294 5535 ἁμαρτίαν,
3331 5465 3400 5518 δι’
3427 5467 3492 5536 ἦν
3523 5465 3620 5533 τῆς
3644 5461 3729 5533 χά·

2181 5576 2327 5629 ριτος
2349 5559 2742 5611 ὲκπεπτὼκασι
2765 5599 2779 5623 ,
2819 5557 2914 5611 καὶ
2960 5559 3164 5628 ταύτης
3198 5558 3381 5612 τέλεον
3443 5557 3733 5626 ἀλλοτρίους

2179 5648 2408 5710 ἑαυτοὺς
2462 5647 2774 5711 καθιστᾶσι,
2838 5646 2920 5717 τῷ
2949 5647 3043 5700 τοῦ
3098 5646 3365 5718 κληρικοῦ
3391 5647 3734 5716 κειρέσθωσαν

2181 5743 2459 5811 σχήματι·
2496 5739 2546 5792 εί
2579 5741 2635 5792 δὲ
2700 5739 2775 5809 μὴ
2810 5738 2970 5792 τοῦτο
3022 5738 3363 5808 αὐθαιρέτως
3420 5741 3734 5811 αἱρήσονται,

2181 5833 2433 5902 καθάπερ
2459 5834 2511 5886 οί
2534 5832 2716 5885 λαῖκοὶ
2737 5833 2839 5902 τὴν
2863 5832 3040 5901 κόμην
3071 5833 3537 5902 ὲπιτρεφέτωσαν,
3561 5830 3631 5895 ὡς
3656 5829 3736 5898 τὴν
