3918 6554
208 360 351 431 ιεεο

1196 352 1602 421 SYNTAGMA
1645 352 2282 421 ALPIIABE'I‘ICUM.~
2307 385 2377 399 -ο
2416 350 2486 421 Κ.

3323 356 3467 421 tam
3490 326 3495 331 ’

206 485 259 534 ἑν
292 481 492 551 κόσμῳ
523 475 875 550 ἀναστροφὴν
924 477 1023 548 τῆς
1067 476 1287 531 αἰωνίου
1326 478 1784 549 προτετιμηκότες

1890 500 2122 556 suerint.
2153 500 2287 555 Nam
2318 500 2373 555 in
2415 515 2512 556 eos
2550 500 2641 572 qui
2683 516 2809 558 vera
2844 507 3075 557 utuntur
3114 501 3463 572 poenitentia,

206 575 354 642 ζωῆς
376 586 391 602 ·
453 570 970 642 φιλανθρωπότερον
1001 569 1111 639 γὰρ
1163 569 1193 621 δ
1237 569 1420 623 κανὼν
1453 572 1566 632 τοῖς
1595 569 1787 639 ἀληθεῖ

209 662 511 736 μεταμέλῳ
565 660 932 731 χρησαμένοις
962 657 1289 712 διατίθεται·
1343 660 1394 711 οί
1426 659 1527 728 μὲν
1553 660 1664 731 γὰρ
1695 658 1786 713 διά

203 769 332 807 τινα
382 749 658 819 περιφανῆ
723 746 1047 821 ἐγκλήματα
1085 746 1528 818 καθαιρούμενοι,
1568 746 1786 818 μοιχεία

206 840 446 915 τυχὸν,ἢ
482 839 758 912 ἱεροσυλίᾳ
785 838 1199 912 περιπεσόντες,
1227 841 1306 901 είς
1327 838 1424 904 τὴν
1444 840 1554 892 τῶν
1572 838 1783 901 λαῖκῶν

206 935 567 988 ικὸάλλονται
591 931 796 1004 χώραν,
846 928 940 984 καὶ
971 931 1218 1001 ἐνεργεῖν
1247 929 1358 983 οὐδ’
1380 929 1563 984 ότιοῦν
1602 931 1785 994 αὐτοῖς

205 1025 387 1089 ἔξεστι
418 1022 526 1076 τῶν
551 1025 662 1084 τοῖς
686 1021 968 1091 κληρικοϊς
986 1019 1301 1090 ἀνηκόντων
1319 1035 1335 1048 ·
1376 1022 1423 1073 οι
1464 1022 1644 1091 μέντοι
1666 1020 1786 1073 δευ-

204 1117 389 1187 τέροις
417 1115 619 1184 γάμοις
661 1110 1177 1182 προσομιλήσαντες
1210 1110 1675 1179 ωγγιτώσκονται
1696 1112 1784 1166 διὰ

205 1208 298 1261 τόν
337 1208 540 1277 γάμον,
594 1205 693 1259 καὶ
724 1205 794 1258 τά
824 1204 929 1267 ἔξω
991 1203 1231 1273 μετιέναι
1273 1203 1367 1256 τοῦ
1415 1203 1660 1273 βήματος
1684 1203 1784 1257 οὐκ

207 1294 595 1365 ἀπείργονται,
624 1292 701 1355 ὡς
735 1292 769 1361 ἡ
801 1291 877 1345 οθ¹
906 1289 1077 1360 νεαρά
1117 1289 1212 1343 τοῦ
1259 1287 1526 1360 βασιλέως
1556 1290 1784 1354 Λέοντος

205 1386 529 1455 διορίζεται,
580 1385 648 1454 ἣν
682 1382 779 1436 καὶ
804 1383 958 1453 ζήτει
996 1378 1071 1434 tv‘
1090 1380 1168 1452 τῷ
1210 1379 1253 1433 δ’
1293 1397 1419 1450 κεφ.
1445 1380 1543 1434 τοῦ
1569 1381 1609 1433 Γ
1642 1398 1786 1437 στοι-

207 1477 380 1548 χείου.
410 1475 573 1545 Ζήτει
600 1475 696 1528 καλ⁵
719 1476 776 1527 ὲν
805 1472 885 1544 τῷ
916 1470 993 1537 ις’
1019 1470 1302 1540 κεφαλαίῳ
1319 1471 1414 1525 τοῦ
1441 1471 1486 1523 Π
1516 1472 1781 1541 στοιχείου

204 1568 310 1638 τῆς
344 1570 406 1620 ὲν
432 1564 841 1634 Νεοκαισαρεία
880 1562 1099 1617 συνόδου
1125 1562 1360 1624 κανόνας
1407 1558 1452 1615 θ’
1470 1562 1581 1625 ¹καὶ
1606 1567 1659 1627 ι’,
1686 1562 1785 1616 καῖ

207 1662 264 1713 ἓν
291 1656 371 1727 τῷ
403 1652 449 1720 ξ’
480 1654 760 1725 κεφαλαίῳ
783 1653 879 1707 τοῦ
904 1652 1070 1708 αὑτοῦ
1093 1652 1359 1723 στοιχείου
1380 1650 1584 1706 κανόνα
1615 1649 1663 1705 α’
1682 1652 1782 1722 τῆς

206 1752 267 1805 ἐν
300 1747 611 1818 Ἀντιοχείᾳ
643 1745 889 1799 συνόδου.
934 1780 939 1783 -

208 1862 470 1919 ΚΕΦΑΔ.
502 1859 579 1916 B'.
613 1857 751 1925 Περὶ
776 1854 897 1911 τῶν
925 1853 1348 1924 καινιζομένων
1366 1855 1435 1910 ἐκ
1463 1853 1781 1920 ,ϐασιλέων

636 1925 1019 1995 Ἐκκλησιῶν
1044 1926 1084 1993 ἢ
1116 1926 1374 1983 πόλεων.

279 2026 448 2098 Ζητει
466 2023 527 2078 τὸ
550 2019 633 2078 κα⁹
664 2019 963 2098 κεφάλαιον
984 2017 1078 2072 τοῦ
1107 2017 1149 2070 Ε
1179 2014 1472 2088 στοιχείου.

512 2112 765 2170 ΚΕΦΔΛ.
788 2092 864 2164 1".
892 2106 1035 2178 Περὶ
1068 2106 1489 2176 καινοτομιῶν.

877 2203 1085 2271 Νόμοι.

251 2286 489 2355 ’Καινὸν
523 2297 685 2365 ἔργον
725 2296 869 2349 ποιεῖ
897 2310 980 2356 τις
1010 2292 1043 2362 ἢ
1076 2288 1400 2361 οἰκοδομῶν,
1433 2290 1467 2362 ἦ
1498 2290 1786 2346 καταλύων

105 2423 115 2433 ο
208 2393 414 2458 ὁτιοῦν,
445 2392 542 2445 καὶ
571 2390 667 2460 τὴν
693 2387 965 2457 προτέραν
994 2383 1117 2455 ὄψιν
1151 2383 1516 2438 ἐναλλάσσων.

292 2483 358 2538 '0
379 2481 470 2535 τὸν
499 2477 730 2532 παλαιὸν
756 2470 906 2529 οἷκον
939 2475 1184 2528 άνανεῶν
1230 2473 1294 2525 τὸ
1348 2473 1575 2543 ἀρχαῖον
1601 2471 1785 2543 σχῆμα

216 2575 293 2641 μὴ
326 2566 626 2640 παρεξίτω,
659 2565 795 2634 μήτε
827 2561 1168 2632 ἀφαιρείσθω
1198 2562 1268 2615 τὰ
1291 2561 1501 2635 φῶταῆ
1534 2560 1634 2632 τὴν
1649 2560 1788 2616 ἀπο-

209 2664 305 2734 ψιν
327 2662 437 2715 τῶν
461 2658 742 2729 γειτόνων,
761 2657 809 2709 εἰ
842 2654 919 2726 μὴ
948 2654 1057 2725 ἄρα
1084 2652 1327 2707 δουλείαν
1349 2652 1465 2721 ἔχοι
1488 2654 1629 2705 κατὰ
1651 2669 1788 2723 συμ-

213 2753 425 2821 φωνίαν
477 2750 511 2819 ἦ
564 2748 908 2818 ἑπερώτησιν
969 2741 1472 2815 παραχωρηθεῐσαν
1530 2741 1782 2813 αὐτῷ,ἧ

215 2844 645 2913 ἐπιτρέπουσαν,
705 2839 779 2900 ὡς
844 2835 1115 2906 βούλεται,
1156 2836 1218 2888 τὸ
1272 2833 1500 2886 παλαιὸν
1536 2834 1786 2903 ἀμείϐειν

212 2938 427 3008 σχῆμα.
469 2935 664 2989 Ἦνίκα
681 2933 737 2985 δὲ
763 2931 857 2986 δύο
885 2926 1026 2983 οἶκοι
1055 2928 1364 2997 ἀπαντικρὺ
1387 2925 1633 2997 ἀλλήλων
1656 2929 1785 2994 alat,

214 3035 321 3108 χρὴ
352 3033 556 3105 μεταξὺ
584 3030 769 3085 αὐτῶν
818 3026 1028 3081 δώδεκα
1067 3024 1234 3088 πόδας
1256 3019 1421 3089 εἷναι,
1446 3022 1787 3093 ἀρχομένους

1886 592 2212 648 elementior
2267 603 2349 648 est
2382 608 2580 648 canon.
2616 593 2720 662 Qui
2760 594 2959 650 ctenim
3015 603 3233 664 propter
3282 592 3461 647 mani-

1887 683 2022 739 festa
2052 684 2298 755 quaedam
2332 686 2564 742 crimina
2625 664 3065 756 segregantttr,in
3124 684 3452 739 adulterium

1888 788 2064 846 puta,
2134 780 2216 833 vel
2274 780 2625 852 sacrilegium
2679 779 3022 842 incidentes,
3075 777 3129 831 in
3185 777 3450 831 laicorum

1886 868 2065 925 locum
2119 872 2492 942 dejiciuntur,
2550 888 2648 928 nec
2698 872 2817 938 eis,
2860 887 2983 942 quae
3020 872 3086 925 ad
3143 870 3458 925 sacerdotes

1886 962 2183 1033 pertinent,
2216 965 2603 1020 administrare
2638 965 2818 1020 liceat.
2884 962 2989 1030 Qui
3019 978 3181 1032 porro
3207 963 3455 1017 secundo

1888 1070 2114 1112 uxorem
2149 1056 2430 1123 duxerint,
2458 1059 2568 1115 illis
2596 1066 2820 1129 propter
2853 1055 3264 1112 matrimonium
3303 1056 3456 1124 igno-

1885 1149 2079 1215 scitur,
2109 1157 2183 1217 et,
2203 1151 2497 1221 quominus
2526 1165 2587 1203 ea
2620 1166 2737 1219 qua:
2777 1157 2927 1203 extra
2973 1163 3186 1204 sacrum
3215 1146 3452 1203 tribunal

1888 1242 2062 1308 fiunt,
2098 1253 2408 1306 exerceant,
2459 1259 2566 1297 non
2604 1242 2984 1314 prohibentur.
3016 1249 3074 1295 ut
3108 1239 3174 1296 79
3203 1240 3454 1309 impera-

1886 1335 2023 1389 toris
2076 1334 2273 1390 Leouis
2326 1334 2540 1402 novella
2589 1333 2827 1399 statuit;
2874 1348 3037 1403 quam
3101 1332 3224 1387 vide
3283 1331 3449 1386 etiam

1885 1430 1943 1484 in
1966 1429 2001 1484 4
2061 1429 2238 1501 capite
2278 1429 2471 1486 littera:
2498 1431 2538 1482 Γ
2565 1469 2580 1485 .
2642 1430 2883 1494 Consule
2920 1429 3082 1484 etiam
3117 1428 3171 1483 in
3234 1427 3451 1483 decimo

1884 1530 2039 1578 sexto
2097 1523 2273 1591 capite
2310 1523 2508 1591 littera:
2570 1523 2612 1575 Π
2660 1535 2903 1576 canones
2962 1519 2995 1574 9
3040 1527 3096 1575 et
3137 1519 3203 1573 10
3258 1517 3453 1590 synodi

1883 1612 2372 1680 Neocaesariensis,
2421 1615 2555 1670 etin
2606 1612 2843 1683 septimo
2899 1626 3036 1681 cap.
3072 1609 3317 1681 ejusdem
3365 1610 3456 1666 lit-

1884 1712 2015 1760 terae
2043 1719 2307 1762 canonem
2340 1706 2573 1776 primum
2615 1703 2967 1759 Antiochenaz
2992 1701 3209 1774 synodi.

1810 1815 1855 1875 ι
1883 1797 2035 1856 CAP.
2090 1797 2158 1855 ιι.
2184 1798 2263 1856 οε
2280 1798 2512 1875 ecclesiis
2546 1796 2626 1852 uel
2654 1795 2868 1850 urbibus
2899 1866 2911 1875 _
2930 1793 2996 1849 ab
3045 1790 3459 1864 imperatoribus

2406 1870 2471 1922 de
2504 1884 2633 1923 novo
2655 1866 2959 1921 επινιιειίε.

1952 1961 2097 2021 Vide
2124 1962 2188 2019 21
2226 1978 2348 2031 cap.
2382 1961 2580 2016 littera:
2611 1960 2674 2015 E.

2212 2052 2367 2110 CAP.
2400 2051 2493 2108 Ill.
2526 2052 2602 2107 De
2641 2046 3093 2129 iunovqlionibus.

2570 2142 2751 2213 Leges.

1954 2239 2167 2296 Novum
2202 2252 2343 2309 opus
2371 2235 2498 2291 facit
2526 2234 2745 2304 aliquis,
2807 2239 2903 2286 aut
2952 2228 3306 2295 aedificando,
3357 2237 3459 2284 aut

1883 2334 2166 2408 quippiam
2207 2329 2503 2394 diruendo,
2530 2328 2602 2381 ita
2627 2336 2686 2379 ut
2714 2324 2997 2396 pristinam
3036 2322 3233 2376 faciem
3258 2330 3455 2378 mutet.

1957 2425 2059 2493 Qui
2091 2423 2373 2494 antiquam
2423 2420 2646 2475 domum
2689 2424 2955 2477 renovat,
2993 2412 3282 2484 pristinam
3347 2409 3457 2466 for-

1886 2533 2032 2573 mam
2083 2530 2152 2571 ne
2195 2513 2460 2577 excedat,
2496 2524 2670 2582 neque
2719 2506 3017 2562 luminibus
3068 2511 3167 2559 aut
3227 2518 3453 2574 prospe-

1887 2609 1998 2665 ctui
2034 2610 2335 2663 vicinorum
2372 2603 2591 2668 oﬂiciat,
2625 2599 2727 2655 nisi
2775 2598 3091 2654 servitutem
3134 2596 3329 2650 habeat
3360 2610 3450 2664 per

1890 2711 2107 2773 pactum
2132 2699 2214 2752 vel
2243 2712 2340 2769 per
2370 2693 2850 2764 interrogationem
2885 2691 2989 2747 sibi
3017 2696 3454 2755 concessam,aut

1889 2793 2317 2864 permittentem,
2352 2797 2412 2842 ut
2434 2789 2568 2848 vult,
2616 2785 2900 2856 pristinam
2959 2782 3191 2837 formam
3257 2782 3450 2834 immn-

1889 2896 2026 2939 tare.
2055 2882 2285 2950 Quando
2318 2895 2447 2935 vero
2491 2880 2610 2932 duae
2636 2878 2830 2930 domus
2863 2873 2964 2929 sibi
3018 2873 3248 2926 invicem
3286 2883 3451 2938 oppo-

1889 2978 2007 3034 sita
2043 2986 2212 3039 sunt,
2242 2975 2384 3028 inter
2413 2986 2505 3027 eas
2530 2969 2811 3024 duodecim
2852 2967 3016 3038 pedes
3056 2979 3175 3019 esse
3218 2969 3456 3033 oportet,

1889 3085 1920 3125 a
1954 3068 2321 3124 fundamentis
2371 3060 2678 3134 inclpiendo
2713 3074 2886 3130 usque
2936 3058 3001 3111 ad
3037 3071 3303 3111 summam
3338 3052 3453 3107 alti-

212 3126 326 3180 ἀπὸ
353 3125 461 3177 τῶν
496 3121 761 3193 θεμελίων
795 3120 956 3189 μέχρι
987 3116 1186 3181 παντός
1224 3115 1316 3170 τοῦ
1348 3115 1551 3185 ὕψους·
1590 3115 1782 3170 τούτου

1890 3115 1920 3125 ..
1956 3115 2319 3124 .-..__-.--_-_-_
2796 3115 2814 3130 ,

1890 3163 2157 3219 tudinem:
2197 3174 2321 3213 nam
2388 3158 2492 3211 huc
2551 3156 2840 3209 observato
2877 3153 3055 3220 spatio
3084 3190 3098 3215 ,
3159 3148 3457 3216 unicuique

210 3224 321 3292 γὰρ
346 3218 749 3288 φυλαττομένου
781 3211 876 3267 τοῦ
903 3212 1294 3280 διαστήματος,
1328 3209 1541 3274 ἔξεστιν
1561 3209 1776 3278 ἑκάστῳ

210 3316 289 3377 είς
310 3314 543 3379 ἄπειρον
575 3308 707 3378 ὕψος
740 3306 829 3360 τὸν
858 3306 991 3358 ἴδιον
1021 3303 1260 3371 ξγείρειν
1306 3297 1477 3379 οἷκον,
1509 3302 1604 3353 καὶ
1626 3299 1780 3369 θυρί-
1820 3330 1845 3346 σ

208 3373 304 3468 δας
338 3408 398 3457 ἑν
428 3373 577 3470 αὐτῷ
623 3373 1058 3466 παρακοπτικάς
1104 3373 1581 3469 κατασκευάξειν·
1640 3392 1669 3444 ό
1718 3390 1776 3445 δὲ

208 3497 331 3552 νέον
362 3488 509 3551 οἷκον
534 3488 831 3559 οἰκοδομῶν
862 3485 936 3557 μὴ
965 3482 1300 3554 ἀφαιρείσθω
1336 3481 1433 3550 τὴν
1460 3481 1663 3548 ἄποψιν
1685 3479 1778 3534 τοῦ

208 3588 477 3657 γείτονος,
508 3584 602 3636 ὲάν
630 3582 688 3648 ἐξ
710 3579 925 3641 εὐθείας
952 3577 1056 3647 ὁρᾷ
1078 3577 1178 3645 τὴν
1224 3575 1497 3627 θάλασσαν
1524 3570 1698 3634 ἑστὼς
1723 3574 1779 3624 ὲν

210 3682 323 3743 τοῖς
353 3678 501 3738 ἰδίοις
521 3676 713 3737 οἴκοις,
745 3670 777 3741 ἢ
809 3669 1175 3737 καθεζόμενος
1208 3666 1264 3718 ὲν
1286 3665 1498 3725 αὐτοῖς’
1551 3664 1646 3715 καὶ
1701 3663 1778 3732 μὴ

211 3767 613 3837 άναῖκαζέσθω
651 3762 1021 3832 παρατρέπειν
1068 3757 1266 3811 ἑαυτὸν
1299 3759 1378 3818 είς
1404 3753 1660 3821 πλάγιον,
1693 3756 1777 3822 ἐφ’

210 3858 255 3929 ᾧ
278 3862 412 3913 ἰδεῖν
443 3857 717 3909 θάλασσαν
736 3871 749 3885 ·
775 3853 866 3905 ἐὰν
894 3851 948 3904 δὲ
991 3848 1034 3921 ρ’
1067 3846 1240 3901 ποδῶν
1274 3849 1332 3898 ὲν
1369 3846 1519 3915 μέσῳ
1547 3845 1658 3897 τῶν
1686 3843 1781 3898 δύο

213 3954 382 4006 οίκων
415 3948 638 4017 ὑπάρχῃ
661 3944 958 4012 διάστημα,
1009 3940 1214 4005 ἐξέστω
1247 3936 1541 3999 ἀκωλύτως
1575 3936 1780 4001 κτίζειν

213 4046 291 4113 τῷ
327 4041 654 4113 βουλομένῳ,
693 4036 789 4090 καὶ
830 4035 929 4104 τὴν
954 4033 1044 4085 ἐπὶ
1088 4031 1354 4084 Θάλατταν
1385 4031 1587 4100 ἄποψιν
1617 4033 1783 4099 ἀφαι-

221 4136 434 4207 ρεῖσθαι
459 4130 551 4185 τοῦ
580 4129 820 4199 γείτονος
841 4143 855 4159 ο
884 4126 935 4178 ει
963 4124 1019 4177 δὲ
1052 4124 1342 4192 σύμφωνόν
1374 4126 1521 4175 ἐστιν
1571 4125 1785 4192 ἐπιτρέ-

217 4248 321 4284 πον
356 4227 463 4282 τινὶ
496 4224 596 4296 τὴν
633 4221 1006 4291 οἰκοδόμησιν,
1040 4216 1312 4286 κρατείτω
1360 4214 1420 4266 τὸ
1472 4213 1782 4281 σύμφωνον,

216 4323 265 4372 εἰ
288 4320 386 4371 καὶ
434 4316 666 4385 βλάπτει
701 4310 794 4363 τὸν
826 4309 1044 4376 γείτονα
1092 4304 1219 4372 περὶ
1248 4303 1347 4372 τὴν
1377 4304 1475 4371 τῆς
1511 4302 1785 4371 θαλάσσης

219 4409 458 4478 ἄποψινο
514 4405 637 4460 οὐδὲ
689 4403 803 4471 γὰρ
856 4398 1127 4469 προσήκει
1163 4397 1262 4460 τὰς
1296 4394 1649 4465 ὑπαρχούσας
1682 4396 1788 4449 τινὶ

216 4502 463 4562 δουλείας
482 4499 572 4553 διὰ
594 4495 705 4548 τῶν
724 4491 960 4562 γενικῶν
984 4490 1164 4559 νόμων
1191 4488 1566 4556 ἀφαιρεῖσθαι.

290 4595 418 4646 Ὀτι
447 4591 527 4653 δὲ,
563 4588 730 4658 μέσον
762 4584 915 4647 ὄντος
937 4580 1217 4635 στενωποῦ
1249 4581 1282 4653 ἢ
1329 4579 1611 4644 πλατείας,
1641 4579 1787 4631 obto-

216 4685 375 4753 δομεῖ
403 4699 489 4745 τις
539 4680 632 4733 τὸν
687 4677 883 4732 ἑαυτοῦ
913 4669 1082 4738 οἷκον,
1115 4673 1163 4724 εί
1190 4674 1285 4725 καὶ
1326 4671 1388 4722 π)
1401 4671 1489 4723 έον
1518 4669 1632 4738 ἔχει
1678 4667 1786 4721 τῶν

217 4777 428 4831 δώδεκα
453 4773 630 4828 ποδῶν
651 4771 712 4823 τὸ
736 4769 832 4822 τοῦ
867 4763 1141 4818 στενωποῦ
1179 4763 1213 4832 ἢ
1252 4763 1351 4830 τῆς
1399 4762 1655 4823 πλατείας
1692 4761 1789 4829 μέ·-

218 4886 368 4940 τρον,
403 4868 477 4937 μὴ
514 4860 852 4932 ἀφαιρείσθω
880 4859 942 4910 τὸ
967 4854 1242 4924 περιττὸν,
1274 4852 1369 4905 καὶ
1401 4851 1477 4920 τῷ
1511 4851 1624 4919 ἰδίῳ
1653 4850 1786 4920 οἴκῳ

221 4958 591 5030 προστιθέτωο
652 4954 713 5006 οὐ
769 4950 878 5018 γάρ
907 4948 999 5000 ἐπὶ
1029 4944 1204 5017 βλάϐῃ
1254 4942 1347 4995 τοῦ
1376 4940 1633 5011 δημοσίου
1662 4940 1786 5003 τοὺς

219 5029 434 5103 δῶδεκα
465 5045 631 5105 πόδας
661 5040 859 5109 ὥρισεν
886 5041 920 5108 ἡ
944 5034 1210 5097 διάταξις,
1245 5030 1361 5084 ἀλλ’
1389 5029 1529 5083 ὥστε
1554 5030 1631 5099 μὴ
1663 5044 1787 5081 στε-

219 5141 456 5209 νώτερον
503 5134 613 5207 τῶν
663 5132 867 5186 δώδεκα
908 5127 1084 5181 ποδῶν
1117 5120 1257 5177 εἶναι
1306 5123 1399 5176 τδν
1445 5120 1645 5190 μεταξὺ
1677 5119 1787 5171 τῶν

220 5208 388 5285 οἴκων
418 5228 585 5298 ἀέρα·
610 5225 701 5278 ὅτε
725 5222 783 5274 δὲ
804 5220 967 5273 πλέον
994 5216 1197 5269 τούτων
1227 5212 1565 5281 εὑρίσκεται,
1600 5208 1787 5278 μηδεὶς

222 5326 283 5391 ἐξ
309 5321 489 5379 αὐτῶν
526 5312 887 5386 ἀφαιρείσθω,
924 5306 1059 5361 ἀλλὰ
1096 5309 1161 5375 τῇ
1197 5305 1350 5357 πόλει
1396 5298 1787 5372 περισωζέσθω

220 5389 291 5470 τά
340 5413 534 5467 οίκεῖα.
603 5409 665 5461 El
722 5406 906 5475 μέντοι
966 5398 1124 5460 πόδες
1174 5395 1306 5448 δέκα
1369 5393 1509 5445 εἰσὶν
1554 5392 1610 5442 ὲν
1638 5389 1789 5459 μέσῳ

222 5512 315 5564 καὶ
358 5508 432 5575 μὴ
461 5505 764 5563 ἱλάττονες,
791 5497 911 5550 τότε
938 5487 1365 5563 παρακοπτικάς
1387 5486 1486 5556 μὲν
1506 5483 1594 5553 μὴ
1617 5481 1790 5534 ποιεί-

222 5620 299 5657 τω
330 5600 360 5653 ό
380 5598 599 5662 κτίζων,
626 5596 675 5646 εί
722 5590 798 5662 μὴ
819 5588 1088 5656 πρότερον
1123 5579 1270 5652 εἶχεν
1300 5580 1493 5638 αὐτὰς.
1517 5591 1785 5644 φωταγω-

222 5690 351 5760 γοῦς
375 5688 433 5742 δὲ
470 5685 691 5741 ποιείτω
727 5680 834 5737 ἀπὸ
863 5677 924 5743 ἓξ
954 5673 1131 5728 ποδῶν
1168 5671 1263 5725 τοῦ
1298 5668 1472 5723 πάτου
1501 5662 1789 5736 ἀνοιγομέο

224 5800 336 5848 νας.

1812 4480 1843 4547 ι

1886 3255 2011 3310 licet
2044 3254 2109 3308 ad
2143 3254 2464 3307 immensam
2503 3247 2837 3300 altitudinem
2893 3243 3113 3297 domum
3142 3255 3297 3293 suam
3354 3255 3456 3292 ex-

1887 3356 2119 3409 struere,
2166 3351 2221 3397 et
2249 3342 2302 3395 in
2353 3356 2414 3393 ca
2457 3336 2823 3409 prospertivas
2851 3332 3022 3388 facere
3050 3331 3311 3385 fenestras
3331 3327 3457 3392 .Qui

1880 3445 2065 3490 autem
2099 3448 2288 3487 novam
2318 3430 2547 3485 aediﬁcat
2568 3430 2812 3490 domum,
2847 3440 2912 3479 ne
2940 3423 3099 3477 vicini
3152 3429 3448 3491 prospectu

1880 3529 2100 3589 alliciat.
2125 3526 2253 3581 dum
2273 3525 2325 3578 in
2344 3538 2439 3577 sua
2456 3520 2616 3576 domo
2640 3527 2747 3575 stat
2765 3516 2850 3571 vel
2874 3517 2924 3569 in
2952 3532 3015 3569 ea
3046 3514 3216 3576 sedet,
3246 3512 3345 3565 diri
3365 3520 3452 3565 cte

1882 3637 2030 3677 mare
2089 3616 2459 3689 prospiciat,et
2494 3628 2601 3667 non
2653 3619 2880 3679 cogatur
2908 3607 3147 3675 seipsum
3195 3602 3262 3657 ad
3299 3602 3459 3691 latusi

1882 3718 2220 3774 convertere,
2254 3718 2310 3763 ut
2340 3721 2486 3761 mare
2525 3702 2721 3759 videat:
2754 3702 2837 3756 sin
2869 3710 3045 3753 autem
3072 3701 3210 3750 in'er
3234 3705 3441 3750 utram-

1886 3819 1991 3876 que
2016 3801 2237 3856 domum
2263 3808 2477 3853 centum
2512 3794 2709 3866 pedum
2738 3791 3060 3847 observetur
3093 3784 3458 3846 intervallum,

1886 3875 2109 3950 cuilibet
2148 3893 2266 3947 sine
2295 3889 2683 3958 impedimento
2722 3883 2991 3939 aediﬁcare
3042 3880 3232 3942 liceat,
3271 3886 3325 3930 et
3382 3875 3462 3927 vi-

1832 4024 1835 4027 ›
1890 3988 1996 4043 cini
2026 3987 2078 4039 in
2113 3998 2263 4038 mare
2289 3979 2597 4051 prospectui
2647 3975 2877 4030 υίιίυυιη.
2909 3972 2962 4027 Si
2999 3990 3126 4023 vero
3150 3969 3455 4022 :edificandi

1886 4090 2103 4152 paetum
2178 4085 2508 4132 conventum
2578 4073 2739 4126 alicui
2776 4067 3139 4133 ftlevit,\'aleal
3180 4073 3393 4132 pactum
3433 4098 3452 4126 ,

1887 4172 2136 4243 quarmis
2165 4168 2329 4222 vicini
2374 4168 2427 4220 iu
2481 4179 2628 4218 mare
2675 4170 2961 4230 prospectu
3013 4156 3298 4210 offendat:
3345 4169 3454 4206 non

1886 4264 2029 4318 enim
2061 4260 2335 4320 convenit.
2375 4265 2435 4311 ut
2469 4255 2784 4313 servitum,
2821 4265 2961 4320 quas
3006 4248 3207 4301 habeat
3231 4245 3455 4316 aliquis,

1890 4366 1986 4421 per
2017 4352 2159 4420 leges
2195 4345 2475 4418 generales
2509 4342 2839 4396 eximantur.

1962 4573 2124 4646 148
2136 4569 2366 4639 Quando
2383 4569 2437 4621 in
2456 4566 2743 4636 angiporto
2767 4562 2844 4617 vel
2867 4562 3037 4630 platea
3058 4560 3278 4615 domum
3300 4575 3454 4613 suam

1887 4670 2119 4721 adifieat
2145 4663 2367 4732 aliquis.
2403 4660 2529 4713 licet
2561 4658 2724 4711 etiam
2770 4654 2928 4708 latior
2960 4653 3248 4706 duodrcim
3273 4690 3279 4696 -
3304 4653 3458 4720 pedi-

1890 4761 1991 4813 bus
2036 4757 2103 4808 sit
2155 4751 2421 4821 allgipm'li
2469 4750 2547 4802 vel
2601 4747 2790 4814 platea:
2838 4758 3113 4804 mensura.
3146 4758 3213 4796 ne
3248 4744 3454 4798 adimat

1889 4850 2035 4921 quad
2081 4845 2366 4905 redundat,
2411 4850 2464 4895 et
2508 4840 2738 4909 pr0prin:
2768 4836 2953 4890 domui
2988 4836 3194 4900 addat;
3237 4850 3359 4888 nam
3390 4836 3449 4889 in

1886 4941 2088 5013 publici
2140 4938 2399 4992 damnum
2432 4929 2741 5013 _duodecim
2808 4927 2977 4996 pedes
3031 4941 3136 4979 non
3209 4926 3452 4981 decrevit

1887 5029 2228 5089 constitutio,
2282 5023 2377 5079 sed
2432 5010 2497 5077 ne
2544 5019 2830 5090 angustior
2879 5018 3166 5073 duodecim
3220 5020 3452 5088 pedibus

1889 5127 2030 5178 intra
2079 5120 2273 5174 domos
2320 5122 2466 5169 esset
2514 5126 2628 5165 aer.
2672 5108 2902 5175 Quando
2953 5122 3086 5161 vero
3133 5108 3219 5164 bis
3267 5111 3452 5178 plures

1889 5215 2263 5274 inveniuntur,
2326 5220 2485 5263 nemo
2543 5218 2609 5256 ex
2662 5202 2729 5256 iis
2780 5200 3035 5264 auferat,
3093 5200 3187 5254 sed
3244 5201 3453 5255 txitati

1891 5307 2108 5378 propria
2135 5310 2440 5358 serventur.
2465 5296 2522 5353 Si
2571 5295 2792 5365 quidem
2824 5296 2875 5345 in
2914 5294 3095 5347 medio
3128 5294 3236 5346 sint
3290 5294 3457 5360 pedes

1889 5402 2075 5453 decem
2122 5407 2174 5449 et
2219 5410 2324 5448 non
2360 5391 2670 5461 pauciores.
2702 5396 2851 5451 ,tunc
2878 5393 3270 5455 .ι›ι·οςνοοιινιιε
3304 5386 3455 5438 fene-

1891 5500 2037 5545 stras
2085 5502 2152 5541 ne
2188 5487 2357 5547 faciat
2405 5483 2725 5543 aediﬁcator,
2760 5478 2863 5535 nisi
2895 5481 3047 5546 prius
3094 5490 3188 5530 cas
3220 5474 3406 5529 habuit
3435 5491 3454 5540 ;

1893 5581 2161 5636 fenestras
2218 5585 2398 5630 autem
2456 5575 2633 5627 lumen
2689 5570 3046 5624 immittentes
3109 5564 3295 5631 faciat,
3350 5580 3449 5620 sex

1891 5674 2120 5746 pedibus
2152 5686 2180 5725 a
2221 5668 2527 5740 pavimento
2551 5663 2889 5736 aperiendas.
