3918 6562
232 417 354 494 1.357

1201 441 1604 505 smuan
1638 448 2258 515 ALPllABETlCUM.
2290 438 2357 493 —‘—
2400 454 2465 520 K.

3325 458 3459 532 13.18

228 548 272 613 γ’
294 546 359 601 ἂν
392 547 574 612 ἄλλοις
609 551 665 602 ὲν
700 549 871 619 τούτῳ
912 553 1300 621 διακονεῖσθαι,
1336 560 1430 612 καί⁵
1456 558 1488 612 ἀ
1526 561 1602 631 μὴ
1625 561 1785 628 θέμις

1898 566 2049 619 etiam
2082 567 2205 624 aliis
2257 570 2314 624 in
2342 585 2404 623 ca
2455 573 2770 628 ministrare
2815 587 2869 630 et
2914 578 3090 647 pretio
3132 581 3366 639 vendere
3394 585 3447 637 li.

228 637 367 709 αὐτῷ
399 642 693 710 ἐγχειρεῖν.
723 642 784 694 Εἰ
811 644 867 696 δέ
894 661 978 708 τις
1004 646 1163 699 τοῦτο
1190 647 1570 721 διαπράξαιτο,
1600 653 1633 721 ἦ
1651 669 1790 706 ⁴ιιιαυ-

227 730 424 797 σάσθω,
463 731 494 800 ἢ
535 732 935 801 καθαιρείσθω’
994 737 1090 789 καὶ
1114 736 1288 792 δεινὸν
1336 741 1436 810 μὲν
1466 740 1533 796 ἂν
1583 742 1670 809 εῐη
1729 746 1790 797 τὸ

227 823 582 891 ⁴ιιτροΐοτλισθαι
624 825 837 891 τούτου,
871 830 964 881 καὶ
1003 829 1070 882 δι’
1120 830 1314 884 ἑαυτοῦ
1350 832 1479 897 τοὺς
1517 834 1789 899 εἰσιόντας

225 915 594 986 ὑποδέχεσθαι.
627 917 688 970 Εἰ
723 917 780 970 δέ
803 934 885 979 τις
923 920 1203 990 κληρικὺς,
1232 920 1474 977 τοιοῦτον
1517 926 1790 996 ἐργαστή-

227 1023 333 1076 ριον
367 1007 529 1077 ἔχων,
585 1009 763 1078 ἑτέρῳ
813 1010 937 1079 δοίη
982 1012 1202 1081 μισθοῦ,
1243 1016 1358 1078 τοῖς
1410 1014 1508 1068 τοῦ
1565 1019 1791 1078 κανόνος

223 1101 437 1171 δεσμοῖς
491 1100 590 1171 οὐχ
640 1102 972 1156 ὑπόκειταιο
1022 1103 1186 1159 τοῦτο
1241 1107 1349 1176 γάρ
1404 1107 1518 1162 ἐσθ’
1550 1111 1640 1161 ὅτε
1694 1112 1790 1163 καὶ

224 1192 368 1261 παρὰ
405 1192 792 1265 μοναστηρίοις
860 1194 955 1247 καὶ
994 1195 1311 1265 ἐκκλησίαις
1363 1200 1663 1269 συμὸατνον
1693 1199 1789 1252 ἴδοι

221 1300 298 1344 τις
330 1284 419 1338 ἄν.

296 1374 357 1429 ὐ
387 1376 442 1429 δὲ
476 1378 578 1447 τῆς
605 1378 662 1430 ἐν
694 1376 992 1449 Λαοδικείᾳ
1025 1379 1102 1432 κδ’
1142 1380 1580 1453 πρεσϐυτέρους,
1607 1383 1786 1437 διακόο

222 1484 363 1533 νους,
399 1468 703 1539 ὑπηρέτας,
755 1468 1139 1536 ἀναγνώστας,
1169 1470 1404 1542 ψάλτας,
1433 1475 1785 1547 ἐφορκιστας,

223 1562 523 1631 θυρωροὺς,
551 1561 647 1615 καὶ
675 1561 803 1625 τοὺς
830 1564 945 1617 ὅσοι
990 1562 1086 1617 τοῦ
1126 1566 1237 1617 τῶν
1271 1566 1531 1635 ἀσκητῶν
1575 1568 1789 1637 τάγμα-

219 1667 327 1714 τος,
379 1655 458 1714 εἰς
488 1652 787 1722 καπηλεῖον
819 1654 1051 1709 εἰσιέναι
1102 1654 1212 1708 τῶν
1243 1656 1503 1727 ἀθέσμων
1548 1658 1785 1729 ἡγεῖται,

222 1745 312 1798 καὶ
343 1744 544 1816 κομιδῆ
575 1743 859 1815 βλαδερόν.

899 1839 1116 1909 Νόμος.

294 1918 361 1980 Ἥ
385 1929 441 1981 δὲ
477 1927 592 1997 ρλγ’
638 1902 1283 2003 Ἰουστινιάνε-ιος-ζνεαρά
1323 1934 1415 1988 τὸν
1447 1934 1786 2007 ἀναστρεφό-
1819 1902 1862 1959 Β

220 2036 380 2089 μενον
406 2023 464 2073 ὲν
499 2021 785 2092 καπηλείῳ
842 2023 1080 2093 μοναχὸν
1117 2026 1549 2095 σωφρονίζεσθαι
1576 2028 1785 2082 κελεύει

220 2108 372 2176 παρά
399 2109 492 2162 τοῦ
524 2109 789 2180 ἐπάρχου,
820 2110 917 2164 καὶ
950 2110 1270 2178 ἐξωθεῖσθαι
1295 2113 1391 2166 τοῦ
1418 2117 1786 2188 μοναστηρίου

214 2202 370 2272 ποιρά
420 2203 514 2256 τοῦ
573 2203 906 2274 ἡγουμένου,
956 2203 1032 2269 ὡς
1066 2207 1159 2260 τδν
1180 2207 1237 2261 ἐν
1272 2207 1508 2279 αἰσχύνη
1539 2208 1654 2279 βίον
1685 2210 1785 2281 τῆς

116 2302 121 2307 ’
213 2297 515 2366 ἀγγελικῆς
542 2296 934 2360 καταστάσεως
955 2297 1353 2369 ἀλλαξάμενον.

282 2409 540 2465 ΚΕΦΑΑ.
578 2410 657 2462 ll'.
691 2410 1277 2548 Πεῧέἱῖῗξτὶρὲθοὲέας
1305 2410 1414 2483 τῆς
1453 2417 1541 2482 εἰς
1571 2415 1713 2483 τοὺς

292 2573 357 2626 Ὀ
381 2571 547 2642 γ’τῶν
578 2572 746 2640 ἁγίων
777 2573 1092 2627 ἀποςτόλων
1115 2578 1317 2639 κανὼν,
1349 2575 1430 2630 ἔτι
1449 2574 1505 2632 δὲ
1536 2583 1631 2632 καὶ
1661 2583 1689 2634 ό
1713 2582 1783 2651 δ’,

214 2667 306 2719 ἰπὶ
338 2668 405 2736 τῇ
442 2666 766 2735 ἀναιμάκτῳ
819 2663 980 2736 θυσία
1013 2664 1143 2736 οίνῳ
1179 2666 1327 2737 μόνῳ
1383 2671 1475 2722 καὶ
1506 2670 1655 2741 ἄρτῳ
1672 2690 1783 2726 γε.

212 2759 452 2830 χρῆσθαι
478 2759 711 2825 κελεύει,
739 2760 835 2811 καὶ
869 2760 995 2821 τοὺς
1026 2761 1108 2822 εἰς
1135 2763 1259 2823 τοὺς
1297 2764 1461 2825 ναοὺς
1499 2782 1782 2833 καρποφοο

216 2853 444 2919 ροῦντας
481 2852 653 2904 ταῦτα
698 2851 858 2919 μόνον
888 2852 1223 2919 εἰσφέρειν..
1248 2852 1329 2904 ἔτι
1356 2853 1414 2905 δὲ
1447 2856 1540 2907 καὶ
1580 2855 1781 2922 ἔλαιον,

209 2943 358 2998 ὥστε
383 2943 495 3011 φῶς
524 2942 597 2996 δι’
622 2942 786 2995 αὐτοῦ
812 2941 890 3010 τῷ
914 2940 1150 3010 ἀληθινῷ
1176 2944 1311 3009 φωτῖ
1336 2945 1782 3016 ἀναπέμπεσθαι,

212 3038 303 3089 καί
334 3035 590 3105 θυμίαμα
617 3033 695 3105 τῷ
724 3034 903 3103 καιρῷ
933 3033 1033 3102 τῆς
1067 3034 1231 3101 ἁγίας
1261 3040 1606 3107 προσφορᾶς·
1644 3042 1783 3111 μήτε

208 3132 262 3182 δὲ
303 3129 452 3197 μέλι,
499 3128 635 3198 μήτε
670 3125 832 3194 γάλα,
870 3125 945 3196 μὴ
971 3124 1090 3179 ἀντὶ
1148 3126 1293 3179 οίνου
1335 3127 1404 3180 τά
1455 3129 1771 3203 ἐξεπίτηδες

1891 666 1996 711 cet.
2051 657 2107 712 Si
2169 662 2293 727 quis
2327 670 2506 717 autem
2574 665 2676 721 hoc
2730 667 2949 730 fecerit,
3003 671 3085 724 vel
3133 680 3330 736 cesset,
3378 681 3456 729 vel

1891 749 2194 818 deponatur
2249 769 2262 805 :
2315 752 2693 823 turpissimum
2755 759 2903 813 enim
2951 772 3141 829 esset.
3203 765 3278 819 illi
3316 781 3456 836 pra:-

1891 855 2034 905 esse,
2067 854 2124 897 et
2169 859 2265 899 eos
2304 847 2394 915 qui
2442 847 2824 916 ingrediuntur
2870 850 3094 910 honoris
3124 869 3290 912 causa
3315 862 3460 913 exci-

1892 945 2039 999 pere.
2073 932 2130 988 Si
2167 934 2291 1003 quis
2323 946 2505 991 autem
2552 937 2784 995 clericus
2827 942 3229 1002 talembabeat
3263 949 3453 1004 taber~

1894 1036 2043 1086 nam,
2069 1034 2123 1078 et
2148 1025 2305 1081 alteri
2334 1027 2529 1089 elocet,
2575 1031 2862 1089 canonicis
2889 1036 3064 1103 poenis
3092 1052 3202 1091 non
3227 1041 3458 1109 subjici-

1896 1119 1986 1164 tur
2016 1127 2031 1164 :
2066 1112 2168 1167 hoc
2193 1115 2341 1170 enim
2372 1117 2534 1170 etiam
2569 1120 2712 1188 apud
2747 1125 3074 1178 monasteria
3115 1135 3170 1182 et
3200 1130 3460 1186 ecclesias

1895 1204 2192 1274 aliquando
2223 1208 2476 1263 accidere
2508 1211 2633 1279 quis
2663 1214 2867 1269 videat:

1964 1382 2275 1443 Vicesimus
2310 1401 2535 1459 quartus
2568 1394 2888 1453 Laodiceua:
2930 1414 3054 1471 syn.
3086 1407 3454 1477 presbyteros,

1892 1478 2176 1544 diaconos,
2215 1479 2517 1546 ministros,
2551 1484 2807 1549 lectores.
2834 1499 3108 1558 cantores,
3128 1498 3458 1566 exorcistas,

1890 1572 2178 1636 ostiarius,
2210 1580 2265 1626 et
2291 1588 2388 1628 eos
2425 1576 2519 1645 qui
2555 1588 2683 1632 sunt
2708 1583 3104 1639 monachorum
3144 1587 3375 1653 ordinis.
3401 1594 3456 1647 in

1889 1676 2191 1734 cauponam
2243 1666 2455 1735 ingredi
2503 1668 2752 1740 iniquum
2828 1682 2883 1728 et
2939 1679 3168 1733 omnino
3229 1682 3456 1752 impium

1886 1753 2119 1823 indicat.

2624 1848 2747 1907 Lex.

1958 1942 2268 2000 Centesima
2291 1944 2568 2000 tricesima
2599 1946 2756 2002 tertia
2786 1944 3084 2004 Iustiniani
3107 1953 3317 2009 novella
3339 1970 3460 2012 mo-

1891 2038 2126 2090 nacbum
2161 2037 2216 2090 in
2248 2050 2495 2105 caupona
2544 2048 2958 2095 conversantem
3002 2043 3259 2115 castigari
3301 2047 3461 2115 jubet

1888 2141 1920 2180 a
1954 2127 2209 2196 praefecto
2242 2136 2295 2183 et
2323 2144 2355 2182 e
2385 2121 2724 2183 monasterio
2755 2144 2851 2198 per
2879 2133 3180 2189 antistitem
3230 2139 3455 2206 expelli,

1888 2215 2090 2285 quippe
2136 2218 2230 2287 qui
2289 2218 2454 2272 vitam
2517 2217 2940 2286 ignominiosam
2989 2224 3249 2292 angelicae
3295 2228 3458 2283 insti-

1890 2306 2086 2360 tutioni
2111 2308 2438 2376 praetulerit.

1889 2415 2043 2471 CAP.
2084 2416 2218 2474 VIII.
2258 2418 2333 2474 De
2373 2420 2634 2489 fructibus
2675 2425 2731 2477 in
2783 2425 2960 2481 divina
3009 2426 3205 2495 templa
3256 2428 3456 2485 allatis.

1959 2566 2178 2636 Tertius
2237 2592 2553 2638 sanctorum
2610 2584 2987 2654 apostolorum
3048 2561 3260 2652 canon,
3312 2588 3459 2642 sicut

1887 2674 2051 2727 etiam
2076 2682 2330 2741 quartus,
2366 2676 2421 2728 in
2457 2674 2748 2731 incruento
2785 2676 3059 2733 sacriﬁcio
3101 2677 3229 2733 vino
3257 2678 3376 2734 solo
3404 2690 3459 2733 et

1886 2779 2027 2833 pane
2058 2767 2136 2820 uti
2160 2765 2350 2834 jubet;
2386 2776 2439 2820 et
2462 2768 2557 2836 qui
2590 2768 2804 2823 fructus
2833 2768 2886 2822 in
2914 2769 3113 2839 templa
3139 2781 3456 2839 apponant.

1889 2858 1976 2911 illa
2023 2858 2136 2912 sola
2164 2858 2392 2924 afferre;
2429 2866 2688 2925 praeterea
2715 2868 2770 2913 et
2792 2859 2999 2927 oleum,
3041 2871 3100 2915 ut
3142 2861 3326 2916 lumen
3359 2877 3457 2932 per

1890 2949 1995 3003 hoc
2032 2965 2164 3002 vero
2199 2951 2391 3003 lumini
2423 2952 2776 3014 accendatur,
2804 2962 2856 3005 et
2886 2952 3170 3008 incensum
3210 2945 3457 3023 tempore

1887 3049 2093 3094 sanctae
2125 3040 2458 3106 oblationis;
2498 3042 2592 3096 sed
2640 3054 2819 3111 neque
2855 3043 2981 3109 mel,
3014 3059 3191 3113 neque
3222 3044 3326 3108 lae,
3358 3062 3458 3099 ne-

1885 3145 1991 3199 que
2044 3146 2145 3199 pro
2193 3131 2316 3185 vino
2361 3132 2591 3185 siceram
2649 3131 2939 3199 laetitiam,
2982 3151 3104 3204 qua:
3154 3142 3213 3190 ut
3264 3137 3448 3189 vinum

213 3220 594 3290 σκευαζόμενα
629 3218 845 3287 σίκερα,
878 3218 913 3271 θ.
946 3220 1037 3271 καὶ
1072 3218 1243 3289 μέθην
1272 3219 1460 3291 ὥσπερ
1499 3218 1640 3287 οἶνος
1683 3228 1779 3294 ἐμ-

1898 3221 2199 3277 zbrietatem
2240 3223 2400 3286 facit;
2458 3240 2632 3294 neque
2679 3240 2831 3290 aves,
2864 3225 2950 3279 vel
3011 3226 3116 3280 alia
3169 3226 3451 3293 animalia,

209 3318 389 3368 ποιεῖν
414 3313 623 3381 πέφυκε
649 3327 662 3340 ·
694 3311 768 3381 μὴ
798 3310 999 3378 ὄρνεις,
1048 3308 1080 3380 ἢ
1104 3310 1270 3381 ἕτερα
1314 3312 1449 3378 ζῶα,
1484 3314 1516 3383 ἦ
1543 3315 1745 3386 ὄσπρια
1768 3354 1781 3368 .

206 3406 314 3464 Τὸν
347 3405 404 3461 δὲ
432 3405 582 3475 παρά
606 3402 779 3459 ταῦτα
805 3403 1066 3457 ποιοῦντα
1101 3404 1361 3474 κληρικδν
1414 3406 1575 3471 εὐθὺς
1597 3408 1788 3461 καθαι-

208 3503 322 3572 ρεῖ.
355 3498 436 3553 Ti
462 3497 644 3568 μέντοι
703 3495 779 3557 ὡς
807 3494 1062 3565 ἀπαρχὰς
1091 3493 1202 3546 τῶν
1229 3494 1414 3564 ὡρίων
1446 3498 1679 3567 καρπῶν
1729 3498 1786 3551 ἔν

208 3612 274 3662 γε
302 3592 383 3662 τῷ
421 3592 594 3646 δέοντι
623 3588 803 3659 καιρῷ
837 3585 1226 3658 εἰσφερόμενα,
1263 3590 1583 3659 πεπείρους,
1618 3593 1784 3661 φημὶ,

209 3690 440 3759 βότρυς,
491 3684 585 3739 καὶ
622 3684 719 3736 νέα
743 3681 927 3752 χίδρα,
964 3679 1033 3733 τὰ
1073 3680 1212 3751 πρὸς
1264 3679 1469 3750 βρῶσιν
1500 3685 1785 3752 ἐπιτήδεια

206 3779 415 3850 δηλαδὴ
446 3777 556 3829 τῶν
586 3773 851 3844 ὀσπρίων,
887 3774 978 3825 καὶ
1025 3772 1124 3842 τὴν
1157 3771 1327 3841 ἄλλην
1376 3773 1599 3827 ἃπασαν
1642 3774 1787 3827 όπὼ-

209 3888 343 3941 ραν,
374 3867 459 3923 ἐπ’
492 3868 645 3921 οῐκου
679 3865 923 3933 πέμπειν
954 3862 1033 3931 τῷ
1058 3863 1350 3934 ὲπισκόπῳ
1377 3864 1471 3917 καὶ
1513 3867 1622 3927 τοῖς
1654 3883 1784 3934 πρε.

210 3960 541 4027 σϐυτέροις’
576 3957 655 4018 είς
694 3955 752 4008 δέ
779 3971 843 4021 γε
877 3953 940 4007 τὺ
967 3953 1360 4022 θυσιαστήριον
1423 3953 1550 4023 μηδ’
1606 3954 1785 4008 ὁτιοῦν

208 4055 424 4107 τούτων
450 4048 696 4116 εἰσάγειν
720 4061 736 4077 ⁸
766 4043 1054 4109 κάκείνους
1106 4044 1281 4102 ταῦτα
1334 4044 1660 4116 δεχομένους
1709 4048 1785 4119 μὴ

210 4147 295 4208 εἰς
351 4140 561 4196 οἰκείαν
622 4139 791 4210 μόνην
822 4137 970 4209 ἔχειν
1016 4138 1343 4205 ἀπόλαυσιν,
1402 4137 1535 4192 ἀλλά
1584 4140 1681 4193 καὶ
1706 4138 1785 4210 τῷ

208 4240 405 4307 κλήρῳ
436 4234 715 4304 διανέμειν
744 4231 929 4285 παντί.

294 4330 359 4381 Ὀ
397 4328 453 4380 δὲ
485 4331 572 4396 κη’
604 4324 707 4394 τῆς
763 4328 818 4388 ς’
877 4322 1097 4375 συνόδου
1153 4322 1410 4392 καθαιρεῖ
1457 4323 1585 4386 τοὺς
1614 4326 1693 4386 είς
1722 4325 1783 4377 τὸ

205 4421 605 4489 θυσιαστήριον
658 4415 933 4484 σταφυλὰς
979 4413 1302 4484 δεχομένους
1329 4414 1646 4485 κληρικοὺς,
1690 4419 1785 4471 καὶ

205 4518 278 4585 τῇ
318 4511 653 4580 ἀναιμάκτῳ
688 4508 854 4579 θυσίᾳ
880 4508 981 4576 τῆς
1033 4507 1355 4577 προσφορᾶς
1390 4508 1781 4570 συνάπτοντας,

208 4606 314 4658 καὶ
345 4603 518 4665 οὓτως
539 4599 841 4671 ήνωμιίνως
866 4596 1151 4669 ἀμφότερα
1180 4597 1531 4667 διανέμοντας
1550 4598 1628 4668 τῷ
1649 4598 1780 4665 λαῷ·

204 4696 353 4751 ἀλλὰ
376 4696 472 4763 τὴν
504 4693 605 4763 μὲν
632 4691 712 4754 εἰς
752 4690 949 4757 ἄφεσιν
979 4689 1266 4759 ἁμαρτιῶν
1288 4689 1621 4759 τελουμένην
1650 4689 1785 4753 ζωο-

209 4786 374 4840 ποιὸν
404 4781 723 4854 προσφορὰν
756 4781 864 4852 ἰδίᾳ
892 4779 971 4850 τῷ
1008 4779 1122 4849 λαῷ
1159 4779 1502 4847 μεταδιδόναι
1550 4779 1784 4832 κελεύειο

210 4879 330 4949 ἰδίᾳ
355 4878 411 4930 δὲ
456 4875 558 4938 τὰς
614 4872 891 4942 σταφυλὰς
921 4871 1041 4939 μετ’
1081 4870 1350 4937 εὐλογίας.
1402 4870 1478 4933 ὡς
1509 4872 1786 4940 ἀπαρχὰς,

206 4971 518 5036 διανέμειν,
554 4966 689 5034 πρὸς
733 4965 795 5016 τὸ
824 4964 984 5035 χάριν
1014 4962 1216 5014 εἰδέναι
1264 4965 1390 5024 τοὺς
1432 4962 1787 5031 μεταλαμϐά-

207 5079 414 5122 νοντας
444 5059 523 5126 τῷ
565 5057 752 5127 δοτῆρι
803 5056 914 5110 τῶν
967 5056 1203 5123 ἐτησίων
1236 5053 1492 5121 καρπῶν,
1516 5053 1583 5106 δι’
1614 5050 1689 5106 ὧν
1722 5056 1789 5108 τὰ

211 5155 455 5223 σώματα
487 5150 647 5220 ἡμῶν
678 5146 820 5201 κατά
851 5147 945 5201 τὸν
977 5146 1118 5198 θεῖον
1145 5147 1273 5214 ὅρον
1303 5145 1568 5215 τρέφεταί
1598 5162 1657 5198 τε
1693 5147 1789 5198 καὶ

207 5242 397 5308 αὒξει.
444 5240 502 5293 '0
530 5241 586 5293 δὲ
611 5235 764 5308 παρὰ
786 5236 855 5289 τά
879 5234 1275 5304 διατεταγμένα
1321 5234 1490 5287 ποιῶν
1529 5235 1788 5305 κληρικὸς

204 5334 534 5401 καθαιρεϊτα
545 5348 582 5386 ι.
1190 5352 1197 5361 ί

303 5426 363 5477 '0
386 5423 441 5476 δὲ
479 5421 523 5488 ζ’
559 5422 659 5490 τῆς
702 5421 761 5473 ὲν
799 5412 1027 5488 Γάγγρα
1064 5415 1307 5478 συνόδου,
1372 5415 1453 5469 ἔτι
1507 5415 1603 5469 καὶ
1652 5417 1680 5468 ό
1714 5412 1785 5486 η’,

202 5519 310 5571 τδν
332 5515 425 5585 ἀφ’
477 5512 670 5567 ἑαυτοῦ
703 5513 915 5566 διδόντα
977 5510 1011 5582 ἢ
1071 5508 1421 5579 λαμϐάνοντα
1466 5507 1569 5571 τὰς
1598 5509 1663 5578 τῇ
1695 5509 1790 5561 ἐκ.

204 5609 419 5677 κλησία
453 5604 875 5676 προσαγομένας
920 5600 1300 5671 καρποφορίας
1342 5597 1495 5667 παρὰ
1561 5598 1788 5667 γνώμην

203 5703 313 5755 τοῦ
344 5703 670 5762 ἐπισκόπου,
696 5696 730 5764 ἢ
760 5693 853 5748 τοῦ
881 5693 1194 5761 οἰκονόμου,
1230 5691 1323 5746 ἅτε
1350 5691 1478 5762 περὶ
1501 5689 1785 5759 ἐλαχίστου

202 5793 443 5852 τούτους
476 5789 785 5856 τιθέμενον,
824 5785 902 5856 τῷ
928 5783 1234 5851 άναθέματι
1263 5782 1605 5855 ἀνατίθησιν.

302 5882 363 5933 ὐ
392 5882 447 5934 δὲ
473 5881 568 5950 τῆς
618 5880 675 5932 ἐν
724 5875 1053 5948 Καρθαγένῃ
1081 5870 1159 5939 λζ’
1209 5874 1374 5945 μηδὲν
1405 5874 1567 5926 πλέον
1616 5871 1785 5944 ἄρτου

1888 3315 1969 3367 vel
2003 3314 2299 3381 legumina.
2370 3314 2502 3370 Eum
2564 3332 2714 3382 vero,
2761 3316 2855 3386 qui
2894 3328 3084 3371 contra
3139 3318 3254 3373 haec
3302 3318 3455 3384 facit,

1885 3406 2143 3461 clericum
2193 3408 2378 3461 statim
2423 3408 2666 3476 deponit.
2706 3406 2831 3463 Haec
2881 3409 3122 3477 quidem,
3189 3421 3450 3482 tanquam

1886 3496 2334 3562 tempestivorum
2404 3495 2684 3551 fructuum
2730 3497 3044 3567 primitias;
3101 3500 3155 3555 in
3212 3511 3455 3574 tempore

1884 3590 2194 3655 opportuno
2242 3586 2449 3652 oblata,
2501 3596 2747 3644 maturas
2797 3591 2922 3645 dico
2967 3607 3122 3659 uvas,
3175 3603 3229 3649 et
3287 3612 3453 3653 novas

1885 3679 2091 3747 spicas,
2139 3678 2265 3732 cibo
2309 3694 2505 3749 nempe
2560 3681 2754 3735 idonea
2805 3676 3099 3753 legumina,
3145 3695 3198 3739 et
3238 3701 3453 3742 onmem

1885 3770 2054 3823 alium
2108 3770 2347 3824 fructum
2404 3774 2801 3837 autumnalem,
2856 3774 3061 3829 donum
3105 3777 3359 3848 episcopo
3404 3793 3458 3836 et

1887 3861 2221 3930 presbyteris
2271 3863 2522 3926 mittere,
2560 3864 2625 3917 ad
2658 3865 2828 3921 altare
2869 3883 2998 3922 vero
3029 3870 3237 3923 nullum
3267 3886 3456 3926 eorum

1886 3950 2084 4005 offerre
2114 3953 2248 4006 vult.
2272 3952 2375 4018 Qui
2406 3963 2589 4008 autem
2621 3954 2711 4008 illa
2749 3958 3116 4025 susceperint,
3151 3961 3203 4012 in
3240 3961 3456 4016 domes-

1886 4042 2047 4096 tic-am
2075 4058 2230 4098 suam
2260 4044 2550 4099 utilitatem
2586 4046 2760 4101 solam
2792 4061 2899 4101 non
2928 4059 3165 4115 vertant,
3203 4051 3299 4107 sed
3332 4053 3453 4108 uui-

1886 4146 2045 4187 verso
2066 4132 2214 4187 clero
2248 4134 2605 4190 distribuant.

1961 4311 2265 4369 Vicesimus
2310 4322 2535 4369 octavus
2582 4320 2752 4370 sexta:
2814 4313 3008 4386 synodi
3054 4315 3308 4382 clericos,
3359 4320 3454 4387 qui

1888 4420 2024 4459 uvas
2051 4408 2118 4459 ad
2156 4406 2329 4459 altare
2368 4406 2584 4460 oblatas
2608 4405 2902 4472 recipiunt,
2937 4415 3137 4461 etcum
3174 4408 3457 4463 incruento

1888 4493 2186 4549 oblationis
2211 4494 2487 4549 sacrificio
2516 4494 2881 4565 conjungunt,
2912 4504 2966 4550 et
3010 4496 3084 4551 ita
3115 4498 3273 4552 simul
3307 4509 3453 4553 utra-

1893 4596 1999 4652 que
2050 4585 2253 4654 populo
2305 4585 2663 4650 distribuunt,
2720 4585 2978 4655 deponit;
3038 4591 3129 4643 sed
3182 4590 3453 4645 vivilicam

1891 4675 2113 4743 quidem
2176 4674 2524 4728 solummodo
2582 4675 2918 4730 oblationem
2986 4676 3050 4729 ad
3109 4690 3453 4744 peccatorum

1892 4766 2275 4820 remissionem
2332 4766 2660 4820 celebratam
2710 4766 2916 4836 populo
2947 4767 3228 4837 impertire
3267 4771 3455 4839 jubet;

1892 4856 2128 4911 seorsim
2160 4871 2291 4910 vero
2329 4872 2483 4922 uvas,
2514 4867 2575 4910 ut
2605 4857 2901 4927 primitias,
2932 4872 3056 4912 cum
3084 4860 3459 4919 benedictione

1889 4947 2241 5008 distribuere,
2289 4957 2347 5000 ut
2395 4948 2487 5016 qui
2538 4963 2602 4998 ex
2659 4947 2728 5001 iis
2771 4948 3104 5019 participant
3147 4966 3453 5008 annuorum

1892 5040 2170 5094 fructuum
2202 5039 2379 5093 datori
2410 5038 2617 5107 gratias
2659 5050 2846 5107 agant.
2888 5057 2985 5110 per
3033 5059 3174 5112 quos
3224 5061 3455 5114 corpota

1892 5143 2079 5187 nostra
2114 5131 2298 5185 divina
2349 5131 2636 5185 voluntate
2680 5131 2902 5186 aluntur
2945 5142 3002 5188 ct
3041 5146 3327 5205 augentur.
3354 5138 3455 5203 Qui

1891 5223 2078 5291 itaque
2124 5232 2318 5290 praeter
2362 5221 2476 5275 haec
2513 5222 2735 5276 decreta
2795 5221 2987 5277 fecerit
3032 5226 3262 5281 clericus
3289 5229 3458 5298 depo-

1889 5314 2061 5368 nitur.
2093 5301 2098 5307 ’

1964 5402 2120 5472 152
2162 5403 2439 5473 Septimus
2467 5416 2631 5473 porro
2660 5414 2715 5460 et
2738 5415 2968 5460 octavus
2996 5408 3188 5477 synodi
3222 5408 3274 5461 in
3313 5406 3456 5464 Gan-

1890 5513 1985 5568 gra
2035 5500 2189 5553 illum
2228 5500 2320 5569 qui
2360 5516 2456 5570 per
2488 5515 2548 5556 se
2569 5501 2665 5554 dat
2689 5502 2775 5556 vel
2802 5502 3000 5571 accipit
3043 5503 3255 5557 fructus
3282 5507 3459 5561 eccle-

1892 5590 1989 5643 siae
2046 5590 2283 5655 oblatos,
2334 5602 2531 5661 praeter
2578 5593 2824 5662 episcopi
2872 5594 2955 5646 vel
3001 5595 3273 5646 thonomi
3330 5610 3459 5650 sen-

1893 5682 2140 5745 tentiam,
2174 5686 2376 5755 quippe
2414 5685 2559 5753 quod
2597 5685 2721 5740 illos
2754 5686 2904 5754 parvi
2938 5684 3091 5748 facit,
3122 5684 3458 5741 anathemati

1893 5774 2142 5843 subjicit.

1959 5865 2412 5940 Cartliaginensis
2464 5867 2658 5938 synodi
2689 5868 2756 5923 37
2809 5867 2943 5923 nihil
3013 5876 3206 5938 praeter
3259 5883 3455 5937 panem
