3918 6558
214 358 331 425 1377

1224 357 1627 419 SYNTAGMA
1661 357 2276 419 ALPHABETICUM.
2337 381 2394 394 ·-
2434 357 2504 416 Κ.

3316 356 3450 422 1:78

206 470 457 539 ἑτοίμους
520 468 610 520 ἀεί
657 467 865 530 πάντας
922 468 1239 539 βουλόμενοι
1273 467 1413 522 εἶναι
1449 470 1543 521 καὶ
1590 467 1771 534 ἀξίους

1881 482 2074 531 nones,
2121 476 2457 536 pra‘paratos
2510 482 2725 536 Semper
2764 485 2955 524 onmes
3019 480 3072 526 et
3136 473 3446 530 divinorum

200 569 291 634 τῆς
312 565 422 619 τῶν
445 566 608 617 θείων
638 564 927 629 κοινωνίας
958 566 1339 634 ἁγιασμάτων,
1372 566 1694 630 ἐπίσκοπον,
1726 566 1762 637 ἢ

200 653 595 727 πρεσϐύτερον,
629 654 663 727 ἢ
700 656 970 721 διάκονον,
1012 658 1111 725 τῆς
1141 658 1295 727 ἱερᾶς
1335 657 1444 708 τῶν
1471 656 1629 708 θείων
1665 672 1764 721 μυ-

202 751 442 819 στηρίων
474 749 821 816 λειτουργίας
848 750 1321 817 προσφερομένης,
1349 748 1458 799 τῶν
1487 745 1649 814 άγιασ
1661 747 1767 815 μά-

199 861 303 897 των
336 845 449 905 τοῖς
479 842 657 903 ἄλλοις
684 841 759 912 μὴ
791 841 1223 910 κοινωνήσαντα,
1252 840 1351 910 τὴν
1376 838 1553 893 αίτίαν
1581 838 1772 891 κελεύη

199 952 348 988 ουσιν
383 934 649 985 ἀνειπεῖν·
690 934 783 985 καὶ
830 932 879 985 εί
931 931 1029 999 μὲν
1082 931 1440 1000 εὐπρόσωπος
1489 932 1598 999 είη,
1638 946 1771 997 συγ-

197 1024 417 1094 γνώμης
446 1025 759 1093 τυγχάνειν,
789 1026 837 1076 εί
857 1023 1025 1086 δὀὖν,
1050 1022 1427 1090 ἀφορίζεσθαι.
1454 1023 1638 1089 Λαόὴν
1658 1023 1768 1091 γὰρ

198 1116 497 1169 σκανδάλου
538 1118 630 1168 καὶ
688 1114 943 1176 ὑπονοίας
978 1115 1163 1168 δίδωσι
1216 1113 1294 1184 τῷ
1333 1114 1450 1182 λαῷ
1485 1114 1630 1166 κατὰ
1672 1112 1766 1166 τοῦ

197 1205 659 1274 προσενεγκόντος
684 1204 785 1273 τὴν
813 1203 1154 1273 ἀναίμακτον
1189 1202 1380 1255 θυσίαν
1420 1203 1631 1272 ἱερέως,
1681 1198 1770 1255 οίά

193 1313 245 1348 τι
294 1294 555 1355 συνειδὼς
593 1295 744 1362 αύτῷ
794 1294 1023 1364 κώλυμα
1073 1293 1212 1363 πρὸς
1264 1295 1362 1361 τὴν
1430 1295 1767 1362 ἱερουργίαν.

206 1383 371 1439 Ἀλλὰ
404 1386 647 1449 καὶτοὺς
673 1386 940 1449 εἰσιόντας
969 1384 1062 1439 τοῦ
1096 1384 1225 1437 λαοῦ
1258 1386 1503 1451 πιστοὺς,
1544 1384 1771 1438 καὶτῶν

197 1480 368 1547 ἁγίων
418 1479 653 1548 Γραφῶν
684 1478 1009 1542 ἀκούοντας,
1044 1479 1137 1531 καὶ
1168 1477 1243 1548 μὴ
1273 1481 1336 1546 τῇ
1368 1480 1644 1547 προσευχῇ
1676 1476 1772 1529 καὶ

194 1574 260 1641 τῇ
309 1571 442 1641 ἁγίᾳ
475 1570 891 1641 παραμένοντας
920 1569 1258 1642 μεταλήψει,
1299 1566 1660 1640 ἀφορίζεσθαι
1696 1570 1773 1635 ὡς

195 1662 492 1722 ἀτάκτους.

271 1798 494 1868 Συνῳδὲ
526 1796 699 1866 τούτῳ
736 1797 829 1848 καὶ
863 1798 890 1848 ὁ
924 1797 1024 1863 τῆς
1078 1798 1135 1849 ὲν
1175 1798 1484 1870 Ἀντιοχείᾳ
1522 1798 1565 1870 β’
1596 1799 1767 1871 διορί-

1874 559 2258 629 mysteriorum
2321 558 2952 627 participationedignos
3000 578 3123 616 esse
3181 566 3448 628 volentes,

1872 648 2214 716 episcopum,
2256 648 2339 702 vel
2384 651 2785 719 presbyterum,
2815 652 2897 705 vel
2947 652 3257 716 diaconum.
3290 672 3447 711 sacra

1873 734 2192 788 divinorum
2256 737 2641 805 mysteriorum
2679 738 2948 793 oblatione
3013 742 3304 806 celebrata,
3354 747 3449 815 qui

1872 840 2215 879 sacramenta
2262 827 2385 881 aliis
2445 843 2550 882 non
2625 830 3017 896 communicat,
3087 850 3308 889 causam
3367 839 3452 889 di-

1872 931 1995 971 cere
2016 917 2206 980 jubent
2236 935 2251 975 :
2285 926 2405 988 tina:
2428 919 2472 973 si
2498 914 2839 975 rationabilis
2866 922 3045 987 fuerit,
3079 925 3291 978 vettia‘n
3315 942 3450 982 con-

1873 1016 2199 1075 seqbantur,
2250 1007 2334 1063 sin
2375 1009 2578 1072 minus,
2613 1026 2987 1081 segregentur.
3026 1011 3275 1083 Scandali
3302 1017 3447 1068 enim

1872 1107 1924 1151 et
1949 1098 2281 1166 suspicionis
2330 1100 2592 1154 adversus
2645 1102 3007 1166 sacerdotem,
3035 1106 3126 1172 qui
3182 1106 3449 1159 saeriticia

1871 1190 2067 1242 obtulit
2092 1190 2370 1244 incruenta
2395 1193 2612 1260 pepulo.
2635 1192 2721 1245 dat
2748 1196 3263 1261 apprehensionem,
3290 1197 3451 1266 quip-

1873 1294 1937 1346 pe
1965 1280 2234 1351 ίῐυί
2284 1281 2732 1350 impedimentum
2785 1280 3002 1354 aliquod
3035 1287 3081 1339 Ci
3106 1288 3272 1342 sciret
3303 1289 3451 1342 ittt‘s-'

1872 1388 1931 1426 se
1975 1374 2040 1427 ad
2067 1374 2421 1430 sacriﬁcium.
2458 1371 2563 1429 Sed
2593 1390 2778 1432 omnis
2810 1378 2992 1446 populi
3017 1379 3219 1446 lideles,
3246 1383 3333 1449 qui
3366 1383 3452 1435 iu-

1874 1463 2201 1532 grediuntur
2248 1476 2299 1517 et
2326 1480 2513 1519 sat-ras
2543 1466 2855 1528 Scripturas
2889 1468 3137 1533 audiunt,
3174 1472 3225 1524 in
3260 1489 3450 1541 proca-

1875 1556 2024 1609 tione
2063 1566 2246 1609 autem
2277 1564 2326 1608 cl
2365 1570 2519 1609 sacra
2556 1571 2655 1608 con
2681 1558 2940 1611 munione
2979 1575 3083 1612 non
3107 1575 3447 1629 permanent,

1875 1656 2135 1716 tanquam
2186 1646 2481 1701 inordinati
2517 1648 2938 1717 participatione
2973 1653 3358 1709 excludantur.

1945 1780 2082 1837 lluic
2113 1797 2355 1836 consona
2423 1782 2666 1837 decernit
2730 1786 2892 1839 etiam
2947 1789 3223 1843 secundus
3263 1793 3452 1846 Antio-

196 1889 373 1952 ζεται.
398 1862 410 1868 ἰ
437 1890 647 1950 Πάντας
670 1862 782 1956 γὰρ
824 1889 950 1951 τοὺς
988 1862 1265 1953 εἰσιόντας
1308 1862 1393 1954 είς
1571 1862 1767 1963 ἐκκλη-

1877 1874 2059 1929 cliena:
2118 1874 2333 1944 synodi.
2414 1873 2618 1932 Omnes
2662 1877 2807 1930 enim
2870 1879 2961 1946 qui
3027 1880 3079 1934 in
3160 1882 3448 1937 ecclesiam

198 1984 343 2042 σίαν,
374 1984 468 2033 καὶ
505 1979 613 2032 τῶν
648 1980 809 2050 ἱερῶν
849 1979 1083 2049 Γραφῶν
1111 1981 1424 2046 έπαϊοντας,
1469 1982 1543 2053 μὴ
1576 1999 1771 2035 κοινω-

195 2069 426 2133 νοῦντας
476 2070 532 2123 δὲ
586 2071 686 2141 τῆς
736 2072 900 2141 εύχῆς
957 2072 1075 2140 ἅμα
1112 2074 1186 2143 τῷ
1215 2073 1351 2144 λαῷ,
1400 2076 1434 2145 ἢ
1477 2075 1575 2145 τὴν
1610 2075 1771 2144 ἁγίαν

197 2161 506 2231 μετάληψιν
556 2166 654 2232 τῆς
712 2162 1080 2233 Εὐχαριστίας
1130 2166 1666 2235 ἀποστρεφομένους,
1712 2167 1772 2231 ἐξ

192 2253 484 2314 αὐθαδείας
522 2253 674 2317 ἴσως,
708 2253 741 2323 ἢ
776 2252 1022 2317 ἀταξίας,
1055 2254 1088 2325 ἢ
1119 2257 1594 2326 περιφρονήσεως,
1627 2258 1771 2311 ἁπο-

195 2346 428 2416 6λήτους
482 2347 579 2414 τῆς
630 2346 931 2415 ἐκκλησίας
988 2347 1240 2414 γίνεσθαι
1315 2346 1494 2415 ἀξιοῖ,
1546 2348 1653 2413 ἕως
1704 2348 1772 2403 ἂν

196 2437 449 2505 καρποὺς
484 2438 773 2507 μετανοίας
799 2437 867 2489 δι’
892 2437 1343 2508 ἑξομολογήσεως
1370 2440 1770 2508 ἐπιδειξάμενοι

196 2528 532 2599 συγγνώμης
562 2531 791 2597 τύχωσι.
828 2528 967 2581 Φασὶ
1006 2529 1064 2582 δέ
1093 2547 1239 2593 τινες
1271 2530 1399 2601 περὶ
1429 2530 1539 2582 τῶν
1573 2532 1774 2602 ἱερατι-

196 2623 312 2676 κῶν
356 2622 465 2674 τῶν
510 2623 568 2674 ιν
617 2621 694 2689 τῷ
728 2620 936 2691 βήματι
978 2621 1282 2689 τηνικαῦτα
1341 2622 1772 2691 ἱερουργούντων

193 2716 327 2778 τοὺς
358 2715 589 2776 κανόνας
619 2713 794 2767 ταῦτα
820 2713 1155 2782 νομοθετεῖν,
1197 2715 1292 2767 καὶ
1343 2715 1526 2784 μέντοι
1566 2714 1772 2767 λαῖκῶν

196 2808 307 2860 τῶν
352 2806 428 2877 μὴ
458 2807 863 2876 περιμενόντων
896 2806 1057 2875 ἄχρις
1091 2806 1158 2859 ἂν
1202 2808 1234 2876 ἡ
1291 2806 1600 2881 μετάληψις
1634 2807 1772 2877 πρὸς

191 2899 306 2954 τῶν
322 2898 490 2963 ἀξίων
510 2899 756 2967 γένηται.
792 2898 1060 2967 Ἐπαχθὲς
1086 2898 1194 2969 γὰρ
1226 2899 1431 2968 σφόδρα
1462 2900 1554 2952 καὶ
1576 2899 1771 2969 βίαιον,

194 2992 611 3059 ἀναγκάζεσθαι
659 2990 869 3052 πάντας
922 2990 1161 3060 ἑκάστης
1219 2990 1686 3059 μεταλαμϐάνειν,
1737 2988 1770 3059 ἢ

194 3083 581 3156 ἀφορίζεσθαι.
614 3083 739 3145 Πῶς
771 3082 878 3151 γὰρ
922 3076 1035 3135 οἷόν
1078 3099 1138 3136 τε
1183 3082 1276 3134 τὸν
1323 3083 1382 3134 έν
1422 3083 1573 3152 μέσῳ
1612 3098 1773 3150 σστρεο

1872 1966 2254 2035 ingrediuntur
2299 1976 2354 2022 et
2395 1983 2581 2023 sacras
2608 1968 2921 2039 Scripturas
2956 1975 3207 2040 audiunt,
3241 1979 3454 2032 oranda

1870 2069 2051 2114 autem
2094 2075 2200 2114 una
2241 2078 2363 2115 cum
2423 2064 2626 2131 papula
2687 2079 2793 2118 non
2856 2069 3302 2135 communicant,
3366 2074 3449 2124 Vel

1871 2162 2116 2206 sanctam
2168 2152 2527 2208 Eucliaristiaz
2569 2156 3044 2224 participationem
3097 2171 3445 2223 aversantur.

1871 2260 1938 2298 ex
2002 2246 2311 2315 arrogantia
2364 2247 2594 2311 scilicet,
2630 2248 2714 2301 vel
2752 2251 3137 2318 perversitate.
3181 2254 3262 2306 νιιι
3314 2270 3448 2307 con-

1875 2346 2104 2406 tempto,
2138 2338 2208 2392 ab
2259 2338 2490 2394 ecclesia
2526 2341 2722 2407 expelli
2768 2342 2980 2410 justum
3012 2329 3243 2411 jndicai,
3277 2346 3449 2399 donec

1874 2429 2209 2497 paenitentia:
2262 2429 2477 2485 fructus
2524 2433 2878 2486 ostendentes
2920 2449 3019 2502 per
3047 2437 3445 2491 confessionem

1873 2521 2086 2574 veniam
2120 2531 2555 2590 consequantur.
2626 2523 2824 2578 Dicunt
2864 2521 2994 2579 vero
3038 2528 3301 2595 quidam,
3353 2545 3446 2583 ca-

1873 2628 2044 2668 nones
2102 2615 2238 2668 istos
2267 2615 2336 2668 de
2365 2615 2768 2681 sacerdotibus,
2822 2619 2917 2687 qui
2950 2628 3081 2673 tunc
3124 2635 3278 2673 sacra
3328 2635 3450 2690 pcr-

1873 2708 2105 2774 agebant
2162 2707 2273 2761 haec
2309 2707 2596 2774 ordinare,
2653 2720 2711 2763 ut
2753 2720 2808 2762 et
2848 2710 2917 2764 de
2961 2711 3148 2774 laicis.
3192 2713 3284 2780 qui
3339 2730 3445 2766 tton

1872 2799 2314 2867 perseverabant,
2376 2800 2551 2855 donec
2575 2802 2982 2857 communionis
3032 2804 3450 2872 participatione

1873 2890 2020 2957 digni
2055 2890 2266 2944 lierenl.
2294 2889 2469 2945 Grave
2491 2893 2692 2946 etenim
2729 2894 3024 2947 admodum
3049 2906 3129 2948 est
3158 2903 3212 2948 et
3245 2895 3453 2949 violen-s

1876 2989 1985 3034 tum
2010 2981 2339 3050 compellere
2368 2996 2560 3036 omnes
2580 2983 2870 3051 cujuslibet
2892 2986 3295 3040 communionis
3315 3002 3447 3057 par-

1876 3074 2066 3143 ticipes
2111 3073 2225 3129 fieri
2265 3075 2342 3128 vel
2395 3076 2694 3146 segregari.
2754 3077 3039 3142 Quomodo
3111 3078 3259 3132 enim
3331 3080 3444 3133 fieri

195 3179 456 3247 φάμενον,
496 3178 726 3239 καὶτοῖς
757 3175 849 3228 τοῦ
885 3176 1093 3241 κόσμου
1140 3173 1432 3244 πράγμασι
1470 3173 1769 3243 μολυνόμε-

1877 3175 2072 3237 potest,
2135 3176 2194 3221 ut
2247 3169 2339 3236 qui
2387 3168 2439 3221 in
2496 3168 2675 3222 medio
2710 3178 2960 3225 versatus
2997 3180 3102 3233 est,
3157 3182 3214 3225 et
3266 3187 3444 3225 saecu-

194 3284 310 3331 νον,
346 3265 587 3337 καθαρὸν
615 3267 677 3317 τὸ
711 3266 810 3331 τῆς
855 3262 1035 3334 ψυχῆς
1070 3263 1278 3333 δοχεῖον
1324 3264 1590 3332 παρέχειν
1637 3262 1770 3316 ἐκά-

194 3376 367 3413 στοτε
420 3359 557 3428 πρὸς
590 3359 689 3426 τὴν
719 3356 812 3410 τοῦ
844 3355 1223 3425 πνευματικοῦ
1255 3355 1429 3424 μύρου
1458 3354 1771 3424 άποδοχήνς

206 3449 525 3518 ’ἀγαπητὸν
569 3448 699 3519 γὰρ,
735 3449 784 3501 εί
826 3448 1000 3501 πάντα
1026 3448 1073 3500 τ’
1120 3447 1256 3500 ἄλλα
1296 3446 1538 3517 παριδών
1564 3463 1650 3510 τις
1680 3446 1775 3499 καὶ⁴

195 3543 391 3612 πόρρω
426 3539 670 3608 θέμενος,
707 3538 802 3592 καὶ
851 3539 949 3591 ἕνα
996 3537 1191 3591 τοῦτον
1244 3539 1449 3591 σκοπὸν
1500 3537 1774 3608 συστησά-

197 3641 387 3702 μενος,
424 3632 667 3702 μηδεμιᾷ⁸
699 3632 742 3684 δ’
780 3632 944 3701 ἑτέρα
977 3633 1215 3702 κακίστη
1238 3630 1537 3693 δουλεύσας
1584 3629 1775 3684 ἐπιθυ-

196 3725 325 3796 μίᾳ,
350 3719 471 3777 εἶτα
490 3721 727 3783 δύναιτο,
743 3724 839 3775 σὺν
863 3720 982 3790 Θεῷ
1005 3720 1403 3790 βοηθῷ,τούτου
1425 3722 1771 3789 κατατυχεῖν.

207 3817 355 3871 Ἀλλ’
384 3815 561 3884 ἔγωγε
589 3810 769 3884 οἶμαι.
799 3816 911 3875 τοῖς
943 3814 1111 3867 πάλαι
1133 3815 1344 3875 πιστοῖς
1374 3814 1472 3882 ούχ
1492 3808 1656 3883 ἦττον
1678 3812 1773 3864 τοῦ

196 3907 483 3961 πιστεύειν
532 3906 710 3977 ὀρθῶς
757 3906 816 3959 τὸ
870 3905 1061 3976 βιῶναι
1129 3905 1307 3971 ὀρθῶς
1366 3903 1769 3966 ἐσπουδάζετοι

194 4001 397 4069 τοιγάρ
420 4017 504 4052 τοι
539 3999 637 4053 καὶ
674 3998 849 4051 πολλὰ
884 3996 994 4051 τῶν
1042 3996 1350 4068 τηνικαῦτα
1392 3997 1504 4059 τοῖς
1552 3994 1774 4047 κανόσιν

198 4093 629 4161 ἐκφωνηθέντων
694 4092 899 4159 ἑτέρως
948 4090 981 4161 ἢ
1044 4088 1209 4142 τανῦν
1266 4087 1771 4158 ἔχονταίφαίνεται.

196 4182 359 4237 Οὕτω
393 4183 447 4234 δὲ
476 4182 623 4252 ἡμᾶς
664 4180 726 4231 τὸ
773 4179 1122 4250 ἠμελημένον
1174 4180 1265 4232 καὶ
1300 4176 1491 4231 σκαιὸν
1523 4174 1617 4227 τοῦ
1656 4176 1772 4243 βίου

195 4275 479 4342 διέθηκεν,
508 4272 583 4336 ὡς
617 4273 751 4341 μηδὲ
782 4270 1059 4324 πιστεύειν
1092 4270 1144 4322 εί
1178 4270 1312 4322 ποτέ
1339 4286 1484 4331 τινες
1508 4270 1589 4330 είς
1625 4264 1774 4319 τοῦθ’

194 4362 335 4437 ἧκον
367 4364 569 4435 ἀρετῆς
595 4364 702 4416 τῶν
729 4366 962 4416 πιστῶν.
999 4363 1217 4429 ’Λμέλει
1241 4360 1336 4414 καὶ
1360 4360 1514 4428 παρὰ
1542 4358 1770 4425 ταύτην,

196 4452 377 4524 οἶμαι,
404 4454 504 4522 τὴν
531 4451 764 4521 ἀπειλὴν
796 4451 904 4503 τῶν
952 4452 1112 4503 θείων
1166 4451 1407 4503 κανόνων
1474 4449 1509 4517 ἡ
1556 4445 1651 4498 τοῦ
1679 4450 1773 4498 ἁν-

1877 3257 2084 3312 laribus
2161 3259 2571 3313 contaminatus
2650 3262 2906 3328 negotiis,
2976 3274 3171 3332 purutn
3230 3276 3449 3333 semper

1876 3347 2301 3401 liabeatanima:
2370 3349 2776 3416 receptaculum
2849 3349 2918 3403 ad
2976 3350 3280 3419 spiritualis
3342 3366 3446 3403 un-

1877 3438 2062 3506 guenti
2094 3437 2496 3506 receptionem?
2523 3438 2816 3494 Pulchrum
2837 3450 3019 3495 autem
3049 3442 3209 3501 foret.
3247 3441 3293 3496 si
3323 3444 3448 3511 quis

1874 3529 2057 3583 Omnia
2112 3529 2218 3582 alia
2291 3531 2587 3599 negligeret
2637 3541 2728 3608 'et
2782 3533 2970 3598 procul
3010 3540 3334 3596 ‘amoveret,
3385 3550 3449 3586 ac

1876 3621 2021 3675 hunc
2052 3637 2218 3674 unum
2257 3636 2484 3689 scopum
2536 3622 2638 3675 sibi
2677 3633 3027 3692 proponeret,
3104 3634 3158 3679 et
3193 3626 3322 3678 nulli
3355 3627 3447 3676 alii

1877 3715 2082 3782 iniqua:
2128 3715 2417 3769 inserviret
2452 3716 2758 3783 cupiditati,
2815 3723 2870 3768 ut
2927 3724 3130 3784 posset,
3190 3715 3300 3771 Deo
3350 3733 3452 3771 aii—-

1876 3804 2066 3858 xilium
2099 3804 2396 3872 praebente.
2427 3804 2561 3856 illud
2592 3804 2873 3871 consequi.
2916 3806 3025 3876 ligo
3063 3807 3285 3876 quidem
3335 3810 3451 3861 evi-

1873 3896 2059 3955 stimo,
2113 3893 2257 3962 quod
2291 3892 2476 3947 ﬁdeles
2510 3894 2638 3948 olim
2669 3909 2775 3947 non
2812 3896 2994 3951 minus
3027 3908 3171 3951 recte
3222 3895 3449 3950 credme

1875 3999 2037 4052 quam
2101 3993 2250 4038 recte
2312 3984 2492 4040 vivere
2569 3985 2862 4040 studebant
2917 4006 2930 4039 :
2981 4001 3104 4040 nam
3200 4001 3445 4056 apparet,

1874 4092 2036 4146 quam
2070 4076 2324 4145 plurima,
2356 4091 2478 4146 qua:
2509 4085 2639 4130 tunc
2667 4077 2970 4132 caminibus
3021 4078 3167 4132 edita
3203 4077 3441 4137 luerunt.

1875 4166 2032 4220 aliter
2067 4182 2126 4222 se
2164 4166 2389 4233 habere,
2439 4182 2602 4237 quam
2640 4183 2806 4221 nunc.
2848 4167 2965 4222 Vita
3039 4176 3222 4223 autem
3276 4171 3448 4237 negli-

1874 4273 2005 4327 gens
2033 4266 2088 4312 et
2112 4258 2304 4313 stolida
2341 4258 2414 4312 ita
2444 4273 2542 4314 nos
2565 4258 2852 4327 disposuit,
2882 4267 2939 4311 ut
2968 4273 3143 4328 neque
3162 4261 3395 4315 credam:
3420 4276 3448 4316 ε

1873 4353 2090 4421 aliquos
2126 4351 2310 4406 ﬁdeles
2348 4351 2419 4405 ad
2447 4360 2655 4404 tantum
2691 4352 2907 4405 virtutis
2960 4365 3204 4420 unquam
3258 4368 3448 4420 perve-

1874 4445 2043 4499 nisse.
2072 4443 2143 4497 At
2192 4453 2389 4513 praeter
2431 4444 2532 4497 has
2565 4442 2880 4498 divinorum
2935 4458 3209 4497 canonum
3265 4444 3446 4498 minus

196 4546 430 4616 τιδὼρου
460 4545 730 4614 ἐπενοήθη
759 4545 1016 4614 διανομὴ,
1045 4543 1188 4596 ὥστε
1220 4546 1400 4597 πᾶσαν
1430 4538 1574 4596 εἶναι
1605 4541 1770 4610 ἀνάγ-

1877 4535 2127 4589 existimo
2172 4534 2408 4588 autidori
2463 4533 2903 4588 distributionem
2962 4533 3201 4588 habitam
3230 4534 3445 4602 fuisse;

196 4654 306 4706 κην
325 4635 545 4698 καὶτοῖς
570 4637 646 4705 μὴ
675 4636 992 4704 δυναμένοις
1016 4634 1125 4688 τῶν
1148 4635 1431 4699 ζωοποιῶν
1457 4632 1773 4702 μυστηρίων

201 4726 459 4797 μετέχειν
512 4728 843 4797 προσμένειν
878 4730 940 4779 τὸ
1002 4726 1155 4788 τέλος
1209 4726 1311 4796 τῆς
1364 4724 1514 4787 θείας
1572 4725 1775 4793 ἱεροτε-

197 4818 445 4883 λεστίας,
464 4818 538 4881 ὡς
568 4818 637 4872 ἂν
668 4820 732 4870 ἐκ
761 4819 948 4888 χειρὸς
972 4815 1070 4869 τοῦ
1110 4817 1300 4886 ἱερέως
1331 4816 1465 4885 πρὸς
1501 4812 1775 4883 ἁγιασμόν

198 4908 342 4963 αὐτὸ
385 4908 624 4961 λάϐοιεν.
656 4907 818 4978 Ζήτει
848 4907 945 4959 καὶ
976 4907 1034 4958 ὲν
1063 4906 1142 4976 τῷ
1167 4903 1210 4970 ζ’
1242 4922 1369 4975 κεφ.
1405 4904 1500 4958 τοῦ
1538 4905 1584 4958 Π
1631 4921 1777 4958 στοι-

198 5004 355 5075 χείου
391 5003 590 5057 κανόνα
625 5003 716 5068 ἐτ’
745 5003 843 5072 τῆς
877 5001 933 5065 ς’
966 5001 1209 5055 συνόδου.

289 5212 348 5276 Ὅ
397 5222 453 5275 δὲ
496 5221 549 5274 π’
595 5221 803 5292 ταύτης
876 5222 1004 5285 τοὺς
1052 5223 1110 5274 έν
1160 5223 1226 5292 τῇ
1283 5222 1437 5274 πόλει
1490 5220 1774 5287 διάγοντας

201 5316 540 5385 ἐπισκόπους
571 5315 665 5366 καὶ
698 5313 1127 5384 πρεσϐυτέρους,
1157 5315 1251 5368 καὶ
1281 5315 1360 5376 είς
1382 5314 1532 5383 τρεῖς
1565 5312 1774 5380 Κυρια-

203 5407 313 5469 κὰς
367 5407 426 5457 ὲν
506 5404 689 5472 τρισὶν
745 5404 1005 5473 έδδομάσι
1074 5403 1175 5473 τῆς
1240 5402 1420 5455 αὐτῶν
1476 5400 1774 5471 ἐκκλησίας

205 5496 642 5564 ἀπολειφθέντας
681 5494 905 5566 βαρείας
935 5494 1068 5548 ἄνευ
1122 5493 1392 5561 ἀνάγκης,
1445 5492 1526 5544 ἔτι
1576 5491 1630 5543 δὲ
1682 5492 1776 5544 καὶ

201 5588 335 5649 τοὺς
361 5587 437 5656 μὴ
471 5589 902 5655 συνερχομένους
927 5588 1041 5648 τοῖς
1076 5587 1287 5648 πιστοῖς
1316 5584 1539 5645 λαῖκοὺς
1566 5584 1647 5645 είς
1673 5582 1776 5651 τὴν

204 5679 523 5749 δκκλησίαν,
567 5679 803 5732 καὶτῶν
862 5677 1039 5748 εὐχῶν
1069 5677 1144 5750 μὴ
1189 5676 1607 5739 κοινωνοῦντας,
1656 5676 1774 5728 ἀλλ’

207 5772 292 5836 είς
321 5772 469 5842 τρεῖς
503 5770 787 5841 Κυριακὰς
812 5768 910 5824 καὶ
932 5770 1130 5834 αὐτοὺς
1170 5767 1583 5839 ύστερίσαντας,
1624 5768 1772 5821 ὲκεί-

1881 4635 1938 4679 υι
1966 4624 2193 4678 omnino
2229 4639 2453 4679 necesse
2483 4623 2646 4678 fuerit
2674 4625 2745 4679 iis
2792 4623 2886 4694 qui
2940 4625 3277 4679 viviﬁcorum
3325 4642 3445 4696 my-

1877 4717 2168 4772 steriorum
2228 4717 2517 4786 participes
2564 4731 2687 4771 esse
2729 4732 2838 4771 non
2898 4720 3197 4786 potuerint,
3244 4718 3310 4771 ad
3366 4719 3448 4770 di-

1878 4812 1986 4864 vini
2042 4809 2303 4864 sacriﬁcii
2365 4810 2525 4861 linem
2563 4823 2786 4862 manere
2813 4847 2830 4872 ,
2865 4818 2926 4862 ut
2956 4823 3024 4862 ex
3057 4824 3221 4862 manu
3261 4823 3448 4863 sacer-

1876 4902 2020 4957 dotis
2091 4902 2224 4955 illud
2267 4901 2334 4954 ad
2394 4899 2878 4954 sanetillcatiouem
2949 4900 3277 4969 acciperent.
3310 4899 3447 4956 Vide

1877 5005 1933 5051 et
1964 4995 2015 5048 in
2046 4994 2279 5064 septimo
2307 4992 2487 5061 capite
2520 4992 2716 5046 litterze
2781 4992 2826 5043 Π
2856 5006 3126 5049 canonetn
3173 4992 3242 5048 66
3278 5008 3331 5048 vi
3357 5009 3447 5064 sy-

1879 5088 2033 5143 nodi.

1948 5226 2322 5291 Octogesimus
2351 5238 2482 5279 vero
2540 5224 2797 5295 ejusdem.
2825 5224 3113 5295 episeOpos
3142 5222 3197 5277 in
3228 5222 3447 5278 civitate

1878 5318 2158 5387 degentes,
2208 5315 2677 5386 etpresbyteros.
2709 5315 2756 5369 si
2805 5315 2979 5371 tribus
3026 5318 3217 5371 diebus
3261 5315 3447 5369 Domi-

1879 5410 2016 5464 uicis
2055 5409 2108 5462 in
2156 5408 2331 5462 tribus
2382 5406 2703 5476 septimanis
2755 5406 2825 5460 ab
2851 5407 3080 5461 ecclesia
3130 5422 3226 5462 sua
3261 5406 3449 5460 ablue--

1879 5502 1989 5554 rint
2041 5498 2247 5569 absque
2287 5498 2439 5569 gravi
2507 5499 2878 5564 necessitate;
2926 5513 3085 5568 porro
3136 5506 3192 5553 et
3253 5498 3445 5561 laicus,

1877 5592 2058 5661 quiin
2138 5590 2425 5645 ecclesiam
2474 5604 2598 5643 cum
2680 5589 2932 5643 ﬁdelibus
3022 5604 3133 5666 non
3181 5604 3450 5643 convene-

1880 5683 2008 5745 rint,
2063 5689 2117 5734 et
2199 5679 2451 5749 precibus
2524 5694 2632 5733 non
2713 5678 3282 5745 communicavcrint;
3351 5681 3446 5732 sed

1883 5772 2287 5849 tribusdiebus
2327 5771 2630 5825 Dominicis
2691 5760 2987 5825 defecerint
3018 5786 3035 5838 ;
3067 5770 3191 5826 illos
3225 5770 3473 5841 quidem,
