3918 6564
499 394 630 458 i3'Il
1682 398 2042 458 ΜᾹΤΤΙΙᾹΞΙ

2152 403 2508 464 LAS'I‘AIIIS
3614 420 3710 482 133;)

500 507 735 573 deponit.
771 508 870 563 hos
903 523 1029 562 vero
1047 518 1318 579 segregat.
1343 510 1646 565 Consttleet
1667 513 1718 565 in
1737 530 1881 567 nono
1904 516 2042 583 capit

2184 538 2305 583 vou;
2335 523 2433 590 μὲν
2467 524 2737 593 καθαιρεῖ,
2789 527 3009 590 τούτους
3038 530 3097 584 δὲ
3128 531 3410 600 ἀφορίζει.
3470 534 3627 603 Ζήτει
3650 544 3717 592 tu“.

500 599 691 652 littera:
737 601 776 651 Α
823 615 1063 655 canones
1114 598 1462 658 Sardieensis
1518 604 1712 672 synodi
1769 606 1825 657 ll
1880 617 1933 661 et
1983 608 2069 660 l2.

2178 611 2234 662 ἐν
2260 610 2337 680 τῷ
2364 613 2407 664 0'
2433 630 2559 679 κεφ.
2587 614 2680 667 τοῦ
2713 616 2755 667 A
2804 618 3069 687 στοιχείου
3112 623 3347 687 κανόνας
3388 625 3493 695 τῆς
3531 629 3587 679 ὲν
3616 630 3720 701 Σιρ-

2174 699 2296 771 δικῇ
2340 704 2562 755 συνόδου
2601 702 2671 756 ια’
2707 709 2799 759 καὶ
2832 706 2918 775 ιβ’.

495 794 648 852 CAP.
685 796 872 852 XXVI.
906 798 1059 894 Qu‘od
1101 818 1201 855 non
1240 813 1437 883 oportet
1461 804 1693 894 jamjajm
1743 817 2042 862 mortuorum

2172 814 2425 868 ΚΕΦΔΛ.
2460 817 2605 894 ιςεῖν.
2640 817 2769 894 Ὅτι
2793 819 2986 894 ορᾲδεῖ
3003 825 3327 876 κοινωνίαν
3361 825 3601 879 διδόναι
3628 830 3724 894 τοῖς

776 872 1075 937 corporibus
1134 872 1556 926 communionem
1618 875 1768 929 dare.

565 956 945 1026 (lelegesimns
981 976 1106 1013 Vero
1152 971 1319 1015 sextae
1361 963 1550 1032 synodi
1598 978 1773 1017 canon
1846 974 1904 1019 ut
1940 982 2065 1020 eor-

491 1042 716 1113 borihus
739 1047 964 1118 famjam
1017 1060 1358 1106 mortuorum
1426 1052 1771 1109 Eucharistia
1819 1071 2066 1111 commu-

495 1139 708 1191 nicetnr
771 1139 1064 1194 interdicit.
1122 1141 1399 1212 Scriptum
1466 1145 1611 1199 enim
1669 1158 1797 1211 est,
1847 1147 2060 1216 inquit,

497 1248 515 1280 ι
554 1231 839 1300 Accipite,
895 1234 1183 1288 coniedite.
1238 1254 1257 1287 ι
1328 1235 1538 1291 Mortua
1593 1246 1773 1291 autem
1834 1254 2063 1308 corpora

489 1338 667 1391 neque
748 1324 997 1394 accipere
1058 1341 1233 1396 neque
1290 1330 1579 1384 comedere
1631 1338 1880 1398 possunt.
1925 1329 2061 1386 Vide

487 1425 540 1467 et
606 1416 658 1469 in
714 1417 946 1487 Ieapite
999 1417 1193 1475 litterae
1265 1418 1307 1473 B
1354 1435 1618 1477 canonem
1669 1422 1736 1476 18
1774 1420 2057 1495 Carthagi-

489 1506 673 1559 nensis
702 1508 919 1576 synodi.

487 1616 640 1695 CAP.
667 1617 879 1672 XXVII.
936 1620 1088 1683 Quod
1142 1636 1243 1677 non
1280 1634 1483 1692 oportet
1528 1643 1647 1681 eum
1678 1632 1768 1695 qui
1822 1647 2056 1686 coeamu-

555 1689 833 1810 ;iicbaturus
878 1700 1000 1753 est,
1047 1707 1168 1745 cum
1238 1689 1405 1749 uxore
1463 1713 1561 1751 sua
1622 1689 2052 1757 consuetudinem

571 1775 622 1810 ia
659 1774 764 1810 ere.

571 1774 764 1811 maere.

554 1866 691 1923 Vide
728 1869 794 1924 18
848 1880 1014 1939 caput
1044 1872 1239 1927 litterae
1265 1874 1328 1929 Γ.

485 1981 641 2052 163
703 1982 857 2038 CAP.
896 1981 1138 2038 XXVIII.
1178 1983 1405 2049 Quando
1444 1992 1801 2047 communicat
1836 1999 2053 2052 somnio

1131 2056 1385 2121 pollutus.

551 2142 608 2197 In
639 2144 672 2197 4
701 2158 911 2198 canone
945 2155 1168 2199 sanctus
1214 2144 1503 2218 Dionysius
1550 2151 1953 2212 Alexandrinus
1985 2158 2053 2215 iis

478 2236 569 2303 qui
597 2237 650 2290 in
684 2235 1051 2290 involu'ntario
1082 2236 1310 2294 seminis
1337 2239 1482 2292 ﬂuxu
1514 2254 1786 2299 nocturno
1840 2247 2051 2304 fuerint

476 2327 717 2394 judiccm
753 2326 827 2380 rei
856 2326 1227 2383 indemnatum
1284 2333 1559 2401 propriam
1587 2339 1875 2393 constituit
1918 2356 2054 2396 con-

479 2418 785 2473 scientiam.
844 2417 1120 2488 Siquidem
1148 2421 1317 2489 enim,
1340 2425 1484 2478 nulla
1510 2432 1847 2496 prazcedente
1883 2434 2049 2489 animi

478 2512 912 2579 perturbatione,
953 2524 1149 2583 sponte
1185 2531 1282 2570 sua
1312 2517 1381 2571 iis
1419 2520 1533 2574 hare
1563 2519 1733 2578 Iluxio
1759 2526 2045 2591 acciderit,

477 2615 672 2660 natura
690 2606 837 2659 illam
867 2618 1121 2676 tanquam
1141 2621 1546 2667 excrementum
1563 2628 1911 2683 excernente,
1932 2618 2050 2674 sine

478 2698 868 2766 impedimento
918 2701 1013 2767 qui
1050 2699 1153 2754 hoc
1198 2715 1389 2768 passus
1424 2714 1527 2768 est,
1587 2706 1800 2776 inquit,
1838 2710 1903 2762 ad
1951 2724 2042 2764 sa-

474 2802 622 2839 cram
675 2788 1121 2843 communionem
1180 2791 1526 2847 admittatur.
1580 2794 1636 2848 Si
1688 2812 1793 2865 qua
1862 2810 2045 2854 autem

476 2876 705 2931 rationis
737 2879 1073 2945 perturbatio
1110 2883 1538 2949 prmeesserit,et
1562 2884 1637 2939 ita
1668 2887 1719 2939 in
1755 2886 1873 2954 ejus
1897 2890 2046 2960 βοεί-

474 2968 679 3022 tatione
697 2980 1036 3025 commorata
1061 2980 1383 3026 nocturnam
1405 2974 1646 3030 intulerit
1673 2979 2039 3046 phantasiam,

472 3082 703 3135 eamque
731 3077 1022 3123 consecuta
1062 3069 1135 3124 sit
1165 3070 1395 3126 seminis
1417 3071 1658 3138 emuxio,
1697 3077 1779 3129 vel
1821 3094 1884 3131 ex
1913 3088 2039 3145 potu

2411 884 2652 954 σώμασι
2678 886 2798 941 τῶν
2824 888 2940 957 ἤδη
2966 894 3493 961 τελευτησάντων.

2249 975 2310 1028 Ὀ
2353 983 2443 1044 πγ¹
2476 980 2575 1048 τῆς
2622 986 2677 1042 ς’
2747 982 2973 1035 συνοδου
3022 983 3199 1035 κανὼν
3240 988 3350 1049 τοῖς
3386 988 3608 1056 σώμασι
3638 991 3725 1044 τῶν

2168 1062 2269 1137 ἤδη
2338 1069 2783 1139 τελευτησάντων
2839 1076 2943 1143 τῆς
2994 1076 3348 1146 εὐχαριστίας
3406 1078 3722 1147 μεταδιδόναι

2165 1160 2263 1211 οὐκ
2301 1159 2474 1215 οἴεται
2522 1160 2656 1215 δεῖν.
2693 1164 3009 1234 Γέγραπται
3060 1169 3190 1238 γὰρ,
3230 1170 3385 1239 φησὶ,
3445 1188 3463 1220 ι
3508 1172 3725 1238 Λάϐετε,

2164 1250 2391 1319 φάγετε’
2417 1270 2437 1304 ι
2491 1252 2560 1306 τὰ
2588 1253 2645 1306 δὲ
2690 1258 2861 1325 νεκρὰ
2912 1256 3141 1327 σώματα
3188 1257 3316 1311 οὔτε
3354 1260 3568 1327 λαϐεῖν,
3618 1264 3725 1318 οὔτε

2162 1345 2359 1410 φαγεῖν
2410 1343 2688 1399 δύνανται.
2750 1347 2914 1415 Ζήτει
2965 1349 3058 1401 καὶ
3100 1350 3160 1401 ὲν
3202 1348 3281 1419 τῷ
3332 1349 3380 1403 α’
3412 1368 3542 1420 κεφ.
3567 1353 3658 1406 τοῦ
3692 1353 3726 1406 Β

2162 1435 2440 1504 στοιχείου
2478 1436 2682 1490 κανόνα
2710 1437 2810 1507 τῆς
2835 1438 2894 1490 ἐν
2922 1439 3256 1512 Καρθαγένῃ
3293 1448 3385 1512 ιη’.

2157 1636 2410 1691 ΚΕΦΑΛ.
2443 1637 2754 1714 ΙςΖξ.-⁸’οτι
2817 1640 2928 1714 τὸν
2985 1644 3388 1714 κριτωγήσειν
3429 1646 3727 1714 μέλλοντα

2404 1711 2476 1763 οὐ
2513 1708 2611 1763 δεῖ
2634 1710 2955 1779 προσιέναι
2980 1712 3056 1782 τῇ
3080 1713 3201 1782 ἰδίᾳ
3225 1708 3492 1785 γυναικί.

2083 1876 2129 1935 Β
2224 1887 2385 1958 Ζήτει
2416 1887 2477 1941 τδ
2513 1895 2582 1960 ιη’
2624 1889 2926 1959 κεφάλαιον
2948 1891 3045 1945 τοῦ
3079 1891 3119 1947 Γ
3145 1893 3439 1962 στοιχείου.

2266 2000 2521 2057 ΚΕΦΔΛ.
2553 2001 2687 2057 κη’.
2722 2003 2872 2058 Πότε
2896 2005 3176 2060 κοινωνεῖ
3193 2010 3227 2062 ό
3252 2009 3647 2077 όνειρασθείς.

2242 2176 2331 2231 Ἐν
2356 2176 2433 2248 τῷ
2452 2175 2494 2230 δ’
2513 2177 2699 2233 κανόνι
2755 2181 2784 2233 ὀ
2810 2180 2965 2248 ᾶγιος
2992 2181 3268 2246 Διονύσιος
3330 2184 3722 2256 Ἀλεξανδρείας

2156 2268 2273 2329 τοῖς
2300 2268 2358 2320 ὲν
2380 2268 2734 2340 ἀπροαιρέτῳ
2763 2269 2921 2341 ῥύσει
2952 2271 3146 2335 νυκτὸς
3171 2274 3428 2341 γεγονόσι
3473 2275 3721 2343 δικαστὴν

2156 2358 2453 2412 ἀδέκαστον
2469 2358 2565 2413 τοῦ
2584 2360 2910 2430 πράγματος
2939 2362 3000 2415 τὸ
3032 2362 3165 2417 ίδιον
3187 2365 3446 2435 ἐφίστησι
3471 2369 3717 2429 sunt“;

2156 2446 2221 2500 Εί
2254 2447 2355 2518 μὲν
2389 2449 2519 2517 γὰρ,
2554 2449 2629 2520 μὴ
2657 2453 3134 2522 προϋποκειμένης
3189 2455 3507 2523 ἡστινοσοῦν
3557 2459 3720 2527 ἐμπα-

2155 2539 2327 2603 θείας,
2360 2542 2683 2611 αὐτομάτως
2718 2546 2748 2613 ἡ
2794 2544 2894 2614 τῆς
2926 2547 3091 2615 γονῆς
3135 2548 3490 2619 συμϐέϐηκεν
3535 2551 3716 2621 ἐκροὴ.

2151 2633 2251 2704 τῆς
2281 2633 2501 2703 φύσεως
2525 2634 2697 2706 αὐτὴν
2730 2636 2804 2699 ὡς
2833 2637 3152 2708 περίττωμα
3173 2640 3529 2711 ὲκκρινάσης,
3560 2644 3718 2711 ἀνεμ-

2154 2724 2425 2788 ποδίστως
2446 2726 2474 2778 δ
2498 2742 2561 2793 γε
2591 2726 2753 2779 τοῦτο
2780 2726 2994 2789 παθὼν,
3027 2730 3180 2798 φησὶ,
3213 2732 3279 2802 τῇ
3324 2731 3445 2799 θεία
3473 2735 3715 2801 κοινωνει

2149 2817 2413 2887 προσίτω.
2463 2817 2523 2869 Ei
2556 2818 2612 2870 δέ
2646 2835 2729 2881 τις
2781 2819 3037 2888 ἐμπαθὴς
3075 2821 3338 2891 λογισμὸς
3374 2826 3715 2893 προῦπῆρξε,

2148 2908 2240 2960 καὶ
2270 2898 2425 2970 οὗτος
2446 2908 2910 2979 ὲμφιλοχωρήσας
2940 2914 3005 2982 τῇ
3030 2912 3196 2965 αὑτοῦ
3226 2913 3459 2984 διανοίᾳ,
3477 2933 3717 2984 νυκτερι-

2147 3001 2245 3068 νὴν
2272 2999 2542 3067 ἐπήνεγκε
2574 3001 2902 3064 φαντασίαν,
2935 3002 3031 3054 καὶ
3060 3003 3238 3077 ταύτῃ
3278 3006 3712 3077 ἐπηκολούθησεν

2145 3092 2178 3159 ἡ
2210 3093 2311 3160 τῆς
2345 3095 2511 3161 γονῆς
2565 3094 2756 3162 ὲκροὴ,
2810 3093 2844 3163 ἢ
2886 3098 2950 3148 ὲκ
2995 3099 3286 3169 παροινίας
3338 3100 3433 3151 καὶ
3486 3100 3711 3169 ἀδδηφα-

471 3168 525 3212 et
559 3159 679 3212 cibo
732 3159 836 3213 hoc
893 3161 1155 3226 evenerit,
1211 3162 1338 3218 talis
1372 3175 1593 3219 nonest
1653 3183 1871 3237 purus;
1931 3187 2038 3224 non

2152 3183 2271 3249 γίας
2324 3182 2482 3237 τοῦτο
2529 3184 2751 3258 συνέϐη,
2802 3187 2830 3238 ὁ
2877 3187 3120 3251 τοιοῦτος
3159 3190 3220 3242 ού
3274 3190 3517 3261 καθαρός
3550 3196 3709 3255 ἐστιν,

474 3262 692 3320 propter
726 3252 951 3306 seunuis
982 3253 1183 3306 [luxum
1210 3255 1337 3321 (hoc
1365 3256 1510 3309 enim
1539 3274 1645 3311 non
1681 3270 1763 3313 est
1792 3261 2030 3315 immun-

473 3345 624 3407 dum,
675 3344 819 3397 sicut
862 3358 960 3398 nec
988 3359 1116 3399 caro
1146 3345 1303 3414 cujus
1333 3356 1416 3403 est
1456 3352 1910 3422 excrementum),
1944 3353 2037 3407 sed

474 3451 692 3508 propter
719 3440 917 3492 malam
950 3440 1362 3511 cogitationem,
1399 3457 1522 3511 quae
1553 3454 1789 3499 mentem
1822 3446 2036 3515 polluit.

470 3532 571 3594 Qui
626 3532 851 3598 proinde
893 3539 1087 3597 praeter
1146 3533 1249 3586 hoc
1314 3534 1369 3586 in
1401 3534 1741 3590 conscientia
1795 3538 2036 3601 dubitat,

471 3624 761 3690 quominus
792 3625 961 3678 libere
1006 3623 1263 3693 loquatur
1295 3624 1555 3680 facultate
1586 3628 1869 3695 privatur;
1898 3643 2036 3697 quo-

473 3717 634 3767 moJo
662 3715 827 3783 igitur
855 3716 921 3769 ad
958 3716 1128 3769 Deum
1163 3716 1409 3783 accedet,
1434 3717 1525 3786 qui
1559 3719 1632 3770 ita
1657 3719 1889 3773 affectus
1919 3722 2042 3775 est?

473 3805 602 3857 Nam
631 3809 929 3862 secundum
959 3824 1213 3877 magnum
1252 3807 1504 3874 Paulum,
1535 3827 1555 3862 ι
1592 3810 1695 3877 Qui
1728 3812 1960 3877 dubitat,
1992 3815 2035 3866 si
2089 3828 2093 3832 '

471 3901 789 3961 comederit,
828 3903 1224 3957 condemnatus
1252 3912 1358 3958 est.
1390 3922 1408 3953 ι

541 3992 741 4046 Eadem
795 3992 959 4047 etiam
1020 4009 1252 4063 magnus
1299 3995 1633 4051 Athanasius
1685 3997 1751 4051 ad
1784 4000 2034 4052 Animum

470 4086 760 4155 quemdam
809 4085 1060 4139 scribens
1092 4086 1373 4153 edisserit,
1449 4088 1639 4143 multis
1701 4092 2037 4159 argumentis

471 4176 708 4244 probans
741 4176 873 4229 nihil
899 4192 1091 4231 eorum
1125 4194 1246 4247 qua:
1297 4193 1325 4231 a
1362 4176 1471 4233 Deo
1500 4191 1759 4235 creantur
1798 4198 1897 4236 sua
1934 4198 2034 4238 na-

469 4277 589 4319 tura
622 4267 896 4336 impurum
928 4284 1069 4322 esse.
1098 4268 1247 4337 (lpus
1295 4284 1422 4323 vero
1457 4268 1579 4340 ejus
1630 4286 1888 4325 manuum
1946 4285 2034 4329 est

470 4362 634 4414 homo
663 4361 1006 4415 naturalibus
1042 4363 1445 4417 excretionibus
1470 4364 1773 4431 subjectus.
1796 4367 2031 4421 Animali

467 4454 611 4505 enim
642 4454 839 4507 dantur
876 4454 1016 4523 pori,
1054 4463 1111 4507 ut
1135 4469 1227 4523 per
1258 4454 1380 4509 illos
1414 4457 1668 4525 quodque
1701 4458 2028 4525 membrum,

2152 3277 2213 3329 οὗ
2236 3277 2326 3330 διὰ
2349 3276 2449 3349 τὴν
2480 3277 2636 3349 ρύάίν
2659 3280 2752 3333 τοῦ
2785 3282 3099 3351 σπέρματος
3124 3301 3140 3315 ’
3168 3284 3228 3335 οὺ
3259 3284 3370 3351 γὰρ
3414 3285 3712 3355 ἀκάθαρτον

2142 3368 2301 3422 τοῦτό
2338 3386 2424 3437 γε,
2454 3371 2576 3423 ἐπεὶ
2610 3372 2746 3442 μηδὲ
2774 3374 2808 3442 ἡ
2850 3362 3009 3443 σὰρξ,
3054 3370 3124 3447 ἧς
3150 3375 3332 3427 ἐκεῖνο
3380 3376 3708 3446 περίττωμα,

2144 3459 2282 3514 ἀλλὰ
2330 3460 2419 3514 διὰ
2457 3463 2518 3515 τὸ
2567 3465 2809 3535 πονηρὸν
2839 3463 3119 3535 ἐνθύμιον,
3176 3466 3316 3535 ὅπερ
3367 3468 3593 3537 ὲμόλυνε
3622 3470 3708 3538 τὴν

2142 3554 2405 3609 διάνοιαν.
2432 3553 2492 3607 '0
2516 3556 2697 3607 τοίνυν
2720 3558 2786 3626 τῇ
2818 3558 3123 3627 συνειδήσει
3150 3560 3303 3629 παρὰ
3326 3558 3489 3612 τοῦτο
3510 3562 3707 3630 διαγρι-

2142 3643 2369 3713 νόμενος
2428 3647 2744 3717 παρρησίας
2783 3648 3100 3720 ἐστέρηται*
3138 3650 3254 3711 πῶς
3293 3647 3391 3704 οὖν
3421 3653 3705 3721 προσελεύ-

2142 3750 2297 3787 σεται
2319 3735 2395 3803 τῷ
2423 3736 2542 3805 Θεῴ
2568 3735 2711 3790 οὕτω
2734 3738 3078 3808 διακείμενος
3098 3758 3113 3806 ;
3136 3742 3279 3794 κατὰ
3299 3745 3412 3813 γὰρ
3442 3746 3532 3795 τὸν
3552 3747 3706 3814 μέγαν

2144 3824 2406 3891 Παὶλον,ι
2431 3826 2489 3880 Ὀ
2512 3828 2941 3900 διακρινόμενος,
2956 3831 3049 3884 ἐὰν
3065 3833 3237 3905 φάγῃ,
3258 3834 3641 3904 κατακέκριται
3680 3854 3697 3885 ι

2211 4001 2290 4053 Τὰ
2320 4001 2461 4054 αὐτὰ
2493 4004 2587 4055 καὶ
2619 4004 2646 4053 ὁ
2675 4004 2852 4073 μέγας
2895 4005 3239 4069 Ἀθανάσιος,
3286 4008 3430 4075 πρὸς
3473 4009 3701 4077 ’Δμμοῦν

2137 4107 2259 4144 τινα
2277 4091 2629 4156 ἐπιστέλλων,
2652 4093 2721 4146 δι’
2738 4095 3183 4165 ἐπιχειρημάτων
3202 4098 3480 4151 πλείστων
3519 4098 3699 4161 διέξειο

2140 4199 2214 4245 σι,
2238 4185 2671 4249 κατασκευάζων
2725 4186 2892 4256 μηδὲν
2945 4188 3054 4241 τῶν
3087 4186 3191 4242 ὑπὸ
3219 4190 3359 4244 Θείιῦ
3391 4192 3701 4245 κτισθέντων

2136 4276 2447 4347 ἀκάθαρτον
2477 4273 2617 4330 εἶναι
2646 4280 2711 4349 τῇ
2741 4279 2939 4331 ἑαυτοῦ
2969 4279 3364 4349 φύσει.Ἔργον
3390 4284 3447 4336 δὲ
3476 4284 3578 4337 τῶν
3598 4302 3701 4352 χει-

2138 4369 2250 4440 ρῶν
2298 4371 2466 4425 αὒτοῦ
2499 4373 2525 4424 ὀ
2562 4371 2884 4441 ἅνθρωπος,
2920 4377 3040 4435 ταῖς
3087 4377 3348 4440 φυσικαῖς
3393 4378 3700 4444 ἑκκρίσεσιν

2136 4462 2497 4532 ὑποκείμενος
2521 4479 2536 4493 ·
2580 4463 2657 4533 τῷ
2697 4465 2807 4533 γὰρ
2841 4464 2965 4533 ζώῳ
3009 4465 3248 4520 δέδονται
3283 4468 3467 4537 πόροι,
3511 4471 3589 4522 ἵνα
3616 4471 3699 4522 διὰ

466 4548 611 4614 quod
657 4560 1117 4614 supervacaneum
1168 4557 1272 4611 est,
1332 4547 1571 4603 emittat.
1608 4549 1814 4617 Capitis
1864 4550 2029 4619 igitur

2152 4552 2339 4606 τούτων
2363 4554 2596 4606 ἕκαστον
2640 4555 2802 4623 μέλος
2851 4556 3157 4627 ἀποπέμπῃ
3194 4559 3256 4610 τὸ
3288 4561 3567 4627 περιττόν.
3592 4561 3699 4628 Τῆς

467 4647 817 4691 excrementa
869 4648 997 4692 sunt
1042 4638 1244 4701 crines,
1280 4647 1337 4692 et
1380 4654 1503 4708 quae
1538 4654 1634 4708 per
1670 4655 1826 4694 nares
1866 4650 1920 4694 et
1965 4655 2030 4696 os

462 4731 791 4784 emittuntur
840 4740 1033 4799 sputa;
1068 4739 1123 4784 et
1180 4732 1386 4783 ventris
1435 4741 1820 4798 excrementa;
1864 4732 2029 4787 totius

466 4834 595 4877 vero
630 4823 897 4891 corporis,
925 4822 1137 4887 sudor;
1176 4820 1521 4875 seminalium
1552 4824 1715 4875 etiam
1771 4836 2027 4891 pororum

464 4913 717 4976 sentina;
754 4914 869 4967 haec
911 4914 1055 4966 enim
1092 4912 1294 4967 emissa
1338 4921 1391 4966 et
1420 4921 1598 4966 emota
1645 4913 1864 4967 animali
1905 4928 2030 4982 pro-

465 5014 629 5067 sunt,
662 5004 877 5059 detenta
927 5012 1112 5058 autem
1147 5003 1285 5058 male
1334 5003 1553 5057 allicere
1605 5003 1805 5058 solent.
1853 5004 1918 5057 Et
1951 5004 2029 5057 eis

462 5095 685 5166 quidem
710 5097 801 5163 qui
848 5096 985 5150 bene
1005 5095 1270 5158 sentiunt,
1311 5094 1444 5148 nihil
1489 5094 1542 5147 in
1574 5108 1672 5148 sua
1714 5104 1909 5148 natura
1945 5104 2030 5149 est

463 5189 849 5252 immundum;
911 5185 1133 5255 pollutis
1190 5194 1396 5249 autem,
1451 5184 1584 5238 nihil
1643 5200 1883 5254 purum;
1931 5187 2026 5240 sed

462 5277 913 5333 contaminamur
946 5285 1206 5330 eteorum
1243 5290 1398 5329 mens
1427 5286 1482 5330 et
1508 5276 1865 5340 conscientia,
1901 5290 2027 5345 pec-

461 5382 587 5425 cato
646 5371 876 5436 scilicet,
920 5378 977 5424 et
1030 5384 1150 5438 quae
1203 5382 1308 5422 non
1347 5367 1541 5423 decent
1604 5368 1671 5423 iis
1714 5368 2025 5423 tribuendo.

462 5455 674 5517 Norunt
700 5463 844 5516 enim
876 5462 1208 5516 medicorum
1237 5460 1355 5526 lilii,
1405 5460 1552 5528 quod
1588 5470 1805 5523 natura,
1835 5469 1895 5514 ut
1930 5477 2026 5515 su-

463 5554 754 5623 perﬂuum,
791 5555 994 5609 emittit
1050 5569 1283 5618 semen;
1316 5553 1525 5608 nullum
1573 5564 1750 5608 autem
1790 5563 1873 5609 est
1898 5569 2028 5624 pec-

460 5656 670 5711 catum,
703 5649 749 5702 si
780 5649 1056 5702 emittatur
1086 5645 1444 5716 superﬂuum.

534 5828 757 5898 Magnus
780 5845 908 5885 vero
941 5829 1172 5884 Basilius
1207 5829 1262 5882 in
1296 5826 1570 5893 asceticis,
1630 5827 2020 5897 interrogatus,

2137 4646 2236 4714 μὲν
2263 4641 2358 4697 οὖν
2391 4645 2638 4713 κεφαλῆς
2676 4648 2731 4697 αί
2776 4647 2963 4717 τρίχες
3012 4649 3357 4719 περίττωμα,
3399 4651 3500 4704 καὶ
3526 4653 3590 4704 τὰ
3615 4652 3697 4703 διὰ

2134 4737 2300 4807 ῥινῶν
2334 4737 2427 4789 καί
2477 4737 2748 4804 στόματος
2789 4739 2954 4807 ὑγρά·
2986 4743 3081 4792 καὶ
3111 4741 3355 4810 γαστρὸς
3413 4744 3486 4794 τὰ
3518 4743 3698 4810 διαχωο

2134 4826 2381 4895 ρὴμαται
2414 4825 2507 4878 τοῦ
2540 4826 2597 4878 δὲ
2628 4827 2751 4878 ὅλου
2814 4827 3069 4896 σώματος
3115 4831 3163 4881 οἱ
3215 4829 3442 4900 ἱδρῶτες
3467 4847 3483 4861 ο
3511 4833 3609 4884 τῶν
3644 4832 3695 4882 51;

2132 4918 2529 4986 σπερματικῶν
2581 4919 2765 4988 πόρων
2806 4919 2867 4972 τὸ
2902 4923 3149 4991 caepim:
3176 4922 3349 4975 ταῦτα
3380 4924 3438 4976 δὲ
3466 4925 3695 4993 ἐκκρινό-

2134 5014 2269 5079 μενα
2292 5013 2383 5062 καὶ
2414 5013 2722 5080 κενούμενα
2768 5011 3041 5065 λυσιτελεῖ
3068 5012 3145 5083 τῷ
3190 5013 3338 5084 ζώῳ,
3366 5018 3697 5085 κατεχόμενα

2129 5100 2206 5165 δὲ,
2241 5100 2483 5171 φθείρειν
2512 5102 2694 5155 εἴωθε.
2735 5104 2841 5155 Καὶ
2879 5106 2991 5166 τοῖς
3024 5104 3123 5173 μὲν
3162 5105 3504 5173 εύγνὼμοσιν
3557 5106 3696 5158 οὐδὲν

2138 5191 2451 5262 ἀκάθαρτον
2481 5196 2547 5262 τῇ
2582 5195 2776 5245 ἑαυτοῦ
2806 5194 2989 5264 φύσιν
3029 5197 3143 5257 τοῖς
3186 5195 3244 5248 δὲ
3304 5198 3694 5266 μεμιασμένοις

2129 5282 2284 5335 οὐδὲν
2337 5283 2600 5352 καθαρὶν,
2633 5284 2774 5337 ἀλλὰ
2809 5286 3112 5353 μεμίανται
3140 5286 3325 5339 αὐτῶν
3372 5289 3469 5340 καὶ
3497 5290 3524 5340 ὁ
3554 5286 3690 5347 νοῦς.

2130 5374 2284 5443 καὶὴ
2324 5374 2650 5444 συνείδησις,
2710 5378 2777 5446 τῇ
2821 5376 3068 5446 ἁμαρτία
3114 5376 3340 5447 δηλαδὴ,
3381 5362 3476 5430 καὶ
3512 5377 3584 5446 τῷ
3623 5376 3696 5446 μὴ

2128 5462 2443 5532 λογίζεσθαι
2471 5470 2603 5535 περὶ
2632 5466 2813 5520 αὐτῶν
2838 5467 2907 5519 τὰ
2952 5466 3256 5535 πρέποντα.
3293 5469 3473 5521 Ἰσασι
3508 5469 3560 5520 δὲ
3606 5470 3696 5519 καὶ

2133 5557 2337 5624 ἰατρῶν
2369 5558 2584 5622 παῖδες,
2619 5558 2768 5619 ὅπως
2819 5559 2853 5626 ἡ
2900 5558 3064 5626 φύσις
3103 5559 3178 5621 ὼς
3227 5560 3485 5629 περιττὸν
3515 5560 3695 5612 διώκει

2129 5646 2189 5698 τὸ
2219 5647 2473 5714 σπέρμα’
2507 5649 2754 5718 ἁμαρτία
2809 5648 2867 5700 δὲ.
2920 5649 3172 5719 οὐδεμία,
3225 5653 3554 5721 κενουμένλυ
3600 5653 3691 5704 τοῦ

2130 5735 2577 5806 περιττώματος.

2209 5828 2271 5881 '0
2309 5828 2365 5881 δὲ
2397 5829 2566 5897 μέγας
2601 5831 2877 5897 Βασίλειος
2916 5836 2974 5887 ὲν
3015 5838 3129 5899 τοῖς
3186 5837 3524 5906 ἀσκητικοῖς,
3558 5835 3693 5906 ἱρω-
