3918 6602
290 382 420 449 1331

1313 392 1721 464 SYRTAGMA
1748 391 2374 454 ΑΙᾸἮΛΒΕΤΙΕΠΜ.
2404 420 2469 432 -ο
2507 396 2574 456 Κ.

3422 401 3556 465 1382

281 497 500 568 τηθεὶς,
561 499 610 551 εί
659 499 959 570 τολμητέον
1010 502 1292 571 προσιέναι
1349 505 1413 572 τῇ
1472 502 1730 571 κοινωνίᾳ
1776 484 1861 554 τὸν

1971 519 2041 557 an
2068 513 2319 573 oporteat
2362 520 2577 559 sommo
2605 506 2870 576 pollutum
2906 509 2958 563 iu
2988 509 3426 564 communionem
3455 513 3552 564 aiis

276 589 676 659 δνειρὼξαντα,
700 591 1061 663 ἀπεκρίνατο·
1085 593 1159 645 Τὸ
1175 595 1233 645 ὲν
1256 593 1567 664 ἀκαθαρσίᾳ
1586 593 1715 646 ὄντα
1742 596 1863 647 τινὰ

276 681 531 749 ἐγγίζειν
564 684 675 745 τοῖς
705 670 906 751 ἁγίοις,
938 668 1033 736 καὶ
1066 686 1129 737 ἐκ
1162 683 1263 752 τῆς
1312 683 1548 747 παλαιᾶς
1587 684 1863 754 Διαθήκης

275 770 523 841 φοϐερὸν
556 774 925 845 διδασκόμεθα
981 773 1041 828 τὸ
1089 776 1287 846 κρῖμα·
1346 777 1396 829 εἱ
1445 774 1504 828 δὲ
1549 776 1733 828 πλεῖον
1769 775 1862 828 τοῦ

277 867 439 936 ἱεροῦ
468 860 595 934 ὦδε,
641 866 1025 938 φοῦερὼτερον
1057 869 1304 940 δηλονότι
1343 868 1628 923 παιδεύσει
1660 869 1807 939 ἡμᾶς
1839 870 1864 919 ὁ

291 959 649 1023 ’Δπόστολος,
679 961 878 1013 είπὼν·
922 980 940 1013 ι
962 961 1022 1015 Ὀ
1055 961 1255 1016 ἐσθίων
1280 963 1374 1016 καὶ
1407 962 1579 1016 πίνων
1627 961 1866 1027 ἀναξίως

277 1052 465 1121 κρῖμα
484 1049 653 1104 ἐσθίει
672 1053 770 1107 καὶ
785 1050 951 1106 πίνει.
982 1071 1000 1105 ι
1022 1052 1394 1123 Ἀκαθαρσίαν
1425 1052 1484 1105 δὲ
1512 1053 1796 1123 ὠνόμασεν
1839 1054 1867 1105 ὀ

275 1143 462 1209 ἇγιος,
491 1144 551 1196 ού
589 1143 687 1211 τὴν
721 1144 1105 1215 σπερματικὴν
1136 1145 1405 1216 ἔκκρισιν,
1441 1148 1507 1218 ἣν
1539 1148 1642 1200 οὐκ
1673 1147 1738 1200 ἄν
1762 1162 1863 1209 τις,

273 1231 463 1301 οἶμαι,
493 1234 583 1287 διὰ
600 1235 787 1298 τέλους
810 1235 1153 1305 ἐκφεύξεται,
1173 1238 1221 1289 εί
1248 1236 1429 1307 μήπου
1454 1237 1642 1299 δεινῶς
1658 1235 1864 1306 ἠλίθιος

274 1327 396 1395 εῐη,
423 1326 564 1379 ἀλλὰ
588 1328 684 1396 τὴν
713 1329 961 1397 πονηράν
993 1310 1314 1398 ἐπιθυμίαν,
1337 1329 1488 1399 (περὶ
1509 1324 1577 1401 ἦς
1604 1329 1630 1382 δ
1654 1327 1861 1400 Κύριος

277 1417 497 1487 ἔφησεν
519 1438 564 1483 ,ι
603 1418 662 1472 ὐ
704 1419 983 1489 ἐμϐλέψας
1012 1420 1257 1486 γυναικὶ,
1293 1439 1313 1474 ι
1349 1422 1443 1474 καὶ
1473 1422 1541 1475 τὰ
1596 1420 1772 1491 ἑξῆς.)

279 1512 627 1582 ἡγουμένης.
655 1513 689 1583 ἧ
729 1530 789 1567 τε
832 1516 974 1568 κατὰ
1020 1512 1266 1567 διάνοιαν
1313 1513 1560 1586 ἁμαρτία
1604 1514 1695 1569 διὰ
1741 1531 1871 1581 συγ-

279 1602 639 1666 καταθέσεως
669 1603 924 1669 τελεῖται,
947 1605 1041 1657 καὶ
1070 1606 1101 1676 ἡ
1132 1604 1255 1658 καθ’
1285 1602 1486 1668 ὕπνους
1506 1604 1700 1658 ἕπεται
1729 1621 1869 1675 φαν-

278 1693 476 1757 τασία,
509 1695 604 1747 καὶ
635 1696 668 1764 ἡ
705 1695 861 1764 ῥύσις
893 1694 985 1747 τοῦ
1023 1697 1361 1766 σπέρματος.

853 1787 995 1856 Περὶ
1015 1790 1339 1858 μαλακίας.

1975 596 2211 658 mittere.
2260 597 2579 665 respondit:
2622 599 2779 669 Ejus,
2814 603 2931 671 qui,
2965 619 3085 654 cum
3123 602 3174 655 in
3209 603 3552 657 immunditiis

1967 687 2058 752 sil,
2093 688 2497 759 apprOpinquat
2543 692 2769 759 sanctis,
2812 695 2977 748 etiam
3025 711 3092 749 ex
3134 696 3308 749 Veteri
3359 694 3550 751 Testa.

1969 786 2161 832 mento‘
2183 779 2429 835 terribile
2460 782 3013 851 doeemurjudicium
3049 802 3063 851 ;
3097 789 3239 853 quod
3275 787 3321 840 si
3346 797 3432 840 est
3464 786 3549 840 hic

1967 869 2018 922 in
2067 871 2274 935 sacris,
2331 873 2626 931 terribilius
2673 875 2921 929 videlicet
2980 892 3082 930 nos
3136 878 3354 929 docebit
3401 878 3550 945 Apo-

1968 962 2169 1028 stolus,
2201 963 2432 1019 dicens:
2476 983 2494 1017 ι
2525 964 2627 1031 Qui
2662 968 2960 1021 comederit
2993 978 3045 1021 et
3079 969 3276 1023 biberit
3309 968 3546 1037 indigne,

1965 1051 2235 1122 judicium
2266 1054 2372 1108 sibi
2393 1056 2629 1109 comedit
2655 1065 2711 1110 et
2739 1056 2896 1110 bibit.
2925 1074 2943 1107 ι
2981 1055 3383 1110 lnununditiem
3413 1073 3544 1111 vero

1971 1144 2275 1198 nominavit
2350 1158 2575 1200 sanctus
2653 1162 2763 1200 non
2844 1148 3073 1202 seminis
3137 1149 3545 1206 excretioneni.

1971 1250 2133 1304 quam
2188 1235 2390 1302 nullus,
2434 1238 2706 1307 suspicor,
2766 1238 3017 1292 absolute
3060 1239 3382 1297 evitaverit.
3443 1239 3547 1291 nisi

1973 1327 2208 1381 maxime
2253 1329 2543 1383 continens
2579 1330 2692 1391 sit,
2727 1333 2820 1384 sed
2880 1344 3102 1398 pravam
3154 1332 3548 1397 concupiscet.-

1971 1417 2099 1470 tiam
2135 1416 2224 1481 ωε
2261 1433 2365 1486 qua
2392 1417 2529 1471 dixit
2561 1417 2822 1473 Dominus
2860 1434 2920 1471 τι
2957 1419 3060 1483 Qui
3104 1419 3384 1471 mulierem
3407 1421 3548 1486 aspi-

1972 1509 2046 1562 cit
2096 1549 2112 1574 ,
2145 1529 2172 1557 ι
2224 1520 2279 1563 et
2331 1510 2573 1574 caetera),
2630 1526 2735 1578 qua
2770 1510 3061 1579 ‘praeeunte
3119 1509 3317 1563 mentis
3380 1511 3542 1563 etia'n

1972 1609 2258 1670 peccatum
2284 1615 2379 1671 per
2418 1616 2708 1655 assensum
2747 1603 3052 1671 perﬁcitur,
3100 1603 3183 1657 νυ]
3218 1602 3544 1671 imaginatin

1971 1692 2026 1747 in
2061 1692 2267 1748 somnis
2297 1693 2675 1762 consequitur,
2710 1702 2765 1747 et
2793 1694 3020 1747 seminis
3055 1692 3297 1747 emuxio.

2572 1785 2646 1839 De
2697 1785 2941 1840 mollitie.

364 1876 426 1930 El
458 1876 513 1930 δὲ
541 1874 716 1941 οὓτως
745 1852 1033 1933 εὐθύνεταί
1067 1879 1101 1948 ἡ
1144 1878 1253 1932 ἀπὸ
1282 1852 1739 1946 συγκαταθέσεως
1774 1852 1861 1931 διὰ

2036 1876 2093 1931 Si
2131 1893 2261 1931 vero
2322 1878 2396 1932 ita
2452 1877 2748 1947 corrigitur
2778 1917 2794 1941 ,
2846 1877 2940 1948 qui
2973 1893 3002 1931 a
3039 1892 3311 1931 consensu
3354 1877 3412 1931 iit
3451 1893 3546 1947 per

279 1967 617 2036 νυκτερινῆς
649 1968 957 2034 φαντασίας
984 1968 1080 2022 τοῦ
1120 1970 1436 2040 σπέρματος
1462 1971 1651 2041 ὲκροὴ,
1681 1969 1862 2039 πολλῷ

281 2074 353 2123 γε
383 2058 581 2126 μᾶλλον
613 2060 647 2128 ἡ
671 2059 759 2113 διὰ
789 2059 1065 2129 μαλακίας
1096 2061 1348 2133 ἔκκρισις
1373 2062 1863 2137 ὲπιτιμηθήσεται,

281 2147 443 2217 ῦπαρ
468 2166 530 2216 γε
563 2149 803 2213 πάντως,
851 2152 946 2204 καὶ
988 2156 1088 2204 οὐκ
1117 2150 1177 2215 ἐξ
1214 2151 1549 2221 ὀνειρώξεως
1576 2152 1859 2222 γινομένη.

277 2241 427 2308 Φησὶ
451 2240 558 2309 γάρ
584 2241 613 2292 ό
646 2240 967 2310 Νηστευτὴς
1001 2238 1275 2308 Ἰωάννης·
1305 2240 1366 2294 ὐ
1397 2240 1668 2310 μαλακίας
1698 2240 1861 2291 πάθει

284 2335 455 2397 ἁλοὺς
492 2333 598 2405 πρὸ
650 2335 753 2404 τῆς
807 2334 1109 2404 ἱερωσύνης
1168 2334 1449 2404 κληρικὺς,
1517 2337 1594 2404 μὴ
1643 2333 1862 2404 θαρρῶν

282 2426 421 2489 ἴσως
453 2425 530 2488 ὡς
586 2425 739 2495 παρὰ
765 2425 924 2478 τοῦτο
956 2426 1119 2491 μόνον
1163 2425 1261 2494 τῆς
1306 2424 1607 2496 ἱερωσύνης
1636 2425 1861 2494 εἱρχθή-

284 2533 469 2579 σεται,
524 2514 725 2578 ἱκανῶς
774 2514 1042 2585 πρότερον
1088 2512 1521 2585 ἱπιτιμώμενος,
1563 2512 1707 2565 οὕτω
1762 2513 1862 2581 τῆς

284 2606 593 2679 ἱερωσύνης
612 2606 901 2672 ἀξιούσθω.
924 2607 985 2661 Ei
1003 2607 1061 2660 δὲ
1088 2607 1227 2677 μετὰ
1245 2605 1343 2677 τὴν
1368 2605 1668 2675 ἱερωσύνην
1688 2605 1862 2673 τούτῳ

284 2699 743 2767 περιπέπτωκεν,
783 2700 863 2761 είς
893 2698 1142 2752 ἐνιαυτὸν
1160 2699 1257 2752 ἕνα
1285 2699 1387 2767 τῆς
1438 2698 1739 2768 ἱερωσύνης
1767 2698 1865 2765 ἁρο

283 2792 496 2862 γήσας,
541 2794 635 2845 καὶ
667 2794 780 2854 τοῖς
823 2791 1073 2845 εἰωθόσιν
1112 2792 1412 2859 ἐπιτιμίοις
1446 2790 1860 2861 σωφρονισθεὶς.

286 2882 433 2953 πρὸς
449 2884 547 2952 τὴν
572 2882 872 2952 ἱερωσύνην
898 2884 1188 2937 ἑπανιέτω·
1210 2885 1258 2936 εί
1277 2883 1334 2936 δὲ
1359 2884 1500 2952 μετὰ
1520 2885 1618 2955 τὴν
1636 2884 1866 2950 ἐπίγνω-

286 2989 381 3025 σιν
412 2973 510 3038 τῆς
548 2973 826 3044 ἁμαρτίας
874 2974 954 3035 δὶς
985 2972 1018 3043 ἢ
1046 2974 1167 3043 τρὶς
1205 2972 1368 3025 τοῦτο
1414 2974 1732 3041 ἐργάσαιτο,
1766 2973 1862 3041 τῆ;

284 3065 596 3135 ἱερωσύνης
627 3067 1003 3135 παυσάμενος.
1051 3066 1131 3128 εἰς
1185 3064 1535 3129 ἀναγνώστου
1571 3063 1725 3129 τάξιν
1776 3066 1865 3135 ἐρ-

284 3156 495 3228 χέσθω.
529 3157 729 3219 Λαῖκὸς
759 3157 834 3221 δὲ,
886 3157 946 3209 τὸ
975 3156 1076 3225 τῆς
1109 3156 1383 3225 μαλακίας
1419 3157 1644 3225 αἰσχρὸν
1672 3173 1864 3227 κατερο

283 3357 471 3409 γεται,
490 3340 897 3410 ξηροφαγῶν¹ὲν
913 3339 1126 3401 αὐταῖς,
1147 3341 1240 3392 καὶ
1262 3338 1609 3405 γονυκ).ισίας
1626 3339 1862 3405 ἑκάστης

290 3431 471 3485 ποιῶν
494 3429 602 3499 μθ’.
643 3430 706 3483 Ἦ
742 3429 799 3483 δὲ
830 3429 917 3482 διὰ
948 3429 1045 3499 τῆς
1064 3428 1311 3498 ἀλλήλων
1356 3428 1556 3498 μίξεως
1599 3430 1860 3499 γινομένη

289 3524 540 3593 μαλακία
594 3521 820 3574 διπλοῦν
847 3502 1147 3590 ἐργάζεται
1180 3520 1238 3573 τὸ
1269 3520 1459 3584 κακὸν,
1514 3519 1609 3573 ἆτε
1642 3520 1733 3574 δύο
1769 3538 1863 3590 μοι

283 3614 605 3682 λυνομὲνων
636 3612 851 3682 ψυχῶν,
880 3610 961 3664 διὸ
989 3611 1078 3665 καὶ
1100 3610 1382 3665 διπλάσιον
1411 3612 1439 3664 ὁ
1468 3611 1670 3681 ταύτης
1694 3613 1862 3682 ἐργά-

275 3723 389 3777 της
406 3709 464 3758 τὸ
491 3705 766 3761 ἐπιτίμιον
786 3704 1024 3773 δέχεται,
1042 3705 1122 3767 εἱς
1150 3709 1205 3757 π’
1229 3705 1439 3774 ἡμέρας
1456 3705 1555 3775 τῆς
1577 3706 1862 3768 κοινωνίας

283 3798 635 3868 εἰργόμενος,
698 3800 796 3852 καὶ
855 3800 934 3861 εἱς
981 3801 1028 3867 ρ’
1058 3798 1122 3849 τὸ
1175 3796 1268 3849 τον
1328 3798 1629 3865 μετανοιῶν
1664 3799 1861 3868 μέτρον

284 3891 548 3943 ἐκτείνων
598 3890 738 3960 μετὰ
785 3890 883 3958 τῆς
939 3886 1329 3960 προσηκούσης
1383 3887 1660 3956 νηστείας.
1703 3887 1863 3941 Ἀλλὰ

281 3983 464 4038 ταῦτα
494 3983 592 4052 μὲν
624 3984 751 4053 περὶ
779 3982 992 4035 τούτου.
1038 3980 1103 4034 Ἡ
1122 3981 1179 4034 δὲ
1204 3982 1311 4034 ἀπὸ
1342 3981 1499 4033 νόσου
1520 3979 1628 4033 τῶν
1650 3980 1862 4049 νεφρῶν

283 4077 551 4147 γινομένη
587 4075 687 4146 ῥοὴ
723 4074 818 4127 τοῦ
849 4072 1034 4143 θοροῦ,
1075 4072 1163 4127 οἱα
1203 4074 1236 4141 η
1269 4072 1377 4125 τῶν
1407 4071 1736 4142 γονορῤοιῶν
1767 4073 1861 4124 καὶ

282 4173 391 4243 τῆς
427 4172 735 4234 λιθιάσεως,
762 4169 1114 4223 παντάπασιν
1138 4169 1518 4237 άνεπίκλητος.
1550 4168 1609 4220 Εἰ
1640 4167 1747 4235 γὰρ
1769 4167 1863 4218 καὶ

282 4268 367 4335 τῷ
401 4265 645 4326 Μωσέως
688 4264 837 4333 νόμῳ
870 4265 919 4316 οἱ
968 4264 1288 4333 γονορῤυεῖς
1335 4261 1636 4330 ἀκάθαρτοι
1681 4260 1857 4327 ἐλογίο

284 4354 467 4420 ζοντο,
497 4356 614 4410 ἀλλ’
649 4357 854 4418 ἐκεῖνος
898 4356 1017 4408 καθ’
1045 4355 1233 4427 ἕτερον
1263 4355 1434 4423 δήπου
1462 4371 1527 4421 γε
1554 4353 1753 4423 τρόπον
1776 4352 1863 4405 διὰ

284 4449 399 4501 τῶν
450 4448 780 4517 σωματικῶν
817 4446 1162 4515 παθημάτων
1207 4448 1275 4499 τὰ
1328 4449 1425 4513 τῆς
1474 4444 1652 4515 ψυχῆς
1688 4462 1862 4513 παρε-

1964 1979 2289 2023 nocturnam
2340 1970 2787 2038 imaginationem
2839 1970 3072 2024 seminis
3108 1970 3310 2034 (iustis,
3370 1972 3542 2049 tn’ultu

1964 2060 2135 2127 magis
2169 2060 2425 2128 punietur
2452 2075 2546 2128 per
2573 2061 2854 2114 mollitiem
2905 2059 3148 2123 eiﬂuxiu,
3184 2060 3407 2113 omnino
3465 2063 3544 2113 vi-

1963 2150 2136 2214 sione,
2181 2146 2339 2222 164
2367 2162 2419 2202 et
2452 2167 2558 2203 non
2583 2166 2647 2204 ex
2682 2153 2897 2205 somnio
2950 2151 3153 2220 polluto
3212 2151 3372 2204 facta.
3405 2150 3543 2203 Dicit

1962 2243 2108 2297 enim
2143 2240 2431 2297 Nesteutes
2459 2239 2735 2297 Joannes:
2769 2242 3016 2299 Clericus
3057 2244 3302 2298 mollitiei
3356 2245 3545 2295 morbo

1964 2332 2221 2386 laborans
2254 2345 2378 2387 ante
2404 2334 2799 2398 sacerdOtium,
2846 2350 2951 2387 non
2979 2334 3302 2397 existimans
3331 2335 3541 2395 forsan,

1964 2429 2110 2499 quod
2146 2429 2216 2482 ob
2252 2430 2355 2483 hoc
2399 2428 2574 2482 solum
2617 2426 2925 2482 sacerdotio
2954 2428 3357 2495 expelleretur,
3409 2418 3547 2480 satis

1966 2528 2122 2572 antea
2178 2518 2401 2586 punitus
2436 2517 2516 2572 sic
2557 2517 2866 2571 sacerdotio
2900 2516 3101 2585 dignus
3164 2517 3453 2571 habeatur.
3489 2518 3542 2568 Si

1966 2623 2095 2662 vero
2114 2619 2234 2676 post
2268 2608 2632 2661 sacerdotium
2677 2608 2731 2660 in
2761 2607 2864 2662 boc
2912 2607 3183 2671 inciderit,
3218 2623 3314 2676 per
3339 2622 3544 2661 annum

1969 2718 2136 2756 unum
2181 2718 2211 2756 a
2240 2702 2547 2757 sacerdotio
2591 2700 2875 2770 expulsus.
2908 2710 2961 2755 et
3005 2701 3201 2756 debitis
3250 2701 3429 2771 pmuis
3476 2703 3543 2753 ad

1967 2808 2154 2847 sanam
2204 2802 2439 2847 mentem
2497 2794 2788 2856 redactus,
2828 2791 2895 2847 ad
2940 2792 3311 2847 sacerdotium
3355 2808 3544 2844 rever-

1969 2892 2111 2937 tatur
2144 2901 2156 2939 :
2199 2884 2242 2937 si
2274 2898 2401 2937 vero
2430 2894 2552 2951 post
2582 2883 2790 2953 peccati
2839 2884 3174 2953 agnitionem
3213 2882 3296 2938 bis
3344 2884 3426 2937 vel
3456 2894 3539 2935 ιρι*

1970 2975 2072 3028 hoc
2107 2973 2316 3051 fecerit.
2344 2974 2650 3028 sacerdotio
2680 2982 2906 3029 cesSans
2956 2975 3007 3027 iu
3041 2972 3262 3027 lecmris
3286 2972 3535 3026 ordinem

1969 3065 2167 3119 veniat.
2209 3064 2409 3119 Laicus
2439 3078 2618 3118 autem
2656 3063 2902 3118 mollitiei
2944 3073 3102 3134 turpe
3142 3064 3343 3117 malum
3379 3079 3425 3134 pi
3450 3081 3539 3117 ra-

1916 3213 1933 3230 ‘
1970 3173 2125 3224 gens,
2161 3157 2523 3227 quadraginta
2564 3157 2681 3211 dies
2705 3172 2734 3209 a
2770 3157 3160 3210 communione
3186 3167 3427 3221 aret-tur,
3486 3160 3538 3209 iu

281 3250 604 3319 γασάμενος
639 3250 837 3313 πάθος,
878 3251 956 3310 εἱς
987 3246 1037 3318 μ’
1069 3248 1285 3319 ἡμέρας
1308 3250 1404 3317 τῆς
1432 3249 1719 3312 κοινωνίας
1751 3250 1862 3318 είρ-
1895 3246 1933 3265 "

1970 3251 2075 3304 illis
2102 3250 2269 3304 aridis
2299 3265 2547 3314 rescrns,
2581 3258 2635 3303 et
2666 3248 2721 3302 iu
2745 3265 3081 3318 unaquaque
3112 3250 3543 3317 genuﬂectiont-s

1969 3358 2230 3413 peragens
2256 3342 2343 3397 49.
2373 3341 2505 3407 Quze
2536 3353 2757 3410 propter
2782 3351 3031 3395 mutuum
3067 3341 3271 3394 coitum
3306 3341 3363 3394 ﬁt
3403 3346 3544 3393 mul-

1968 3435 2132 3494 lities.
2173 3433 2378 3504 duplex
2416 3432 2579 3488 cﬂicit
2613 3434 2843 3497 malum,
2884 3432 3085 3502 quippe
3121 3433 3258 3485 duas
3298 3448 3544 3486 corrum-

1966 3527 2043 3596 pit
2074 3526 2308 3592 animas,
2343 3527 2572 3595 ideoque
2627 3536 2680 3579 et
2731 3525 2962 3593 duplum
2993 3523 3112 3590 ejus
3159 3535 3350 3579 auctor
3410 3541 3541 3591 sup-

1967 3618 2187 3687 plicium
2266 3618 2536 3680 sustinet.
2627 3616 2694 3671 ad
2751 3610 2819 3671 80
2867 3616 2985 3671 dies
3038 3632 3068 3671 a
3151 3618 3541 3670 communione

1966 3712 2269 3776 arcendus,
2322 3720 2377 3764 et
2436 3710 2505 3763 ad
2569 3720 2786 3764 centum
2841 3708 3175 3777 paauitentiae
3225 3725 3540 3763 meusur.m

1964 3801 2260 3855 extendens
2318 3815 2442 3853 cum
2494 3800 2859 3854 conveniente
2908 3798 3139 3868 jejunio.
3205 3798 3310 3853 Sed
3352 3804 3415 3853 dc
3450 3800 3542 3851 iltu

1967 3892 2273 3961 hucusque.
2323 3889 2452 3956 Quae
2523 3901 2704 3944 autem
2757 3889 2826 3943 ob
2895 3905 3085 3943 renum
3152 3893 3396 3944 morbum
3464 3892 3545 3942 ta-

1966 3991 2050 4036 rta
2114 3983 2186 4037 sit
2245 3981 2497 4052 genitalis
2554 3980 2779 4036 seminis
2833 3978 3070 4045 elllutio,
3116 3983 3289 4034 -veluti
3339 3999 3539 4052 guuor-
3632 3992 3639 3999 ‘

1966 4075 2151 4139 rlzma,
2201 4085 2253 4127 et
2308 4088 2430 4141 quae
2487 4072 2559 4138 ob
2618 4068 2887 4125 calculum
2950 4070 3002 4122 in
3044 4072 3225 4125 vesica
3278 4073 3355 4135 tit,
3410 4072 3539 4125 uniti

1965 4166 2188 4222 omnino
2236 4163 2651 4233 reprehensioni
2717 4170 2797 4217 est
2860 4162 3121 4217 obnoxia.
3181 4162 3327 4217 Licet
3393 4164 3538 4216 enim

1966 4276 2062 4332 per
2094 4258 2263 4314 Mosis
2294 4257 2463 4324 legem
2493 4259 2586 4327 qui
2619 4260 2950 4329 gonorrhma
2986 4255 3307 4310 laborabant
3337 4253 3534 4322 impuri

1968 4347 2332 4412 habebantur,
2390 4346 2480 4400 ille
2528 4355 2711 4399 tamen
2745 4346 2854 4400 alio
2885 4345 3050 4399 modo
3086 4359 3181 4412 per
3222 4342 3535 4409 corporales

1966 4439 2249 4510 passiones
2279 4437 2475 4490 animae
2500 4438 2739 4491 ostendit
2766 4438 3009 4501 morbos,
3052 4446 3105 4488 et
3146 4449 3243 4501 per
3283 4434 3538 4485 involuti-

284 4538 472 4592 δείκνυ
493 4540 800 4609 νοσήματα,
822 4540 913 4591 καὶ
930 4537 1019 4590 διὰ
1039 4540 1147 4591 τῶν
1176 4536 1446 4590 ἀκουσίων
1470 4538 1578 4588 τῶν
1599 4535 1860 4589 ἑκουσίων

1969 4531 2102 4582 taria
2173 4528 2475 4582 Voluntaria
2529 4529 2900 4598 reprehendit.
2948 4527 3007 4581 Si
3056 4525 3199 4580 enim
3261 4523 3530 4578 naturaiit

285 4631 657 4700 κατέτρεχεν’
719 4629 769 4682 εἱ
815 4629 922 4699 γὰρ
965 4628 1033 4681 τὰ
1076 4627 1283 4696 φυσικὰ
1347 4626 1498 4678 δοκεῖ
1556 4642 1673 4687 πως
1720 4621 1859 4676 εἶναι

288 4722 601 4793 ἀκάθαρτα,
618 4718 796 4790 πολλῷ
818 4737 881 4788 γε
907 4719 1109 4790 μᾶλλον
1138 4720 1172 4787 ἡ
1204 4717 1345 4770 κατὰ
1363 4716 1591 4786 γνώμην
1612 4716 1857 4784 λαγνεία.

289 4815 462 4867 Σκιὰν
506 4814 614 4885 γὰρ
662 4813 802 4882 ἔχων
843 4815 872 4866 ὁ
903 4812 1064 4881 νόμος
1099 4812 1155 4863 ὲν
1208 4812 1320 4873 τοῖς
1344 4812 1681 4878 σωματικοῖς
1726 4827 1861 4877 προσ

287 4906 621 4975 εγύμναζεν,
673 4900 761 4959 οἷα
792 4907 1015 4970 παῖδας,
1046 4904 1174 4968 τοὺς
1214 4902 1527 4968 Ἰουδαίους,
1575 4903 1641 4955 ἶν’
1672 4906 1859 4973 ἐπιτηο

288 4997 597 5067 δειοτέρους
628 4995 764 5066 πρὸς
795 4996 892 5066 τὴν
918 4996 1186 5067 ὑποδοχὴν
1213 4996 1322 5048 τῶν
1350 4995 1743 5064 πνευματικῶν
1768 4999 1861 5047 καὶ

287 5088 638 5157 τελεωτέρων
690 5088 919 5140 ἐντολῶν
949 5086 1354 5158 ἀπεργάσηται.
1392 5087 1641 5140 Διδάσκει
1684 5085 1740 5138 δὲ
1776 5087 1862 5139 διὰ

289 5179 498 5234 τούτων
549 5181 644 5233 καὶ
673 5185 772 5242 τὰς
804 5178 1095 5240 συνουσίας
1122 5178 1231 5231 τῶν
1277 5180 1539 5230 τοιούτοιν
1569 5178 1859 5245 ἐκφεύγειν

289 5271 461 5340 ἡμᾶς.
482 5270 557 5332 ὡς
577 5268 653 5341 μὴ
678 5266 1251 5341 προσαναχρωσθῆναι
1282 5271 1350 5339 τῇ
1383 5269 1446 5321 ὲκ
1469 5266 1565 5320 τοῦ
1597 5267 1860 5335 στόματος

291 5364 520 5416 ἐκείνων
568 5362 913 5435 προχεομένῃ
948 5363 1057 5415 τῶν
1104 5361 1278 5431 λόγων
1319 5360 1651 5431 ἀκαθαρσίᾳ.
1699 5362 1857 5415 Ουτοι

291 5453 349 5506 δέ
380 5454 519 5506 εἱσιν
549 5456 598 5507 οἱ
626 5454 687 5506 τδ
710 5454 841 5507 ῐδιον
868 5455 1038 5516 πάθος
1094 5451 1344 5523 λοιμικοῦ
1373 5452 1529 5521 δίκην
1555 5453 1859 5521 νοσήματος

293 5544 386 5596 ἐπὶ
417 5545 624 5605 πάντας
663 5543 818 5610 ἄγειν
848 5540 1317 5613 φιλοτιμούμενοι,
1348 5542 1442 5594 καὶ
1473 5541 1700 5603 πολλοὺς
1729 5543 1859 5594 ἑαυ-

294 5638 405 5698 τοῖς
440 5636 586 5706 ἔχειν
623 5635 1067 5706 παραπλησίους,
1128 5632 1197 5687 ἵν’
1228 5636 1286 5687 ὲν
1329 5638 1396 5705 τῇ
1451 5633 1708 5706 κοινωνίᾳ
1752 5635 1860 5687 τῶν

294 5727 482 5781 κακῶν
538 5730 604 5782 τὰ
643 5728 753 5781 τῶν
801 5729 1038 5797 ἐλέγχων
1088 5726 1289 5797 ὀνείδη,
1333 5728 1408 5789 ὡς
1476 5726 1541 5779 ἂν
1596 5726 1856 5796 οἰηθεῖεν,

238 5812 252 5820 ’
297 5818 926 5890 διαδιδράσκωσιν.Ἀλλ⁹
959 5820 989 5870 ὁ
1027 5818 1294 5890 ἡμέτερος
1340 5818 1503 5888 νόμος
1535 5816 1686 5872 οὐδὲν
1707 5817 1858 5870 ἔλατ-

1968 4620 2179 4688 impura
2233 4618 2636 4688 quodammodo
2666 4634 2785 4673 esse
2821 4618 3119 4677 existimat.
3156 4616 3327 4669 multo
3358 4618 3531 4683 inagis

1965 4727 2032 4766 ex
2091 4712 2376 4782 proposito
2426 4711 2703 4765 salacitas.
2736 4709 2994 4765 Umbram
3028 4709 3191 4775 (enim
3246 4708 3531 4761 continuus

1967 4804 2076 4863 lex.
2141 4803 2193 4855 in
2226 4801 2622 4871 corporalibus,
2687 4810 2949 4870 tanquam
3004 4814 3222 4868 pueros.
3283 4800 3531 4851 exercuit

1964 4892 2199 4956 Judazos,
2241 4902 2299 4946 ut
2334 4892 2405 4946 ad
2436 4893 2806 4962 spiritualium
2857 4901 2911 4946 et
2956 4893 3344 4960 perfectiorum
3380 4907 3534 4941 tnnu-a

1964 4986 2214 5039 datorum
2247 4986 2615 5053 receptionem
2645 4984 2818 5054 magis
2870 4982 3096 5035 idoneos
3138 4981 3406 5034 redderet.
3458 4979 3533 5031 l‘ix‘

1967 5079 2053 5133 Itis
2090 5079 2289 5132 etenim
2344 5078 2507 5131 docet
2569 5086 2626 5132 et
2695 5091 2796 5129 nos
2850 5091 3039 5128 eorum
3085 5074 3535 5129 conversaIiouus

1966 5168 2153 5239 fugere
2181 5168 2399 5231 debere,
2442 5183 2510 5221 ne
2543 5181 2864 5221 sermonum
2896 5164 3215 5233 impuritate
3245 5179 3310 5216 ex
3342 5178 3530 5215 eorum

1965 5277 2060 5316 ore
2117 5260 2444 5331 procedente
2481 5260 2674 5329 polluti
2732 5257 2928 5312 simus.
2984 5256 3206 5311 lliVero
3236 5264 3383 5314 sunt.
3438 5252 3531 5319 qui

1966 5355 2217 5410 morbum
2250 5368 2412 5408 suum
2447 5352 2717 5422 pestiferae
2750 5350 2926 5405 instar
2966 5347 3275 5403 iniectionis
3325 5347 3379 5399 in
3412 5360 3529 5397 0m-

1966 5463 2061 5502 nes
2107 5446 2366 5500 inducere
2405 5458 2756 5514 summopere
2783 5453 3074 5508 conantur,
3109 5451 3161 5495 et
3195 5438 3535 5510 quampluri-

1966 5556 2084 5594 mos
2140 5538 2344 5593 habere
2399 5537 2503 5591 sibi
2566 5537 2801 5602 similes,
2851 5543 2911 5589 ut
2976 5551 3029 5590 tu
3074 5534 3342 5588 malorum
3383 5548 3531 5587 come

1965 5632 2227 5684 munione
2269 5631 2555 5684 criminum
2623 5630 2787 5682 etiam
2836 5629 3124 5690 cunv.cia,
3174 5636 3335 5697 prout
3385 5625 3532 5681 soi.ti

1964 5732 2109 5784 sunt.
2157 5720 2459 5789 aufugiam.
2519 5720 2591 5772 At
2641 5731 2822 5772 nostra
2883 5720 2965 5772 lex
3022 5734 3129 5771 non
3184 5718 3365 5770 minus
3410 5716 3540 5771 illus,

1964 5830 2125 5885 quam
2179 5830 2342 5869 sanus
2388 5815 2651 5879 admittit,
2698 5811 2956 5875 quoniam
3012 5811 3105 5881 qui
3141 5809 3227 5862 vel
3269 5808 3421 5877 lepra
3461 5808 3537 5859 ιυε
