3918 6608
381 419 522 484 1383

1571 412 1937 473 MATTIIEI
1984 413 2407 473 BLASTARIS

3506 406 3640 476 i334

376 534 662 595 horabaut,
723 531 793 585 ob
846 528 991 584 illam
1081 538 1342 598 tauquam
1409 528 1611 598 impuri
1683 542 1712 581 a
1753 528 1948 581 castris

2059 545 2142 581 ιον
2174 529 2395 594 τούτους
2421 529 2531 583 τῶν
2570 530 2927 599 ὑγιαινόντων
2950 533 3265 602 προσίεταν
3299 533 3430 585 ἐπεὶ
3463 535 3561 585 καὶ
3587 536 3637 585 οἱ

373 626 810 688 amovebantur;
849 622 1008 677 nobis
1051 632 1232 676 autem
1283 632 1338 676 et
1380 620 1633 677 concioni
1670 620 1837 675 simul
1862 621 1946 673 in-

373 724 590 770 tersuut
617 724 672 769 et
735 714 898 769 simul
931 723 1245 783 precamur,
1297 728 1364 767 ex
1429 713 1625 768 morbo
1676 712 1810 766 nihil
1843 712 1945 765 im-

374 806 569 876 pediti.

446 980 756 1037 Vicesimus
811 977 1088 1037 secundus
1117 998 1247 1037 vero
1280 979 1555 1040 Timethei
1595 982 1946 1039 Δίοισιιάιὶιή

368 1088 572 1138 canon,
633 1073 688 1129 Si
721 1075 1010 1144 cogitatio,
1042 1075 1248 1145 inquit,
1299 1075 1634 1131 desiderium
1666 1079 1718 1131 in
1764 1093 1829 1131 eo
1855 1078 1946 1147 qui

370 1168 612 1219 somniat
671 1166 1008 1230 accenderit,
1039 1176 1091 1220 et
1124 1165 1247 1234 ipso
1276 1166 1327 1218 in
1356 1167 1684 1235 cogitatione
1706 1183 1802 1221 sua
1833 1182 1953 1237 pcr-

370 1257 622 1317 SlSlL'lllc,
656 1256 825 1312 ﬂuuio
849 1258 1078 1311 seminis
1107 1266 1404 1311 consecuta
1434 1256 1622 1323 fuerit,
1650 1257 1949 1314 differenda

371 1357 457 1404 est
493 1350 851 1415 communio;
891 1351 1138 1405 assensio
1161 1351 1307 1404 enim
1343 1344 1579 1405 mentem
1618 1351 1945 1422 inquinarit.

371 1440 428 1492 Si
488 1448 618 1493 Vero
669 1441 805 1494 nihil
871 1441 1069 1495 horum
1137 1444 1516 1514 praecesserit,
1591 1444 1947 1498 tentationem

371 1546 493 1585 esse
521 1532 748 1592 diaboli,
777 1546 804 1585 a
836 1532 1021 1586 divina
1054 1535 1445 1589 communione
1486 1534 1637 1589 illum
1679 1536 1950 1590 abducere

371 1623 670 1687 molientis,
727 1622 1080 1678 manifestum
1136 1624 1237 1691 fit;
1273 1628 1365 1680 sed
1418 1626 1464 1680 is
1509 1626 1641 1680 nihil
1691 1625 1949 1681 haesitans

370 1717 437 1767 ad
477 1717 920 1770 cotnmunionem
948 1718 1194 1773 accedat.
1224 1719 1277 1773 Si
1302 1721 1446 1773 enim
1473 1719 1528 1773 in
1556 1733 1644 1782 eo,
1674 1734 1742 1773 ne
1765 1733 1949 1775 sacra-

375 1810 541 1863 menti
574 1810 809 1878 posthac
843 1812 918 1863 sit
961 1811 1256 1879 particeps,
1300 1810 1443 1865 felici
1480 1825 1736 1865 successu
1763 1820 1949 1864 utatur

373 1901 461 1956 ille
508 1902 708 1966 malus,
767 1917 872 1955 non
916 1902 1155 1956 cessabit
1209 1902 1416 1956 homini
1502 1902 1772 1966 insidiari,
1814 1918 1952 1972 quo-

374 1993 702 2061 ticscunque
742 2009 866 2047 eum
905 1992 971 2046 ad
1002 1984 1241 2048 divinam
1298 1995 1740 2049 communionem
1773 2008 1831 2049 se
1860 2011 1950 2049 ac-

371 2085 592 2152 cingere
625 2084 965 2154 cognoverit.

370 2197 523 2250 CiP.
556 2196 751 2253 XXIX.
788 2197 942 2273 Quod
982 2199 1177 2273 divina
1229 2199 1625 2253 communionis
1664 2197 1837 2273 “gratia
1866 2200 1951 2253 ui-

845 2269 924 2322 Itil
977 2271 1218 2338 accipere
1267 2280 1494 2337 Oportet.

438 2355 750 2413 Vicesimus
791 2360 987 2414 tertius
1022 2374 1079 2413 vt
1122 2375 1243 2430 syu.
1308 2376 1484 2416 canon
1544 2360 1948 2417 immaculatam

372 2450 740 2518 praebentibus
787 2448 989 2520 populo
1047 2454 1489 2507 communionem
1522 2452 1746 2506 omnino
1776 2452 1946 2507 inter-

371 2541 544 2606 dicit,
607 2559 674 2597 ne
736 2544 804 2597 ab
840 2544 908 2597 iis
967 2545 1059 2614 qui
1117 2544 1527 2599 communicant
1591 2545 1815 2609 obolos,
1866 2546 1948 2600 vel

371 2632 625 2700 quamvis
670 2632 835 2686 aliam
881 2635 1117 2702 speciem
1147 2633 1390 2700 exigant.
1426 2632 1562 2688 Nam
1612 2637 1787 2705 gratia
1839 2650 1947 2689 non

368 2732 454 2778 est
485 2725 712 2790 venalis,
755 2724 958 2795 inquit,
1011 2724 1170 2796 165
1200 2741 1378 2795 neque
1429 2727 1599 2796 igitur
1628 2729 1820 2796 pretio,
1855 2730 1946 2784 sed

370 2817 638 2871 sanctitas
674 2817 843 2886 gratis
865 2818 1071 2872 sanctis
1107 2815 1565 2872 commuuiCanda
1593 2830 1696 2872 est.
1734 2818 1791 2873 Si
1825 2822 1949 2888 quis

369 2918 550 2964 autem
593 2925 809 2976 eorum,
846 2914 939 2980 qui
993 2920 1123 2964 sunt
1170 2912 1225 2964 in
1278 2910 1606 2965 clericorum
1661 2912 1947 2982 catalogo.

374 3002 533 3056 talem
586 3005 825 3071 speciem
858 3002 1079 3071 exigere
1110 3002 1482 3071 deprehensus
1532 3002 1717 3070 fuerit,
1748 3006 1949 3075 quibus

371 3092 782 3146 immaculatam
848 3091 1241 3161 impertiuntur
1296 3093 1784 3158 communionem,
1852 3096 1948 3149 de-

2051 622 2260 691 λέπραν
2286 624 2614 693 νοσήσαντες
2673 626 2804 693 παρ’
2831 625 3061 678 ἐκείνων
3094 627 3193 694 μὲν
3247 626 3343 678 καὶ
3369 628 3469 694 τῆς
3500 643 3640 695 παρ-

2050 713 2289 783 εμϐολῆς
2305 715 2627 784 ἠλαύνοντο,
2652 717 2728 779 ὡς
2748 716 3073 786 ἀκάθαρτοι·
3096 718 3229 785 ἡμῖν
3245 717 3303 770 δὲ
3324 718 3423 770 καὶ
3447 735 3633 770 συνεκ-

1950 844 1971 849 ε
2052 804 2411 874 κλησιάξουσι
2473 809 2568 861 καὶ
2622 807 2996 876 συνεύχονται,
3044 807 3212 878 μηδὲν
3246 808 3310 860 ἐκ
3345 807 3444 877 τῆς
3480 807 3637 879 νόσου

2053 894 2499 966 ἐμποδιζόμενοι.
3521 968 3527 973 _

2135 987 2196 1039 Ὀ
2223 985 2283 1039 δέ
2330 986 2400 1057 ιβ’
2430 985 2613 1040 κανὼν
2661 986 2756 1040 τοῦ
2792 986 3063 1056 Τιμοθέου
3100 986 3541 1058 Ἀλεξανδρείας,
3575 988 3636 1039 Εἰ

2056 1078 2157 1146 μὲν
2212 1078 2515 1145 λογισμὸς,
2576 1078 2777 1148 φησὶν,
2829 1078 3128 1149 ἐπιθυμίας
3189 1079 3502 1149 προσέϐαλε
3540 1079 3636 1147 Δτῷ

2051 1172 2439 1241 ὀνειρασθέντι,
2468 1173 2564 1224 καὶ
2590 1170 2783 1224 τούτου
2812 1171 3375 1242 ἐμφιλοχωρήσαντος
3400 1175 3463 1241 τῇ
3492 1174 3638 1224 ἑκεί-

2051 1280 2145 1317 νου
2172 1263 2404 1335 διανοίᾳ,
2452 1265 2485 1333 ή
2531 1248 2630 1333 τῆς
2656 1263 2826 1333 ⁴γονῆς
2868 1263 3025 1333 ῥύσις
3058 1263 3498 1334 ἐπηκολούθησε,
3536 1266 3634 1330 τὴν

2052 1357 2340 1411 κοινωνίαν
2402 1357 2764 1427 ὐπερθετέον*
2828 1359 2863 1427 ἡ
2921 1357 3032 1428 γὰρ
3086 1356 3496 1426 συγκατάθεσις
3547 1356 3637 1407 τὶν

2050 1448 2313 1515 λογισμὸν
2337 1448 2624 1518 ἐμόλυνεν.
2662 1447 2723 1499 Ei
2754 1448 2809 1501 δὲ
2843 1448 2999 1501 οὐδὲν
3024 1449 3230 1503 τούτων
3249 1452 3634 1520 προηγήσατο,

2051 1539 2333 1593 δείκνυται
2363 1541 2561 1609 πεῖραν
2591 1535 2734 1593 εἶναι
2766 1540 2861 1594 τοῦ
2893 1539 3170 1607 διαϐόλου,
3201 1544 3299 1611 τῆς
3331 1542 3488 1603 θείας
3532 1534 3634 1593 etia-

2050 1630 2139 1684 τδν
2170 1631 2409 1698 ἀπάγειν
2441 1629 2729 1693 κοινωνίας
2774 1630 3194 1700 μηχανωμένου,
3235 1630 3374 1684 ἀλλὰ
3412 1628 3580 1700 μηδὲν
3608 1629 3637 1680 ό

2048 1720 2288 1785 τοιοῦτος
2332 1720 2618 1787 ἐνδοιάζων
2673 1723 2740 1791 τῇ
2789 1723 3057 1793 κοινωνίᾳ
3095 1722 3368 1791 προσίτω.
3401 1723 3464 1775 Ei
3525 1723 3633 1789 γᾶρ

2052 1815 2146 1867 καὶ
2178 1813 2552 1884 κατορθωθείη
2586 1813 2665 1883 τῷ
2694 1812 2919 1884 πονηρῷ
2952 1814 3014 1865 τὸ
3056 1814 3131 1884 μὴ
3172 1815 3425 1882 μετέχειν
3465 1813 3635 1865 aisz

2053 1904 2303 1958 ἐντεῦθεν
2327 1904 2432 1957 ¹τῶν
2453 1905 2840 1974 ἁγιασμάτων,
2866 1903 3235 1957 ἐπιϐουλεύων
3250 1904 3310 1961 οὐ
3334 1903 3632 1964 παύσεται,

2052 1994 2245 2059 ὁσάκις
2273 1994 2340 2050 ἂν
2373 1996 2537 2049 αὐτὸν
2558 1994 2673 2065 γνῷ
2724 1995 2864 2065 πρὸς
2892 1994 2993 2067 τὴν
3021 1994 3172 2047 θείαν
3201 1992 3634 2063 ἐτοιμαζόμενκ

2055 2088 2368 2143 κοινωνίαν.

2057 2199 2305 2254 ΚΕΦΔΑ.
2339 2201 2470 2255 ΚΘ’.
2505 2201 2628 2252 Ὅτι
2656 2200 2766 2267 τῆς
2799 2200 2963 2263 θείας
2990 2200 3307 2265 κοινωνίας
3348 2197 3532 2267 χάριν
3558 2199 3632 2251 οὐ

2570 2267 2666 2323 δεῖ
2690 2288 2741 2323 τι
2771 2270 3124 2339 λαμϐάνειν.

2136 2362 2195 2415 '0
2241 2378 2312 2429 κγ
2359 2360 2457 2431 τῆς
2516 2359 2571 2424 ς’
2604 2360 2824 2413 συνόδου
2875 2359 3055 2414 κανὼν
3107 2363 3221 2422 τοῖς
3288 2358 3631 2429 μεταδιδοῦι

2052 2453 2130 2526 τῷ
2160 2453 2274 2524 λαῷ
2298 2453 2400 2523 τῆς
2431 2452 2707 2524 ἁχράντου
2740 2452 3026 2515 κοινωνίας
3086 2453 3440 2504 παντάπασιν
3472 2450 3604 2501 ἁπεί

2055 2563 2193 2617 ρηκε
2237 2546 2363 2608 τοῦς
2405 2544 2926 2614 μεταλαμβάνοντας
2979 2543 3332 2614 εἰσπράττειν
3374 2540 3625 2603 ὀϐολοὺς,

2052 2640 2085 2707 ἢ
2108 2637 2418 2709 οἰονδήποτε
2438 2631 2594 2699 εἶδος·
2634 2636 2668 2703 ἡ
2694 2635 2801 2706 γὰρ
2824 2637 3004 2704 χάρις,
3023 2637 3210 2706 φησὶν,
3233 2634 3296 2687 ού
3324 2636 3631 2704 πιπράσκει

2051 2743 2163 2781 ται.
2214 2727 2305 2796 Μὴ
2354 2725 2534 2778 τοίνυν
2583 2725 2673 2778 διά
2731 2726 3054 2794 χρημάτων,
3111 2724 3251 2777 ἀλλὰ
3292 2726 3500 2792 προῖκα
3532 2721 3625 2777 τοῦ

2052 2815 2327 2886 άγιασμοῦ
2356 2818 2470 2879 τοῖς
2498 2815 2669 2882 ἀξίοις
2702 2815 3037 2885 μεταδοτέον.
3069 2817 3131 2869 Ei
3151 2816 3208 2868 δὲ
3242 2816 3525 2887 φωραθείη
3546 2832 3629 2878 τνς

2051 2909 2157 2962 τῶν
2179 2911 2235 2962 ἐν
2254 2909 2333 2979 τῷ
2355 2907 2542 2979 κλήρῳ
2569 2908 3009 2978 κατειλεγμένων
3026 2911 3087 2963 τδ
3116 2909 3330 2962 οίονοῦν
3357 2910 3623 2977 είσπράτ-

2049 3018 2158 3054 των
2187 2998 2345 3065 εἶδος,
2381 2995 2457 3053 ὧν
2489 3000 2588 3070 τῆς
2634 3002 2905 3069 ἀχράντου
2942 3003 3272 3072 μεταδίδωσι
3314 3002 3622 3064 κοινωνίας,

2054 3093 2441 3163 καθαιρείσθω,
2474 3090 2560 3147 οἷα
2588 3094 2835 3165 ζηλωτὴς
2870 3095 2970 3164 τῆς
3003 3094 3100 3148 τοῦ
3134 3095 3385 3164 Σίμωνος
3417 3095 3624 3161 πλάνης

371 3194 642 3253 ponatur,
700 3193 758 3238 ut
802 3183 1102 3240 Simoniaci
1147 3186 1352 3240 erroris
1401 3198 1455 3242 et
1489 3188 1741 3242 maleficii
1776 3204 1937 3242 {ﬁniti

2059 3186 2149 3238 καὶ
2173 3184 2536 3257 κακουργίας’
2570 3181 2723 3248 οὗτος
2753 3187 2862 3258 γὰρ
2897 3188 3195 3258 χρημάτων
3223 3186 3493 3259 πρίασθαι
3526 3186 3623 3256 τὴν

370 3277 568 3333 lator:
627 3278 716 3332 ille
762 3278 909 3333 enim
961 3279 1139 3348 pretio
1199 3294 1382 3333 emere
1422 3278 1659 3349 Spiritus
1719 3283 1949 3350 gratiam

375 3370 709 3439 postulabat.

368 3485 523 3541 CAP.
578 3484 747 3539 XXX.
809 3485 883 3539 De
943 3487 1009 3539 iis
1048 3488 1138 3556 qui
1199 3503 1319 3558 cum
1359 3489 1660 3558 presbytero
1719 3506 1936 3545 uxorem

650 3558 871 3610 habente
943 3556 1335 3610 communicare
1362 3556 1670 3629 ambigunt.

447 3646 581 3701 Vide
620 3648 675 3701 in
713 3647 746 3701 9
786 3648 968 3717 capite
1012 3648 1207 3704 litterre
1272 3649 1311 3703 Β
1370 3665 1633 3706 canonem
1680 3651 1713 3704 ι
1760 3653 1950 3723 synoli

370 3738 726 3809 Gangrensis.

367 3853 524 3909 CAP.
554 3850 749 3907 XXXI.
773 3850 849 3908 De
864 3852 1292 3935 presbyterorum
1321 3864 1370 3909 at
1404 3854 1663 3911 (ait-orum
1685 3856 1950 3921 ordinem

970 3940 1361 3982 communione.

439 4016 628 4072 Canon
657 4015 725 4070 58
758 4024 927 4070 sexta:
960 4015 1154 4085 synodi
1232 4032 1340 4070 non
1386 4017 1653 4087 permittit
1698 4018 1859 4082 laico,
1893 4030 1951 4072 ut

370 4107 553 4160 divina
602 4106 860 4176 mysteria
895 4105 1000 4160 sibi
1047 4106 1350 4175 impertiat,
1392 4117 1663 4176 praesente
1692 4110 1949 4180 episc0po

371 4197 456 4251 vel
489 4198 809 4268 presbytero
857 4197 943 4251 vel
987 4196 1247 4251 diacono.
1289 4196 1394 4264 Qui
1428 4214 1562 4253 vero
1607 4209 1800 4269 pratter
1836 4203 1950 4256 haec

371 4288 522 4352 facit,
558 4305 663 4342 una
699 4288 1007 4357 septimana
1040 4290 1315 4360 segregari
1362 4289 1587 4361 dignum
1626 4292 1861 4362 judicat,
1892 4302 1950 4346 ut

369 4378 548 4437 discat
595 4379 823 4433 humilis
861 4379 1002 4444 ﬁeri,
1054 4389 1112 4435 et
1161 4395 1267 4434 non
1320 4382 1529 4453 majora
1583 4383 1701 4438 suis
1737 4384 1949 4439 meritis

368 4470 614 4556 aggredi.

446 4539 795 4618 Centesimus
827 4563 1037 4634 primus
1061 4579 1189 4619 vero
1219 4580 1563 4637 nequaquam
1593 4565 1946 4624 admittiteos
1972 4537 2027 4598 Β

370 4656 463 4726 qui
499 4666 722 4725 propter
755 4657 1077 4726 religionem
1114 4658 1251 4712 forte
1284 4668 1338 4712 et
1362 4674 1645 4713 sacrorum
1675 4658 1945 4714 donorum

374 4746 803 4810 venerationem,
861 4748 1227 4817 receptaculis
1277 4764 1344 4803 ex
1397 4762 1537 4802 auro
1588 4749 1670 4802 vel
1720 4758 1948 4816 argento

373 4839 550 4893 aliave
594 4840 836 4909 pretiosa
887 4840 1115 4894 materia
1166 4842 1523 4910 comparatis,
1575 4841 1756 4896 divina
1798 4843 1947 4897 exci-

372 4932 526 4998 piunt
556 4931 722 4994 dona,
772 4943 828 4986 et
877 4932 951 4986 ita
983 4935 1441 4989 cmumunicant:
1475 4935 1567 4990 sed
1603 4936 1697 5006 qui
1751 4952 1946 4993 manus

371 5023 424 5075 iu
460 5021 646 5076 crucis
682 5022 904 5076 modum
935 5022 1302 5087 conformant,
1335 5039 1386 5079 et
1419 5024 1529 5081 illis
1563 5027 1807 5081 divinum
1843 5028 1947 5083 do-

370 5126 500 5164 num
547 5110 883 5179 excipientes
940 5115 1371 5169 coutmunicant.
1427 5115 1616 5187 Longe
1660 5120 1805 5171 enim
1867 5121 1945 5174 rei

369 5202 596 5256 cuilibet
643 5202 888 5257 sensibili
938 5207 1273 5272 prmponitur
1306 5205 1397 5261 Dei
1451 5223 1613 5261 manu
1662 5208 1945 5264 eﬂ‘ormata

371 5310 567 5349 manus
597 5295 858 5362 hominis,
890 5295 1070 5349 divina
1128 5296 1370 5367 imagine
1416 5299 1713 5365 nobilitati,
1742 5309 1796 5355 et
1821 5300 1946 5355 ecr-

371 5400 472 5455 pus
503 5385 707 5441 Christi
740 5372 1031 5455 nominati,
1079 5397 1132 5443 et
1183 5391 1447 5460 templum
1495 5390 1589 5446 Dei
1641 5394 1942 5448 secundum

369 5476 616 5530 divinum
664 5479 1007 5548 Apostolum.
1043 5478 1202 5533 Manu
1260 5481 1445 5549 igitur,
1503 5483 1702 5554 inquit,
1761 5487 1946 5555 gratiae

370 5567 809 5621 communionem
836 5569 1066 5637 quilibet
1086 5570 1358 5639 accipiat;
1394 5588 1554 5628 nemo
1580 5575 1724 5629 enim
1755 5593 1942 5631 revera

369 5656 569 5711 divina:
602 5661 1007 5715 communionis
1048 5661 1247 5731 dignus
1279 5673 1384 5726 est,
1430 5665 1525 5719 sed
1559 5682 1622 5720 ea
1662 5667 1808 5737 digni
1853 5686 1945 5735 per

318 5816 323 5823 ~
368 5747 601 5815 gratiam
637 5762 832 5802 omnes
854 5749 1141 5814 eliicimur,
1180 5753 1646 5820 quemadmodum
1690 5767 1741 5809 et
1771 5759 1942 5827 gratia

369 5836 563 5893 salvati
592 5851 804 5904 sumus,
835 5847 894 5894 ut
930 5840 1131 5896 alicubi
1164 5841 1298 5898 dicit
1325 5843 1646 5914 Apostolus.
1680 5847 1781 5913 Qui
1815 5865 1941 5902 vero

2059 3277 2217 3346 χάριν
2252 3275 2434 3347 ἐζήτει
2466 3277 2562 3331 τοῦ
2592 3278 2943 3348 Πνεύματος.

2056 3476 2304 3532 ΚΕΦΑΛ.
2338 3480 2439 3552 ΑΝ.
2479 3456 2616 3547 Περὶ
2645 3479 2765 3532 τῶν
2785 3481 3120 3552 κοινωνεῖν
3151 3472 3617 3552 διακρινομένων

2096 3555 2101 3559 ’
2316 3550 2438 3604 ἀπὸ
2485 3550 2908 3619 πρεσϐυτέρου
2937 3554 3367 3621 γεγαμηκότος.

2123 3641 2285 3711 Ζήτει
2333 3643 2399 3695 ἐν
2453 3643 2531 3713 τῷ
2578 3643 2624 3696 θ’
2657 3661 2785 3713 κεφ.
2825 3642 2918 3695 τοῦ
2955 3643 2996 3695 Β
3041 3645 3311 3714 στοιχείου
3345 3646 3547 3701 κανόνα
3578 3646 3615 3699 δ’

2051 3736 2149 3800 τῆς
2180 3733 2238 3785 ἐν
2268 3734 2498 3805 Γάγγρᾳ
2535 3736 2772 3789 συνόίου.
2946 3796 2952 3807 η

2054 3848 2308 3903 ΚΕΦΔΛ.
2355 3847 2481 3903 AA’.
2537 3851 2675 3919 Περὶ
2732 3850 2843 3919 τῆς
2888 3852 2958 3905 ἐν
3012 3855 3296 3919 κοινωνίᾳ
3337 3851 3615 3916 εὐταξίας

2406 3919 2824 3989 πρεσϐυτέρων
2878 3923 2975 3976 καί
3014 3920 3261 3977 latuit“.

2132 4013 2194 4065 Ὀ
2223 4011 2326 4081 τῆς
2361 4011 2413 4077 ς’
2438 4012 2660 4066 συνόδου
2690 4019 2772 4082 νη¹
2799 4013 2980 4066 κανὼν
3002 4015 3102 4067 ούκ
3126 4014 3418 4084 ἐπιτρέπει
3450 4013 3615 4083 λαῖκῷ

2050 4104 2159 4158 τῶν
2197 4103 2357 4157 θείων
2389 4107 2710 4176 μυστηρίων
2764 4105 2943 4177 ἐαυτῷ
2992 4107 3360 4176 μεταδιδόναι,
3405 4107 3617 4159 ἐπισκό-

2052 4213 2155 4249 που
2187 4195 2479 4265 παρόντος,
2518 4196 2553 4267 ﬂ
2602 4197 2978 4268 πρεσϐυτέρου
2999 4240 3014 4261 ,
3047 4198 3079 4268 ἢ
3111 4198 3394 4253 διακόνου.
3428 4199 3534 4252 Τὸν
3561 4198 3615 4250 δὲ

2051 4286 2205 4357 παρὰ
2256 4286 2433 4341 ταῦτα
2487 4288 2748 4341 ποιοῦντα
2799 4290 2881 4352 είς
2931 4289 3203 4359 ἑϐδομάδα
3240 4289 3373 4359 μίαν
3425 4290 3616 4360 ἀφορί-

2053 4377 2244 4442 ζεσθαι
2276 4378 2449 4445 ἀξιοῖ,
2482 4378 2571 4432 ίνα
2615 4380 2773 4449 μάθοι
2820 4379 3228 4448 ταπεινοῦσθαι,
3265 4382 3362 4435 καὶ
3393 4383 3470 4454 μὴ
3505 4385 3616 4445 τοῖς

2054 4469 2194 4540 ὑπὲρ
2235 4471 2429 4522 ἑαυτὸν
2454 4472 2747 4541 ἐγχειρεῖν.
3578 4524 3592 4537 ,

2135 4558 2195 4612 Ὀ
2224 4559 2281 4612 δὲ
2319 4566 2400 4629 ρα¹
2442 4562 2663 4614 πάντων
2712 4561 2913 4631 ἣκιστα
2944 4564 3232 4633 προσίεται
3284 4566 3416 4628 τοὺς
3439 4564 3507 4617 δι’
3528 4565 3615 4617 εὖ-

2049 4651 2273 4706 λὰϐειαν
2301 4650 2464 4721 δῆθεν
2494 4652 2588 4706 καὶ
2616 4653 2724 4706 τῶν
2751 4653 2913 4708 θείων
2944 4654 3134 4723 δώρων
3168 4658 3338 4725 τιμὴν
3401 4659 3614 4711 σκεύεσι

2049 4743 2289 4815 χρυσοῦ,
2342 4745 2374 4815 ῆ
2410 4744 2680 4817 ἀργύρου,
2712 4746 2745 4816 ἢ
2791 4747 3122 4813 πολυτελοῦς
3157 4749 3322 4820 ἄλλης
3358 4750 3493 4821 ῦλης
3525 4768 3616 4804 πε-

2050 4834 2391 4905 ποιημένοις,
2447 4836 2517 4889 τά
2573 4834 2698 4888 θεῖα
2743 4835 3071 4906 δεχομένους
3102 4838 3270 4907 δῶρα,
3330 4841 3427 4892 καὶ
3474 4840 3613 4892 οὕτω

2052 4927 2596 4997 μεταλαμϐάνοντας·
2628 4928 2766 4980 ἀλλὰ
2802 4930 2903 4991 τὰς
2930 4931 3117 4999 χεῖρας
3146 4930 3224 4991 είς
3248 4930 3421 4983 τύπον
3456 4948 3611 4983 σταυ-

2052 5017 2147 5089 ροῦ
2196 5018 2578 5088 σχηματίζειν,
2623 5019 2718 5071 καὶ
2752 5019 2978 5083 ταύταις
3022 5022 3084 5073 τὸ
3115 5020 3259 5073 θεῖον
3285 5021 3612 5091 ύποδεχομέο

2049 5126 2173 5170 νους
2223 5109 2398 5179 δῶρον
2456 5108 2919 5179 μεταλαμϐάνειν.
2974 5110 3187 5180 Μακρῷ
3213 5113 3324 5182 γάρ
3357 5113 3607 5181 αἰσθητοῦ

2052 5201 2253 5264 παντὸς
2295 5201 2695 5272 προτετίμηται
2739 5202 2772 5271 ὴ
2813 5204 2962 5271 χειρῖ⁹
2996 5203 3132 5257 Θεοῦ
3162 5203 3470 5257 πλασθεῖσα
3497 5205 3607 5273 χεὶρ

2050 5293 2365 5365 ἀνθρώπου,
2412 5293 2506 5347 τοῦ
2541 5293 2712 5347 είκόνι
2740 5293 2861 5364 θείᾳ
2889 5296 3281 5365 τετιμημένου,
3333 5299 3431 5350 καί⁵
3456 5297 3603 5365 σῶμα

2050 5383 2290 5456 Χριστοῦ
2323 5384 2792 5455 χρηματίσαντος,
2848 5387 2943 5438 καὶ
3000 5385 3129 5448 ναὸς
3160 5384 3321 5455 Θεοῦ,
3346 5386 3488 5438 κατὰ
3518 5385 3603 5437 τὸν

2052 5478 2195 5531 θεῖον
2246 5476 2593 5531 Ἀπόστολον.
2628 5477 2706 5546 Τῇ
2744 5476 2893 5547 χειρὶ
2918 5472 3015 5530 οὖν
3041 5468 3273 5541 ἕκαστος
3297 5477 3396 5548 τήν
3428 5495 3603 5530 κοινω-

2049 5573 2168 5626 νίαν
2221 5572 2483 5642 δεχέσθω,
2528 5576 2684 5641 φησὶ,
2717 5574 2819 5642 τῆς
2854 5572 3101 5643 χάριτος*
3137 5573 3355 5639 ἀληθῶς
3383 5575 3490 5643 γάρ
3516 5575 3602 5628 οὔ·

2049 5662 2161 5724 δεὶς
2218 5663 2314 5731 τῆς
2378 5661 2529 5723 θείας
2586 5661 2942 5730 μεταλήψεως
2987 5661 3178 5727 ἄξιος,
3234 5662 3372 5715 ἀλλὰ
3433 5665 3600 5732 χάριτι

2050 5754 2251 5814 πάντες
2287 5753 2457 5821 αὐτῆς
2515 5732 2834 5821 ἁξιούμεθα,
2880 5750 3017 5804 καθὸ
3060 5755 3155 5805 καὶ
3212 5752 3397 5822 χάριτί
3449 5757 3599 5821 ἐσμεν

2052 5849 2420 5916 σεσωσμένοι,
2474 5847 2547 5910 ὦς
2579 5847 2677 5901 πού
2728 5864 2892 5918 φησιν
2938 5849 2967 5900 ὁ
2995 5845 3343 5911 Ἀπόστολος.
3389 5847 3517 5910 Τοὺς
3550 5849 3597 5898 ἑὲ
