  <div class='ocr_page' id='page_1' title='image "/cluster/home/n/w/nwhite01/storage/ocr_20150623/144/hvd.32044019208339/700.png"; bbox 0 0 3918 6594; ppageno 0'>
   <div class='ocr_carea' id='block_1_1' title="bbox 1413 6 2959 34">
    <p class='ocr_par' dir='ltr' id='par_1_1' title="bbox 1770 8 2959 29">
     <span class='ocr_line' id='line_1_1' title="bbox 1770 8 2959 29; baseline 0.002 -22"><span class='ocrx_word' id='word_1_1' title='bbox 1770 26 1835 29; x_wconf 28' lang='grc' dir='ltr'><strong>-Ῠ</strong></span> <span class='ocrx_word' id='word_1_2' title='bbox 1994 15 2475 26; x_wconf 42' lang='lat' dir='ltr'><strong>v—_______7</strong></span> <span class='ocrx_word' id='word_1_3' title='bbox 2630 8 2959 14; x_wconf 32' lang='lat' dir='ltr'><em>iiii</em></span> 
     </span>
    </p>
   </div>
   <div class='ocr_carea' id='block_1_2' title="bbox 215 334 352 400">
    <p class='ocr_par' dir='ltr' id='par_1_2' title="bbox 215 334 352 400">
     <span class='ocr_line' id='line_1_2' title="bbox 215 334 352 400; baseline 0.007 -1"><span class='ocrx_word' id='word_1_4' title='bbox 215 334 352 400; x_wconf 70' lang='lat'><strong>1385</strong></span> 
     </span>
    </p>
   </div>
   <div class='ocr_carea' id='block_1_3' title="bbox 1179 326 2474 398">
    <p class='ocr_par' dir='ltr' id='par_1_3' title="bbox 1179 326 2474 398">
     <span class='ocr_line' id='line_1_3' title="bbox 1179 326 2474 398; baseline -0.002 -1"><span class='ocrx_word' id='word_1_5' title='bbox 1179 334 1579 398; x_wconf 78' lang='lat' dir='ltr'><strong>SYNTAGMA</strong></span> <span class='ocrx_word' id='word_1_6' title='bbox 1619 326 2361 396; x_wconf 49' lang='grc' dir='ltr'><strong>ΑΕΡΙῙΑΒΕΤΙΟΗΜζ*</strong></span> <span class='ocrx_word' id='word_1_7' title='bbox 2400 331 2474 395; x_wconf 78' lang='grc' dir='ltr'><strong>Κο</strong></span> 
     </span>
    </p>
   </div>
   <div class='ocr_carea' id='block_1_4' title="bbox 3324 326 3461 392">
    <p class='ocr_par' dir='ltr' id='par_1_4' title="bbox 3324 326 3461 392">
     <span class='ocr_line' id='line_1_4' title="bbox 3324 326 3461 392; baseline -0.007 0"><span class='ocrx_word' id='word_1_8' title='bbox 3324 326 3461 392; x_wconf 70' lang='grc' dir='ltr'>ίθξθ</span> 
     </span>
    </p>
   </div>
   <div class='ocr_carea' id='block_1_5' title="bbox 210 436 1795 523">
    <p class='ocr_par' dir='ltr' id='par_1_5' title="bbox 210 447 1778 523">
     <span class='ocr_line' id='line_1_5' title="bbox 210 447 1778 523; baseline -0.003 -18"><span class='ocrx_word' id='word_1_9' title='bbox 210 453 591 523; x_wconf 74' lang='grc' dir='ltr'><strong>προτιμῶντας</strong></span> <span class='ocrx_word' id='word_1_10' title='bbox 621 452 718 522; x_wconf 83' lang='grc' dir='ltr'>τῆς</span> <span class='ocrx_word' id='word_1_11' title='bbox 740 452 833 506; x_wconf 77' lang='grc' dir='ltr'><strong>τοῦ</strong></span> <span class='ocrx_word' id='word_1_12' title='bbox 859 448 994 505; x_wconf 81' lang='grc' dir='ltr'>Θεοῦ</span> <span class='ocrx_word' id='word_1_13' title='bbox 1019 449 1225 515; x_wconf 82' lang='grc' dir='ltr'><strong>εἰκόνος</strong></span> <span class='ocrx_word' id='word_1_14' title='bbox 1255 450 1354 521; x_wconf 79' lang='grc' dir='ltr'>τὴν</span> <span class='ocrx_word' id='word_1_15' title='bbox 1380 449 1588 521; x_wconf 78' lang='grc' dir='ltr'>ἄψυχον</span> <span class='ocrx_word' id='word_1_16' title='bbox 1622 447 1778 515; x_wconf 79' lang='grc' dir='ltr'>ὕλην,</span> 
     </span>
    </p>
   </div>
   <div class='ocr_carea' id='block_1_6' title="bbox 1884 436 3457 523">
    <p class='ocr_par' dir='ltr' id='par_1_6' title="bbox 1884 436 3457 511">
     <span class='ocr_line' id='line_1_6' title="bbox 1884 436 3457 511; baseline -0.004 -9"><span class='ocrx_word' id='word_1_17' title='bbox 1884 448 2242 506; x_wconf 91' lang='lat' dir='ltr'><strong>inanimatam</strong></span> <span class='ocrx_word' id='word_1_18' title='bbox 2312 444 2602 503; x_wconf 74' lang='lat' dir='ltr'><strong>materiam</strong></span> <span class='ocrx_word' id='word_1_19' title='bbox 2657 440 2748 496; x_wconf 84' lang='lat' dir='ltr'><strong>Dei</strong></span> <span class='ocrx_word' id='word_1_20' title='bbox 2809 436 3032 511; x_wconf 78' lang='lat' dir='ltr'><strong>imagini</strong></span> <span class='ocrx_word' id='word_1_21' title='bbox 3089 445 3457 508; x_wconf 83' lang='lat' dir='ltr'><strong>anteponunt,</strong></span> 
     </span>
    </p>
   </div>
   <div class='ocr_carea' id='block_1_7' title="bbox 206 540 1775 613">
    <p class='ocr_par' dir='ltr' id='par_1_7' title="bbox 206 540 1775 613">
     <span class='ocr_line' id='line_1_7' title="bbox 206 540 1775 613; baseline -0.002 -18"><span class='ocrx_word' id='word_1_22' title='bbox 206 541 301 595; x_wconf 75' lang='grc' dir='ltr'>καὶ</span> <span class='ocrx_word' id='word_1_23' title='bbox 340 542 432 598; x_wconf 69' lang='grc' dir='ltr'><strong>διὰ</strong></span> <span class='ocrx_word' id='word_1_24' title='bbox 486 543 699 597; x_wconf 82' lang='grc' dir='ltr'><strong>σκευῶν</strong></span> <span class='ocrx_word' id='word_1_25' title='bbox 754 541 1012 613; x_wconf 82' lang='grc' dir='ltr'>τοιούτων</span> <span class='ocrx_word' id='word_1_26' title='bbox 1050 542 1328 595; x_wconf 80' lang='grc' dir='ltr'><strong>κοινωνεῖν</strong></span> <span class='ocrx_word' id='word_1_27' title='bbox 1375 540 1775 611; x_wconf 81' lang='grc' dir='ltr'><strong>πειρωμένους,</strong></span> 
     </span>
    </p>
   </div>
   <div class='ocr_carea' id='block_1_8' title="bbox 206 628 1779 705">
    <p class='ocr_par' dir='ltr' id='par_1_8' title="bbox 206 628 1779 705">
     <span class='ocr_line' id='line_1_8' title="bbox 206 628 1779 705; baseline -0.003 -17"><span class='ocrx_word' id='word_1_28' title='bbox 206 634 568 705; x_wconf 76' lang='grc' dir='ltr'><strong>ἀφορίζεσθαι</strong></span> <span class='ocrx_word' id='word_1_29' title='bbox 590 633 903 701; x_wconf 77' lang='grc' dir='ltr'>διορίζεται.</span> <span class='ocrx_word' id='word_1_30' title='bbox 937 634 1097 703; x_wconf 80' lang='grc' dir='ltr'>Ζήτει</span> <span class='ocrx_word' id='word_1_31' title='bbox 1128 631 1222 686; x_wconf 76' lang='grc' dir='ltr'>καὶ</span> <span class='ocrx_word' id='word_1_32' title='bbox 1244 632 1302 684; x_wconf 84' lang='grc' dir='ltr'>ὲν</span> <span class='ocrx_word' id='word_1_33' title='bbox 1325 630 1403 700; x_wconf 85' lang='grc' dir='ltr'>τῷ</span> <span class='ocrx_word' id='word_1_34' title='bbox 1434 628 1476 684; x_wconf 86' lang='grc' dir='ltr'>ε’</span> <span class='ocrx_word' id='word_1_35' title='bbox 1497 630 1779 702; x_wconf 74' lang='grc' dir='ltr'>κεφαλαίῳ</span> 
     </span>
    </p>
   </div>
   <div class='ocr_carea' id='block_1_9' title="bbox 202 719 1778 798">
    <p class='ocr_par' dir='ltr' id='par_1_9' title="bbox 202 719 1778 798">
     <span class='ocr_line' id='line_1_9' title="bbox 202 719 1778 798; baseline -0.003 -17"><span class='ocrx_word' id='word_1_36' title='bbox 202 727 296 781; x_wconf 78' lang='grc' dir='ltr'>τοῦ</span> <span class='ocrx_word' id='word_1_37' title='bbox 332 730 372 780; x_wconf 93' lang='grc' dir='ltr'><strong>Δ</strong></span> <span class='ocrx_word' id='word_1_38' title='bbox 402 728 675 798; x_wconf 85' lang='grc' dir='ltr'>στοιχείου</span> <span class='ocrx_word' id='word_1_39' title='bbox 724 726 932 780; x_wconf 81' lang='grc' dir='ltr'>κανόνα</span> <span class='ocrx_word' id='word_1_40' title='bbox 964 726 1063 797; x_wconf 82' lang='grc' dir='ltr'>τῆς</span> <span class='ocrx_word' id='word_1_41' title='bbox 1112 730 1159 779; x_wconf 82' lang='grc' dir='ltr'>α’</span> <span class='ocrx_word' id='word_1_42' title='bbox 1219 723 1437 779; x_wconf 80' lang='grc' dir='ltr'>συνόδου</span> <span class='ocrx_word' id='word_1_43' title='bbox 1471 726 1562 795; x_wconf 83' lang='grc' dir='ltr'>ιη’,</span> <span class='ocrx_word' id='word_1_44' title='bbox 1594 725 1688 777; x_wconf 71' lang='grc' dir='ltr'>καὶ</span> <span class='ocrx_word' id='word_1_45' title='bbox 1717 719 1778 776; x_wconf 78' lang='grc' dir='ltr'><strong>τὸ</strong></span> 
     </span>
    </p>
   </div>
   <div class='ocr_carea' id='block_1_10' title="bbox 202 817 1147 890">
    <p class='ocr_par' dir='ltr' id='par_1_10' title="bbox 202 817 1147 890">
     <span class='ocr_line' id='line_1_10' title="bbox 202 817 1147 890; baseline 0.001 -17"><span class='ocrx_word' id='word_1_46' title='bbox 202 822 242 873; x_wconf 84' lang='grc' dir='ltr'>δ’</span> <span class='ocrx_word' id='word_1_47' title='bbox 266 821 569 890; x_wconf 81' lang='grc' dir='ltr'>κεφάλαιον</span> <span class='ocrx_word' id='word_1_48' title='bbox 599 819 693 874; x_wconf 74' lang='grc' dir='ltr'><strong>τοῦ</strong></span> <span class='ocrx_word' id='word_1_49' title='bbox 724 818 771 873; x_wconf 84' lang='grc' dir='ltr'><strong>Υ</strong></span> <span class='ocrx_word' id='word_1_50' title='bbox 815 817 1108 890; x_wconf 75' lang='grc' dir='ltr'>στοιχείου.</span> <span class='ocrx_word' id='word_1_51' title='bbox 1137 830 1147 850; x_wconf 77' lang='grc'><strong><em>³</em></strong></span> 
     </span>
    </p>
   </div>
   <div class='ocr_carea' id='block_1_11' title="bbox 203 927 1785 1002">
    <p class='ocr_par' dir='ltr' id='par_1_11' title="bbox 203 927 1785 1002">
     <span class='ocr_line' id='line_1_11' title="bbox 203 927 1785 1002; baseline -0.001 -15"><span class='ocrx_word' id='word_1_52' title='bbox 203 928 459 987; x_wconf 74' lang='grc' dir='ltr'><strong>ΚΕΦᾹΛ.</strong></span> <span class='ocrx_word' id='word_1_53' title='bbox 509 933 634 988; x_wconf 80' lang='lat' dir='ltr'><strong>AB’.</strong></span> <span class='ocrx_word' id='word_1_54' title='bbox 667 933 800 988; x_wconf 71' lang='lat' dir='ltr'><strong>&quot;Ott</strong></span> <span class='ocrx_word' id='word_1_55' title='bbox 841 933 1134 999; x_wconf 79' lang='grc' dir='ltr'>κοσμικὰς</span> <span class='ocrx_word' id='word_1_56' title='bbox 1186 930 1516 1002; x_wconf 73' lang='grc' dir='ltr'><strong>φροντίδας</strong></span> <span class='ocrx_word' id='word_1_57' title='bbox 1563 933 1636 987; x_wconf 87' lang='grc' dir='ltr'>οὐ</span> <span class='ocrx_word' id='word_1_58' title='bbox 1685 927 1785 985; x_wconf 79' lang='grc' dir='ltr'><strong>δεῖ</strong></span> 
     </span>
    </p>
   </div>
   <div class='ocr_carea' id='block_1_12' title="bbox 261 1001 1776 1073">
    <p class='ocr_par' dir='ltr' id='par_1_12' title="bbox 261 1001 1776 1073">
     <span class='ocr_line' id='line_1_12' title="bbox 261 1001 1776 1073; baseline 0.002 -18"><span class='ocrx_word' id='word_1_59' title='bbox 261 1002 535 1073; x_wconf 76' lang='grc' dir='ltr'>μετιέναι</span> <span class='ocrx_word' id='word_1_60' title='bbox 589 1003 941 1072; x_wconf 67' lang='grc' dir='ltr'>κληρικοὺς.</span> <span class='ocrx_word' id='word_1_61' title='bbox 982 1002 1022 1072; x_wconf 81' lang='grc' dir='ltr'><em>ἢ</em></span> <span class='ocrx_word' id='word_1_62' title='bbox 1059 1001 1453 1071; x_wconf 72' lang='grc' dir='ltr'>μον-ἄξοντας,</span> <span class='ocrx_word' id='word_1_63' title='bbox 1488 1003 1542 1057; x_wconf 82' lang='grc' dir='ltr'>εὶ</span> <span class='ocrx_word' id='word_1_64' title='bbox 1564 1003 1776 1073; x_wconf 79' lang='grc' dir='ltr'>μήπου</span> 
     </span>
    </p>
   </div>
   <div class='ocr_carea' id='block_1_13' title="bbox 269 1073 1141 1142">
    <p class='ocr_par' dir='ltr' id='par_1_13' title="bbox 269 1073 1141 1142">
     <span class='ocr_line' id='line_1_13' title="bbox 269 1073 1141 1142; baseline -0.001 -14"><span class='ocrx_word' id='word_1_65' title='bbox 269 1073 402 1128; x_wconf 81' lang='grc' dir='ltr'>κατ’</span> <span class='ocrx_word' id='word_1_66' title='bbox 443 1073 781 1142; x_wconf 73' lang='grc' dir='ltr'>ἐπιτροπὴν</span> <span class='ocrx_word' id='word_1_67' title='bbox 810 1074 1141 1138; x_wconf 66' lang='grc' dir='ltr'>βασιλέως.</span> 
     </span>
    </p>
   </div>
   <div class='ocr_carea' id='block_1_14' title="bbox 275 1183 1769 1253">
    <p class='ocr_par' dir='ltr' id='par_1_14' title="bbox 275 1183 1769 1253">
     <span class='ocr_line' id='line_1_14' title="bbox 275 1183 1769 1253; baseline 0.001 -16"><span class='ocrx_word' id='word_1_68' title='bbox 275 1184 339 1237; x_wconf 85' lang='lat'><strong>&#39;0</strong></span> <span class='ocrx_word' id='word_1_69' title='bbox 380 1183 439 1249; x_wconf 83' lang='grc' dir='ltr'>ς’</span> <span class='ocrx_word' id='word_1_70' title='bbox 461 1184 574 1237; x_wconf 86' lang='grc' dir='ltr'><strong>τῶν</strong></span> <span class='ocrx_word' id='word_1_71' title='bbox 626 1184 799 1253; x_wconf 84' lang='grc' dir='ltr'>ἁγίων</span> <span class='ocrx_word' id='word_1_72' title='bbox 844 1185 1161 1239; x_wconf 75' lang='grc' dir='ltr'>ἀποστόλων</span> <span class='ocrx_word' id='word_1_73' title='bbox 1214 1184 1394 1240; x_wconf 83' lang='grc' dir='ltr'>κανὼν</span> <span class='ocrx_word' id='word_1_74' title='bbox 1450 1184 1769 1251; x_wconf 75' lang='grc' dir='ltr'>ἐπίσκοπον,</span> 
     </span>
    </p>
   </div>
   <div class='ocr_carea' id='block_1_15' title="bbox 197 1276 1775 1348">
    <p class='ocr_par' dir='ltr' id='par_1_15' title="bbox 197 1276 1775 1348">
     <span class='ocr_line' id='line_1_15' title="bbox 197 1276 1775 1348; baseline 0 -18"><span class='ocrx_word' id='word_1_75' title='bbox 197 1277 227 1344; x_wconf 76' lang='grc' dir='ltr'>ἢ</span> <span class='ocrx_word' id='word_1_76' title='bbox 277 1276 678 1346; x_wconf 81' lang='grc' dir='ltr'>πρεσϐύτερον,</span> <span class='ocrx_word' id='word_1_77' title='bbox 734 1277 768 1348; x_wconf 80' lang='grc' dir='ltr'>ἢ</span> <span class='ocrx_word' id='word_1_78' title='bbox 818 1276 1105 1339; x_wconf 82' lang='grc' dir='ltr'>διάκονον,</span> <span class='ocrx_word' id='word_1_79' title='bbox 1153 1279 1432 1346; x_wconf 77' lang='grc' dir='ltr'>κοσμικὰς</span> <span class='ocrx_word' id='word_1_80' title='bbox 1483 1278 1775 1348; x_wconf 70' lang='grc' dir='ltr'>φροντίδας</span> 
     </span>
    </p>
   </div>
   <div class='ocr_carea' id='block_1_16' title="bbox 201 1366 1775 1439">
    <p class='ocr_par' dir='ltr' id='par_1_16' title="bbox 201 1366 1775 1439">
     <span class='ocr_line' id='line_1_16' title="bbox 201 1366 1775 1439; baseline -0.001 -18"><span class='ocrx_word' id='word_1_81' title='bbox 201 1366 279 1436; x_wconf 71' lang='grc' dir='ltr'>μὴ</span> <span class='ocrx_word' id='word_1_82' title='bbox 327 1366 741 1437; x_wconf 80' lang='grc' dir='ltr'>ἀναλαμϐάνειν</span> <span class='ocrx_word' id='word_1_83' title='bbox 784 1368 1190 1438; x_wconf 80' lang='grc' dir='ltr'>παρεγγυᾶται,</span> <span class='ocrx_word' id='word_1_84' title='bbox 1223 1368 1273 1420; x_wconf 88' lang='grc' dir='ltr'><strong>εἰ</strong></span> <span class='ocrx_word' id='word_1_85' title='bbox 1321 1367 1379 1420; x_wconf 75' lang='grc' dir='ltr'>δὲ</span> <span class='ocrx_word' id='word_1_86' title='bbox 1427 1368 1526 1439; x_wconf 75' lang='grc' dir='ltr'><strong>μὴ,</strong></span> <span class='ocrx_word' id='word_1_87' title='bbox 1581 1368 1775 1422; x_wconf 82' lang='grc' dir='ltr'>καθαι-</span> 
     </span>
    </p>
   </div>
   <div class='ocr_carea' id='block_1_17' title="bbox 200 1458 1774 1531">
    <p class='ocr_par' dir='ltr' id='par_1_17' title="bbox 200 1458 1774 1531">
     <span class='ocr_line' id='line_1_17' title="bbox 200 1458 1774 1531; baseline 0.003 -22"><span class='ocrx_word' id='word_1_88' title='bbox 200 1458 440 1528; x_wconf 73' lang='grc' dir='ltr'>ρεῖσθαι.</span> <span class='ocrx_word' id='word_1_89' title='bbox 476 1458 740 1513; x_wconf 84' lang='grc' dir='ltr'>Βούλεται</span> <span class='ocrx_word' id='word_1_90' title='bbox 771 1459 880 1530; x_wconf 88' lang='grc' dir='ltr'><strong>γάρ</strong></span> <span class='ocrx_word' id='word_1_91' title='bbox 921 1461 951 1513; x_wconf 81' lang='grc' dir='ltr'>ὁ</span> <span class='ocrx_word' id='word_1_92' title='bbox 1003 1458 1186 1513; x_wconf 88' lang='grc' dir='ltr'>κανὼν</span> <span class='ocrx_word' id='word_1_93' title='bbox 1215 1459 1342 1524; x_wconf 84' lang='grc' dir='ltr'>τοὺς</span> <span class='ocrx_word' id='word_1_94' title='bbox 1375 1460 1774 1531; x_wconf 81' lang='grc' dir='ltr'>ἀπηριθμημέ-</span> 
     </span>
    </p>
   </div>
   <div class='ocr_carea' id='block_1_18' title="bbox 194 1547 1773 1622">
    <p class='ocr_par' dir='ltr' id='par_1_18' title="bbox 194 1547 1773 1622">
     <span class='ocr_line' id='line_1_18' title="bbox 194 1547 1773 1622; baseline 0.004 -23"><span class='ocrx_word' id='word_1_95' title='bbox 194 1564 321 1610; x_wconf 82' lang='grc' dir='ltr'>νους</span> <span class='ocrx_word' id='word_1_96' title='bbox 366 1547 472 1613; x_wconf 76' lang='grc' dir='ltr'><strong>ἔξω</strong></span> <span class='ocrx_word' id='word_1_97' title='bbox 505 1549 822 1619; x_wconf 81' lang='grc' dir='ltr'>συγχύσεως</span> <span class='ocrx_word' id='word_1_98' title='bbox 868 1550 963 1602; x_wconf 80' lang='grc' dir='ltr'>καὶ</span> <span class='ocrx_word' id='word_1_99' title='bbox 988 1549 1221 1621; x_wconf 89' lang='grc' dir='ltr'>θορύϐου</span> <span class='ocrx_word' id='word_1_100' title='bbox 1253 1549 1536 1619; x_wconf 84' lang='grc' dir='ltr'>δημώδους</span> <span class='ocrx_word' id='word_1_101' title='bbox 1581 1554 1773 1622; x_wconf 82' lang='grc' dir='ltr'>τηρεῖν</span> 
     </span>
    </p>
   </div>
   <div class='ocr_carea' id='block_1_19' title="bbox 193 1640 1775 1715">
    <p class='ocr_par' dir='ltr' id='par_1_19' title="bbox 193 1640 1775 1715">
     <span class='ocr_line' id='line_1_19' title="bbox 193 1640 1775 1715; baseline 0.002 -23"><span class='ocrx_word' id='word_1_102' title='bbox 193 1640 445 1705; x_wconf 71' lang='grc' dir='ltr'>ἑαυτοὺς,</span> <span class='ocrx_word' id='word_1_103' title='bbox 498 1642 592 1694; x_wconf 75' lang='grc' dir='ltr'>καὶ</span> <span class='ocrx_word' id='word_1_104' title='bbox 625 1641 1062 1711; x_wconf 77' lang='grc' dir='ltr'>ἀπερισπάστως</span> <span class='ocrx_word' id='word_1_105' title='bbox 1104 1641 1204 1710; x_wconf 84' lang='grc' dir='ltr'>τῆς</span> <span class='ocrx_word' id='word_1_106' title='bbox 1266 1642 1419 1707; x_wconf 79' lang='grc' dir='ltr'>θείας</span> <span class='ocrx_word' id='word_1_107' title='bbox 1470 1642 1775 1715; x_wconf 81' lang='grc' dir='ltr'>ὑπηρεσίας</span> 
     </span>
    </p>
   </div>
   <div class='ocr_carea' id='block_1_20' title="bbox 196 1733 640 1802">
    <p class='ocr_par' dir='ltr' id='par_1_20' title="bbox 196 1733 640 1802">
     <span class='ocr_line' id='line_1_20' title="bbox 196 1733 640 1802; baseline 0.007 -18"><span class='ocrx_word' id='word_1_108' title='bbox 196 1733 640 1802; x_wconf 78' lang='grc' dir='ltr'>μεταποιεῖσθαι.</span> 
     </span>
    </p>
   </div>
   <div class='ocr_carea' id='block_1_21' title="bbox 1881 532 3456 613">
    <p class='ocr_par' dir='ltr' id='par_1_21' title="bbox 1881 532 3456 613">
     <span class='ocr_line' id='line_1_21' title="bbox 1881 532 3456 613; baseline -0.006 -17"><span class='ocrx_word' id='word_1_109' title='bbox 1881 549 1936 596; x_wconf 90' lang='lat' dir='ltr'><strong>et</strong></span> <span class='ocrx_word' id='word_1_110' title='bbox 1997 541 2313 613; x_wconf 87' lang='lat' dir='ltr'><strong>hujusmodi</strong></span> <span class='ocrx_word' id='word_1_111' title='bbox 2372 535 2732 609; x_wconf 77' lang='lat' dir='ltr'><strong>receptaculis</strong></span> <span class='ocrx_word' id='word_1_112' title='bbox 2796 532 3206 591; x_wconf 81' lang='lat' dir='ltr'><strong>communicare</strong></span> <span class='ocrx_word' id='word_1_113' title='bbox 3272 534 3456 588; x_wconf 81' lang='lat' dir='ltr'><strong>conati</strong></span> 
     </span>
    </p>
   </div>
   <div class='ocr_carea' id='block_1_22' title="bbox 1881 624 3459 706">
    <p class='ocr_par' dir='ltr' id='par_1_22' title="bbox 1881 624 3459 706">
     <span class='ocr_line' id='line_1_22' title="bbox 1881 624 3459 706; baseline -0.004 -18"><span class='ocrx_word' id='word_1_114' title='bbox 1881 641 2038 701; x_wconf 91' lang='lat' dir='ltr'><strong>sunt,</strong></span> <span class='ocrx_word' id='word_1_115' title='bbox 2073 634 2346 706; x_wconf 72' lang='lat' dir='ltr'><strong>segregari</strong></span> <span class='ocrx_word' id='word_1_116' title='bbox 2389 632 2653 689; x_wconf 74' lang='lat' dir='ltr'><strong>decernit.</strong></span> <span class='ocrx_word' id='word_1_117' title='bbox 2687 627 2825 684; x_wconf 81' lang='lat' dir='ltr'><strong>Vide</strong></span> <span class='ocrx_word' id='word_1_118' title='bbox 2871 635 2925 682; x_wconf 85' lang='lat' dir='ltr'><strong>et</strong></span> <span class='ocrx_word' id='word_1_119' title='bbox 2968 626 3024 681; x_wconf 91' lang='lat' dir='ltr'><strong>in</strong></span> <span class='ocrx_word' id='word_1_120' title='bbox 3052 624 3246 697; x_wconf 87' lang='lat' dir='ltr'><strong>quinto</strong></span> <span class='ocrx_word' id='word_1_121' title='bbox 3277 627 3459 696; x_wconf 88' lang='lat' dir='ltr'><strong>capite</strong></span> 
     </span>
    </p>
   </div>
   <div class='ocr_carea' id='block_1_23' title="bbox 1881 716 3454 793">
    <p class='ocr_par' dir='ltr' id='par_1_23' title="bbox 1881 716 3454 793">
     <span class='ocr_line' id='line_1_23' title="bbox 1881 716 3454 793; baseline -0.002 -15"><span class='ocrx_word' id='word_1_122' title='bbox 1881 723 2073 779; x_wconf 71' lang='lat' dir='ltr'><strong>litterze</strong></span> <span class='ocrx_word' id='word_1_123' title='bbox 2128 726 2165 778; x_wconf 83' lang='grc' dir='ltr'><strong>Δ</strong></span> <span class='ocrx_word' id='word_1_124' title='bbox 2215 739 2480 781; x_wconf 87' lang='lat' dir='ltr'><strong>canonem</strong></span> <span class='ocrx_word' id='word_1_125' title='bbox 2522 721 2595 793; x_wconf 74' lang='lat' dir='ltr'><strong>i8</strong></span> <span class='ocrx_word' id='word_1_126' title='bbox 2647 720 2838 791; x_wconf 74' lang='lat' dir='ltr'><strong>prima:</strong></span> <span class='ocrx_word' id='word_1_127' title='bbox 2879 717 3095 789; x_wconf 83' lang='lat' dir='ltr'><strong>synodi,</strong></span> <span class='ocrx_word' id='word_1_128' title='bbox 3147 725 3204 772; x_wconf 89' lang='lat' dir='ltr'><strong>et</strong></span> <span class='ocrx_word' id='word_1_129' title='bbox 3251 716 3286 771; x_wconf 77' lang='grc'><strong>4</strong></span> <span class='ocrx_word' id='word_1_130' title='bbox 3332 734 3454 789; x_wconf 90' lang='lat' dir='ltr'><strong>cap.</strong></span> 
     </span>
    </p>
   </div>
   <div class='ocr_carea' id='block_1_24' title="bbox 1878 818 2177 873">
    <p class='ocr_par' dir='ltr' id='par_1_24' title="bbox 1878 818 2177 873">
     <span class='ocr_line' id='line_1_24' title="bbox 1878 818 2177 873; baseline 0 -1"><span class='ocrx_word' id='word_1_131' title='bbox 1878 818 2071 873; x_wconf 77' lang='lat' dir='ltr'><strong>litterae</strong></span> <span class='ocrx_word' id='word_1_132' title='bbox 2111 819 2177 872; x_wconf 84' lang='grc' dir='ltr'><strong>Υ.</strong></span> 
     </span>
    </p>
   </div>
   <div class='ocr_carea' id='block_1_25' title="bbox 1875 926 3456 998">
    <p class='ocr_par' dir='ltr' id='par_1_25' title="bbox 1875 926 3456 998">
     <span class='ocr_line' id='line_1_25' title="bbox 1875 926 3456 998; baseline -0.006 -9"><span class='ocrx_word' id='word_1_133' title='bbox 1875 927 2029 989; x_wconf 84' lang='lat' dir='ltr'><strong>CAP.</strong></span> <span class='ocrx_word' id='word_1_134' title='bbox 2073 930 2289 996; x_wconf 70' lang='lat' dir='ltr'><strong>XXXII,</strong></span> <span class='ocrx_word' id='word_1_135' title='bbox 2326 926 2480 998; x_wconf 80' lang='lat' dir='ltr'><strong>Quod</strong></span> <span class='ocrx_word' id='word_1_136' title='bbox 2536 947 2639 986; x_wconf 86' lang='lat' dir='ltr'><strong>non</strong></span> <span class='ocrx_word' id='word_1_137' title='bbox 2682 930 2832 984; x_wconf 83' lang='lat' dir='ltr'><strong>decet</strong></span> <span class='ocrx_word' id='word_1_138' title='bbox 2885 928 3107 983; x_wconf 77' lang='lat' dir='ltr'><strong>clericos</strong></span> <span class='ocrx_word' id='word_1_139' title='bbox 3154 926 3233 981; x_wconf 79' lang='lat' dir='ltr'><strong>vel</strong></span> <span class='ocrx_word' id='word_1_140' title='bbox 3270 943 3456 981; x_wconf 84' lang='lat' dir='ltr'><strong>mona-</strong></span> 
     </span>
    </p>
   </div>
   <div class='ocr_carea' id='block_1_26' title="bbox 1941 999 3449 1089">
    <p class='ocr_par' dir='ltr' id='par_1_26' title="bbox 1941 999 3449 1089">
     <span class='ocr_line' id='line_1_26' title="bbox 1941 999 3449 1089; baseline -0.003 -34"><span class='ocrx_word' id='word_1_141' title='bbox 1941 1006 2062 1086; x_wconf 66' lang='lat' dir='ltr'><strong>chos</strong></span> <span class='ocrx_word' id='word_1_142' title='bbox 2116 1003 2401 1085; x_wconf 67' lang='lat' dir='ltr'><strong>mculares</strong></span> <span class='ocrx_word' id='word_1_143' title='bbox 2460 1016 2616 1057; x_wconf 81' lang='lat' dir='ltr'><strong>curas</strong></span> <span class='ocrx_word' id='word_1_144' title='bbox 2650 1001 2936 1071; x_wconf 77' lang='lat' dir='ltr'><strong>suscipere,</strong></span> <span class='ocrx_word' id='word_1_145' title='bbox 2968 999 3165 1089; x_wconf 52' lang='lat' dir='ltr'><strong>nisi“;</strong></span> <span class='ocrx_word' id='word_1_146' title='bbox 3187 1010 3449 1053; x_wconf 77' lang='lat' dir='ltr'><strong>cantensu</strong></span> 
     </span>
    </p>
   </div>
   <div class='ocr_carea' id='block_1_27' title="bbox 1946 1073 2299 1142">
    <p class='ocr_par' dir='ltr' id='par_1_27' title="bbox 1946 1073 2299 1142">
     <span class='ocr_line' id='line_1_27' title="bbox 1946 1073 2299 1142; baseline 0.006 -13"><span class='ocrx_word' id='word_1_147' title='bbox 1946 1073 2299 1142; x_wconf 67' lang='lat' dir='ltr'><strong>imperatoris.</strong></span> 
     </span>
    </p>
   </div>
   <div class='ocr_carea' id='block_1_28' title="bbox 1948 1182 3455 1255">
    <p class='ocr_par' dir='ltr' id='par_1_28' title="bbox 1948 1182 3455 1255">
     <span class='ocr_line' id='line_1_28' title="bbox 1948 1182 3455 1255; baseline -0.003 -14"><span class='ocrx_word' id='word_1_148' title='bbox 1948 1185 2149 1242; x_wconf 82' lang='lat' dir='ltr'><strong>Sextus</strong></span> <span class='ocrx_word' id='word_1_149' title='bbox 2188 1194 2522 1247; x_wconf 86' lang='lat' dir='ltr'><strong>sanctorum.</strong></span> <span class='ocrx_word' id='word_1_150' title='bbox 2558 1184 2938 1255; x_wconf 86' lang='lat' dir='ltr'><strong>apostolorum</strong></span> <span class='ocrx_word' id='word_1_151' title='bbox 2989 1197 3167 1239; x_wconf 90' lang='lat' dir='ltr'><strong>canon</strong></span> <span class='ocrx_word' id='word_1_152' title='bbox 3237 1182 3455 1252; x_wconf 86' lang='lat' dir='ltr'><strong>episco-</strong></span> 
     </span>
    </p>
   </div>
   <div class='ocr_carea' id='block_1_29' title="bbox 1876 1276 3454 1351">
    <p class='ocr_par' dir='ltr' id='par_1_29' title="bbox 1876 1276 3454 1351">
     <span class='ocr_line' id='line_1_29' title="bbox 1876 1276 3454 1351; baseline -0.002 -19"><span class='ocrx_word' id='word_1_153' title='bbox 1876 1290 2003 1347; x_wconf 85' lang='lat' dir='ltr'><strong>pum</strong></span> <span class='ocrx_word' id='word_1_154' title='bbox 2030 1280 2116 1334; x_wconf 92' lang='lat' dir='ltr'><strong>vel</strong></span> <span class='ocrx_word' id='word_1_155' title='bbox 2142 1280 2520 1351; x_wconf 80' lang='lat' dir='ltr'><strong>presbyterum</strong></span> <span class='ocrx_word' id='word_1_156' title='bbox 2545 1279 2628 1333; x_wconf 89' lang='lat' dir='ltr'><strong>vel</strong></span> <span class='ocrx_word' id='word_1_157' title='bbox 2653 1278 2938 1332; x_wconf 88' lang='lat' dir='ltr'><strong>diaconum</strong></span> <span class='ocrx_word' id='word_1_158' title='bbox 2965 1276 3261 1333; x_wconf 62' lang='lat' dir='ltr'><strong>saeculares</strong></span> <span class='ocrx_word' id='word_1_159' title='bbox 3291 1292 3454 1332; x_wconf 83' lang='lat' dir='ltr'><strong>curas</strong></span> 
     </span>
    </p>
   </div>
   <div class='ocr_carea' id='block_1_30' title="bbox 1876 1367 3447 1441">
    <p class='ocr_par' dir='ltr' id='par_1_30' title="bbox 1876 1367 3447 1441">
     <span class='ocr_line' id='line_1_30' title="bbox 1876 1367 3447 1441; baseline -0.001 -19"><span class='ocrx_word' id='word_1_160' title='bbox 1876 1385 1985 1423; x_wconf 92' lang='lat' dir='ltr'><strong>non</strong></span> <span class='ocrx_word' id='word_1_161' title='bbox 2039 1370 2320 1440; x_wconf 87' lang='lat' dir='ltr'><strong>suscipere</strong></span> <span class='ocrx_word' id='word_1_162' title='bbox 2365 1369 2552 1441; x_wconf 82' lang='lat' dir='ltr'><strong>jubet;</strong></span> <span class='ocrx_word' id='word_1_163' title='bbox 2602 1369 2809 1440; x_wconf 89' lang='lat' dir='ltr'><strong>alioqui</strong></span> <span class='ocrx_word' id='word_1_164' title='bbox 2863 1368 3084 1438; x_wconf 83' lang='lat' dir='ltr'><strong>deponi.</strong></span> <span class='ocrx_word' id='word_1_165' title='bbox 3128 1367 3256 1423; x_wconf 74' lang='lat' dir='ltr'><strong>Vult</strong></span> <span class='ocrx_word' id='word_1_166' title='bbox 3303 1368 3447 1423; x_wconf 89' lang='lat' dir='ltr'><strong>enim</strong></span> 
     </span>
    </p>
   </div>
   <div class='ocr_carea' id='block_1_31' title="bbox 1876 1461 3453 1520">
    <p class='ocr_par' dir='ltr' id='par_1_31' title="bbox 1876 1461 3453 1520">
     <span class='ocr_line' id='line_1_31' title="bbox 1876 1461 3453 1520; baseline -0.001 -2"><span class='ocrx_word' id='word_1_167' title='bbox 1876 1478 2051 1518; x_wconf 86' lang='lat' dir='ltr'><strong>canon</strong></span> <span class='ocrx_word' id='word_1_168' title='bbox 2115 1464 2279 1520; x_wconf 89' lang='lat' dir='ltr'><strong>modo</strong></span> <span class='ocrx_word' id='word_1_169' title='bbox 2329 1474 2682 1519; x_wconf 88' lang='lat' dir='ltr'><strong>enumeratos</strong></span> <span class='ocrx_word' id='word_1_170' title='bbox 2731 1478 2791 1519; x_wconf 89' lang='lat' dir='ltr'><strong>se</strong></span> <span class='ocrx_word' id='word_1_171' title='bbox 2838 1463 2904 1518; x_wconf 91' lang='lat' dir='ltr'><strong>ab</strong></span> <span class='ocrx_word' id='word_1_172' title='bbox 2935 1462 3081 1518; x_wconf 92' lang='lat' dir='ltr'><strong>omni</strong></span> <span class='ocrx_word' id='word_1_173' title='bbox 3123 1461 3453 1517; x_wconf 72' lang='lat' dir='ltr'><strong>confusione</strong></span> 
     </span>
    </p>
   </div>
   <div class='ocr_carea' id='block_1_32' title="bbox 1874 1555 3453 1627">
    <p class='ocr_par' dir='ltr' id='par_1_32' title="bbox 1874 1555 3453 1627">
     <span class='ocr_line' id='line_1_32' title="bbox 1874 1555 3453 1627; baseline -0.001 -18"><span class='ocrx_word' id='word_1_174' title='bbox 1874 1555 2234 1625; x_wconf 83' lang='lat' dir='ltr'><strong>popularique</strong></span> <span class='ocrx_word' id='word_1_175' title='bbox 2284 1557 2521 1610; x_wconf 87' lang='lat' dir='ltr'><strong>tumultu</strong></span> <span class='ocrx_word' id='word_1_176' title='bbox 2571 1570 2882 1621; x_wconf 88' lang='lat' dir='ltr'><strong>asservare,</strong></span> <span class='ocrx_word' id='word_1_177' title='bbox 2932 1570 2997 1609; x_wconf 87' lang='lat' dir='ltr'><strong>ac</strong></span> <span class='ocrx_word' id='word_1_178' title='bbox 3044 1560 3232 1627; x_wconf 78' lang='lat' dir='ltr'><strong>quieto</strong></span> <span class='ocrx_word' id='word_1_179' title='bbox 3263 1555 3453 1609; x_wconf 87' lang='lat' dir='ltr'><strong>animo</strong></span> 
     </span>
    </p>
   </div>
   <div class='ocr_carea' id='block_1_33' title="bbox 1875 1647 2720 1703">
    <p class='ocr_par' dir='ltr' id='par_1_33' title="bbox 1875 1647 2720 1703">
     <span class='ocr_line' id='line_1_33' title="bbox 1875 1647 2720 1703; baseline 0 -2"><span class='ocrx_word' id='word_1_180' title='bbox 1875 1661 2048 1702; x_wconf 82' lang='lat' dir='ltr'><strong>sacrae</strong></span> <span class='ocrx_word' id='word_1_181' title='bbox 2081 1647 2473 1703; x_wconf 83' lang='lat' dir='ltr'><strong>ministrationi</strong></span> <span class='ocrx_word' id='word_1_182' title='bbox 2506 1661 2720 1702; x_wconf 85' lang='lat' dir='ltr'><strong>vacare.</strong></span> 
     </span>
    </p>
   </div>
   <div class='ocr_carea' id='block_1_34' title="bbox 278 1801 1795 1899">
    <p class='ocr_par' dir='ltr' id='par_1_34' title="bbox 278 1823 1771 1899">
     <span class='ocr_line' id='line_1_34' title="bbox 278 1823 1771 1899; baseline 0.004 -23"><span class='ocrx_word' id='word_1_183' title='bbox 278 1823 342 1876; x_wconf 85' lang='grc'><strong>’0</strong></span> <span class='ocrx_word' id='word_1_184' title='bbox 404 1824 462 1877; x_wconf 81' lang='grc' dir='ltr'>δὲ</span> <span class='ocrx_word' id='word_1_185' title='bbox 513 1831 605 1878; x_wconf 86' lang='grc' dir='ltr'>πα’</span> <span class='ocrx_word' id='word_1_186' title='bbox 652 1825 842 1881; x_wconf 77' lang='grc' dir='ltr'>τοῦτον</span> <span class='ocrx_word' id='word_1_187' title='bbox 871 1826 1189 1897; x_wconf 77' lang='grc' dir='ltr'>ἐξεπίτηδες</span> <span class='ocrx_word' id='word_1_188' title='bbox 1233 1828 1567 1897; x_wconf 72' lang='grc' dir='ltr'>σαφηνίξων,</span> <span class='ocrx_word' id='word_1_189' title='bbox 1602 1829 1665 1882; x_wconf 80' lang='lat' dir='ltr'><strong>El</strong></span> <span class='ocrx_word' id='word_1_190' title='bbox 1695 1829 1771 1899; x_wconf 72' lang='grc' dir='ltr'>μὴ</span> 
     </span>
    </p>
   </div>
   <div class='ocr_carea' id='block_1_35' title="bbox 1884 1801 3449 1899">
    <p class='ocr_par' dir='ltr' id='par_1_35' title="bbox 1943 1824 3449 1896">
     <span class='ocr_line' id='line_1_35' title="bbox 1943 1824 3449 1896; baseline -0.002 -15"><span class='ocrx_word' id='word_1_191' title='bbox 1943 1826 2329 1896; x_wconf 77' lang='lat' dir='ltr'><strong>Octogcsimus</strong></span> <span class='ocrx_word' id='word_1_192' title='bbox 2376 1827 2587 1896; x_wconf 90' lang='lat' dir='ltr'><strong>primus</strong></span> <span class='ocrx_word' id='word_1_193' title='bbox 2637 1825 2799 1882; x_wconf 84' lang='lat' dir='ltr'><strong>etiam</strong></span> <span class='ocrx_word' id='word_1_194' title='bbox 2846 1826 2995 1881; x_wconf 89' lang='lat' dir='ltr'><strong>bunc</strong></span> <span class='ocrx_word' id='word_1_195' title='bbox 3052 1839 3118 1880; x_wconf 80' lang='lat' dir='ltr'><strong>ex</strong></span> <span class='ocrx_word' id='word_1_196' title='bbox 3171 1824 3449 1881; x_wconf 75' lang='lat' dir='ltr'><strong>industria</strong></span> 
     </span>
    </p>
   </div>
   <div class='ocr_carea' id='block_1_36' title="bbox 194 1914 1774 1990">
    <p class='ocr_par' dir='ltr' id='par_1_36' title="bbox 194 1914 1774 1990">
     <span class='ocr_line' id='line_1_36' title="bbox 194 1914 1774 1990; baseline 0.003 -24"><span class='ocrx_word' id='word_1_197' title='bbox 194 1914 496 1979; x_wconf 83' lang='grc' dir='ltr'>πείθοιντο,</span> <span class='ocrx_word' id='word_1_198' title='bbox 530 1917 683 1986; x_wconf 77' lang='grc' dir='ltr'>φησὶ,</span> <span class='ocrx_word' id='word_1_199' title='bbox 736 1917 846 1970; x_wconf 84' lang='grc' dir='ltr'><strong>τῶν</strong></span> <span class='ocrx_word' id='word_1_200' title='bbox 883 1917 1169 1988; x_wconf 61' lang='grc' dir='ltr'>κοσμικιῖιν</span> <span class='ocrx_word' id='word_1_201' title='bbox 1203 1918 1512 1990; x_wconf 82' lang='grc' dir='ltr'>ἀποστῆναι</span> <span class='ocrx_word' id='word_1_202' title='bbox 1546 1919 1774 1989; x_wconf 86' lang='grc' dir='ltr'>φροντί-</span> 
     </span>
    </p>
   </div>
   <div class='ocr_carea' id='block_1_37' title="bbox 194 2006 1770 2080">
    <p class='ocr_par' dir='ltr' id='par_1_37' title="bbox 194 2006 1770 2080">
     <span class='ocr_line' id='line_1_37' title="bbox 194 2006 1770 2080; baseline 0.003 -22"><span class='ocrx_word' id='word_1_203' title='bbox 194 2006 325 2070; x_wconf 87' lang='grc' dir='ltr'>δων,</span> <span class='ocrx_word' id='word_1_204' title='bbox 358 2008 482 2061; x_wconf 77' lang='grc' dir='ltr'>τότε</span> <span class='ocrx_word' id='word_1_205' title='bbox 541 2010 638 2065; x_wconf 78' lang='grc' dir='ltr'>καὶ</span> <span class='ocrx_word' id='word_1_206' title='bbox 686 2008 1212 2080; x_wconf 85' lang='grc' dir='ltr'>καθαιρεθήσονται.</span> <span class='ocrx_word' id='word_1_207' title='bbox 1263 2009 1325 2064; x_wconf 82' lang='lat' dir='ltr'><strong>El</strong></span> <span class='ocrx_word' id='word_1_208' title='bbox 1359 2010 1416 2063; x_wconf 80' lang='grc' dir='ltr'>δὲ</span> <span class='ocrx_word' id='word_1_209' title='bbox 1450 2011 1770 2076; x_wconf 80' lang='grc' dir='ltr'>ἀποσταῖεν,</span> 
     </span>
    </p>
   </div>
   <div class='ocr_carea' id='block_1_38' title="bbox 192 2097 1773 2175">
    <p class='ocr_par' dir='ltr' id='par_1_38' title="bbox 192 2097 1773 2175">
     <span class='ocr_line' id='line_1_38' title="bbox 192 2097 1773 2175; baseline 0.004 -24"><span class='ocrx_word' id='word_1_210' title='bbox 192 2097 337 2152; x_wconf 84' lang='grc' dir='ltr'>ὥστε</span> <span class='ocrx_word' id='word_1_211' title='bbox 375 2101 578 2170; x_wconf 80' lang='grc' dir='ltr'>μηκέτι</span> <span class='ocrx_word' id='word_1_212' title='bbox 609 2102 878 2170; x_wconf 77' lang='grc' dir='ltr'>δημοσίας</span> <span class='ocrx_word' id='word_1_213' title='bbox 925 2102 1170 2171; x_wconf 77' lang='grc' dir='ltr'>μετιέναι</span> <span class='ocrx_word' id='word_1_214' title='bbox 1198 2103 1514 2175; x_wconf 76' lang='grc' dir='ltr'>διοικήσεις,</span> <span class='ocrx_word' id='word_1_215' title='bbox 1547 2104 1640 2157; x_wconf 80' lang='grc' dir='ltr'><strong>ἐπὶ</strong></span> <span class='ocrx_word' id='word_1_216' title='bbox 1658 2106 1773 2169; x_wconf 78' lang='grc' dir='ltr'>τοῖς</span> 
     </span>
    </p>
   </div>
   <div class='ocr_carea' id='block_1_39' title="bbox 193 2190 1023 2265">
    <p class='ocr_par' dir='ltr' id='par_1_39' title="bbox 193 2190 1023 2265">
     <span class='ocr_line' id='line_1_39' title="bbox 193 2190 1023 2265; baseline 0.008 -21"><span class='ocrx_word' id='word_1_217' title='bbox 193 2190 439 2260; x_wconf 76' lang='grc' dir='ltr'>φθάσασι</span> <span class='ocrx_word' id='word_1_218' title='bbox 482 2194 1023 2265; x_wconf 85' lang='grc' dir='ltr'>συγγνωσθήσονται.</span> 
     </span>
    </p>
   </div>
   <div class='ocr_carea' id='block_1_40' title="bbox 273 2368 1772 2449">
    <p class='ocr_par' dir='ltr' id='par_1_40' title="bbox 273 2368 1772 2449">
     <span class='ocr_line' id='line_1_40' title="bbox 273 2368 1772 2449; baseline 0.006 -25"><span class='ocrx_word' id='word_1_219' title='bbox 273 2372 338 2425; x_wconf 91' lang='lat'><strong>&#39;0</strong></span> <span class='ocrx_word' id='word_1_220' title='bbox 366 2370 425 2425; x_wconf 79' lang='grc' dir='ltr'>δὲ</span> <span class='ocrx_word' id='word_1_221' title='bbox 467 2368 557 2439; x_wconf 86' lang='grc' dir='ltr'>πγ”</span> <span class='ocrx_word' id='word_1_222' title='bbox 584 2372 960 2444; x_wconf 69' lang='grc' dir='ltr'>ἐπισκοπον,ἢ</span> <span class='ocrx_word' id='word_1_223' title='bbox 996 2374 1395 2445; x_wconf 88' lang='grc' dir='ltr'>πρεσϐύτερον,</span> <span class='ocrx_word' id='word_1_224' title='bbox 1428 2378 1460 2449; x_wconf 81' lang='grc' dir='ltr'><strong>ἢ</strong></span> <span class='ocrx_word' id='word_1_225' title='bbox 1496 2377 1772 2442; x_wconf 82' lang='grc' dir='ltr'>διάκονον.</span> 
     </span>
    </p>
   </div>
   <div class='ocr_carea' id='block_1_41' title="bbox 193 2462 1774 2542">
    <p class='ocr_par' dir='ltr' id='par_1_41' title="bbox 193 2462 1774 2542">
     <span class='ocr_line' id='line_1_41' title="bbox 193 2462 1774 2542; baseline 0.004 -26"><span class='ocrx_word' id='word_1_226' title='bbox 193 2462 278 2516; x_wconf 75' lang='grc' dir='ltr'>ἔτι</span> <span class='ocrx_word' id='word_1_227' title='bbox 344 2463 401 2517; x_wconf 85' lang='grc' dir='ltr'>τὸ</span> <span class='ocrx_word' id='word_1_228' title='bbox 456 2465 732 2535; x_wconf 74' lang='grc' dir='ltr'>ἱερατικὸν</span> <span class='ocrx_word' id='word_1_229' title='bbox 802 2466 1189 2535; x_wconf 80' lang='grc' dir='ltr'>περικείμενον</span> <span class='ocrx_word' id='word_1_230' title='bbox 1248 2466 1452 2537; x_wconf 79' lang='grc' dir='ltr'>σχῆμα,</span> <span class='ocrx_word' id='word_1_231' title='bbox 1514 2470 1774 2542; x_wconf 82' lang='grc' dir='ltr'>στρατείᾳ</span> 
     </span>
    </p>
   </div>
   <div class='ocr_carea' id='block_1_42' title="bbox 195 2555 1774 2633">
    <p class='ocr_par' dir='ltr' id='par_1_42' title="bbox 195 2555 1774 2633">
     <span class='ocr_line' id='line_1_42' title="bbox 195 2555 1774 2633; baseline 0.005 -25"><span class='ocrx_word' id='word_1_232' title='bbox 195 2555 534 2626; x_wconf 64' lang='grc' dir='ltr'>σχοτάζοντα</span> <span class='ocrx_word' id='word_1_233' title='bbox 573 2598 587 2620; x_wconf 90' lang='grc'><strong>,</strong></span> <span class='ocrx_word' id='word_1_234' title='bbox 658 2559 1067 2627; x_wconf 79' lang='grc' dir='ltr'>στρατιωτικῶν</span> <span class='ocrx_word' id='word_1_235' title='bbox 1156 2562 1502 2630; x_wconf 79' lang='grc' dir='ltr'>πραγμάτων</span> <span class='ocrx_word' id='word_1_236' title='bbox 1568 2561 1774 2633; x_wconf 78' lang='grc' dir='ltr'>δηλαδὴ</span> 
     </span>
    </p>
   </div>
   <div class='ocr_carea' id='block_1_43' title="bbox 196 2647 1774 2723">
    <p class='ocr_par' dir='ltr' id='par_1_43' title="bbox 196 2647 1774 2723">
     <span class='ocr_line' id='line_1_43' title="bbox 196 2647 1774 2723; baseline 0.003 -20"><span class='ocrx_word' id='word_1_237' title='bbox 196 2647 536 2719; x_wconf 75' lang='grc' dir='ltr'>διοικήσεσιν</span> <span class='ocrx_word' id='word_1_238' title='bbox 587 2650 667 2721; x_wconf 85' lang='grc' dir='ltr'>(ού</span> <span class='ocrx_word' id='word_1_239' title='bbox 702 2654 809 2721; x_wconf 76' lang='grc' dir='ltr'>γὰρ</span> <span class='ocrx_word' id='word_1_240' title='bbox 866 2651 965 2721; x_wconf 81' lang='grc' dir='ltr'>τὴν</span> <span class='ocrx_word' id='word_1_241' title='bbox 1014 2651 1136 2721; x_wconf 84' lang='grc' dir='ltr'>μεθ’</span> <span class='ocrx_word' id='word_1_242' title='bbox 1160 2653 1340 2721; x_wconf 78' lang='grc' dir='ltr'>ὅπλων</span> <span class='ocrx_word' id='word_1_243' title='bbox 1376 2653 1611 2707; x_wconf 71' lang='grc' dir='ltr'>ἐνταῦθα</span> <span class='ocrx_word' id='word_1_244' title='bbox 1639 2671 1774 2723; x_wconf 80' lang='grc' dir='ltr'>φησι</span> 
     </span>
    </p>
   </div>
   <div class='ocr_carea' id='block_1_44' title="bbox 198 2740 1772 2817">
    <p class='ocr_par' dir='ltr' id='par_1_44' title="bbox 198 2740 1772 2817">
     <span class='ocr_line' id='line_1_44' title="bbox 198 2740 1772 2817; baseline 0.003 -26"><span class='ocrx_word' id='word_1_245' title='bbox 198 2740 649 2812; x_wconf 84' lang='grc' dir='ltr'>μεταχείρησιν),</span> <span class='ocrx_word' id='word_1_246' title='bbox 678 2742 785 2794; x_wconf 81' lang='grc' dir='ltr'><strong>ὑπὸ</strong></span> <span class='ocrx_word' id='word_1_247' title='bbox 820 2744 1140 2813; x_wconf 82' lang='grc' dir='ltr'>καθαίρεσιν</span> <span class='ocrx_word' id='word_1_248' title='bbox 1173 2744 1405 2813; x_wconf 81' lang='grc' dir='ltr'>τίθησιν·</span> <span class='ocrx_word' id='word_1_249' title='bbox 1442 2745 1631 2808; x_wconf 80' lang='grc' dir='ltr'>Οὐδεὶς</span> <span class='ocrx_word' id='word_1_250' title='bbox 1664 2745 1772 2817; x_wconf 82' lang='grc' dir='ltr'>γὰρ</span> 
     </span>
    </p>
   </div>
   <div class='ocr_carea' id='block_1_45' title="bbox 189 2830 1676 2906">
    <p class='ocr_par' dir='ltr' id='par_1_45' title="bbox 189 2830 1676 2906">
     <span class='ocr_line' id='line_1_45' title="bbox 189 2830 1676 2906; baseline 0.005 -21"><span class='ocrx_word' id='word_1_251' title='bbox 189 2830 425 2886; x_wconf 80' lang='grc' dir='ltr'>δύναται</span> <span class='ocrx_word' id='word_1_252' title='bbox 468 2834 593 2888; x_wconf 82' lang='grc' dir='ltr'>δυσὶ</span> <span class='ocrx_word' id='word_1_253' title='bbox 627 2834 837 2905; x_wconf 86' lang='grc' dir='ltr'>κυρίοις</span> <span class='ocrx_word' id='word_1_254' title='bbox 886 2834 1182 2903; x_wconf 87' lang='grc' dir='ltr'>δουλεύειν,</span> <span class='ocrx_word' id='word_1_255' title='bbox 1213 2836 1357 2890; x_wconf 82' lang='grc' dir='ltr'>κατὰ</span> <span class='ocrx_word' id='word_1_256' title='bbox 1388 2836 1448 2890; x_wconf 71' lang='grc' dir='ltr'>τὸ</span> <span class='ocrx_word' id='word_1_257' title='bbox 1474 2839 1676 2906; x_wconf 85' lang='grc' dir='ltr'>λόγιον.</span> 
     </span>
    </p>
   </div>
   <div class='ocr_carea' id='block_1_46' title="bbox 276 3009 1773 3102">
    <p class='ocr_par' dir='ltr' id='par_1_46' title="bbox 276 3009 1773 3102">
     <span class='ocr_line' id='line_1_46' title="bbox 276 3009 1773 3102; baseline 0.007 -38"><span class='ocrx_word' id='word_1_258' title='bbox 276 3014 341 3064; x_wconf 81' lang='grc'><strong>’0</strong></span> <span class='ocrx_word' id='word_1_259' title='bbox 384 3012 442 3067; x_wconf 84' lang='grc' dir='ltr'>δὲ</span> <span class='ocrx_word' id='word_1_260' title='bbox 488 3015 588 3085; x_wconf 71' lang='grc' dir='ltr'>τῆς</span> <span class='ocrx_word' id='word_1_261' title='bbox 639 3009 682 3068; x_wconf 84' lang='grc' dir='ltr'>δ’</span> <span class='ocrx_word' id='word_1_262' title='bbox 728 3015 949 3068; x_wconf 84' lang='grc' dir='ltr'>συνόδου</span> <span class='ocrx_word' id='word_1_263' title='bbox 1017 3014 1064 3081; x_wconf 77' lang='grc' dir='ltr'><strong>ζ’</strong></span> <span class='ocrx_word' id='word_1_264' title='bbox 1100 3016 1225 3080; x_wconf 74' lang='grc' dir='ltr'>τοὺς</span> <span class='ocrx_word' id='word_1_265' title='bbox 1274 3015 1526 3085; x_wconf 77' lang='grc' dir='ltr'>καθάπαξ</span> <span class='ocrx_word' id='word_1_266' title='bbox 1576 3019 1634 3102; x_wconf 74' lang='grc' dir='ltr'>ἐν</span> <span class='ocrx_word' id='word_1_267' title='bbox 1695 3018 1773 3090; x_wconf 86' lang='grc' dir='ltr'><strong>τῷ</strong></span> 
     </span>
    </p>
   </div>
   <div class='ocr_carea' id='block_1_47' title="bbox 1875 1915 3450 1987">
    <p class='ocr_par' dir='ltr' id='par_1_47' title="bbox 1875 1915 3450 1987">
     <span class='ocr_line' id='line_1_47' title="bbox 1875 1915 3450 1987; baseline -0.001 -15"><span class='ocrx_word' id='word_1_268' title='bbox 1875 1918 2176 1987; x_wconf 82' lang='lat' dir='ltr'><strong>explicans,</strong></span> <span class='ocrx_word' id='word_1_269' title='bbox 2239 1917 2351 1972; x_wconf 73' lang='lat' dir='ltr'><strong>Nisi</strong></span> <span class='ocrx_word' id='word_1_270' title='bbox 2416 1917 2710 1979; x_wconf 88' lang='lat' dir='ltr'><strong>voluerint,</strong></span> <span class='ocrx_word' id='word_1_271' title='bbox 2762 1916 2959 1986; x_wconf 93' lang='lat' dir='ltr'><strong>inquit,</strong></span> <span class='ocrx_word' id='word_1_272' title='bbox 3007 1929 3037 1969; x_wconf 87' lang='lat' dir='ltr'><strong>a</strong></span> <span class='ocrx_word' id='word_1_273' title='bbox 3090 1915 3450 1972; x_wconf 76' lang='lat' dir='ltr'><strong>sazcnlaribns</strong></span> 
     </span>
    </p>
   </div>
   <div class='ocr_carea' id='block_1_48' title="bbox 1876 2007 3450 2078">
    <p class='ocr_par' dir='ltr' id='par_1_48' title="bbox 1876 2007 3450 2078">
     <span class='ocr_line' id='line_1_48' title="bbox 1876 2007 3450 2078; baseline -0.001 -13"><span class='ocrx_word' id='word_1_274' title='bbox 1876 2010 2023 2065; x_wconf 82' lang='lat' dir='ltr'><strong>curis</strong></span> <span class='ocrx_word' id='word_1_275' title='bbox 2072 2008 2367 2072; x_wconf 85' lang='lat' dir='ltr'><strong>abstinere,</strong></span> <span class='ocrx_word' id='word_1_276' title='bbox 2402 2016 2533 2064; x_wconf 90' lang='lat' dir='ltr'><strong>tunc</strong></span> <span class='ocrx_word' id='word_1_277' title='bbox 2581 2008 2768 2064; x_wconf 84' lang='lat' dir='ltr'><strong>statim</strong></span> <span class='ocrx_word' id='word_1_278' title='bbox 2815 2008 3174 2078; x_wconf 82' lang='lat' dir='ltr'><strong>deponentur.</strong></span> <span class='ocrx_word' id='word_1_279' title='bbox 3231 2007 3287 2063; x_wconf 93' lang='lat' dir='ltr'><strong>Si</strong></span> <span class='ocrx_word' id='word_1_280' title='bbox 3320 2023 3450 2064; x_wconf 77' lang='lat' dir='ltr'><strong>vero</strong></span> 
     </span>
    </p>
   </div>
   <div class='ocr_carea' id='block_1_49' title="bbox 1876 2100 3447 2171">
    <p class='ocr_par' dir='ltr' id='par_1_49' title="bbox 1876 2100 3447 2171">
     <span class='ocr_line' id='line_1_49' title="bbox 1876 2100 3447 2171; baseline 0 -17"><span class='ocrx_word' id='word_1_281' title='bbox 1876 2100 2266 2161; x_wconf 84' lang='lat' dir='ltr'><strong>abstinuerint.</strong></span> <span class='ocrx_word' id='word_1_282' title='bbox 2317 2101 2389 2154; x_wconf 83' lang='lat' dir='ltr'><strong>ita</strong></span> <span class='ocrx_word' id='word_1_283' title='bbox 2431 2107 2491 2154; x_wconf 90' lang='lat' dir='ltr'><strong>ut</strong></span> <span class='ocrx_word' id='word_1_284' title='bbox 2548 2115 2658 2155; x_wconf 90' lang='lat' dir='ltr'><strong>non</strong></span> <span class='ocrx_word' id='word_1_285' title='bbox 2708 2100 2944 2170; x_wconf 84' lang='lat' dir='ltr'><strong>amplius</strong></span> <span class='ocrx_word' id='word_1_286' title='bbox 2976 2100 3221 2170; x_wconf 87' lang='lat' dir='ltr'><strong>publicas</strong></span> <span class='ocrx_word' id='word_1_287' title='bbox 3251 2115 3447 2171; x_wconf 76' lang='lat' dir='ltr'><strong>aggre-</strong></span> 
     </span>
    </p>
   </div>
   <div class='ocr_carea' id='block_1_50' title="bbox 1874 2188 3449 2261">
    <p class='ocr_par' dir='ltr' id='par_1_50' title="bbox 1874 2188 3449 2261">
     <span class='ocr_line' id='line_1_50' title="bbox 1874 2188 3449 2261; baseline 0.003 -18"><span class='ocrx_word' id='word_1_288' title='bbox 1874 2190 2098 2244; x_wconf 89' lang='lat' dir='ltr'><strong>diantur</strong></span> <span class='ocrx_word' id='word_1_289' title='bbox 2149 2188 2679 2255; x_wconf 83' lang='lat' dir='ltr'><strong>administrationes,</strong></span> <span class='ocrx_word' id='word_1_290' title='bbox 2734 2204 2924 2245; x_wconf 88' lang='lat' dir='ltr'><strong>eorum</strong></span> <span class='ocrx_word' id='word_1_291' title='bbox 2971 2191 3173 2261; x_wconf 84' lang='lat' dir='ltr'><strong>quibus</strong></span> <span class='ocrx_word' id='word_1_292' title='bbox 3226 2190 3449 2246; x_wconf 84' lang='lat' dir='ltr'><strong>luerunt</strong></span> 
     </span>
    </p>
   </div>
   <div class='ocr_carea' id='block_1_51' title="bbox 1875 2279 2595 2349">
    <p class='ocr_par' dir='ltr' id='par_1_51' title="bbox 1875 2279 2595 2349">
     <span class='ocr_line' id='line_1_51' title="bbox 1875 2279 2595 2349; baseline 0.001 -17"><span class='ocrx_word' id='word_1_293' title='bbox 1875 2280 2123 2349; x_wconf 85' lang='lat' dir='ltr'><strong>occupati</strong></span> <span class='ocrx_word' id='word_1_294' title='bbox 2159 2280 2312 2334; x_wconf 74' lang='lat' dir='ltr'><strong>venia</strong></span> <span class='ocrx_word' id='word_1_295' title='bbox 2355 2279 2595 2335; x_wconf 85' lang='lat' dir='ltr'><strong>dabitur.</strong></span> 
     </span>
    </p>
   </div>
   <div class='ocr_carea' id='block_1_52' title="bbox 1951 2369 3451 2444">
    <p class='ocr_par' dir='ltr' id='par_1_52' title="bbox 1951 2369 3451 2444">
     <span class='ocr_line' id='line_1_52' title="bbox 1951 2369 3451 2444; baseline 0.001 -19"><span class='ocrx_word' id='word_1_296' title='bbox 1951 2372 2111 2442; x_wconf 76' lang='lat'><strong>166</strong></span> <span class='ocrx_word' id='word_1_297' title='bbox 2143 2369 2525 2440; x_wconf 75' lang='lat' dir='ltr'><strong>Octogesimus</strong></span> <span class='ocrx_word' id='word_1_298' title='bbox 2587 2371 2782 2427; x_wconf 87' lang='lat' dir='ltr'><strong>tertius</strong></span> <span class='ocrx_word' id='word_1_299' title='bbox 2823 2384 2955 2427; x_wconf 86' lang='lat' dir='ltr'><strong>vero</strong></span> <span class='ocrx_word' id='word_1_300' title='bbox 3003 2374 3320 2444; x_wconf 86' lang='lat' dir='ltr'><strong>episcopum</strong></span> <span class='ocrx_word' id='word_1_301' title='bbox 3364 2373 3451 2428; x_wconf 87' lang='lat' dir='ltr'><strong>vcl</strong></span> 
     </span>
    </p>
   </div>
   <div class='ocr_carea' id='block_1_53' title="bbox 1877 2463 3451 2534">
    <p class='ocr_par' dir='ltr' id='par_1_53' title="bbox 1877 2463 3451 2534">
     <span class='ocr_line' id='line_1_53' title="bbox 1877 2463 3451 2534; baseline 0.002 -16"><span class='ocrx_word' id='word_1_302' title='bbox 1877 2466 2260 2534; x_wconf 83' lang='lat' dir='ltr'><strong>presbyterum</strong></span> <span class='ocrx_word' id='word_1_303' title='bbox 2300 2463 2385 2517; x_wconf 82' lang='lat' dir='ltr'><strong>vel</strong></span> <span class='ocrx_word' id='word_1_304' title='bbox 2418 2463 2712 2518; x_wconf 86' lang='lat' dir='ltr'><strong>diaconum</strong></span> <span class='ocrx_word' id='word_1_305' title='bbox 2752 2463 2866 2534; x_wconf 85' lang='lat' dir='ltr'><strong>(qui</strong></span> <span class='ocrx_word' id='word_1_306' title='bbox 2893 2464 3075 2519; x_wconf 89' lang='lat' dir='ltr'><strong>adhuc</strong></span> <span class='ocrx_word' id='word_1_307' title='bbox 3123 2466 3451 2521; x_wconf 85' lang='lat' dir='ltr'><strong>sacerdotali</strong></span> 
     </span>
    </p>
   </div>
   <div class='ocr_carea' id='block_1_54' title="bbox 1876 2542 3456 2625">
    <p class='ocr_par' dir='ltr' id='par_1_54' title="bbox 1876 2542 3456 2625">
     <span class='ocr_line' id='line_1_54' title="bbox 1876 2542 3456 2625; baseline 0.002 -19"><span class='ocrx_word' id='word_1_308' title='bbox 1876 2554 2122 2608; x_wconf 86' lang='lat' dir='ltr'><strong>induitur</strong></span> <span class='ocrx_word' id='word_1_309' title='bbox 2141 2553 2354 2622; x_wconf 84' lang='lat' dir='ltr'><strong>habitu)</strong></span> <span class='ocrx_word' id='word_1_310' title='bbox 2378 2551 2643 2609; x_wconf 79' lang='lat' dir='ltr'><strong>exercitui</strong></span> <span class='ocrx_word' id='word_1_311' title='bbox 2674 2542 2980 2625; x_wconf 47' lang='lat' dir='ltr'><strong>vaca’ntem,</strong></span> <span class='ocrx_word' id='word_1_312' title='bbox 3007 2555 3322 2610; x_wconf 87' lang='lat' dir='ltr'><strong>militarium</strong></span> <span class='ocrx_word' id='word_1_313' title='bbox 3343 2559 3456 2611; x_wconf 76' lang='lat' dir='ltr'><strong>sci-</strong></span> 
     </span>
    </p>
   </div>
   <div class='ocr_carea' id='block_1_55' title="bbox 1878 2644 3454 2716">
    <p class='ocr_par' dir='ltr' id='par_1_55' title="bbox 1878 2644 3454 2716">
     <span class='ocr_line' id='line_1_55' title="bbox 1878 2644 3454 2716; baseline 0.003 -18"><span class='ocrx_word' id='word_1_314' title='bbox 1878 2645 2005 2699; x_wconf 84' lang='lat' dir='ltr'><strong>licet</strong></span> <span class='ocrx_word' id='word_1_315' title='bbox 2062 2660 2243 2700; x_wconf 86' lang='lat' dir='ltr'><strong>rerum</strong></span> <span class='ocrx_word' id='word_1_316' title='bbox 2276 2644 2741 2703; x_wconf 87' lang='lat' dir='ltr'><strong>administrationi</strong></span> <span class='ocrx_word' id='word_1_317' title='bbox 2784 2649 2918 2715; x_wconf 90' lang='lat' dir='ltr'><strong>(non</strong></span> <span class='ocrx_word' id='word_1_318' title='bbox 2966 2646 3112 2701; x_wconf 89' lang='lat' dir='ltr'><strong>enim</strong></span> <span class='ocrx_word' id='word_1_319' title='bbox 3130 2663 3250 2716; x_wconf 66' lang='lat' dir='ltr'><strong>qum</strong></span> <span class='ocrx_word' id='word_1_320' title='bbox 3280 2651 3454 2703; x_wconf 81' lang='lat' dir='ltr'><strong>armis</strong></span> 
     </span>
    </p>
   </div>
   <div class='ocr_carea' id='block_1_56' title="bbox 1877 2734 3452 2808">
    <p class='ocr_par' dir='ltr' id='par_1_56' title="bbox 1877 2734 3452 2808">
     <span class='ocr_line' id='line_1_56' title="bbox 1877 2734 3452 2808; baseline 0.003 -20"><span class='ocrx_word' id='word_1_321' title='bbox 1877 2734 1936 2788; x_wconf 83' lang='lat' dir='ltr'><strong>tit</strong></span> <span class='ocrx_word' id='word_1_322' title='bbox 1965 2737 2055 2790; x_wconf 89' lang='lat' dir='ltr'><strong>bie</strong></span> <span class='ocrx_word' id='word_1_323' title='bbox 2076 2735 2210 2790; x_wconf 90' lang='lat' dir='ltr'><strong>dicit</strong></span> <span class='ocrx_word' id='word_1_324' title='bbox 2235 2734 2639 2808; x_wconf 86' lang='lat' dir='ltr'><strong>tractationem)</strong></span> <span class='ocrx_word' id='word_1_325' title='bbox 2657 2736 2986 2806; x_wconf 85' lang='lat' dir='ltr'><strong>depositioni</strong></span> <span class='ocrx_word' id='word_1_326' title='bbox 3007 2736 3231 2805; x_wconf 86' lang='lat' dir='ltr'><strong>subjieit</strong></span> <span class='ocrx_word' id='word_1_327' title='bbox 3247 2755 3262 2797; x_wconf 85' lang='lat'><strong>;</strong></span> <span class='ocrx_word' id='word_1_328' title='bbox 3280 2737 3452 2793; x_wconf 82' lang='lat' dir='ltr'><strong>Nemo</strong></span> 
     </span>
    </p>
   </div>
   <div class='ocr_carea' id='block_1_57' title="bbox 1875 2827 3453 2901">
    <p class='ocr_par' dir='ltr' id='par_1_57' title="bbox 1875 2827 3453 2901">
     <span class='ocr_line' id='line_1_57' title="bbox 1875 2827 3453 2901; baseline 0.003 -18"><span class='ocrx_word' id='word_1_329' title='bbox 1875 2828 2046 2892; x_wconf 86' lang='lat' dir='ltr'><strong>enim,</strong></span> <span class='ocrx_word' id='word_1_330' title='bbox 2077 2827 2234 2895; x_wconf 80' lang='lat' dir='ltr'><strong>juxta</strong></span> <span class='ocrx_word' id='word_1_331' title='bbox 2260 2842 2476 2885; x_wconf 88' lang='lat' dir='ltr'><strong>sacrum</strong></span> <span class='ocrx_word' id='word_1_332' title='bbox 2501 2827 2811 2895; x_wconf 87' lang='lat' dir='ltr'><strong>oraculum,</strong></span> <span class='ocrx_word' id='word_1_333' title='bbox 2844 2828 3060 2886; x_wconf 89' lang='lat' dir='ltr'><strong>duobus</strong></span> <span class='ocrx_word' id='word_1_334' title='bbox 3085 2828 3323 2887; x_wconf 87' lang='lat' dir='ltr'><strong>dominis</strong></span> <span class='ocrx_word' id='word_1_335' title='bbox 3352 2845 3453 2901; x_wconf 88' lang='lat' dir='ltr'><strong>po-</strong></span> 
     </span>
    </p>
   </div>
   <div class='ocr_carea' id='block_1_58' title="bbox 1877 2920 2233 2979">
    <p class='ocr_par' dir='ltr' id='par_1_58' title="bbox 1877 2920 2233 2979">
     <span class='ocr_line' id='line_1_58' title="bbox 1877 2920 2233 2979; baseline 0.014 -5"><span class='ocrx_word' id='word_1_336' title='bbox 1877 2927 1982 2975; x_wconf 83' lang='lat' dir='ltr'><strong>test</strong></span> <span class='ocrx_word' id='word_1_337' title='bbox 2003 2920 2233 2979; x_wconf 85' lang='lat' dir='ltr'><strong>servire.</strong></span> 
     </span>
    </p>
   </div>
   <div class='ocr_carea' id='block_1_59' title="bbox 1948 3011 3448 3105">
    <p class='ocr_par' dir='ltr' id='par_1_59' title="bbox 1948 3011 3448 3105">
     <span class='ocr_line' id='line_1_59' title="bbox 1948 3011 3448 3105; baseline 0.005 -40"><span class='ocrx_word' id='word_1_338' title='bbox 1948 3011 2170 3079; x_wconf 75' lang='lat' dir='ltr'><strong>Quartae</strong></span> <span class='ocrx_word' id='word_1_339' title='bbox 2201 3012 2396 3105; x_wconf 65' lang='lat' dir='ltr'><strong>synodi</strong></span> <span class='ocrx_word' id='word_1_340' title='bbox 2423 3013 2455 3067; x_wconf 88' lang='lat'><strong>7</strong></span> <span class='ocrx_word' id='word_1_341' title='bbox 2487 3027 2666 3069; x_wconf 91' lang='lat' dir='ltr'><strong>canon</strong></span> <span class='ocrx_word' id='word_1_342' title='bbox 2702 3028 2797 3071; x_wconf 90' lang='lat' dir='ltr'><strong>eos</strong></span> <span class='ocrx_word' id='word_1_343' title='bbox 2845 3015 2939 3086; x_wconf 92' lang='lat' dir='ltr'><strong>qui</strong></span> <span class='ocrx_word' id='word_1_344' title='bbox 2988 3016 3042 3071; x_wconf 91' lang='lat' dir='ltr'><strong>in</strong></span> <span class='ocrx_word' id='word_1_345' title='bbox 3091 3016 3239 3073; x_wconf 89' lang='lat' dir='ltr'><strong>clero</strong></span> <span class='ocrx_word' id='word_1_346' title='bbox 3278 3019 3448 3075; x_wconf 87' lang='lat' dir='ltr'><strong>semel</strong></span> 
     </span>
    </p>
   </div>
   <div class='ocr_carea' id='block_1_60' title="bbox 188 3105 1795 3191">
    <p class='ocr_par' dir='ltr' id='par_1_60' title="bbox 188 3105 1772 3183">
     <span class='ocr_line' id='line_1_60' title="bbox 188 3105 1772 3183; baseline 0.003 -24"><span class='ocrx_word' id='word_1_347' title='bbox 188 3105 385 3177; x_wconf 77' lang='grc' dir='ltr'>κλήρῳ</span> <span class='ocrx_word' id='word_1_348' title='bbox 417 3106 897 3177; x_wconf 77' lang='grc' dir='ltr'>κατειλεγμένους,</span> <span class='ocrx_word' id='word_1_349' title='bbox 926 3106 959 3174; x_wconf 79' lang='grc' dir='ltr'><strong>ἢ</strong></span> <span class='ocrx_word' id='word_1_350' title='bbox 992 3108 1289 3178; x_wconf 80' lang='grc' dir='ltr'>μοναστάς,</span> <span class='ocrx_word' id='word_1_351' title='bbox 1325 3109 1462 3179; x_wconf 80' lang='grc' dir='ltr'>μήτε</span> <span class='ocrx_word' id='word_1_352' title='bbox 1489 3111 1581 3162; x_wconf 73' lang='grc' dir='ltr'><strong>ἐπὶ</strong></span> <span class='ocrx_word' id='word_1_353' title='bbox 1605 3128 1772 3183; x_wconf 87' lang='grc' dir='ltr'>στρα-</span> 
     </span>
    </p>
   </div>
   <div class='ocr_carea' id='block_1_61' title="bbox 1884 3105 3449 3191">
    <p class='ocr_par' dir='ltr' id='par_1_61' title="bbox 1884 3106 3449 3174">
     <span class='ocr_line' id='line_1_61' title="bbox 1884 3106 3449 3174; baseline 0 -10"><span class='ocrx_word' id='word_1_354' title='bbox 1884 3106 2117 3164; x_wconf 84' lang='lat' dir='ltr'><strong>ordinati</strong></span> <span class='ocrx_word' id='word_1_355' title='bbox 2151 3115 2303 3170; x_wconf 89' lang='lat' dir='ltr'><strong>sunt,</strong></span> <span class='ocrx_word' id='word_1_356' title='bbox 2338 3115 2394 3161; x_wconf 91' lang='lat' dir='ltr'><strong>et</strong></span> <span class='ocrx_word' id='word_1_357' title='bbox 2418 3106 2603 3162; x_wconf 87' lang='lat' dir='ltr'><strong>itidem</strong></span> <span class='ocrx_word' id='word_1_358' title='bbox 2636 3107 2957 3174; x_wconf 89' lang='lat' dir='ltr'><strong>monachos,</strong></span> <span class='ocrx_word' id='word_1_359' title='bbox 3006 3108 3203 3166; x_wconf 86' lang='lat' dir='ltr'><strong>nec.ad</strong></span> <span class='ocrx_word' id='word_1_360' title='bbox 3244 3110 3449 3165; x_wconf 82' lang='lat' dir='ltr'><strong>milita-</strong></span> 
     </span>
    </p>
   </div>
   <div class='ocr_carea' id='block_1_62' title="bbox 187 3197 1771 3271">
    <p class='ocr_par' dir='ltr' id='par_1_62' title="bbox 187 3197 1771 3271">
     <span class='ocr_line' id='line_1_62' title="bbox 187 3197 1771 3271; baseline 0.002 -18"><span class='ocrx_word' id='word_1_361' title='bbox 187 3199 368 3263; x_wconf 86' lang='grc' dir='ltr'>τείαν,</span> <span class='ocrx_word' id='word_1_362' title='bbox 411 3199 550 3270; x_wconf 80' lang='grc' dir='ltr'>μήτε</span> <span class='ocrx_word' id='word_1_363' title='bbox 581 3200 673 3253; x_wconf 70' lang='grc' dir='ltr'><strong>ἐπὶ</strong></span> <span class='ocrx_word' id='word_1_364' title='bbox 721 3199 999 3271; x_wconf 82' lang='grc' dir='ltr'>κοσμικὴν</span> <span class='ocrx_word' id='word_1_365' title='bbox 1045 3197 1204 3265; x_wconf 78' lang='grc' dir='ltr'>ἀξίαν</span> <span class='ocrx_word' id='word_1_366' title='bbox 1235 3199 1497 3271; x_wconf 78' lang='grc' dir='ltr'>ἔρχεσθαι</span> <span class='ocrx_word' id='word_1_367' title='bbox 1536 3202 1771 3271; x_wconf 83' lang='grc' dir='ltr'>κελεύει,</span> 
     </span>
    </p>
   </div>
   <div class='ocr_carea' id='block_1_63' title="bbox 190 3292 1770 3364">
    <p class='ocr_par' dir='ltr' id='par_1_63' title="bbox 190 3292 1770 3364">
     <span class='ocr_line' id='line_1_63' title="bbox 190 3292 1770 3364; baseline 0.003 -18"><span class='ocrx_word' id='word_1_368' title='bbox 190 3293 254 3346; x_wconf 73' lang='grc' dir='ltr'>τὸ</span> <span class='ocrx_word' id='word_1_369' title='bbox 313 3292 459 3362; x_wconf 79' lang='grc' dir='ltr'>ἱερὸν</span> <span class='ocrx_word' id='word_1_370' title='bbox 520 3292 973 3363; x_wconf 84' lang='grc' dir='ltr'>ἀποδυσαμένους</span> <span class='ocrx_word' id='word_1_371' title='bbox 1023 3293 1234 3363; x_wconf 80' lang='grc' dir='ltr'>σχῆμα,</span> <span class='ocrx_word' id='word_1_372' title='bbox 1272 3295 1368 3347; x_wconf 72' lang='grc' dir='ltr'>καὶ</span> <span class='ocrx_word' id='word_1_373' title='bbox 1405 3296 1770 3364; x_wconf 87' lang='grc' dir='ltr'>μετενδύντας</span> 
     </span>
    </p>
   </div>
   <div class='ocr_carea' id='block_1_64' title="bbox 187 3383 1770 3456">
    <p class='ocr_par' dir='ltr' id='par_1_64' title="bbox 187 3383 1770 3456">
     <span class='ocr_line' id='line_1_64' title="bbox 187 3383 1770 3456; baseline 0.003 -20"><span class='ocrx_word' id='word_1_374' title='bbox 187 3383 332 3452; x_wconf 80' lang='grc' dir='ltr'>ὅπερ</span> <span class='ocrx_word' id='word_1_375' title='bbox 362 3384 498 3452; x_wconf 70' lang='grc' dir='ltr'>πρὸς</span> <span class='ocrx_word' id='word_1_376' title='bbox 522 3384 675 3447; x_wconf 76' lang='grc' dir='ltr'>ἔθους</span> <span class='ocrx_word' id='word_1_377' title='bbox 698 3384 952 3450; x_wconf 80' lang='grc' dir='ltr'>ἐκείνοις,</span> <span class='ocrx_word' id='word_1_378' title='bbox 984 3384 1016 3455; x_wconf 74' lang='grc' dir='ltr'>ἢ</span> <span class='ocrx_word' id='word_1_379' title='bbox 1052 3385 1177 3447; x_wconf 79' lang='grc' dir='ltr'>τοὺς</span> <span class='ocrx_word' id='word_1_380' title='bbox 1231 3387 1389 3439; x_wconf 78' lang='grc' dir='ltr'>τοῦτο</span> <span class='ocrx_word' id='word_1_381' title='bbox 1425 3386 1770 3456; x_wconf 80' lang='grc' dir='ltr'>τολμῶντας,</span> 
     </span>
    </p>
   </div>
   <div class='ocr_carea' id='block_1_65' title="bbox 186 3476 1799 3550">
    <p class='ocr_par' dir='ltr' id='par_1_65' title="bbox 186 3476 1799 3550">
     <span class='ocr_line' id='line_1_65' title="bbox 186 3476 1799 3550; baseline 0.005 -22"><span class='ocrx_word' id='word_1_382' title='bbox 186 3477 287 3528; x_wconf 74' lang='grc' dir='ltr'>καὶ</span> <span class='ocrx_word' id='word_1_383' title='bbox 330 3477 405 3546; x_wconf 81' lang='grc' dir='ltr'>μὴ</span> <span class='ocrx_word' id='word_1_384' title='bbox 437 3476 932 3546; x_wconf 74' lang='grc' dir='ltr'>μεταμελομένους,</span> <span class='ocrx_word' id='word_1_385' title='bbox 967 3477 1103 3547; x_wconf 79' lang='grc' dir='ltr'>μηδὲ</span> <span class='ocrx_word' id='word_1_386' title='bbox 1145 3478 1205 3530; x_wconf 73' lang='grc' dir='ltr'>τὸ</span> <span class='ocrx_word' id='word_1_387' title='bbox 1233 3477 1571 3550; x_wconf 82' lang='grc' dir='ltr'>κατάλληλον</span> <span class='ocrx_word' id='word_1_388' title='bbox 1612 3480 1799 3548; x_wconf 77' lang='grc' dir='ltr'>αὖθις</span> 
     </span>
    </p>
   </div>
   <div class='ocr_carea' id='block_1_66' title="bbox 182 3567 1772 3645">
    <p class='ocr_par' dir='ltr' id='par_1_66' title="bbox 182 3567 1772 3645">
     <span class='ocr_line' id='line_1_66' title="bbox 182 3567 1772 3645; baseline 0.005 -23"><span class='ocrx_word' id='word_1_389' title='bbox 182 3570 262 3640; x_wconf 79' lang='grc' dir='ltr'>τῷ</span> <span class='ocrx_word' id='word_1_390' title='bbox 306 3568 442 3638; x_wconf 84' lang='grc' dir='ltr'><strong>ίερῴ</strong></span> <span class='ocrx_word' id='word_1_391' title='bbox 471 3567 571 3637; x_wconf 78' lang='grc' dir='ltr'><strong>βίῳ</strong></span> <span class='ocrx_word' id='word_1_392' title='bbox 604 3567 793 3636; x_wconf 81' lang='grc' dir='ltr'>σχῆμα</span> <span class='ocrx_word' id='word_1_393' title='bbox 828 3568 1372 3637; x_wconf 83' lang='grc' dir='ltr'>μεταλαμϐάνοντας,</span> <span class='ocrx_word' id='word_1_394' title='bbox 1400 3571 1429 3625; x_wconf 80' lang='grc' dir='ltr'>ὖ</span> <span class='ocrx_word' id='word_1_395' title='bbox 1456 3575 1588 3645; x_wconf 71' lang='grc' dir='ltr'>πρὶν</span> <span class='ocrx_word' id='word_1_396' title='bbox 1629 3576 1772 3630; x_wconf 80' lang='grc' dir='ltr'>κατὰ</span> 
     </span>
    </p>
   </div>
   <div class='ocr_carea' id='block_1_67' title="bbox 185 3659 1771 3738">
    <p class='ocr_par' dir='ltr' id='par_1_67' title="bbox 185 3659 1771 3738">
     <span class='ocr_line' id='line_1_67' title="bbox 185 3659 1771 3738; baseline 0.003 -23"><span class='ocrx_word' id='word_1_397' title='bbox 185 3660 330 3715; x_wconf 74' lang='grc' dir='ltr'>Θεὸν</span> <span class='ocrx_word' id='word_1_398' title='bbox 366 3661 594 3725; x_wconf 82' lang='grc' dir='ltr'>εἴλοντο,</span> <span class='ocrx_word' id='word_1_399' title='bbox 646 3659 1150 3728; x_wconf 74' lang='grc' dir='ltr'>ἀναθεματίζεσθαι</span> <span class='ocrx_word' id='word_1_400' title='bbox 1188 3660 1351 3737; x_wconf 48' lang='grc' dir='ltr'>ἀξιοῖ,</span> <span class='ocrx_word' id='word_1_401' title='bbox 1406 3664 1607 3718; x_wconf 80' lang='grc' dir='ltr'>Οὐκέτι</span> <span class='ocrx_word' id='word_1_402' title='bbox 1660 3666 1771 3738; x_wconf 87' lang='grc' dir='ltr'><strong>γὰρ</strong></span> 
     </span>
    </p>
   </div>
   <div class='ocr_carea' id='block_1_68' title="bbox 185 3749 1768 3821">
    <p class='ocr_par' dir='ltr' id='par_1_68' title="bbox 185 3749 1768 3821">
     <span class='ocr_line' id='line_1_68' title="bbox 185 3749 1768 3821; baseline 0.001 -14"><span class='ocrx_word' id='word_1_403' title='bbox 185 3752 518 3820; x_wconf 79' lang='grc' dir='ltr'>καθαιρέσει</span> <span class='ocrx_word' id='word_1_404' title='bbox 568 3752 597 3804; x_wconf 80' lang='grc' dir='ltr'><strong>ὁ</strong></span> <span class='ocrx_word' id='word_1_405' title='bbox 668 3749 884 3803; x_wconf 78' lang='grc' dir='ltr'>τοιοῦτό</span> <span class='ocrx_word' id='word_1_406' title='bbox 929 3768 983 3804; x_wconf 90' lang='grc' dir='ltr'><strong>τι</strong></span> <span class='ocrx_word' id='word_1_407' title='bbox 1030 3751 1307 3821; x_wconf 83' lang='grc' dir='ltr'>τολμήσας</span> <span class='ocrx_word' id='word_1_408' title='bbox 1358 3754 1768 3809; x_wconf 67' lang='grc' dir='ltr'>ὕποϐάλλεταιυ</span> 
     </span>
    </p>
   </div>
   <div class='ocr_carea' id='block_1_69' title="bbox 186 3840 1771 3919">
    <p class='ocr_par' dir='ltr' id='par_1_69' title="bbox 186 3840 1771 3919">
     <span class='ocr_line' id='line_1_69' title="bbox 186 3840 1771 3919; baseline 0.004 -22"><span class='ocrx_word' id='word_1_409' title='bbox 186 3844 318 3897; x_wconf 77' lang='grc' dir='ltr'>ἐπεί</span> <span class='ocrx_word' id='word_1_410' title='bbox 344 3841 429 3895; x_wconf 90' lang='grc' dir='ltr'><strong>τοί</strong></span> <span class='ocrx_word' id='word_1_411' title='bbox 462 3858 524 3909; x_wconf 91' lang='grc' dir='ltr'><strong>γε</strong></span> <span class='ocrx_word' id='word_1_412' title='bbox 550 3840 757 3909; x_wconf 88' lang='grc' dir='ltr'>ταύτην</span> <span class='ocrx_word' id='word_1_413' title='bbox 790 3841 951 3905; x_wconf 82' lang='grc' dir='ltr'>αὐτὸς</span> <span class='ocrx_word' id='word_1_414' title='bbox 983 3841 1178 3895; x_wconf 79' lang='grc' dir='ltr'>ἑαυτοῦ</span> <span class='ocrx_word' id='word_1_415' title='bbox 1212 3844 1306 3896; x_wconf 79' lang='grc' dir='ltr'>καὶ</span> <span class='ocrx_word' id='word_1_416' title='bbox 1335 3846 1442 3913; x_wconf 79' lang='grc' dir='ltr'>πρὸ</span> <span class='ocrx_word' id='word_1_417' title='bbox 1473 3847 1771 3919; x_wconf 80' lang='grc' dir='ltr'>καταδίκης</span> 
     </span>
    </p>
   </div>
   <div class='ocr_carea' id='block_1_70' title="bbox 187 3932 1772 4010">
    <p class='ocr_par' dir='ltr' id='par_1_70' title="bbox 187 3932 1772 4010">
     <span class='ocr_line' id='line_1_70' title="bbox 187 3932 1772 4010; baseline 0.004 -22"><span class='ocrx_word' id='word_1_418' title='bbox 187 3933 637 4004; x_wconf 64' lang='grc' dir='ltr'>κατεψηφίσατο,</span> <span class='ocrx_word' id='word_1_419' title='bbox 678 3932 1093 4004; x_wconf 83' lang='grc' dir='ltr'>ἀπογυμνώσας</span> <span class='ocrx_word' id='word_1_420' title='bbox 1120 3933 1317 3988; x_wconf 79' lang='grc' dir='ltr'>ἑαυτὸν</span> <span class='ocrx_word' id='word_1_421' title='bbox 1347 3937 1447 4006; x_wconf 84' lang='grc' dir='ltr'>τῆς</span> <span class='ocrx_word' id='word_1_422' title='bbox 1483 3938 1772 4010; x_wconf 75' lang='grc' dir='ltr'>ἱερατικῆς</span> 
     </span>
    </p>
   </div>
   <div class='ocr_carea' id='block_1_71' title="bbox 185 4024 1771 4102">
    <p class='ocr_par' dir='ltr' id='par_1_71' title="bbox 185 4024 1771 4102">
     <span class='ocr_line' id='line_1_71' title="bbox 185 4024 1771 4102; baseline 0.004 -23"><span class='ocrx_word' id='word_1_423' title='bbox 185 4028 539 4096; x_wconf 62' lang='grc' dir='ltr'>ἀμπεχόνης,</span> <span class='ocrx_word' id='word_1_424' title='bbox 590 4026 683 4079; x_wconf 76' lang='grc' dir='ltr'>καὶ</span> <span class='ocrx_word' id='word_1_425' title='bbox 719 4024 907 4087; x_wconf 84' lang='grc' dir='ltr'>λαῖκὸς</span> <span class='ocrx_word' id='word_1_426' title='bbox 948 4024 1214 4094; x_wconf 80' lang='grc' dir='ltr'>γεγονώς.</span> <span class='ocrx_word' id='word_1_427' title='bbox 1263 4028 1425 4099; x_wconf 81' lang='grc' dir='ltr'>Ζήτει</span> <span class='ocrx_word' id='word_1_428' title='bbox 1471 4031 1567 4085; x_wconf 78' lang='grc' dir='ltr'>καὶ</span> <span class='ocrx_word' id='word_1_429' title='bbox 1603 4030 1665 4084; x_wconf 79' lang='grc' dir='ltr'>τὸ</span> <span class='ocrx_word' id='word_1_430' title='bbox 1702 4028 1771 4102; x_wconf 77' lang='grc' dir='ltr'>ιγ’</span> 
     </span>
    </p>
   </div>
   <div class='ocr_carea' id='block_1_72' title="bbox 183 4103 1266 4192">
    <p class='ocr_par' dir='ltr' id='par_1_72' title="bbox 183 4118 1031 4192">
     <span class='ocr_line' id='line_1_72' title="bbox 183 4118 1031 4192; baseline -0.002 -17"><span class='ocrx_word' id='word_1_431' title='bbox 183 4119 499 4188; x_wconf 66' lang='grc' dir='ltr'>κεφάλαιον</span> <span class='ocrx_word' id='word_1_432' title='bbox 529 4119 622 4172; x_wconf 81' lang='grc' dir='ltr'>τοῦ</span> <span class='ocrx_word' id='word_1_433' title='bbox 657 4120 695 4172; x_wconf 84' lang='lat' dir='ltr'><strong>E</strong></span> <span class='ocrx_word' id='word_1_434' title='bbox 739 4118 1031 4192; x_wconf 84' lang='grc' dir='ltr'>στοιχείου.</span> 
     </span>
    </p>
   </div>
   <div class='ocr_carea' id='block_1_73' title="bbox 272 4209 1768 4287">
    <p class='ocr_par' dir='ltr' id='par_1_73' title="bbox 272 4209 1768 4287">
     <span class='ocr_line' id='line_1_73' title="bbox 272 4209 1768 4287; baseline 0.005 -23"><span class='ocrx_word' id='word_1_435' title='bbox 272 4212 336 4264; x_wconf 83' lang='grc' dir='ltr'>ὐ</span> <span class='ocrx_word' id='word_1_436' title='bbox 375 4212 432 4265; x_wconf 77' lang='grc' dir='ltr'>δὲ</span> <span class='ocrx_word' id='word_1_437' title='bbox 466 4211 565 4280; x_wconf 79' lang='grc' dir='ltr'>τῆς</span> <span class='ocrx_word' id='word_1_438' title='bbox 601 4210 902 4281; x_wconf 80' lang='grc' dir='ltr'>λεγομένης</span> <span class='ocrx_word' id='word_1_439' title='bbox 937 4209 1164 4283; x_wconf 85' lang='grc' dir='ltr'>πρώτης</span> <span class='ocrx_word' id='word_1_440' title='bbox 1203 4214 1298 4267; x_wconf 75' lang='grc' dir='ltr'>καὶ</span> <span class='ocrx_word' id='word_1_441' title='bbox 1350 4214 1615 4287; x_wconf 66' lang='grc' dir='ltr'>δευτέρας</span> <span class='ocrx_word' id='word_1_442' title='bbox 1643 4235 1768 4271; x_wconf 90' lang='grc' dir='ltr'>συν-</span> 
     </span>
    </p>
   </div>
   <div class='ocr_carea' id='block_1_74' title="bbox 182 4302 1769 4377">
    <p class='ocr_par' dir='ltr' id='par_1_74' title="bbox 182 4302 1769 4377">
     <span class='ocr_line' id='line_1_74' title="bbox 182 4302 1769 4377; baseline 0.004 -21"><span class='ocrx_word' id='word_1_443' title='bbox 182 4304 316 4356; x_wconf 85' lang='grc' dir='ltr'>όδου</span> <span class='ocrx_word' id='word_1_444' title='bbox 369 4303 551 4355; x_wconf 85' lang='grc' dir='ltr'>κανὼν</span> <span class='ocrx_word' id='word_1_445' title='bbox 585 4302 873 4366; x_wconf 63' lang='grc' dir='ltr'>ἑνδέκατος</span> <span class='ocrx_word' id='word_1_446' title='bbox 921 4305 1047 4368; x_wconf 74' lang='grc' dir='ltr'>τοὺς</span> <span class='ocrx_word' id='word_1_447' title='bbox 1084 4304 1349 4377; x_wconf 77' lang='grc' dir='ltr'>ῥηθέντας</span> <span class='ocrx_word' id='word_1_448' title='bbox 1381 4306 1613 4371; x_wconf 84' lang='grc' dir='ltr'>κανόνας</span> <span class='ocrx_word' id='word_1_449' title='bbox 1643 4310 1769 4363; x_wconf 79' lang='grc' dir='ltr'>ἐπι-</span> 
     </span>
    </p>
   </div>
   <div class='ocr_carea' id='block_1_75' title="bbox 180 4394 1768 4467">
    <p class='ocr_par' dir='ltr' id='par_1_75' title="bbox 180 4394 1768 4467">
     <span class='ocr_line' id='line_1_75' title="bbox 180 4394 1768 4467; baseline 0.004 -20"><span class='ocrx_word' id='word_1_450' title='bbox 180 4394 401 4465; x_wconf 83' lang='grc' dir='ltr'>κυρὼν,</span> <span class='ocrx_word' id='word_1_451' title='bbox 452 4394 546 4447; x_wconf 73' lang='grc' dir='ltr'>καὶ</span> <span class='ocrx_word' id='word_1_452' title='bbox 603 4394 671 4447; x_wconf 84' lang='grc' dir='ltr'><strong>τὰ</strong></span> <span class='ocrx_word' id='word_1_453' title='bbox 717 4395 942 4448; x_wconf 78' lang='grc' dir='ltr'>ἐκείνων</span> <span class='ocrx_word' id='word_1_454' title='bbox 970 4394 1229 4461; x_wconf 77' lang='grc' dir='ltr'>ἐπεξιὼν,</span> <span class='ocrx_word' id='word_1_455' title='bbox 1261 4397 1457 4467; x_wconf 74' lang='grc' dir='ltr'>ἐπάγει</span> <span class='ocrx_word' id='word_1_456' title='bbox 1480 4399 1574 4463; x_wconf 81' lang='grc' dir='ltr'><strong>ὡς,</strong></span> <span class='ocrx_word' id='word_1_457' title='bbox 1608 4401 1768 4464; x_wconf 81' lang='grc' dir='ltr'>εἴτις</span> 
     </span>
    </p>
   </div>
   <div class='ocr_carea' id='block_1_76' title="bbox 1874 3199 3449 3272">
    <p class='ocr_par' dir='ltr' id='par_1_76' title="bbox 1874 3199 3449 3272">
     <span class='ocr_line' id='line_1_76' title="bbox 1874 3199 3449 3272; baseline 0.001 -17"><span class='ocrx_word' id='word_1_458' title='bbox 1874 3215 1991 3257; x_wconf 89' lang='lat' dir='ltr'><strong>rem</strong></span> <span class='ocrx_word' id='word_1_459' title='bbox 2037 3199 2433 3265; x_wconf 87' lang='lat' dir='ltr'><strong>conditionem,</strong></span> <span class='ocrx_word' id='word_1_460' title='bbox 2483 3214 2585 3256; x_wconf 87' lang='lat' dir='ltr'><strong>nec</strong></span> <span class='ocrx_word' id='word_1_461' title='bbox 2644 3200 2712 3253; x_wconf 88' lang='lat' dir='ltr'><strong>ad</strong></span> <span class='ocrx_word' id='word_1_462' title='bbox 2760 3200 3079 3256; x_wconf 69' lang='lat' dir='ltr'><strong>saecularem</strong></span> <span class='ocrx_word' id='word_1_463' title='bbox 3127 3200 3449 3272; x_wconf 78' lang='lat' dir='ltr'><strong>dignitatem</strong></span> 
     </span>
    </p>
   </div>
   <div class='ocr_carea' id='block_1_77' title="bbox 1872 3291 3452 3367">
    <p class='ocr_par' dir='ltr' id='par_1_77' title="bbox 1872 3291 3452 3367">
     <span class='ocr_line' id='line_1_77' title="bbox 1872 3291 3452 3367; baseline -0.001 -17"><span class='ocrx_word' id='word_1_464' title='bbox 1872 3292 2283 3363; x_wconf 69' lang='lat' dir='ltr'><strong>venire-jubet,</strong></span> <span class='ocrx_word' id='word_1_465' title='bbox 2322 3307 2545 3349; x_wconf 82' lang='lat' dir='ltr'><strong>sacrum</strong></span> <span class='ocrx_word' id='word_1_466' title='bbox 2600 3291 2912 3361; x_wconf 85' lang='lat' dir='ltr'><strong>rejicicntes</strong></span> <span class='ocrx_word' id='word_1_467' title='bbox 2970 3292 3239 3359; x_wconf 85' lang='lat' dir='ltr'><strong>habitum,</strong></span> <span class='ocrx_word' id='word_1_468' title='bbox 3272 3307 3326 3351; x_wconf 90' lang='lat' dir='ltr'><strong>et</strong></span> <span class='ocrx_word' id='word_1_469' title='bbox 3354 3296 3452 3367; x_wconf 91' lang='lat' dir='ltr'><strong>qui</strong></span> 
     </span>
    </p>
   </div>
   <div class='ocr_carea' id='block_1_78' title="bbox 1871 3384 3455 3458">
    <p class='ocr_par' dir='ltr' id='par_1_78' title="bbox 1871 3384 3455 3458">
     <span class='ocr_line' id='line_1_78' title="bbox 1871 3384 3455 3458; baseline 0 -17"><span class='ocrx_word' id='word_1_470' title='bbox 1871 3401 1971 3458; x_wconf 88' lang='lat' dir='ltr'><strong>pro</strong></span> <span class='ocrx_word' id='word_1_471' title='bbox 2004 3399 2159 3440; x_wconf 89' lang='lat' dir='ltr'><strong>more</strong></span> <span class='ocrx_word' id='word_1_472' title='bbox 2203 3384 2272 3439; x_wconf 93' lang='lat' dir='ltr'><strong>ad</strong></span> <span class='ocrx_word' id='word_1_473' title='bbox 2322 3384 2444 3441; x_wconf 90' lang='lat' dir='ltr'><strong>illos</strong></span> <span class='ocrx_word' id='word_1_474' title='bbox 2500 3386 2807 3456; x_wconf 84' lang='lat' dir='ltr'><strong>pertinebat</strong></span> <span class='ocrx_word' id='word_1_475' title='bbox 2859 3387 3170 3444; x_wconf 86' lang='lat' dir='ltr'><strong>induentes.</strong></span> <span class='ocrx_word' id='word_1_476' title='bbox 3212 3389 3314 3456; x_wconf 85' lang='lat' dir='ltr'><strong>Qui</strong></span> <span class='ocrx_word' id='word_1_477' title='bbox 3350 3391 3455 3449; x_wconf 83' lang='lat' dir='ltr'><strong>hoc</strong></span> 
     </span>
    </p>
   </div>
   <div class='ocr_carea' id='block_1_79' title="bbox 1872 3477 3445 3549">
    <p class='ocr_par' dir='ltr' id='par_1_79' title="bbox 1872 3477 3445 3549">
     <span class='ocr_line' id='line_1_79' title="bbox 1872 3477 3445 3549; baseline 0.003 -17"><span class='ocrx_word' id='word_1_478' title='bbox 1872 3477 2074 3533; x_wconf 89' lang='lat' dir='ltr'><strong>audent</strong></span> <span class='ocrx_word' id='word_1_479' title='bbox 2096 3484 2153 3531; x_wconf 89' lang='lat' dir='ltr'><strong>et</strong></span> <span class='ocrx_word' id='word_1_480' title='bbox 2178 3490 2289 3532; x_wconf 88' lang='lat' dir='ltr'><strong>non</strong></span> <span class='ocrx_word' id='word_1_481' title='bbox 2318 3484 2735 3544; x_wconf 85' lang='lat' dir='ltr'><strong>convertuntur,</strong></span> <span class='ocrx_word' id='word_1_482' title='bbox 2785 3493 2962 3549; x_wconf 85' lang='lat' dir='ltr'><strong>neque</strong></span> <span class='ocrx_word' id='word_1_483' title='bbox 2999 3494 3194 3537; x_wconf 87' lang='lat' dir='ltr'><strong>rursus</strong></span> <span class='ocrx_word' id='word_1_484' title='bbox 3221 3481 3290 3535; x_wconf 87' lang='lat' dir='ltr'><strong>ad</strong></span> <span class='ocrx_word' id='word_1_485' title='bbox 3340 3481 3445 3538; x_wconf 85' lang='lat' dir='ltr'><strong>ha-</strong></span> 
     </span>
    </p>
   </div>
   <div class='ocr_carea' id='block_1_80' title="bbox 1873 3568 3449 3645">
    <p class='ocr_par' dir='ltr' id='par_1_80' title="bbox 1873 3568 3449 3645">
     <span class='ocr_line' id='line_1_80' title="bbox 1873 3568 3449 3645; baseline 0.002 -18"><span class='ocrx_word' id='word_1_486' title='bbox 1873 3571 2047 3627; x_wconf 87' lang='lat' dir='ltr'><strong>bitum</strong></span> <span class='ocrx_word' id='word_1_487' title='bbox 2090 3568 2270 3633; x_wconf 89' lang='lat' dir='ltr'><strong>illum,</strong></span> <span class='ocrx_word' id='word_1_488' title='bbox 2301 3583 2462 3641; x_wconf 83' lang='lat' dir='ltr'><strong>quem</strong></span> <span class='ocrx_word' id='word_1_489' title='bbox 2492 3577 2712 3641; x_wconf 87' lang='lat' dir='ltr'><strong>propter</strong></span> <span class='ocrx_word' id='word_1_490' title='bbox 2751 3570 2925 3626; x_wconf 89' lang='lat' dir='ltr'><strong>Deum</strong></span> <span class='ocrx_word' id='word_1_491' title='bbox 2956 3573 3113 3640; x_wconf 83' lang='lat' dir='ltr'><strong>prius</strong></span> <span class='ocrx_word' id='word_1_492' title='bbox 3144 3574 3449 3645; x_wconf 64' lang='lat' dir='ltr'><strong>elegerant,</strong></span> 
     </span>
    </p>
   </div>
   <div class='ocr_carea' id='block_1_81' title="bbox 1874 3661 3452 3736">
    <p class='ocr_par' dir='ltr' id='par_1_81' title="bbox 1874 3661 3452 3736">
     <span class='ocr_line' id='line_1_81' title="bbox 1874 3661 3452 3736; baseline 0 -17"><span class='ocrx_word' id='word_1_493' title='bbox 1874 3672 2085 3719; x_wconf 88' lang='lat' dir='ltr'><strong>mutato</strong></span> <span class='ocrx_word' id='word_1_494' title='bbox 2110 3661 2349 3717; x_wconf 80' lang='lat' dir='ltr'><strong>consilio</strong></span> <span class='ocrx_word' id='word_1_495' title='bbox 2376 3670 2751 3727; x_wconf 84' lang='lat' dir='ltr'><strong>revertuntur,</strong></span> <span class='ocrx_word' id='word_1_496' title='bbox 2776 3662 3227 3718; x_wconf 80' lang='lat' dir='ltr'><strong>anathematizari</strong></span> <span class='ocrx_word' id='word_1_497' title='bbox 3253 3664 3452 3736; x_wconf 74' lang='lat' dir='ltr'><strong>dignos</strong></span> 
     </span>
    </p>
   </div>
   <div class='ocr_carea' id='block_1_82' title="bbox 1870 3753 3452 3827">
    <p class='ocr_par' dir='ltr' id='par_1_82' title="bbox 1870 3753 3452 3827">
     <span class='ocr_line' id='line_1_82' title="bbox 1870 3753 3452 3827; baseline 0.001 -16"><span class='ocrx_word' id='word_1_498' title='bbox 1870 3755 2099 3827; x_wconf 74' lang='lat' dir='ltr'><strong>iudicat.</strong></span> <span class='ocrx_word' id='word_1_499' title='bbox 2130 3753 2384 3810; x_wconf 90' lang='lat' dir='ltr'><strong>Nondum</strong></span> <span class='ocrx_word' id='word_1_500' title='bbox 2425 3754 2572 3809; x_wconf 89' lang='lat' dir='ltr'><strong>enim</strong></span> <span class='ocrx_word' id='word_1_501' title='bbox 2608 3753 2934 3825; x_wconf 88' lang='lat' dir='ltr'><strong>depositioni</strong></span> <span class='ocrx_word' id='word_1_502' title='bbox 2961 3756 3008 3811; x_wconf 81' lang='lat' dir='ltr'><strong>is</strong></span> <span class='ocrx_word' id='word_1_503' title='bbox 3037 3755 3132 3826; x_wconf 91' lang='lat' dir='ltr'><strong>qui</strong></span> <span class='ocrx_word' id='word_1_504' title='bbox 3168 3756 3273 3811; x_wconf 90' lang='lat' dir='ltr'><strong>tale</strong></span> <span class='ocrx_word' id='word_1_505' title='bbox 3317 3756 3452 3827; x_wconf 78' lang='lat' dir='ltr'><strong>quid</strong></span> 
     </span>
    </p>
   </div>
   <div class='ocr_carea' id='block_1_83' title="bbox 1874 3845 3452 3915">
    <p class='ocr_par' dir='ltr' id='par_1_83' title="bbox 1874 3845 3452 3915">
     <span class='ocr_line' id='line_1_83' title="bbox 1874 3845 3452 3915; baseline 0.001 -12"><span class='ocrx_word' id='word_1_506' title='bbox 1874 3848 2060 3910; x_wconf 87' lang='lat' dir='ltr'><strong>audet,</strong></span> <span class='ocrx_word' id='word_1_507' title='bbox 2093 3846 2425 3913; x_wconf 86' lang='lat' dir='ltr'><strong>subjicitur;</strong></span> <span class='ocrx_word' id='word_1_508' title='bbox 2453 3845 2898 3915; x_wconf 85' lang='lat' dir='ltr'><strong>quandoquidem</strong></span> <span class='ocrx_word' id='word_1_509' title='bbox 2947 3846 3062 3915; x_wconf 83' lang='lat' dir='ltr'><strong>ipse</strong></span> <span class='ocrx_word' id='word_1_510' title='bbox 3113 3847 3259 3903; x_wconf 89' lang='lat' dir='ltr'><strong>illius</strong></span> <span class='ocrx_word' id='word_1_511' title='bbox 3290 3848 3342 3902; x_wconf 89' lang='lat' dir='ltr'><strong>in</strong></span> <span class='ocrx_word' id='word_1_512' title='bbox 3389 3864 3452 3904; x_wconf 82' lang='lat' dir='ltr'><strong>se</strong></span> 
     </span>
    </p>
   </div>
   <div class='ocr_carea' id='block_1_84' title="bbox 1872 3924 3449 4011">
    <p class='ocr_par' dir='ltr' id='par_1_84' title="bbox 1872 3924 3449 4011">
     <span class='ocr_line' id='line_1_84' title="bbox 1872 3924 3449 4011; baseline 0.001 -15"><span class='ocrx_word' id='word_1_513' title='bbox 1872 3940 2198 3997; x_wconf 89' lang='lat' dir='ltr'><strong>sententiam</strong></span> <span class='ocrx_word' id='word_1_514' title='bbox 2239 3938 2361 3993; x_wconf 90' lang='lat' dir='ltr'><strong>tulit</strong></span> <span class='ocrx_word' id='word_1_515' title='bbox 2403 3924 2569 3992; x_wconf 81' lang='lat' dir='ltr'><strong>etiam</strong></span> <span class='ocrx_word' id='word_1_516' title='bbox 2601 3946 2731 3991; x_wconf 85' lang='lat' dir='ltr'><strong>ante</strong></span> <span class='ocrx_word' id='word_1_517' title='bbox 2758 3937 3294 4003; x_wconf 88' lang='lat' dir='ltr'><strong>condemnationem,</strong></span> <span class='ocrx_word' id='word_1_518' title='bbox 3352 3943 3449 4011; x_wconf 90' lang='lat' dir='ltr'><strong>qui</strong></span> 
     </span>
    </p>
   </div>
   <div class='ocr_carea' id='block_1_85' title="bbox 1873 4026 3452 4095">
    <p class='ocr_par' dir='ltr' id='par_1_85' title="bbox 1873 4026 3452 4095">
     <span class='ocr_line' id='line_1_85' title="bbox 1873 4026 3452 4095; baseline -0.001 -9"><span class='ocrx_word' id='word_1_519' title='bbox 1873 4045 1933 4086; x_wconf 90' lang='lat' dir='ltr'><strong>se</strong></span> <span class='ocrx_word' id='word_1_520' title='bbox 1959 4045 2114 4085; x_wconf 87' lang='lat' dir='ltr'><strong>sacra</strong></span> <span class='ocrx_word' id='word_1_521' title='bbox 2143 4038 2294 4084; x_wconf 85' lang='lat' dir='ltr'><strong>veste</strong></span> <span class='ocrx_word' id='word_1_522' title='bbox 2340 4028 2516 4095; x_wconf 79' lang='lat' dir='ltr'><strong>exuit,</strong></span> <span class='ocrx_word' id='word_1_523' title='bbox 2567 4035 2623 4082; x_wconf 90' lang='lat' dir='ltr'><strong>et</strong></span> <span class='ocrx_word' id='word_1_524' title='bbox 2652 4026 2828 4084; x_wconf 89' lang='lat' dir='ltr'><strong>laicus</strong></span> <span class='ocrx_word' id='word_1_525' title='bbox 2877 4027 3057 4085; x_wconf 83' lang='lat' dir='ltr'><strong>factus</strong></span> <span class='ocrx_word' id='word_1_526' title='bbox 3090 4039 3191 4084; x_wconf 91' lang='lat' dir='ltr'><strong>est.</strong></span> <span class='ocrx_word' id='word_1_527' title='bbox 3220 4028 3354 4086; x_wconf 80' lang='lat' dir='ltr'><strong>Vide</strong></span> <span class='ocrx_word' id='word_1_528' title='bbox 3396 4042 3452 4087; x_wconf 86' lang='lat' dir='ltr'><strong>et</strong></span> 
     </span>
    </p>
   </div>
   <div class='ocr_carea' id='block_1_86' title="bbox 1874 4119 2457 4191">
    <p class='ocr_par' dir='ltr' id='par_1_86' title="bbox 1874 4119 2457 4191">
     <span class='ocr_line' id='line_1_86' title="bbox 1874 4119 2457 4191; baseline -0.007 -13"><span class='ocrx_word' id='word_1_529' title='bbox 1874 4124 1941 4178; x_wconf 74' lang='grc'><strong>15</strong></span> <span class='ocrx_word' id='word_1_530' title='bbox 1973 4130 2136 4191; x_wconf 90' lang='lat' dir='ltr'><strong>caput</strong></span> <span class='ocrx_word' id='word_1_531' title='bbox 2165 4121 2359 4176; x_wconf 66' lang='lat' dir='ltr'><strong>litterae</strong></span> <span class='ocrx_word' id='word_1_532' title='bbox 2394 4119 2457 4174; x_wconf 86' lang='lat' dir='ltr'><strong>E.</strong></span> 
     </span>
    </p>
   </div>
   <div class='ocr_carea' id='block_1_87' title="bbox 1948 4212 3451 4285">
    <p class='ocr_par' dir='ltr' id='par_1_87' title="bbox 1948 4212 3451 4285">
     <span class='ocr_line' id='line_1_87' title="bbox 1948 4212 3451 4285; baseline -0.001 -14"><span class='ocrx_word' id='word_1_533' title='bbox 1948 4214 2282 4271; x_wconf 84' lang='lat' dir='ltr'><strong>Undecimus</strong></span> <span class='ocrx_word' id='word_1_534' title='bbox 2323 4213 2514 4285; x_wconf 75' lang='lat' dir='ltr'><strong>prima:</strong></span> <span class='ocrx_word' id='word_1_535' title='bbox 2560 4221 2614 4269; x_wconf 86' lang='lat' dir='ltr'><strong>et</strong></span> <span class='ocrx_word' id='word_1_536' title='bbox 2643 4212 2897 4269; x_wconf 62' lang='lat' dir='ltr'><strong>secundae</strong></span> <span class='ocrx_word' id='word_1_537' title='bbox 2944 4212 3102 4268; x_wconf 69' lang='lat' dir='ltr'><strong>dicta:</strong></span> <span class='ocrx_word' id='word_1_538' title='bbox 3139 4213 3330 4284; x_wconf 78' lang='lat' dir='ltr'><strong>synodi</strong></span> <span class='ocrx_word' id='word_1_539' title='bbox 3359 4231 3451 4270; x_wconf 85' lang='lat' dir='ltr'><strong>ca-</strong></span> 
     </span>
    </p>
   </div>
   <div class='ocr_carea' id='block_1_88' title="bbox 1874 4305 3449 4377">
    <p class='ocr_par' dir='ltr' id='par_1_88' title="bbox 1874 4305 3449 4377">
     <span class='ocr_line' id='line_1_88' title="bbox 1874 4305 3449 4377; baseline 0.001 -16"><span class='ocrx_word' id='word_1_540' title='bbox 1874 4322 2006 4372; x_wconf 91' lang='lat' dir='ltr'><strong>non,</strong></span> <span class='ocrx_word' id='word_1_541' title='bbox 2064 4307 2240 4364; x_wconf 89' lang='lat' dir='ltr'><strong>dictos</strong></span> <span class='ocrx_word' id='word_1_542' title='bbox 2304 4320 2542 4363; x_wconf 82' lang='lat' dir='ltr'><strong>canones</strong></span> <span class='ocrx_word' id='word_1_543' title='bbox 2603 4305 2955 4371; x_wconf 81' lang='lat' dir='ltr'><strong>conﬁrmans,</strong></span> <span class='ocrx_word' id='word_1_544' title='bbox 3007 4316 3060 4360; x_wconf 91' lang='lat' dir='ltr'><strong>et</strong></span> <span class='ocrx_word' id='word_1_545' title='bbox 3108 4322 3225 4377; x_wconf 67' lang='lat' dir='ltr'><strong>quae</strong></span> <span class='ocrx_word' id='word_1_546' title='bbox 3276 4308 3328 4362; x_wconf 92' lang='lat' dir='ltr'><strong>iu</strong></span> <span class='ocrx_word' id='word_1_547' title='bbox 3379 4309 3449 4364; x_wconf 79' lang='lat' dir='ltr'><strong>iis</strong></span> 
     </span>
    </p>
   </div>
   <div class='ocr_carea' id='block_1_89' title="bbox 1873 4397 3446 4471">
    <p class='ocr_par' dir='ltr' id='par_1_89' title="bbox 1873 4397 3446 4471">
     <span class='ocr_line' id='line_1_89' title="bbox 1873 4397 3446 4471; baseline -0.001 -16"><span class='ocrx_word' id='word_1_548' title='bbox 1873 4411 2000 4455; x_wconf 85' lang='lat' dir='ltr'><strong>sunt</strong></span> <span class='ocrx_word' id='word_1_549' title='bbox 2050 4414 2388 4471; x_wconf 86' lang='lat' dir='ltr'><strong>persequens</strong></span> <span class='ocrx_word' id='word_1_550' title='bbox 2427 4397 2604 4464; x_wconf 89' lang='lat' dir='ltr'><strong>addit,</strong></span> <span class='ocrx_word' id='word_1_551' title='bbox 2647 4397 2790 4468; x_wconf 90' lang='lat' dir='ltr'><strong>quod</strong></span> <span class='ocrx_word' id='word_1_552' title='bbox 2839 4398 2886 4452; x_wconf 91' lang='lat' dir='ltr'><strong>si</strong></span> <span class='ocrx_word' id='word_1_553' title='bbox 2929 4398 3055 4467; x_wconf 90' lang='lat' dir='ltr'><strong>quis</strong></span> <span class='ocrx_word' id='word_1_554' title='bbox 3099 4400 3446 4453; x_wconf 87' lang='lat' dir='ltr'><strong>sacerdotum</strong></span> 
     </span>
    </p>
   </div>
   <div class='ocr_carea' id='block_1_90' title="bbox 177 4484 1795 4573">
    <p class='ocr_par' dir='ltr' id='par_1_90' title="bbox 177 4486 1767 4573">
     <span class='ocr_line' id='line_1_90' title="bbox 177 4486 1767 4573; baseline 0.003 -32"><span class='ocrx_word' id='word_1_555' title='bbox 177 4488 299 4541; x_wconf 83' lang='grc' dir='ltr'>τῶν</span> <span class='ocrx_word' id='word_1_556' title='bbox 358 4487 589 4555; x_wconf 76' lang='grc' dir='ltr'>ἱερέων,</span> <span class='ocrx_word' id='word_1_557' title='bbox 624 4486 656 4557; x_wconf 75' lang='grc' dir='ltr'>ἢ</span> <span class='ocrx_word' id='word_1_558' title='bbox 697 4488 983 4552; x_wconf 81' lang='grc' dir='ltr'>διακόνων,</span> <span class='ocrx_word' id='word_1_559' title='bbox 1043 4489 1076 4559; x_wconf 72' lang='grc' dir='ltr'>ἢ</span> <span class='ocrx_word' id='word_1_560' title='bbox 1119 4489 1256 4554; x_wconf 84' lang='grc' dir='ltr'>ὅλως</span> <span class='ocrx_word' id='word_1_561' title='bbox 1307 4490 1416 4543; x_wconf 84' lang='grc' dir='ltr'><strong>τῶν</strong></span> <span class='ocrx_word' id='word_1_562' title='bbox 1464 4492 1523 4545; x_wconf 83' lang='grc' dir='ltr'>ὲν</span> <span class='ocrx_word' id='word_1_563' title='bbox 1580 4493 1767 4573; x_wconf 76' lang='grc' dir='ltr'>κλήρῳ</span> 
     </span>
    </p>
   </div>
   <div class='ocr_carea' id='block_1_91' title="bbox 1884 4484 3450 4573">
    <p class='ocr_par' dir='ltr' id='par_1_91' title="bbox 1884 4488 3450 4559">
     <span class='ocr_line' id='line_1_91' title="bbox 1884 4488 3450 4559; baseline -0.001 -13"><span class='ocrx_word' id='word_1_564' title='bbox 1884 4494 1957 4547; x_wconf 79' lang='lat' dir='ltr'><strong>vel</strong></span> <span class='ocrx_word' id='word_1_565' title='bbox 2000 4493 2357 4547; x_wconf 89' lang='lat' dir='ltr'><strong>diaconorum</strong></span> <span class='ocrx_word' id='word_1_566' title='bbox 2388 4490 2473 4545; x_wconf 86' lang='lat' dir='ltr'><strong>vel</strong></span> <span class='ocrx_word' id='word_1_567' title='bbox 2504 4489 2733 4544; x_wconf 91' lang='lat' dir='ltr'><strong>omnino</strong></span> <span class='ocrx_word' id='word_1_568' title='bbox 2756 4503 2946 4545; x_wconf 92' lang='lat' dir='ltr'><strong>eorum</strong></span> <span class='ocrx_word' id='word_1_569' title='bbox 2971 4488 3063 4559; x_wconf 90' lang='lat' dir='ltr'><strong>qui</strong></span> <span class='ocrx_word' id='word_1_570' title='bbox 3092 4488 3146 4544; x_wconf 92' lang='lat' dir='ltr'><strong>in</strong></span> <span class='ocrx_word' id='word_1_571' title='bbox 3171 4490 3316 4546; x_wconf 90' lang='lat' dir='ltr'><strong>clero</strong></span> <span class='ocrx_word' id='word_1_572' title='bbox 3343 4508 3450 4545; x_wconf 78' lang='lat' dir='ltr'><strong>ttu-</strong></span> 
     </span>
    </p>
   </div>
   <div class='ocr_carea' id='block_1_92' title="bbox 176 4580 1767 4656">
    <p class='ocr_par' dir='ltr' id='par_1_92' title="bbox 176 4580 1767 4656">
     <span class='ocr_line' id='line_1_92' title="bbox 176 4580 1767 4656; baseline 0.004 -23"><span class='ocrx_word' id='word_1_573' title='bbox 176 4580 694 4649; x_wconf 84' lang='grc' dir='ltr'>κατηριθμημένων</span> <span class='ocrx_word' id='word_1_574' title='bbox 750 4582 1022 4650; x_wconf 71' lang='grc' dir='ltr'>κοσμικὰς</span> <span class='ocrx_word' id='word_1_575' title='bbox 1093 4582 1269 4652; x_wconf 79' lang='grc' dir='ltr'>ἀρχὰς</span> <span class='ocrx_word' id='word_1_576' title='bbox 1321 4584 1419 4637; x_wconf 80' lang='grc' dir='ltr'>καὶ</span> <span class='ocrx_word' id='word_1_577' title='bbox 1479 4587 1767 4656; x_wconf 79' lang='grc' dir='ltr'>φροντίδας</span> 
     </span>
    </p>
   </div>
   <div class='ocr_carea' id='block_1_93' title="bbox 179 4661 1767 4746">
    <p class='ocr_par' dir='ltr' id='par_1_93' title="bbox 179 4661 1767 4746">
     <span class='ocr_line' id='line_1_93' title="bbox 179 4661 1767 4746; baseline 0.005 -22"><span class='ocrx_word' id='word_1_578' title='bbox 179 4670 656 4742; x_wconf 78' lang='grc' dir='ltr'>μεταχειρίζοιτο,</span> <span class='ocrx_word' id='word_1_579' title='bbox 681 4661 721 4741; x_wconf 71' lang='grc' dir='ltr'>ἢ</span> <span class='ocrx_word' id='word_1_580' title='bbox 764 4673 1166 4744; x_wconf 77' lang='grc' dir='ltr'>κουρατορείας</span> <span class='ocrx_word' id='word_1_581' title='bbox 1213 4675 1546 4746; x_wconf 86' lang='grc' dir='ltr'>άναδέχοιτο,</span> <span class='ocrx_word' id='word_1_582' title='bbox 1576 4679 1767 4732; x_wconf 81' lang='grc' dir='ltr'>τοῦτον</span> 
     </span>
    </p>
   </div>
   <div class='ocr_carea' id='block_1_94' title="bbox 170 4762 1768 4843">
    <p class='ocr_par' dir='ltr' id='par_1_94' title="bbox 170 4762 1768 4843">
     <span class='ocr_line' id='line_1_94' title="bbox 170 4762 1768 4843; baseline 0.006 -28"><span class='ocrx_word' id='word_1_583' title='bbox 170 4764 278 4843; x_wconf 67' lang='grc' dir='ltr'>τοῦ</span> <span class='ocrx_word' id='word_1_584' title='bbox 310 4763 517 4816; x_wconf 87' lang='grc' dir='ltr'>οἰκείου</span> <span class='ocrx_word' id='word_1_585' title='bbox 568 4763 774 4833; x_wconf 78' lang='grc' dir='ltr'>κλήρου</span> <span class='ocrx_word' id='word_1_586' title='bbox 823 4763 1143 4817; x_wconf 86' lang='grc' dir='ltr'>διώκεσθαι·</span> <span class='ocrx_word' id='word_1_587' title='bbox 1176 4765 1238 4818; x_wconf 80' lang='grc' dir='ltr'><strong>ού</strong></span> <span class='ocrx_word' id='word_1_588' title='bbox 1281 4764 1389 4838; x_wconf 79' lang='grc' dir='ltr'><strong>γὰρ</strong></span> <span class='ocrx_word' id='word_1_589' title='bbox 1424 4762 1533 4821; x_wconf 78' lang='grc' dir='ltr'>οἷόν</span> <span class='ocrx_word' id='word_1_590' title='bbox 1562 4787 1621 4822; x_wconf 88' lang='grc' dir='ltr'><strong>τε</strong></span> <span class='ocrx_word' id='word_1_591' title='bbox 1645 4769 1768 4825; x_wconf 77' lang='grc' dir='ltr'>δυσὶ</span> 
     </span>
    </p>
   </div>
   <div class='ocr_carea' id='block_1_95' title="bbox 175 4853 1206 4925">
    <p class='ocr_par' dir='ltr' id='par_1_95' title="bbox 175 4853 1206 4925">
     <span class='ocr_line' id='line_1_95' title="bbox 175 4853 1206 4925; baseline -0.001 -15"><span class='ocrx_word' id='word_1_592' title='bbox 175 4853 554 4925; x_wconf 80' lang='grc' dir='ltr'>προσανέχειν</span> <span class='ocrx_word' id='word_1_593' title='bbox 589 4855 827 4924; x_wconf 79' lang='grc' dir='ltr'>κυρίοις,</span> <span class='ocrx_word' id='word_1_594' title='bbox 867 4854 941 4916; x_wconf 82' lang='grc' dir='ltr'>ὠς</span> <span class='ocrx_word' id='word_1_595' title='bbox 970 4854 1206 4925; x_wconf 78' lang='grc' dir='ltr'>ἔφημεν.</span> 
     </span>
    </p>
   </div>
   <div class='ocr_carea' id='block_1_96' title="bbox 266 4944 1768 5022">
    <p class='ocr_par' dir='ltr' id='par_1_96' title="bbox 266 4944 1768 5022">
     <span class='ocr_line' id='line_1_96' title="bbox 266 4944 1768 5022; baseline 0.003 -24"><span class='ocrx_word' id='word_1_596' title='bbox 266 4944 334 4998; x_wconf 83' lang='grc' dir='ltr'>ὐ</span> <span class='ocrx_word' id='word_1_597' title='bbox 371 4944 429 4997; x_wconf 79' lang='grc' dir='ltr'>δὲ</span> <span class='ocrx_word' id='word_1_598' title='bbox 469 4945 572 5014; x_wconf 73' lang='grc' dir='ltr'>τῆς</span> <span class='ocrx_word' id='word_1_599' title='bbox 611 4946 671 4997; x_wconf 69' lang='grc' dir='ltr'><strong>δν</strong></span> <span class='ocrx_word' id='word_1_600' title='bbox 700 4945 1036 5017; x_wconf 83' lang='grc' dir='ltr'>Καρθαγένῃ</span> <span class='ocrx_word' id='word_1_601' title='bbox 1073 4945 1148 5011; x_wconf 77' lang='grc' dir='ltr'>ις’</span> <span class='ocrx_word' id='word_1_602' title='bbox 1177 4948 1531 5013; x_wconf 71' lang='grc' dir='ltr'>ἐπισκόπους,</span> <span class='ocrx_word' id='word_1_603' title='bbox 1563 4949 1595 5021; x_wconf 72' lang='grc' dir='ltr'>ἢ</span> <span class='ocrx_word' id='word_1_604' title='bbox 1630 4967 1768 5022; x_wconf 77' lang='grc' dir='ltr'>πρε·</span> 
     </span>
    </p>
   </div>
   <div class='ocr_carea' id='block_1_97' title="bbox 173 5037 1768 5113">
    <p class='ocr_par' dir='ltr' id='par_1_97' title="bbox 173 5037 1768 5113">
     <span class='ocr_line' id='line_1_97' title="bbox 173 5037 1768 5113; baseline 0.003 -23"><span class='ocrx_word' id='word_1_605' title='bbox 173 5037 506 5106; x_wconf 84' lang='grc' dir='ltr'>σϐυτέρους,</span> <span class='ocrx_word' id='word_1_606' title='bbox 539 5038 572 5108; x_wconf 80' lang='grc' dir='ltr'>ἢ</span> <span class='ocrx_word' id='word_1_607' title='bbox 608 5038 916 5103; x_wconf 82' lang='grc' dir='ltr'>διακόνους,</span> <span class='ocrx_word' id='word_1_608' title='bbox 941 5040 1283 5110; x_wconf 77' lang='grc' dir='ltr'>ὲκλήπτορας</span> <span class='ocrx_word' id='word_1_609' title='bbox 1309 5040 1609 5109; x_wconf 86' lang='grc' dir='ltr'>ἀλλοτρίων</span> <span class='ocrx_word' id='word_1_610' title='bbox 1633 5060 1768 5113; x_wconf 76' lang='grc' dir='ltr'>κτηο</span> 
     </span>
    </p>
   </div>
   <div class='ocr_carea' id='block_1_98' title="bbox 176 5129 1769 5206">
    <p class='ocr_par' dir='ltr' id='par_1_98' title="bbox 176 5129 1769 5206">
     <span class='ocr_line' id='line_1_98' title="bbox 176 5129 1769 5206; baseline 0.008 -28"><span class='ocrx_word' id='word_1_611' title='bbox 176 5129 478 5201; x_wconf 72' lang='grc' dir='ltr'>μάτων,σῆ</span> <span class='ocrx_word' id='word_1_612' title='bbox 510 5131 982 5201; x_wconf 82' lang='grc' dir='ltr'>προκουράτορας,</span> <span class='ocrx_word' id='word_1_613' title='bbox 1037 5133 1137 5185; x_wconf 78' lang='grc' dir='ltr'>εἴτ’</span> <span class='ocrx_word' id='word_1_614' title='bbox 1161 5130 1259 5186; x_wconf 77' lang='grc' dir='ltr'>οὖν</span> <span class='ocrx_word' id='word_1_615' title='bbox 1285 5135 1631 5206; x_wconf 73' lang='grc' dir='ltr'>φροντιστὰς,</span> <span class='ocrx_word' id='word_1_616' title='bbox 1666 5137 1769 5189; x_wconf 79' lang='grc' dir='ltr'><strong>καῖ</strong></span> 
     </span>
    </p>
   </div>
   <div class='ocr_carea' id='block_1_99' title="bbox 171 5221 1766 5297">
    <p class='ocr_par' dir='ltr' id='par_1_99' title="bbox 171 5221 1766 5297">
     <span class='ocr_line' id='line_1_99' title="bbox 171 5221 1766 5297; baseline 0.004 -22"><span class='ocrx_word' id='word_1_617' title='bbox 171 5221 495 5292; x_wconf 75' lang='grc' dir='ltr'>διοικητάς,</span> <span class='ocrx_word' id='word_1_618' title='bbox 548 5222 879 5291; x_wconf 73' lang='grc' dir='ltr'>ἐπισκήπτει</span> <span class='ocrx_word' id='word_1_619' title='bbox 928 5224 1004 5294; x_wconf 85' lang='grc' dir='ltr'>μὴ</span> <span class='ocrx_word' id='word_1_620' title='bbox 1050 5224 1320 5292; x_wconf 77' lang='grc' dir='ltr'>γίνεσθαι,</span> <span class='ocrx_word' id='word_1_621' title='bbox 1360 5226 1497 5297; x_wconf 85' lang='grc' dir='ltr'>μηδὲ</span> <span class='ocrx_word' id='word_1_622' title='bbox 1527 5226 1591 5280; x_wconf 75' lang='grc' dir='ltr'>ἐκ</span> <span class='ocrx_word' id='word_1_623' title='bbox 1619 5244 1766 5292; x_wconf 86' lang='grc' dir='ltr'>τινος</span> 
     </span>
    </p>
   </div>
   <div class='ocr_carea' id='block_1_100' title="bbox 90 5313 1761 5388">
    <p class='ocr_par' dir='ltr' id='par_1_100' title="bbox 90 5313 1761 5388">
     <span class='ocr_line' id='line_1_100' title="bbox 90 5313 1761 5388; baseline 0.004 -22"><span class='ocrx_word' id='word_1_624' title='bbox 90 5362 101 5372; x_wconf 84' lang='grc'><strong>,</strong></span> <span class='ocrx_word' id='word_1_625' title='bbox 172 5314 422 5383; x_wconf 76' lang='grc' dir='ltr'>σίσχροῦ</span> <span class='ocrx_word' id='word_1_626' title='bbox 451 5314 545 5366; x_wconf 73' lang='grc' dir='ltr'>καὶ</span> <span class='ocrx_word' id='word_1_627' title='bbox 580 5313 781 5384; x_wconf 82' lang='grc' dir='ltr'>ἀτίμου</span> <span class='ocrx_word' id='word_1_628' title='bbox 815 5315 1146 5384; x_wconf 80' lang='grc' dir='ltr'>πράγματος</span> <span class='ocrx_word' id='word_1_629' title='bbox 1182 5316 1388 5388; x_wconf 79' lang='grc' dir='ltr'>τροφὴν</span> <span class='ocrx_word' id='word_1_630' title='bbox 1412 5317 1761 5388; x_wconf 77' lang='grc' dir='ltr'>πορίζεσθαι·</span> 
     </span>
    </p>
   </div>
   <div class='ocr_carea' id='block_1_101' title="bbox 176 5406 1765 5478">
    <p class='ocr_par' dir='ltr' id='par_1_101' title="bbox 176 5406 1765 5478">
     <span class='ocr_line' id='line_1_101' title="bbox 176 5406 1765 5478; baseline 0.001 -19"><span class='ocrx_word' id='word_1_631' title='bbox 176 5423 199 5458; x_wconf 72' lang='grc' dir='ltr'><strong>ι</strong></span> <span class='ocrx_word' id='word_1_632' title='bbox 230 5406 435 5465; x_wconf 65' lang='grc' dir='ltr'>Οὐδεὶς</span> <span class='ocrx_word' id='word_1_633' title='bbox 472 5406 601 5474; x_wconf 79' lang='grc' dir='ltr'>γὰρ,</span> <span class='ocrx_word' id='word_1_634' title='bbox 636 5408 795 5474; x_wconf 71' lang='grc' dir='ltr'>φησὶ,</span> <span class='ocrx_word' id='word_1_635' title='bbox 829 5408 1264 5475; x_wconf 81' lang='grc' dir='ltr'>στρατευόμενος</span> <span class='ocrx_word' id='word_1_636' title='bbox 1287 5406 1623 5478; x_wconf 76' lang='grc' dir='ltr'>ἐμπλέκεται</span> <span class='ocrx_word' id='word_1_637' title='bbox 1644 5412 1765 5473; x_wconf 87' lang='grc' dir='ltr'>ταῖς</span> 
     </span>
    </p>
   </div>
   <div class='ocr_carea' id='block_1_102' title="bbox 164 5481 1762 5569">
    <p class='ocr_par' dir='ltr' id='par_1_102' title="bbox 164 5481 1762 5569">
     <span class='ocr_line' id='line_1_102' title="bbox 164 5481 1762 5569; baseline 0 -16"><span class='ocrx_word' id='word_1_638' title='bbox 164 5499 276 5553; x_wconf 76' lang='grc' dir='ltr'><strong>τοῦ</strong></span> <span class='ocrx_word' id='word_1_639' title='bbox 315 5481 430 5567; x_wconf 78' lang='grc' dir='ltr'>βίου</span> <span class='ocrx_word' id='word_1_640' title='bbox 462 5497 897 5568; x_wconf 85' lang='grc' dir='ltr'>πραγματείαις,</span> <span class='ocrx_word' id='word_1_641' title='bbox 922 5515 942 5549; x_wconf 69' lang='grc' dir='ltr'><strong>ι</strong></span> <span class='ocrx_word' id='word_1_642' title='bbox 972 5497 1065 5550; x_wconf 74' lang='grc' dir='ltr'>καὶ</span> <span class='ocrx_word' id='word_1_643' title='bbox 1111 5499 1179 5550; x_wconf 82' lang='grc' dir='ltr'><strong>τὰ</strong></span> <span class='ocrx_word' id='word_1_644' title='bbox 1209 5499 1356 5567; x_wconf 71' lang='grc' dir='ltr'><strong>ἑξῆς.</strong></span> <span class='ocrx_word' id='word_1_645' title='bbox 1395 5499 1631 5569; x_wconf 72' lang='grc' dir='ltr'>Δίσχρὸν</span> <span class='ocrx_word' id='word_1_646' title='bbox 1664 5503 1762 5568; x_wconf 79' lang='grc' dir='ltr'>μὲν</span> 
     </span>
    </p>
   </div>
   <div class='ocr_carea' id='block_1_103' title="bbox 164 5585 1765 5661">
    <p class='ocr_par' dir='ltr' id='par_1_103' title="bbox 164 5585 1765 5661">
     <span class='ocr_line' id='line_1_103' title="bbox 164 5585 1765 5661; baseline 0.002 -20"><span class='ocrx_word' id='word_1_647' title='bbox 164 5588 275 5643; x_wconf 78' lang='grc' dir='ltr'>οὖν</span> <span class='ocrx_word' id='word_1_648' title='bbox 308 5585 403 5638; x_wconf 72' lang='grc' dir='ltr'><strong>ἂνι</strong></span> <span class='ocrx_word' id='word_1_649' title='bbox 431 5587 517 5656; x_wconf 79' lang='grc' dir='ltr'>εἴη</span> <span class='ocrx_word' id='word_1_650' title='bbox 554 5587 717 5657; x_wconf 72' lang='grc' dir='ltr'>τυχὸν</span> <span class='ocrx_word' id='word_1_651' title='bbox 752 5587 812 5639; x_wconf 79' lang='grc' dir='ltr'>τὸ</span> <span class='ocrx_word' id='word_1_652' title='bbox 861 5588 1251 5661; x_wconf 77' lang='grc' dir='ltr'>πορνοϐοσκεῖν</span> <span class='ocrx_word' id='word_1_653' title='bbox 1277 5606 1291 5618; x_wconf 91' lang='grc'><strong>·</strong></span> <span class='ocrx_word' id='word_1_654' title='bbox 1343 5590 1539 5661; x_wconf 77' lang='grc' dir='ltr'>ἄτιμον</span> <span class='ocrx_word' id='word_1_655' title='bbox 1595 5591 1651 5644; x_wconf 73' lang='grc' dir='ltr'>δὲ</span> <span class='ocrx_word' id='word_1_656' title='bbox 1704 5591 1765 5644; x_wconf 80' lang='grc' dir='ltr'><strong>τὸ</strong></span> 
     </span>
    </p>
   </div>
   <div class='ocr_carea' id='block_1_104' title="bbox 166 5680 921 5750">
    <p class='ocr_par' dir='ltr' id='par_1_104' title="bbox 166 5680 921 5750">
     <span class='ocr_line' id='line_1_104' title="bbox 166 5680 921 5750; baseline 0.001 -17"><span class='ocrx_word' id='word_1_657' title='bbox 166 5680 492 5748; x_wconf 76' lang='grc' dir='ltr'>καπηλείου</span> <span class='ocrx_word' id='word_1_658' title='bbox 534 5682 921 5750; x_wconf 81' lang='grc' dir='ltr'>προΐστασθαι.</span> 
     </span>
    </p>
   </div>
   <div class='ocr_carea' id='block_1_105' title="bbox 261 5771 1761 5849">
    <p class='ocr_par' dir='ltr' id='par_1_105' title="bbox 261 5771 1761 5849">
     <span class='ocr_line' id='line_1_105' title="bbox 261 5771 1761 5849; baseline 0.003 -23"><span class='ocrx_word' id='word_1_659' title='bbox 261 5771 332 5826; x_wconf 86' lang='grc' dir='ltr'><strong>Ὃ</strong></span> <span class='ocrx_word' id='word_1_660' title='bbox 359 5771 416 5824; x_wconf 82' lang='grc' dir='ltr'>δὲ</span> <span class='ocrx_word' id='word_1_661' title='bbox 450 5772 758 5841; x_wconf 70' lang='grc' dir='ltr'>ἀίιώτατος</span> <span class='ocrx_word' id='word_1_662' title='bbox 796 5775 1143 5843; x_wconf 79' lang='grc' dir='ltr'>πατριάρχης</span> <span class='ocrx_word' id='word_1_663' title='bbox 1195 5774 1409 5839; x_wconf 83' lang='grc' dir='ltr'>Λουκᾶς</span> <span class='ocrx_word' id='word_1_664' title='bbox 1454 5775 1548 5830; x_wconf 77' lang='grc' dir='ltr'><strong>καὶ</strong></span> <span class='ocrx_word' id='word_1_665' title='bbox 1591 5795 1761 5849; x_wconf 83' lang='grc' dir='ltr'>μυρε-</span> 
     </span>
    </p>
   </div>
   <div class='ocr_carea' id='block_1_106' title="bbox 504 5870 1226 5935">
    <p class='ocr_par' dir='ltr' id='par_1_106' title="bbox 504 5870 1226 5935">
     <span class='ocr_line' id='line_1_106' title="bbox 504 5870 1226 5935; baseline 0.006 -6"><span class='ocrx_word' id='word_1_666' title='bbox 504 5871 775 5931; x_wconf 69' lang='grc' dir='ltr'>ΡΑτιιοι.</span> <span class='ocrx_word' id='word_1_667' title='bbox 819 5871 937 5932; x_wconf 74' lang='lat' dir='ltr'><strong>Gn.</strong></span> <span class='ocrx_word' id='word_1_668' title='bbox 967 5870 1226 5935; x_wconf 76' lang='lat' dir='ltr'><strong>CXLIV.</strong></span> 
     </span>
    </p>
   </div>
   <div class='ocr_carea' id='block_1_107' title="bbox 1134 6128 1177 6147">
    <p class='ocr_par' dir='ltr' id='par_1_107' title="bbox 1134 6128 1177 6147">
     <span class='ocr_line' id='line_1_107' title="bbox 1134 6128 1177 6147; baseline 0 -16"><span class='ocrx_word' id='word_1_669' title='bbox 1134 6128 1177 6147; x_wconf 47' lang='grc'><strong>1,.</strong></span> 
     </span>
    </p>
   </div>
   <div class='ocr_carea' id='block_1_108' title="bbox 1873 4581 3445 4649">
    <p class='ocr_par' dir='ltr' id='par_1_108' title="bbox 1873 4581 3445 4649">
     <span class='ocr_line' id='line_1_108' title="bbox 1873 4581 3445 4649; baseline 0 -12"><span class='ocrx_word' id='word_1_670' title='bbox 1873 4585 2067 4638; x_wconf 74' lang='lat' dir='ltr'><strong>morati</strong></span> <span class='ocrx_word' id='word_1_671' title='bbox 2103 4592 2251 4649; x_wconf 85' lang='lat' dir='ltr'><strong>sunt,</strong></span> <span class='ocrx_word' id='word_1_672' title='bbox 2302 4582 2590 4639; x_wconf 82' lang='lat' dir='ltr'><strong>saecularia</strong></span> <span class='ocrx_word' id='word_1_673' title='bbox 2621 4581 2798 4637; x_wconf 72' lang='lat' dir='ltr'><strong>cilicia</strong></span> <span class='ocrx_word' id='word_1_674' title='bbox 2845 4581 2930 4636; x_wconf 90' lang='lat' dir='ltr'><strong>vel</strong></span> <span class='ocrx_word' id='word_1_675' title='bbox 2980 4595 3140 4636; x_wconf 89' lang='lat' dir='ltr'><strong>curas</strong></span> <span class='ocrx_word' id='word_1_676' title='bbox 3175 4595 3445 4648; x_wconf 86' lang='lat' dir='ltr'><strong>assumat,</strong></span> 
     </span>
    </p>
   </div>
   <div class='ocr_carea' id='block_1_109' title="bbox 1872 4672 3444 4744">
    <p class='ocr_par' dir='ltr' id='par_1_109' title="bbox 1872 4672 3444 4744">
     <span class='ocr_line' id='line_1_109' title="bbox 1872 4672 3444 4744; baseline -0.001 -14"><span class='ocrx_word' id='word_1_677' title='bbox 1872 4675 1955 4730; x_wconf 80' lang='lat' dir='ltr'><strong>vel</strong></span> <span class='ocrx_word' id='word_1_678' title='bbox 1985 4676 2301 4731; x_wconf 86' lang='lat' dir='ltr'><strong>curationes</strong></span> <span class='ocrx_word' id='word_1_679' title='bbox 2333 4673 2618 4744; x_wconf 84' lang='lat' dir='ltr'><strong>suscipiat,</strong></span> <span class='ocrx_word' id='word_1_680' title='bbox 2641 4672 2687 4728; x_wconf 89' lang='lat' dir='ltr'><strong>is</strong></span> <span class='ocrx_word' id='word_1_681' title='bbox 2716 4688 2783 4727; x_wconf 82' lang='lat' dir='ltr'><strong>ex</strong></span> <span class='ocrx_word' id='word_1_682' title='bbox 2810 4687 2912 4728; x_wconf 86' lang='lat' dir='ltr'><strong>suo</strong></span> <span class='ocrx_word' id='word_1_683' title='bbox 2934 4672 3081 4726; x_wconf 89' lang='lat' dir='ltr'><strong>clero</strong></span> <span class='ocrx_word' id='word_1_684' title='bbox 3095 4674 3401 4742; x_wconf 80' lang='lat' dir='ltr'><strong>expellatur</strong></span> <span class='ocrx_word' id='word_1_685' title='bbox 3430 4694 3444 4729; x_wconf 89' lang='lat'><strong>:</strong></span> 
     </span>
    </p>
   </div>
   <div class='ocr_carea' id='block_1_110' title="bbox 1871 4766 3444 4839">
    <p class='ocr_par' dir='ltr' id='par_1_110' title="bbox 1871 4766 3444 4839">
     <span class='ocr_line' id='line_1_110' title="bbox 1871 4766 3444 4839; baseline 0 -17"><span class='ocrx_word' id='word_1_686' title='bbox 1871 4784 1980 4824; x_wconf 92' lang='lat' dir='ltr'><strong>non</strong></span> <span class='ocrx_word' id='word_1_687' title='bbox 2014 4771 2161 4823; x_wconf 87' lang='lat' dir='ltr'><strong>enim</strong></span> <span class='ocrx_word' id='word_1_688' title='bbox 2209 4769 2473 4839; x_wconf 88' lang='lat' dir='ltr'><strong>possibile</strong></span> <span class='ocrx_word' id='word_1_689' title='bbox 2500 4773 2584 4825; x_wconf 90' lang='lat' dir='ltr'><strong>est</strong></span> <span class='ocrx_word' id='word_1_690' title='bbox 2614 4766 2828 4823; x_wconf 87' lang='lat' dir='ltr'><strong>duobus</strong></span> <span class='ocrx_word' id='word_1_691' title='bbox 2869 4766 3151 4823; x_wconf 81' lang='lat' dir='ltr'><strong>adhaerere</strong></span> <span class='ocrx_word' id='word_1_692' title='bbox 3183 4768 3444 4832; x_wconf 82' lang='lat' dir='ltr'><strong>dominis,</strong></span> 
     </span>
    </p>
   </div>
   <div class='ocr_carea' id='block_1_111' title="bbox 1869 4852 2444 4917">
    <p class='ocr_par' dir='ltr' id='par_1_111' title="bbox 1869 4852 2444 4917">
     <span class='ocr_line' id='line_1_111' title="bbox 1869 4852 2444 4917; baseline 0.009 -4"><span class='ocrx_word' id='word_1_693' title='bbox 1869 4870 1930 4914; x_wconf 86' lang='lat' dir='ltr'><strong>ut</strong></span> <span class='ocrx_word' id='word_1_694' title='bbox 1961 4862 2221 4917; x_wconf 77' lang='lat' dir='ltr'><strong>diximus.</strong></span> <span class='ocrx_word' id='word_1_695' title='bbox 2438 4852 2444 4857; x_wconf 70' lang='grc'><strong>’</strong></span> 
     </span>
    </p>
   </div>
   <div class='ocr_carea' id='block_1_112' title="bbox 1939 4950 3444 5022">
    <p class='ocr_par' dir='ltr' id='par_1_112' title="bbox 1939 4950 3444 5022">
     <span class='ocr_line' id='line_1_112' title="bbox 1939 4950 3444 5022; baseline -0.002 -14"><span class='ocrx_word' id='word_1_696' title='bbox 1939 4951 2388 5022; x_wconf 79' lang='lat' dir='ltr'><strong>Carthaginensis</strong></span> <span class='ocrx_word' id='word_1_697' title='bbox 2425 4950 2491 5008; x_wconf 73' lang='lat'><strong>16</strong></span> <span class='ocrx_word' id='word_1_698' title='bbox 2523 4951 2812 5022; x_wconf 86' lang='lat' dir='ltr'><strong>episcopos</strong></span> <span class='ocrx_word' id='word_1_699' title='bbox 2862 4951 2947 5006; x_wconf 87' lang='lat' dir='ltr'><strong>vel</strong></span> <span class='ocrx_word' id='word_1_700' title='bbox 2980 4952 3330 5022; x_wconf 87' lang='lat' dir='ltr'><strong>presbyteros</strong></span> <span class='ocrx_word' id='word_1_701' title='bbox 3362 4952 3444 5005; x_wconf 67' lang='lat' dir='ltr'><strong>ut</strong></span> 
     </span>
    </p>
   </div>
   <div class='ocr_carea' id='block_1_113' title="bbox 1869 5043 3444 5114">
    <p class='ocr_par' dir='ltr' id='par_1_113' title="bbox 1869 5043 3444 5114">
     <span class='ocr_line' id='line_1_113' title="bbox 1869 5043 3444 5114; baseline -0.002 -13"><span class='ocrx_word' id='word_1_702' title='bbox 1869 5045 2171 5108; x_wconf 91' lang='lat' dir='ltr'><strong>diaconos,</strong></span> <span class='ocrx_word' id='word_1_703' title='bbox 2228 5046 2595 5100; x_wconf 89' lang='lat' dir='ltr'><strong>conductores</strong></span> <span class='ocrx_word' id='word_1_704' title='bbox 2658 5043 2851 5099; x_wconf 69' lang='lat' dir='ltr'><strong>aliena:</strong></span> <span class='ocrx_word' id='word_1_705' title='bbox 2904 5043 3305 5114; x_wconf 83' lang='lat' dir='ltr'><strong>possessionis,</strong></span> <span class='ocrx_word' id='word_1_706' title='bbox 3359 5044 3444 5098; x_wconf 74' lang='lat' dir='ltr'><strong>vel</strong></span> 
     </span>
    </p>
   </div>
   <div class='ocr_carea' id='block_1_114' title="bbox 1870 5136 3443 5208">
    <p class='ocr_par' dir='ltr' id='par_1_114' title="bbox 1870 5136 3443 5208">
     <span class='ocr_line' id='line_1_114' title="bbox 1870 5136 3443 5208; baseline -0.001 -15"><span class='ocrx_word' id='word_1_707' title='bbox 1870 5147 2258 5208; x_wconf 78' lang='lat' dir='ltr'><strong>precor-atores</strong></span> <span class='ocrx_word' id='word_1_708' title='bbox 2289 5139 2371 5192; x_wconf 90' lang='lat' dir='ltr'><strong>vel</strong></span> <span class='ocrx_word' id='word_1_709' title='bbox 2407 5136 2886 5192; x_wconf 83' lang='lat' dir='ltr'><strong>administratores</strong></span> <span class='ocrx_word' id='word_1_710' title='bbox 2912 5137 2997 5191; x_wconf 87' lang='lat' dir='ltr'><strong>vel</strong></span> <span class='ocrx_word' id='word_1_711' title='bbox 3023 5148 3305 5191; x_wconf 83' lang='lat' dir='ltr'><strong>curatores</strong></span> <span class='ocrx_word' id='word_1_712' title='bbox 3335 5153 3443 5191; x_wconf 85' lang='lat' dir='ltr'><strong>non</strong></span> 
     </span>
    </p>
   </div>
   <div class='ocr_carea' id='block_1_115' title="bbox 1871 5227 3441 5299">
    <p class='ocr_par' dir='ltr' id='par_1_115' title="bbox 1871 5227 3441 5299">
     <span class='ocr_line' id='line_1_115' title="bbox 1871 5227 3441 5299; baseline -0.002 -18"><span class='ocrx_word' id='word_1_713' title='bbox 1871 5228 1984 5283; x_wconf 84' lang='lat' dir='ltr'><strong>ﬁeri</strong></span> <span class='ocrx_word' id='word_1_714' title='bbox 2040 5228 2300 5299; x_wconf 74' lang='lat' dir='ltr'><strong>iniungit,</strong></span> <span class='ocrx_word' id='word_1_715' title='bbox 2338 5244 2517 5298; x_wconf 85' lang='lat' dir='ltr'><strong>neque</strong></span> <span class='ocrx_word' id='word_1_716' title='bbox 2569 5243 2635 5282; x_wconf 79' lang='lat' dir='ltr'><strong>ex</strong></span> <span class='ocrx_word' id='word_1_717' title='bbox 2687 5227 2831 5299; x_wconf 90' lang='lat' dir='ltr'><strong>turpi</strong></span> <span class='ocrx_word' id='word_1_718' title='bbox 2886 5228 3069 5298; x_wconf 86' lang='lat' dir='ltr'><strong>aliquo</strong></span> <span class='ocrx_word' id='word_1_719' title='bbox 3113 5236 3168 5283; x_wconf 91' lang='lat' dir='ltr'><strong>et</strong></span> <span class='ocrx_word' id='word_1_720' title='bbox 3215 5229 3441 5283; x_wconf 88' lang='lat' dir='ltr'><strong>sordido</strong></span> 
     </span>
    </p>
   </div>
   <div class='ocr_carea' id='block_1_116' title="bbox 1868 5319 3445 5390">
    <p class='ocr_par' dir='ltr' id='par_1_116' title="bbox 1868 5319 3445 5390">
     <span class='ocr_line' id='line_1_116' title="bbox 1868 5319 3445 5390; baseline -0.003 -15"><span class='ocrx_word' id='word_1_721' title='bbox 1868 5323 2092 5390; x_wconf 81' lang='lat' dir='ltr'><strong>negotio</strong></span> <span class='ocrx_word' id='word_1_722' title='bbox 2124 5323 2325 5376; x_wconf 87' lang='lat' dir='ltr'><strong>victum</strong></span> <span class='ocrx_word' id='word_1_723' title='bbox 2376 5322 2479 5376; x_wconf 84' lang='lat' dir='ltr'><strong>sibi</strong></span> <span class='ocrx_word' id='word_1_724' title='bbox 2518 5335 2712 5390; x_wconf 89' lang='lat' dir='ltr'><strong>parare</strong></span> <span class='ocrx_word' id='word_1_725' title='bbox 2753 5336 2768 5374; x_wconf 90' lang='lat'><strong>:</strong></span> <span class='ocrx_word' id='word_1_726' title='bbox 2814 5336 2834 5371; x_wconf 80' lang='grc' dir='ltr'><strong>ι</strong></span> <span class='ocrx_word' id='word_1_727' title='bbox 2871 5319 3043 5375; x_wconf 81' lang='lat' dir='ltr'><strong>Nemo</strong></span> <span class='ocrx_word' id='word_1_728' title='bbox 3087 5322 3313 5385; x_wconf 87' lang='lat' dir='ltr'><strong>etenim,</strong></span> <span class='ocrx_word' id='word_1_729' title='bbox 3363 5320 3445 5372; x_wconf 86' lang='lat' dir='ltr'><strong>in-</strong></span> 
     </span>
    </p>
   </div>
   <div class='ocr_carea' id='block_1_117' title="bbox 1868 5411 3443 5487">
    <p class='ocr_par' dir='ltr' id='par_1_117' title="bbox 1868 5411 3443 5487">
     <span class='ocr_line' id='line_1_117' title="bbox 1868 5411 3443 5487; baseline 0.001 -23"><span class='ocrx_word' id='word_1_730' title='bbox 1868 5415 2009 5480; x_wconf 85' lang='lat' dir='ltr'><strong>quit,</strong></span> <span class='ocrx_word' id='word_1_731' title='bbox 2067 5413 2331 5477; x_wconf 87' lang='lat' dir='ltr'><strong>militans,</strong></span> <span class='ocrx_word' id='word_1_732' title='bbox 2387 5411 2620 5487; x_wconf 76' lang='lat' dir='ltr'><strong>negotiis</strong></span> <span class='ocrx_word' id='word_1_733' title='bbox 2678 5425 2799 5481; x_wconf 64' lang='lat' dir='ltr'><strong>quae</strong></span> <span class='ocrx_word' id='word_1_734' title='bbox 2850 5411 2915 5465; x_wconf 85' lang='lat' dir='ltr'><strong>ad</strong></span> <span class='ocrx_word' id='word_1_735' title='bbox 2968 5412 3134 5466; x_wconf 79' lang='lat' dir='ltr'><strong>vitam</strong></span> <span class='ocrx_word' id='word_1_736' title='bbox 3192 5420 3443 5480; x_wconf 83' lang='lat' dir='ltr'><strong>spectant</strong></span> 
     </span>
    </p>
   </div>
   <div class='ocr_carea' id='block_1_118' title="bbox 1869 5501 3439 5573">
    <p class='ocr_par' dir='ltr' id='par_1_118' title="bbox 1869 5501 3439 5573">
     <span class='ocr_line' id='line_1_118' title="bbox 1869 5501 3439 5573; baseline -0.001 -16"><span class='ocrx_word' id='word_1_737' title='bbox 1869 5502 2196 5572; x_wconf 86' lang='lat' dir='ltr'><strong>implicatur,</strong></span> <span class='ocrx_word' id='word_1_738' title='bbox 2232 5521 2251 5553; x_wconf 74' lang='grc' dir='ltr'><strong>ι</strong></span> <span class='ocrx_word' id='word_1_739' title='bbox 2307 5514 2363 5557; x_wconf 88' lang='lat' dir='ltr'><strong>et</strong></span> <span class='ocrx_word' id='word_1_740' title='bbox 2414 5518 2534 5572; x_wconf 74' lang='lat' dir='ltr'><strong>qua:</strong></span> <span class='ocrx_word' id='word_1_741' title='bbox 2595 5514 2922 5573; x_wconf 87' lang='lat' dir='ltr'><strong>sequuntur.</strong></span> <span class='ocrx_word' id='word_1_742' title='bbox 2960 5501 3140 5573; x_wconf 89' lang='lat' dir='ltr'><strong>Turpe</strong></span> <span class='ocrx_word' id='word_1_743' title='bbox 3187 5504 3439 5572; x_wconf 86' lang='lat' dir='ltr'><strong>equidem</strong></span> 
     </span>
    </p>
   </div>
   <div class='ocr_carea' id='block_1_119' title="bbox 1869 5593 3445 5666">
    <p class='ocr_par' dir='ltr' id='par_1_119' title="bbox 1869 5593 3445 5666">
     <span class='ocr_line' id='line_1_119' title="bbox 1869 5593 3445 5666; baseline 0.001 -18"><span class='ocrx_word' id='word_1_744' title='bbox 1869 5593 2051 5659; x_wconf 82' lang='lat' dir='ltr'><strong>fuerit,</strong></span> <span class='ocrx_word' id='word_1_745' title='bbox 2085 5595 2320 5666; x_wconf 78' lang='lat' dir='ltr'><strong>exeutpli</strong></span> <span class='ocrx_word' id='word_1_746' title='bbox 2353 5609 2543 5662; x_wconf 87' lang='lat' dir='ltr'><strong>causa,</strong></span> <span class='ocrx_word' id='word_1_747' title='bbox 2599 5594 2878 5651; x_wconf 87' lang='lat' dir='ltr'><strong>lenoniam</strong></span> <span class='ocrx_word' id='word_1_748' title='bbox 2926 5610 3179 5649; x_wconf 76' lang='lat' dir='ltr'><strong>exercere</strong></span> <span class='ocrx_word' id='word_1_749' title='bbox 3215 5612 3229 5647; x_wconf 89' lang='lat'><strong>:</strong></span> <span class='ocrx_word' id='word_1_750' title='bbox 3261 5597 3445 5649; x_wconf 78' lang='lat' dir='ltr'><strong>sordi-</strong></span> 
     </span>
    </p>
   </div>
   <div class='ocr_carea' id='block_1_120' title="bbox 1867 5687 2522 5757">
    <p class='ocr_par' dir='ltr' id='par_1_120' title="bbox 1867 5687 2522 5757">
     <span class='ocr_line' id='line_1_120' title="bbox 1867 5687 2522 5757; baseline 0.002 -16"><span class='ocrx_word' id='word_1_751' title='bbox 1867 5687 1996 5741; x_wconf 89' lang='lat' dir='ltr'><strong>dum</strong></span> <span class='ocrx_word' id='word_1_752' title='bbox 2032 5701 2164 5742; x_wconf 85' lang='lat' dir='ltr'><strong>vero</strong></span> <span class='ocrx_word' id='word_1_753' title='bbox 2194 5688 2522 5757; x_wconf 82' lang='lat' dir='ltr'><strong>cauponari.</strong></span> 
     </span>
    </p>
   </div>
   <div class='ocr_carea' id='block_1_121' title="bbox 1938 5777 3441 5851">
    <p class='ocr_par' dir='ltr' id='par_1_121' title="bbox 1938 5777 3441 5851">
     <span class='ocr_line' id='line_1_121' title="bbox 1938 5777 3441 5851; baseline -0.001 -18"><span class='ocrx_word' id='word_1_754' title='bbox 1938 5778 2333 5836; x_wconf 85' lang='lat' dir='ltr'><strong>Sanctissimus</strong></span> <span class='ocrx_word' id='word_1_755' title='bbox 2390 5793 2518 5837; x_wconf 85' lang='lat' dir='ltr'><strong>vero</strong></span> <span class='ocrx_word' id='word_1_756' title='bbox 2554 5781 2868 5851; x_wconf 87' lang='lat' dir='ltr'><strong>patriarcha</strong></span> <span class='ocrx_word' id='word_1_757' title='bbox 2918 5777 3095 5831; x_wconf 82' lang='lat' dir='ltr'><strong>Lucas</strong></span> <span class='ocrx_word' id='word_1_758' title='bbox 3141 5785 3441 5846; x_wconf 77' lang='lat' dir='ltr'><strong>unguenta-</strong></span> 
     </span>
    </p>
   </div>
   <div class='ocr_carea' id='block_1_122' title="bbox 3007 5873 3083 5935">
    <p class='ocr_par' dir='ltr' id='par_1_122' title="bbox 3007 5873 3083 5935">
     <span class='ocr_line' id='line_1_122' title="bbox 3007 5873 3083 5935; baseline 0.026 -2"><span class='ocrx_word' id='word_1_759' title='bbox 3007 5873 3083 5935; x_wconf 70' lang='grc'>44</span> 
     </span>
    </p>
   </div>
  </div>
