3918 6580
413 353 546 418 1387

1608 345 1980 410 ΜΑΤΤΠΜΙ
2024 343 2456 407 BLASTARIS

3561 331 3685 398 1358

411 477 522 530 rias
554 471 802 529 ollicinas
836 468 921 526 vel
951 469 1194 538 lavacra,
1220 483 1249 523 a
1283 466 1502 525 clericis
1530 467 1778 524 exerceri
1821 462 2003 536 prohi—
2025 491 2038 526 κ,

2152 463 2241 517 ικά
2268 462 2611 534 ἐργαστήρια
2641 459 2674 530 ἦ
2706 459 2913 530 λουτρά
2941 459 3072 531 πρὸς
3097 458 3206 513 τῶν
3232 456 3526 529 κληρικῶν
3552 458 3684 529 ἐνερ-

412 571 554 637 buit,
582 579 840 638 tanquam
868 564 1046 636 turpis
1075 563 1217 620 lucri
1244 571 1299 618 et
1329 562 1743 619 mendaciorum
1778 572 2000 615 causas.

1030 747 1107 803 De
1141 748 1379 802 medicis.

484 864 674 934 Neque
723 877 890 934 porro
930 861 1193 917 diaconos
1230 859 1478 915 medicos
1528 856 1672 912 ﬁerit
1706 855 2004 919 concessit,

413 958 698 1015 melicina:
729 970 951 1026 operam
991 953 1220 1017 dantes,
1269 966 1378 1007 non
1424 949 1726 1005 convenire
1767 948 1996 1010 dicens,

416 1065 478 1109 ιιι
506 1052 600 1123 qui
647 1065 777 1106 cum
813 1047 1039 1103 ‘casulis
1096 1058 1286 1102 sancta
1338 1051 1597 1110 tractant,
1649 1041 2006 1099 saecularibus

417 1147 664 1202 vestibus
695 1144 1014 1208 induantur,
1071 1149 1126 1195 et
1177 1155 1301 1195 cum
1355 1138 1511 1192 laicis
1566 1137 1723 1202 viris,
1780 1133 2008 1189 medicis

418 1239 654 1300 scilicet,
697 1233 977 1289 incedant.
1012 1229 1138 1286 Fuit
1178 1231 1341 1285 etiam
1391 1227 1638 1300 ejusdem
1674 1226 2010 1298 patriarcha:

420 1331 740 1394 declaratio,
787 1342 910 1398 quae
953 1325 1286 1396 depositioni
1336 1324 1572 1394 subjecit
1627 1321 1886 1381 clericos,
1915 1318 2010 1388 qui

419 1423 704 1479 saecularia
737 1431 794 1478 et
825 1420 1046 1490 publica
1095 1417 1485 1472 administrant
1517 1415 1736 1486 negotia
1763 1430 1778 1480 ;
1814 1422 1865 1464 et
1897 1411 2007 1466 alia

420 1516 750 1588 patriarchas
782 1511 1034 1576 Joannis,
1061 1526 1185 1580 quae
1219 1509 1487 1565 diaconos
1517 1517 1569 1563 et
1606 1507 1744 1560 alios
1780 1504 2013 1559 clericos

422 1613 477 1663 in
512 1607 749 1679 publicis
777 1604 1012 1675 negotiis
1050 1602 1258 1658 versari
1285 1617 1392 1655 non
1420 1599 1728 1670 permittit;
1764 1609 1928 1667 porro
1961 1602 2018 1648 et

422 1700 750 1772 patriarcha:
805 1696 1089 1752 Michaelis
1153 1694 1428 1755 Anchiali,
1495 1691 1780 1748 saecularia
1839 1686 2018 1742 cilicia

424 1793 511 1848 vel
563 1798 886 1847 exactorum
945 1795 1248 1858 potestates
1282 1784 1367 1838 vel
1417 1785 1734 1838 curationes
1783 1780 2018 1836 clericos

426 1904 539 1946 non
572 1888 857 1954 suscipere
887 1883 1143 1954 injungit.

1001 2151 1443 2209 Comuetudines.

505 2272 643 2330 Cum
675 2286 810 2327 vero
839 2271 874 2326 4
904 2283 1083 2324 canon
1116 2267 1242 2339 syn.
1279 2274 1510 2336 quartae,
1559 2278 1663 2318 nec
1711 2277 1822 2316 non
1853 2261 2016 2316 etiam

2107 556 2325 625 γεῖσθαι
2355 555 2682 626 ἀπείρηκεν,
2710 551 2785 615 ὡς
2818 552 3048 624 αξσχφῦ
3076 553 3303 624 κέρδους
3336 553 3438 606 καὶ
3468 550 3684 620 ψιῶυς

2111 651 2404 722 παραίτια.

2693 741 2831 809 Περὶ
2881 737 3122 808 ιατρῶν.

2181 861 2316 915 Οὔτε
2382 859 2489 930 μὴν
2546 858 2754 928 ἰατρῶν
2825 855 3143 926 ἐξηγεῖσθαι
3221 855 3354 918 τοὺς
3419 855 3686 918 διακόνους

2111 950 2448 1023 παρεχώρει,
2500 949 2760 1021 ἰατρικῆς
2792 951 2889 1002 καὶ
2920 948 3118 1009 αὖτοὺς
3155 949 3683 1018 μεταποιουμένους,

2115 1047 2190 1118 μὴ
2238 1043 2478 1098 ἐοικέναι
2538 1043 2716 1110 λέγων
2762 1045 2888 1105 τοὺς
2949 1040 3089 1111 μετὰ
3121 1040 3424 1110 στιχαρίων
3458 1041 3528 1091 τὰ
3559 1041 3687 1106 ῖτγια

2115 1135 2674 1210 μεταχειριζομένους
2723 1134 2999 1204 κοσμικὰς
3034 1133 3229 1195 στολὰς
3265 1132 3571 1197 ἐνδύεσθαι,
3604 1135 3690 1186 καὶ

2115 1231 2258 1304 μετὰ
2287 1231 2498 1286 λαῐκῶν
2553 1229 2764 1297 ἀνδρῶν
2785 1269 2800 1292 ,
2833 1230 2941 1281 τῶν
2977 1227 3206 1297 ἰατρῶν,
3249 1227 3420 1296 φημὶ,
3453 1243 3694 1295 προπομ-

2115 1325 2325 1379 πεύειν.
2360 1325 2556 1392 Γέγονε
2579 1323 2640 1377 δὲ
2667 1324 2761 1374 καὶ
2787 1321 3082 1391 σημείωμα
3107 1319 3204 1372 τοῦ
3229 1318 3399 1372 αὐτοῦ
3434 1319 3695 1389 πατριάρ-

2115 1434 2233 1488 χου,
2298 1415 2593 1487 ἀφορισμῷ
2647 1413 3064 1469 καθυποδάλλον
3121 1414 3253 1477 τοὺς
3305 1415 3551 1481 κοσμικά
3605 1415 3695 1466 καὶ

2116 1514 2354 1581 δημόσια
2415 1511 2723 1580 πράγματα
2765 1507 3181 1579 διενεργοῦντας
3243 1507 3580 1577 κληρικοὺς·
3606 1508 3697 1559 καὶ

2117 1607 2309 1678 ἕτερον
2358 1605 2454 1660 τοῦ
2499 1605 2849 1675 πατριάρχου
2889 1602 3145 1656 Ἰωάννου
3173 1642 3191 1668 ,
3244 1602 3321 1670 μὴ
3385 1599 3697 1670 συγχωροῦν

2117 1700 2404 1762 διακόνους
2429 1698 2463 1770 ἦ
2485 1699 2573 1751 ἑτέ
2585 1715 2706 1769 ρους
2741 1697 3039 1767 κληρικοίις
3067 1696 3310 1766 δημοσίᾳ
3338 1697 3659 1765 συνηγορεῖν
3679 1711 3693 1726 ·

2122 1795 2204 1848 ἔτι
2238 1793 2295 1848 δὲ
2355 1795 2451 1848 καὶ
2493 1792 2588 1846 τοῦ
2619 1791 2964 1864 πατριάρχου
3003 1788 3226 1859 Μιχαὴλ
3259 1788 3358 1842 τοῦ
3393 1788 3696 1859 ’Δγχιάλου,

2050 1883 2094 1940 Β
2125 1888 2366 1958 κοσμικά
2409 1887 2643 1956 όφφίκια
2679 1885 2713 1955 ἢ
2754 1882 3136 1954 πρακτορικὰς
3165 1883 3476 1952 ἐνεργείας,
3506 1882 3540 1951 ἢ
3580 1897 3698 1934 κους

2123 1981 2436 2053 ρατορείας,
2469 1981 2602 2046 τοὺς
2653 1979 2951 2049 κληρικοὺς
3005 1976 3355 2044 ἐπισκῆπτον
3404 1973 3482 2046 μὴ
3513 1973 3699 2032 ἀναδέ-

2121 2077 2335 2147 χεσθαι.

2740 2164 3064 2232 Συνήθειαι

2207 2285 2363 2339 Ἐπεὶ
2399 2283 2454 2336 δὲ
2485 2285 2513 2338 6
2553 2283 2593 2336 δ’
2635 2280 2821 2335 κανὼν
2866 2281 2969 2351 τῆς
3000 2279 3044 2333 δ’
3085 2278 3331 2342 συνόδου,
3369 2277 3507 2331 ἀλλὰ
3530 2275 3597 2346 δὴ
3619 2276 3703 2330 καὶ

431 2365 467 2420 4
502 2366 692 2434 prima:
717 2371 772 2417 et
805 2359 1062 2418 secundae
1098 2357 1293 2428 synodi
1338 2358 1504 2426 (quos
1537 2363 1591 2409 et
1620 2353 1846 2409 consule
1874 2352 1931 2406 in
1952 2367 2021 2406 xv

2152 2377 2218 2433 ›δ’
2247 2380 2346 2447 τῆς
2387 2385 2436 2431 α’
2472 2379 2571 2432 καὶ
2627 2375 2671 2447 β’
2696 2375 2918 2430 συνόδου
2964 2374 2982 2444 (
3013 2372 3106 2436 οὓς
3147 2373 3243 2424 καὶ
3295 2372 3455 2440 ζήτει
3488 2369 3628 2424 κατὰ
3650 2370 3704 2422 τὸ

433 2461 614 2530 capite
676 2457 873 2512 littera:
905 2452 1002 2524 M),
1061 2465 1168 2507 non
1221 2449 1510 2520 prohibent
1569 2447 1876 2518 episcopos,
1925 2445 2025 2498 ali-

434 2551 656 2620 quando
679 2549 783 2606 sibi
829 2546 1100 2616 subjectis
1141 2542 1454 2608 monachis,
1483 2556 1594 2595 non
1622 2539 1800 2596 solum
1838 2552 2020 2592 rerum

434 2642 934 2700 ecclesiasticarum
972 2635 1514 2693 administrationem
1565 2633 1889 2698 concedere,
1927 2628 2025 2685 sed

437 2753 500 2794 ea
527 2738 693 2792 etiam
725 2750 848 2806 quae
885 2733 952 2788 ad
997 2731 1166 2787 vitam
1198 2730 1476 2802 pertinent
1529 2728 1614 2782 vel
1663 2725 1942 2782 szccularia
1972 2730 2029 2779 et

438 2831 651 2897 civilia;
684 2828 830 2900 quod
862 2827 1035 2882 multo
1065 2823 1242 2894 magis
1289 2819 1720 2889 imperatoribus
1760 2816 2032 2873 coiicede-

442 2935 562 2990 tur,
603 2924 696 2994 qui
732 2921 914 2976 solent
945 2927 1169 2974 sanctos
1196 2929 1440 2972 canones
1467 2911 1734 2983 religioso
1760 2917 1815 2965 et
1839 2908 2028 2962 divino

441 3018 672 3074 consilio
706 3023 939 3071 mutare.
999 3013 1136 3068 Cum
1174 3022 1416 3066 canones
1457 3007 1606 3062 enim
1643 3004 2029 3076 episcoporum

442 3115 744 3169 electiones
775 3109 1050 3181 episcopis
1081 3103 1384 3176 provincite
1416 3100 1840 3164 commiserunt,
1868 3095 2034 3151 nulli-

443 3221 552 3277 que
582 3205 890 3275 principum
946 3200 1112 3254 licere
1165 3197 1254 3252 bis
1319 3191 1738 3249 communicare
1780 3189 2032 3260 jubeant,

406 3305 810 3370 .itnperatores
885 3295 1052 3350 etiam
1112 3291 1236 3345 sine
1307 3288 1700 3358 episcoporum
1757 3280 2040 3348 suffragiis

452 3393 800 3466 patriarchas
831 3398 888 3445 et
913 3389 1207 3459 episcopos
1256 3389 1469 3439 creant.
1516 3379 1814 3450 Propterea
1854 3375 2044 3446 igitur,

448 3500 507 3544 ut
537 3487 770 3550 videtur,
805 3485 910 3540 sub
938 3482 1276 3552 imperatore
1321 3475 1586 3532 Michaele
1618 3473 1791 3538 Duca,
1841 3478 2049 3526 metro-

449 3583 730 3654 politanus
761 3577 854 3632 ille
885 3574 1044 3630 Sides
1081 3570 1298 3641 imperii
1349 3569 1569 3641 negotia
1597 3557 2046 3628 administrabat,

454 3675 614 3748 187
667 3681 722 3730 et
775 3666 1241 3726 Neocaesariensis
1293 3663 1746 3734 metropolitanus
1809 3659 2049 3716 civitatis

451 3765 673 3838 negotia
716 3766 768 3819 in
826 3773 948 3818 acta
978 3761 1186 3826 retulit,
1216 3766 1272 3813 et
1318 3757 1460 3828 apud
1488 3767 1588 3810 nos
1634 3753 1838 3824 Nipbo,
1865 3751 2050 3823 Cyzici

455 3856 824 3926 rnctropolita,
877 3862 932 3908 et
987 3849 1412 3920 rescriptionem
1463 3855 1520 3902 et
1578 3847 1764 3901 omnia
1830 3844 2047 3914 publica

456 3949 763 4008 ministeria
794 3945 1064 4002 exercuit.

1156 4058 1335 4127 Leges.

531 4179 876 4250 Octogesima
922 4180 1079 4230 sexta
1128 4169 1340 4226 novella
1375 4169 1507 4238 imp.
1540 4165 1743 4220 Leonis
1783 4161 2050 4227 decernit,

462 4284 525 4330 ut
557 4286 732 4342 neque
758 4268 1080 4339 episcopus,
1101 4277 1278 4332 neque
1304 4261 1449 4315 ullus
1480 4255 1714 4314 clericus
1739 4254 2057 4310 advocatio-

466 4370 654 4433 nibus,
675 4365 758 4420 vel
781 4356 1252 4418 conductionibus
1272 4352 1356 4408 vel
1382 4349 1836 4423 (idejussionibus
1861 4355 2050 4412 vacet;

466 4462 784 4531 quicunque
807 4468 938 4510 vero
967 4453 1073 4507 tale
1091 4444 1390 4520 quidl‘acit,
1412 4443 1468 4499 in
1493 4442 1714 4511 aliquod
1733 4451 1948 4512 tempus
1976 4455 2056 4494 se-

2129 2472 2190 2527 ιε¹
2225 2471 2528 2542 κεφάλαιον
2576 2469 2670 2523 τοῦ
2725 2469 2780 2523 Μ
2829 2468 3157 2537 στοιχείου),
3185 2465 3248 2520 ου
3285 2463 3562 2518 κωλύουσι
3588 2462 3706 2525 τοὺς

2129 2566 2497 2631 ἐπισκόπους,
2550 2564 2664 2616 ἐσθ’
2696 2563 2784 2616 ὅτε
2839 2563 2954 2623 τοῖς
2997 2559 3092 2614 ὑπ’
3117 2559 3322 2620 αὐτοὺς
3362 2555 3705 2616 ἀνατιθέντας

2134 2660 2390 2732 μοναχοίς
2423 2659 2482 2711 οὗ
2535 2656 2700 2728 μόνον
2735 2653 3219 2725 ἐκκλησιαστικῶν
3252 2649 3604 2724 πραγμάτων
3630 2647 3706 2702 διο

2129 2755 2372 2824 οίκησιν,
2402 2750 2540 2805 ἀλλά
2585 2766 2647 2817 γε
2702 2748 2799 2802 καὶ
2831 2746 3127 2812 βιωτικῶν,
3165 2743 3349 2797 εῐτουν
3397 2740 3706 2804 πολιτικῶν,

2135 2845 2318 2919 πο).λῷ
2373 2846 2536 2899 πλέον
2597 2841 2882 2914 βασιλεῦσι
2929 2840 3086 2893 τοῦτο
3132 2837 3449 2909 δοθήσεται,
3494 2827 3573 2896 οἷς
3600 2830 3708 2894 ἔθος

2134 2941 2282 2995 ἐστιν
2342 2939 2378 2994 ἃ
2422 2938 2530 2991 τῶν
2569 2937 2730 3007 ἱερῶν
2781 2932 3131 3006 μετατιθέναι
3182 2929 3451 2993 κανόνων,
3504 2925 3711 2980 εὐσεδεῖ

2139 3033 2326 3104 μέντοι
2359 3029 2556 3103 γνώμῃ
2590 3029 2688 3082 καὶ
2712 3025 2974 3096 φιλοθέῳ.
3001 3023 3125 3077 Τῶν
3167 3023 3277 3092 γὰρ
3331 3019 3576 3074 κανόνων
3618 3019 3710 3080 τὰς

2136 3125 2249 3180 τῶν
2297 3123 2620 3178 ἐπισκόπων
2654 3120 2872 3190 ψήφους
2909 3119 3023 3180 τοῖς
3059 3114 3384 3175 ἐπισκόποις
3425 3113 3527 3182 τῆς
3559 3111 3717 3181 ἐπαρ-

2141 3216 2265 3288 χίας
2297 3212 2690 3275 ἀνατιθέντων,
2721 3210 2947 3281 ἄρχοντι
2978 3205 3035 3260 δὲ
3082 3205 3275 3276 μηδενὶ
3295 3204 3503 3258 τούτων
3527 3202 3716 3267 ἐξεῖναι

2150 3310 2486 3365 κελευόντων
2532 3307 2842 3367 κοινωνεῖν,
2883 3303 2933 3356 οί
2988 3301 3231 3373 βασιλεῖς
3282 3301 3379 3354 καὶ
3417 3298 3516 3368 τῆς
3543 3300 3716 3368 ψήφου

2147 3405 2258 3458 τῶν
2296 3402 2620 3456 ἐπισκόπων
2657 3400 2852 3470 χωρίς,
2891 3396 2988 3450 καῖ
3039 3396 3392 3465 πατριάρχας
3416 3435 3432 3458 ,
3477 3394 3570 3445 καί
3611 3393 3718 3443 ἐπι·

2151 3497 2389 3559 σκόπους
2424 3493 2847 3566 προϐάλλονται.
2885 3493 2983 3545 Διὰ
3030 3489 3160 3559 γοῦν
3202 3487 3387 3554 τοῦτο,
3417 3487 3496 3548 ὡς
3532 3485 3718 3549 ἔοικεν,

2150 3591 2246 3645 ἐπὶ
2278 3588 2372 3644 τοῦ
2417 3585 2690 3659 βασιλέως
2716 3585 2940 3658 Μιχαὴλ
2972 3583 3067 3638 τοῦ
3100 3582 3282 3636 Δούκα
3313 3583 3343 3634 6
3399 3577 3719 3650 μητροπολί-

2150 3701 2252 3755 της
2278 3684 2487 3745 ἐκεῖνος
2539 3680 2702 3752 Σίδης
2752 3680 2824 3733 τά
2864 3680 2966 3746 τῆς
2997 3675 3278 3748 βασιλείας
3313 3673 3608 3747 ᾠκονόμει,
3635 3671 3720 3725 καί

2151 3780 2179 3831 6
2209 3773 2644 3844 Νεοκαισαρείας
2699 3772 2770 3826 τὰ
2821 3772 2921 3842 τῆς
2969 3771 3179 3834 πόλεως
3230 3767 3602 3838 ἀνεγράψατο,
3639 3762 3722 3816 καὶ

2153 3869 2242 3942 ἐφ’
2273 3867 2432 3940 ἡμῶν
2488 3869 2517 3922 6
2553 3864 2801 3931 Κυζίκου
2852 3865 3063 3935 Νὴφων
3115 3865 3214 3933 τήν
3264 3878 3325 3914 τε
3380 3857 3719 3929 ἀπογραφὴν,

2155 3963 2250 4017 καὶ
2280 3961 2378 4027 τὰς
2413 3959 2506 4014 τοῦ
2539 3959 2804 4031 δημοσίου
2835 3958 3056 4020 ἁπάσας
3087 3956 3364 4026 ἐνήργησε
3392 3951 3659 4015 δουλείας.

2836 4051 3045 4121 Νόμοι.

2237 4150 2305 4203 Ἦ
2339 4148 2396 4203 δὲ
2430 4146 2723 4218 πς¹νεαρά
2767 4144 2860 4199 τοῦ
2900 4145 3170 4216 βασιλέως
3208 4142 3444 4205 Λέοντος
3493 4138 3724 4202 θεσπίζει

2160 4245 2298 4316 μήτε
2349 4243 2675 4306 ἐπίσκοπον,
2737 4241 2876 4310 μήτε
2906 4240 3029 4292 τινα
3058 4238 3166 4292 τῶν
3203 4237 3296 4290 τοῦ
3328 4237 3562 4306 κλήρου,
3613 4252 3727 4287 συν-

2157 4337 2494 4410 ηγορίαις,ἧ
2535 4335 2893 4405 μισθώσεσιν,
2935 4333 2969 4403 ἢ
3016 4330 3247 4401 ἐγγύαις
3286 4327 3719 4398 ἐνασχολεῖσθαι’

2159 4433 2251 4486 τὸν
2293 4432 2351 4485 δὲ
2403 4428 2654 4484 τοιοῦτόν
2697 4445 2752 4482 τι
2800 4425 3065 4480 ποιοῦντα
3109 4424 3205 4479 ἐπὶ
3266 4422 3462 4494 χρόνον
3496 4421 3593 4491 μέν
3621 4436 3729 4474 τινα

467 4559 758 4622 gregetur;
790 4548 874 4601 sin
908 4555 1094 4600 autem
1126 4547 1460 4612 perseveret,
1490 4537 1820 4606 deponatur.
1875 4531 2038 4585 Advo‘

2167 4524 2550 4597 ἀφορίζεσθαιο
2582 4521 2916 4590 ἐπιμένοντα
2958 4517 3037 4585 δὲ,
3065 4516 3473 4588 καθαιρεῖσθαι.
3509 4513 3730 4583 Συνηγὸο

473 4656 628 4700 catos
652 4657 782 4698 vero
804 4654 900 4694 cos
934 4645 1115 4700 vocat,
1139 4634 1310 4706 quiin
1346 4629 1602 4687 civilibus
1640 4625 1868 4698 judiciis
1904 4624 2059 4678 ordi-

471 4741 583 4796 nati
603 4745 754 4803 sunt,
777 4741 832 4789 et
858 4733 925 4787 ab
945 4732 1280 4801 imperatore
1297 4724 1642 4794 accipiebant
1660 4717 2061 4774 frumentarias

471 4844 737 4896 tesseras,
791 4835 847 4882 et
890 4834 1046 4880 erant
1092 4822 1198 4877 sub
1254 4817 1609 4890 primiceriis,
1650 4821 1707 4869 et
1757 4829 1787 4868 a
1837 4810 2065 4867 saecula-

473 4928 628 4981 ribus
656 4919 1078 4992 magistratibus
1107 4916 1490 4972 characterem
1531 4907 1902 4980 acripiehant,
1939 4918 2063 4974 qua:

472 5019 647 5076 cilicia
668 5017 855 5073 clerici
887 5011 1326 5085 prohibebantur
1379 5018 1667 5061 exercere.
1729 5000 1839 5054 Pro
1865 4997 2064 5054 amicis

475 5111 750 5184 siquidem
778 5117 834 5165 et
882 5107 1006 5162 aliis
1038 5101 1408 5160 familiaribus
1435 5112 1661 5153 causam
1693 5095 1868 5150 libere
1904 5105 2067 5162 agere

475 5205 750 5279 episcopis
771 5212 827 5260 et
859 5200 1076 5258 clericis
1109 5215 1220 5254 non
1251 5193 1660 5269 prohibebitur.

550 5299 864 5356 Centesima
925 5292 1189 5350 vicesima
1245 5288 1412 5345 tertia
1476 5282 1781 5342 Justiniani
1825 5282 2066 5348 novella,

478 5395 696 5459 Nullus,
729 5389 930 5462 inquit,
978 5386 1262 5459 proprium
1299 5383 1510 5436 clerum
1569 5377 1912 5449 relinquens,
1974 5375 2071 5430 ilat

479 5489 702 5544 laicus:
741 5479 1191 5555 quandoquidem
1243 5472 1412 5545 priori
1467 5470 1734 5540 dignitate
1791 5467 1878 5523 vel
1924 5465 2073 5521 mili-

485 5583 558 5636 tia
587 5578 917 5650 privabitur,
947 5583 1003 5631 et
1040 5585 1154 5627 suae
1190 5567 1442 5624 civitatis
1484 5563 1753 5620 voluntati
1807 5560 2073 5631 subjicie-

484 5683 596 5727 tur.

511 5763 801 5834 ~Septima
854 5774 986 5815 vero
1047 5765 1102 5811 et
1155 5763 1350 5810 octava
1427 5749 1639 5804 novella
1673 5748 1804 5816 itnp.
1877 5742 2076 5797 Leonis

486 5857 715 5915 clericos
773 5865 827 5912 et
873 5850 1178 5914 monachos
1221 5844 1672 5909 transiormatos,
1720 5853 1770 5897 et
1806 5840 1972 5895 Iaicos
1999 5837 2080 5890 fa-

2169 4637 2292 4692 ρους
2333 4620 2390 4672 δέ
2440 4633 2576 4687 φησι
2606 4616 2733 4678 τοὺς
2773 4615 2831 4667 ἐν
2868 4614 2982 4676 τοῖς
3033 4611 3337 4673 πολιτικοῖς
3377 4609 3730 4676 τεταγμένους

2164 4709 2565 4780 δικαστηρίοις,
2592 4708 2687 4762 καὶ
2713 4705 2976 4778 βασιλικὰ
3018 4702 3404 4772 λαμϐάνοντας
3438 4699 3730 4770 σιτηρέσια,

2169 4807 2263 4860 καὶ
2286 4803 2390 4857 ὑπὸ
2419 4800 2823 4874 πριμικηρίους
2861 4798 3042 4864 ὄντας,
3064 4798 3158 4850 καὶ
3184 4795 3292 4847 ὑπδ
3334 4793 3616 4863 κοσμικῶν
3648 4791 3734 4860 ἁρ-

2167 4902 2372 4970 χόντων
2407 4893 2914 4968 σφραγιζομένους,
2944 4885 3026 4954 οἷς
3073 4890 3122 4943 οί
3154 4888 3412 4958 κληρικοὶ
3460 4883 3734 4939 συντάττει-

2173 4993 2296 5046 σθαι
2318 4989 2642 5044 ἐκωλύοντο.
2658 4985 2833 5056 ’Υπὲρ
2858 4983 3030 5053 φίλων
3050 4983 3238 5052 μέντοι
3259 4980 3293 5050 ἢ
3311 4978 3495 5042 ἄλλως
3515 4976 3731 5035 οἰκείων.

2171 5087 2463 5140 ἐπίσκοποι
2497 5085 2593 5136 καὶ
2618 5080 2872 5152 κληρικοὶ
2907 5076 3028 5132 κατ’
3063 5073 3392 5146 ἐλευθερίαν
3426 5070 3732 5142 συνηγορεῖν

2171 5184 2234 5236 οὐ
2274 5180 2714 5250 κωλυθήσονται.

2255 5273 2319 5327 Ἦ
2361 5272 2418 5325 δὲ
2468 5278 2590 5343 ρκγ¹
2631 5265 3072 5330 ἰουστινιάνειος
3109 5262 3306 5335 νεαρὰ,
3338 5262 3566 5334 Μηδεὶς,
3598 5259 3736 5330 φησι.

2173 5369 2496 5427 τδνοίκεῖον
2524 5365 2730 5434 κλῆρον
2758 5363 2887 5425 ἐῶν,
2917 5359 3154 5429 γινέσθω
3185 5357 3475 5428 κοσμικός·
3515 5356 3630 5408 ἐπεὶ
3658 5349 3741 5404 καὶ

2175 5464 2274 5532 τῆς
2303 5457 2750 5532 προσγενομένης
2779 5453 2930 5525 αὐτῷ
2959 5451 3115 5516 ἀξίας
3144 5451 3178 5522 ἢ
3209 5448 3506 5521 στρατείας
3530 5448 3742 5500 ἀποστε-

2180 5554 2507 5624 ρηθήσεται,
2541 5551 2640 5605 καὶ
2686 5550 2754 5620 τῇ
2803 5545 2968 5619 βουλῇ
3022 5546 3124 5612 τῆς
3176 5545 3312 5607 ίδίας
3354 5541 3741 5608 ἀποδοθήσεται

2181 5649 2420 5709 πόλεως.
3337 5661 3356 5668 ο

2263 5742 2326 5795 Ἦ
2383 5739 2440 5794 δὲ
2476 5737 2520 5803 ζ’
2585 5737 2681 5790 καὶ
2739 5732 2788 5805 η’
2841 5735 3011 5803 νεαρὰ
3065 5733 3159 5784 τοῦ
3215 5728 3504 5802 βασιλέως,
3539 5723 3744 5782 Λέοντι-ς

2185 5839 2307 5899 τοὺς
2345 5831 2644 5904 κ).ηρικοὺς
2683 5829 2774 5886 καὶ
2805 5827 3078 5899 μοναχοὺς
3121 5818 3748 5896 μετασχηματισθέντας,
