3918 6562
366 259 498 325 1391

1569 269 1932 330 ΜΑἸἼἩᾺΕΙ
1972 274 2391 336 BLASTARIS

3470 281 3604 346 1392

363 378 512 435 hunc
544 379 902 450 apostolicum
936 396 1204 439 canoncm
1262 384 1476 449 reeitat,
1529 393 1582 439 et
1638 395 1813 449 cavet,
1851 400 1919 441 ne

2048 392 2240 449 τουτονὶ
2278 391 2479 445 κανόνα
2515 392 2760 457 διέξεισι.
2803 394 2895 448 καὶ
2932 392 3060 457 τοὺς
3080 393 3139 447 ἐν
3180 396 3243 465 τῇ
3271 395 3430 449 πόλει
3467 395 3603 449 Ῥω-

359 477 452 544 qui
490 476 698 539 sttnl,in
734 475 1109 533 Romanorum
1167 479 1388 535 civitate
1430 479 1930 548 transgrediuntur,

361 582 540 637 neque
569 567 623 621 in
654 575 859 623 sancta:
884 565 1326 640 Quadragesimze
1366 569 1625 626 Sabbatis
1660 569 1936 641 jejunent,

359 665 582 725 propter
633 657 969 713 oblationem
1033 659 1181 714 omni
1241 658 1481 714 Sabbato
1532 675 1631 731 pro
1678 659 1938 714 omnibus

361 748 562 801 sanctis
591 746 810 814 factam,
838 749 889 802 in
931 764 1041 820 quo
1073 750 1267 804 fortem
1300 750 1487 822 ligavit
1548 750 1848 815 Dominus,
1882 757 1938 803 et

360 828 547 893 omnia
609 838 730 910 ejus
790 855 922 896 vasa
974 841 1244 913 diripuit;
1289 842 1415 897 licet
1469 856 1567 912 pro
1615 841 1790 896 nihilo
1834 840 1939 896 illis

361 932 677 987 habeantur
704 949 826 1004 qua!
857 944 985 989 sunt
1020 934 1073 989 in
1107 950 1344 991 canone.
1406 936 1575 1006 Magis
1611 936 1779 1006 igitur
1819 950 1938 990 ma-

358 1022 471 1076 lum
507 1024 884 1089 extendentes,
935 1024 1103 1080 totius
1152 1025 1318 1081 etiam
1372 1026 1640 1098 temporis
1681 1026 1939 1082 Sabbatis

360 1115 615 1185 jejunare
648 1132 753 1172 non
779 1127 1038 1174 recusant

312 1218 323 1227 ‘
429 1207 683 1263 Decimus
697 1209 962 1278 septimus
983 1226 1111 1265 vero
1129 1210 1319 1282 synodi
1335 1210 1666 1281 Gangrensis
1683 1210 1828 1275 illos,
1841 1210 1935 1280 qui

359 1308 583 1367 propter
609 1316 728 1356 eam
784 1317 906 1372 qua:
933 1304 1287 1359 existimatur
1314 1303 1457 1374 piam
1492 1303 1937 1358 exercitationem

358 1389 449 1444 die
485 1391 769 1448 Dominica
815 1393 1093 1463 jejunant,
1126 1395 1458 1451 anathemati
1505 1394 1751 1465 subiicit.
1784 1393 1938 1450 Tunc

357 1483 505 1537 enim
550 1486 788 1539 maxime
812 1486 1010 1542 hilares
1039 1498 1093 1542 et
1120 1486 1275 1542 laetos
1296 1501 1420 1543 esse
1447 1474 1787 1557 nosoportet
1810 1500 1940 1556 pro-

358 1584 480 1645 pter
514 1575 730 1656 Domini
756 1580 1238 1644 resurrectionem,
1267 1589 1319 1634 et
1370 1579 1626 1635 humana-
1671 1591 1878 1633 naturae
1908 1593 1939 1634 a

357 1671 566 1741 peccati
598 1672 756 1743 lapsu
780 1672 1168 1729 excitationem
1203 1688 1352 1729 :non
1382 1680 1564 1727 autem
1594 1687 1703 1742 pra:
1721 1670 1938 1742 jejunio

362 1760 606 1817 demisso
638 1764 790 1819 vultu
815 1780 937 1820 esse
961 1774 1016 1820 et
1047 1765 1326 1820 tristitiam
1367 1781 1480 1834 prae
1502 1764 1662 1820 nobis
1695 1762 1860 1818 ferre.

439 1851 696 1911 Decimus
720 1856 945 1926 quintus
973 1872 1106 1913 vero
1134 1857 1311 1913 sancti
1349 1855 1500 1911 Petri
1529 1854 1886 1911 Alexandrini
1914 1894 1933 1920 ,

359 1940 569 2009 Quarto
619 1944 727 2011 die,
770 1947 974 2017 inquit,
999 1946 1365 2017 ieiunandum
1416 1961 1540 2003 esse
1596 1945 1930 2015 accepimus.

356 2051 423 2092 eo
450 2036 595 2106 quod
633 2036 839 2095 factum
866 2047 983 2094 erat
1014 2040 1306 2096 concilium
1342 2055 1371 2095 a
1401 2038 1611 2096 Iudaeis
1631 2039 1700 2097 ad
1733 2039 1920 2094 Domi—

362 2148 493 2187 num
527 2133 873 2202 prodendum
908 2151 922 2189 :
958 2133 1013 2188 in
1042 2134 1347 2191 Parasceve
1377 2149 1533 2199 vero,
1555 2147 1638 2190 ‘eo
1698 2131 1845 2203 quod
1876 2131 1931 2186 in

369 2224 463 2280 illa
497 2241 595 2296 pro
629 2225 790 2282 nobis
845 2226 961 2297 ipse
989 2241 1184 2296 passus
1208 2235 1309 2283 est.
1369 2226 1703 2281 Dominicam
1752 2231 1933 2278 autem

357 2318 746 2375 exsultationis
785 2318 926 2374 diem
958 2319 1365 2383 existimamus,
1398 2317 1452 2372 in
1478 2331 1586 2387 qua
1645 2331 1713 2370 ne
1759 2329 1934 2384 genua

358 2408 582 2478 quidem
613 2407 879 2465 ﬂectenda
913 2424 1035 2464 esse
1064 2409 1399 2477 accepimus.
1458 2407 1695 2465 Consule
1750 2407 1818 2461 de
1845 2405 1935 2461 die

361 2500 646 2557 Dominica
692 2500 858 2558 etiam
908 2501 963 2556 in
996 2501 1029 2556 9
1064 2502 1244 2571 capite
1294 2501 1489 2556 litterae
1550 2499 1592 2552 Β
1664 2513 1931 2554 canonem

359 2603 673 2649 sanctorum
711 2594 1088 2663 apostolorum
1122 2594 1191 2649 53
1219 2594 1352 2650 etin
1388 2592 1454 2648 l8
1503 2607 1628 2664 cap.
1652 2590 1845 2646 littera
1893 2591 1934 2644 Γ

359 2701 486 2741 can.
507 2686 541 2742 5
574 2686 869 2744 Timothei.

750 2782 824 2838 De
866 2783 1065 2839 sanctis
1126 2782 1502 2854 TheOpham‘is.

431 2873 771 2945 Theophilus
797 2876 1227 2942 Alexandrinus,
1262 2887 1582 2934 sanctorum
1640 2874 1935 2944 Theopha-

359 2964 577 3020 niorum
613 2964 780 3031 festo,
818 2966 873 3020 in
914 2982 1025 3037 quo
1064 2981 1240 3036 usque
1271 2968 1336 3021 ad
1365 2981 1644 3037 vesperam
1677 2965 1934 3035 jejunare

358 3059 506 3113 soliti
537 3074 747 3124 sumus,
788 3058 844 3113 in
873 3058 1019 3113 diem
1054 3059 1404 3114 Dominicum
1444 3058 1742 3122 incidente,
1778 3073 1929 3113 con-

359 3148 642 3204 venienter
669 3122 963 3221 utrumque
991 3149 1320 3205 distribuere
1347 3148 1521 3220 jubet.
1554 3149 1693 3204 Dicit
1735 3148 1881 3205 enim
1917 3166 1930 3203 :
1961 3122 2007 3186 (ι’

361 3241 431 3299 Et
459 3258 578 3298 mos
614 3255 669 3298 et
694 3244 956 3301 honestas
978 3261 1006 3299 a
1029 3246 1188 3301 nobis
1213 3245 1400 3315 exigit,
1428 3253 1485 3299 nt
1534 3258 1754 3299 omnem
1787 3243 1932 3299 diem

366 3334 709 3391 Dominicum
745 3337 1102 3402 honoremus,
1134 3337 1187 3391 in
1213 3351 1391 3406 coque
1427 3334 1600 3390 festos
1628 3343 1933 3390 conventus

361 3426 726 3492 celebremus,
751 3427 1014 3497 quoniam
1046 3427 1311 3483 Dominus
1356 3436 1544 3482 noster
1593 3423 1751 3480 Jesus
1778 3423 1937 3480 Chri-

362 3506 484 3574 sius
523 3518 850 3589 praeclarum
884 3535 997 3575 sum
1043 3520 1467 3576 resurrectionis
1493 3534 1692 3573 munus
1750 3517 1804 3572 in
1870 3530 1936 3573 eo

363 3612 521 3666 obiit.
566 3609 634 3665 Et
678 3609 803 3669 ideo
858 3612 913 3667 in
966 3612 1139 3668 sacris
1171 3610 1476 3684 Scripturis
1506 3612 1623 3682 ipse
1646 3619 1699 3664 et
1723 3607 1934 3679 primus

362 3703 688 3773 appellatur,
737 3712 799 3758 ut
841 3703 933 3774 qui
983 3703 1056 3760 sit
1110 3703 1270 3761 nobis
1320 3704 1444 3759 vitae
1492 3699 1843 3773 principium,
1877 3708 1933 3755 et

362 3804 611 3862 octavus,
654 3805 714 3850 ut
747 3795 838 3867 qui
887 3794 1202 3852 Judzeorum
1254 3795 1657 3852 sabbatismum
1700 3807 1935 3863 exsupe-

335 3887 589 3949 .raverit.
626 3885 789 3958 169
838 3885 976 3954 Quia
1038 3902 1168 3958 ergo
1202 3884 1422 3952 accidit,
1492 3892 1553 3939 ut
1620 3892 1934 3939 sanctorum

363 3978 848 4049 Theophaniorum
916 3978 1007 4034 hic
1077 3988 1221 4033 esset
1272 3977 1393 4032 dies
1456 3975 1815 4046 jejtmiorum,
1870 3974 1938 4029 ad

362 4080 658 4142 utrumque
680 4070 915 4126 scienter
942 4069 1305 4136 accedamus;
1338 4075 1394 4124 et
1446 4067 1713 4137 pauculos
1743 4065 1936 4137 dacty-

361 4162 444 4218 los
466 4171 766 4229 sumentes,
805 4161 969 4216 simul
994 4171 1048 4217 et
1079 4160 1310 4216 haereses
1331 4160 1591 4225 vitemus,
1613 4174 1735 4230 quat
1755 4155 1939 4211 Domi-

365 4255 502 4310 nicse
545 4253 968 4311 resurrectionis
1008 4252 1149 4307 diem
1205 4266 1314 4307 non
1362 4252 1656 4315 honorant,
1722 4259 1777 4306 et
1824 4250 1931 4307 diei

358 4350 554 4421 jojuuii
580 4349 725 4420 quod
757 4348 985 4404 debetur
1018 4348 1327 4414 reddamus,
1363 4347 1736 4417 vespertinum
1797 4361 1931 4402 eon-

2043 482 2222 550 μαίων
2255 484 2589 553 ἐπισκήπτει
2622 483 2697 554 μὴ
2731 485 3113 554 παραϐαίνειν,
3148 486 3284 556 μηδὲ
3323 486 3602 555 νηστεύειν

2039 577 2153 638 τοῖς
2183 574 2430 629 Σάδδασι
2480 576 2578 646 τῆς
2624 578 2783 645 ἁγίας
2833 577 3313 649 Τεσσαρακοστῆς,
3367 576 3460 629 διὰ
3506 575 3602 643 τὴν

2040 671 2333 740 γινομένην
2364 669 2503 724 κατὰ
2553 671 2660 723 πᾶν
2710 670 2992 724 Σαϐϐατον
3046 670 3187 739 ὑπὲρ
3235 669 3454 721 πάντων
3503 666 3603 721 τῶν

2039 762 2211 829 ἁγίων
2243 763 2581 835 προσφορὰν,
2610 763 2667 814 ἐν
2696 756 2741 830 ᾧ
2766 763 2858 815 τὸν
2886 763 3103 833 ἰσχυρὸν
3142 763 3170 814 ὁ
3191 760 3397 829 Κύριος
3426 759 3601 827 ἔδησε,

2041 854 2132 905 καὶ
2168 853 2238 906 τὰ
2271 853 2443 922 σκεύη
2465 853 2663 907 τούτου
2688 853 2957 924 διήρπασε
2977 893 2994 918 ,
3035 854 3088 906 εί
3118 852 3214 906 καὶ
3242 853 3325 915 εἰς
3357 850 3512 903 οὐδὲν
3539 850 3604 902 τὰ

2039 944 2131 998 τού
2180 945 2405 1008 κανόνος
2465 946 2651 1007 αὐτοῖς
2700 944 3083 1017 ἐλογίσθησαν.
3116 943 3334 999 Μᾶλλον
3371 943 3471 1011 μὲν
3513 936 3605 994 οὖν

2038 1037 2404 1100 ἐπιτείνοντες
2423 1036 2484 1090 τὸ
2518 1038 2710 1100 κακὸν,
2744 1037 2841 1091 καὶ
2866 1038 2935 1090 τὰ
2962 1036 3056 1090 τοῦ
3080 1036 3205 1091 ὅλου
3232 1035 3428 1105 χρόνον
3471 1034 3606 1085 2&6-

2041 1129 2183 1185 δατα
2205 1130 2489 1195 νηστεύειν
2531 1131 2595 1184 οὗ
2627 1128 3047 1201 παραιτοῦνται.

2124 1223 2184 1278 Ὀ
2225 1222 2283 1276 δὲ
2324 1222 2426 1290 τῆς
2457 1223 2516 1275 ιν
2548 1223 2773 1293 Γάγγρᾳ
2823 1222 2889 1287 ιζ’
2943 1222 3068 1285 τοὺς
3116 1217 3208 1272 διὰ
3235 1217 3603 1287 νομιζομένην

2040 1315 2277 1386 ἄσκησιν
2303 1316 2361 1368 εν
2389 1316 2457 1386 τῇ
2479 1315 2736 1385 Κυριακῇ
2768 1311 3133 1387 νηστεύοντας
3178 1310 3258 1380 τῷ
3301 1308 3603 1377 ἀναθέματι

2042 1408 2432 1479 παραπέμπει.
2482 1405 2801 1477 Τηνικαῦτα
2854 1404 2965 1473 γὰρ
3017 1404 3283 1474 φαιδροὺς
3329 1401 3471 1456 εἶναι
3528 1400 3606 1453 δεῖ

2044 1496 2247 1565 μᾶλλον
2307 1496 2403 1550 καὶ
2471 1494 2879 1565 γεγανυμένους
2943 1494 3031 1547 διὰ
3077 1492 3176 1564 τὴν
3220 1492 3447 1562 εγερσιν
3518 1489 3601 1543 τοῦ

2042 1589 2290 1661 Κυρίου,
2338 1589 2432 1643 καὶ
2489 1586 2587 1658 τὴν
2647 1590 2748 1659 τῆς
2800 1586 3054 1658 βροτείας
3118 1584 3338 1655 φύσεως
3404 1585 3469 1636 ὲκ
3513 1581 3601 1634 τοῦ

2042 1681 2339 1752 πτώματος
2392 1680 2495 1750 τῆς
2558 1678 2834 1750 ἁμαρτίας
2871 1677 3195 1732 ἀνάστασινο
3241 1676 3306 1729 ού
3337 1674 3447 1745 μὴν
3480 1688 3605 1726 κατ-

1969 1771 2010 1825 Β
2039 1777 2208 1847 ηφιᾷν
2249 1776 2316 1844 τῇ
2347 1772 2594 1843 νηστείᾳ,
2628 1773 2722 1824 καὶ
2754 1767 3195 1840 σκυθρωπάζειν.

2117 1867 2177 1921 Ὀ
2215 1866 2273 1920 δὲ
2318 1863 2380 1917 ιε’
2429 1863 2524 1917 τοῦ
2568 1862 2731 1930 ἁγίου
2767 1863 2977 1932 Πέτρου
3026 1857 3462 1927 Ἀλεξανδρείας,
3496 1853 3602 1925 Τὴν

2040 1956 2137 2026 μιν
2172 1953 2424 2024 Τετράδα
2461 1952 2907 2023 παρειλήφαμεν,
2947 1950 3082 2019 φησὶ
3111 1989 3125 2012 ,
3178 1948 3491 2017 νηστεύειν,
3520 1944 3603 1997 διὰ

2033 2046 2095 2098 τδ
2126 2045 2352 2113 γεγονὸς
2381 2042 2711 2113 συμϐούλιον
2742 2042 2835 2094 ἐπὶ
2864 2043 2929 2111 τῇ
2964 2039 3229 2109 προδοσίᾳ
3254 2036 3352 2090 τοῦ
3395 2035 3600 2103 Κυρίου

2034 2138 2188 2209 παρὰ
2219 2138 2324 2192 τῶν
2360 2136 2653 2191 Ἰουδαίων*
2693 2134 2792 2204 τὴν
2825 2132 2883 2186 δέ
2912 2149 2977 2201 γε
3008 2128 3396 2202 Παρασκευὴν,
3424 2128 3511 2182 διὰ
3547 2125 3603 2180 τὸ

2038 2231 2202 2299 αὑτὸν
2236 2232 2295 2284 ὲν
2324 2228 2501 2302 ταύτῃ
2539 2226 2873 2280 πεπονθέναι
2906 2224 3045 2295 ὑπὲρ
3066 2223 3247 2293 ἡμῶν.
3278 2222 3392 2290 Τὴν
3421 2221 3599 2288 μέντοι

2039 2322 2335 2395 Κυριακὴν
2366 2320 2728 2393 χαρμοσύνης
2757 2318 2972 2390 ἡμέραν
3000 2315 3303 2389 ἡγούμεθα,
3330 2316 3387 2368 ὲν
3420 2308 3456 2386 ᾖ
3487 2313 3601 2366 οὐδὲ

2036 2417 2236 2485 γόνατα
2264 2412 2685 2484 παρειλήφαμεν
2718 2410 2944 2465 κλίνειν.
2975 2410 3139 2479 Ζήτει
3160 2408 3288 2479 περὶ
3323 2404 3601 2473 Κυριακῆς

2035 2508 2133 2562 καὶ
2158 2510 2215 2561 ὲν
2244 2506 2321 2577 τῷ
2351 2506 2396 2560 θ’
2436 2503 2720 2574 κεφαλαίῳ
2749 2503 2841 2555 τοῦ
2883 2501 2924 2555 Β
2953 2499 3220 2570 στοιχείου
3268 2498 3474 2552 κανόνα
3501 2494 3603 2547 τῶν

2039 2597 2210 2665 ἁγίων
2240 2595 2560 2649 ἀποστόλων
2614 2590 2717 2657 νγ’,
2746 2590 2840 2645 καὶ
2882 2593 2941 2644 ὲν
2978 2590 3054 2659 τῷ
3097 2594 3169 2659 ιηι
3201 2586 3396 2655 κειραλ.
3438 2583 3531 2638 τοῦ
3566 2584 3601 2636 Γ

2040 2687 2311 2760 στοιχείου
2343 2685 2545 2741 κανόνα
2572 2691 2611 2738 ε’
2642 2683 2736 2739 τοῦ
2784 2682 3081 2754 Τιμοθέου.

2358 2778 2499 2847 Περὶ
2534 2776 2653 2841 τῶν
2691 2776 2874 2845 ἁγίων
2925 2772 3283 2843 Θεοφανίων.

2120 2873 2180 2927 ⁸0
2227 2873 2282 2926 δὲ
2336 2868 2748 2940 Ἀλεξανδρείας
2819 2867 3077 2938 Θεόφιλος
3128 2865 3228 2935 τῆς
3276 2863 3389 2917 τῶν
3438 2861 3601 2929 ἁγίων

2038 2964 2352 3034 Θεοφανίων
2374 2964 2593 3033 ἑορτῆς,
2644 2954 2761 3036 ὲνῇ
2804 2961 2996 3031 μέχρις
3036 2959 3278 3027 ἑσπέρας
3325 2954 3600 3025 νηστεύειν

2038 3058 2333 3128 εἰώθαμεν,
2363 3057 2552 3127 ἡμέρᾳ
2584 3055 2836 3124 Κυριακῇ
2869 3050 3309 3122 συνδραμούσης,
3339 3049 3399 3101 τδ
3433 3064 3597 3119 προσ-

2039 3154 2174 3223 ἧκον
2207 3148 2504 3220 ἀπονέμειν
2544 3144 2782 3217 ἑκατέρᾳ
2812 3143 3042 3198 κελεύει.
3074 3142 3216 3212 Φησὶ
3248 3139 3378 3223 γᾴρ·
3411 3142 3524 3194 Καὶ
3546 3139 3602 3191 τδ

2038 3242 2183 3309 ἔθος,
2220 3244 2316 3296 καὶ
2345 3238 2404 3293 τδ
2445 3240 2656 3310 πρέπον
2687 3239 2837 3309 ἡμᾶς
2876 3236 3124 3298 ἀπαιτεῖ,
3173 3233 3601 3298 πᾶσανΚυρια·

2039 3335 2143 3405 κην
2174 3332 2362 3404 τιμᾷν,
2410 3330 2505 3385 καὶ
2547 3331 2607 3385 ὲν
2632 3330 2809 3403 ταύτῃ
2840 3327 3261 3398 πανηγυρίζειν,
3306 3324 3601 3391 ἐπειδήπερ

2038 3428 2066 3481 ὁ
2112 3425 2317 3497 Κύριος
2371 3423 2530 3493 ἡμῶν
2587 3422 2798 3494 Ἰησοῦς
2844 3422 3080 3490 Χριστὸς
3130 3421 3190 3473 έν
3232 3419 3374 3487 αὐτῇ
3410 3416 3511 3485 τὴν
3542 3416 3603 3468 ἐκ

2041 3518 2253 3589 νεκρῶν
2316 3517 2614 3571 ἀνάστασιν
2667 3516 2799 3586 ⁴ἡμῖν
2851 3514 3246 3585 ὲπρυτὰνευσε.
3291 3512 3387 3565 Aio
3417 3513 3511 3564 καὶ
3549 3510 3604 3562 ὲν

2042 3613 2161 3675 ταῖς
2196 3612 2371 3682 ίεραίς
2401 3609 2647 3680 Γραφαῖς
2677 3609 2772 3663 καὶ
2813 3609 3003 3678 πρώτη
3032 3605 3320 3673 κέκληται,
3355 3602 3432 3666 ὡς
3462 3600 3601 3674 ἀρχὴ

2042 3703 2191 3773 ζωῆς
2218 3702 2356 3771 ἡμῖν
2386 3700 2730 3773 ὑπάρχουσα,
2761 3700 2858 3755 καὶ
2887 3698 3069 3768 ὀγδόη,
3107 3698 3202 3751 ἅτε
3229 3696 3294 3769 δὴ
3335 3697 3606 3767 ὑπερανα-

2042 3795 2311 3864 6ε6ηκυία
2371 3791 2467 3846 τὸν
2513 3790 2630 3844 τῶν
2690 3790 2969 3845 Ἰουδαίων
3010 3787 3415 3856 σαύϐατισμόν.
3456 3783 3607 3838 Ἐπεί.

2039 3883 2134 3942 οὖν
2175 3883 2375 3956 συνέϐη
2410 3883 2511 3952 τὴν
2553 3883 2663 3938 τῶν
2694 3881 3009 3951 Θεοφανίων
3034 3878 3241 3950 ταύτην
3268 3879 3485 3950 ἡμέραν
3521 3877 3610 3946 νή-

2036 3991 2236 4049 ·στιμον
2258 3972 2423 4042 εἶναι,
2451 3973 2836 4045 ἐπιστημόνως
2871 3973 3214 4044 χωρήσωμεν
3240 3969 3380 4042 πρὸς
3414 3968 3603 4022 ἑκάτε-

2045 4087 2159 4141 ρον,
2208 4068 2306 4123 καὶ
2333 4065 2736 4141 μεταλαδόντες
2765 4064 2965 4133 ὀλίγων
3013 4064 3275 4132 φοινίκων
3295 4101 3309 4124 ,
3344 4061 3603 4113 ὲκκλίνω·

2043 4139 2144 4231 μεν
2185 4160 2303 4230 ἅμα
2352 4159 2447 4213 καὶ
2494 4139 2599 4221 ’τὰς
2644 4155 2911 4228 αίρέσεις,
2949 4154 3048 4217 τὰς
3105 4155 3181 4224 μὴ
3225 4151 3481 4220 τιμώσας
3512 4150 3605 4218 τὴν

2041 4253 2415 4323 ἀναστάσιμον
2446 4250 2542 4305 τοῦ
2583 4250 2789 4323 Κυρίου
2827 4248 3064 4321 ἡμέραν,
3098 4248 3190 4300 καὶ
3229 4245 3290 4299 τὸ
3320 4243 3603 4312 ὀφειλόμε-

2040 4363 2130 4400 νον
2174 4345 2242 4413 τῇ
2287 4339 2539 4412 νηστίμῳ
2590 4339 2880 4409 ἀποδῶμεν
2928 4338 3136 4409 ἡμέρα,
3167 4335 3269 4405 τὴν
3312 4334 3605 4403 ἑσπερινην

366 4451 583 4496 ventum
612 4448 1017 4512 exspectantes,
1051 4454 1174 4511 qua:
1207 4440 1275 4495 ab
1308 4440 1439 4495 hora
1486 4454 1625 4493 nona
1662 4438 1749 4493 hic
1783 4453 1932 4509 pera-

2048 4436 2433 4506 περιμένοντες
2464 4431 2706 4497 σύναξιν,
2747 4430 2868 4501 ητις
2916 4428 3025 4483 ἀπὸ
3076 4425 3305 4497 ἐννάτης
3346 4424 3499 4495 ὧρας
3526 4423 3604 4475 ἐν·

364 4532 530 4602 gitur.

366 4645 521 4711 Quod
546 4648 598 4700 in
622 4646 898 4701 Dominica
928 4657 1196 4715 precantes
1221 4647 1564 4716 genuﬂectere
1585 4660 1686 4699 non
1709 4651 1931 4714 oportet.

437 4804 750 4862 Vicesimus
773 4821 901 4862 vero
933 4806 1121 4876 prima:
1149 4804 1340 4875 synodi
1367 4819 1542 4859 canon
1570 4818 1746 4874 neque
1774 4818 1937 4873 genu-

365 4898 585 4955 ﬂectere
630 4898 682 4952 in
715 4898 803 4953 die
854 4898 1138 4954 Dominica
1186 4908 1437 4968 Oportere
1482 4898 1788 4963 existimat,
1839 4912 1938 4952 ne-

366 5007 474 5061 que
507 4993 561 5046 in
614 4991 874 5047 omnibus
924 4991 1275 5047 Pentecostes
1318 4990 1534 5046 diebus.
1563 4989 1772 5045 Causas
1806 5005 1935 5044 vero

368 5100 601 5155 magnus
633 5083 869 5138 Basilius
906 5084 958 5138 in
990 5084 1057 5138 37
1090 5086 1157 5137 ad
1194 5090 1448 5138 sanctum
1481 5080 1932 5150 Amphilochium

366 5179 545 5247 capite
564 5176 850 5245 perspicue
880 5175 1090 5241 reddit;
1122 5175 1266 5244 quod
1288 5173 1453 5231 etiam
1487 5188 1670 5243 quaere
1688 5173 1743 5227 in
1760 5172 1935 5243 2cap.

367 5269 560 5324 liateraa
594 5268 658 5323 E.
762 5257 776 5271 ’

440 5359 844 5430 Nonagesimns
880 5358 1040 5412 etiam
1092 5364 1258 5410 sextae
1288 5355 1504 5426 synodi.
1541 5355 1701 5417 Cum,
1735 5357 1935 5425 inquit,

365 5454 562 5508 diebus
591 5451 889 5509 Dominicis
918 5466 1021 5503 non
1059 5447 1431 5518 genullectere
1460 5462 1488 5501 a
1526 5446 1726 5502 divinis
1753 5447 1930 5502 Patri-

366 5549 469 5603 bus
499 5547 782 5616 jnhcmur,
819 5544 1020 5599 Chriin
1075 5542 1535 5597 resurrectionem
1575 5540 1935 5606 honorantes,

376 5646 596 5708 oportet
642 5649 766 5711 post
807 5638 1177 5706 vespertinum
1210 5633 1556 5690 sacerdotum
1585 5633 1649 5685 ad
1680 5634 1850 5687 altare
1880 5634 1933 5687 in

370 5734 610 5792 Sahbato
665 5734 994 5804 ingressum,
1028 5740 1085 5788 ut
1119 5743 1281 5785 nemo
1313 5727 1638 5797 genuﬂectal
1670 5743 1837 5798 usque
1865 5732 1928 5782 ad

2037 4527 2214 4582 ταῦθα
2254 4526 2514 4580 τελεῖται.

2040 4640 2170 4693 Ὀτι
2210 4637 2282 4692 ἐν
2328 4632 2597 4705 Κυριακῆ
2653 4631 2885 4756 scaliger?
2932 4633 3079 4701 γόνυ
3123 4626 3493 4698 εὐχομένους
3534 4626 3602 4678 οὐ

2810 4719 2883 4756 ει.

2810 4719 2883 4757 ει.

2122 4803 2179 4855 ’0
2218 4801 2275 4855 δὲ
2306 4798 2353 4854 κ’
2388 4800 2485 4869 τῆς
2514 4803 2561 4852 α’
2595 4796 2815 4850 συνόδου
2866 4793 3046 4847 κανὼν
3080 4792 3202 4844 οὐδὲ
3248 4789 3378 4857 γόνυ
3406 4788 3600 4841 κλίνειν

2039 4897 2097 4949 ὲν
2148 4893 2402 4965 κυριακῇ
2448 4890 2625 4944 οίεται
2681 4888 2825 4951 δεῖν,
2867 4884 2992 4939 οὗτε
3057 4886 3164 4953 μὴν
3223 4884 3283 4934 ὲν
3337 4883 3461 4942 ταῖς
3511 4879 3601 4947 τῆς

2041 4964 2424 5058 Πεντηκοστῆς
2463 4982 2705 5045 ἁπάσαις
2760 4980 3016 5050 ἡμέραις.
3077 4974 3189 5039 Τὰς
3231 4975 3289 5029 δὲ
3348 4973 3525 5034 αἰτίας
3576 4964 3649 5023 δ’

2045 5081 2218 5151 μέγας
2265 5075 2546 5137 Βασίλειος
2588 5075 2646 5126 ἐν
2693 5071 2770 5141 τῷ
2813 5068 2889 5134 λζ’
2946 5069 3055 5122 τῶν
3109 5070 3249 5138 πρὸς
3304 5066 3400 5118 τὸν
3450 5064 3595 5132 ἅγιον

2053 5169 2402 5242 Ἀμφιλόχιον
2430 5165 2740 5236 κεφαλαίων
2764 5162 2949 5230 σαφῶς
2969 5160 3327 5223 ἀναπτύσσει,
3345 5158 3483 5226 ὅπερ
3512 5155 3599 5208 καὶ.

2042 5264 2192 5331 ζήτει
2233 5264 2291 5315 ὲν
2316 5261 2393 5331 τῷ
2426 5259 2470 5331 β’
2498 5256 2779 5327 κεφαλαίῳ
2824 5253 2918 5308 τοῦ
2955 5253 2993 5306 Ε
3030 5251 3320 5321 στοιχείου.

2125 5358 2183 5409 '0
2221 5356 2279 5409 δὲ
2325 5359 2361 5422 ιιι
2394 5356 2492 5422 τῆς
2540 5356 2593 5416 ς’
2650 5349 2895 5413 συνόδου,
2942 5344 3205 5414 Ἐπειδὴ,
3260 5341 3437 5413 φησὶ,
3473 5340 3596 5411 πρὸς

2040 5446 2150 5521 τῶν
2181 5447 2341 5500 θείων
2394 5441 2653 5509 Πατέρων
2691 5440 2820 5507 γόνυ
2876 5439 2953 5507 μὴ
2991 5437 3197 5490 κλίνειν
3252 5436 3309 5488 ὲν
3347 5436 3469 5497 ταῖς
3497 5434 3597 5485 Κυ-

2045 5541 2259 5610 ρῖακαῖς
2288 5530 2773 5608 προστετάγμεθα,
2810 5533 2909 5600 τὴν
2935 5529 3027 5582 τοῦ
3058 5528 3299 5599 Χριστοῦ
3334 5526 3594 5592 τιμῶντες

2052 5630 2395 5691 ’Λνάστασιν,
2423 5627 2538 5679 δέον
2564 5624 2704 5694 μετὰ
2742 5622 2840 5689 τὴν
2872 5618 3015 5673 κατὰ
3049 5619 3107 5671 τὸ
3128 5617 3418 5685 ,Σέιόὅατον
3445 5617 3595 5667 ἐσπεο

2044 5723 2198 5795 ρινὴν
2227 5720 2334 5774 τῶν
2370 5717 2557 5792 ἱερέων
2608 5716 2684 5778 εἰς
2710 5715 2771 5768 τὸ
2807 5713 3193 5783 θυσιαστήριον
3244 5709 3467 5771 εἴσοδον,
3497 5724 3591 5776 μη-
