3918 6572
260 515 284 577 i
301 515 408 578 897

1224 504 1640 567 SYNTAGMA
1667 493 2287 560 ALPHABETICUM.
2334 519 2401 530 —
2437 491 2502 553 Λ.

3368 493 3507 558 1398

253 649 400 694 τινα,
428 627 564 682 ἀλλά
591 623 858 694 πρότερον
893 621 1138 690 γίνεσθαι
1180 620 1480 689 κληρικὺν,
1512 617 1607 670 καὶ
1641 615 1824 686 μένειν

1950 623 2166 678 scopum
2213 607 2449 677 aliquem
2496 605 2738 660 ordinari
2766 622 2782 671 ;
2813 607 2905 662 sed
2933 611 3019 660 ut
3064 606 3241 677 primo
3265 608 3363 663 ﬁat
3390 611 3504 664 cle-

253 723 354 775 ὲπὶ
382 725 530 792 τρεῖς
564 720 739 787 μῆνας
765 716 862 780 τὰς
891 713 1115 786 Γραφὰς
1148 713 1558 782 διδασκόμενον,
1584 708 1682 762 καὶ
1705 707 1828 769 τοὺς

256 811 440 875 θείους
478 809 750 872 κανόνας’
795 807 892 861 τὸν
935 806 995 860 δὲ
1052 806 1128 875 μὴ
1207 804 1354 857 οὕτω
1405 801 1693 870 γινόμενον
1731 801 1832 862 τῆς

255 904 570 971 ἐπισκοπῆς
619 899 1003 966 ἔκΰάλλεσθαι,
1059 898 1155 952 καὶ
1198 896 1291 949 τὸν
1373 893 1831 966 χειροτονήσαντα

257 995 356 1047 ἔτή
385 994 504 1058 ἔτος
549 993 610 1046 ἓν
649 993 748 1062 τῆς
785 991 1140 1062 λειτουργίας
1183 985 1544 1059 χωρίζεσθαι.
1591 982 1830 1055 Alexpr

256 1087 392 1158 γὰρ,
429 1087 588 1157 φησὶ,
617 1086 712 1139 καὶ
730 1084 932 1147 ίκανῶς
953 1083 1154 1150 ἄλογον
1197 1080 1292 1134 τὸν
1312 1079 1436 1143 τοὺς
1469 1078 1659 1140 ἄλλους
1683 1074 1835 1143 ὀφείο

259 1178 428 1230 λον-ια
455 1176 730 1231 διδάσκειν
766 1177 898 1245 παρ’
932 1175 1135 1244 ἐτέρων
1179 1172 1317 1242 μετά
1362 1171 1460 1242 τὴν
1488 1166 1830 1241 χειροτονίαν

252 1270 632 1324 διδάσκεσθαι.
671 1269 734 1323 Εί
797 1268 985 1339 μέντοι
1033 1285 1097 1336 γε
1142 1267 1452 1328 διδακτικὸς
1507 1264 1614 1334 εἴη,
1647 1263 1742 1317 καὶ
1771 1263 1830 1315 ὲν

257 1359 340 1430 τῷ
371 1360 542 1429 λαῖκῷ
568 1359 817 1430 τάγματι
865 1358 1292 1430 ἀριθμούμενος,
1328 1356 1423 1410 καὶ
1463 1355 1628 1426 μηδὲν
1656 1353 1830 1408 ἐλλεί-

261 1469 384 1504 πων
419 1451 525 1504 τῶν
575 1452 678 1504 ὅσα
735 1467 801 1518 γε
839 1453 922 1514 εἰς
970 1449 1242 1520 ὠφέλειαν
1300 1449 1502 1516 ἑτέρων
1540 1447 1698 1518 φέρει
1735 1444 1832 1498 καὶ

257 1543 661 1614 καταρτισμὸν,
688 1544 776 1597 ἐπ’
804 1543 969 1597 αὑτοῦ
1001 1543 1092 1596 τὸν
1117 1541 1363 1595 τοιοῦτον
1393 1541 1469 1610 μὴ
1497 1541 1832 1611 παρατηρεῖ-

261 1634 391 1688 σθαι
417 1635 608 1705 χρόνον
640 1636 673 1704 ἡ
709 1637 873 1705 πεῖρα
911 1635 1188 1706 παρέσχεν
1211 1633 1518 1687 ἀκίνδυνον.

262 1748 518 1802 ΚΕΦΑΛ.
558 1748 630 1802 [ιο.
677 1747 816 1814 Περὶ
865 1747 987 1801 τῶν
1013 1749 1099 1813 εις
1136 1745 1356 1802 danai)
1386 1746 1561 1810 τάξιν
1581 1741 1828 1813 ἐρχομέ-

369 1835 491 1870 νων
511 1818 880 1879 ἐπισκόπων,
911 1817 949 1884 ἢ
985 1816 1310 1885 κληρωτῶν,
1346 1815 1385 1883 ἣ
1419 1816 1722 1885 μοναχῶν.

333 1911 496 1980 Ζήτει
525 1910 583 1963 τὸ
611 1909 692 1977 λβ¹
722 1926 846 1978 κεφ.
875 1909 970 1963 τοῦ
998 1910 1048 1964 Κ
1085 1908 1374 1980 στοιχείου.

1933 701 2106 764 rictus,
2143 709 2197 753 et
2231 713 2324 768 per
2351 705 2468 753 tres
2498 713 2714 754 menses
2756 707 2971 754 iisaneat
3000 698 3313 770 Scripturas
3345 705 3499 774 171

1933 790 2162 856 docens,
2211 797 2270 843 et
2309 799 2530 844 sanctos
2555 803 2825 852 canones;
2877 803 3002 843 eum
3047 805 3197 854 vero,
3255 793 3350 862 qui
3387 810 3497 846 non

1931 880 2006 936 ita
2037 880 2114 945 ﬁt,
2152 879 2471 950 episcopatu
2521 878 2671 946 ejici,
2701 890 2756 934 et
2790 881 2884 948 qui
2917 896 3047 934 eum
3073 882 3372 946 ordinavit,
3406 899 3505 954 per

1932 988 2104 1028 unum
2173 988 2385 1027 annum
2439 971 2506 1026 ab
2565 971 2724 1026 altari
2783 973 3046 1028 amoveri.
3127 973 3260 1029 Nam
3323 985 3502 1046 turpe,

1931 1065 2128 1135 inquit,
2153 1072 2209 1119 et
2243 1064 2400 1118 valde
2423 1053 2725 1119 absurdum
2759 1072 2865 1129 est,
2910 1066 3086 1129 illum,
3121 1069 3212 1136 qui
3249 1069 3385 1123 alios
3410 1071 3508 1122 dos

1931 1171 2059 1212 cere
2080 1156 2278 1223 ;debet,
2312 1156 2381 1211 ab
2412 1157 2536 1211 aliis
2569 1166 2694 1226 post
2735 1157 3142 1213 ordinationem
3209 1160 3413 1216 doceri.
3447 1159 3504 1214 Si

1930 1261 2063 1302 vero
2093 1245 2169 1299 sit
2207 1253 2373 1314 aptus
2417 1247 2485 1301 ad
2531 1246 2862 1313 docendum,
2907 1257 2962 1304 et
3013 1249 3094 1301 in.
3129 1248 3269 1302 laico
3311 1248 3507 1304 ordino

1927 1350 2275 1407 numeratus,
2301 1352 2355 1397 et
2383 1341 2521 1397 nihil
2554 1356 2744 1396 eorum
2777 1342 3076 1413 relinquat,
3116 1355 3238 1410 quae
3261 1341 3330 1395 ad
3363 1341 3510 1394 utili-

1935 1445 2102 1490 tatem
2126 1443 2182 1489 et
2208 1435 2661 1489 instaurationem
2685 1434 2920 1488 aliorum
2953 1433 3288 1498 conducunt,
3317 1433 3386 1487 ab
3412 1433 3508 1486 illo

1931 1535 2142 1582 tantum
2168 1526 2430 1595 temporis
2465 1541 2572 1581 non
2605 1526 2787 1596 exigi;
2824 1526 2921 1581 sed
2948 1539 3177 1581 conatus
3201 1525 3336 1580 citra
3359 1525 3509 1595 peri-

1930 1621 2115 1674 culum
2156 1618 2357 1674 effecit.

1929 1734 2081 1789 CAP.
2148 1732 2213 1790 ll.
2278 1733 2354 1786 De
2408 1733 2667 1802 episcopis
2730 1731 2809 1785 uel
2859 1729 3067 1785 clericis
3110 1729 3189 1782 vel
3229 1728 3506 1782 monachis

2285 1805 2374 1868 qui
2406 1804 2459 1856 in
2487 1801 2612 1857 laici
2651 1802 2891 1856 ordinem
2919 1801 3154 1857 veniunt.

2001 1902 2195 1966 Quaere
2217 1901 2286 1956 52
2309 1910 2473 1970 caput
2498 1900 2711 1955 litterae
2727 1902 2798 1955 K.

259 2025 517 2081 ΚΕΦΑΛ.
556 2026 632 2081 I".
683 2025 812 2100 Ὀτι
840 2025 1003 2100 τοὺς
1052 2025 1308 2100 λαζκοὺς
1346 2023 1446 2078 ἐπὶ
1492 2025 1826 2091 ἐκκλησίας

1950 2017 2082 2075 ΖΑΡ,
2117 2017 2210 2072 ιιι.
2251 2016 2407 2083 Quod
2431 2017 2594 2071 laicos
2613 2019 2668 2072 in
2689 2017 2910 2072 ecclesia
2940 2017 3121 2100 docere
3154 2031 3257 2070 non
3281 2021 3506 2084 oportet,

767 2095 1080 2150 διδάσκειν
1109 2098 1180 2150 οὐ
1210 2095 1322 2149 δεῖ.

340 2191 500 2260 Ζὴτει
543 2189 602 2243 ὲν
633 2188 710 2260 τῷ
754 2186 800 2254 ζ’
828 2205 957 2245 atate.
1007 2187 1103 2242 τοῦ
1149 2190 1187 2241 Δ
1222 2187 1492 2258 στοιχείου
1520 2186 1723 2253 κανόνα
1755 2186 1826 2252 ξδ’

262 2281 365 2352 τῆς
397 2289 450 2347 ς’
481 2281 726 2338 συνόδου.

411 2371 662 2443 ΚΕῼᾸΔ.
697 2376 772 2427 ιν.
807 2373 948 2443 Περὶ
979 2374 1088 2443 τῆς
1110 2375 1275 2440 θείας
1297 2372 1692 2443 λειτουργίας.

342 2466 503 2537 Ζήτει
531 2468 589 2517 ἐν
621 2463 701 2535 τῷ
725 2471 770 2518 s'
795 2481 924 2534 κεφ.
957 2465 1051 2518 τοῦ
1079 2455 1122 2518 Τ
1157 2465 1450 2534 στοιχείου.

627 2559 880 2614 ΚΕΦΑΔ.
910 2557 987 2612 E'.
1017 2559 1157 2626 Περί
1187 2557 1480 2612 Λατίνων.

343 2656 508 2727 Ζήτει
557 2655 614 2706 ὲν
655 2653 734 2723 τῷ
764 2651 843 2717 λζ’
878 2668 1001 2718 κεφ.
1033 2650 1129 2704 τοῦ
1157 2653 1200 2703 Κ
1237 2651 1506 2721 στοιχείου
1539 2650 1737 2703 κανόνα
1762 2657 1836 2703 νε’

266 2751 372 2821 τῆς
407 2746 461 2811 ς’
489 2746 730 2813 συνόδου,
767 2745 860 2799 καὶ
889 2747 947 2798 ἐν
972 2742 1053 2813 τῷ
1086 2739 1153 2812 ιβ(
1183 2759 1306 2810 κεφ.
1338 2741 1430 2795 τοῦ
1461 2741 1501 2794 Ε
1535 2743 1738 2796 κανόνα
1773 2740 1836 2795 ιε’

264 2837 370 2908 τῆς
398 2842 446 2888 α’
479 2837 573 2889 καὶ
601 2836 648 2906 β’
677 2835 923 2902 συνόδου,
956 2836 1050 2889 καὶ
1078 2836 1138 2890 ιν
1163 2834 1240 2905 τῷ
1270 2841 1309 2887 ε’
1339 2851 1467 2904 imp.
1497 2834 1592 2887 τοῦ
1615 2835 1660 2888 Τ
1691 2851 1838 2888 στοι-

267 2929 422 3000 χείου
450 2928 652 2982 κανόνα
675 2925 764 2991 νς⁹
787 2927 885 2996 τῆς
914 2931 968 2990 ς’
1013 2925 1255 2992 συνόδου,
1291 2924 1386 2979 καὶ
1417 2926 1473 2978 ὲν
1497 2923 1574 2994 τῷ
1603 2922 1670 2978 ια’
1705 2941 1832 2994 κεφ.

267 3019 367 3073 τοῦ
419 3021 462 3074 E
491 3019 757 3091 στοιχείου
793 3018 998 3072 κανόνα
1027 3023 1076 3086 γ’
1107 3018 1205 3088 τῆς
1261 3016 1307 3088 β’
1339 3017 1584 3082 συνόδου,
1638 3017 1733 3072 καὶ
1775 3019 1835 3069 ὲν

268 3111 352 3183 τῷ
380 3110 420 3165 δ’
443 3129 570 3182 κεφ.
591 3109 683 3164 τοῦ
709 3111 732 3164 Ι
765 3108 1032 3180 στοιχείου
1063 3107 1271 3163 κανόνα
1291 3107 1649 3162 ἀποστολικδν
1678 3106 1833 3160 £660-

275 3222 422 3277 μηκο
431 3205 572 3260 στόν.

382 3298 632 3353 ΚΕΦΑΔ.
665 3299 759 3366 ς’.
797 3297 937 3367 Περὶ
966 3293 1212 3364 λῃστῶν
1253 3293 1722 3364 μετανοούντων.

355 3383 415 3437 '0
446 3384 620 3454 μέγας
663 3385 765 3455 τῆς
815 3384 1040 3454 Νύσσης
1090 3381 1392 3454 Γρηγὸριος
1449 3382 1508 3435 ὲν
1548 3381 1628 3452 τῷ
1658 3387 1713 3446 ς’
1743 3398 1841 3435 κα-

269 3478 387 3533 νόνι
435 3478 527 3532 τὸν
561 3479 786 3551 λῃστὴν,
843 3478 1136 3550 μεταμέλῳ
1191 3475 1560 3549 χρησάμενον,
1616 3476 1710 3528 καὶ
1750 3475 1841 3529 διὰ

276 3571 568 3640 μετανοίας
616 3573 686 3642 τῇ
745 3571 1046 3642 Ἐκκλησία
1100 3569 1584 3640 προσπεφευγότα,
1618 3566 1696 3638 τῷ
1732 3567 1841 3621 τῶν

273 3663 622 3734 ἀνδροφόνων
675 3661 986 3732 ὑπάγεσθαι
1017 3661 1232 3716 κελεύει
1282 3661 1534 3732 κρίματι.
1591 3661 1700 3714 Καὶ
1733 3658 1841 3728 γὰρ

272 3757 376 3824 τὴν
407 3756 722 3826 μιαιφονίαν
749 3756 830 3819 είς
859 3753 1201 3826 συμμαχίαν,
1229 3753 1382 3822 φησὶ,
1412 3752 1507 3806 τοῦ
1541 3749 1842 3815 σπουδαζο-

278 3847 443 3916 μὲνου
473 3846 918 3917 παραλαμϐάνει,
955 3847 1091 3919 πρὸς
1129 3846 1261 3900 αὐτὸ
1283 3845 1441 3900 τοῦτο
1482 3839 1840 3916 παρασκευα-

275 3937 526 4008 ζόμενος,
557 3940 649 3992 καὶ
677 3939 885 4005 ὅπλοις,
918 3939 1011 3992 καὶ
1053 3939 1403 4011 πολυχειρίᾳ,
1440 3939 1536 3993 καὶ
1581 3941 1690 4002 τοῖς
1721 3942 1843 3993 ἐπι-

276 4030 496 4103 καίροις
534 4032 644 4084 τῶν
669 4033 870 4087 τόπων.

347 4122 597 4176 ΚΕΦΔΛ.
624 4124 698 4176 Z'.
729 4123 870 4190 Περὶ
897 4122 1017 4176 τῶν
1058 4122 1298 4192 λῃστὰς
1333 4123 1768 4192 ἀναιρούντων.

361 4217 420 4271 '0
453 4215 525 4272 νε⁹
549 4216 647 4271 τοῦ
677 4217 914 4288 μεγάλου
939 4217 1227 4271 Βασιλείου
1255 4217 1435 4272 κανὼν
1475 4219 1602 4281 τοὺς
1622 4217 1844 4290 λῃσταῖς

275 4310 727 4377 ἀντεπεξιόντας,
763 4311 989 4375 λαῖκοὺς
1023 4311 1121 4382 μὲν
1146 4310 1330 4379 ὄντας,
1361 4311 1440 4374 είς
1472 4312 1717 4381 τριετίαν
1745 4313 1843 4381 τῆς

273 4402 566 4466 κοινωνίας
599 4403 879 4473 ἀπείργει,
910 4401 985 4465 ὥς
1027 4419 1089 4471 γε
1125 4403 1190 4473 δὴ
1219 4403 1464 4465 καὶτοὺς
1491 4403 1548 4456 ἐν
1587 4401 1846 4471 πολέμοις

275 4493 686 4564 φονεύσαντας·
721 4494 1014 4563 κληρικοὺς
1073 4493 1150 4559 δὲ,
1207 4492 1484 4562 καθαιρεῖ.
1537 4493 1652 4557 Πᾶς
1703 4487 1839 4561 γὰρ,

276 4586 468 4655 φησὶν,
503 4587 532 4639 ό
559 4583 742 4639 λαϐὼν
767 4587 1040 4656 μάχαιραν
1084 4588 1142 4638 ὲν
1172 4584 1418 4656 μαχαίρᾳ
1447 4582 1802 4638 ἀποθανεῖται
1825 4597 1840 4612 ⁶

2007 2177 2199 2244 Quaere
2223 2178 2276 2232 in
2309 2178 2340 2230 7
2368 2193 2490 2248 cap.
2528 2177 2638 2233 litt.
2676 2181 2712 2229 Δ
2745 2192 2872 2233 can.
2903 2178 2973 2232 66
3002 2193 3125 2248 syn.
3164 2177 3218 2235 6.

2150 2355 2302 2411 CAP.
2348 2355 2436 2411 iV.
2475 2355 2552 2410 De
2583 2362 2770 2408 sancta
2806 2354 3308 2410 administratione.

2006 2444 2197 2512 Quaere
2229 2446 2282 2499 in
2318 2445 2512 2515 quinto
2543 2443 2718 2512 capite
2744 2444 2936 2496 litterae
2966 2441 3031 2498 T.

2393 2536 2548 2591 CAP.
2601 2534 2670 2589 ν.
2708 2534 2783 2588 De
2822 2533 3056 2588 Latinis.

2012 2627 2207 2695 Quaere
2238 2630 2290 2684 in
2315 2628 2384 2684 57
2413 2643 2536 2698 cap.
2567 2627 2765 2683 litterae
2817 2627 2862 2680 Κ
2894 2643 3016 2683 can.
3061 2627 3134 2682 55
3159 2643 3283 2699 syn.
3319 2642 3373 2681 vn
3414 2637 3511 2682 :et

1941 2725 1998 2779 in
2043 2725 2109 2778 l2
2139 2739 2259 2794 cap.
2301 2724 2496 2777 litterae
2543 2722 2607 2776 E.
2650 2737 2774 2777 can.
2810 2724 2878 2776 15
2919 2723 3114 2788 primae
3161 2729 3217 2776 et
3259 2720 3516 2776 secundas

1939 2818 2171 2890 synodi;
2207 2826 2262 2872 et
2304 2816 2357 2870 in
2412 2815 2445 2870 5
2475 2830 2598 2885 cap.
2646 2815 2752 2870 litt.
2797 2813 2840 2868 T
2896 2829 3022 2870 can.
3057 2813 3126 2868 56
3168 2830 3292 2885 syn.
3339 2829 3431 2881 v1;
3463 2823 3519 2868 et

1941 2911 1996 2966 in
2024 2910 2084 2964 ll
2127 2925 2251 2980 cap.
2293 2909 2399 2962 litt.
2423 2908 2466 2963 E
2495 2909 2686 2967 can._3
2714 2924 2836 2978 syn.
2867 2907 2937 2973 2;
2982 2918 3038 2962 et
3076 2908 3132 2962 in
3165 2917 3350 2978 quart.
3385 2921 3514 2976 cap.

1943 3001 2052 3056 litt.
2080 2999 2100 3054 l
2128 3016 2253 3056 can.
2281 2999 2352 3056 70
2374 2999 2782 3070 apostolorum.

2014 3269 2165 3326 CAP.
2209 3269 2298 3324 Vl.
2339 3270 2415 3326 De
2443 3271 2739 3325 latronibus
2759 3269 3119 3338 pmnitentiam
3147 3266 3442 3338 agentibus.

2014 3362 2244 3434 Magnus
2285 3363 2584 3434 Gregorius
2631 3361 2916 3435 Nyssenus
2957 3361 3012 3415 in
3056 3370 3213 3416 sexto
3268 3373 3373 3416 suo
3426 3373 3520 3414 ca-

1944 3472 2089 3513 none
2139 3457 2403 3512 latronem
2433 3457 2754 3528 pmnitentia
2795 3464 3061 3518 utentem,
3090 3462 3146 3508 et
3180 3468 3276 3523 per
3327 3453 3512 3524 pinni-

1947 3547 2173 3603 tcntiam
2204 3548 2270 3603 ad
2302 3547 2606 3603 Ecclesiam
2648 3562 2958 3612 reversum,
2997 3543 3397 3600 homicidarum
3424 3544 3515 3610 ju-

1946 3640 2090 3695 dicio
2150 3640 2351 3710 subjici
2394 3639 2572 3709 jubet.
2601 3639 2815 3694 Etenim
2870 3639 3043 3694 adrid
3093 3637 3238 3709 quod
3298 3639 3518 3708 assequi

1946 3731 2149 3794 studet,
2185 3731 2385 3800 inquit,
2432 3731 2792 3785 homicidium
2834 3731 3088 3795 assumit,
3114 3730 3255 3785 adid
3292 3739 3522 3801 paratus

1945 3833 1999 3879 et
2033 3823 2228 3890 armis,
2269 3833 2324 3878 et
2364 3822 2560 3893 c0piis,
2589 3833 2643 3880 et
2665 3823 3075 3893 opportunitate
3102 3823 3231 3879 loci.

2090 4119 2242 4175 CAP.
2273 4119 2384 4174 VII.
2414 4119 2493 4174 De
2520 4120 2582 4174 iis
2622 4119 2713 4190 qui
2751 4120 2981 4175 lationes
3022 4121 3372 4189 interﬁciunt.

2018 4214 2198 4284 Magni
2250 4212 2439 4268 Basilii
2483 4214 2553 4269 55
2591 4228 2768 4269 canon
2822 4228 2918 4269 eos
2964 4214 3061 4284 qui
3117 4229 3177 4269 se
3215 4213 3519 4271 latronibus

1948 4303 2211 4360 adversos
2242 4304 2529 4375 objiciunt,
2563 4306 2609 4360 si
2646 4305 2758 4359 sint
2793 4304 3012 4374 quidem
3045 4305 3194 4370 laici,
3225 4321 3322 4376 per
3351 4307 3520 4362 trien-

1949 4395 2100 4448 nium
2126 4409 2156 4448 a
2179 4394 2569 4450 communione
2601 4405 2772 4460 arcet,
2813 4397 3052 4450 utetiam
3080 4407 3135 4450 et
3166 4397 3259 4466 qui
3290 4398 3342 4451 in
3376 4398 3519 4452 bello

1947 4485 2346 4543 interfecerunt
2377 4505 2392 4544 :
2427 4487 2474 4544 si
2502 4487 2612 4543 sint
2659 4496 2839 4544 autem
2874 4487 3078 4550 clerici,
3107 4487 3352 4557 deponit.
3393 4489 3525 4556 Qui-

1946 4595 2163 4650 cunque
2239 4580 2408 4645 enim,
2463 4581 2662 4650 inquit,
2728 4581 2972 4651 gladium
3032 4581 3286 4650 sumpsit,
3340 4582 3524 4650 gladio

279 4677 556 4747 μάχαιραν
593 4678 687 4729 καὶ⁵
734 4677 965 4731 θάνατον
1010 4675 1109 4750 τὴν
1153 4676 1474 4746 καθαίρεσιν
1525 4673 1838 4735 ἀποκαλῶν,

1950 4671 2152 4741 peribit
2190 4689 2205 4726 :
2237 4671 2479 4742 gladium
2531 4683 2585 4728 et
2616 4682 2848 4728 mortem
2886 4685 3092 4726 vocans
3114 4672 3516 4742 depositionem

275 4771 376 4824 καὶ
415 4769 516 4838 τῆν
551 4769 807 4838 στέρησιν
856 4769 965 4823 τῶν
1021 4769 1402 4838 ἁγιασμάτων.
1439 4768 1564 4831 Τοῖς
1616 4767 1726 4837 γὰρ
1784 4764 1845 4819 εὖ

277 4860 537 4932 φρονοῦσι
627 4861 1005 4933 θανατηφόροις
1069 4862 1241 4916 ταῦτα
1300 4859 1580 4931 λογίζεται
1667 4877 1846 4931 τιμω-

282 4955 395 5025 ρία.

901 5043 1066 5114 Συνή
1075 5046 1226 5101 θεια.

365 5137 522 5193 Ἀλλά
547 5155 611 5208 γε
639 5136 798 5192 τοῦτο
823 5139 1081 5209 φορτικόν
1110 5154 1253 5190 τισιν
1283 5136 1454 5203 ἔδοξε,
1487 5138 1584 5192 καὶ
1609 5136 1846 5204 κρίσεως

275 5231 443 5301 ὀρθῆς
473 5231 533 5283 οὑ
565 5231 818 5301 μέτοχον,
851 5229 970 5282 ἀντὶ
999 5228 1108 5282 τῶν
1151 5228 1424 5291 ἐπάθλων,
1467 5219 1542 5283 ὧν
1585 5227 1694 5281 ἔδει
1719 5244 1850 5294 τυγ-

278 5324 461 5392 χάνειν
481 5324 609 5388 τοὺς
638 5323 726 5378 διὰ
754 5323 850 5395 τὴν
879 5324 1086 5393 ἑτέρων
1127 5319 1641 5393 προκινδυνεύοντας
1672 5336 1849 5390 σωτη-

283 5421 444 5490 ρίαν,
509 5419 602 5470 καὶ
661 5417 749 5470 διὰ
815 5416 1048 5486 σπουδῆς
1113 5414 1432 5485 τιθεμένους
1501 5411 1848 5482 ἐκκαθαίρειν

278 5513 407 5576 τοὺς
465 5511 662 5573 τόπους
699 5510 798 5578 τῆς
847 5508 955 5561 τῶν
1005 5509 1220 5580 λῃστῶν
1271 5504 1554 5576 ἐπηρείας,
1628 5503 1849 5567 τούτους

279 5601 574 5671 ἐπιτιμίοις
618 5598 1160 5654 καθυποὸάλλεσθαι·
1217 5597 1277 5650 οὑ
1345 5597 1506 5666 μόνον
1567 5596 1644 5660 δὲ,
1713 5594 1847 5647 ἀλλὰ

279 5694 377 5748 καὶ⁵
413 5695 539 5757 τοὺς
574 5692 1027 5762 ἀνθισταμένους,
1056 5690 1142 5742 ἵνα
1195 5685 1271 5759 μὴ
1303 5686 1672 5752 ἀποθάνωσιν,
1709 5686 1850 5740 ὲκεί-

277 5803 384 5840 νων
443 5786 816 5855 ὲπιθεμένων⁶
861 5783 921 5837 τὸ
968 5785 1097 5852 γὰρ,
1157 5781 1270 5844 Πᾶς
1303 5782 1360 5835 ,ὁ
1402 5778 1580 5832 λαϐὼν
1648 5780 1848 5849 μάχαι-

249 5894 402 5947 -ραν,
458 5878 554 5946 οὐχ
608 5876 806 5946 ἥκιστα
867 5876 980 5936 τοῖς
1034 5874 1258 5945 λῃσταῖς
1323 5871 1618 5941 ἀρμόσειεν
1677 5870 1742 5923 ἂν
1813 5871 1845 5941 ἢ

279 5972 393 6032 τοῖς
418 5969 615 6032 αὐτοὺς
643 5966 1147 6040 διαχειριζομένοις.
1168 5965 1310 6018 Ἀλλ’
1336 5966 1430 6018 ἐπὶ
1451 5961 1546 6016 τοῦ
1577 5964 1845 6033 πατριάρ-

1951 4772 2006 4816 et
2041 4771 2524 4820 sacramentorum
2553 4764 2942 4834 privationem.
2982 4764 3068 4819 Ab
3096 4764 3164 4818 iis
3216 4765 3387 4826 enim,
3424 4764 3520 4833 qui

1950 4856 2190 4924 sapiunt,
2232 4856 2348 4910 hinc
2403 4853 2753 4910 mortiferum
2792 4854 2949 4924 172
2978 4853 3307 4924 supplicium
3339 4853 3526 4906 existi-

1951 4955 2196 5003 mantur.

2210 5033 2216 5041 ’
2561 5034 2922 5092 Consuetudo.

2020 5128 2139 5185 Hoc
2184 5137 2367 5184 autem
2401 5128 2729 5199 quibusdam
2781 5130 2980 5182 durum
3023 5127 3259 5195 videtur,
3295 5136 3350 5182 et
3386 5129 3522 5181 recti

1947 5220 2141 5291 iudicii
2186 5237 2293 5276 non
2336 5222 2630 5291 particeps,
2663 5220 2785 5276 loco
2809 5220 3187 5290 praemiorum,
3222 5235 3344 5289 qua:
3385 5234 3522 5273 cnn-

1952 5315 2106 5385 sequi
2132 5315 2331 5368 debent
2364 5315 2462 5377 illi,
2497 5316 2591 5384 qui
2621 5315 2691 5368 ob
2745 5314 2980 5368 aliorum
3023 5313 3254 5367 salutem
3294 5311 3346 5364 in
3376 5311 3523 5380 peri-

1952 5407 2136 5462 culum
2173 5407 2417 5471 veniunt,
2447 5415 2500 5460 et
2542 5407 2694 5461 locos
2737 5406 3048 5460 latronibus
3087 5404 3371 5459 infestatos
3397 5405 3526 5458 dili-

1953 5510 2142 5569 genter
2168 5514 2471 5568 expurgare
2502 5498 2747 5564 student,
2787 5500 2911 5556 illos
2938 5498 3118 5569 poenis
3149 5497 3383 5564 subjici;
3421 5512 3522 5552 ncc

1952 5593 2081 5648 illud
2106 5594 2507 5658 solum,verum
2528 5594 2691 5647 etiam
2720 5603 2774 5648 et
2796 5593 2833 5647 ii
2866 5592 2958 5662 qui
2987 5590 3093 5646 illis
3113 5591 3519 5660 ingruentibus,

1951 5698 2022 5738 ne
2048 5684 2504 5748 interﬁcerentur,
2525 5698 2646 5738 sese
2668 5691 2858 5737 contra
2874 5681 3160 5750 objiciunt.
3182 5681 3316 5735 illud
3342 5682 3485 5735 enim
3507 5700 3518 5735 :

1952 5776 2274 5845 Quicunque
2292 5777 2526 5846 gladium
2551 5775 2853 5838 strinxerit,
2879 5774 3115 5829 maxime
3133 5773 3436 5828 latronibus
3455 5775 3525 5826 si-

1955 5869 2102 5924 milis
2126 5877 2232 5933 est,
2263 5868 2344 5922 vel
2379 5865 2836 5922 interﬁcientibus
2860 5865 3006 5920 illos.
3035 5863 3304 5933 Tempore
3339 5877 3521 5917 autem

1957 5959 2278 6029 patriarchae
2335 5956 2847 6036 Constantinopolis
2907 5955 3182 6011 Chliareni
3223 5955 3521 6024 quaesitum
