4106 6204
219 342 3690 378 M

219 359 1743 378 ____________________,7

1548 550 1745 700 AD
1848 548 2338 697 OPERA

274 874 1248 1111 unum:
1391 863 2234 1052 eam:
2386 862 3620 1050 DAMIANI

976 1202 2953 1425 PBOLEGOMENA.

1740 1571 2154 1585 ψ

810 1749 1564 1841 ADMONI-TIO
1650 1747 2516 1835 TYPOGRAPHI
2614 1750 3099 1837 VENETl

1432 1945 1812 2007 EDITIONIS
1849 1944 2033 2004 ANNI
2070 1944 2479 2005 MDCCXLIII.

286 2317 331 2377 Ι.
362 2317 511 2376 Cum
556 2331 631 2375 ex
670 2313 905 2374 Venetis
939 2292 1120 2390 prelis
1157 2313 1340 2372 multa
1377 2310 1649 2370 Ecclesiae
1686 2308 2155 2384 PatrumAapud
2196 2310 2511 2385 IEgydium
2546 2311 2825 2385 Tompere
2861 2328 3017 2373 anno
3072 2314 3205 2375 1663
3242 2316 3434 2376 denuo
3478 2333 3700 2379 recusa.

217 2409 397 2483 Opera
430 2407 496 2464 in
554 2406 742 2464 lucem
793 2404 1071 2464 hactenus
1116 2404 1266 2463 edita
1319 2402 1456 2473 sint,
1501 2406 1557 2460 et
1598 2399 1713 2458 alia
1748 2415 1923 2474 prope

2075 2399 2151 2457 II.
2186 2400 2276 2457 Ad
2308 2400 2518 2458 harum
2546 2400 2864 2460 editionum
2896 2419 3160 2463 normam
3187 2405 3477 2478 publicam
3516 2408 3704 2467 lucem

218 2497 371 2556 diem
399 2496 513 2554 sint
538 2494 779 2565 edenda,
804 2508 993 2568 operae
1032 2492 1281 2567 pretium
1312 2490 1463 2550 duxi
1499 2488 1697 2564 aliqua
1736 2504 1767 2546 e
1795 2503 1925 2546 meo
2003 2487 2207 2562 aspicit
2254 2494 2310 2547 et
2349 2504 2497 2559 mea,
2535 2504 2669 2562 quae
2712 2491 2979 2550 omnium
3014 2493 3234 2567 judicio
3279 2509 3346 2552 eo
3391 2498 3707 2555 accuratior

221 2586 390 2645 etiam
432 2581 810 2657 typographio
849 2579 1069 2656 publici
1101 2579 1256 2654 juris
1296 2581 1509 2651 facere;
1546 2576 1924 2652 primumque
2005 2577 2135 2648 erit,
2164 2593 2280 2652 quo
2305 2583 2360 2636 et
2385 2594 2461 2636 ex
2489 2584 2753 2652 utraque,
2775 2578 3035 2639 Romana
3061 2597 3270 2656 nempe
3296 2588 3353 2641 et
3373 2582 3705 2653 Parisiensi,

224 2673 339 2730 divi
370 2671 522 2730 Petri
552 2669 819 2729 Damiani
857 2668 1064 2741 scripta
1105 2668 1311 2740 delegi,
1351 2668 1590 2726 fortasse
1628 2679 1924 2723 sacrarum
2009 2668 2364 2740 conficietur,
2413 2674 2469 2726 et
2521 2669 2715 2742 plures
2758 2670 2996 2745 insuper
3046 2672 3368 2732 additiones
3410 2674 3706 2749 suscipiet.

226 2762 545 2819 litterarum
584 2756 856 2817 studiosis
898 2756 1167 2831 gratiora,
1221 2762 1415 2829 utpote
1466 2753 1802 2813 doctissimi-
1837 2753 1928 2811 di-

226 2846 643 2919 sertissimique
670 2844 804 2913 viri,
836 2844 938 2918 qui
966 2843 1165 2903 saeculi
1194 2843 1287 2902 sui
1318 2841 1485 2900 facile
1513 2840 1781 2915 princeps
1797 2841 1932 2913 jure

227 2934 298 2991 sit
325 2933 665 2992 censendus.
692 2932 967 2992 Omnium
998 2933 1239 3007 primus,
1273 2931 1377 3005 qui
1406 2946 1524 2989 non
1553 2931 1770 3004 absque
1791 2945 1933 2988 cura

226 3029 281 3079 et
307 3023 517 3080 sudore
548 3023 674 3081 1]ch
701 3023 882 3081 sancti
912 3021 1067 3080 Petri
1096 3020 1277 3094 Opera
1307 3020 1369 3078 in
1396 3035 1581 3078 unum
1612 3020 1778 3092 quasi
1802 3036 1928 3079 cor-

230 3128 342 3185 pus
385 3111 694 3184 collegerit,
736 3118 793 3170 et
837 3111 901 3169 in
932 3117 1182 3185 quatuor
1218 3109 1578 3169 distribuerit
1608 3110 1930 3181 volumina,

228 3201 343 3260 fuit
372 3201 463 3259 vir
486 3201 845 3260 clarissimus
870 3203 939 3260 D.
969 3199 1383 3260 Constantinus
1410 3200 1788 3283 Cajetanuse
1821 3198 1931 3275 Sy-

228 3305 464 3360 racusa,
519 3289 698 3348 abbas
765 3289 1226 3364 congregationis
1302 3286 1634 3348 Casinensis
1711 3288 1934 3347 ordinis

229 3376 292 3436 S.
330 3375 651 3448 Benedicti,
697 3377 799 3450 qui
846 3377 1090 3436 Romam
1133 3376 1204 3435 ad
1246 3377 1404 3435 hunc
1446 3375 1701 3436 laborem
1742 3376 1937 3435 acrius

226 3467 694 3542 promovendum
722 3483 756 3526 a
790 3468 1080 3527 Clemente
1121 3465 1258 3526 VIII
1296 3481 1526 3525 summo
1554 3466 1825 3536 pontifice
1853 3471 1940 3524 est

228 3558 562 3629 accersitus,
587 3563 653 3615 ut
690 3562 928 3615 testatur
964 3554 1184 3616 Paulus
1221 3571 1366 3630 papa
1396 3555 1468 3624 V,
1504 3554 1573 3613 ‘P.
1614 3554 1693 3613 M.
1731 3570 1835 3614 sua
1877 3554 1941 3611 in

2012 2758 2345 2821 Enimvero.
2371 2764 2437 2817 ut
2466 2757 2806 2841 singulatim
2830 2758 2900 2816 de
2929 2774 3280 2834 unoquoque
3308 2767 3462 2820 tomo
3488 2762 3709 2837 loquar,

2012 2852 2139 2920 post
2160 2844 2415 2919 Cajetani
2441 2845 2513 2903 ad
2536 2843 2784 2903 Paulum
2813 2844 2879 2915 V,
2906 2844 2968 2903 P.
2997 2845 3072 2905 M.
3104 2847 3425 2920 epistolam,
3453 2856 3518 2908 ut
3538 2867 3716 2925 supra

2013 2932 2234 2992 dictum
2277 2940 2381 3002 est,
2414 2949 2479 2990 ac
2512 2933 2771 3007 ejusdem
2802 2933 3088 3007 pontiﬁcis
3127 2937 3579 3008 responsionem,
3611 2955 3715 2998 ex-

2015 3024 2248 3083 hibetur
2294 3024 2626 3083 Dissertatio
2679 3023 2788 3081 viri
2823 3024 2991 3096 longe
3029 3025 3385 3084 celeberrimi
3434 3028 3718 3088 Guidonis

2015 3111 2257 3172 Grandii
2294 3116 2371 3168 De
2417 3116 2667 3168 instituto
2717 3113 3122 3169 Camaldulensi
3166 3116 3226 3171 S.
3266 3118 3417 3171 Petri
3457 3121 3721 3174 Damiani

2014 3202 2190 3261 Lucae
2233 3200 2465 3274 vulgata
2510 3215 2666 3258 anno
2712 3200 2870 3271 1707,
2914 3200 3066 3274 typis
3112 3201 3544 3276 Marescandoli,
3582 3221 3719 3264 cum
3814 3207 3823 3216 '

2015 3289 2148 3347 aliis
2190 3289 2376 3348 tribus
2423 3291 2910 3346 Dissertationibus
2968 3291 3504 3361 Camaldulensibus;
3553 3294 3720 3353 inde-

2018 3393 2133 3450 que
2189 3379 2615 3435 Commentarius
2654 3381 2897 3451 praevius
2939 3381 3014 3434 ad
3069 3382 3256 3438 Vitam
3308 3383 3369 3438 S.
3412 3384 3561 3438 Petri
3604 3386 3722 3438 Da-

2018 3470 2195 3524 miani
2242 3467 2621 3526 concinnatus
2674 3484 2709 3524 a
2751 3466 3062 3526 Godefrido
3092 3468 3463 3528 Henschenio
3494 3469 3554 3529 S.
3583 3471 3634 3529 J.
3667 3479 3724 3530 et

2019 3554 2142 3628 jam
2185 3555 2249 3614 in
2292 3554 2611 3613 Februario
2660 3554 3040 3615 Bollandiano
3083 3557 3290 3628 editus,
3320 3574 3439 3616 una
3470 3563 3605 3617 cum
3630 3559 3726 3617 ad-

227 3648 490 3723 epistola,
523 3647 1021 3723 quaeellomana,
1038 3647 1150 3707 ubi
1184 3652 1412 3705 tantum
1433 3651 1642 3715 exstat,
1665 3643 2420 3730 editione,Bnotationibus
2464 3642 2722 3716 ejusdem
2777 3643 2849 3701 ad
2899 3644 3083 3716 ipsius
3142 3644 3200 3703 S.
3258 3645 3409 3703 Petri
3454 3645 3644 3706 Vitam
3694 3665 3728 3706 a

233 3737 332 3794 hic
378 3736 708 3795 exhibetur.
762 3734 1020 3805 Quatuor
1063 3737 1190 3794 hac
1233 3734 1558 3805 volumina,
1588 3748 1691 3791 seu
1745 3733 1942 3806 potius
2026 3733 2086 3794 S.
2119 3734 2345 3793 Joanne
2380 3733 2674 3791 Laudensi
2707 3735 3113 3808 conscriptam.
3142 3735 3280 3795 Mox
3306 3736 3571 3812 sequitur
3605 3738 3727 3813 ipsa

234 3826 405 3897 tomi,
434 3841 551 3884 non
579 3826 788 3884 iisdem
820 3825 971 3898 typis
1016 3841 1083 3884 ac
1118 3831 1371 3898 tempore
1410 3824 1601 3883 lucem
1635 3838 1940 3897 aspexere.

233 3914 404 3974 Prior
431 3914 589 3972 enim
617 3922 831 3985 tomus,
858 3912 961 3987 qui
1002 3915 1375 3986 Epistolarum
1415 3914 1583 3969 libros
1629 3917 1743 3968 octo
1785 3926 1944 3970 com-

232 4004 526 4078 plectitur,
578 4003 767 4062 editus
814 4002 929 4060 fuit
962 4017 1116 4060 anno
1159 4000 1295 4061 1606
1348 4017 1423 4059 ex
1460 3998 1686 4074 Aloysii
1722 3999 1945 4059 Zanetti

237 4094 639 4169 typographia.
704 4095 881 4152 Anno
942 4091 1080 4149 inde
1137 4090 1273 4150 1608
1330 4091 1541 4164 prodiit
1596 4089 1744 4148 alter
1798 4089 1950 4164 typis

234 4184 541 4244 Guillelmi
569 4182 837 4253 Faccioti,
864 4198 932 4241 ac
954 4185 1235 4241 Sermones
1260 4184 1326 4238 de
1354 4185 1579 4246 sanctis,
1612 4186 1948 4238 sanctorum-

238 4290 345 4343 que
395 4277 673 4330 Historias
722 4272 1178 4348 comprehendit.
1218 4272 1448 4332 Tertius
1495 4287 1633 4331 vero
1670 4269 1952 4329 Mascardi

242 4359 424 4432 prelis
473 4378 627 4421 anno
692 4360 829 4419 1615
874 4362 1193 4435 impressus
1248 4361 1360 4420 fuit
1406 4360 1470 4418 in
1530 4373 1646 4434 quo
1688 4362 1950 4424 Moralia,

245 4451 590 4519 Theologica,
655 4468 720 4507 ac
780 4452 1118 4508 diversorum
1183 4457 1622 4522 argumentorum
1682 4453 1957 4522 Opuscula

237 4537 638 4600 continentur.
699 4540 786 4598 Ac
834 4540 1086 4613 denique
1140 4548 1465 4615 postremus
1519 4556 1672 4599 anno
1731 4545 1957 4598 tantum

243 4628 388 4686 1640
405 4627 559 4702 juris
602 4629 823 4701 publici
860 4630 973 4690 fuit
1019 4631 1203 4689 factus
1239 4631 1451 4706 pariter
1479 4630 1702 4701 Romae,
1735 4630 1882 4689 sicut
1904 4636 1959 4688 et

246 4722 369 4773 tres
394 4716 511 4786 alii,
538 4733 604 4775 ac
636 4721 768 4790 pias
796 4721 1065 4791 quasdam
1093 4724 1383 4784 orationes,
1429 4726 1479 4777 et
1517 4723 1724 4776 diuersi
1748 4722 1960 4789 generis

237 4811 426 4860 metra
464 4810 510 4860 et
549 4808 830 4875 rhythmos
871 4807 1088 4881 profert
1136 4816 1312 4881 atque
1356 4808 1590 4868 Urbano
1624 4808 1756 4867 VIII
1799 4815 1957 4882 pont.

2027 3822 2199 3893 Vita;
2231 3830 2286 3880 et
2328 3828 2522 3896 postea
2570 3822 2749 3880 series
2787 3824 3248 3884 testimoniorum
3284 3831 3409 3884 tum
3442 3832 3729 3897 veterum,

2014 3924 2161 3989 cum
2198 3910 2586 3970 recentiorum
2627 3918 2927 3970 auctorum
2970 3912 3253 3972 concinne
3287 3912 3522 3972 collecta
3553 3931 3587 3973 a
3622 3915 3731 3973 Ca-

2025 3999 2241 4074 jetano.
2273 3996 2398 4067 Quo
2436 3997 2562 4057 loco
2599 3998 2784 4057 obiter
2814 4000 3213 4060 animadverto
3261 4001 3319 4060 S.
3353 4001 3589 4062 Petrum
3614 4007 3732 4059 Da—

2030 4091 2225 4153 miani,
2283 4103 2452 4163 teque
2500 4094 2671 4162 atque
2721 4092 3051 4146 Damianum
3103 4105 3268 4164 posse
3318 4091 3619 4166 appellari,
3671 4098 3736 4152 ut

2036 4178 2377 4238 Sirmondus
2430 4178 2492 4235 in
2542 4181 2669 4251 ejus
2722 4181 3094 4238 Antirrethico
3130 4181 3176 4251 Ι,
3219 4197 3276 4255 p.
3306 4195 3370 4254 II,
3395 4200 3516 4258 cap.
3546 4186 3602 4252 6.
3632 4184 3735 4243 ad-

2033 4286 2237 4329 versus
2267 4269 2500 4329 Petrum
2525 4270 2836 4329 Aurelium
2866 4278 3204 4347 propugnat.
3246 4273 3495 4334 Demum
3523 4274 3736 4348 episto-

2037 4361 2109 4419 lae
2135 4362 2275 4435 ipsa:
2306 4360 2487 4418 sancti
2529 4360 2712 4419 Patris
2748 4368 3040 4435 apparent,
3071 4379 3206 4438 qua)
3243 4365 3514 4423 eumdem
3548 4371 3743 4424 tenent

2037 4448 2326 4518 ordinem,
2354 4464 2530 4522 quem
2567 4448 2686 4507 illis
2738 4450 2895 4508 dedit
2943 4450 3269 4525 Cajetanus,
3322 4454 3558 4513 fortasse
3604 4454 3742 4528 quia

2040 4538 2124 4595 sic
2168 4536 2472 4611 dispositas
2509 4537 2735 4595 invenit
2762 4538 2823 4594 in
2868 4554 3003 4596 mss.
3038 4539 3351 4612 codicibus,
3385 4556 3519 4601 cum
3551 4547 3743 4600 tamen

2043 4628 2340 4687 fatendum
2364 4627 2439 4685 sit
2478 4634 2803 4702 temporum
2846 4629 3126 4688 rationem
3163 4630 3225 4688 in
3265 4631 3339 4689 iis
3369 4632 3611 4690 minime
3639 4632 3740 4690 ob-

2045 4719 2282 4778 servari.
2337 4717 2473 4776 Pars
2525 4717 2780 4792 epistolae
2822 4718 2904 4788 12,
2940 4717 3039 4775 lib.
3070 4731 3110 4790 Ι,
3142 4735 3270 4793 pag.
3305 4720 3357 4789 6,
3386 4721 3457 4778 ad
3488 4719 3743 4778 Alexan-

2046 4810 2217 4869 drum
2241 4810 2295 4867 ΙΙ
2324 4811 2572 4883 scriptae,
2604 4825 2722 4868 non
2768 4810 2947 4868 semel
3000 4809 3186 4868 lucem
3225 4811 3450 4884 aspexit
3496 4813 3605 4870 sub
3640 4828 3745 4869 cu-

234 4906 413 4950 max.
468 4891 686 4966 abipso
733 4894 1003 4968 Cajetano
1041 4897 1355 4971 inscriptus
1410 4897 1542 4956 fuit.
1596 4898 1771 4956 Anno
1827 4896 1965 4955 1610
2043 4896 2273 4968 jusdam
2303 4897 2569 4972 opusculi
2596 4897 2762 4956 titulo
2783 4902 2861 4954 De
2879 4902 3461 4972 correctioneepiscopi
3491 4907 3541 4957 et
3564 4918 3743 4974 papa,

236 4986 455 5085 tomus.
505 4982 754 5085 primus,
802 4986 903 5084 qui
964 4986 1241 5085 epistolas
1304 4987 1576 5085 continet,
1634 5002 1707 5046 ex
1733 4987 2105 5085 oﬁicinacet
2141 4983 2432 5085 praecipue
2476 4985 2627 5058 apud
2668 4984 3006 5044 Goldastum
3060 4987 3119 5044 in
3167 4994 3304 5085 tom.
3336 4987 3389 5045 II
3422 4991 3589 5058 (alias
3618 4988 3747 5059 Ill),

231 5066 577 5128 Nivelliana
637 5071 890 5132 Lutetia)
958 5075 1311 5134 Parisiorum
1375 5075 1440 5133 in
1495 5075 1683 5133 lucem
1750 5073 1962 5148 prodiit

230 5155 405 5230 apud
476 5156 884 5220 Sebastianum
957 5163 1279 5237 Cramoisy,
1339 5163 1448 5222 sub
1508 5164 1699 5238 quarti
1751 5164 1955 5223 forma.

227 5248 426 5305 Anno
456 5247 594 5307 1623
623 5250 900 5326 Lugduni
933 5259 1046 5312 tres
1068 5254 1242 5327 primi
1274 5254 1414 5313 tomi
1436 5254 1498 5312 in
1529 5253 1668 5312 folio
1694 5253 1961 5329 impressi

230 5334 511 5407 fuerunt,
547 5336 619 5395 de
649 5354 765 5412 qua
810 5340 1064 5400 editione
1103 5342 1362 5418 loquitur
1400 5341 1670 5401 Labbeus
1714 5348 1850 5402 tom.
1883 5343 1958 5414 II,

228 5436 386 5497 pag.
428 5422 551 5482 201.
582 5430 660 5484 At
692 5428 970 5489 universa
1010 5430 1070 5490 S.
1103 5430 1257 5490 Petri
1295 5430 1480 5505 Opera
1517 5437 1765 5505 quatuor
1793 5432 1965 5491 tomis

226 5510 527 5570 distincta
582 5513 819 5575 Parisiis
873 5517 1030 5591 apud
1093 5517 1364 5579 Carolum
1421 5518 1751 5580 Chostelain
1809 5536 1964 5580 anno

237 5598 399 5660 1642
423 5599 579 5661 edita
607 5602 844 5665 fuerunt
873 5625 887 5663 :
917 5614 974 5666 et
1023 5606 1263 5670 demum
1301 5608 1513 5669 iisdem
1548 5609 1735 5668 forma
1756 5616 1813 5668 et
1841 5610 1965 5669 loco

565 5720 824 5784 PATROL.
858 5723 1107 5788 CXLIV.

312 5792 807 6164 tsi-“3“.
931 6060 936 6065 -

2045 5090 2170 5149 pag.
2201 5075 2292 5146 42,
2323 5078 2400 5131 De
2424 5078 2739 5131 monarchia
2766 5079 3005 5148 imperii,
3038 5083 3102 5134 ut
3130 5075 3365 5135 adnotat
3391 5078 3462 5136 cl.
3494 5077 3749 5136 Joannes

2043 5162 2318 5221 Albertus
2363 5163 2662 5222 Fabricius
2708 5164 2769 5221 in
2813 5166 3148 5221 Bibliotheca
3199 5168 3400 5221 Latina
3456 5167 3647 5221 medix
3701 5170 3753 5220 et

2045 5256 2245 5324 inﬁma
2294 5256 2497 5317 aetatis,
2558 5252 2709 5311 edita
2761 5251 3083 5327 Hamburgi
3135 5268 3293 5313 anno
3356 5254 3512 5313 1731.
3569 5253 3629 5313 Si
3684 5269 3754 5310 ea

2045 5358 2176 5417 pars
2202 5342 2460 5418 epistola:
2486 5341 2685 5400 eadem
2723 5341 2797 5399 sit
2826 5356 2960 5401 cum
2982 5342 3284 5414 opusculo,
3315 5344 3527 5402 frudra
3553 5342 3757 5400 asserit

2045 5428 2272 5488 Caveus
2308 5430 2461 5487 inter
2488 5426 2755 5486 Damiani
2791 5427 2975 5502 Opera
3012 5430 3122 5488 hoc
3150 5429 3495 5503 opusculum
3528 5428 3756 5487 deside-

2047 5518 2183 5588 rari,
2222 5533 2291 5577 ac
2329 5532 2630 5592 perperam
2667 5517 2841 5576 etiam
2885 5526 3143 5590 arguunt
3184 5518 3558 5588 Posseviuus,
3600 5518 3759 5575 Lah-

2048 5608 2216 5681 beus,
2243 5613 2301 5666 et
2335 5606 2555 5667 Natalis
2587 5605 2924 5667 Alexander
2953 5608 3027 5667 ab
3066 5608 3356 5667 haereticis
3401 5609 3550 5668 illud
3585 5608 3762 5666 fuisse

3452 5724 3478 5783 1
