4106 6204
289 281 348 337 11
692 276 697 281 ’
1198 278 1256 337 S.
1298 276 1590 337 PE'I‘RUS
1632 276 2023 338 DAMIANUS
2064 276 2124 338 S.
2164 277 2236 337 R.
2278 279 2343 337 Ε.
2388 279 2867 343 CARDINALIS.
3717 284 3781 343 12

282 404 667 477 suppositum.
713 401 1173 477 Quamplurimaa
1220 418 1296 462 ex
1337 403 1543 462 iisdem
1580 402 1855 477 epistolis,
1890 409 1984 462 ut-
2005 401 2065 464 A
2152 402 2238 461 15.
2263 408 2326 461 In
2348 409 2488 474 festo
2514 410 2573 464 S.
2607 410 2826 466 Nicolai
2846 407 2939 466 die
2966 408 2999 466 6
3031 408 3381 469 Decembris.

280 497 411 565 pote
455 489 815 564 prolixiores,
865 490 959 547 vel
1022 490 1253 564 majoris
1296 484 1600 561 momenti,
1653 489 1712 548 in
1767 497 1986 549 tomum

282 578 514 637 tertium
573 578 799 653 rejects:
852 579 1094 637 fuerunt
1140 580 1251 638 sub
1297 583 1677 652 opusculorum
1714 581 1985 653 nomine;

283 674 554 737 attamen,
590 683 663 725 ne
699 669 1100 726 confusionem
1141 669 1266 726 haec
1305 669 1547 726 semotio
1580 668 1886 742 ingereret,
1917 671 1988 728 ad

280 759 403 819 loca
432 775 556 830 sua,
575 758 677 819 ubi
701 765 926 817 exstare
950 759 1242 829 deberent,
1270 766 1704 833 praemonentur
1727 761 1986 833 lectores,

282 853 339 906 et
366 847 709 921 indigitatur
740 848 901 906 locus
945 846 1044 905 ubi
1088 863 1183 904 eas
1228 854 1512 923 quaerant.
1543 849 1836 908 Postrema
1863 849 1987 922 epi-

281 938 450 1009 stola,
479 952 659 1011 quam
698 937 967 994 morienti
1014 935 1241 994 cuidam
1276 937 1342 996 D.
1382 934 1588 997 Petr’us
1627 939 1985 1010 conscripsit,

282 1028 537 1088 Ecclesia
563 1030 884 1087 etiamnum
912 1029 973 1086 in
1011 1031 1228 1085 Rituali
1259 1034 1500 1088 Romano
1532 1046 1633 1103 pro
1662 1030 1827 1088 tertia
1856 1043 1987 1087 ora-

284 1119 437 1177 tione
482 1120 545 1177 in
594 1118 970 1177 morientium
1009 1118 1222 1177 animae
1253 1119 1752 1177 commendatione
1779 1119 1985 1190 utitur,

281 1212 349 1267 ut
376 1208 841 1266 animadvertunt
869 1207 1164 1266 Gavantus
1191 1208 1253 1266 in
1282 1210 1451 1265 Rubr.
1482 1211 1751 1272 Missalis,
1780 1214 1831 1264 et
1854 1211 1987 1264 Bre-

281 1302 450 1354 viarii
498 1301 732 1356 Romani
778 1302 912 1355 seet.
957 1297 1012 1368 9,
1062 1313 1191 1381 cap.
1221 1300 1273 1369 5,
1315 1314 1482 1358 num.
1515 1299 1570 1370 4,
1601 1304 1657 1355 et
1700 1297 1988 1356 Baruﬂ'al-

279 1392 391 1450 dus
442 1390 501 1448 in
554 1392 945 1449 Commentario
1001 1390 1075 1445 ad
1127 1392 1345 1447 Ritual.
1404 1395 1630 1447 Roman.
1682 1388 1988 1462 Cajetanus

279 1497 408 1541 eam
450 1480 630 1539 edidit
673 1480 839 1539 initio
884 1479 1025 1539 tomi
1069 1480 1220 1538 tertii
1264 1479 1547 1553 Operum;
1587 1495 1653 1537 ac
1690 1479 1752 1536 in
1791 1478 1988 1537 Nive]-

278 1570 434 1629 liana
485 1570 738 1629 editione
817 1569 1191 1644 epistolamm
1266 1569 1532 1628 Damiani
1606 1568 1984 1643 desideratur,

279 1661 419 1734 quia
478 1659 680 1719 tertius
725 1657 992 1718 laudatus
1034 1664 1223 1717 tomus
1269 1658 1503 1731 publica
1550 1658 1679 1716 luce
1725 1657 1987 1716 nondum

2156 494 2238 553 16.
2267 499 2333 551 In
2383 500 2595 566 Vigilia
2642 501 2970 557 Nativitatis
3016 504 3234 557 Domini
3272 500 3367 559 die
3395 501 3464 560 24
3494 501 3775 575 ejusdem.

2077 582 2152 642 Hi
2193 589 2443 658 quatuor
2488 587 2757 660 postremi
2799 603 3092 647 sermones
3130 589 3473 649 inseruntur
3509 590 3781 664 operibus

2077 675 2199 732 divi
2244 674 2521 735 Bernardi
2565 678 2629 735 in
2666 678 2921 751 antiquis
2966 678 3347 751 editionibus;
3377 695 3627 753 quorum
3658 680 3780 751 pri-

2076 782 2229 838 mus,
2262 782 2471 841 nempe
2508 766 2607 825 ille
2635 768 2694 826 S.
2727 766 2983 837 Martini,
3019 784 3341 844 numquam
3368 769 3579 827 ascribi
3616 775 3777 843 pote-

2079 863 2164 916 rat
2211 858 2376 916 Petro
2413 857 2701 931 Damiani,
2743 859 2839 917 sed
2876 860 3103 918 nomini
3130 858 3294 918 Gallo
3331 858 3435 933 qui
3483 874 3545 917 se
3590 856 3778 931 prodit

2076 949 2233 1007 hisce
2256 948 2449 1007 verbis
2479 969 2493 1006 :
2529 951 2822 1007 Clementia
2852 950 3167 1005 divinitatis
3195 955 3247 1005 et
3280 951 3498 1019 regibus
3537 955 3587 1005 et
3613 964 3776 1018 regno

2076 1045 2257 1097 nostro
2283 1041 2529 1112 providit
2557 1042 2998 1107 misericorditer,
3029 1046 3135 1098 etc.

2150 1128 2329 1186 17.In
2372 1132 2679 1187 Nativitate
2731 1133 2968 1188 Domini.
3023 1130 3333 1203 Gajetanus
3381 1130 3544 1189 hunc
3594 1127 3777 1187 nostri

2075 1216 2229 1276 Petri
2258 1217 2526 1277 Damiani
2551 1233 2879 1276 sermonem
2905 1234 3020 1277 non
3062 1219 3239 1277 fuisse
3276 1221 3535 1293 agnovit,
3560 1218 3655 1279 cui
3690 1224 3773 1276 ta-

2075 1322 2209 1366 men
2261 1307 2605 1367 tribuendus
2635 1314 2784 1366 esset
2820 1306 3146 1381 ignoravit;
3178 1307 3567 1367 nihilominus
3597 1307 3776 1367 dubio

2073 1396 2273 1471 procul
2297 1396 2535 1456 Nicolao
2564 1396 2994 1456 Clareevallensi
3019 1404 3104 1455 est
3148 1397 3593 1470 adjudicandus.

2147 1487 2233 1546 18.
2291 1492 2356 1545 In
2411 1492 2551 1558 festo
2605 1492 2664 1548 S.
2729 1491 3014 1561 Stephani,
3056 1486 3148 1546 die
3178 1488 3248 1546 26
3300 1484 3672 1560 Septembris.
3705 1484 3779 1542 Et

2072 1578 2170 1637 hic
2208 1579 2361 1637 inter
2403 1578 2795 1638 Bernardinos
2834 1594 3128 1638 sermones
3176 1575 3490 1650 aliquando
3534 1575 3647 1635 fuit
3682 1589 3775 1634 re-

2073 1667 2347 1728 censitus.

281 1758 419 1833 tunc
463 1753 711 1812 donatus
746 1752 948 1810 fuerat.
991 1749 1220 1809 Notulae
1252 1754 1308 1807 et
1344 1749 1776 1808 observationes
1824 1748 2049 1825 Caje-B
2153 1756 2233 1818 19.
2286 1761 2351 1814 In
2416 1758 2768 1815 Dedicatione
2823 1758 3073 1816 ecclesia
3114 1754 3227 1826 Qui
3281 1755 3435 1814 inter
3488 1752 3670 1814 editos
3715 1751 3778 1811 in

280 1842 400 1900 tani
450 1841 825 1915 adjiciuntur,
882 1840 1064 1897 doctae
1121 1852 1188 1896 ac
1249 1853 1445 1895 veram
1495 1844 1551 1896 et
1602 1837 1982 1896 orthodoxam

276 1931 598 1990 doctrinam
630 1930 933 2004 sapientes,
964 1926 1249 2002 quidquid
1279 1927 1341 1984 in
1379 1927 1701 2000 oppositum
1743 1926 1984 1984 blateret

278 2018 495 2093 Gaspar
553 2018 849 2093 Zieglerus
924 2017 988 2075 in
1040 2018 1336 2075 Sidirolizo
1401 2018 1778 2080 ecclesiastico,
1831 2013 1982 2072 edito

276 2110 698 2183 Witembergae
753 2124 908 2166 anno
964 2106 1119 2174 167'2.
1166 2122 1289 2179 cap.
1331 2104 1388 2175 2,
1438 2122 1473 2163 a
1510 2107 1554 2178 §‘
1590 2105 1622 2162 7
1678 2120 1865 2179 usque
1909 2105 1980 2162 ad

276 2199 306 2272 ἕ
344 2198 428 2270 16,
467 2203 533 2255 ut
574 2195 773 2255 scribit
810 2195 1174 2254 Armellinus
1208 2195 1270 2252 in
1305 2196 1639 2250 Bibliotheca
1678 2194 1977 2258 Casinensi,

277 2305 406 2363 pag.
442 2288 560 2356 125,
594 2288 665 2346 ad
697 2288 948 2361 Cajetani
975 2286 1265 2360 Elogium.

347 2377 451 2435 ΙΙΙ.
485 2376 554 2434 In
584 2376 838 2435 secundo
866 2382 1058 2434 autem
1095 2382 1247 2433 temo
1276 2373 1535 2446 primum
1562 2371 1751 2429 locum
1784 2372 1983 2428 tenent

274 2481 587 2535 sermones,
629 2464 731 2538 qui
793 2470 985 2521 tamen
1039 2476 1156 2520 non
1196 2476 1402 2519 omnes
1442 2460 1674 2518 Petrum
1712 2456 1981 2515 Damiani

271 2564 565 2617 auctorem
608 2556 853 2625 habent;
911 2569 1027 2628 qua
1084 2553 1145 2610 in
1202 2568 1263 2610 re
1306 2558 1457 2609 certe
1513 2551 1840 2624 Cajetanus,
1890 2548 1983 2606 vir

272 2650 630 2724 czeteroquin
689 2647 1014 2707 eruditione
1072 2644 1609 2720 praestantissimus,
1656 2650 1714 2702 et
1758 2642 1829 2701 de
1877 2641 1983 2699 Da-

278 2740 461 2799 miani
490 2738 741 2813 Operum
789 2736 1110 2796 (economia
1144 2736 1360 2810 optime
1397 2735 1658 2804 meritus,
1692 2732 1860 2791 valde
1892 2731 1979 2790 al-

274 2830 566 2899 lucinatus
612 2833 697 2887 est
744 2852 757 2886 :
806 2828 1023 2886 etenim
1059 2826 1456 2907 novemdecim
1509 2840 1583 2883 ex
1628 2823 1702 2882 iis
1748 2821 1980 2881 Nicolao

271 2917 699 2999 Clarzevallensi
757 2917 1078 2986 monacho,
1130 2922 1187 2974 et
1259 2915 1379 2974 divi
1435 2913 1711 2973 Bernardi
1758 2911 1981 2971 abbatis

270 3007 515 3076 notario,
543 3022 646 3065 seu
674 3004 1039 3075 amanuensi,
1071 3008 1268 3077 utpote
1299 3020 1404 3063 suo
1443 3020 1578 3063 vero
1604 3002 1980 3078 legitimoque

2075 1844 2184 1905 hoc
2210 1852 2363 1906 temo
2398 1846 2661 1921 primum
2690 1846 2885 1905 locum
2916 1850 3088 1904 tenet.

2145 1936 2244 2008 Hi,
2274 1935 2538 2010 inquam,
2577 1950 2871 1994 sermones
2902 1935 2976 1993 ad
3013 1934 3319 1994 Nicolaum
3347 1938 3621 2008 spectant,
3647 1930 3772 2006 qui,

2073 2030 2137 2084 ut
2169 2024 2363 2083 scribit
2416 2023 2788 2082 Mabillonius
2834 2024 2896 2082 in
2950 2026 3188 2081 secunda
3230 2028 3389 2097 parte
3424 2023 3775 2091 Prwfationis

2072 2119 2132 2171 in
2180 2120 2323 2171 tomo
2370 2118 2453 2171 IH
2484 2115 2720 2187 Operam
2754 2116 2875 2170 divi
2914 2116 3203 2180 Bernardi,
3256 2129 3334 2171 ex
3378 2106 3779 2171 Arremarensi

2072 2206 2535 2268 Clareevallensis
2586 2208 2912 2266 monachus
2961 2207 3147 2265 factus
3176 2221 3210 2263 a
3235 2204 3369 2263 divo
3396 2199 3688 2261 Bernardo
3712 2202 3781 2255 ut

2072 2298 2334 2357 notarius
2383 2297 2681 2355 adhibitus
2745 2297 2874 2354 fuit.
2940 2294 3134 2353 Sancti
3188 2293 3302 2351 viri
3366 2287 3777 2349 benevolentia

2074 2386 2391 2458 fruebatur,
2421 2386 2667 2459 aliisque
2711 2383 2972 2441 doctrina
3014 2389 3068 2440 et
3094 2380 3392 2439 sanctitate
3420 2374 3772 2451 conspicuis,

2071 2481 2128 2534 et
2170 2476 2459 2551 praecipue
2515 2474 2679 2533 Petro
2728 2469 3062 2530 Venerabili
3098 2467 3362 2528 Cluniaci
3393 2466 3585 2525 abbati
3632 2465 3775 2523 eba-

2071 2581 2171 2624 rus
2198 2571 2353 2638 erat;
2381 2563 2787 2623 miserabiliter
2810 2568 3001 2619 tamen
3021 2559 3095 2618 ab
3122 2558 3325 2618 ordine
3348 2554 3577 2626 defecit,
3595 2567 3771 2627 quam

2070 2652 2455 2713 defectionem
2502 2668 2576 2710 an
2625 2664 2887 2725 unquam
2945 2648 3094 2707 serio
3146 2643 3538 2705 emendaverit
3591 2640 3660 2699 V.
3696 2640 3773 2698 cl.

2071 2743 2449 2803 Mabillonius
2475 2743 2693 2817 aliique
2721 2740 2990 2798 dubitant
3018 2757 3033 2808 ;
3066 2735 3459 2795 nihilominus
3496 2735 3583 2790 sat
3610 2728 3778 2788 claris

2070 2817 2431 2907 argumentis
2465 2828 2875 2890 animadvertit
2920 2827 3153 2886 doctiss.
3203 2824 3461 2893 Martene
3511 2823 3577 2880 in
3628 2824 3776 2877 Prae-

2068 2928 2176 2994 fat.
2224 2930 2352 2981 tom.
2409 2926 2441 2979 Ι
2489 2924 2703 2979 Collect.
2761 2923 2941 2977 Veter.
2994 2919 3261 2989 Scriptor.
3312 2919 3363 2969 et
3403 2915 3647 2969 Monum.
3697 2909 3780 2979 ip—

2071 3029 2201 3072 sum
2234 3012 2306 3071 ad
2327 3013 2739 3070 Arremarense
2763 3007 3077 3082 pristinum
3103 3002 3440 3063 coenobium
3477 3015 3653 3059 suum
3684 3011 3780 3056 re-

168 3124 175 3135 ι
270 3094 494 3156 auctori
514 3092 1024 3154 suntrestituendi.
1055 3091 1141 3149 En
1166 3092 1342 3150 series
1363 3106 1697 3150 sermonum
1722 3089 1975 3183 Nicolai:
2003 3123 2047 3183 Ο
2073 3117 2309 3161 versum
2344 3100 2545 3171 fuisse,
2574 3115 2641 3158 ac
2671 3098 2806 3157 inde
2842 3096 3098 3155 multum
3127 3092 3210 3151 ibi
3238 3090 3516 3151 conﬂasse
3540 3101 3775 3157 nomen,

347 3188 395 3245 1.
452 3184 654 3245 Sermo
713 3188 774 3240 in
830 3185 970 3252 festo
1029 3184 1087 3239 S.
1137 3183 1416 3238 Benedicti
1465 3180 1704 3244 abbatis,
1754 3176 1850 3236 die
1910 3175 2046 3233 21'
2074 3197 2129 3250 ει
2176 3191 2530 3264 principum,
2586 3189 2992 3262 episcoporum
3044 3200 3114 3243 ac
3178 3195 3549 3242 summorum
3604 3178 3781 3235 etiam

270 3274 484 3337 Martii.

344 3369 396 3427 2.
437 3371 502 3425 In
542 3368 783 3424 adventu
832 3367 1069 3429 Domini,
1099 3361 1171 3421 de
1215 3362 1381 3420 beata
1425 3359 1626 3432 Maria,
1660 3360 1764 3433 qui
1796 3357 1861 3417 in
1892 3358 1975 3416 fe-

272 3461 358 3516 sto
406 3458 865 3514 Anmmtiationis
903 3453 1161 3529 ejusdem
1204 3450 1464 3525 Virginis
1514 3449 1822 3508 collocatus
1868 3451 1974 3519 est,

271 3548 367 3606 die
392 3547 462 3607 25
493 3547 756 3622 ejusdem
780 3545 1019 3604 mensis.

344 3638 394 3697 3.
437 3642 501 3696 In
543 3639 849 3697 Nativitate
893 3636 952 3693 S.
1001 3634 1230 3691 Joannis
1277 3630 1561 3702 Baptista,
1607 3626 1702 3685 die
1748 3624 1819 3685 24
1868 3623 1978 3683 Ju-

273 3738 379 3788 Illl.
666 3738 673 3743 ’

341 3818 396 3875 4.
435 3821 499 3873 In
542 3820 681 3885 festo
727 3817 788 3872 S.
829 3814 981 3871 Petri
1029 3812 1106 3867 ad
1148 3812 1386 3869 Vincula
1440 3808 1541 3883 qui
1593 3806 1857 3866 absolute
1908 3803 1981 3862 de

273 3911 333 3965 S.
361 3909 518 3963 Petro
540 3902 853 3974 inscriptus
880 3905 983 3969 est,
1013 3896 1083 3955 29
1110 3897 1373 3970 ejusdem
1404 3897 1643 3954 mensis.

346 3997 396 4055 5.
430 3997 506 4050 De
533 3994 632 4050 SS.
664 3991 947 4064 Apostolis
974 3990 1131 4044 Petro
1156 3990 1209 4041 et
1236 3986 1427 4049 Paulo,
1461 3983 1664 4042 eodem
1697 3982 1810 4040 die.

343 4087 398 4145 6.
429 4088 506 4141 De
546 4085 608 4141 S.
636 4083 821 4139 Maria
848 4078 1181 4149 Magdalena
1208 4073 1302 4131 die
1329 4074 1398 4131 22
1425 4066 1603 4132 Julii.

345 4176 399 4235 7.
441 4180 518 4232 De
570 4174 956 4244 Assumptione
1006 4167 1171 4223 b‘eataz
1219 4167 1413 4224 Maria:
1469 4164 1721 4233 Virginis
1771 4161 1866 4219 die
1912 4159 1982 4217 ‘25

278 4270 610 4415 Αιέἕυιῗὲιέ.
643 4354 860 4411 Victore
900 4345 995 4405 die
1028 4346 1047 4404 1
1086 4342 1459 4418 Septembris.
1496 4340 1657 4401 Circa
1700 4355 1876 4415 quem
1901 4345 1985 4398 ta-

2071 3279 2414 3354 pontiﬁcum
2466 3277 2695 3336 animos
2747 3274 3101 3334 devinxisse.
3144 3271 3360 3331 Praeter
3412 3269 3520 3327 hos
3562 3279 3778 3354 sermo-

2072 3383 2177 3426 nes
2221 3370 2408 3426 exstat
2454 3364 2677 3425 Nicolai
2723 3366 3098 3437 Epistolarum
3153 3362 3290 3417 liber
3321 3357 3381 3415 in
3421 3353 3779 3414 Bibliotheca

2073 3453 2177 3515 SS.
2238 3452 2477 3513 Patrum
2555 3451 2826 3511 editionis
2908 3446 3323 3524 Lugdunensis
3407 3458 3561 3501 anno
3616 3439 3778 3511 1677,

2071 3547 2210 3602 tom.
2242 3541 2399 3615 XXI,
2426 3557 2556 3617 pag.
2592 3541 2718 3614 517,
2757 3545 2814 3599 et
2850 3538 2994 3597 alias
3042 3535 3262 3596 Nicolai
3307 3534 3475 3593 binas
3514 3528 3782 3617 epistolas

2071 3648 2380 3707 nunquam
2425 3616 2607 3691 editas
2667 3627 2907 3704 protulit
2952 3626 3022 3685 V.
3079 3624 3152 3684 cl.
3209 3622 3483 3683 Baluzius
3532 3626 3672 3680 tom.
3724 3616 3781 3675 lI

2073 3724 2562 3781 Miscellaneorum.
2712 3782 2715 3787 ,

2145 3811 2244 3870 IV.
2300 3810 2411 3872 Sed
2463 3817 2529 3870 ut
2573 3808 2647 3868 ad
2698 3820 2994 3868 sermones
3064 3800 3334 3863 Damiani
3396 3802 3780 3869 revertamur,

2073 3901 2271 3974 plures
2292 3901 2414 3974 jam
2459 3898 2599 3958 editi
2639 3898 2869 3956 fuerant
2894 3910 2929 3953 a
2958 3892 3149 3964 Surio,
3180 3891 3333 3950 inter
3362 3905 3507 3964 quos
3538 3901 3780 3947 enume-

2075 3992 2165 4047 rat
2194 3988 2458 4058 Vossius,
2483 4003 2611 4061 pag.
2655 3985 2756 4043 118
2788 3989 2866 4041 De
2913 3984 3190 4039 historicis
3237 3982 3452 4037 Latinis
3484 3986 3779 4034 sermones

2075 4077 2146 4136 de
2191 4076 2293 4136 SS.
2349 4074 2728 4145 Eleuchadio,
2767 4066 3094 4141 Benedicto,
3143 4069 3406 4141 Georgio,
3435 4065 3646 4134 Marco,
3677 4061 3781 4118 Vi-

2075 4165 2189 4223 tale
2227 4171 2283 4223 et
2325 4163 2574 4236 Valeria,
2628 4161 2932 4233 Antbimo,
2964 4158 3319 4233 Apollinare,
3355 4153 3648 4222 Cassiano,
3679 4149 3777 4208 Fi-

2076 4254 2225 4325 dele,
2257 4253 2511 4325 Nicolao,
2532 4251 2898 4323 Barbatiano,
2914 4249 3178 4320 Odilone,
3196 4245 3416 4316 Mauro,
3432 4237 3781 4309 Romualdo,

2078 4342 2405 4415 Rodulpbo,
2440 4348 2496 4401 et
2520 4341 2823 4403 Dominico
2863 4340 3149 4401 Loricato.
3182 4338 3261 4397 At
3288 4333 3487 4410 plures
3517 4330 3660 4390 alios
3688 4342 3779 4386 re-

280 4464 413 4508 men
464 4442 893 4505 observandum
939 4442 1043 4507 est,
1088 4433 1515 4509 paragraphum
1557 4431 1836 4506 primum,
1880 4429 1981 4505 qui
2007 4438 2273 4509 ncenset
2306 4431 2676 4491 Possevinus.

282 4484 413 4508 um,
465 4484 893 4505 υυουημιηημ..
941 4484 1043 4507 νυ..
1090 4484 1515 4509 ,παρη---η-
1559 4484 1836 4506 run-ww.
1886 4484 1981 4505 ην-
2083 4484 2271 4491 ν---η
2306 4484 2676 4491 -ν--υ-η-υ-

280 4536 483 4611 incipit
511 4559 524 4593 :
558 4536 661 4591 Hic
697 4534 792 4586 ille
821 4543 1073 4598 magnus,
1109 4523 1441 4596 desinitque
1478 4521 1738 4585 redolere,
1766 4536 1983 4595 ,super—
2007 4484 2058 4543 Β
2150 4524 2329 4583 Porro
2356 4522 2465 4581 sub
2495 4522 2649 4582 Petri
2672 4520 2943 4581 Damiani
2979 4518 3218 4578 nomine
3246 4530 3512 4572 sermones
3545 4514 3784 4611 quinque

282 4599 541 4688 additum
586 4620 883 4699 fuisse'ab
925 4617 1122 4690 aliquo
1163 4614 1403 4672 fortasse
1436 4613 1807 4682 amanuensi;
1852 4626 1989 4669 nam
2077 4618 2137 4671 in
2209 4615 2520 4670 Orationem
2587 4616 2927 4669 Dominicam
2994 4606 3258 4679 vulgavit
3325 4603 3397 4661 cl.
3446 4599 3787 4699 “Dacberius

284 4718 391 4775 iste
434 4713 492 4773 S.
537 4692 785 4769 Victoris
829 4688 1039 4776 sermo,
1098 4703 1161 4761 in
1207 4703 1543 4758 Bibliotheca
1590 4705 1825 4756 veterum
1891 4702 1993 4756 Pa-
2082 4708 2219 4762 tom.
2258 4700 2391 4759 VIII
2420 4704 2729 4774 Spicilegii,
2748 4715 2903 4759 anno
2934 4695 3089 4756 1666.
3120 4693 3339 4752 Verum
3363 4696 3420 4749 et
3441 4688 3565 4762 ipse
3593 4692 3789 4764 postea

287 4812 431 4863 trum
472 4803 684 4859 ordinis
721 4796 1108 4858 Cisterciensis,
1158 4790 1259 4849 ubi
1298 4790 1475 4864 hujus
1515 4787 1735 4847 Nicolai
1780 4803 1994 4847 sermo-
2082 4789 2319 4864 agnovit
2348 4806 2444 4848 eos
2473 4805 2597 4847 esse
2626 4788 2687 4849 S.
2729 4787 2883 4846 Petri
2930 4785 3228 4843 Ravennae
3253 4776 3546 4849 antistitis,
3573 4790 3793 4850 cogno-

116 4881 171 4897 K'
292 4910 395 4952 nes
431 4895 682 4959 exstant,
722 4883 928 4959 incipit
970 4897 1005 4940 a
1044 4879 1297 4939 secundo
1345 4884 1573 4936 tantum
1612 4878 1992 4952 paragrapho,
2086 4885 2280 4938 mento
2314 4880 2651 4949 Chrysologi,
2683 4875 2779 4935 cui
2822 4873 2995 4933 etiam
3040 4873 3101 4930 in
3136 4885 3290 4929 nova
3317 4865 3580 4959 ejusdem
3603 4867 3789 4959 Spici—

292 4996 501 5053 nempe
522 4980 594 5036 ab
624 4954 740 5035 illis
766 4954 960 5033 verbis
986 4991 998 5029 :
1030 4972 1126 5029 Ad
1150 4986 1372 5025 manum
1408 4973 1505 5033 est,
1548 4972 1653 5026 etc.
2089 4974 2220 5041 legii
2257 4969 2506 5029 editione
2545 4966 2954 5053 restituuntur,
2987 4969 3043 5022 et
3072 4963 3192 5053 fere
3216 4961 3281 5019 in
3300 4954 3794 5053 omnibusngbrv:

366 5039 516 5129 9.‘1n
544 5069 848 5127 Nativitate
869 5067 935 5121 B.
973 5065 1042 5119 V.
1070 5062 1284 5123 Mariae,
1314 5056 1407 5114 die
1433 5057 1467 5114 8
1491 5056 1771 5129 ejusdem.
2089 5039 2270 5131 sologi
2302 5054 2640 5115 sermonum
2675 5050 3030 5113 editionibus
3077 5050 3355 5123 leguntur
3383 5058 3547 5106 num.
3577 5039 3667 5110 67,
3701 5040 3793 5111 68,

372 5155 457 5217 10.
494 5160 557 5213 In
585 5157 940 5211 Emaltatione
966 5152 1026 5207 S.
1062 5150 1248 5207 Crucis
1278 5145 1372 5203 die
1402 5144 1465 5202 14
1500 5144 1782 5218 ejusdem.
2092 5146 2181 5217 70,
2216 5147 2306 5217 71,
2334 5142 2425 5205 72.
2454 5162 2455 5165 ‘

379 5247 460 5306 11-
514 5249 579 5302 1η
633 5246 773 5311 festo
834 5244 932 5298 SS.
991 5240 1331 5308 angelorum,
1394 5234 1492 5293 Olli
1541 5233 1742 5292 titulus
1788 5237 1874 5291 est
1926 5235 2003 5290 De
2166 5237 2238 5295 V.
2295 5235 2625 5295 Succedunt
2680 5232 3067 5293 Sermonibus
3130 5227 3401 5289 Historia)
3465 5227 3801 5280 sanctorum

303 5340 361 5395 S.
390 5334 654 5394 Michaele
678 5331 1022 5397 archangelo,
1049 5327 1142 5385 die
1168 5326 1239 5385 29
1268 5324 1547 5399 ejusdem.
2096 5343 2130 5385 a
2175 5326 2310 5384 divo
2363 5324 2528 5383 Petro
2561 5322 2830 5381 Damiani
2869 5321 3226 5394 conscriptae,
3251 5331 3315 5374 ac
3341 5314 3405 5373 in
3432 5311 3637 5386 primis
3668 5314 3804 5370 Vita

381 5423 463 5484 12.
508 5426 573 5479 In
600 5425 740 5490 festo
773 5420 1025 5477 Omnium
1055 5420 1397 5481 Sanctorum,
1433 5414 1529 5473 die
1572 5415 1596 5473 1
1639 5411 2000 5473 Novembris.
2099 5418 2159 5474 S.
2215 5415 2464 5472 Odilonis
2522 5411 2928 5471 Cluniacensis
2975 5407 3218 5475 abbatis,
3275 5409 3404 5477 post
3473 5399 3743 5490 Surium
3767 5415 3802 5457 a

2102 5501 2378 5561 Bollando
2429 5500 2492 5558 in
2543 5502 2702 5557 Actis
2749 5503 3089 5561 Sanctorum,
3116 5510 3149 5552 a
3187 5490 3392 5550 Barale
3417 5490 3480 5548 in
3513 5488 3807 5547 Chronolo-

384 5516 465 5575 13.
494 5519 557 5572 In
582 5517 722 5584 festo
754 5514 813 5571 S.
839 5512 1094 5575 Martini,
1125 5509 1220 5567 die
1256 5509 1313 5567 11
1345 5506 1626 5581 ejusdem.

2103 5594 2199 5663 gia
2224 5593 2526 5657 Lerinensi,
2552 5596 2610 5649 et
2632 5605 2667 5648 a
2691 5585 2989 5649 Marrierio
3012 5585 3077 5645 in
3106 5582 3444 5658 Bibliotheca
3467 5575 3810 5638 Cluniacensi

382 5604 468 5663 14.
498 5607 562 5662 In
586 5605 727 5673 festo
751 5604 810 5660 S.
838 5601 1072 5657 Andreae
1099 5597 1193 5656 die
1213 5596 1281 5656 30
1308 5596 1585 5670 ejusdem.

3538 5917 3775 6174 σὴν
