4106 6204
301 318 357 378 13

1100 309 1681 371 PROLEGOMENA.
1722 342 1792 355 —
1828 309 2179 371 EDITORIS
2219 310 2497 371 VENETI
2537 310 2977 372 ADMONITIO.

3730 322 3791 381 14

297 440 592 513 exscripta,
618 436 716 496 cui
762 436 824 495 in
862 435 1137 511 prmsenti
1165 434 1416 494 editione
1457 433 1858 494 subnectimus
1900 433 2306 497 ad-APraater
2356 453 2423 496 ea
2473 444 2813 510 argumenta
2851 453 2984 512 quae
3030 444 3262 498 sanctus
3304 447 3498 500 noster
3552 445 3791 519 scriptor

298 528 609 588 potationes
655 524 722 582 V.
774 526 847 583 cl.
900 523 1149 583 Andreae
1202 523 1534 591 Duschenii,
1568 531 1633 582 ut
1684 528 1911 582 exstant
1941 522 1998 580 in

2086 524 2146 582 in
2189 525 2443 583 medium
2472 527 2685 599 profert
2712 526 2864 583 circa
2893 527 3275 599 quaestionem
3323 544 3427 588 cur
3479 531 3516 590 S
3574 532 3792 594 Paulus

302 617 519 676 laudata
576 617 916 673 Bibliotheca
989 614 1353 676 Cluniacensi,
1415 619 1471 669 et
1542 612 1688 670 alias
1749 617 2007 671 recentes
2085 615 2376 687 apostolus
2404 616 2476 673 ad
2526 616 2843 688 dexteram,
2875 617 2947 675 ad
2986 616 3195 674 laevam
3243 625 3436 677 autem
3480 620 3539 679 S.
3590 622 3792 683 Petrus

297 704 568 781 anonymi
597 703 730 773 viri,
764 718 799 759 a
836 716 956 776 quo
996 715 1092 759 eas
1137 706 1189 757 et
1222 707 1529 772 sequentes
1565 716 1691 759 mea
1725 716 1868 761 cura
1891 701 2007 758 im-

299 792 539 870 petravi,
576 807 711 851 cum
744 791 868 864 jam
903 788 1082 863 hujus
1125 790 1263 848 tomi
1316 788 1493 847 editio
1534 789 1700 847 valde
1734 788 2007 863 profecis-

302 892 398 943 set.
453 881 731 956 Sequitur
772 878 1029 936 Historia
1067 893 1171 936 seu
1220 881 1354 936 Vita
1404 881 1465 937 S.
1524 881 1705 937 Mauri
1757 874 2010 950 episcopi

301 969 606 1029 Caesenatis
660 982 798 1026 cum
851 965 1004 1023 notis
1054 964 1126 1023 cl.
1189 964 1259 1023 V.
1314 964 1555 1023 Joannis
1606 964 1874 1023 Bollandi
1934 976 2010 1021 ex

302 1069 453 1120 torno
483 1059 537 1119 II
574 1057 860 1118 Januarii.
905 1055 1099 1114 Tertio
1141 1057 1201 1113 S.
1237 1055 1532 1111 Romualdi
1566 1056 1718 1118 Vita,
1752 1053 1871 1126 jam
1903 1067 2011 1109 sse-

302 1152 429 1224 pius
467 1164 707 1219 excusa,
749 1146 850 1205 sed
888 1145 1060 1204 modo
1115 1144 1302 1218 prodit
1355 1160 1490 1202 cum
1544 1143 1695 1201 notis
1748 1143 2011 1217 ejusdem

303 1238 598 1313 anonymi.
641 1235 852 1305 Quarto
895 1239 1039 1293 Vita
1084 1237 1392 1290 sanctorum
1443 1235 1699 1305 Roduphi
1728 1238 1779 1288 et
1824 1235 2010 1288 Domi-

302 1336 414 1390 nici
458 1331 723 1393 Loricati,
776 1325 993 1401 quibus
1046 1324 1440 1397 subjiciuntur
1488 1324 1675 1398 ipsius
1732 1322 2013 1396 anonymi

306 1418 723 1481 adnotatioues.
777 1416 1007 1486 Quinto,
1061 1418 1251 1472 Passio
1304 1417 1404 1472 SS.
1462 1417 1634 1471 Florae
1690 1419 1743 1470 et
1790 1415 2016 1470 Lucilla:

305 1525 436 1570 cum
478 1507 635 1566 notis
687 1505 976 1565 eruditiss.
1019 1502 1321 1563 Guillelmi
1359 1502 1591 1576 Cuperi,
1625 1519 1756 1578 qum
1785 1507 2016 1560 exstant

303 1601 359 1657 in
390 1605 549 1656 torno
575 1595 685 1653 VII
705 1593 852 1653 Julii
881 1591 1267 1651 Bollandiani.
1300 1590 1519 1649 Verum
1545 1590 2014 1649 animadverten-

304 1686 442 1746 dum
496 1685 591 1742 hic
632 1688 737 1752 est,
773 1681 977 1755 capitis
1006 1679 1303 1755 postremi,
1334 1677 1491 1754 quod
1528 1679 1598 1738 de
1648 1693 1848 1738 eorum
1888 1692 2016 1735 cor-

2087 703 2428 773 collocatur,
2468 703 2582 762 alia
2633 704 2819 762 videri
2874 712 3112 778 possunt
3153 708 3311 780 apud
3368 706 3666 768 Molanum
3724 713 3794 771 in

2087 795 2296 850 Hister.
2346 810 2554 849 sacrar.
2595 796 2923 863 Imaginum,
2952 794 3029 865 II,
3062 797 3167 864 46;
3210 795 3311 865 III,
3350 794 3416 855 Ἡ
3449 814 3465 867 ;
3506 798 3794 859 Allalium

2088 884 2164 938 De
2213 898 2471 939 consensu
2508 887 2793 954 utriusque
2840 887 3113 953 Ecclesiae,
3152 884 3253 942 lib.
3311 899 3351 955 Ι,
3393 901 3441 943 c.
3477 885 3541 958 6;
3573 886 3795 948 Macros

2092 971 2295 1029 fratres
2333 970 2392 1029 in
2433 974 2775 1027 Hierolemico
2823 972 2895 1028 ad
2943 988 3141 1030 vocem
3182 975 3383 1042 Bulla;
3428 973 3668 1047 Pagium
3722 978 3795 1035 ad

2091 1073 2315 1117 annum
2355 1060 2446 1129 49,
2481 1075 2540 1117 n.
2576 1060 2641 1131 3;
2681 1059 3131 1132 Papebrochium
3163 1061 3223 1118 in
3257 1066 3691 1134 Paralipomenis
3722 1069 3797 1122 ad

2091 1150 2419 1220 Propilaaum
2474 1149 2550 1203 ad
2587 1148 2731 1203 Acta
2782 1150 2881 1205 SS.
2931 1151 3092 1213 Maii,
3123 1156 3228 1208 etc.
3275 1150 3797 1225 Quadragesimum

2095 1237 2325 1295 tertium
2373 1235 2603 1294 disserit
2656 1238 2722 1293 de
2777 1238 2938 1292 laude
2974 1240 3340 1306 Flagellorum
3378 1245 3428 1295 et
3465 1243 3792 1314 disciplina.

2091 1324 2339 1383 Jacobus
2388 1323 2625 1382 Boileau
2693 1323 2893 1383 Gallus
2950 1325 3012 1382 in
3076 1330 3322 1405 Historia
3374 1332 3792 1397 ﬂagellantium,

2096 1414 2299 1472 Latine
2360 1413 2614 1486 primum
2673 1413 2907 1472 Parisiis
2959 1430 3115 1473 anno
3174 1414 3311 1473 1700
3363 1417 3535 1489 edita,
3590 1420 3799 1480 deinde

2097 1504 2270 1562 etiam
2304 1501 2540 1571 Gallice,
2588 1519 2712 1576 cap.
2755 1502 2809 1574 7,
2846 1510 3014 1578 negat
3048 1510 3181 1563 ante
3241 1504 3477 1565 Petrum
3538 1516 3802 1569 nostrum

2103 1592 2446 1652 Damianum
2485 1592 2548 1651 in
2594 1592 2847 1652 Ecclesia
2897 1609 3118 1652 morem
3146 1594 3410 1668 viguisse
3447 1597 3802 1670 paenitentia:

2096 1698 2271 1741 causa
2312 1683 2570 1757 seipsum
2614 1683 2807 1756 ﬂagris
2852 1683 3214 1743 concidendi.
3251 1684 3469 1745 Verum
3515 1704 3650 1746 cum
3688 1689 3799 1749 Ba-

302 1794 512 1855 porum
569 1773 943 1833 translatione
1010 1772 1160 1847 agit,
1203 1786 1323 1830 non
1390 1770 1570 1830 fuisse
1621 1770 2265 1855 indubitatumBronio
2291 1772 2365 1830 ad
2402 1787 2627 1830 annum
2662 1772 2818 1842 1056,
2858 1789 2918 1830 n.
2952 1772 3003 1837 5,
3039 1777 3177 1831 tom.
3211 1774 3313 1845 XI,
3346 1776 3397 1833 si
3430 1776 3671 1851 hujusce
3700 1794 3803 1837 vo-

306 1874 597 1928 anctorem
619 1866 854 1924 Petrum
872 1863 1163 1933 Damiani,
1187 1876 1320 1921 cum
1340 1861 1402 1920 in
1423 1877 1492 1921 eo
1519 1860 1724 1935 ingens
1744 1861 2017 1919 anachro-

308 1959 537 2017 nismus
582 1951 1067 2026 deprehendatur.
1119 1950 1398 2009 Videntur
1430 1950 1540 2008 hac
1576 1965 1750 2023 super
1794 1964 1856 2008 re
1903 1948 2019 2007 Cu-

310 2046 429 2120 peri
485 2041 952 2103 Commentarius
1000 2039 1063 2097 in
1119 2037 1351 2097 laudato
1410 2044 1564 2097 tomo
1611 2036 2014 2096 Bollandiano.

311 2137 557 2195 Demum
588 2133 836 2192 habetur
873 2136 1160 2205 postremo
1186 2129 1249 2187 in
1283 2129 1406 2188 loco
1434 2132 1724 2201 Expositio
1750 2131 2021 2184 uisionum

309 2226 406 2283 SS.
463 2224 711 2280 Mai-iani
747 2222 963 2277 lectoris
1009 2224 1060 2275 et
1097 2217 1286 2276 Jacobi
1327 2220 1547 2275 diaconi
1590 2217 1663 2274 ab
1701 2217 1826 2290 ipso
1858 2216 2022 2274 Petro

308 2311 599 2381 Damiani,
653 2310 797 2369 dum
852 2308 1061 2382 prioris
1113 2307 1171 2367 S.
1232 2307 1434 2365 Crucis
1490 2304 2024 2365 Fontis-Aventinis

312 2417 552 2462 munere
572 2402 937 2475 fungeretur,
968 2398 1312 2472 conscripta,
1327 2412 1504 2471 quam
1534 2396 1742 2455 Surius
1764 2400 1919 2453 tomo
1940 2393 2023 2451 ΙΙΙ

310 2507 430 2551 sua;
470 2488 845 2550 Collectionis
887 2486 1154 2558 inseruit,
1183 2494 1238 2545 et
1282 2486 1589 2559 Cajetanus
1624 2489 1789 2543 extra
1831 2482 2026 2542 locum

320 2596 496 2640 suum
524 2578 726 2637 edidit.

376 2668 482 2728 VI.
541 2667 774 2727 Tertius
832 2672 1021 2724 tomus
1076 2664 1375 2737 sexaginta
1430 2663 1793 2723 diversorum
1853 2677 2026 2733 argu-

315 2765 643 2817 mentorum
673 2755 966 2829 Opuscula
994 2754 1229 2829 profert.
1263 2754 1328 2811 In
1365 2753 1457 2812 his
1485 2761 1756 2828 quartum
1784 2760 1869 2811 est
1894 2756 2023 2808 Dis—

313 2851 549 2921 ceptatio
604 2847 889 2918 synodalis
943 2846 1009 2901 de
1050 2848 1329 2918 pontiﬁcis
1372 2847 1642 2909 electione,
1679 2859 1833 2901 anno
1872 2841 2026 2908 1062,

311 2937 491 2996 missa
539 2936 611 2994 ad
659 2936 974 2994 concilium
1010 2934 1372 3003 Osboriense,
1406 2932 1583 3007 vulgo
1639 2934 1700 2988 di
1737 2933 1930 2989 Osbori
1969 2931 2033 2988 in

313 3024 686 3095 Alemannia,
706 3041 740 3082 a
757 3039 872 3099 quo
886 3022 1203 3081 Alexandri
1220 3022 1275 3080 II
1300 3022 1365 3079 P.
1385 3020 1462 3079 M.
1477 3020 1679 3079 electio
1695 3021 2033 3078 confirmata

2099 1859 2369 1919 luntariaa
2423 1859 2828 1934 ﬂagellationis
2912 1876 3047 1920 eum
3101 1867 3394 1922 auctorem
3468 1881 3809 1940 cognoscere

2102 1964 2221 2006 non
2264 1948 2535 2020 velimus,
2568 1956 3001 2023 prepagatorem
3036 1956 3225 2009 tamen
3267 1951 3469 2025 fuisse,
3495 1962 3551 2013 et
3600 1956 3807 2015 adver-

2103 2052 2205 2095 sus
2256 2036 2667 2111 impugnantes
2721 2044 3206 2112 propugnatorem
3261 2042 3514 2114 profecto
3561 2058 3678 2102 non
3725 2052 3810 2104 est

2102 2123 2509 2184 dubitandum.
2548 2125 2796 2185 Demum
2865 2127 3422 2201 quinquagesimum
3489 2134 3810 2194 secundum

2104 2214 2172 2267 de
2203 2214 2336 2268 bono
2372 2216 2620 2282 religiosi
2655 2219 2833 2270 status
2868 2230 3192 2273 sermonem
3237 2217 3421 2274 habet.
3470 2219 3634 2278 Circa
3678 2223 3812 2281 hoc-

2106 2314 2169 2357 ce
2204 2300 2552 2372 opusculum
2590 2301 2691 2359 ubi
2741 2301 2812 2358 de
2852 2303 3146 2360 variorum
3186 2304 3577 2365 animantium
3620 2316 3813 2383 tropo-

2107 2388 2257 2461 logia
2289 2389 2608 2460 disseritur,
2642 2389 2753 2463 legi
2798 2396 3041 2463 possunt
3065 2393 3475 2463 Physiologium
3504 2396 3815 2472 Epiphanii

2108 2476 2461 2536 Constantia;
2488 2478 2548 2535 in
2591 2477 2778 2551 Cypro
2809 2479 3079 2552 episcopi,
3114 2488 3248 2539 tom.
3293 2481 3349 2540 Il
3381 2482 3546 2557 Oper.
3580 2493 3636 2544 et
3672 2504 3817 2562 opu-

2109 2567 2338 2626 sculum
2393 2571 2470 2623 De
2529 2569 2732 2632 bestiis,
2788 2568 2941 2643 quod
2995 2569 3148 2628 inter
3200 2587 3371 2644 opera
3421 2572 3715 2649 Hugonis‘
3747 2580 3819 2637 de

2112 2658 2171 2718 S.
2205 2659 2433 2717 Victore
2457 2659 2650 2717 locum
2676 2658 2844 2717 habet
2871 2666 3004 2718 tom.
3030 2659 3104 2729 II,
3130 2677 3463 2737 quanquam
3485 2667 3678 2739 potius
3697 2668 3818 2728 Hu-

2110 2749 2248 2822 goni
2276 2749 2346 2806 de
2387 2747 2629 2807 Folietto
2655 2749 2729 2806 sit
2774 2749 3168 2810 tribuendum.
3205 2752 3330 2810 Hoc
3374 2754 3639 2815 Damiani
3670 2775 3819 2833 opu-

2112 2837 2341 2896 sculum
2368 2836 2627 2895 imitatus
2654 2842 2740 2895 est
2770 2837 2959 2911 Hugo,
2992 2840 3258 2913 quisquis
3293 2843 3386 2914 sit,
3424 2844 3722 2921 multaque
3746 2849 3819 2906 ab

2112 2927 2236 3001 ipso
2266 2926 2573 3000 excerpsit.

2189 3018 2311 3076 VII.
2362 3018 2691 3078 Postremus
2752 3020 3006 3095 denique
3056 3027 3265 3094 tomus,
3307 3041 3515 3101 nempe
3552 3037 3816 3103 quartus,
3872 3012 3881 3023 ’

314 3114 449 3184 fuit,
480 3121 654 3204 atque
676 3109 1792 3204 Dadalouspseudo-pontifexrejectus.
1825 3106 2029 3166 Golda-
2054 3144 2098 3204 ϐ
2118 3111 2407 3173 orationes,
2437 3126 2702 3180 precesve,
2758 3112 3003 3183 hymnos,
3037 3115 3304 3181 lectiones,
3345 3120 3561 3182 missas,
3605 3137 3822 3191 respon-

314 3210 438 3262 stus
460 3201 610 3261 illud
635 3201 809 3260 etiam
833 3199 1070 3258 exhibet
1103 3200 1165 3257 in
1197 3204 1237 3257 t.
1260 3198 1313 3257 ΙΙ
1336 3200 1432 3267 (al.
1457 3197 1569 3280 III).
1587 3199 1917 3255 Monarchiw
1939 3199 2036 3251 im-

306 3295 480 3364 perii,
524 3306 655 3365 pag.
684 3290 773 3348 45.
822 3288 1068 3349 Sextum
1103 3294 1188 3347 est
1228 3286 1377 3346 liber
1413 3286 1517 3361 qui
1544 3284 1867 3360 appellatur
1894 3286 2036 3342 Gra-

315 3383 590 3444 tissimus,
656 3384 712 3436 et
766 3377 837 3435 de
888 3374 1356 3434 institutionibus
1423 3370 1823 3431 ecclesiasticis
1895 3371 2032 3444 agit.

313 3469 536 3529 Lucem
577 3468 836 3543 primum
873 3467 1099 3542 aspexit
1128 3466 1386 3525 Coloniae
1435 3480 1590 3523 anno
1626 3464 1782 3541 1536,
1823 3463 1885 3521 in
1932 3479 2035 3522 vo-

314 3556 548 3616 lumine
578 3555 831 3631 quodam
882 3555 945 3614 in
976 3554 1031 3626 8,
1085 3554 1189 3613 ubi
1221 3561 1276 3613 et
1326 3570 1594 3610 sermones
1621 3553 1688 3609 de
1716 3555 2037 3609 excellentia

310 3651 370 3706 S.
402 3651 640 3705 Joannis
702 3650 968 3719 Baptistae
1000 3644 1119 3720 (qui
1152 3645 1215 3703 in
1265 3646 1375 3702 hac
1422 3650 1619 3703 nostra
1664 3642 1917 3701 editione
1974 3642 2037 3700 in

313 3744 459 3796 tom.
492 3737 569 3809 II,
610 3752 740 3811 pag.
782 3736 901 3803 116,
934 3734 1194 3795 collocati
1244 3735 1581 3806 cernuntur)
1629 3749 1748 3792 una
1786 3748 1921 3793 cum
1960 3731 2034 3789 1i-

310 3828 424 3887 bro
454 3828 517 3888 S.
561 3827 829 3902 Prosperi
861 3832 938 3884 De
978 3830 1097 3884 vita
1125 3827 1548 3898 contemplativa
1584 3823 1797 3898 pariter
1833 3820 2036 3881 inserti

313 3919 509 3977 fuere.
563 3917 786 3977 Iterum
846 3918 1021 3975 etiam
1072 3916 1131 3974 in
1186 3915 1383 3989 Belgio
1441 3914 1554 3973 fuit
1600 3929 1887 3972 excusum
1928 3912 2037 3969 hoc

309 4007 680 4082 opusculum
733 4023 891 4079 cum»
921 4005 1055 4064 aliis
1127 4006 1388 4079 ejusdem
1444 4003 1776 4077 argumenti
1846 4001 2033 4060 libris.

307 4096 606 4157 Octavum
632 4096 752 4169 agit
784 4097 851 4152 de
893 4098 1193 4168 parentem
1234 4095 1518 4164 gradibus,
1549 4098 1600 4149 et
1649 4095 1716 4149 de
1771 4094 2037 4162 gradibus

305 4191 839 4258 consanguinitatis.
879 4185 1105 4245 Videsis
1144 4184 1438 4244 Benedicti
1488 4183 1685 4243 Picteti
1733 4187 2037 4241 Historiam

303 4281 508 4334 saeculi
556 4289 647 4348 XI,
698 4292 828 4351 pag.
878 4274 984 4334 636
1031 4283 1087 4333 et
1134 4290 1294 4350 seqq.
1357 4274 1743 4333 Undecimum
1803 4288 2036 4332 nuncu-

304 4374 494 4443 patur
542 4370 808 4425 Dominus
836 4367 1131 4427 vobiscum.
1163 4365 1306 4438 quia
1333 4364 1395 4421 in
1444 4380 1510 4422 eo
1544 4364 1615 4422 de
1659 4363 1811 4422 dicta
1856 4363 2037 4437 parti-

302 4458 471 4525 cula,
507 4462 568 4513 et
610 4456 682 4514 de
718 4454 833 4512 alia
870 4454 1023 4517 Iube,
1064 4455 1257 4509 domne
1297 4453 1601 4508 benedicere
1639 4451 2035 4509 tractationem

303 4544 721 4607 eruditissime
757 4543 1027 4602 instituit.
1068 4542 1262 4600 Primo
1300 4541 1520 4601 editum
1553 4546 1638 4600 est
1674 4556 1829 4599 anno
1879 4540 2034 4611 1549,

302 4636 475 4711 apud
533 4634 823 4693 Joannem
877 4629 1189 4691 Cochleum
1225 4630 1287 4688 in
1335 4633 1561 4704 Speculo
1606 4634 1848 4702 antiquae
1884 4631 2040 4685 devo-

302 4726 495 4782 tionis
528 4726 677 4779 circa
711 4723 956 4785 missam,
989 4719 1307 4794 Moguntina
1344 4719 1407 4776 in
1437 4719 1533 4778 fol.
1576 4735 1703 4794 pag.
1744 4718 1863 4777 143.
1896 4717 2040 4775 Inde

299 4829 459 4873 cum
529 4809 736 4869 eodem
803 4808 1048 4868 Cochleo
1121 4806 1380 4866 Venetiis
1455 4823 1610 4866 anno
1669 4806 1807 4865 1572
1867 4806 1931 4863 in
1982 4804 2037 4875 8,

296 4916 449 4975 pag.
488 4897 583 4956 98.
613 4900 803 4972 Atque
820 4896 1033 4956 iterum
1060 4897 1210 4956 inter
1233 4903 1493 4955 auctores
1511 4900 1587 4953 De
1610 4897 1818 4952 divinis
1841 4898 2040 4965 ofﬁciis

300 4989 536 5049 Romae
590 4987 722 5046 1591
767 4986 827 5044 in
870 4985 971 5044 fol.
1004 4986 1087 5044 De
1124 4984 1406 5044 Bonifacii
1466 4999 1630 5058 papae
1664 4983 1743 5042 IV
1787 4984 2040 5054 Decreto,

300 5077 481 5152 quod
517 5075 593 5135 ad
635 5073 853 5132 calcem
881 5072 1146 5146 opusculi
1186 5071 1448 5131 vicesimi
1477 5070 1661 5129 octavi
1701 5069 2041 5130 collocatum

300 5167 633 5241 invisitur,
686 5164 903 5225 videsis
957 5165 1330 5223 Franciscum
1388 5162 1608 5221 Hallier
1663 5162 1814 5220 circa
1866 5162 2043 5218 tinem

301 5259 454 5328 ejus
517 5256 729 5329 operis,
780 5255 880 5314 cui
936 5254 1143 5314 titulus
1190 5261 1319 5313 est:
1372 5256 1623 5323 Defensio
1676 5254 2047 5309 ecclesiastica

304 5346 695 5409 Hierarchiae,
755 5342 994 5402 Parisiis
1043 5342 1198 5416 apud
1252 5340 1521 5401 Carolum
1575 5339 1882 5400 Morellum
1942 5356 2044 5397 an-

300 5451 395 5494 no
436 5433 672 5492 1632in
704 5433 756 5504 4,
788 5433 892 5492 ubi
919 5432 995 5491 ad
1024 5448 1150 5507 pag.
1205 5432 1306 5492 781
1340 5431 1579 5506 longum
1609 5447 1782 5505 super
1804 5433 1910 5490 hoc
1938 5430 2047 5488 De-

304 5529 490 5583 creto
550 5522 787 5581 exhibet
818 5520 1129 5596 judicium.
1161 5521 1545 5580 Tricesimum
1574 5519 1852 5594 quintum
1900 5533 2049 5593 opu-

306 5610 577 5674 sculum
607 5611 674 5668 de
724 5613 960 5685 picturis
987 5612 1307 5684 principum
1334 5610 1699 5683 apostolorum
1724 5613 2048 5683 pertractat.

2118 3201 2315 3261 siones,
2371 3202 2544 3272 atque
2613 3203 2860 3256 carmina
2934 3201 3119 3274 primo
3199 3204 3320 3263 loco
3401 3207 3818 3281 complectitur.

2118 3288 2488 3361 Hymnorum
2542 3289 2764 3364 aliquot
2810 3291 3176 3353 doctissimus
3224 3312 3289 3354 ac
3334 3314 3467 3355 ven.
3514 3299 3824 3359 cardinalis

2118 3375 2466 3435 Thomasius
2497 3377 2738 3437 clericus
2778 3379 3061 3453 regularis
3109 3383 3172 3440 in
3227 3388 3524 3455 Hymnario
3574 3388 3646 3445 ad
3704 3388 3824 3446 cal-

2117 3480 2243 3523 cem
2281 3465 2372 3524 sui
2409 3468 2670 3522 Psalterii
2704 3466 2937 3540 publica
2974 3469 3100 3528 luce
3152 3471 3342 3529 denuo
3389 3472 3644 3531 donavit.
3682 3474 3827 3533 Inde

2117 3562 2447 3631 sequuntur
2515 3559 2854 3614 Collectanea
2928 3561 2988 3613 in
3062 3562 3229 3614 Vetus
3296 3563 3693 3619 Testamentum
3752 3580 3827 3622 ex

2117 3644 2371 3718 epistolis
2432 3644 2842 3718 opusculisque
2902 3644 3052 3702 Petri
3114 3645 3381 3704 Damiani
3443 3665 3477 3706 a
3545 3654 3825 3712 monacho

2118 3734 2245 3807 ejus
2289 3732 2572 3807 discipulo
2604 3739 2891 3806 excerpta,
2927 3739 2983 3793 et
3008 3733 3080 3792 ad
3118 3733 3467 3796 Damianum
3508 3739 3631 3799 divi
3673 3741 3825 3801 Petri

2118 3840 2190 3881 ex
2222 3821 2394 3882 fratre
2432 3828 2697 3895 nepotem
2728 3822 2923 3893 missa,
2956 3823 3028 3881 ad
3057 3839 3233 3899 quem
3278 3826 3351 3885 ab
3380 3828 3581 3888 eodem
3617 3829 3676 3890 S.
3718 3832 3823 3890 Pc-

2117 3919 2206 3972 tro
2250 3912 2599 3988 opusculum
2638 3911 2707 3969 47
2752 3918 2837 3970 est
2887 3911 3254 3987 inscriptum.
3303 3913 3387 3973 Cl.
3438 3918 3729 3977 Grandius
3767 3920 3825 3978 in

2117 4018 2222 4061 sua
2259 4001 2692 4074 Dissertatione,
2725 4016 2860 4076 qua:
2911 4002 3007 4059 hic
3061 4004 3389 4076 exhibetur,
3428 4021 3551 4082 cap.
3589 4009 3638 4078 1,
3670 4026 3725 4066 n.
3771 4012 3824 4079 5,

2117 4091 2470 4151 Damianum
2510 4090 2569 4150 S.
2602 4092 2673 4151 R.
2716 4091 2781 4148 Ε.
2821 4090 3176 4152 cardinalem
3213 4110 3247 4152 a
3300 4093 3360 4155 S.
3397 4094 3671 4170 Gregorio
3718 4097 3825 4156 VII

2118 4179 2181 4239 P.
2230 4180 2307 4238 M.
2349 4186 2606 4240 creatum
2648 4179 2828 4239 fuisse
2874 4182 3014 4240 satis
3046 4183 3272 4241 erudite
3309 4185 3550 4257 probare
3585 4193 3824 4246 conten-

2117 4268 2220 4327 dit.
2268 4268 2481 4329 Ultimo
2539 4271 2662 4328 loco
2715 4273 2981 4341 Regulam
3038 4273 3427 4330 Canonicorum
3471 4278 3827 4345 Regularium

2118 4357 2272 4417 Petri
2300 4360 2372 4417 de
2406 4360 2676 4419 Honestis
2714 4376 2746 4419 e
2781 4361 3058 4421 Ravenna
3105 4362 3360 4422 inserere
3406 4363 3623 4438 placuit
3665 4367 3827 4441 Gaje-

2124 4452 2278 4520 tano,
2320 4453 2520 4522 utpote
2562 4465 2695 4525 qua;
2738 4450 2811 4508 ab
2844 4451 3145 4525 aliquibus
3174 4451 3309 4511 divo
3350 4452 3514 4513 Petro
3558 4456 3827 4516 Damiani

2125 4534 2237 4593 fuit
2260 4534 2603 4610 adjudicata.
2636 4536 2901 4610 Ipsorum
2939 4538 3215 4609 nominis,
3246 4541 3447 4614 patriai
3480 4558 3547 4602 ac
3583 4544 3830 4604 humilis

2121 4625 2559 4699 subscriptionis
2610 4630 2762 4682 Petri
2810 4630 3114 4698 peccatoris
3166 4630 3547 4703 aequivocatio
3596 4636 3828 4692 errandi

2120 4714 2477 4774 occasionem
2507 4714 2673 4773 facile
2702 4716 2961 4789 prrebere
2998 4717 3199 4789 potuit.
3238 4718 3452 4778 Verum
3498 4737 3669 4780 nemo
3708 4739 3825 4783 non

2122 4804 2277 4862 videt
2305 4818 2607 4878 nunquam
2635 4804 2707 4862 ad
2747 4804 2979 4862 Petrum
3015 4804 3302 4878 Damiani,
3336 4808 3435 4865 sed
3471 4809 3545 4867 ad
3579 4810 3827 4872 alterum

2123 4895 2194 4953 de
2238 4895 2506 4952 Honestis
2540 4895 2827 4968 pertinere
2871 4896 3232 4955 solummodo
3268 4913 3450 4971 posse,
3494 4916 3629 4959 cuin
3668 4919 3833 4975 regu-

2122 4985 2180 5043 la
2214 4985 2338 5059 ipsa
2372 4984 2443 5041 ad
2486 4983 2817 5042 Paschalem
2855 4983 2909 5042 II
2948 4985 3008 5044 Ρ.
3052 4986 3128 5043 Μ.
3162 4986 3431 5061 inscripta
3476 4989 3570 5059 sit,
3612 4991 3833 5064 quique

2127 5072 2418 5133 Paschalis
2447 5072 2723 5131 vicesimo
2756 5072 3000 5147 septimo
3027 5090 3180 5132 anno
3218 5084 3343 5148 post
3382 5076 3532 5136 Petri
3568 5079 3832 5155 Damiani

2124 5161 2347 5220 obitum
2375 5161 2497 5234 (qui
2521 5177 2677 5220 anno
2710 5162 2840 5221 1072
2864 5162 3117 5234 contigit)
3142 5163 3213 5221 ad
3236 5165 3506 5225 Ecclesiae
3531 5168 3830 5226 catholica)

2126 5250 2385 5324 regimen
2414 5251 2525 5310 fuit
2554 5259 2801 5313 evectus.
2837 5268 2991 5310 anno
3018 5251 3235 5312 scilicet
3266 5255 3419 5314 1099.

2200 5338 2355 5399 VIII.
2387 5339 2635 5397 Tabulas
2669 5345 2791 5397 tum
2823 5339 3082 5399 locorum
3110 5358 3288 5402 sacras
3336 5343 3667 5422 Scriptum,
3708 5355 3831 5408 tum

2131 5428 2525 5498 materiarum,
2574 5442 2706 5501 qua)
2790 5427 2849 5485 in
2911 5427 3224 5489 Parisiensi
3278 5433 3530 5509 editione
3607 5436 3835 5511 rejectaa

2132 5516 2504 5591 reperiuntur
2536 5516 2601 5575 in
2632 5522 2921 5591 postremo
2956 5523 3130 5591 tomo,
3160 5535 3350 5593 operai
3393 5525 3646 5597 pretium
3688 5527 3839 5587 duxi

2131 5605 2279 5666 duas
2307 5604 2373 5664 in
2408 5611 2600 5681 partes
2646 5606 2928 5675 dividere,
2962 5608 3041 5666 ita
3070 5613 3136 5667 ut
3184 5610 3351 5685 (quod
3410 5614 3472 5671 in
3537 5631 3651 5673 non
3707 5616 3835 5673 lere
