4106 6204
261 359 326 416 15
946 382 955 387 ·
1177 361 1237 421 S.
1280 360 1569 420 PETBUS
1607 359 2001 421 DAMIANUS
2146 362 2215 421 R.
2257 362 2322 422 E.
2365 362 2844 426 CARDINALIS.
3692 373 3759 431 16
3818 408 3823 411 -

255 485 622 544 commodum
660 485 763 543 tibi
802 486 976 558 cedet)
1006 491 1135 559 post
1171 486 1493 546 secundum
1534 491 1758 545 tomum
1788 485 2171 562 facileAquae
2208 488 2266 545 in
2316 487 2683 547 bibliothecis
2741 490 2931 549 forsan
2983 491 3181 561 latent,
3227 492 3559 563 conferret;
3606 509 3757 554 nova

253 572 595 632 adinvenies
628 589 764 647 quae
799 573 870 630 ad
910 573 1056 632 duos
1105 574 1325 647 priores
1378 581 1562 634 tomos
1606 580 1878 649 spectant,
1907 583 1963 633 et
2047 577 2097 634 si
2129 592 2262 651 quae
2311 577 2521 649 forent,
2567 578 2929 651 produceret,
2977 586 3031 638 et
3080 581 3437 641 auctioribus
3482 582 3756 643 observa-

253 670 381 736 post
419 670 689 737 quartum
737 679 870 737 quae
918 663 989 722 ad
1041 662 1187 722 duos
1228 665 1587 737 posteriores.
1646 664 1758 735 En,
1787 664 1960 724 lector
2044 664 2299 723 tionibus
2325 666 2592 739 notisque
2644 666 2874 725 ditaret.
2904 666 3107 727 Fateor
3132 670 3289 727 enim
3337 670 3627 730 nonnulla
3653 671 3755 731 de-

256 751 702 822 humanissime,
725 752 1016 826 quidquid
1042 753 1105 809 in
1146 752 1297 809 Petri
1323 752 1597 811 Damiani
1648 751 1829 826 Opera
1857 754 1956 812 ad-
2039 769 2163 811 esse
2201 760 2258 811 et
2293 754 2434 812 huic
2480 751 2741 825 editioni,
2785 771 2901 829 quo
2951 758 3147 816 minus
3191 760 3758 818 consummatissima

254 846 448 898 notare
496 839 686 910 libuit,
750 848 806 898 et
862 856 963 913 pro
1017 847 1269 914 tempore
1320 840 1503 899 licuit.
1559 841 1845 899 Caeterum
1898 841 1959 898 in
2040 839 2318 913 appellari
2348 841 2577 911 valeat;
2608 858 2812 900 verum
2850 843 2964 900 alia
3001 860 3076 902 ex
3107 851 3267 918 parte
3294 846 3754 918 praecedentibus

255 930 404 987 votis
449 930 800 1000 habuissem,
858 938 921 988 ut
976 932 1437 1004 praestantissimi
1492 933 1672 1006 hujus
1714 932 1963 991 auctoris
2043 928 2317 987 omnibus
2362 944 2488 987 eam
2525 931 2946 1002 correctiorem,
2977 932 3294 992 auctiorem
3334 940 3392 991 et
3418 935 3753 994 nitidiorem

253 1016 385 1089 quis
432 1018 643 1091 scripta
670 1018 866 1076 omnia
896 1017 969 1075 ad
1009 1033 1253 1077 examen
1285 1026 1617 1090 revocaret;
1658 1035 1791 1078 cum
1821 1034 1960 1078 mss.
2047 1017 2305 1077 futuram
2325 1018 2587 1103 conﬁdo.
2608 1018 2771 1081 Vale.

768 1479 1427 1567 CAJETANI
1510 1479 2157 1566 EPISTOLA
2247 1476 3227 1567 DEDICATORIA.

322 1884 381 1944 S.
412 1885 483 1947 D.
510 1884 578 1946 N.
613 1885 814 1948 PAULO
839 1886 910 1960 V,
942 1888 1201 1961 pontiﬁci
1231 1888 1512 1962 maximo,
1542 1889 1993 1947 CONSTANTINUS
2020 1886 2383 1959 CAJETANUS,
2414 1889 2739 1949 monachus
2776 1890 3235 1965 congregationis
3265 1891 3614 1965 Casinensis,
3647 1909 3738 1952 sa-

248 1975 429 2036 lutem
454 1980 509 2033 et
532 1974 869 2034 felicitatem
896 1993 930 2035 a
956 1976 1075 2035 Deo
1096 1982 1383 2050 precatur.

315 2064 456 2124 Jure
492 2064 731 2138 Optimo,
761 2064 928 2123 Pater
970 2064 1324 2138 beatissime,
1355 2066 1621 2127 laborum
1653 2081 1916 2126 meorum
1960 2065 2247 2140 primitias
2292 2065 2397 2124 tibi
2423 2066 2812 2140 degustandas
2851 2083 3160 2137 consecro;
3192 2068 3409 2145 quippe
3455 2070 3557 2144 qui
3609 2069 3741 2129 Cle-

242 2153 456 2211 mentis
483 2154 668 2211 octavi
696 2154 911 2225 locum,
948 2170 1281 2231 munusque
1309 2155 1738 2230 amplissimum
1763 2156 1966 2216 divino
1993 2160 2143 2215 nutu
2171 2172 2291 2215 non
2328 2156 2500 2217 modo
2531 2158 2769 2218 sortitus
2794 2175 2876 2230 es,
2907 2174 3113 2219 verum
3142 2160 3316 2219 etiam
3343 2160 3415 2219 de
3447 2167 3502 2220 te
3525 2161 3743 2235 optime

245 2242 434 2301 meriti
466 2242 755 2316 pontiﬁcis
797 2242 1175 2303 consiliorum
1209 2260 1522 2319 rerumque
1550 2246 1699 2303 bene
1745 2245 2145 2305 institutarum
2179 2246 2367 2304 fautor
2400 2261 2462 2304 es
2501 2251 2558 2305 et
2609 2246 3008 2320 ampliﬁcator.
3043 2246 3164 2306 Has
3206 2248 3358 2307 inter
3401 2255 3486 2307 est
3539 2250 3741 2308 beatus

242 2330 442 2389 Petrus
468 2330 753 2403 Damiani,
785 2333 886 2405 qui
914 2338 979 2391 ut
1007 2333 1065 2390 in
1101 2333 1295 2392 lucem
1324 2335 1611 2406 ederetur,
1640 2335 1692 2392 is
1720 2334 1868 2393 mihi
1897 2338 2097 2393 auctor
2126 2335 2422 2393 maximus
2450 2334 2581 2393 fuit.
2607 2334 2812 2393 Merito
2843 2335 3055 2408 itaque,
3083 2341 3146 2393 ut
3182 2351 3276 2393 me
3302 2336 3376 2394 ab
3397 2336 3561 2395 omni
3583 2336 3732 2395 obli-

243 2418 473 2491 gatione
500 2418 762 2489 liberem,
793 2435 962 2492 opus,
993 2420 1147 2495 quod
1185 2420 1469 2480 Clementi
1505 2422 1743 2480 reddere
1776 2422 2021 2480 minime
2057 2437 2317 2495 possum,
2351 2422 2668 2479 successori
2698 2421 3151 2480 clementissimo
3179 2422 3385 2480 refero.
3424 2424 3739 2484 Clementis

238 2521 384 2579 opus
409 2506 665 2565 dixerim
689 2508 1064 2580 Damianum,
1096 2526 1271 2584 quem
1299 2516 1455 2569 tanto
1482 2526 1707 2585 semper
1733 2517 1819 2569 est
1846 2525 2045 2568 amore
2073 2508 2433 2582 complexus,
2464 2514 2530 2566 ut
2546 2506 2636 2567 vel
2667 2508 2730 2566 in
2762 2524 2875 2579 me,
2904 2507 3005 2582 qui
3036 2508 3097 2566 in
3130 2524 3197 2567 eo
3229 2511 3483 2570 multum
3516 2512 3735 2573 labora-

233 2611 455 2664 veram,
492 2594 657 2654 illius
685 2596 1107 2657 benevolentiae
1129 2614 1247 2657 non
1278 2614 1486 2673 parum
1514 2599 1809 2657 derivarit.
1844 2598 1953 2657 Sed
1981 2598 2174 2657 nescio
2205 2613 2284 2655 an
2316 2603 2483 2656 tuum
2509 2596 2702 2670 potius
2726 2596 2899 2655 illum
2921 2596 3213 2671 appellem
3242 2622 3255 2656 :
3289 2614 3426 2657 nam
3454 2600 3508 2657 si
3535 2616 3733 2675 perso-

234 2702 377 2744 nam
426 2690 769 2759 spectemus,
804 2687 865 2746 S.
906 2687 978 2747 R.
1022 2688 1089 2746 Ε.
1141 2688 1452 2746 cardinalis
1489 2694 1593 2759 est,
1634 2694 1690 2747 et
1722 2688 2000 2747 Ostiensis
2051 2688 2386 2761 episcopus;
2418 2685 2468 2743 si
2512 2684 2647 2744 libri
2701 2686 2878 2761 hujus
2921 2689 3258 2761 consilium,
3302 2688 3589 2749 institutio
3648 2697 3734 2749 est

233 2774 506 2832 Ecclesiae
528 2775 957 2834 moderatorum
988 2792 1293 2835 morumve
1323 2783 1728 2851 corruptorum
1753 2776 2118 2845 emendatio;
2151 2777 2201 2834 si
2229 2776 2302 2834 ad
2327 2790 2473 2849 quos
2515 2774 2787 2835 scribitur
2825 2776 3002 2847 viros,
3042 2776 3334 2850 principes
3383 2783 3521 2836 sunt
3558 2783 3735 2853 atque

232 2865 293 2921 in
320 2864 523 2938 primis
553 2865 852 2940 pontiﬁces
880 2866 1128 2924 maximi
1164 2887 1175 2925 :
1210 2882 1342 2940 qum
1367 2867 1565 2925 omnia
1589 2866 1762 2925 oﬂicii
1810 2866 1896 2925 tui
1922 2872 2007 2924 est
2038 2881 2260 2935 curare,
2301 2863 2598 2938 dignitatis
2642 2865 2932 2938 amplecti.
2966 2864 3201 2923 Accedit
3238 2864 3596 2925 incredibilis
3624 2867 3733 2926 iste

229 2960 364 3012 tuus
392 2953 561 3012 ardor
589 2954 791 3023 animi,
834 2954 1210 3029 studiumque
1244 2954 1589 3013 Christianae
1614 2954 1913 3028 religionis
1937 2953 2317 3013 defendenda:
2348 2960 2403 3011 et
2430 2952 2854 3026 ampliﬁcandae
2880 2978 2893 3011 :
2927 2953 3030 3026 qui
3048 2952 3182 3026 jure
3203 2968 3309 3011 suo
3340 2954 3511 3011 talem
3535 2954 3730 3013 virum

227 3042 572 3115 postulabat,
604 3044 797 3119 qualis
848 3052 1079 3104 sanctus
1106 3045 1302 3104 doctor
1345 3043 1802 3115 commendatur,
1831 3044 1964 3102 ﬁdei
1988 3059 2054 3101 ac
2089 3044 2236 3118 legis
2262 3042 2481 3101 divinae
2508 3041 2777 3101 defensor
2826 3042 3187 3121 acerrimus;
3220 3041 3447 3101 vitiosae
3491 3042 3729 3101 vivendi

231 3131 693 3202 consuetudinis,
719 3149 852 3206 quaa
884 3133 945 3190 in
978 3148 1082 3191 sua
1110 3141 1365 3207 tempora
1412 3133 1839 3205 dominabatur,
1870 3133 2229 3206 exstirpandi
2268 3130 2762 3202 studiosissimus;
2797 3131 2883 3191 uti
2918 3131 2979 3189 in
3027 3129 3188 3191 illius
3217 3131 3473 3205 epistolis
3501 3129 3728 3205 perspi-

225 3236 357 3279 cere
372 3220 699 3295 jucundum
728 3223 857 3292 erit,
885 3221 1088 3282 utilius
1116 3229 1289 3297 atque
1317 3223 1627 3296 gloriosius
1660 3222 1898 3281 imitari.
1935 3220 2174 3295 Suscipe
2188 3221 2386 3294 igitur,
2417 3220 2584 3278 Pater
2611 3218 2990 3291 sanctissime,
3021 3226 3189 3279 tuum
3221 3220 3591 3290 Damianum,
3624 3219 3727 3294 qui

226 3315 306 3365 tot
337 3323 401 3365 ac
430 3309 603 3368 tantis
632 3316 817 3369 tecum
849 3316 935 3369 est
958 3314 1196 3384 junctus
1236 3310 1436 3381 titulis,
1468 3318 1532 3369 ut
1578 3311 1865 3383 gaudeam
1902 3326 1996 3369 me
2025 3309 2096 3369 de
2150 3308 2525 3383 patroctcinio‘
2549 3307 2821 3366 Damiani
2846 3306 3182 3379 sollicitum,
3236 3314 3291 3366 te
3342 3308 3432 3366 illi
3475 3324 3601 3367 esse
3652 3307 3724 3365 ad

222 3397 508 3470 gloriam:
543 3405 599 3456 et
626 3399 781 3472 apud
817 3400 1233 3457 beatitudinem
1266 3406 1447 3469 tuam,
1474 3398 1645 3458 illum
1685 3416 1789 3474 pro
1840 3400 1981 3469 suis,
2036 3399 2283 3472 aliisque
2312 3396 2506 3468 rebus,
2534 3411 2667 3470 quas
2715 3396 2867 3469 apud
2924 3411 3018 3455 me
3071 3403 3229 3467 sunt,
3256 3401 3475 3470 tuaque
3533 3411 3639 3469 ope
3669 3400 3726 3452 et

219 3485 442 3542 auxilio
462 3486 745 3560 indigent,
768 3495 1076 3562 patronum
1104 3486 1423 3544 invenisse.
1450 3485 1651 3545 Habeo
1672 3489 1831 3547 enim
1855 3504 1976 3562 prae
1997 3487 2272 3546 manibus
2295 3483 2737 3559 quamplurium
2757 3491 3088 3544 sanctorum
3116 3484 3419 3554 Historias,
3450 3498 3582 3556 quae
3603 3497 3721 3542 non

223 3574 349 3632 sine
378 3589 585 3647 magna
613 3574 876 3649 ipsorum
909 3576 1144 3648 injuria,
1178 3589 1404 3633 necnon
1440 3575 1667 3647 pietatis
1695 3591 1762 3635 ac
1786 3576 2057 3650 gloriosae
2103 3572 2497 3633 aemulationis
2518 3572 2762 3646 jactura,
2790 3572 3212 3633 desiderantur.
3254 3572 3436 3631 Multa
3479 3582 3556 3630 ex
3585 3586 3717 3644 pro-

220 3662 370 3721 batis
396 3664 774 3737 scriptoribus
803 3664 1000 3723 notavi
1028 3661 1401 3738 adjuugenda
1426 3663 1489 3720 in
1520 3662 1784 3723 Romano
1811 3664 2243 3738 Martyrologio,
2270 3676 2405 3734 quae
2431 3661 2647 3734 partim
2669 3661 2741 3718 ad
2770 3668 3104 3720 sanctorum
3136 3676 3471 3732 numerum,
3502 3659 3718 3733 partim

216 3751 289 3809 ad
320 3758 647 3825 temporum
676 3760 851 3826 atque
874 3752 1133 3811 locorum
1171 3752 1234 3810 in
1264 3752 1479 3827 quibus
1506 3752 1755 3827 gloriose
1780 3754 1993 3824 obiere,
2022 3752 2312 3828 pertinent
2349 3749 2669 3807 veritatem.
2705 3747 2925 3822 Collegi
2952 3750 3204 3825 denique
3252 3749 3539 3809 nonnulla
3569 3755 3717 3808 vete-

219 3857 351 3901 rum
382 3841 619 3900 Patrum
644 3840 1022 3911 monimenta,
1050 3856 1183 3914 quae
1209 3839 1254 3897 si
1284 3840 1347 3898 in
1374 3841 1676 3914 publicum
1698 3850 2060 3916 apparerent,
2091 3841 2182 3899 vel
2222 3839 2305 3897 rei
2330 3837 2603 3909 novitate,
2632 3836 2722 3895 vel
2749 3838 2997 3898 utilitate
3019 3840 3221 3898 multis
3251 3839 3419 3899 bonis
3460 3838 3714 3912 legentes

218 3930 604 3989 cumularent.
634 3929 825 4003 Atque
852 3928 913 3986 hi
943 3943 1167 3999 omnes,
1202 3928 1374 3986 Pater
1402 3931 1785 4002 sanctissime,
1816 3929 1963 3989 dum
1991 3937 2045 3988 te
2084 3929 2146 3987 in
2174 3928 2355 3986 beataa
2387 3925 2647 3997 Virginis
2674 3932 2730 3983 et
2753 3926 3147 4000 apostolorum
3178 3929 3457 4004 principis
3486 3930 3711 3987 instau-

218 4021 416 4079 randis
458 4018 852 4092 ornandisque
898 4016 1129 4091 templis
1172 4024 1515 4091 occupatum
1558 4035 1934 4094 conspexere,
1958 4020 2021 4078 in
2052 4033 2212 4092 spem
2256 4021 2470 4075 certam
2514 4023 2819 4087 venerunt,
2849 4016 2971 4076 fore
3001 4027 3066 4077 ut
3092 4019 3156 4077 in
3199 4018 3391 4077 lucem
3421 4033 3521 4091 per
3563 4024 3616 4074 te
3645 4031 3712 4073 ac

63 4121 201 4163 ,κβ
219 4110 397 4167 vitam
432 4113 837 4167 revocarentur
866 4126 877 4165 :
907 4113 1354 4179 sanctorumque
1382 4106 1642 4167 virorum
1671 4109 1932 4168 studium
1962 4108 2081 4167 tuis
2112 4112 2261 4165 recte
2287 4103 2449 4162 factis
2476 4103 2540 4161 in
2567 4103 2876 4164 hominum
2898 4106 3112 4165 animis
3140 4112 3502 4179 conceptum,
3536 4119 3703 4178 pare-

215 4205 299 4258 ret
331 4197 603 4257 Ecclesize
632 4196 927 4257 universae
960 4196 1178 4255 fructus
1207 4194 1436 4269 uberes,
1479 4198 1701 4256 auctori
1728 4214 1865 4257 vero
1888 4197 2135 4273 gloriam
2167 4192 2596 4267 sempiternam.
2628 4192 2911 4266 Equidem
2965 4210 3197 4268 operam
3251 4210 3464 4267 meam,
3496 4194 3715 4269 qualis-

214 4304 447 4363 cunque
479 4288 579 4347 illa
607 4289 699 4361 sit,
729 4305 962 4349 omnem
995 4290 1255 4365 polliceri
1278 4306 1550 4364 possum;
1586 4308 1709 4351 rem
1738 4309 1875 4352 vero
1906 4306 2201 4352 summam
2228 4288 2471 4363 probare
2496 4302 2561 4344 ac
2589 4286 2784 4345 fovere
2811 4294 2896 4345 est
2917 4287 3127 4361 judicii
3153 4303 3220 4347 ac
3247 4286 3542 4361 potestatis
3570 4293 3708 4346 tuae.

216 4378 413 4437 Meum
445 4377 698 4455 denique
727 4387 831 4453 est,
862 4379 966 4437 tibi
994 4396 1028 4439 a
1071 4380 1187 4439 Deo
1216 4384 1332 4455 opt.
1371 4396 1530 4440 max.
1560 4381 1789 4442 ﬁrmam
1824 4381 2245 4452 valetudinem,
2271 4375 2529 4438 consiliis
2553 4390 2621 4433 ac
2667 4375 2846 4436 rebus
2890 4377 3007 4437 tuis
3061 4377 3350 4452 sapienter
3401 4382 3712 4450 sancteque

215 4470 415 4543 emptis
441 4469 771 4531 felicitatem
797 4469 1038 4547 precari.
1065 4469 1226 4529 Vale.
