4106 6204
434 231 495 290 17
1302 235 1880 298 PBOLEGOMENA.
1919 268 1989 281 --
2027 235 2123 296 DE
2164 237 2567 298 INSTITUTO
2605 238 3037 302 CAMALDUL.
3852 245 3917 303 18

1438 622 1443 623 ε
1562 579 2158 727 GUIDONIS
2257 581 2777 697 GRANDII

606 828 1077 878 CREMOMENSIS
1126 831 1407 880 ABBATIS
1467 833 1741 881 ORDINIS
1795 833 2030 882 SANCTI
2083 833 2465 907 BENEDICTI,
2523 834 3075 885 CAMALDULENSIS
3132 837 3731 900 CONGREGATIONIS,

1718 1015 2609 1104 DISSERTATIO

792 1202 891 1267 DE
933 1202 994 1264 S.
1036 1203 1258 1267 PETRI
1300 1204 1626 1271 ΒΑΜΙΑΝΙ
1665 1206 1761 1268 ΕΤ
1799 1206 2457 1269 AVELLANITARUM
2494 1206 2897 1271 INSTITUTO
2933 1207 3538 1272 CAMALDULENSI.

1969 1380 2362 1393 ..υ-

969 1529 1213 1590 CAPUT
1252 1529 1571 1591 PRIMUM.
2145 1531 2328 1601 Abet,
2358 1531 2423 1589 B.
2470 1531 2673 1590 Petrus
2720 1531 3007 1603 Damiani,
3054 1533 3418 1606 praecipuum
3469 1496 3691 1592 ordinis
3740 1535 3922 1594 nostri

619 1624 845 1693 Scopas,
885 1627 1265 1690 argumentum
1302 1627 1353 1677 et
1388 1626 1596 1678 occasio
1621 1624 1914 1681 scribendi.
2212 1619 2432 1689 lumen,
2488 1628 2543 1679 et
2591 1627 2996 1679 ornamentum
3032 1622 3585 1694 :quemadmodum,
3635 1622 3761 1697 ejus
3808 1624 3924 1680 aris

411 1709 723 1787 SYNOPSIS.
758 1741 820 1753 —
856 1711 1015 1787 Varii
1055 1713 1397 1787 scriptorum
1452 1712 1597 1787 lines
1630 1731 1667 1787 _:
1724 1728 1801 1787 ex
1847 1713 1941 1787 hi_s
1996 1714 2130 1787 quis
2215 1711 2514 1772 humiliter
2578 1711 2910 1781 advolutus,
2965 1711 3140 1769 enixe
3201 1711 3491 1784 deprecor.
3565 1713 3683 1770 Nec
3739 1713 3920 1784 enim,

410 1824 439 1845 ς
483 1786 706 1876 auctori
755 1784 1114 1876 pmpgsjtus?
1161 1783 1425 1876 Ncumkl.
1469 1784 1743 1876 Ejusdem
1786 1783 1849 1841 in
1894 1783 2031 1876 Petr‘

2299 1802 2327 1860 εἰ
2375 1801 2593 1876 praevia
2633 1802 2763 1875 ejus
2805 1800 3109 1875 patrocinii
3148 1783 3534 1873 invocatione,
3561 1802 3729 1875 cujus
3775 1818 3920 1875 pra:-

482 1852 837 1912 Damianum
859 1852 879 1856 “
901 1854 1134 1913 ﬁducia.
1200 1855 1255 1912 2.
1327 1852 1675 1924 Qutest'ionis
1743 1863 2103 1913 momentum

486 1924 538 1982 3.
576 1925 725 1983 Petri
755 1925 1024 1983 Damiani
1052 1925 1326 1985 elogium.
1359 1927 1412 1985 4.
1448 1925 1907 1985 Avellanitarum
1949 1927 2103 1985 glori:

2298 1852 2327 1860 .-
2418 1852 2593 1860 -..ηπ
2637 1852 2661 1859 ν
2697 1852 2761 1859 μ-
2845 1852 3109 1859 w-----..-_
3150 1852 3534 1873 ---ην----μη
3564 1852 3630 1861 η
3665 1852 3729 1861 μυ
3813 1852 3887 1859 ,η

2298 1852 2461 1948 uiam
2513 1852 2681 1947 toties
2724 1852 2872 1945 mihi
2925 1887 3230 1961 propitiam
3279 1890 3454 1960 sensi,
3502 1889 3575 1947 ad
3623 1852 3731 1947 hoc
3775 1852 3919 1947 lscri-

525 1971 538 1981 .
576 1927 725 2007 Petri
755 1927 1024 2007 Damiani
1052 1927 1326 2007 elogium.
1359 1927 1412 1985 4.
1448 1927 1907 2007 A_vellanitarum
1949 1927 2132 2007 gloria

485 1978 2132 2071 einan?salsissimus'egiseagaéaa‘abp‘is;ia
2214 1980 2448 2071 ptioni8_
2480 1996 2665 2053 genus
2697 1978 3278 2071 ganimumﬁppllﬂ;
3336 1993 3444 2071 ῐιςὶο
3496 1979 3922 2071 υἱεῖ-εἱμεᾷοω

487 2067 880 2143 cardinalibus
916 2083 1049 2143 _ex_
1082 2066 1302 2143 eodeni
1371 2066 1719 2143 monasterio
1791 2066 2125 2143 assumptis.
2211 2069 2505 2143 auspiciis,
2556 2073 2638 2126 tot
2693 2067 2846 2125 inter
2906 2066 3091 2125 varias
3143 2066 3544 2141 occupationes
3598 2067 3671 2125 ab
3726 2067 3924 2140 hujus-

488 2139 552 2230 ᾗ
579 2138 792 2230 εἶθ-(ἶὲξῖ
816 2138 1737 2230 ἓξίξςῖίξὲᾗ,Ῡρὲθξιξῆἒξῖιίῖφξιξὶδ
1771 2138 2129 2230 ᾼνθξῙθ-ῧξξῖξὲ
2210 2138 2368 2218 modi
2411 2157 2620 2215 studiis
2661 2156 2918 2214 maxime
2952 2155 3189 2225 alienas,
3218 2138 3518 2230 oti—umque
3572 2138 3924 2228 diligentiori

485 2208 1834 2354 iiu§”‘%é‘r‘3wﬁ?$‘éiﬁlii‘é§é.“2%535s33988'a3‘
1872 2211 2127 2354 ἔιέοὲἓὲἐὲ
2211 2250 2445 2354 “sese
2463 2260 2659 2354 "T1213
2672 2245 3925 2354 -31”???_°PR‘3£E‘EFP{E{‘3¥FFErf’l'f‘:

485 2332 1295 2426 setamense?insin;
1322 2332 1701 2426 nigraes
1751 2332 2106 2426 amatas;

2297 2341 2466 2406 entes,
2498 2332 2821 2407 apologiam
2862 2333 3013 2390 hanc
3061 2339 3361 2405 utcunque
3398 2340 3727 2405 contexere,
3759 2341 3817 2392 et
3845 2336 3918 2391 ad

484 2420 760 2483 adversus
794 2422 1181 2482 Laderchium
1205 2420 1505 2497 apologiis.
1589 2420 1604 2425 ⁷
1764 2420 1784 2426 ’
2112 2420 2119 2423 ⁷
2205 2422 2555 2483 umbilicum
2621 2422 2856 2479 tandem
2924 2420 3236 2494 perducere
3298 2435 3391 2477 me
3455 2437 3620 2494 posse
3666 2421 3913 2480 conﬁdo.

1062 2522 1457 2570 DISSERTATIO.
2205 2512 2537 2572 Praesertim
2580 2526 2715 2570 cum
2758 2510 2829 2567 ad
2877 2515 3142 2583 quartam
3190 2510 3338 2566 hanc
3387 2510 3554 2568 stadii
3594 2510 3740 2568 mihi
3787 2527 3916 2584 pro-

480 2601 526 2659 I.
557 2600 667 2671 Qui
702 2602 859 2660 viros
882 2602 1197 2672 sanctitate,
1225 2601 1507 2672 doctrina,
1536 2600 1784 2660 rebusve
1812 2601 1944 2660 aliis
1970 2617 2122 2675 prze-
2204 2602 2376 2676 positi
2429 2606 2670 2674 partem,
2736 2598 2960 2657 viribus
3010 2614 3085 2656 ex
3147 2597 3491 2672 praecedenti
3550 2615 3725 2658 cursu
3774 2616 3918 2673 pene

404 2688 565 2746 clare
623 2689 799 2763 gestis
842 2689 1123 2763 insignes,
1154 2689 1246 2747 vel
1296 2688 1553 2760 familiae,
1606 2688 1700 2747 vel
1752 2691 1969 2764 patriae,
2030 2691 2124 2749 vel
2204 2690 2498 2761 confectis,
2575 2688 2860 2759 accedam,
2931 2703 3108 2761 quam
3176 2693 3473 2761 propterea
3541 2705 3617 2747 ex
3696 2689 3917 2762 integro

401 2776 602 2834 ordini
646 2792 753 2835 suo
804 2778 1103 2836 vindicare
1148 2786 1453 2849 conantur,
1487 2778 1733 2836 diversis
1782 2776 2005 2852 impelli
2049 2778 2123 2836 ad
2205 2780 2528 2851 decurrere,
2561 2784 2852 2851 totamque
2889 2776 3160 2850 perﬁcere
3208 2775 3313 2834 vix
3374 2777 3748 2849 speraverim,
3802 2778 3917 2836 nisi

402 2865 783 2956 scribendum
811 2866 1017 2926 studiis
1042 2874 1473 2926 consueverunt
1505 2885 1517 2926 :
1546 2866 1809 2941 plerique
1841 2868 2122 2928 nimirum
2141 2868 2489 2956 Bejusdem,
2542 2867 2714 2941 cujus
2761 2880 2934 2925 causa
2980 2865 3190 2939 agitur,
3228 2863 3286 2923 S.
3319 2865 3566 2924 doctoris
3619 2865 3915 2924 auxilium

399 2951 483 3008 ad
535 2954 976 3011 ostentationem
1029 2954 1251 3026 gloriae,
1297 2955 1575 3014 nonnulli
1620 2956 1878 3014 veritatis
1906 2951 2287 3029 amorefita
2350 2958 2633 3032 jacentem
2710 2956 2977 3015 animum
3046 2955 3245 3029 erigat,
3309 2955 3569 3029 vigorem
3654 2962 3910 3027 renovet,

401 3040 745 3114 paucissimi
777 3041 1176 3101 aadificationis
1206 3043 1391 3117 gratia
1417 3044 1477 3102 id
1504 3043 1566 3101 in
1594 3060 1656 3103 se
1686 3045 1898 3118 negotii
1936 3045 2124 3106 susci-
2206 3061 2416 3105 nervos
2468 3049 2766 3112 restauret,
2826 3049 3134 3101 nutantem
3200 3043 3404 3117 pedem
3462 3044 3785 3116 confirmet,
3850 3050 3914 3102 ut

402 3129 599 3201 piunt.
634 3129 754 3202 Ego
795 3145 952 3202 vero,
992 3138 1058 3189 ut
1105 3130 1428 3205 primorum
1476 3130 1789 3191 vanitatem
1834 3132 2124 3191 declinare
2206 3136 2278 3195 ad
2332 3140 2583 3209 optatam
2636 3140 2845 3191 metam
2900 3131 3059 3191 facili
3113 3138 3169 3191 et
3216 3133 3485 3208 expedito
3532 3149 3735 3207 gressu
3780 3148 3909 3207 per-

399 3235 514 3293 pro
562 3220 791 3279 viribus
832 3228 1047 3295 satago,
1072 3222 1151 3280 ita
1192 3222 1383 3280 zelum
1434 3221 1684 3281 aliorum
1734 3224 2024 3295 aemulari,
2057 3240 2123 3282 ac
2208 3225 2450 3298 tingam.

400 3307 662 3383 denique
700 3312 1083 3383 posteriorum
1119 3314 1373 3373 fructum
1409 3313 1682 3385 praesenti
1719 3314 2123 3374 dissertatione
2274 3314 2382 3374 III.
2417 3314 2503 3372 Ne
2533 3328 2671 3372 vero
2697 3314 2831 3388 quis
2859 3313 3209 3387 pr0positam
3242 3314 3693 3373 controversiam
3726 3313 3907 3371 levio-

399 3400 687 3473 consequi
719 3444 733 3469 ,
779 3416 1009 3460 summo
1058 3403 1238 3461 animi
1288 3404 1495 3461 ardore
1548 3403 1829 3462 desidero.
1885 3404 2121 3464 Petrum
2200 3405 2282 3463 ris
2348 3403 2587 3461 fortasse
2658 3401 2960 3474 momenti,
3035 3417 3101 3460 ac
3162 3401 3397 3460 minimi
3456 3401 3727 3475 ponderis
3785 3416 3909 3459 esse

401 3488 625 3547 scilicet
666 3489 1039 3564 Damianum,
1092 3499 1148 3551 et
1202 3492 1563 3551 Avellanitas
1603 3499 1840 3552 caeteros
1890 3493 2116 3553 Camal-
2198 3492 2528 3560 arbitretur,
2592 3490 2746 3561 quod
2811 3490 3010 3548 minus
3076 3490 3165 3548 illi
3226 3498 3519 3564 perspecta
3574 3489 3690 3547 sint
3755 3489 3908 3548 Petri

398 3576 669 3637 dulensis
703 3579 955 3640 instituti
991 3581 1189 3651 fuisse,
1230 3581 1507 3640 adversus
1543 3589 1885 3655 argumenta
1919 3583 2116 3642 Jacobi
2198 3581 2380 3641 nostri
2411 3580 2679 3638 Damiani
2713 3580 2930 3638 eximia
2958 3580 3021 3638 in
3051 3579 3365 3639 Ecclesiam
3405 3581 3626 3646 merita,
3671 3582 3910 3654 ejusque

403 3665 734 3739 Laderchii,
781 3668 1242 3743 congregationis
1286 3668 1537 3728 Romani
1588 3668 1833 3728 Oratorii
1888 3670 2145 3744 presby-.
2196 3678 2628 3730 antecessorum
2681 3684 2748 3726 ac
2799 3683 3215 3738 successorum,
3274 3668 3375 3743 qui
3427 3667 3656 3740 insigne
3710 3668 3907 3726 Fontis

405 3755 538 3825 teri,
592 3772 657 3814 ac
729 3758 1057 3832 nuperrimi
1108 3757 1258 3816 Vitae
1322 3757 1583 3831 ejusdem
1632 3757 1786 3815 Petri
1848 3756 2114 3817 Damiani
2196 3757 2465 3817 Avellani
2519 3755 2869 3828 coenobium,
2922 3764 3099 3831 atque
3151 3756 3292 3814 hinc
3345 3755 3653 3830 pendentia
3700 3764 3905 3816 mona-

402 3843 719 3918 scriptoris,
771 3846 1073 3906 ostendere
1120 3848 1184 3905 in
1235 3848 1384 3906 votis
1439 3847 1640 3919 habeo,
1698 3854 1820 3905 tum
1871 3862 1945 3905 ne
1999 3863 2115 3922 qua
2195 3850 2384 3919 steria,
2461 3863 2565 3907 nec
2632 3862 2750 3906 non
2827 3846 3263 3906 celeberrimam
3348 3844 3539 3906 Sitrim
3618 3862 3901 3918 eremum,

397 3948 479 3991 ex
520 3942 679 4008 parte
720 3936 949 3995 veritati
988 3936 1394 4010 praejudicium
1434 3937 1551 4006 fiat,
1583 3944 1708 3996 tum
1741 3936 2018 4008 maxime,
2049 3944 2114 3998 ut
2194 3940 2454 4014 aliasque
2516 3943 2787 4011 cognatas
2850 3935 3194 3996 solitudines
3254 3934 3620 3995 illustrarunt
3680 3943 3907 4006 (omnes

398 4023 875 4083 Gamaldulenses
904 4025 1087 4084 nostri
1117 4030 1407 4084 tantorum
1444 4026 1704 4097 Patrum,
1739 4035 1912 4102 atque
1949 4033 2110 4086 ante-
2194 4029 2352 4088 enim
2393 4027 2607 4101 pariter
2650 4027 2777 4084 haec
2820 4025 3063 4100 quaestio
3104 4024 3301 4100 tangit,
3344 4025 3660 4100 eademque
3713 4026 3907 4100 singu-

395 4127 695 4171 cessorum
756 4129 816 4172 se
869 4113 1038 4185 ﬁlios,
1097 4130 1163 4172 ac
1219 4129 1576 4174 successores
1619 4130 1928 4189 agnoscere
1979 4131 2112 4187 per-
2194 4117 2387 4176 lorum
2433 4122 2520 4172 est
2578 4113 2743 4185 ratio)
2795 4114 3090 4188 praeclarae
3143 4112 3301 4171 dotes
3362 4119 3577 4171 aeterna
3629 4114 3905 4172 memoria

393 4209 558 4274 gant,
620 4219 812 4278 neque
867 4219 928 4263 se
971 4205 1045 4263 ab
1100 4205 1337 4263 illorum
1406 4204 1727 4264 imitatione
1808 4206 2111 4281 sejungere
2131 4207 2390 4315 Cdignae
2413 4203 2781 4277 summisque
2823 4202 3093 4261 laudibus
3131 4202 3467 4271 eﬂ'erendze;
3498 4202 3628 4261 ideo
3667 4204 3902 4260 brevem

395 4291 650 4315 ﬁ--.‘l___n.
723 4294 931 4315 _-_:L_-_
988 4310 1343 4315 _-___‘-___.____
1423 4295 1514 4315 __-I
1567 4296 1936 4315 _.__-_A:--._-
2018 4297 2104 4315 ---ι
2200 4299 2210 4309 -
2324 4314 2327 4315 ,
2378 4297 2506 4315 νηξᾉ
2568 4311 2623 4315 Α-
2678 4294 2852 4315 __._l-_..:
2915 4293 3361 4315 _.._t_-_.-n-.._'-_.
3418 4293 3619 4315 1.-.“-..-
3671 4293 3881 4315 __..:;-..

393 4291 672 4366 audeant,
718 4294 935 4368 quibus
979 4310 1372 4367 communem,
1423 4295 1517 4354 vel
1566 4296 1966 4366 monasticam,
2017 4291 2257 4357 veluin
2305 4297 2509 4372 primis
2563 4311 2630 4353 ac
2678 4294 2859 4355 veluti
2914 4293 3367 4367 perfunctoriam
3416 4293 3625 4353 horum
3670 4293 3902 4367 pariter,

392 4382 756 4439 eremiticam
796 4382 1165 4456 disciplinam
1203 4384 1276 4442 ab
1310 4384 1512 4442 eodem
1546 4384 1910 4443 sanctissimo
1946 4384 2111 4444 Patre
2191 4394 2248 4445 et
2301 4385 2463 4444 illius
2512 4384 2701 4443 ideam
2749 4382 3211 4457 praemittendam
3291 4397 3497 4440 censeo
3557 4406 3570 4439 :
3631 4383 3902 4440 lectorem

392 4468 728 4529 Romualdo
764 4478 1053 4545 acceptam
1094 4488 1155 4531 se
1193 4473 1481 4532 derivasse
1528 4472 1869 4545 gloriantur.
1910 4474 2111 4549 Neque
2190 4475 2598 4546 nihilominus,
2652 4489 2755 4549 pro
2806 4470 3055 4546 pleniori
3128 4470 3281 4530 Petri
3335 4471 3603 4531 Damiani
3676 4472 3899 4543 notitia,

391 4559 556 4617 enim
612 4560 813 4619 minus
856 4562 929 4620 ad
980 4578 1107 4633 nos,
1131 4579 1304 4639 quam
1353 4563 1425 4620 ad
1482 4569 1703 4621 veteres
1752 4562 2111 4623 Avellanitas
2194 4566 2492 4638 remittens
2545 4563 2641 4622 ad-
2666 4561 3045 4631 doctissimos,
3102 4566 3158 4617 et
3212 4559 3530 4633 piissimos,
3579 4559 3901 4618 cardinales

392 4647 687 4720 pertinere
736 4650 966 4711 videtur
1006 4653 1202 4726 gravis
1251 4651 1352 4709 illa
1398 4651 1551 4710 Petri
1599 4651 1868 4710 Damiani
1909 4653 2110 4712 admo-
2194 4653 2510 4713 Baronium
2561 4658 2615 4709 et
2670 4648 3110 4717 Bellarminum,
3169 4645 3430 4721 aliosque
3494 4646 3903 4704 ecclesiasticos

392 4738 565 4796 nitio.
604 4754 721 4811 qua
773 4738 979 4814 Opusc.
1039 4755 1216 4798 suum
1268 4740 1329 4798 l3
1383 4741 1465 4798 De
1513 4741 1738 4811 ordine,
1771 4746 1827 4799 et
1868 4742 2108 4801 faculta-
2193 4744 2520 4817 scriptores,
2571 4739 2740 4799 initio
2793 4739 2933 4797 tomi
2990 4737 3016 4795 Ι
3071 4736 3324 4811 Operam
3374 4736 3634 4810 ejusdem
3686 4734 3903 4807 egregii

393 4826 559 4884 tibus
587 4827 789 4887 Fontis
816 4829 1086 4888 Avellani
1120 4829 1178 4889 S.
1213 4830 1409 4890 doctor
1445 4831 1757 4901 concludit,
1793 4830 2060 4891 videlicet
2091 4853 2104 4892 :
2191 4830 2440 4891 doctoris
2488 4846 2522 4888 a
2580 4826 2954 4886 Constantino
3015 4824 3218 4883 abbate
3276 4824 3545 4899 Cajetano
3602 4822 3901 4893 adductos,

385 4916 609 4971 Pudeat
655 4934 749 4973 vos
795 4920 864 4973 ab
912 4921 1134 4975 tuorum.
1185 4921 1474 4977 nobilitate
1514 4922 1636 4990 ﬁeri
1676 4922 1904 4978 vivendo
1942 4923 2102 4992 dege-
2191 4921 2343 4996 apud
2407 4934 2554 4994 quos
2616 4915 3079 5007 frequentissima
3142 4915 3270 4987 ejus
3332 4913 3541 5007 elogia,
3571 4919 3900 5007 occurrunt,

385 5023 567 5071 neres,
599 5012 698 5077 qui
723 5010 866 5076 facti
893 5014 1023 5066 estis
1049 5011 1361 5067 habttaculo
1386 5027 1736 5070 successores.
2193 5014 2413 5074 meritis
2469 5020 2662 5071 tamen
2716 5010 2884 5082 longe
2936 5004 3240 5079 inferiora;
3299 5004 3817 5080 quemadmodum,
3849 5011 3903 5060 et

462 5098 540 5155 II.
576 5098 753 5158 Hunc
784 5102 1054 5173 praesenti
1093 5100 1481 5160 dissertationi
1525 5117 1767 5176 scopum
1796 5104 2109 5177 praefixum
2190 5104 2262 5162 ad
2309 5101 2636 5161 uberiorem
2680 5096 3139 5158 Avellanitarum
3194 5095 3593 5164 (Sitriensium
3644 5109 3895 5167 quoque,

386 5186 547 5253 volo,
600 5194 773 5261 atque
826 5190 888 5246 in
960 5190 1117 5247 hunc
1183 5195 1359 5249 totam
1431 5190 1694 5263 ejusdem
1754 5192 2108 5252 tractationis
2190 5201 2246 5252 et
2271 5192 2573 5262 similium,
2601 5205 2854 5264 quorum
2890 5186 3212 5260 permistas,
3242 5193 3418 5259 atque
3450 5186 3704 5244 invicem
3735 5186 3901 5242 insti—

388 5276 602 5334 seriem
636 5275 809 5335 unice
838 5275 1203 5351 dirigendam
1234 5293 1419 5351 spero,
1450 5278 1499 5337 si
1532 5279 1675 5338 meis
1709 5280 1901 5338 favere
1933 5279 2103 5351 votis,
2195 5282 2297 5342 tuti
2373 5279 2782 5339 communione
2846 5275 3116 5333 confusas
3179 5272 3380 5334 laudes
3451 5275 3903 5347 haudquaquam

389 5375 447 5424 et
510 5375 712 5426 tenues
762 5376 1000 5428 conatus
1049 5368 1463 5442 obsecundare,
1522 5371 1925 5448 calamumque
1994 5371 2105 5430 sibi
2187 5374 2507 5445 distinguo)
2564 5367 2949 5441 cognitionem
3010 5366 3256 5425 sufﬁciet
3294 5367 3503 5427 eruditi
3554 5366 3663 5426 viri
3706 5366 3900 5424 Ludo-

390 5463 795 5515 consecratum
849 5473 1047 5530 regere
1105 5473 1223 5517 non
1279 5458 1685 5531 dedignabitur
1746 5462 1900 5519 idem
1956 5463 2101 5535 ipse,
2187 5460 2299 5519 vici
2352 5455 2617 5517 Jacobilli
2677 5463 2787 5514 tres
2841 5463 3024 5514 tomos
3069 5456 3140 5513 de
3198 5456 3300 5514 SS.
3372 5457 3623 5514 Umbriae
3675 5456 3897 5527 pridem

392 5548 499 5619 qui
526 5547 888 5622 praecipuum
921 5548 1315 5608 lucubrationi
1340 5550 1480 5609 huic
1505 5560 1915 5622 argumentum
1957 5567 2104 5624 praa-
2187 5549 2368 5608 editos
2444 5547 2713 5620 legendos
2788 5561 3131 5620 proponere;
3206 5562 3309 5603 nec
3380 5547 3537 5603 enim
3611 5546 3893 5618 integram
