  <div class='ocr_page' id='page_1' title='image "/cluster/home/n/w/nwhite01/storage/ocr_20150623/144/hvd.32044054760046/015.png"; bbox 0 0 4106 6204; ppageno 0'>
   <div class='ocr_carea' id='block_1_1' title="bbox 232 296 2806 382">
    <p class='ocr_par' dir='ltr' id='par_1_1' title="bbox 232 296 2806 382">
     <span class='ocr_line' id='line_1_1' title="bbox 232 296 2806 382; baseline 0.002 -26"><span class='ocrx_word' id='word_1_1' title='bbox 232 298 296 356; x_wconf 85' lang='grc'>19</span> <span class='ocrx_word' id='word_1_2' title='bbox 1134 298 1193 358; x_wconf 91' lang='lat' dir='ltr'>S.</span> <span class='ocrx_word' id='word_1_3' title='bbox 1236 298 1528 360; x_wconf 83' lang='lat' dir='ltr'>PETRUS</span> <span class='ocrx_word' id='word_1_4' title='bbox 1567 296 1960 360; x_wconf 83' lang='lat' dir='ltr'>DAMIANUS</span> <span class='ocrx_word' id='word_1_5' title='bbox 2001 297 2061 359; x_wconf 91' lang='lat' dir='ltr'>S.</span> <span class='ocrx_word' id='word_1_6' title='bbox 2102 298 2174 358; x_wconf 79' lang='grc' dir='ltr'><strong>Β.</strong></span> <span class='ocrx_word' id='word_1_7' title='bbox 2219 300 2282 359; x_wconf 84' lang='grc' dir='ltr'>Ε.</span> <span class='ocrx_word' id='word_1_8' title='bbox 2325 298 2806 382; x_wconf 79' lang='lat' dir='ltr'>CARDINALIS.</span> 
     </span>
    </p>
   </div>
   <div class='ocr_carea' id='block_1_2' title="bbox 3649 301 3722 362">
    <p class='ocr_par' dir='ltr' id='par_1_2' title="bbox 3649 301 3722 362">
     <span class='ocr_line' id='line_1_2' title="bbox 3649 301 3722 362; baseline 0 0"><span class='ocrx_word' id='word_1_9' title='bbox 3649 301 3722 362; x_wconf 82' lang='lat'>20</span> 
     </span>
    </p>
   </div>
   <div class='ocr_carea' id='block_1_3' title="bbox 228 420 3720 500">
    <p class='ocr_par' dir='ltr' id='par_1_3' title="bbox 228 420 3720 500">
     <span class='ocr_line' id='line_1_3' title="bbox 228 420 3720 500; baseline 0.001 -18"><span class='ocrx_word' id='word_1_10' title='bbox 228 424 489 498; x_wconf 86' lang='lat' dir='ltr'>ipsorum</span> <span class='ocrx_word' id='word_1_11' title='bbox 553 423 854 482; x_wconf 81' lang='lat' dir='ltr'>historiam</span> <span class='ocrx_word' id='word_1_12' title='bbox 915 423 1387 483; x_wconf 84' lang='lat' dir='ltr'>conscribendam</span> <span class='ocrx_word' id='word_1_13' title='bbox 1440 426 1500 483; x_wconf 93' lang='lat' dir='ltr'>in</span> <span class='ocrx_word' id='word_1_14' title='bbox 1559 438 1653 483; x_wconf 91' lang='lat' dir='ltr'>me</span> <span class='ocrx_word' id='word_1_15' title='bbox 1702 420 2339 499; x_wconf 83' lang='lat' dir='ltr'>recipio,ADamianus</span> <span class='ocrx_word' id='word_1_16' title='bbox 2379 424 2477 483; x_wconf 87' lang='lat' dir='ltr'>hic</span> <span class='ocrx_word' id='word_1_17' title='bbox 2518 425 2877 500; x_wconf 77' lang='lat' dir='ltr'>subscriptus</span> <span class='ocrx_word' id='word_1_18' title='bbox 2917 424 3129 500; x_wconf 83' lang='lat' dir='ltr'>legitur</span> <span class='ocrx_word' id='word_1_19' title='bbox 3168 439 3325 483; x_wconf 89' lang='lat' dir='ltr'>anno</span> <span class='ocrx_word' id='word_1_20' title='bbox 3372 424 3527 496; x_wconf 79' lang='lat'>1087,</span> <span class='ocrx_word' id='word_1_21' title='bbox 3564 425 3720 499; x_wconf 90' lang='lat' dir='ltr'>apud</span> 
     </span>
    </p>
   </div>
   <div class='ocr_carea' id='block_1_4' title="bbox 228 512 1930 589">
    <p class='ocr_par' dir='ltr' id='par_1_4' title="bbox 228 512 1930 589">
     <span class='ocr_line' id='line_1_4' title="bbox 228 512 1930 589; baseline 0.001 -17"><span class='ocrx_word' id='word_1_22' title='bbox 228 513 327 572; x_wconf 90' lang='lat' dir='ltr'>sed</span> <span class='ocrx_word' id='word_1_23' title='bbox 386 528 613 585; x_wconf 90' lang='lat' dir='ltr'>eorum,</span> <span class='ocrx_word' id='word_1_24' title='bbox 644 520 699 572; x_wconf 92' lang='lat' dir='ltr'>et</span> <span class='ocrx_word' id='word_1_25' title='bbox 751 512 1286 573; x_wconf 90' lang='lat' dir='ltr'>Camaldulensium</span> <span class='ocrx_word' id='word_1_26' title='bbox 1338 513 1589 573; x_wconf 77' lang='lat' dir='ltr'>instituti</span> <span class='ocrx_word' id='word_1_27' title='bbox 1641 513 1930 589; x_wconf 87' lang='lat' dir='ltr'>cognatio-</span> 
     </span>
    </p>
   </div>
   <div class='ocr_carea' id='block_1_5' title="bbox 228 602 1499 662">
    <p class='ocr_par' dir='ltr' id='par_1_5' title="bbox 228 602 1499 662">
     <span class='ocr_line' id='line_1_5' title="bbox 228 602 1499 662; baseline 0 -3"><span class='ocrx_word' id='word_1_28' title='bbox 228 616 360 660; x_wconf 87' lang='lat' dir='ltr'>nem</span> <span class='ocrx_word' id='word_1_29' title='bbox 386 603 681 661; x_wconf 83' lang='lat' dir='ltr'>.duntaxat</span> <span class='ocrx_word' id='word_1_30' title='bbox 714 602 1218 662; x_wconf 74' lang='lat' dir='ltr'>demonstrandam</span> <span class='ocrx_word' id='word_1_31' title='bbox 1248 617 1499 661; x_wconf 87' lang='lat' dir='ltr'>assumo.</span> 
     </span>
    </p>
   </div>
   <div class='ocr_carea' id='block_1_6' title="bbox 297 688 1935 749">
    <p class='ocr_par' dir='ltr' id='par_1_6' title="bbox 297 688 1935 749">
     <span class='ocr_line' id='line_1_6' title="bbox 297 688 1935 749; baseline -0.001 -1"><span class='ocrx_word' id='word_1_32' title='bbox 297 690 397 748; x_wconf 90' lang='lat' dir='ltr'>IV.</span> <span class='ocrx_word' id='word_1_33' title='bbox 447 690 581 749; x_wconf 92' lang='lat' dir='ltr'>Fuit</span> <span class='ocrx_word' id='word_1_34' title='bbox 624 705 760 748; x_wconf 87' lang='lat' dir='ltr'><strong>sane</strong></span> <span class='ocrx_word' id='word_1_35' title='bbox 805 690 871 748; x_wconf 93' lang='lat' dir='ltr'>B.</span> <span class='ocrx_word' id='word_1_36' title='bbox 929 690 1131 748; x_wconf 83' lang='lat' dir='ltr'>Petrus</span> <span class='ocrx_word' id='word_1_37' title='bbox 1171 688 1435 748; x_wconf 90' lang='lat' dir='ltr'>Damiani</span> <span class='ocrx_word' id='word_1_38' title='bbox 1474 688 1566 748; x_wconf 93' lang='lat' dir='ltr'>vir</span> <span class='ocrx_word' id='word_1_39' title='bbox 1603 689 1696 748; x_wconf 91' lang='lat' dir='ltr'>sui</span> <span class='ocrx_word' id='word_1_40' title='bbox 1733 689 1935 749; x_wconf 71' lang='lat' dir='ltr'>saeculi</span> 
     </span>
    </p>
   </div>
   <div class='ocr_carea' id='block_1_7' title="bbox 228 778 1932 853">
    <p class='ocr_par' dir='ltr' id='par_1_7' title="bbox 228 778 1932 853">
     <span class='ocr_line' id='line_1_7' title="bbox 228 778 1932 853; baseline 0.001 -18"><span class='ocrx_word' id='word_1_41' title='bbox 228 778 401 852; x_wconf 88' lang='lat' dir='ltr'>longe</span> <span class='ocrx_word' id='word_1_42' title='bbox 440 778 828 848; x_wconf 88' lang='lat' dir='ltr'>doctissimus,</span> <span class='ocrx_word' id='word_1_43' title='bbox 874 778 1253 835; x_wconf 77' lang='lat' dir='ltr'>sanctimonia</span> <span class='ocrx_word' id='word_1_44' title='bbox 1296 785 1351 835; x_wconf 91' lang='lat' dir='ltr'>et</span> <span class='ocrx_word' id='word_1_45' title='bbox 1391 778 1727 837; x_wconf 81' lang='lat' dir='ltr'>auctoritate</span> <span class='ocrx_word' id='word_1_46' title='bbox 1782 794 1932 853; x_wconf 78' lang='lat' dir='ltr'>prae-</span> 
     </span>
    </p>
   </div>
   <div class='ocr_carea' id='block_1_8' title="bbox 228 866 1935 943">
    <p class='ocr_par' dir='ltr' id='par_1_8' title="bbox 228 866 1935 943">
     <span class='ocr_line' id='line_1_8' title="bbox 228 866 1935 943; baseline 0 -18"><span class='ocrx_word' id='word_1_47' title='bbox 228 868 385 925; x_wconf 90' lang='lat' dir='ltr'>ditus</span> <span class='ocrx_word' id='word_1_48' title='bbox 431 867 751 939; x_wconf 81' lang='lat' dir='ltr'>singulari;</span> <span class='ocrx_word' id='word_1_49' title='bbox 792 869 960 943; x_wconf 87' lang='lat' dir='ltr'>cujus</span> <span class='ocrx_word' id='word_1_50' title='bbox 1005 866 1053 923; x_wconf 90' lang='lat' dir='ltr'>si</span> <span class='ocrx_word' id='word_1_51' title='bbox 1092 866 1475 940; x_wconf 86' lang='lat' dir='ltr'>eloquentiam</span> <span class='ocrx_word' id='word_1_52' title='bbox 1512 874 1748 941; x_wconf 79' lang='lat' dir='ltr'>spectes,</span> <span class='ocrx_word' id='word_1_53' title='bbox 1794 868 1935 927; x_wconf 90' lang='lat' dir='ltr'>Gre-</span> 
     </span>
    </p>
   </div>
   <div class='ocr_carea' id='block_1_9' title="bbox 226 955 1934 1030">
    <p class='ocr_par' dir='ltr' id='par_1_9' title="bbox 226 955 1934 1030">
     <span class='ocr_line' id='line_1_9' title="bbox 226 955 1934 1030; baseline -0.002 -15"><span class='ocrx_word' id='word_1_54' title='bbox 226 957 386 1028; x_wconf 86' lang='lat' dir='ltr'>gorio</span> <span class='ocrx_word' id='word_1_55' title='bbox 430 956 765 1029; x_wconf 82' lang='lat' dir='ltr'>proximum</span> <span class='ocrx_word' id='word_1_56' title='bbox 791 982 803 1016; x_wconf 87' lang='lat'><strong>:</strong></span> <span class='ocrx_word' id='word_1_57' title='bbox 831 957 881 1015; x_wconf 88' lang='lat' dir='ltr'>si</span> <span class='ocrx_word' id='word_1_58' title='bbox 921 955 1106 1014; x_wconf 88' lang='lat' dir='ltr'>zelum</span> <span class='ocrx_word' id='word_1_59' title='bbox 1146 955 1489 1025; x_wconf 83' lang='lat' dir='ltr'>consideres,</span> <span class='ocrx_word' id='word_1_60' title='bbox 1539 973 1734 1030; x_wconf 88' lang='lat' dir='ltr'>parem</span> <span class='ocrx_word' id='word_1_61' title='bbox 1794 956 1934 1014; x_wconf 89' lang='lat' dir='ltr'>Hie-</span> 
     </span>
    </p>
   </div>
   <div class='ocr_carea' id='block_1_10' title="bbox 227 1044 1935 1117">
    <p class='ocr_par' dir='ltr' id='par_1_10' title="bbox 227 1044 1935 1117">
     <span class='ocr_line' id='line_1_10' title="bbox 227 1044 1935 1117; baseline 0.001 -14"><span class='ocrx_word' id='word_1_62' title='bbox 227 1060 472 1117; x_wconf 75' lang='lat' dir='ltr'>ronymo</span> <span class='ocrx_word' id='word_1_63' title='bbox 489 1064 503 1115; x_wconf 93' lang='lat'><strong>;</strong></span> <span class='ocrx_word' id='word_1_64' title='bbox 537 1046 585 1103; x_wconf 89' lang='lat' dir='ltr'>si</span> <span class='ocrx_word' id='word_1_65' title='bbox 617 1045 747 1102; x_wconf 68' lang='lat' dir='ltr'>vitae</span> <span class='ocrx_word' id='word_1_66' title='bbox 773 1044 1160 1103; x_wconf 86' lang='lat' dir='ltr'>austeritatem</span> <span class='ocrx_word' id='word_1_67' title='bbox 1191 1060 1255 1102; x_wconf 92' lang='lat' dir='ltr'>ac</span> <span class='ocrx_word' id='word_1_68' title='bbox 1279 1044 1587 1104; x_wconf 63' lang='lat' dir='ltr'>dilatando:</span> <span class='ocrx_word' id='word_1_69' title='bbox 1626 1046 1935 1105; x_wconf 72' lang='lat' dir='ltr'>eremiticze</span> 
     </span>
    </p>
   </div>
   <div class='ocr_carea' id='block_1_11' title="bbox 223 1134 1936 1208">
    <p class='ocr_par' dir='ltr' id='par_1_11' title="bbox 223 1134 1936 1208">
     <span class='ocr_line' id='line_1_11' title="bbox 223 1134 1936 1208; baseline 0.002 -16"><span class='ocrx_word' id='word_1_70' title='bbox 223 1135 545 1208; x_wconf 78' lang='lat' dir='ltr'>disciplinae</span> <span class='ocrx_word' id='word_1_71' title='bbox 614 1134 878 1194; x_wconf 90' lang='lat' dir='ltr'>studium</span> <span class='ocrx_word' id='word_1_72' title='bbox 947 1135 1223 1203; x_wconf 86' lang='lat' dir='ltr'>attendas,</span> <span class='ocrx_word' id='word_1_73' title='bbox 1292 1136 1543 1194; x_wconf 90' lang='lat' dir='ltr'>similem</span> <span class='ocrx_word' id='word_1_74' title='bbox 1610 1136 1936 1197; x_wconf 82' lang='lat' dir='ltr'>Romualdo</span> 
     </span>
    </p>
   </div>
   <div class='ocr_carea' id='block_1_12' title="bbox 226 1226 1934 1297">
    <p class='ocr_par' dir='ltr' id='par_1_12' title="bbox 226 1226 1934 1297">
     <span class='ocr_line' id='line_1_12' title="bbox 226 1226 1934 1297; baseline 0.004 -14"><span class='ocrx_word' id='word_1_75' title='bbox 226 1228 430 1285; x_wconf 89' lang='lat' dir='ltr'>merito</span> <span class='ocrx_word' id='word_1_76' title='bbox 494 1226 734 1286; x_wconf 82' lang='lat' dir='ltr'>dixeris.</span> <span class='ocrx_word' id='word_1_77' title='bbox 807 1226 988 1296; x_wconf 87' lang='lat' dir='ltr'>Quem</span> <span class='ocrx_word' id='word_1_78' title='bbox 1053 1244 1085 1285; x_wconf 92' lang='lat' dir='ltr'>e</span> <span class='ocrx_word' id='word_1_79' title='bbox 1141 1227 1471 1287; x_wconf 87' lang='lat' dir='ltr'>solitudinis</span> <span class='ocrx_word' id='word_1_80' title='bbox 1550 1229 1783 1297; x_wconf 74' lang='lat' dir='ltr'>latebris</span> <span class='ocrx_word' id='word_1_81' title='bbox 1862 1231 1934 1289; x_wconf 92' lang='lat' dir='ltr'>ad</span> 
     </span>
    </p>
   </div>
   <div class='ocr_carea' id='block_1_13' title="bbox 224 1314 1933 1392">
    <p class='ocr_par' dir='ltr' id='par_1_13' title="bbox 224 1314 1933 1392">
     <span class='ocr_line' id='line_1_13' title="bbox 224 1314 1933 1392; baseline 0.003 -19"><span class='ocrx_word' id='word_1_82' title='bbox 224 1314 545 1373; x_wconf 81' lang='lat' dir='ltr'>Romanam</span> <span class='ocrx_word' id='word_1_83' title='bbox 595 1330 935 1389; x_wconf 88' lang='lat' dir='ltr'>purpuram,</span> <span class='ocrx_word' id='word_1_84' title='bbox 973 1322 1027 1373; x_wconf 91' lang='lat' dir='ltr'>et</span> <span class='ocrx_word' id='word_1_85' title='bbox 1073 1315 1347 1375; x_wconf 89' lang='lat' dir='ltr'>Ostiensis</span> <span class='ocrx_word' id='word_1_86' title='bbox 1402 1316 1674 1375; x_wconf 76' lang='lat' dir='ltr'>Ecclesim</span> <span class='ocrx_word' id='word_1_87' title='bbox 1718 1319 1933 1392; x_wconf 88' lang='lat' dir='ltr'>princi-</span> 
     </span>
    </p>
   </div>
   <div class='ocr_carea' id='block_1_14' title="bbox 224 1402 1936 1479">
    <p class='ocr_par' dir='ltr' id='par_1_14' title="bbox 224 1402 1936 1479">
     <span class='ocr_line' id='line_1_14' title="bbox 224 1402 1936 1479; baseline 0.004 -20"><span class='ocrx_word' id='word_1_88' title='bbox 224 1410 422 1476; x_wconf 88' lang='lat' dir='ltr'>patum</span> <span class='ocrx_word' id='word_1_89' title='bbox 483 1402 603 1461; x_wconf 90' lang='lat' dir='ltr'>sola</span> <span class='ocrx_word' id='word_1_90' title='bbox 659 1403 845 1462; x_wconf 84' lang='lat' dir='ltr'>virtus</span> <span class='ocrx_word' id='word_1_91' title='bbox 894 1404 1105 1474; x_wconf 77' lang='lat' dir='ltr'>evexit,</span> <span class='ocrx_word' id='word_1_92' title='bbox 1166 1405 1579 1477; x_wconf 89' lang='lat' dir='ltr'>spectatissima</span> <span class='ocrx_word' id='word_1_93' title='bbox 1630 1407 1936 1479; x_wconf 87' lang='lat' dir='ltr'>prudentia</span> 
     </span>
    </p>
   </div>
   <div class='ocr_carea' id='block_1_15' title="bbox 223 1491 1933 1566">
    <p class='ocr_par' dir='ltr' id='par_1_15' title="bbox 223 1491 1933 1566">
     <span class='ocr_line' id='line_1_15' title="bbox 223 1491 1933 1566; baseline 0.005 -18"><span class='ocrx_word' id='word_1_94' title='bbox 223 1491 580 1549; x_wconf 79' lang='lat' dir='ltr'>difﬁcillimis</span> <span class='ocrx_word' id='word_1_95' title='bbox 626 1492 935 1566; x_wconf 89' lang='lat' dir='ltr'>pontificiis</span> <span class='ocrx_word' id='word_1_96' title='bbox 983 1491 1370 1565; x_wconf 81' lang='lat' dir='ltr'>legationibus</span> <span class='ocrx_word' id='word_1_97' title='bbox 1408 1495 1692 1554; x_wconf 89' lang='lat' dir='ltr'>obeundis</span> <span class='ocrx_word' id='word_1_98' title='bbox 1730 1497 1933 1556; x_wconf 86' lang='lat' dir='ltr'>admo-</span> 
     </span>
    </p>
   </div>
   <div class='ocr_carea' id='block_1_16' title="bbox 223 1580 1934 1657">
    <p class='ocr_par' dir='ltr' id='par_1_16' title="bbox 223 1580 1934 1657">
     <span class='ocr_line' id='line_1_16' title="bbox 223 1580 1934 1657; baseline 0.003 -19"><span class='ocrx_word' id='word_1_99' title='bbox 223 1580 345 1648; x_wconf 87' lang='lat' dir='ltr'>vit;</span> <span class='ocrx_word' id='word_1_100' title='bbox 383 1580 618 1654; x_wconf 89' lang='lat' dir='ltr'>probata</span> <span class='ocrx_word' id='word_1_101' title='bbox 668 1580 970 1638; x_wconf 86' lang='lat' dir='ltr'>humilitas</span> <span class='ocrx_word' id='word_1_102' title='bbox 1016 1597 1047 1638; x_wconf 95' lang='lat' dir='ltr'>e</span> <span class='ocrx_word' id='word_1_103' title='bbox 1095 1596 1324 1639; x_wconf 92' lang='lat' dir='ltr'>summo</span> <span class='ocrx_word' id='word_1_104' title='bbox 1369 1581 1662 1654; x_wconf 78' lang='lat' dir='ltr'>dignitatis</span> <span class='ocrx_word' id='word_1_105' title='bbox 1708 1584 1934 1657; x_wconf 88' lang='lat' dir='ltr'>fastigio</span> 
     </span>
    </p>
   </div>
   <div class='ocr_carea' id='block_1_17' title="bbox 224 1669 1934 1747">
    <p class='ocr_par' dir='ltr' id='par_1_17' title="bbox 224 1669 1934 1747">
     <span class='ocr_line' id='line_1_17' title="bbox 224 1669 1934 1747; baseline 0.004 -20"><span class='ocrx_word' id='word_1_106' title='bbox 224 1671 295 1728; x_wconf 92' lang='lat' dir='ltr'>ad</span> <span class='ocrx_word' id='word_1_107' title='bbox 327 1669 505 1728; x_wconf 90' lang='lat' dir='ltr'>eremi</span> <span class='ocrx_word' id='word_1_108' title='bbox 532 1670 881 1746; x_wconf 91' lang='lat' dir='ltr'>squallorem</span> <span class='ocrx_word' id='word_1_109' title='bbox 910 1670 1161 1730; x_wconf 80' lang='lat' dir='ltr'>reduxit.</span> <span class='ocrx_word' id='word_1_110' title='bbox 1194 1669 1375 1746; x_wconf 82' lang='lat' dir='ltr'>Cujus</span> <span class='ocrx_word' id='word_1_111' title='bbox 1398 1672 1651 1747; x_wconf 89' lang='lat' dir='ltr'>denique</span> <span class='ocrx_word' id='word_1_112' title='bbox 1673 1675 1934 1733; x_wconf 89' lang='lat' dir='ltr'>encomia</span> 
     </span>
    </p>
   </div>
   <div class='ocr_carea' id='block_1_18' title="bbox 2018 510 3716 589">
    <p class='ocr_par' dir='ltr' id='par_1_18' title="bbox 2018 510 3716 589">
     <span class='ocr_line' id='line_1_18' title="bbox 2018 510 3716 589; baseline 0.004 -20"><span class='ocrx_word' id='word_1_113' title='bbox 2018 510 2331 584; x_wconf 84' lang='lat' dir='ltr'>Ughellum</span> <span class='ocrx_word' id='word_1_114' title='bbox 2382 520 2517 572; x_wconf 89' lang='lat' dir='ltr'>tom.</span> <span class='ocrx_word' id='word_1_115' title='bbox 2568 512 2673 572; x_wconf 94' lang='lat' dir='ltr'>VII</span> <span class='ocrx_word' id='word_1_116' title='bbox 2730 514 2793 573; x_wconf 89' lang='lat' dir='ltr'>in</span> <span class='ocrx_word' id='word_1_117' title='bbox 2843 514 3105 588; x_wconf 88' lang='lat' dir='ltr'>Append.</span> <span class='ocrx_word' id='word_1_118' title='bbox 3138 519 3276 572; x_wconf 90' lang='lat' dir='ltr'>tom.</span> <span class='ocrx_word' id='word_1_119' title='bbox 3307 512 3389 571; x_wconf 91' lang='lat' dir='ltr'>IIl</span> <span class='ocrx_word' id='word_1_120' title='bbox 3430 513 3503 572; x_wconf 89' lang='lat' dir='ltr'>ad</span> <span class='ocrx_word' id='word_1_121' title='bbox 3542 515 3716 589; x_wconf 91' lang='lat' dir='ltr'>episc.</span> 
     </span>
    </p>
   </div>
   <div class='ocr_carea' id='block_1_19' title="bbox 2016 598 3721 683">
    <p class='ocr_par' dir='ltr' id='par_1_19' title="bbox 2016 598 3721 683">
     <span class='ocr_line' id='line_1_19' title="bbox 2016 598 3721 683; baseline 0.003 -26"><span class='ocrx_word' id='word_1_122' title='bbox 2016 598 2294 672; x_wconf 90' lang='lat' dir='ltr'>Florent.)</span> <span class='ocrx_word' id='word_1_123' title='bbox 2323 608 2378 660; x_wconf 92' lang='lat' dir='ltr'>et</span> <span class='ocrx_word' id='word_1_124' title='bbox 2412 604 2779 683; x_wconf 65' lang='lat' dir='ltr'>Guitmungus</span> <span class='ocrx_word' id='word_1_125' title='bbox 2810 603 3111 678; x_wconf 90' lang='lat' dir='ltr'>episcopus</span> <span class='ocrx_word' id='word_1_126' title='bbox 3145 604 3481 663; x_wconf 88' lang='lat' dir='ltr'>Aversanus</span> <span class='ocrx_word' id='word_1_127' title='bbox 3526 605 3721 680; x_wconf 87' lang='lat' dir='ltr'>(quem</span> 
     </span>
    </p>
   </div>
   <div class='ocr_carea' id='block_1_20' title="bbox 2016 689 3720 765">
    <p class='ocr_par' dir='ltr' id='par_1_20' title="bbox 2016 689 3720 765">
     <span class='ocr_line' id='line_1_20' title="bbox 2016 689 3720 765; baseline 0.002 -17"><span class='ocrx_word' id='word_1_128' title='bbox 2016 689 2119 749; x_wconf 91' lang='lat' dir='ltr'>alii</span> <span class='ocrx_word' id='word_1_129' title='bbox 2163 689 2604 763; x_wconf 85' lang='lat' dir='ltr'>Sigismundum</span> <span class='ocrx_word' id='word_1_130' title='bbox 2651 693 2973 761; x_wconf 90' lang='lat' dir='ltr'>nominant,</span> <span class='ocrx_word' id='word_1_131' title='bbox 3006 697 3061 748; x_wconf 92' lang='lat' dir='ltr'>et</span> <span class='ocrx_word' id='word_1_132' title='bbox 3084 689 3441 750; x_wconf 91' lang='lat' dir='ltr'>Trithemius</span> <span class='ocrx_word' id='word_1_133' title='bbox 3482 691 3720 765; x_wconf 88' lang='lat' dir='ltr'>quidem</span> 
     </span>
    </p>
   </div>
   <div class='ocr_carea' id='block_1_21' title="bbox 2019 778 3723 849">
    <p class='ocr_par' dir='ltr' id='par_1_21' title="bbox 2019 778 3723 849">
     <span class='ocr_line' id='line_1_21' title="bbox 2019 778 3723 849; baseline 0.002 -14"><span class='ocrx_word' id='word_1_134' title='bbox 2019 780 2369 836; x_wconf 87' lang='lat' dir='ltr'>monachum</span> <span class='ocrx_word' id='word_1_135' title='bbox 2433 778 2491 839; x_wconf 90' lang='lat' dir='ltr'>S.</span> <span class='ocrx_word' id='word_1_136' title='bbox 2547 778 2748 839; x_wconf 91' lang='lat' dir='ltr'>Crucis</span> <span class='ocrx_word' id='word_1_137' title='bbox 2796 778 3061 839; x_wconf 84' lang='lat' dir='ltr'>Leufridi</span> <span class='ocrx_word' id='word_1_138' title='bbox 3108 779 3370 849; x_wconf 89' lang='lat' dir='ltr'>credidit,</span> <span class='ocrx_word' id='word_1_139' title='bbox 3426 778 3723 839; x_wconf 83' lang='lat' dir='ltr'>Arnoldus</span> 
     </span>
    </p>
   </div>
   <div class='ocr_carea' id='block_1_22' title="bbox 2017 865 3717 928">
    <p class='ocr_par' dir='ltr' id='par_1_22' title="bbox 2017 865 3717 928">
     <span class='ocr_line' id='line_1_22' title="bbox 2017 865 3717 928; baseline 0.002 -4"><span class='ocrx_word' id='word_1_140' title='bbox 2017 873 2209 925; x_wconf 90' lang='lat' dir='ltr'>autem</span> <span class='ocrx_word' id='word_1_141' title='bbox 2234 866 2416 927; x_wconf 91' lang='lat' dir='ltr'>Wion</span> <span class='ocrx_word' id='word_1_142' title='bbox 2449 865 2507 925; x_wconf 92' lang='lat' dir='ltr'>S.</span> <span class='ocrx_word' id='word_1_143' title='bbox 2540 867 2740 928; x_wconf 89' lang='lat' dir='ltr'>Crucis</span> <span class='ocrx_word' id='word_1_144' title='bbox 2769 868 2968 928; x_wconf 88' lang='lat' dir='ltr'>Fontis</span> <span class='ocrx_word' id='word_1_145' title='bbox 2998 866 3270 926; x_wconf 85' lang='lat' dir='ltr'>Avellani</span> <span class='ocrx_word' id='word_1_146' title='bbox 3298 867 3475 927; x_wconf 83' lang='lat' dir='ltr'>fuisse</span> <span class='ocrx_word' id='word_1_147' title='bbox 3501 868 3717 927; x_wconf 86' lang='lat' dir='ltr'>scribit.</span> 
     </span>
    </p>
   </div>
   <div class='ocr_carea' id='block_1_23' title="bbox 2016 955 3717 1031">
    <p class='ocr_par' dir='ltr' id='par_1_23' title="bbox 2016 955 3717 1031">
     <span class='ocr_line' id='line_1_23' title="bbox 2016 955 3717 1031; baseline 0.002 -18"><span class='ocrx_word' id='word_1_148' title='bbox 2016 971 2085 1014; x_wconf 92' lang='lat' dir='ltr'>ac</span> <span class='ocrx_word' id='word_1_149' title='bbox 2131 955 2518 1016; x_wconf 89' lang='lat' dir='ltr'>Tritbemium</span> <span class='ocrx_word' id='word_1_150' title='bbox 2557 958 2855 1031; x_wconf 68' lang='lat' dir='ltr'>aaquivooo</span> <span class='ocrx_word' id='word_1_151' title='bbox 2894 957 3227 1017; x_wconf 86' lang='lat' dir='ltr'>monasterii</span> <span class='ocrx_word' id='word_1_152' title='bbox 3269 958 3506 1016; x_wconf 87' lang='lat' dir='ltr'>nomine</span> <span class='ocrx_word' id='word_1_153' title='bbox 3550 960 3717 1017; x_wconf 89' lang='lat' dir='ltr'>dece-</span> 
     </span>
    </p>
   </div>
   <div class='ocr_carea' id='block_1_24' title="bbox 2017 1045 3722 1123">
    <p class='ocr_par' dir='ltr' id='par_1_24' title="bbox 2017 1045 3722 1123">
     <span class='ocr_line' id='line_1_24' title="bbox 2017 1045 3722 1123; baseline -0.001 -18"><span class='ocrx_word' id='word_1_154' title='bbox 2017 1054 2182 1123; x_wconf 91' lang='lat' dir='ltr'>ptum</span> <span class='ocrx_word' id='word_1_155' title='bbox 2208 1053 2388 1120; x_wconf 87' lang='lat' dir='ltr'>putat,</span> <span class='ocrx_word' id='word_1_156' title='bbox 2418 1047 2733 1107; x_wconf 89' lang='lat' dir='ltr'>Jacobillus</span> <span class='ocrx_word' id='word_1_157' title='bbox 2761 1063 2897 1108; x_wconf 90' lang='lat' dir='ltr'>vero</span> <span class='ocrx_word' id='word_1_158' title='bbox 2925 1063 2998 1106; x_wconf 84' lang='lat' dir='ltr'>ex</span> <span class='ocrx_word' id='word_1_159' title='bbox 3034 1045 3296 1105; x_wconf 70' lang='lat' dir='ltr'>caenobio</span> <span class='ocrx_word' id='word_1_160' title='bbox 3349 1046 3722 1106; x_wconf 85' lang='lat' dir='ltr'>Leufridiauo</span> 
     </span>
    </p>
   </div>
   <div class='ocr_carea' id='block_1_25' title="bbox 2017 1133 3722 1208">
    <p class='ocr_par' dir='ltr' id='par_1_25' title="bbox 2017 1133 3722 1208">
     <span class='ocr_line' id='line_1_25' title="bbox 2017 1133 3722 1208; baseline -0.002 -14"><span class='ocrx_word' id='word_1_161' title='bbox 2017 1136 2088 1194; x_wconf 92' lang='lat' dir='ltr'>ad</span> <span class='ocrx_word' id='word_1_162' title='bbox 2135 1135 2543 1208; x_wconf 82' lang='lat' dir='ltr'>Avellanense,</span> <span class='ocrx_word' id='word_1_163' title='bbox 2576 1137 2727 1194; x_wconf 88' lang='lat' dir='ltr'>fama</span> <span class='ocrx_word' id='word_1_164' title='bbox 2778 1136 3093 1195; x_wconf 85' lang='lat' dir='ltr'>sanctitatis</span> <span class='ocrx_word' id='word_1_165' title='bbox 3139 1135 3205 1194; x_wconf 93' lang='lat' dir='ltr'>B.</span> <span class='ocrx_word' id='word_1_166' title='bbox 3252 1133 3547 1208; x_wconf 89' lang='lat' dir='ltr'>Lodulphi</span> <span class='ocrx_word' id='word_1_167' title='bbox 3592 1134 3722 1192; x_wconf 87' lang='lat' dir='ltr'>ille-</span> 
     </span>
    </p>
   </div>
   <div class='ocr_carea' id='block_1_26' title="bbox 2017 1223 3724 1297">
    <p class='ocr_par' dir='ltr' id='par_1_26' title="bbox 2017 1223 3724 1297">
     <span class='ocr_line' id='line_1_26' title="bbox 2017 1223 3724 1297; baseline -0.002 -14"><span class='ocrx_word' id='word_1_168' title='bbox 2017 1235 2196 1294; x_wconf 84' lang='lat' dir='ltr'>ctum,</span> <span class='ocrx_word' id='word_1_169' title='bbox 2226 1226 2496 1283; x_wconf 86' lang='lat' dir='ltr'>transisse</span> <span class='ocrx_word' id='word_1_170' title='bbox 2545 1225 2859 1297; x_wconf 90' lang='lat' dir='ltr'>contendit,</span> <span class='ocrx_word' id='word_1_171' title='bbox 2889 1226 3138 1284; x_wconf 90' lang='lat' dir='ltr'>electum</span> <span class='ocrx_word' id='word_1_172' title='bbox 3180 1239 3319 1282; x_wconf 91' lang='lat' dir='ltr'>vero</span> <span class='ocrx_word' id='word_1_173' title='bbox 3372 1223 3724 1282; x_wconf 89' lang='lat' dir='ltr'>cardinalem</span> 
     </span>
    </p>
   </div>
   <div class='ocr_carea' id='block_1_27' title="bbox 2018 1312 3726 1388">
    <p class='ocr_par' dir='ltr' id='par_1_27' title="bbox 2018 1312 3726 1388">
     <span class='ocr_line' id='line_1_27' title="bbox 2018 1312 3726 1388; baseline -0.002 -16"><span class='ocrx_word' id='word_1_174' title='bbox 2018 1330 2090 1372; x_wconf 83' lang='lat' dir='ltr'>ex</span> <span class='ocrx_word' id='word_1_175' title='bbox 2138 1313 2485 1373; x_wconf 87' lang='lat' dir='ltr'>bibliotheca</span> <span class='ocrx_word' id='word_1_176' title='bbox 2526 1314 2761 1373; x_wconf 89' lang='lat' dir='ltr'>Patrum</span> <span class='ocrx_word' id='word_1_177' title='bbox 2803 1316 2864 1373; x_wconf 92' lang='lat' dir='ltr'>in</span> <span class='ocrx_word' id='word_1_178' title='bbox 2907 1313 3190 1388; x_wconf 90' lang='lat' dir='ltr'>Operibus</span> <span class='ocrx_word' id='word_1_179' title='bbox 3231 1312 3577 1385; x_wconf 90' lang='lat' dir='ltr'>scriptorum</span> <span class='ocrx_word' id='word_1_180' title='bbox 3614 1328 3726 1370; x_wconf 65' lang='lat' dir='ltr'>saa-</span> 
     </span>
    </p>
   </div>
   <div class='ocr_carea' id='block_1_28' title="bbox 2017 1400 3725 1477">
    <p class='ocr_par' dir='ltr' id='par_1_28' title="bbox 2017 1400 3725 1477">
     <span class='ocr_line' id='line_1_28' title="bbox 2017 1400 3725 1477; baseline -0.002 -16"><span class='ocrx_word' id='word_1_181' title='bbox 2017 1402 2136 1462; x_wconf 92' lang='lat' dir='ltr'>culi</span> <span class='ocrx_word' id='word_1_182' title='bbox 2174 1416 2258 1474; x_wconf 84' lang='lat' dir='ltr'>XI,</span> <span class='ocrx_word' id='word_1_183' title='bbox 2300 1418 2427 1477; x_wconf 91' lang='lat' dir='ltr'>pag.</span> <span class='ocrx_word' id='word_1_184' title='bbox 2456 1404 2583 1475; x_wconf 79' lang='grc'>469,</span> <span class='ocrx_word' id='word_1_185' title='bbox 2620 1411 2758 1463; x_wconf 90' lang='lat' dir='ltr'>tom.</span> <span class='ocrx_word' id='word_1_186' title='bbox 2791 1402 2975 1474; x_wconf 87' lang='lat' dir='ltr'>XVII,</span> <span class='ocrx_word' id='word_1_187' title='bbox 3010 1407 3065 1460; x_wconf 91' lang='lat' dir='ltr'>et</span> <span class='ocrx_word' id='word_1_188' title='bbox 3100 1401 3256 1475; x_wconf 91' lang='lat' dir='ltr'>apud</span> <span class='ocrx_word' id='word_1_189' title='bbox 3308 1400 3620 1474; x_wconf 90' lang='lat' dir='ltr'>Ughellum</span> <span class='ocrx_word' id='word_1_190' title='bbox 3663 1401 3725 1459; x_wconf 90' lang='lat' dir='ltr'>in</span> 
     </span>
    </p>
   </div>
   <div class='ocr_carea' id='block_1_29' title="bbox 2016 1488 3726 1567">
    <p class='ocr_par' dir='ltr' id='par_1_29' title="bbox 2016 1488 3726 1567">
     <span class='ocr_line' id='line_1_29' title="bbox 2016 1488 3726 1567; baseline -0.002 -16"><span class='ocrx_word' id='word_1_191' title='bbox 2016 1492 2297 1567; x_wconf 86' lang='lat' dir='ltr'>episcopis</span> <span class='ocrx_word' id='word_1_192' title='bbox 2351 1493 2666 1551; x_wconf 90' lang='lat' dir='ltr'>Aversanis</span> <span class='ocrx_word' id='word_1_193' title='bbox 2715 1499 2771 1551; x_wconf 88' lang='lat' dir='ltr'>et</span> <span class='ocrx_word' id='word_1_194' title='bbox 2824 1490 3207 1551; x_wconf 90' lang='lat' dir='ltr'>Guillelmum</span> <span class='ocrx_word' id='word_1_195' title='bbox 3262 1490 3514 1548; x_wconf 90' lang='lat' dir='ltr'>Caveum</span> <span class='ocrx_word' id='word_1_196' title='bbox 3575 1488 3726 1547; x_wconf 86' lang='lat' dir='ltr'>Hist.</span> 
     </span>
    </p>
   </div>
   <div class='ocr_carea' id='block_1_30' title="bbox 2014 1578 3727 1652">
    <p class='ocr_par' dir='ltr' id='par_1_30' title="bbox 2014 1578 3727 1652">
     <span class='ocr_line' id='line_1_30' title="bbox 2014 1578 3727 1652; baseline -0.002 -14"><span class='ocrx_word' id='word_1_197' title='bbox 2014 1581 2188 1640; x_wconf 91' lang='lat' dir='ltr'>litter.</span> <span class='ocrx_word' id='word_1_198' title='bbox 2249 1580 2323 1639; x_wconf 92' lang='lat' dir='ltr'>ad</span> <span class='ocrx_word' id='word_1_199' title='bbox 2387 1597 2483 1639; x_wconf 92' lang='lat' dir='ltr'>an.</span> <span class='ocrx_word' id='word_1_200' title='bbox 2544 1581 2678 1641; x_wconf 85' lang='lat'>1066</span> <span class='ocrx_word' id='word_1_201' title='bbox 2716 1581 2979 1652; x_wconf 54' lang='lat' dir='ltr'>~constat)</span> <span class='ocrx_word' id='word_1_202' title='bbox 3031 1595 3098 1637; x_wconf 89' lang='lat' dir='ltr'>ac</span> <span class='ocrx_word' id='word_1_203' title='bbox 3154 1578 3393 1637; x_wconf 90' lang='lat' dir='ltr'>demum</span> <span class='ocrx_word' id='word_1_204' title='bbox 3469 1580 3727 1636; x_wconf 74' lang='lat' dir='ltr'>Gebiosus</span> 
     </span>
    </p>
   </div>
   <div class='ocr_carea' id='block_1_31' title="bbox 2014 1667 3723 1745">
    <p class='ocr_par' dir='ltr' id='par_1_31' title="bbox 2014 1667 3723 1745">
     <span class='ocr_line' id='line_1_31' title="bbox 2014 1667 3723 1745; baseline -0.002 -17"><span class='ocrx_word' id='word_1_205' title='bbox 2014 1672 2317 1745; x_wconf 90' lang='lat' dir='ltr'>episcopus</span> <span class='ocrx_word' id='word_1_206' title='bbox 2340 1670 2603 1729; x_wconf 61' lang='lat' dir='ltr'>Caesenas</span> <span class='ocrx_word' id='word_1_207' title='bbox 2622 1671 2746 1745; x_wconf 91' lang='lat' dir='ltr'>(qui</span> <span class='ocrx_word' id='word_1_208' title='bbox 2769 1686 2843 1729; x_wconf 81' lang='lat' dir='ltr'>ex</span> <span class='ocrx_word' id='word_1_209' title='bbox 2868 1669 3169 1730; x_wconf 74' lang='lat' dir='ltr'>Avellanae</span> <span class='ocrx_word' id='word_1_210' title='bbox 3189 1668 3451 1727; x_wconf 77' lang='lat' dir='ltr'>ccenobio</span> <span class='ocrx_word' id='word_1_211' title='bbox 3475 1667 3723 1727; x_wconf 77' lang='lat' dir='ltr'>Romam</span> 
     </span>
    </p>
   </div>
   <div class='ocr_carea' id='block_1_32' title="bbox 225 1750 3728 1842">
    <p class='ocr_par' dir='ltr' id='par_1_32' title="bbox 225 1750 3728 1842">
     <span class='ocr_line' id='line_1_32' title="bbox 225 1750 3728 1842; baseline 0 -28"><span class='ocrx_word' id='word_1_212' title='bbox 225 1757 276 1815; x_wconf 92' lang='lat' dir='ltr'>is</span> <span class='ocrx_word' id='word_1_213' title='bbox 315 1757 472 1815; x_wconf 88' lang='lat' dir='ltr'>solus</span> <span class='ocrx_word' id='word_1_214' title='bbox 507 1758 773 1831; x_wconf 88' lang='lat' dir='ltr'>ignorare</span> <span class='ocrx_word' id='word_1_215' title='bbox 818 1763 1018 1831; x_wconf 89' lang='lat' dir='ltr'>potest,</span> <span class='ocrx_word' id='word_1_216' title='bbox 1063 1750 1166 1833; x_wconf 76' lang='lat' dir='ltr'>qni</span> <span class='ocrx_word' id='word_1_217' title='bbox 1205 1759 1330 1833; x_wconf 87' lang='lat' dir='ltr'>ejus</span> <span class='ocrx_word' id='word_1_218' title='bbox 1375 1758 1581 1831; x_wconf 90' lang='lat' dir='ltr'>Vitam,</span> <span class='ocrx_word' id='word_1_219' title='bbox 1616 1761 1994 1842; x_wconf 82' lang='lat' dir='ltr'>Opuscula,B</span> <span class='ocrx_word' id='word_1_220' title='bbox 2019 1767 2269 1828; x_wconf 89' lang='lat' dir='ltr'>vocatus,</span> <span class='ocrx_word' id='word_1_221' title='bbox 2298 1760 2516 1820; x_wconf 90' lang='lat' dir='ltr'>ibidem</span> <span class='ocrx_word' id='word_1_222' title='bbox 2564 1760 2741 1819; x_wconf 85' lang='lat' dir='ltr'>abbas</span> <span class='ocrx_word' id='word_1_223' title='bbox 2778 1759 2836 1819; x_wconf 92' lang='lat' dir='ltr'>S.</span> <span class='ocrx_word' id='word_1_224' title='bbox 2870 1758 3088 1841; x_wconf 57' lang='lat' dir='ltr'>Alesii,</span> <span class='ocrx_word' id='word_1_225' title='bbox 3125 1764 3251 1817; x_wconf 89' lang='lat' dir='ltr'>tum</span> <span class='ocrx_word' id='word_1_226' title='bbox 3290 1756 3613 1831; x_wconf 89' lang='lat' dir='ltr'>episcopus,</span> <span class='ocrx_word' id='word_1_227' title='bbox 3661 1771 3728 1815; x_wconf 90' lang='lat' dir='ltr'>ac</span> 
     </span>
    </p>
   </div>
   <div class='ocr_carea' id='block_1_33' title="bbox 226 1844 3727 1927">
    <p class='ocr_par' dir='ltr' id='par_1_33' title="bbox 226 1844 3727 1927">
     <span class='ocr_line' id='line_1_33' title="bbox 226 1844 3727 1927; baseline -0.002 -20"><span class='ocrx_word' id='word_1_228' title='bbox 226 1846 502 1905; x_wconf 85' lang='lat' dir='ltr'>Miracula</span> <span class='ocrx_word' id='word_1_229' title='bbox 540 1862 657 1904; x_wconf 87' lang='lat' dir='ltr'>non</span> <span class='ocrx_word' id='word_1_230' title='bbox 716 1846 915 1920; x_wconf 85' lang='lat' dir='ltr'>legerit</span> <span class='ocrx_word' id='word_1_231' title='bbox 960 1868 972 1907; x_wconf 92' lang='lat'>:</span> <span class='ocrx_word' id='word_1_232' title='bbox 1019 1850 1121 1922; x_wconf 92' lang='lat' dir='ltr'>qui</span> <span class='ocrx_word' id='word_1_233' title='bbox 1165 1856 1243 1907; x_wconf 92' lang='lat' dir='ltr'>tot</span> <span class='ocrx_word' id='word_1_234' title='bbox 1284 1865 1387 1925; x_wconf 90' lang='lat' dir='ltr'>per</span> <span class='ocrx_word' id='word_1_235' title='bbox 1431 1850 1620 1925; x_wconf 88' lang='lat' dir='ltr'>ipsum</span> <span class='ocrx_word' id='word_1_236' title='bbox 1661 1854 1935 1927; x_wconf 67' lang='lat' dir='ltr'>prmelare</span> <span class='ocrx_word' id='word_1_237' title='bbox 2021 1848 2352 1920; x_wconf 90' lang='lat' dir='ltr'>cardinalis,</span> <span class='ocrx_word' id='word_1_238' title='bbox 2378 1863 2485 1907; x_wconf 93' lang='lat' dir='ltr'>nec</span> <span class='ocrx_word' id='word_1_239' title='bbox 2529 1863 2644 1907; x_wconf 90' lang='lat' dir='ltr'>non</span> <span class='ocrx_word' id='word_1_240' title='bbox 2685 1847 3009 1917; x_wconf 75' lang='lat' dir='ltr'>Dalmatiae,</span> <span class='ocrx_word' id='word_1_241' title='bbox 3040 1855 3097 1905; x_wconf 91' lang='lat' dir='ltr'>et</span> <span class='ocrx_word' id='word_1_242' title='bbox 3145 1844 3467 1906; x_wconf 72' lang='lat' dir='ltr'>Sclavoniaa</span> <span class='ocrx_word' id='word_1_243' title='bbox 3506 1845 3727 1917; x_wconf 86' lang='lat' dir='ltr'>legatus</span> 
     </span>
    </p>
   </div>
   <div class='ocr_carea' id='block_1_34' title="bbox 224 1935 1933 2019">
    <p class='ocr_par' dir='ltr' id='par_1_34' title="bbox 224 1935 1933 2019">
     <span class='ocr_line' id='line_1_34' title="bbox 224 1935 1933 2019; baseline 0.008 -27"><span class='ocrx_word' id='word_1_244' title='bbox 224 1937 296 1994; x_wconf 89' lang='lat' dir='ltr'>ad</span> <span class='ocrx_word' id='word_1_245' title='bbox 338 1936 608 1994; x_wconf 87' lang='lat' dir='ltr'>divinum</span> <span class='ocrx_word' id='word_1_246' title='bbox 657 1935 879 1995; x_wconf 89' lang='lat' dir='ltr'>cultum</span> <span class='ocrx_word' id='word_1_247' title='bbox 923 1940 1383 2011; x_wconf 90' lang='lat' dir='ltr'>promovendum</span> <span class='ocrx_word' id='word_1_248' title='bbox 1432 1941 1715 2016; x_wconf 89' lang='lat' dir='ltr'>instituta,</span> <span class='ocrx_word' id='word_1_249' title='bbox 1759 1952 1933 2019; x_wconf 89' lang='lat' dir='ltr'>atque</span> 
     </span>
    </p>
   </div>
   <div class='ocr_carea' id='block_1_35' title="bbox 225 2023 1933 2109">
    <p class='ocr_par' dir='ltr' id='par_1_35' title="bbox 225 2023 1933 2109">
     <span class='ocr_line' id='line_1_35' title="bbox 225 2023 1933 2109; baseline 0.007 -28"><span class='ocrx_word' id='word_1_250' title='bbox 225 2024 298 2081; x_wconf 89' lang='lat' dir='ltr'>ab</span> <span class='ocrx_word' id='word_1_251' title='bbox 344 2023 621 2082; x_wconf 87' lang='lat' dir='ltr'>universa</span> <span class='ocrx_word' id='word_1_252' title='bbox 664 2024 922 2084; x_wconf 79' lang='lat' dir='ltr'>Ecclesia</span> <span class='ocrx_word' id='word_1_253' title='bbox 968 2035 1210 2101; x_wconf 92' lang='lat' dir='ltr'>recepta,</span> <span class='ocrx_word' id='word_1_254' title='bbox 1256 2044 1373 2087; x_wconf 89' lang='lat' dir='ltr'>non</span> <span class='ocrx_word' id='word_1_255' title='bbox 1412 2031 1753 2104; x_wconf 84' lang='lat' dir='ltr'>expenderit</span> <span class='ocrx_word' id='word_1_256' title='bbox 1785 2057 1798 2091; x_wconf 92' lang='lat'><strong>:</strong></span> <span class='ocrx_word' id='word_1_257' title='bbox 1830 2034 1933 2109; x_wconf 91' lang='lat' dir='ltr'>qui</span> 
     </span>
    </p>
   </div>
   <div class='ocr_carea' id='block_1_36' title="bbox 223 2112 1935 2194">
    <p class='ocr_par' dir='ltr' id='par_1_36' title="bbox 223 2112 1935 2194">
     <span class='ocr_line' id='line_1_36' title="bbox 223 2112 1935 2194; baseline 0.006 -23"><span class='ocrx_word' id='word_1_258' title='bbox 223 2112 475 2187; x_wconf 89' lang='lat' dir='ltr'>denique</span> <span class='ocrx_word' id='word_1_259' title='bbox 512 2128 628 2171; x_wconf 92' lang='lat' dir='ltr'>non</span> <span class='ocrx_word' id='word_1_260' title='bbox 668 2113 936 2185; x_wconf 90' lang='lat' dir='ltr'>audierit,</span> <span class='ocrx_word' id='word_1_261' title='bbox 969 2123 1188 2189; x_wconf 91' lang='lat' dir='ltr'>quanto</span> <span class='ocrx_word' id='word_1_262' title='bbox 1226 2116 1286 2174; x_wconf 91' lang='lat' dir='ltr'>in</span> <span class='ocrx_word' id='word_1_263' title='bbox 1323 2118 1504 2190; x_wconf 90' lang='lat' dir='ltr'>pretio</span> <span class='ocrx_word' id='word_1_264' title='bbox 1539 2122 1692 2194; x_wconf 90' lang='lat' dir='ltr'>apud</span> <span class='ocrx_word' id='word_1_265' title='bbox 1730 2138 1935 2182; x_wconf 88' lang='lat' dir='ltr'>omnes</span> 
     </span>
    </p>
   </div>
   <div class='ocr_carea' id='block_1_37' title="bbox 226 2202 1930 2282">
    <p class='ocr_par' dir='ltr' id='par_1_37' title="bbox 226 2202 1930 2282">
     <span class='ocr_line' id='line_1_37' title="bbox 226 2202 1930 2282; baseline 0.008 -24"><span class='ocrx_word' id='word_1_266' title='bbox 226 2202 515 2260; x_wconf 78' lang='lat' dir='ltr'>llomanos</span> <span class='ocrx_word' id='word_1_267' title='bbox 550 2203 867 2274; x_wconf 88' lang='lat' dir='ltr'>pontifices,</span> <span class='ocrx_word' id='word_1_268' title='bbox 908 2203 1280 2277; x_wconf 88' lang='lat' dir='ltr'>quibuscum,</span> <span class='ocrx_word' id='word_1_269' title='bbox 1320 2213 1375 2264; x_wconf 88' lang='lat' dir='ltr'>et</span> <span class='ocrx_word' id='word_1_270' title='bbox 1407 2213 1540 2265; x_wconf 90' lang='lat' dir='ltr'>ante</span> <span class='ocrx_word' id='word_1_271' title='bbox 1577 2224 1723 2282; x_wconf 92' lang='lat' dir='ltr'>quos</span> <span class='ocrx_word' id='word_1_272' title='bbox 1762 2211 1930 2282; x_wconf 81' lang='lat' dir='ltr'>vixit,</span> 
     </span>
    </p>
   </div>
   <div class='ocr_carea' id='block_1_38' title="bbox 224 2292 1935 2368">
    <p class='ocr_par' dir='ltr' id='par_1_38' title="bbox 224 2292 1935 2368">
     <span class='ocr_line' id='line_1_38' title="bbox 224 2292 1935 2368; baseline 0.005 -16"><span class='ocrx_word' id='word_1_273' title='bbox 224 2292 456 2352; x_wconf 86' lang='lat' dir='ltr'>habitus</span> <span class='ocrx_word' id='word_1_274' title='bbox 507 2294 720 2365; x_wconf 89' lang='lat' dir='ltr'>fuerit;</span> <span class='ocrx_word' id='word_1_275' title='bbox 769 2309 845 2352; x_wconf 78' lang='lat' dir='ltr'>ex</span> <span class='ocrx_word' id='word_1_276' title='bbox 896 2294 1117 2368; x_wconf 90' lang='lat' dir='ltr'>quibus</span> <span class='ocrx_word' id='word_1_277' title='bbox 1163 2296 1484 2355; x_wconf 86' lang='lat' dir='ltr'>Alexandri</span> <span class='ocrx_word' id='word_1_278' title='bbox 1534 2299 1589 2356; x_wconf 95' lang='grc' dir='ltr'>ΙΙ</span> <span class='ocrx_word' id='word_1_279' title='bbox 1633 2301 1935 2361; x_wconf 90' lang='lat' dir='ltr'>oraculum</span> 
     </span>
    </p>
   </div>
   <div class='ocr_carea' id='block_1_39' title="bbox 224 2384 1935 2462">
    <p class='ocr_par' dir='ltr' id='par_1_39' title="bbox 224 2384 1935 2462">
     <span class='ocr_line' id='line_1_39' title="bbox 224 2384 1935 2462; baseline 0.003 -18"><span class='ocrx_word' id='word_1_280' title='bbox 224 2388 439 2445; x_wconf 89' lang='lat' dir='ltr'>referre</span> <span class='ocrx_word' id='word_1_281' title='bbox 486 2384 754 2454; x_wconf 76' lang='lat' dir='ltr'>sufﬁciat,</span> <span class='ocrx_word' id='word_1_282' title='bbox 801 2386 902 2457; x_wconf 91' lang='lat' dir='ltr'>qui</span> <span class='ocrx_word' id='word_1_283' title='bbox 946 2386 1007 2443; x_wconf 92' lang='lat' dir='ltr'>in</span> <span class='ocrx_word' id='word_1_284' title='bbox 1057 2385 1265 2444; x_wconf 90' lang='lat' dir='ltr'>litteris</span> <span class='ocrx_word' id='word_1_285' title='bbox 1308 2386 1380 2445; x_wconf 92' lang='lat' dir='ltr'>ad</span> <span class='ocrx_word' id='word_1_286' title='bbox 1422 2388 1742 2449; x_wconf 88' lang='lat' dir='ltr'>Galliarum</span> <span class='ocrx_word' id='word_1_287' title='bbox 1785 2406 1935 2462; x_wconf 63' lang='lat' dir='ltr'>prae-</span> 
     </span>
    </p>
   </div>
   <div class='ocr_carea' id='block_1_40' title="bbox 225 2473 1934 2546">
    <p class='ocr_par' dir='ltr' id='par_1_40' title="bbox 225 2473 1934 2546">
     <span class='ocr_line' id='line_1_40' title="bbox 225 2473 1934 2546; baseline 0.002 -13"><span class='ocrx_word' id='word_1_288' title='bbox 225 2476 381 2535; x_wconf 88' lang='lat' dir='ltr'>sules</span> <span class='ocrx_word' id='word_1_289' title='bbox 415 2475 524 2532; x_wconf 92' lang='lat' dir='ltr'>hoc</span> <span class='ocrx_word' id='word_1_290' title='bbox 552 2474 624 2531; x_wconf 91' lang='lat' dir='ltr'>de</span> <span class='ocrx_word' id='word_1_291' title='bbox 650 2473 752 2531; x_wconf 93' lang='lat' dir='ltr'>illo</span> <span class='ocrx_word' id='word_1_292' title='bbox 784 2474 1014 2531; x_wconf 88' lang='lat' dir='ltr'>vivente</span> <span class='ocrx_word' id='word_1_293' title='bbox 1053 2474 1426 2546; x_wconf 90' lang='lat' dir='ltr'>magnificum</span> <span class='ocrx_word' id='word_1_294' title='bbox 1464 2477 1643 2535; x_wconf 91' lang='lat' dir='ltr'>edidit</span> <span class='ocrx_word' id='word_1_295' title='bbox 1680 2479 1934 2538; x_wconf 87' lang='lat' dir='ltr'>testimo-</span> 
     </span>
    </p>
   </div>
   <div class='ocr_carea' id='block_1_41' title="bbox 228 2560 1931 2638">
    <p class='ocr_par' dir='ltr' id='par_1_41' title="bbox 228 2560 1931 2638">
     <span class='ocr_line' id='line_1_41' title="bbox 228 2560 1931 2638; baseline 0.001 -15"><span class='ocrx_word' id='word_1_296' title='bbox 228 2566 436 2623; x_wconf 83' lang='lat' dir='ltr'>nium:</span> <span class='ocrx_word' id='word_1_297' title='bbox 475 2586 500 2612; x_wconf 76' lang='grc' dir='ltr'>ιι</span> <span class='ocrx_word' id='word_1_298' title='bbox 529 2560 729 2620; x_wconf 86' lang='lat' dir='ltr'>Talem</span> <span class='ocrx_word' id='word_1_299' title='bbox 775 2560 942 2619; x_wconf 91' lang='lat' dir='ltr'>vobis</span> <span class='ocrx_word' id='word_1_300' title='bbox 986 2560 1184 2620; x_wconf 92' lang='lat' dir='ltr'>virum</span> <span class='ocrx_word' id='word_1_301' title='bbox 1232 2562 1519 2624; x_wconf 88' lang='lat' dir='ltr'>destinare</span> <span class='ocrx_word' id='word_1_302' title='bbox 1574 2568 1931 2638; x_wconf 90' lang='lat' dir='ltr'>curavimus,</span> 
     </span>
    </p>
   </div>
   <div class='ocr_carea' id='block_1_42' title="bbox 2020 1932 3723 2009">
    <p class='ocr_par' dir='ltr' id='par_1_42' title="bbox 2020 1932 3723 2009">
     <span class='ocr_line' id='line_1_42' title="bbox 2020 1932 3723 2009; baseline -0.004 -14"><span class='ocrx_word' id='word_1_303' title='bbox 2020 1952 2053 1995; x_wconf 87' lang='lat' dir='ltr'>a</span> <span class='ocrx_word' id='word_1_304' title='bbox 2086 1935 2361 2008; x_wconf 86' lang='lat' dir='ltr'>Gregorio</span> <span class='ocrx_word' id='word_1_305' title='bbox 2388 1937 2493 1996; x_wconf 93' lang='lat' dir='ltr'>VII</span> <span class='ocrx_word' id='word_1_306' title='bbox 2521 1944 2607 1995; x_wconf 88' lang='lat' dir='ltr'>est</span> <span class='ocrx_word' id='word_1_307' title='bbox 2638 1936 3004 2007; x_wconf 89' lang='lat' dir='ltr'>constitutus,</span> <span class='ocrx_word' id='word_1_308' title='bbox 3033 1951 3109 1993; x_wconf 83' lang='lat' dir='ltr'>ex</span> <span class='ocrx_word' id='word_1_309' title='bbox 3135 1934 3399 2009; x_wconf 90' lang='lat' dir='ltr'>Ughello,</span> <span class='ocrx_word' id='word_1_310' title='bbox 3423 1932 3723 2002; x_wconf 90' lang='lat' dir='ltr'>Jacobillo,</span> 
     </span>
    </p>
   </div>
   <div class='ocr_carea' id='block_1_43' title="bbox 2021 2023 3727 2103">
    <p class='ocr_par' dir='ltr' id='par_1_43' title="bbox 2021 2023 3727 2103">
     <span class='ocr_line' id='line_1_43' title="bbox 2021 2023 3727 2103; baseline -0.002 -19"><span class='ocrx_word' id='word_1_311' title='bbox 2021 2035 2077 2084; x_wconf 92' lang='lat' dir='ltr'>et</span> <span class='ocrx_word' id='word_1_312' title='bbox 2106 2027 2389 2101; x_wconf 89' lang='lat' dir='ltr'>Ciaconio)</span> <span class='ocrx_word' id='word_1_313' title='bbox 2425 2028 2643 2103; x_wconf 91' lang='lat' dir='ltr'>quibus</span> <span class='ocrx_word' id='word_1_314' title='bbox 2671 2028 2837 2103; x_wconf 90' lang='lat' dir='ltr'>quasi</span> <span class='ocrx_word' id='word_1_315' title='bbox 2867 2034 3118 2103; x_wconf 89' lang='lat' dir='ltr'>quatuor</span> <span class='ocrx_word' id='word_1_316' title='bbox 3144 2024 3452 2100; x_wconf 89' lang='lat' dir='ltr'>purpureis</span> <span class='ocrx_word' id='word_1_317' title='bbox 3479 2023 3727 2098; x_wconf 89' lang='lat' dir='ltr'>gemmis</span> 
     </span>
    </p>
   </div>
   <div class='ocr_carea' id='block_1_44' title="bbox 2021 2114 3312 2175">
    <p class='ocr_par' dir='ltr' id='par_1_44' title="bbox 2021 2114 3312 2175">
     <span class='ocr_line' id='line_1_44' title="bbox 2021 2114 3312 2175; baseline -0.002 -3"><span class='ocrx_word' id='word_1_318' title='bbox 2021 2114 2428 2174; x_wconf 86' lang='lat' dir='ltr'>Avellanensis</span> <span class='ocrx_word' id='word_1_319' title='bbox 2456 2117 2644 2175; x_wconf 91' lang='lat' dir='ltr'>crucis</span> <span class='ocrx_word' id='word_1_320' title='bbox 2669 2116 2934 2175; x_wconf 87' lang='lat' dir='ltr'>diadema</span> <span class='ocrx_word' id='word_1_321' title='bbox 2964 2114 3312 2173; x_wconf 88' lang='lat' dir='ltr'>illustratur.</span> 
     </span>
    </p>
   </div>
   <div class='ocr_carea' id='block_1_45' title="bbox 2093 2200 3730 2278">
    <p class='ocr_par' dir='ltr' id='par_1_45' title="bbox 2093 2200 3730 2278">
     <span class='ocr_line' id='line_1_45' title="bbox 2093 2200 3730 2278; baseline -0.003 -17"><span class='ocrx_word' id='word_1_322' title='bbox 2093 2202 2192 2261; x_wconf 92' lang='lat' dir='ltr'>VI.</span> <span class='ocrx_word' id='word_1_323' title='bbox 2252 2204 2359 2263; x_wconf 91' lang='lat' dir='ltr'>Tot</span> <span class='ocrx_word' id='word_1_324' title='bbox 2402 2205 2600 2278; x_wconf 88' lang='lat' dir='ltr'>igitur,</span> <span class='ocrx_word' id='word_1_325' title='bbox 2655 2221 2724 2263; x_wconf 91' lang='lat' dir='ltr'>ac</span> <span class='ocrx_word' id='word_1_326' title='bbox 2776 2212 2964 2263; x_wconf 89' lang='lat' dir='ltr'>tantos</span> <span class='ocrx_word' id='word_1_327' title='bbox 3011 2203 3188 2273; x_wconf 89' lang='lat' dir='ltr'>viros,</span> <span class='ocrx_word' id='word_1_328' title='bbox 3214 2204 3425 2276; x_wconf 89' lang='lat' dir='ltr'>jurene</span> <span class='ocrx_word' id='word_1_329' title='bbox 3473 2215 3551 2263; x_wconf 79' lang='lat' dir='ltr'>ex</span> <span class='ocrx_word' id='word_1_330' title='bbox 3598 2200 3730 2258; x_wconf 91' lang='lat' dir='ltr'>albo</span> 
     </span>
    </p>
   </div>
   <div class='ocr_carea' id='block_1_46' title="bbox 2024 2288 3729 2368">
    <p class='ocr_par' dir='ltr' id='par_1_46' title="bbox 2024 2288 3729 2368">
     <span class='ocr_line' id='line_1_46' title="bbox 2024 2288 3729 2368; baseline -0.004 -15"><span class='ocrx_word' id='word_1_331' title='bbox 2024 2293 2553 2353; x_wconf 89' lang='lat' dir='ltr'>Camaldulensium</span> <span class='ocrx_word' id='word_1_332' title='bbox 2638 2294 2988 2368; x_wconf 85' lang='lat' dir='ltr'>expunxerit</span> <span class='ocrx_word' id='word_1_333' title='bbox 3053 2292 3302 2351; x_wconf 89' lang='lat' dir='ltr'>Jacobus</span> <span class='ocrx_word' id='word_1_334' title='bbox 3375 2288 3729 2348; x_wconf 89' lang='lat' dir='ltr'>Laderchius</span> 
     </span>
    </p>
   </div>
   <div class='ocr_carea' id='block_1_47' title="bbox 2024 2376 3729 2457">
    <p class='ocr_par' dir='ltr' id='par_1_47' title="bbox 2024 2376 3729 2457">
     <span class='ocr_line' id='line_1_47' title="bbox 2024 2376 3729 2457; baseline -0.005 -15"><span class='ocrx_word' id='word_1_335' title='bbox 2024 2386 2185 2457; x_wconf 60' lang='lat' dir='ltr'>(Vita</span> <span class='ocrx_word' id='word_1_336' title='bbox 2235 2386 2295 2442; x_wconf 94' lang='lat' dir='ltr'>S.</span> <span class='ocrx_word' id='word_1_337' title='bbox 2324 2386 2474 2439; x_wconf 77' lang='lat' dir='ltr'>Petri</span> <span class='ocrx_word' id='word_1_338' title='bbox 2521 2386 2782 2439; x_wconf 80' lang='lat' dir='ltr'>Damiani</span> <span class='ocrx_word' id='word_1_339' title='bbox 2839 2390 2974 2439; x_wconf 90' lang='lat' dir='ltr'>tom.</span> <span class='ocrx_word' id='word_1_340' title='bbox 3025 2378 3074 2451; x_wconf 80' lang='grc' dir='ltr'>Ι,</span> <span class='ocrx_word' id='word_1_341' title='bbox 3120 2380 3223 2437; x_wconf 90' lang='lat' dir='ltr'>lib.</span> <span class='ocrx_word' id='word_1_342' title='bbox 3272 2392 3312 2449; x_wconf 93' lang='lat' dir='ltr'>I,</span> <span class='ocrx_word' id='word_1_343' title='bbox 3359 2395 3482 2453; x_wconf 87' lang='lat' dir='ltr'>cap.</span> <span class='ocrx_word' id='word_1_344' title='bbox 3526 2376 3581 2447; x_wconf 90' lang='lat'>8)</span> <span class='ocrx_word' id='word_1_345' title='bbox 3620 2378 3729 2435; x_wconf 87' lang='lat' dir='ltr'>hac</span> 
     </span>
    </p>
   </div>
   <div class='ocr_carea' id='block_1_48' title="bbox 2023 2466 3726 2546">
    <p class='ocr_par' dir='ltr' id='par_1_48' title="bbox 2023 2466 3726 2546">
     <span class='ocr_line' id='line_1_48' title="bbox 2023 2466 3726 2546; baseline -0.005 -15"><span class='ocrx_word' id='word_1_346' title='bbox 2023 2481 2223 2546; x_wconf 89' lang='lat' dir='ltr'>quarta</span> <span class='ocrx_word' id='word_1_347' title='bbox 2251 2471 2645 2530; x_wconf 89' lang='lat' dir='ltr'>dissertatione</span> <span class='ocrx_word' id='word_1_348' title='bbox 2671 2467 3116 2543; x_wconf 90' lang='lat' dir='ltr'>disquirendum</span> <span class='ocrx_word' id='word_1_349' title='bbox 3145 2476 3269 2538; x_wconf 91' lang='lat' dir='ltr'>est;</span> <span class='ocrx_word' id='word_1_350' title='bbox 3302 2469 3455 2543; x_wconf 91' lang='lat' dir='ltr'>quod</span> <span class='ocrx_word' id='word_1_351' title='bbox 3484 2466 3726 2541; x_wconf 91' lang='lat' dir='ltr'>quidem</span> 
     </span>
    </p>
   </div>
   <div class='ocr_carea' id='block_1_49' title="bbox 2024 2554 3723 2636">
    <p class='ocr_par' dir='ltr' id='par_1_49' title="bbox 2024 2554 3723 2636">
     <span class='ocr_line' id='line_1_49' title="bbox 2024 2554 3723 2636; baseline -0.005 -16"><span class='ocrx_word' id='word_1_352' title='bbox 2024 2563 2165 2620; x_wconf 90' lang='lat' dir='ltr'>citra</span> <span class='ocrx_word' id='word_1_353' title='bbox 2192 2562 2317 2636; x_wconf 86' lang='lat' dir='ltr'>ejus</span> <span class='ocrx_word' id='word_1_354' title='bbox 2345 2560 2718 2619; x_wconf 71' lang='lat' dir='ltr'>offensionem</span> <span class='ocrx_word' id='word_1_355' title='bbox 2762 2558 2993 2632; x_wconf 84' lang='lat' dir='ltr'>aggredi</span> <span class='ocrx_word' id='word_1_356' title='bbox 3037 2572 3131 2614; x_wconf 91' lang='lat' dir='ltr'>me</span> <span class='ocrx_word' id='word_1_357' title='bbox 3175 2572 3338 2630; x_wconf 89' lang='lat' dir='ltr'>posse</span> <span class='ocrx_word' id='word_1_358' title='bbox 3395 2554 3723 2615; x_wconf 89' lang='lat' dir='ltr'>contendo:</span> 
     </span>
    </p>
   </div>
   <div class='ocr_carea' id='block_1_50' title="bbox 229 2648 1936 2728">
    <p class='ocr_par' dir='ltr' id='par_1_50' title="bbox 229 2648 1936 2728">
     <span class='ocr_line' id='line_1_50' title="bbox 229 2648 1936 2728; baseline 0.004 -19"><span class='ocrx_word' id='word_1_359' title='bbox 229 2665 347 2728; x_wconf 90' lang='lat' dir='ltr'>quo</span> <span class='ocrx_word' id='word_1_360' title='bbox 384 2648 688 2718; x_wconf 89' lang='lat' dir='ltr'>nimirum,</span> <span class='ocrx_word' id='word_1_361' title='bbox 728 2654 855 2721; x_wconf 88' lang='lat' dir='ltr'>post</span> <span class='ocrx_word' id='word_1_362' title='bbox 890 2663 1015 2716; x_wconf 89' lang='lat' dir='ltr'>nos,</span> <span class='ocrx_word' id='word_1_363' title='bbox 1057 2650 1240 2724; x_wconf 89' lang='lat' dir='ltr'>major</span> <span class='ocrx_word' id='word_1_364' title='bbox 1276 2650 1338 2709; x_wconf 94' lang='lat' dir='ltr'>in</span> <span class='ocrx_word' id='word_1_365' title='bbox 1384 2652 1644 2713; x_wconf 82' lang='lat' dir='ltr'>Romana</span> <span class='ocrx_word' id='word_1_366' title='bbox 1684 2656 1936 2715; x_wconf 86' lang='lat' dir='ltr'>Ecclesia</span> 
     </span>
    </p>
   </div>
   <div class='ocr_carea' id='block_1_51' title="bbox 227 2736 1933 2803">
    <p class='ocr_par' dir='ltr' id='par_1_51' title="bbox 227 2736 1933 2803">
     <span class='ocr_line' id='line_1_51' title="bbox 227 2736 1933 2803; baseline 0.002 -3"><span class='ocrx_word' id='word_1_367' title='bbox 227 2739 536 2800; x_wconf 89' lang='lat' dir='ltr'>auctoritas</span> <span class='ocrx_word' id='word_1_368' title='bbox 578 2752 695 2795; x_wconf 92' lang='lat' dir='ltr'>non</span> <span class='ocrx_word' id='word_1_369' title='bbox 742 2736 989 2795; x_wconf 89' lang='lat' dir='ltr'>habetur</span> <span class='ocrx_word' id='word_1_370' title='bbox 1044 2761 1056 2795; x_wconf 93' lang='lat'>:</span> <span class='ocrx_word' id='word_1_371' title='bbox 1112 2737 1345 2799; x_wconf 90' lang='lat' dir='ltr'>Petrum</span> <span class='ocrx_word' id='word_1_372' title='bbox 1389 2742 1653 2802; x_wconf 89' lang='lat' dir='ltr'>videlicet</span> <span class='ocrx_word' id='word_1_373' title='bbox 1700 2744 1933 2803; x_wconf 89' lang='lat' dir='ltr'>Damia-</span> 
     </span>
    </p>
   </div>
   <div class='ocr_carea' id='block_1_52' title="bbox 230 2822 3727 2905">
    <p class='ocr_par' dir='ltr' id='par_1_52' title="bbox 230 2822 3727 2905">
     <span class='ocr_line' id='line_1_52' title="bbox 230 2822 3727 2905; baseline -0.003 -16"><span class='ocrx_word' id='word_1_374' title='bbox 230 2846 375 2889; x_wconf 87' lang='lat' dir='ltr'>num</span> <span class='ocrx_word' id='word_1_375' title='bbox 421 2828 739 2888; x_wconf 86' lang='lat' dir='ltr'>Ostiensem</span> <span class='ocrx_word' id='word_1_376' title='bbox 778 2826 1132 2901; x_wconf 90' lang='lat' dir='ltr'>episcopum,</span> <span class='ocrx_word' id='word_1_377' title='bbox 1171 2829 1274 2902; x_wconf 91' lang='lat' dir='ltr'>qui</span> <span class='ocrx_word' id='word_1_378' title='bbox 1309 2830 1612 2905; x_wconf 91' lang='lat' dir='ltr'>nimirum,</span> <span class='ocrx_word' id='word_1_379' title='bbox 1651 2841 1706 2891; x_wconf 89' lang='lat' dir='ltr'>et</span> <span class='ocrx_word' id='word_1_380' title='bbox 1742 2840 1936 2893; x_wconf 91' lang='lat' dir='ltr'>noster</span> <span class='ocrx_word' id='word_1_381' title='bbox 2022 2830 2164 2889; x_wconf 90' lang='lat' dir='ltr'>adeo</span> <span class='ocrx_word' id='word_1_382' title='bbox 2196 2827 2445 2886; x_wconf 90' lang='lat' dir='ltr'>blandiri</span> <span class='ocrx_word' id='word_1_383' title='bbox 2472 2826 2664 2898; x_wconf 89' lang='lat' dir='ltr'>velim,</span> <span class='ocrx_word' id='word_1_384' title='bbox 2688 2834 2751 2885; x_wconf 89' lang='lat' dir='ltr'>ut</span> <span class='ocrx_word' id='word_1_385' title='bbox 2779 2843 2871 2885; x_wconf 92' lang='lat' dir='ltr'>me</span> <span class='ocrx_word' id='word_1_386' title='bbox 2896 2826 2969 2884; x_wconf 90' lang='lat' dir='ltr'>ab</span> <span class='ocrx_word' id='word_1_387' title='bbox 3008 2825 3112 2883; x_wconf 91' lang='lat' dir='ltr'>illo</span> <span class='ocrx_word' id='word_1_388' title='bbox 3140 2824 3341 2882; x_wconf 90' lang='lat' dir='ltr'>mitius</span> <span class='ocrx_word' id='word_1_389' title='bbox 3368 2822 3727 2892; x_wconf 85' lang='lat' dir='ltr'>habendum,</span> 
     </span>
    </p>
   </div>
   <div class='ocr_carea' id='block_1_53' title="bbox 229 2912 3726 2994">
    <p class='ocr_par' dir='ltr' id='par_1_53' title="bbox 229 2912 3726 2994">
     <span class='ocr_line' id='line_1_53' title="bbox 229 2912 3726 2994; baseline -0.003 -13"><span class='ocrx_word' id='word_1_390' title='bbox 229 2916 341 2980; x_wconf 48' lang='lat' dir='ltr'>est‘</span> <span class='ocrx_word' id='word_1_391' title='bbox 373 2921 597 2991; x_wconf 90' lang='lat' dir='ltr'>oculus,</span> <span class='ocrx_word' id='word_1_392' title='bbox 651 2925 706 2977; x_wconf 87' lang='lat' dir='ltr'>et</span> <span class='ocrx_word' id='word_1_393' title='bbox 753 2916 1076 2991; x_wconf 77' lang='lat' dir='ltr'>apostolicm</span> <span class='ocrx_word' id='word_1_394' title='bbox 1141 2918 1293 2979; x_wconf 90' lang='lat' dir='ltr'>sedis</span> <span class='ocrx_word' id='word_1_395' title='bbox 1364 2922 1664 2982; x_wconf 90' lang='lat' dir='ltr'>immobile</span> <span class='ocrx_word' id='word_1_396' title='bbox 1734 2924 1934 2982; x_wconf 87' lang='lat' dir='ltr'>ﬁrma-</span> <span class='ocrx_word' id='word_1_397' title='bbox 2023 2933 2201 2994; x_wconf 91' lang='lat' dir='ltr'>quam</span> <span class='ocrx_word' id='word_1_398' title='bbox 2248 2933 2348 2992; x_wconf 91' lang='lat' dir='ltr'>pro</span> <span class='ocrx_word' id='word_1_399' title='bbox 2394 2916 2649 2976; x_wconf 87' lang='lat' dir='ltr'>hominis</span> <span class='ocrx_word' id='word_1_400' title='bbox 2712 2918 2902 2976; x_wconf 89' lang='lat' dir='ltr'>ausim</span> <span class='ocrx_word' id='word_1_401' title='bbox 2957 2913 3378 2975; x_wconf 90' lang='lat' dir='ltr'>consuetudine</span> <span class='ocrx_word' id='word_1_402' title='bbox 3446 2912 3726 2986; x_wconf 88' lang='lat' dir='ltr'>polliceri.</span> 
     </span>
    </p>
   </div>
   <div class='ocr_carea' id='block_1_54' title="bbox 230 3000 3729 3080">
    <p class='ocr_par' dir='ltr' id='par_1_54' title="bbox 230 3000 3729 3080">
     <span class='ocr_line' id='line_1_54' title="bbox 230 3000 3729 3080; baseline -0.004 -9"><span class='ocrx_word' id='word_1_403' title='bbox 230 3020 514 3071; x_wconf 91' lang='lat' dir='ltr'>mentum.</span> <span class='ocrx_word' id='word_1_404' title='bbox 553 3036 580 3060; x_wconf 75' lang='grc' dir='ltr'><strong><em>ιο</em></strong></span> <span class='ocrx_word' id='word_1_405' title='bbox 2025 3006 2152 3078; x_wconf 92' lang='lat' dir='ltr'>Quo</span> <span class='ocrx_word' id='word_1_406' title='bbox 2195 3022 2286 3065; x_wconf 89' lang='lat' dir='ltr'>res</span> <span class='ocrx_word' id='word_1_407' title='bbox 2321 3020 2552 3080; x_wconf 89' lang='lat' dir='ltr'>cunque</span> <span class='ocrx_word' id='word_1_408' title='bbox 2594 3005 2776 3077; x_wconf 90' lang='lat' dir='ltr'>cadat,</span> <span class='ocrx_word' id='word_1_409' title='bbox 2810 3004 2957 3063; x_wconf 90' lang='lat' dir='ltr'>mihi</span> <span class='ocrx_word' id='word_1_410' title='bbox 3002 3002 3235 3063; x_wconf 89' lang='lat' dir='ltr'>abunde</span> <span class='ocrx_word' id='word_1_411' title='bbox 3281 3001 3543 3071; x_wconf 76' lang='lat' dir='ltr'>sufﬁciet,</span> <span class='ocrx_word' id='word_1_412' title='bbox 3571 3000 3729 3073; x_wconf 92' lang='lat' dir='ltr'>quod</span> 
     </span>
    </p>
   </div>
   <div class='ocr_carea' id='block_1_55' title="bbox 302 3088 3723 3200">
    <p class='ocr_par' dir='ltr' id='par_1_55' title="bbox 302 3088 3723 3200">
     <span class='ocr_line' id='line_1_55' title="bbox 302 3088 3723 3200; baseline -0.001 -40"><span class='ocrx_word' id='word_1_413' title='bbox 302 3102 372 3160; x_wconf 91' lang='lat' dir='ltr'>V.</span> <span class='ocrx_word' id='word_1_414' title='bbox 424 3102 586 3173; x_wconf 85' lang='lat' dir='ltr'>Quod</span> <span class='ocrx_word' id='word_1_415' title='bbox 636 3103 841 3163; x_wconf 87' lang='lat' dir='ltr'>attinet</span> <span class='ocrx_word' id='word_1_416' title='bbox 879 3104 951 3162; x_wconf 92' lang='lat' dir='ltr'>ad</span> <span class='ocrx_word' id='word_1_417' title='bbox 1002 3103 1259 3179; x_wconf 91' lang='lat' dir='ltr'>reliquos</span> <span class='ocrx_word' id='word_1_418' title='bbox 1312 3103 1462 3163; x_wconf 90' lang='lat' dir='ltr'>Petri</span> <span class='ocrx_word' id='word_1_419' title='bbox 1497 3103 1764 3163; x_wconf 91' lang='lat' dir='ltr'>Damiani</span> <span class='ocrx_word' id='word_1_420' title='bbox 1804 3095 2193 3200; x_wconf 71' lang='lat' dir='ltr'>con-Ciustae</span> <span class='ocrx_word' id='word_1_421' title='bbox 2247 3095 2309 3153; x_wconf 92' lang='lat' dir='ltr'>in</span> <span class='ocrx_word' id='word_1_422' title='bbox 2363 3094 2569 3192; x_wconf 79' lang='lat' dir='ltr'>primis</span> <span class='ocrx_word' id='word_1_423' title='bbox 2633 3108 2824 3192; x_wconf 59' lang='lat' dir='ltr'>causa</span> <span class='ocrx_word' id='word_1_424' title='bbox 2880 3091 3285 3200; x_wconf 71' lang='lat' dir='ltr'>defensionem</span> <span class='ocrx_word' id='word_1_425' title='bbox 3326 3088 3723 3200; x_wconf 40' lang='lat' dir='ltr'>‘su‘scepell‘iI‘II.</span> 
     </span>
    </p>
   </div>
   <div class='ocr_carea' id='block_1_56' title="bbox 231 3176 1943 3276">
    <p class='ocr_par' dir='ltr' id='par_1_56' title="bbox 231 3176 1941 3269">
     <span class='ocr_line' id='line_1_56' title="bbox 231 3176 1941 3269; baseline 0.001 -18"><span class='ocrx_word' id='word_1_426' title='bbox 231 3192 470 3266; x_wconf 89' lang='lat' dir='ltr'>cellitas,</span> <span class='ocrx_word' id='word_1_427' title='bbox 504 3194 880 3269; x_wconf 87' lang='lat' dir='ltr'>ejusdemque</span> <span class='ocrx_word' id='word_1_428' title='bbox 918 3176 1170 3252; x_wconf 74' lang='lat' dir='ltr'>instituti</span> <span class='ocrx_word' id='word_1_429' title='bbox 1222 3199 1543 3265; x_wconf 85' lang='lat' dir='ltr'>sectatores,</span> <span class='ocrx_word' id='word_1_430' title='bbox 1575 3200 1654 3252; x_wconf 92' lang='lat' dir='ltr'>tot</span> <span class='ocrx_word' id='word_1_431' title='bbox 1690 3208 1757 3251; x_wconf 91' lang='lat' dir='ltr'>ac</span> <span class='ocrx_word' id='word_1_432' title='bbox 1798 3193 1941 3252; x_wconf 86' lang='lat' dir='ltr'>tales</span> 
     </span>
    </p>
   </div>
   <div class='ocr_carea' id='block_1_57' title="bbox 2035 3176 3728 3276">
    <p class='ocr_par' dir='ltr' id='par_1_57' title="bbox 2035 3176 3728 3254">
     <span class='ocr_line' id='line_1_57' title="bbox 2035 3176 3728 3254; baseline -0.004 -12"><span class='ocrx_word' id='word_1_433' title='bbox 2035 3190 2079 3243; x_wconf 76' lang='lat' dir='ltr'>et</span> <span class='ocrx_word' id='word_1_434' title='bbox 2125 3182 2445 3241; x_wconf 89' lang='lat' dir='ltr'>necessario</span> <span class='ocrx_word' id='word_1_435' title='bbox 2486 3182 2858 3254; x_wconf 90' lang='lat' dir='ltr'>susceperim,</span> <span class='ocrx_word' id='word_1_436' title='bbox 2886 3189 2943 3240; x_wconf 92' lang='lat' dir='ltr'>et</span> <span class='ocrx_word' id='word_1_437' title='bbox 2990 3181 3140 3239; x_wconf 89' lang='lat' dir='ltr'>intra</span> <span class='ocrx_word' id='word_1_438' title='bbox 3188 3177 3496 3253; x_wconf 55' lang='lat' dir='ltr'>inculpatae</span> <span class='ocrx_word' id='word_1_439' title='bbox 3531 3176 3728 3236; x_wconf 63' lang='lat' dir='ltr'>tutelas</span> 
     </span>
    </p>
   </div>
   <div class='ocr_carea' id='block_1_58' title="bbox 233 3267 3729 3364">
    <p class='ocr_par' dir='ltr' id='par_1_58' title="bbox 233 3267 3729 3364">
     <span class='ocr_line' id='line_1_58' title="bbox 233 3267 3729 3364; baseline -0 -23"><span class='ocrx_word' id='word_1_440' title='bbox 233 3284 703 3354; x_wconf 79' lang='lat' dir='ltr'>iinumerantur,</span> <span class='ocrx_word' id='word_1_441' title='bbox 736 3267 800 3342; x_wconf 76' lang='lat' dir='ltr'>ut</span> <span class='ocrx_word' id='word_1_442' title='bbox 822 3284 1082 3359; x_wconf 87' lang='lat' dir='ltr'>prodigio</span> <span class='ocrx_word' id='word_1_443' title='bbox 1111 3284 1302 3343; x_wconf 90' lang='lat' dir='ltr'>simile</span> <span class='ocrx_word' id='word_1_444' title='bbox 1324 3285 1415 3354; x_wconf 90' lang='lat' dir='ltr'>sit,</span> <span class='ocrx_word' id='word_1_445' title='bbox 1450 3285 1706 3359; x_wconf 90' lang='lat' dir='ltr'>potuisse</span> <span class='ocrx_word' id='word_1_446' title='bbox 1741 3300 1944 3344; x_wconf 89' lang='lat' dir='ltr'>omnes</span> <span class='ocrx_word' id='word_1_447' title='bbox 2022 3274 2239 3333; x_wconf 59' lang='lat' dir='ltr'>limites</span> <span class='ocrx_word' id='word_1_448' title='bbox 2289 3288 2381 3364; x_wconf 73' lang='lat' dir='ltr'>me</span> <span class='ocrx_word' id='word_1_449' title='bbox 2417 3272 2823 3364; x_wconf 64' lang='grc' dir='ltr'>φοῐὶξιιιθτὶω,</span> <span class='ocrx_word' id='word_1_450' title='bbox 2850 3286 3007 3364; x_wconf 44' lang='lat' dir='ltr'>quo?</span> <span class='ocrx_word' id='word_1_451' title='bbox 3049 3270 3157 3364; x_wconf 57' lang='lat' dir='ltr'>etsi</span> <span class='ocrx_word' id='word_1_452' title='bbox 3209 3267 3567 3364; x_wconf 58' lang='grc' dir='ltr'>θιςςθάθτθφ»</span> <span class='ocrx_word' id='word_1_453' title='bbox 3602 3267 3729 3340; x_wconf 68' lang='lat' dir='ltr'>eius</span> 
     </span>
    </p>
   </div>
   <div class='ocr_carea' id='block_1_59' title="bbox 233 3356 3729 3451">
    <p class='ocr_par' dir='ltr' id='par_1_59' title="bbox 233 3356 3729 3451">
     <span class='ocr_line' id='line_1_59' title="bbox 233 3356 3729 3451; baseline -0.002 -21"><span class='ocrx_word' id='word_1_454' title='bbox 233 3373 304 3430; x_wconf 90' lang='lat' dir='ltr'>ab</span> <span class='ocrx_word' id='word_1_455' title='bbox 333 3388 454 3431; x_wconf 94' lang='lat' dir='ltr'>uno</span> <span class='ocrx_word' id='word_1_456' title='bbox 484 3372 588 3430; x_wconf 90' lang='lat' dir='ltr'>illo</span> <span class='ocrx_word' id='word_1_457' title='bbox 618 3356 1296 3432; x_wconf 17' lang='lat' dir='ltr'>Avellanensiiasceterio</span> <span class='ocrx_word' id='word_1_458' title='bbox 1330 3356 1559 3447; x_wconf 80' lang='lat' dir='ltr'>prodire</span> <span class='ocrx_word' id='word_1_459' title='bbox 1591 3398 1603 3432; x_wconf 90' lang='lat'><strong>:</strong></span> <span class='ocrx_word' id='word_1_460' title='bbox 1636 3390 1739 3433; x_wconf 91' lang='lat' dir='ltr'>nec</span> <span class='ocrx_word' id='word_1_461' title='bbox 1777 3373 1947 3433; x_wconf 87' lang='lat' dir='ltr'>facile</span> <span class='ocrx_word' id='word_1_462' title='bbox 2023 3362 2414 3438; x_wconf 70' lang='lat' dir='ltr'>provocationi</span> <span class='ocrx_word' id='word_1_463' title='bbox 2442 3360 2885 3451; x_wconf 52' lang='lat' dir='ltr'>dandumﬁsset.</span> <span class='ocrx_word' id='word_1_464' title='bbox 2908 3360 3012 3451; x_wconf 84' lang='lat' dir='ltr'>qu_i</span> <span class='ocrx_word' id='word_1_465' title='bbox 3035 3359 3192 3451; x_wconf 58' lang='grc' dir='ltr'>ρι’ᾷρτ</span> <span class='ocrx_word' id='word_1_466' title='bbox 3213 3356 3585 3451; x_wconf 61' lang='lat' dir='ltr'>pullaquejn</span> <span class='ocrx_word' id='word_1_467' title='bbox 3612 3369 3674 3451; x_wconf 63' lang='grc' dir='ltr'>ι’ξὲ</span> <span class='ocrx_word' id='word_1_468' title='bbox 3694 3369 3729 3410; x_wconf 69' lang='lat' dir='ltr'><strong>ﬂ</strong></span> 
     </span>
    </p>
   </div>
   <div class='ocr_carea' id='block_1_60' title="bbox 234 3442 3728 3537">
    <p class='ocr_par' dir='ltr' id='par_1_60' title="bbox 234 3442 3728 3537">
     <span class='ocr_line' id='line_1_60' title="bbox 234 3442 3728 3537; baseline -0.001 -17"><span class='ocrx_word' id='word_1_469' title='bbox 234 3461 397 3522; x_wconf 89' lang='lat' dir='ltr'>aliud</span> <span class='ocrx_word' id='word_1_470' title='bbox 447 3461 519 3533; x_wconf 90' lang='lat' dir='ltr'>(si</span> <span class='ocrx_word' id='word_1_471' title='bbox 564 3479 775 3533; x_wconf 89' lang='lat' dir='ltr'>unum,</span> <span class='ocrx_word' id='word_1_472' title='bbox 808 3463 894 3521; x_wconf 89' lang='lat' dir='ltr'>vel</span> <span class='ocrx_word' id='word_1_473' title='bbox 943 3463 1188 3521; x_wconf 89' lang='lat' dir='ltr'>alterum</span> <span class='ocrx_word' id='word_1_474' title='bbox 1227 3479 1302 3521; x_wconf 82' lang='lat' dir='ltr'>ex</span> <span class='ocrx_word' id='word_1_475' title='bbox 1331 3442 1629 3537; x_wconf 78' lang='lat' dir='ltr'>primariis</span> <span class='ocrx_word' id='word_1_476' title='bbox 1670 3463 1945 3522; x_wconf 89' lang='lat' dir='ltr'>ordinum</span> <span class='ocrx_word' id='word_1_477' title='bbox 2030 3453 2238 3511; x_wconf 64' lang='lat' dir='ltr'>nostris</span> <span class='ocrx_word' id='word_1_478' title='bbox 2269 3450 2592 3517; x_wconf 67' lang='lat' dir='ltr'>laceSSillIS.</span> <span class='ocrx_word' id='word_1_479' title='bbox 2623 3449 2889 3508; x_wconf 70' lang='lat' dir='ltr'>ordinem</span> <span class='ocrx_word' id='word_1_480' title='bbox 2922 3447 3181 3537; x_wconf 67' lang='grc' dir='ltr'>οπεοάὶῐ,</span> <span class='ocrx_word' id='word_1_481' title='bbox 3213 3445 3453 3537; x_wconf 52' lang='lat' dir='ltr'>Petrum</span> <span class='ocrx_word' id='word_1_482' title='bbox 3495 3442 3728 3537; x_wconf 49' lang='lat' dir='ltr'>nimii!&quot;</span> 
     </span>
    </p>
   </div>
   <div class='ocr_carea' id='block_1_61' title="bbox 2022 2644 3728 2722">
    <p class='ocr_par' dir='ltr' id='par_1_61' title="bbox 2022 2644 3728 2722">
     <span class='ocr_line' id='line_1_61' title="bbox 2022 2644 3728 2722; baseline -0.005 -13"><span class='ocrx_word' id='word_1_483' title='bbox 2022 2667 2097 2709; x_wconf 90' lang='lat' dir='ltr'>an</span> <span class='ocrx_word' id='word_1_484' title='bbox 2129 2658 2183 2708; x_wconf 90' lang='lat' dir='ltr'>et</span> <span class='ocrx_word' id='word_1_485' title='bbox 2214 2664 2442 2722; x_wconf 88' lang='lat' dir='ltr'>sperare</span> <span class='ocrx_word' id='word_1_486' title='bbox 2470 2648 2656 2719; x_wconf 90' lang='lat' dir='ltr'>liceat,</span> <span class='ocrx_word' id='word_1_487' title='bbox 2683 2647 2885 2721; x_wconf 88' lang='lat' dir='ltr'>ignoro</span> <span class='ocrx_word' id='word_1_488' title='bbox 2908 2668 2921 2717; x_wconf 88' lang='lat'><strong>;</strong></span> <span class='ocrx_word' id='word_1_489' title='bbox 2947 2645 3325 2721; x_wconf 85' lang='lat' dir='ltr'>quantumvis</span> <span class='ocrx_word' id='word_1_490' title='bbox 3355 2644 3513 2702; x_wconf 87' lang='lat' dir='ltr'>enim</span> <span class='ocrx_word' id='word_1_491' title='bbox 3537 2657 3728 2701; x_wconf 78' lang='lat' dir='ltr'>causae</span> 
     </span>
    </p>
   </div>
   <div class='ocr_carea' id='block_1_62' title="bbox 2023 2734 3730 2812">
    <p class='ocr_par' dir='ltr' id='par_1_62' title="bbox 2023 2734 3730 2812">
     <span class='ocr_line' id='line_1_62' title="bbox 2023 2734 3730 2812; baseline -0.005 -14"><span class='ocrx_word' id='word_1_492' title='bbox 2023 2754 2170 2798; x_wconf 60' lang='lat' dir='ltr'>mea;</span> <span class='ocrx_word' id='word_1_493' title='bbox 2198 2736 2458 2812; x_wconf 68' lang='lat' dir='ltr'>aequitati</span> <span class='ocrx_word' id='word_1_494' title='bbox 2486 2737 2623 2795; x_wconf 91' lang='lat' dir='ltr'>satis</span> <span class='ocrx_word' id='word_1_495' title='bbox 2649 2737 2957 2805; x_wconf 74' lang='lat' dir='ltr'>confidam,</span> <span class='ocrx_word' id='word_1_496' title='bbox 2988 2751 3108 2794; x_wconf 90' lang='lat' dir='ltr'>non</span> <span class='ocrx_word' id='word_1_497' title='bbox 3141 2734 3288 2792; x_wconf 91' lang='lat' dir='ltr'>mihi</span> <span class='ocrx_word' id='word_1_498' title='bbox 3315 2741 3504 2793; x_wconf 89' lang='lat' dir='ltr'>tamen</span> <span class='ocrx_word' id='word_1_499' title='bbox 3544 2746 3730 2805; x_wconf 90' lang='lat' dir='ltr'>usque</span> 
     </span>
    </p>
   </div>
   <div class='ocr_carea' id='block_1_63' title="bbox 235 3550 1946 3627">
    <p class='ocr_par' dir='ltr' id='par_1_63' title="bbox 235 3550 1946 3627">
     <span class='ocr_line' id='line_1_63' title="bbox 235 3550 1946 3627; baseline 0.001 -18"><span class='ocrx_word' id='word_1_500' title='bbox 235 3550 523 3624; x_wconf 88' lang='lat' dir='ltr'>capitibus</span> <span class='ocrx_word' id='word_1_501' title='bbox 568 3551 844 3625; x_wconf 84' lang='lat' dir='ltr'>excipias)</span> <span class='ocrx_word' id='word_1_502' title='bbox 868 3551 1288 3611; x_wconf 91' lang='lat' dir='ltr'>monasterium</span> <span class='ocrx_word' id='word_1_503' title='bbox 1336 3552 1586 3625; x_wconf 88' lang='lat' dir='ltr'>reperire</span> <span class='ocrx_word' id='word_1_504' title='bbox 1629 3552 1757 3624; x_wconf 91' lang='lat' dir='ltr'>erit,</span> <span class='ocrx_word' id='word_1_505' title='bbox 1790 3551 1946 3627; x_wconf 88' lang='lat' dir='ltr'>quod</span> 
     </span>
    </p>
   </div>
   <div class='ocr_carea' id='block_1_64' title="bbox 241 3640 1945 3718">
    <p class='ocr_par' dir='ltr' id='par_1_64' title="bbox 241 3640 1945 3718">
     <span class='ocr_line' id='line_1_64' title="bbox 241 3640 1945 3718; baseline 0 -19"><span class='ocrx_word' id='word_1_506' title='bbox 241 3649 356 3699; x_wconf 90' lang='lat' dir='ltr'>tam</span> <span class='ocrx_word' id='word_1_507' title='bbox 406 3640 734 3700; x_wconf 91' lang='lat' dir='ltr'>illustribus</span> <span class='ocrx_word' id='word_1_508' title='bbox 786 3642 1187 3712; x_wconf 89' lang='lat' dir='ltr'>sanctimonia,</span> <span class='ocrx_word' id='word_1_509' title='bbox 1236 3648 1291 3702; x_wconf 90' lang='lat' dir='ltr'>et</span> <span class='ocrx_word' id='word_1_510' title='bbox 1341 3642 1620 3718; x_wconf 87' lang='lat' dir='ltr'>dignitate</span> <span class='ocrx_word' id='word_1_511' title='bbox 1671 3642 1945 3701; x_wconf 56' lang='lat' dir='ltr'>ecclesia-</span> 
     </span>
    </p>
   </div>
   <div class='ocr_carea' id='block_1_65' title="bbox 240 3729 1950 3806">
    <p class='ocr_par' dir='ltr' id='par_1_65' title="bbox 240 3729 1950 3806">
     <span class='ocr_line' id='line_1_65' title="bbox 240 3729 1950 3806; baseline 0.002 -18"><span class='ocrx_word' id='word_1_512' title='bbox 240 3731 380 3789; x_wconf 87' lang='lat' dir='ltr'>stica</span> <span class='ocrx_word' id='word_1_513' title='bbox 406 3729 547 3788; x_wconf 89' lang='lat' dir='ltr'>viris</span> <span class='ocrx_word' id='word_1_514' title='bbox 570 3731 746 3789; x_wconf 91' lang='lat' dir='ltr'>fuerit</span> <span class='ocrx_word' id='word_1_515' title='bbox 775 3730 1144 3803; x_wconf 84' lang='lat' dir='ltr'>insignitum.</span> <span class='ocrx_word' id='word_1_516' title='bbox 1178 3730 1325 3790; x_wconf 90' lang='lat' dir='ltr'>Nam</span> <span class='ocrx_word' id='word_1_517' title='bbox 1355 3747 1530 3806; x_wconf 85' lang='lat' dir='ltr'>supra</span> <span class='ocrx_word' id='word_1_518' title='bbox 1567 3731 1950 3806; x_wconf 84' lang='lat' dir='ltr'>quadraginta</span> 
     </span>
    </p>
   </div>
   <div class='ocr_carea' id='block_1_66' title="bbox 239 3820 1949 3897">
    <p class='ocr_par' dir='ltr' id='par_1_66' title="bbox 239 3820 1949 3897">
     <span class='ocr_line' id='line_1_66' title="bbox 239 3820 1949 3897; baseline 0.002 -19"><span class='ocrx_word' id='word_1_519' title='bbox 239 3820 553 3878; x_wconf 87' lang='lat' dir='ltr'>monachos</span> <span class='ocrx_word' id='word_1_520' title='bbox 608 3820 732 3879; x_wconf 61' lang='lat' dir='ltr'>haec</span> <span class='ocrx_word' id='word_1_521' title='bbox 782 3837 903 3878; x_wconf 89' lang='lat' dir='ltr'>una</span> <span class='ocrx_word' id='word_1_522' title='bbox 950 3822 1202 3881; x_wconf 89' lang='lat' dir='ltr'>solitudo</span> <span class='ocrx_word' id='word_1_523' title='bbox 1247 3822 1317 3882; x_wconf 89' lang='lat' dir='ltr'>ad</span> <span class='ocrx_word' id='word_1_524' title='bbox 1363 3822 1653 3881; x_wconf 78' lang='lat' dir='ltr'>cmlestem</span> <span class='ocrx_word' id='word_1_525' title='bbox 1704 3822 1949 3897; x_wconf 90' lang='lat' dir='ltr'>patriam</span> 
     </span>
    </p>
   </div>
   <div class='ocr_carea' id='block_1_67' title="bbox 242 3908 1951 3983">
    <p class='ocr_par' dir='ltr' id='par_1_67' title="bbox 242 3908 1951 3983">
     <span class='ocr_line' id='line_1_67' title="bbox 242 3908 1951 3983; baseline 0.001 -16"><span class='ocrx_word' id='word_1_526' title='bbox 242 3908 576 3979; x_wconf 90' lang='lat' dir='ltr'>transmisit,</span> <span class='ocrx_word' id='word_1_527' title='bbox 639 3924 890 3983; x_wconf 90' lang='lat' dir='ltr'>quorum</span> <span class='ocrx_word' id='word_1_528' title='bbox 956 3910 1198 3968; x_wconf 90' lang='lat' dir='ltr'>nomina</span> <span class='ocrx_word' id='word_1_529' title='bbox 1269 3911 1420 3968; x_wconf 91' lang='lat' dir='ltr'>inter</span> <span class='ocrx_word' id='word_1_530' title='bbox 1479 3919 1829 3980; x_wconf 90' lang='lat' dir='ltr'>sanctorum,</span> <span class='ocrx_word' id='word_1_531' title='bbox 1883 3926 1951 3969; x_wconf 89' lang='lat' dir='ltr'>ac</span> 
     </span>
    </p>
   </div>
   <div class='ocr_carea' id='block_1_68' title="bbox 243 3998 1948 4073">
    <p class='ocr_par' dir='ltr' id='par_1_68' title="bbox 243 3998 1948 4073">
     <span class='ocr_line' id='line_1_68' title="bbox 243 3998 1948 4073; baseline 0.001 -16"><span class='ocrx_word' id='word_1_532' title='bbox 243 3999 541 4058; x_wconf 85' lang='lat' dir='ltr'>beatorum</span> <span class='ocrx_word' id='word_1_533' title='bbox 595 3998 790 4071; x_wconf 86' lang='lat' dir='ltr'>fastos,</span> <span class='ocrx_word' id='word_1_534' title='bbox 822 4005 1178 4073; x_wconf 90' lang='lat' dir='ltr'>posterorum</span> <span class='ocrx_word' id='word_1_535' title='bbox 1223 3998 1577 4058; x_wconf 89' lang='lat' dir='ltr'>venerationi</span> <span class='ocrx_word' id='word_1_536' title='bbox 1627 4007 1763 4057; x_wconf 91' lang='lat' dir='ltr'>sunt</span> <span class='ocrx_word' id='word_1_537' title='bbox 1806 4016 1948 4059; x_wconf 91' lang='lat' dir='ltr'>con-</span> 
     </span>
    </p>
   </div>
   <div class='ocr_carea' id='block_1_69' title="bbox 244 4087 1950 4165">
    <p class='ocr_par' dir='ltr' id='par_1_69' title="bbox 244 4087 1950 4165">
     <span class='ocr_line' id='line_1_69' title="bbox 244 4087 1950 4165; baseline 0.002 -20"><span class='ocrx_word' id='word_1_538' title='bbox 244 4094 489 4157; x_wconf 90' lang='lat' dir='ltr'>secrata;</span> <span class='ocrx_word' id='word_1_539' title='bbox 541 4087 894 4163; x_wconf 88' lang='lat' dir='ltr'>totidemque</span> <span class='ocrx_word' id='word_1_540' title='bbox 936 4087 1163 4147; x_wconf 90' lang='lat' dir='ltr'>circiter</span> <span class='ocrx_word' id='word_1_541' title='bbox 1215 4089 1505 4147; x_wconf 87' lang='lat' dir='ltr'>variarum</span> <span class='ocrx_word' id='word_1_542' title='bbox 1545 4089 1786 4149; x_wconf 89' lang='lat' dir='ltr'>urbium</span> <span class='ocrx_word' id='word_1_543' title='bbox 1827 4090 1950 4165; x_wconf 88' lang='lat' dir='ltr'>epi-</span> 
     </span>
    </p>
   </div>
   <div class='ocr_carea' id='block_1_70' title="bbox 245 4177 1950 4252">
    <p class='ocr_par' dir='ltr' id='par_1_70' title="bbox 245 4177 1950 4252">
     <span class='ocr_line' id='line_1_70' title="bbox 245 4177 1950 4252; baseline 0.001 -17"><span class='ocrx_word' id='word_1_544' title='bbox 245 4179 400 4252; x_wconf 91' lang='lat' dir='ltr'>scopi</span> <span class='ocrx_word' id='word_1_545' title='bbox 447 4193 521 4237; x_wconf 84' lang='lat' dir='ltr'>ex</span> <span class='ocrx_word' id='word_1_546' title='bbox 572 4177 702 4251; x_wconf 90' lang='lat' dir='ltr'>ejus</span> <span class='ocrx_word' id='word_1_547' title='bbox 750 4177 1016 4236; x_wconf 88' lang='lat' dir='ltr'>claustris</span> <span class='ocrx_word' id='word_1_548' title='bbox 1074 4178 1357 4250; x_wconf 87' lang='lat' dir='ltr'>assumpti</span> <span class='ocrx_word' id='word_1_549' title='bbox 1424 4184 1795 4237; x_wconf 87' lang='lat' dir='ltr'>recensentur</span> <span class='ocrx_word' id='word_1_550' title='bbox 1845 4201 1858 4236; x_wconf 90' lang='lat'><strong>:</strong></span> <span class='ocrx_word' id='word_1_551' title='bbox 1917 4194 1950 4237; x_wconf 90' lang='lat' dir='ltr'>e</span> 
     </span>
    </p>
   </div>
   <div class='ocr_carea' id='block_1_71' title="bbox 245 4266 1947 4343">
    <p class='ocr_par' dir='ltr' id='par_1_71' title="bbox 245 4266 1947 4343">
     <span class='ocr_line' id='line_1_71' title="bbox 245 4266 1947 4343; baseline -0.001 -16"><span class='ocrx_word' id='word_1_552' title='bbox 245 4268 460 4343; x_wconf 91' lang='lat' dir='ltr'>quibus</span> <span class='ocrx_word' id='word_1_553' title='bbox 508 4275 755 4341; x_wconf 86' lang='lat' dir='ltr'>quatuor</span> <span class='ocrx_word' id='word_1_554' title='bbox 796 4268 857 4326; x_wconf 91' lang='lat' dir='ltr'>in</span> <span class='ocrx_word' id='word_1_555' title='bbox 900 4269 957 4330; x_wconf 92' lang='lat' dir='ltr'>S.</span> <span class='ocrx_word' id='word_1_556' title='bbox 1002 4268 1071 4327; x_wconf 80' lang='lat' dir='ltr'>R.</span> <span class='ocrx_word' id='word_1_557' title='bbox 1108 4268 1173 4326; x_wconf 84' lang='lat' dir='ltr'>E.</span> <span class='ocrx_word' id='word_1_558' title='bbox 1224 4266 1605 4326; x_wconf 87' lang='lat' dir='ltr'>cardinalium</span> <span class='ocrx_word' id='word_1_559' title='bbox 1661 4275 1947 4340; x_wconf 89' lang='lat' dir='ltr'>senatum,</span> 
     </span>
    </p>
   </div>
   <div class='ocr_carea' id='block_1_72' title="bbox 247 4357 1948 4432">
    <p class='ocr_par' dir='ltr' id='par_1_72' title="bbox 247 4357 1948 4432">
     <span class='ocr_line' id='line_1_72' title="bbox 247 4357 1948 4432; baseline 0.001 -17"><span class='ocrx_word' id='word_1_560' title='bbox 247 4374 349 4432; x_wconf 89' lang='lat' dir='ltr'>pro</span> <span class='ocrx_word' id='word_1_561' title='bbox 398 4358 521 4416; x_wconf 92' lang='lat' dir='ltr'>suis</span> <span class='ocrx_word' id='word_1_562' title='bbox 573 4358 815 4429; x_wconf 90' lang='lat' dir='ltr'>meritis,</span> <span class='ocrx_word' id='word_1_563' title='bbox 873 4357 1117 4432; x_wconf 88' lang='lat' dir='ltr'>cooptati</span> <span class='ocrx_word' id='word_1_564' title='bbox 1168 4364 1569 4427; x_wconf 89' lang='lat' dir='ltr'>numerantur,</span> <span class='ocrx_word' id='word_1_565' title='bbox 1624 4372 1832 4430; x_wconf 89' lang='lat' dir='ltr'>nempe</span> <span class='ocrx_word' id='word_1_566' title='bbox 1877 4359 1948 4430; x_wconf 90' lang='lat' dir='ltr'>is,</span> 
     </span>
    </p>
   </div>
   <div class='ocr_carea' id='block_1_73' title="bbox 246 4447 1951 4526">
    <p class='ocr_par' dir='ltr' id='par_1_73' title="bbox 246 4447 1951 4526">
     <span class='ocr_line' id='line_1_73' title="bbox 246 4447 1951 4526; baseline -0.001 -21"><span class='ocrx_word' id='word_1_567' title='bbox 246 4448 317 4506; x_wconf 91' lang='lat' dir='ltr'>de</span> <span class='ocrx_word' id='word_1_568' title='bbox 348 4465 464 4526; x_wconf 90' lang='lat' dir='ltr'>quo</span> <span class='ocrx_word' id='word_1_569' title='bbox 493 4449 781 4523; x_wconf 67' lang='lat' dir='ltr'>praecipue</span> <span class='ocrx_word' id='word_1_570' title='bbox 810 4447 1125 4519; x_wconf 89' lang='lat' dir='ltr'>loquimur,</span> <span class='ocrx_word' id='word_1_571' title='bbox 1156 4452 1348 4504; x_wconf 83' lang='lat' dir='ltr'>Petrus</span> <span class='ocrx_word' id='word_1_572' title='bbox 1374 4451 1635 4504; x_wconf 77' lang='lat' dir='ltr'>Damiani</span> <span class='ocrx_word' id='word_1_573' title='bbox 1673 4447 1951 4507; x_wconf 90' lang='lat' dir='ltr'>Ostiensis</span> 
     </span>
    </p>
   </div>
   <div class='ocr_carea' id='block_1_74' title="bbox 247 4536 1953 4613">
    <p class='ocr_par' dir='ltr' id='par_1_74' title="bbox 247 4536 1953 4613">
     <span class='ocr_line' id='line_1_74' title="bbox 247 4536 1953 4613; baseline 0 -16"><span class='ocrx_word' id='word_1_574' title='bbox 247 4540 566 4613; x_wconf 90' lang='lat' dir='ltr'>episcopus,</span> <span class='ocrx_word' id='word_1_575' title='bbox 597 4547 653 4596; x_wconf 92' lang='lat' dir='ltr'>et</span> <span class='ocrx_word' id='word_1_576' title='bbox 697 4542 999 4595; x_wconf 78' lang='lat' dir='ltr'>Damianus</span> <span class='ocrx_word' id='word_1_577' title='bbox 1044 4551 1120 4595; x_wconf 82' lang='lat' dir='ltr'>ex</span> <span class='ocrx_word' id='word_1_578' title='bbox 1166 4536 1488 4595; x_wconf 86' lang='lat' dir='ltr'>Bodelinda</span> <span class='ocrx_word' id='word_1_579' title='bbox 1526 4552 1722 4595; x_wconf 91' lang='lat' dir='ltr'>sorore</span> <span class='ocrx_word' id='word_1_580' title='bbox 1767 4537 1825 4598; x_wconf 91' lang='lat' dir='ltr'>S.</span> <span class='ocrx_word' id='word_1_581' title='bbox 1856 4538 1953 4597; x_wconf 92' lang='lat' dir='ltr'>do-</span> 
     </span>
    </p>
   </div>
   <div class='ocr_carea' id='block_1_75' title="bbox 245 4626 1949 4703">
    <p class='ocr_par' dir='ltr' id='par_1_75' title="bbox 245 4626 1949 4703">
     <span class='ocr_line' id='line_1_75' title="bbox 245 4626 1949 4703; baseline -0.002 -15"><span class='ocrx_word' id='word_1_582' title='bbox 245 4630 417 4688; x_wconf 88' lang='lat' dir='ltr'>ctoris</span> <span class='ocrx_word' id='word_1_583' title='bbox 468 4644 646 4703; x_wconf 91' lang='lat' dir='ltr'>nepos</span> <span class='ocrx_word' id='word_1_584' title='bbox 696 4628 885 4701; x_wconf 89' lang='lat' dir='ltr'>(cujus</span> <span class='ocrx_word' id='word_1_585' title='bbox 932 4627 1053 4698; x_wconf 91' lang='lat' dir='ltr'>ipse</span> <span class='ocrx_word' id='word_1_586' title='bbox 1106 4626 1370 4684; x_wconf 87' lang='lat' dir='ltr'>meminit</span> <span class='ocrx_word' id='word_1_587' title='bbox 1422 4631 1560 4684; x_wconf 89' lang='lat' dir='ltr'>tom.</span> <span class='ocrx_word' id='word_1_588' title='bbox 1624 4628 1675 4697; x_wconf 85' lang='lat'>1,</span> <span class='ocrx_word' id='word_1_589' title='bbox 1733 4627 1832 4685; x_wconf 91' lang='lat' dir='ltr'>lib.</span> <span class='ocrx_word' id='word_1_590' title='bbox 1884 4639 1949 4700; x_wconf 82' lang='grc' dir='ltr'>Π,</span> 
     </span>
    </p>
   </div>
   <div class='ocr_carea' id='block_1_76' title="bbox 246 4713 1947 4791">
    <p class='ocr_par' dir='ltr' id='par_1_76' title="bbox 246 4713 1947 4791">
     <span class='ocr_line' id='line_1_76' title="bbox 246 4713 1947 4791; baseline 0 -18"><span class='ocrx_word' id='word_1_591' title='bbox 246 4733 335 4791; x_wconf 89' lang='lat' dir='ltr'>ep.</span> <span class='ocrx_word' id='word_1_592' title='bbox 391 4718 477 4786; x_wconf 91' lang='grc'>11,</span> <span class='ocrx_word' id='word_1_593' title='bbox 531 4723 587 4775; x_wconf 91' lang='lat' dir='ltr'>et</span> <span class='ocrx_word' id='word_1_594' title='bbox 628 4716 730 4774; x_wconf 90' lang='lat' dir='ltr'>lib.</span> <span class='ocrx_word' id='word_1_595' title='bbox 782 4727 865 4786; x_wconf 88' lang='lat' dir='ltr'>VI,</span> <span class='ocrx_word' id='word_1_596' title='bbox 915 4715 1081 4788; x_wconf 87' lang='lat' dir='ltr'>epist.</span> <span class='ocrx_word' id='word_1_597' title='bbox 1131 4716 1182 4786; x_wconf 87' lang='lat'>3,</span> <span class='ocrx_word' id='word_1_598' title='bbox 1228 4714 1280 4785; x_wconf 92' lang='lat'>2,</span> <span class='ocrx_word' id='word_1_599' title='bbox 1328 4713 1418 4785; x_wconf 88' lang='lat'>22,</span> <span class='ocrx_word' id='word_1_600' title='bbox 1451 4714 1540 4788; x_wconf 81' lang='lat'>29,</span> <span class='ocrx_word' id='word_1_601' title='bbox 1571 4730 1636 4773; x_wconf 91' lang='lat' dir='ltr'>ac</span> <span class='ocrx_word' id='word_1_602' title='bbox 1680 4722 1817 4775; x_wconf 92' lang='lat' dir='ltr'>tom.</span> <span class='ocrx_word' id='word_1_603' title='bbox 1848 4713 1947 4787; x_wconf 89' lang='lat' dir='ltr'>IV,</span> 
     </span>
    </p>
   </div>
   <div class='ocr_carea' id='block_1_77' title="bbox 249 4805 1953 4879">
    <p class='ocr_par' dir='ltr' id='par_1_77' title="bbox 249 4805 1953 4879">
     <span class='ocr_line' id='line_1_77' title="bbox 249 4805 1953 4879; baseline -0.001 -13"><span class='ocrx_word' id='word_1_604' title='bbox 249 4808 505 4866; x_wconf 89' lang='lat' dir='ltr'>carmine</span> <span class='ocrx_word' id='word_1_605' title='bbox 559 4808 684 4869; x_wconf 80' lang='lat'>219.</span> <span class='ocrx_word' id='word_1_606' title='bbox 731 4805 803 4863; x_wconf 91' lang='lat' dir='ltr'>ad</span> <span class='ocrx_word' id='word_1_607' title='bbox 855 4820 1031 4879; x_wconf 89' lang='lat' dir='ltr'>quem</span> <span class='ocrx_word' id='word_1_608' title='bbox 1084 4806 1357 4879; x_wconf 88' lang='lat' dir='ltr'>inscripta</span> <span class='ocrx_word' id='word_1_609' title='bbox 1410 4812 1547 4865; x_wconf 88' lang='lat' dir='ltr'>sunt</span> <span class='ocrx_word' id='word_1_610' title='bbox 1596 4805 1953 4865; x_wconf 89' lang='lat' dir='ltr'>Collectanea</span> 
     </span>
    </p>
   </div>
   <div class='ocr_carea' id='block_1_78' title="bbox 247 4890 1949 4968">
    <p class='ocr_par' dir='ltr' id='par_1_78' title="bbox 247 4890 1949 4968">
     <span class='ocr_line' id='line_1_78' title="bbox 247 4890 1949 4968; baseline -0.003 -14"><span class='ocrx_word' id='word_1_611' title='bbox 247 4910 322 4954; x_wconf 78' lang='lat' dir='ltr'>ex</span> <span class='ocrx_word' id='word_1_612' title='bbox 361 4894 629 4967; x_wconf 87' lang='lat' dir='ltr'>operibus</span> <span class='ocrx_word' id='word_1_613' title='bbox 672 4893 823 4952; x_wconf 92' lang='lat' dir='ltr'>Petri</span> <span class='ocrx_word' id='word_1_614' title='bbox 870 4892 1156 4964; x_wconf 90' lang='lat' dir='ltr'>Damiani,</span> <span class='ocrx_word' id='word_1_615' title='bbox 1187 4893 1315 4968; x_wconf 88' lang='lat' dir='ltr'>ejus</span> <span class='ocrx_word' id='word_1_616' title='bbox 1355 4893 1607 4967; x_wconf 69' lang='lat' dir='ltr'>Oper-um</span> <span class='ocrx_word' id='word_1_617' title='bbox 1659 4899 1795 4953; x_wconf 90' lang='lat' dir='ltr'>tom.</span> <span class='ocrx_word' id='word_1_618' title='bbox 1847 4890 1949 4964; x_wconf 91' lang='lat' dir='ltr'>IV,</span> 
     </span>
    </p>
   </div>
   <div class='ocr_carea' id='block_1_79' title="bbox 247 4980 1951 5065">
    <p class='ocr_par' dir='ltr' id='par_1_79' title="bbox 247 4980 1951 5065">
     <span class='ocr_line' id='line_1_79' title="bbox 247 4980 1951 5065; baseline -0.004 -22"><span class='ocrx_word' id='word_1_619' title='bbox 247 4984 414 5058; x_wconf 87' lang='lat' dir='ltr'>cujus</span> <span class='ocrx_word' id='word_1_620' title='bbox 454 4989 511 5040; x_wconf 88' lang='lat' dir='ltr'>et</span> <span class='ocrx_word' id='word_1_621' title='bbox 546 4981 813 5040; x_wconf 86' lang='lat' dir='ltr'>meminit</span> <span class='ocrx_word' id='word_1_622' title='bbox 847 4980 907 5041; x_wconf 91' lang='lat' dir='ltr'>S.</span> <span class='ocrx_word' id='word_1_623' title='bbox 944 4981 1183 5065; x_wconf 66' lang='lat' dir='ltr'>Brunus</span> <span class='ocrx_word' id='word_1_624' title='bbox 1221 4983 1521 5057; x_wconf 91' lang='lat' dir='ltr'>episcopus</span> <span class='ocrx_word' id='word_1_625' title='bbox 1562 4981 1841 5058; x_wconf 88' lang='lat' dir='ltr'>Signinus</span> <span class='ocrx_word' id='word_1_626' title='bbox 1888 4981 1951 5038; x_wconf 82' lang='lat' dir='ltr'>in</span> 
     </span>
    </p>
   </div>
   <div class='ocr_carea' id='block_1_80' title="bbox 250 5068 1950 5146">
    <p class='ocr_par' dir='ltr' id='par_1_80' title="bbox 250 5068 1950 5146">
     <span class='ocr_line' id='line_1_80' title="bbox 250 5068 1950 5146; baseline -0.004 -14"><span class='ocrx_word' id='word_1_627' title='bbox 250 5074 570 5132; x_wconf 89' lang='lat' dir='ltr'>Comment.</span> <span class='ocrx_word' id='word_1_628' title='bbox 592 5088 765 5145; x_wconf 90' lang='lat' dir='ltr'>super</span> <span class='ocrx_word' id='word_1_629' title='bbox 784 5072 993 5130; x_wconf 89' lang='lat' dir='ltr'>Isaiam</span> <span class='ocrx_word' id='word_1_630' title='bbox 1018 5090 1029 5129; x_wconf 93' lang='lat'>:</span> <span class='ocrx_word' id='word_1_631' title='bbox 1062 5072 1241 5130; x_wconf 87' lang='lat' dir='ltr'>fuisse</span> <span class='ocrx_word' id='word_1_632' title='bbox 1266 5079 1458 5132; x_wconf 88' lang='lat' dir='ltr'>autem</span> <span class='ocrx_word' id='word_1_633' title='bbox 1483 5090 1516 5131; x_wconf 88' lang='lat' dir='ltr'>a</span> <span class='ocrx_word' id='word_1_634' title='bbox 1546 5071 1821 5146; x_wconf 87' lang='lat' dir='ltr'>Gregorio</span> <span class='ocrx_word' id='word_1_635' title='bbox 1842 5068 1950 5127; x_wconf 92' lang='lat' dir='ltr'>VII</span> 
     </span>
    </p>
   </div>
   <div class='ocr_carea' id='block_1_81' title="bbox 250 5160 1953 5232">
    <p class='ocr_par' dir='ltr' id='par_1_81' title="bbox 250 5160 1953 5232">
     <span class='ocr_line' id='line_1_81' title="bbox 250 5160 1953 5232; baseline -0.002 -13"><span class='ocrx_word' id='word_1_636' title='bbox 250 5163 313 5229; x_wconf 84' lang='lat' dir='ltr'>in</span> <span class='ocrx_word' id='word_1_637' title='bbox 355 5160 635 5220; x_wconf 87' lang='lat' dir='ltr'>avunculi</span> <span class='ocrx_word' id='word_1_638' title='bbox 687 5160 1044 5225; x_wconf 84' lang='lat' dir='ltr'>memoriam,</span> <span class='ocrx_word' id='word_1_639' title='bbox 1083 5160 1433 5220; x_wconf 91' lang='lat' dir='ltr'>cardinalem</span> <span class='ocrx_word' id='word_1_640' title='bbox 1484 5169 1763 5229; x_wconf 90' lang='lat' dir='ltr'>creatum,</span> <span class='ocrx_word' id='word_1_641' title='bbox 1801 5164 1953 5232; x_wconf 89' lang='lat' dir='ltr'>patet</span> 
     </span>
    </p>
   </div>
   <div class='ocr_carea' id='block_1_82' title="bbox 247 5245 1953 5321">
    <p class='ocr_par' dir='ltr' id='par_1_82' title="bbox 247 5245 1953 5321">
     <span class='ocr_line' id='line_1_82' title="bbox 247 5245 1953 5321; baseline 0 -16"><span class='ocrx_word' id='word_1_642' title='bbox 247 5264 324 5305; x_wconf 84' lang='lat' dir='ltr'>ex</span> <span class='ocrx_word' id='word_1_643' title='bbox 376 5246 622 5321; x_wconf 82' lang='lat' dir='ltr'>Rogerio</span> <span class='ocrx_word' id='word_1_644' title='bbox 676 5248 949 5319; x_wconf 89' lang='lat' dir='ltr'>scriptore</span> <span class='ocrx_word' id='word_1_645' title='bbox 1004 5246 1152 5306; x_wconf 72' lang='lat' dir='ltr'>Vita)</span> <span class='ocrx_word' id='word_1_646' title='bbox 1207 5245 1264 5305; x_wconf 91' lang='lat' dir='ltr'>S.</span> <span class='ocrx_word' id='word_1_647' title='bbox 1335 5246 1597 5305; x_wconf 89' lang='lat' dir='ltr'>Anselmi</span> <span class='ocrx_word' id='word_1_648' title='bbox 1668 5246 1953 5305; x_wconf 89' lang='lat' dir='ltr'>Lucensis</span> 
     </span>
    </p>
   </div>
   <div class='ocr_carea' id='block_1_83' title="bbox 247 5333 1951 5410">
    <p class='ocr_par' dir='ltr' id='par_1_83' title="bbox 247 5333 1951 5410">
     <span class='ocr_line' id='line_1_83' title="bbox 247 5333 1951 5410; baseline -0.001 -16"><span class='ocrx_word' id='word_1_649' title='bbox 247 5335 519 5410; x_wconf 88' lang='lat' dir='ltr'>episcopi,</span> <span class='ocrx_word' id='word_1_650' title='bbox 550 5341 617 5395; x_wconf 90' lang='lat' dir='ltr'>ut</span> <span class='ocrx_word' id='word_1_651' title='bbox 657 5342 815 5394; x_wconf 90' lang='lat' dir='ltr'>notat</span> <span class='ocrx_word' id='word_1_652' title='bbox 858 5336 1268 5395; x_wconf 85' lang='lat' dir='ltr'>Constantinus</span> <span class='ocrx_word' id='word_1_653' title='bbox 1320 5335 1626 5407; x_wconf 87' lang='lat' dir='ltr'>Cajetanus</span> <span class='ocrx_word' id='word_1_654' title='bbox 1678 5333 1838 5406; x_wconf 72' lang='lat' dir='ltr'>prml.</span> <span class='ocrx_word' id='word_1_655' title='bbox 1885 5334 1951 5392; x_wconf 91' lang='lat' dir='ltr'>in</span> 
     </span>
    </p>
   </div>
   <div class='ocr_carea' id='block_1_84' title="bbox 247 5423 1951 5493">
    <p class='ocr_par' dir='ltr' id='par_1_84' title="bbox 247 5423 1951 5493">
     <span class='ocr_line' id='line_1_84' title="bbox 247 5423 1951 5493; baseline 0.001 -13"><span class='ocrx_word' id='word_1_656' title='bbox 247 5425 343 5483; x_wconf 85' lang='lat' dir='ltr'>dd.</span> <span class='ocrx_word' id='word_1_657' title='bbox 404 5423 779 5493; x_wconf 88' lang='lat' dir='ltr'>Collectanea,</span> <span class='ocrx_word' id='word_1_658' title='bbox 837 5430 892 5481; x_wconf 92' lang='lat' dir='ltr'>et</span> <span class='ocrx_word' id='word_1_659' title='bbox 951 5425 1330 5482; x_wconf 87' lang='lat' dir='ltr'>confirmatur</span> <span class='ocrx_word' id='word_1_660' title='bbox 1405 5439 1480 5481; x_wconf 81' lang='lat' dir='ltr'>ex</span> <span class='ocrx_word' id='word_1_661' title='bbox 1565 5423 1951 5481; x_wconf 87' lang='lat' dir='ltr'>instrumento</span> 
     </span>
    </p>
   </div>
   <div class='ocr_carea' id='block_1_85' title="bbox 113 5510 1950 5584">
    <p class='ocr_par' dir='ltr' id='par_1_85' title="bbox 113 5510 1950 5584">
     <span class='ocr_line' id='line_1_85' title="bbox 113 5510 1950 5584; baseline -0.001 -11"><span class='ocrx_word' id='word_1_662' title='bbox 113 5512 564 5573; x_wconf 55' lang='grc' dir='ltr'>*καθαροί-(1133</span> <span class='ocrx_word' id='word_1_663' title='bbox 616 5512 763 5570; x_wconf 89' lang='lat' dir='ltr'>inter</span> <span class='ocrx_word' id='word_1_664' title='bbox 817 5510 1184 5584; x_wconf 68' lang='lat' dir='ltr'>prmpositum</span> <span class='ocrx_word' id='word_1_665' title='bbox 1256 5510 1509 5569; x_wconf 74' lang='lat' dir='ltr'>ecclesiae</span> <span class='ocrx_word' id='word_1_666' title='bbox 1579 5511 1950 5582; x_wconf 64' lang='lat' dir='ltr'>Florentinis,</span> 
     </span>
    </p>
   </div>
   <div class='ocr_carea' id='block_1_86' title="bbox 246 5598 1953 5669">
    <p class='ocr_par' dir='ltr' id='par_1_86' title="bbox 246 5598 1953 5669">
     <span class='ocr_line' id='line_1_86' title="bbox 246 5598 1953 5669; baseline -0.001 -9"><span class='ocrx_word' id='word_1_667' title='bbox 246 5609 303 5660; x_wconf 92' lang='lat' dir='ltr'>et</span> <span class='ocrx_word' id='word_1_668' title='bbox 345 5600 610 5659; x_wconf 88' lang='lat' dir='ltr'>abbatem</span> <span class='ocrx_word' id='word_1_669' title='bbox 659 5599 720 5659; x_wconf 92' lang='lat' dir='ltr'>S.</span> <span class='ocrx_word' id='word_1_670' title='bbox 773 5598 1053 5669; x_wconf 85' lang='lat' dir='ltr'>Miuiatis,</span> <span class='ocrx_word' id='word_1_671' title='bbox 1091 5598 1187 5657; x_wconf 92' lang='lat' dir='ltr'>cui</span> <span class='ocrx_word' id='word_1_672' title='bbox 1242 5598 1394 5657; x_wconf 87' lang='lat' dir='ltr'>inter</span> <span class='ocrx_word' id='word_1_673' title='bbox 1440 5598 1586 5660; x_wconf 87' lang='lat' dir='ltr'>alios</span> <span class='ocrx_word' id='word_1_674' title='bbox 1635 5598 1953 5659; x_wconf 86' lang='lat' dir='ltr'>cardinales</span> 
     </span>
    </p>
   </div>
   <div class='ocr_carea' id='block_1_87' title="bbox 2024 3529 3733 3615">
    <p class='ocr_par' dir='ltr' id='par_1_87' title="bbox 2024 3529 3733 3615">
     <span class='ocr_line' id='line_1_87' title="bbox 2024 3529 3733 3615; baseline -0.009 -12"><span class='ocrx_word' id='word_1_675' title='bbox 2024 3559 2194 3615; x_wconf 87' lang='lat' dir='ltr'>num,</span> <span class='ocrx_word' id='word_1_676' title='bbox 2217 3543 2620 3615; x_wconf 85' lang='lat' dir='ltr'>integramque</span> <span class='ocrx_word' id='word_1_677' title='bbox 2645 3545 2975 3598; x_wconf 89' lang='lat' dir='ltr'>sanctorum</span> <span class='ocrx_word' id='word_1_678' title='bbox 2988 3536 3281 3596; x_wconf 88' lang='lat' dir='ltr'>cohortem</span> <span class='ocrx_word' id='word_1_679' title='bbox 3303 3550 3379 3593; x_wconf 84' lang='lat' dir='ltr'>ex</span> <span class='ocrx_word' id='word_1_680' title='bbox 3404 3532 3532 3606; x_wconf 89' lang='lat' dir='ltr'>ejus</span> <span class='ocrx_word' id='word_1_681' title='bbox 3546 3529 3733 3589; x_wconf 88' lang='lat' dir='ltr'>Fastis</span> 
     </span>
    </p>
   </div>
   <div class='ocr_carea' id='block_1_88' title="bbox 2026 3622 3726 3709">
    <p class='ocr_par' dir='ltr' id='par_1_88' title="bbox 2026 3622 3726 3709">
     <span class='ocr_line' id='line_1_88' title="bbox 2026 3622 3726 3709; baseline -0.009 -15"><span class='ocrx_word' id='word_1_682' title='bbox 2026 3635 2238 3707; x_wconf 90' lang='lat' dir='ltr'>delere,</span> <span class='ocrx_word' id='word_1_683' title='bbox 2266 3642 2440 3709; x_wconf 89' lang='lat' dir='ltr'>atque</span> <span class='ocrx_word' id='word_1_684' title='bbox 2476 3632 2729 3701; x_wconf 84' lang='lat' dir='ltr'>eradere,</span> <span class='ocrx_word' id='word_1_685' title='bbox 2758 3630 3017 3706; x_wconf 89' lang='lat' dir='ltr'>adeoque</span> <span class='ocrx_word' id='word_1_686' title='bbox 3058 3626 3413 3701; x_wconf 61' lang='lat' dir='ltr'>praecipuam</span> <span class='ocrx_word' id='word_1_687' title='bbox 3443 3624 3569 3697; x_wconf 89' lang='lat' dir='ltr'>ejus</span> <span class='ocrx_word' id='word_1_688' title='bbox 3600 3622 3726 3694; x_wconf 84' lang='lat' dir='ltr'>glo-</span> 
     </span>
    </p>
   </div>
   <div class='ocr_carea' id='block_1_89' title="bbox 2027 3715 3726 3792">
    <p class='ocr_par' dir='ltr' id='par_1_89' title="bbox 2027 3715 3726 3792">
     <span class='ocr_line' id='line_1_89' title="bbox 2027 3715 3726 3792; baseline -0.009 -9"><span class='ocrx_word' id='word_1_689' title='bbox 2027 3726 2173 3784; x_wconf 89' lang='lat' dir='ltr'>riam</span> <span class='ocrx_word' id='word_1_690' title='bbox 2202 3723 2555 3792; x_wconf 88' lang='lat' dir='ltr'>subvertere,</span> <span class='ocrx_word' id='word_1_691' title='bbox 2590 3738 2657 3780; x_wconf 91' lang='lat' dir='ltr'>ac</span> <span class='ocrx_word' id='word_1_692' title='bbox 2682 3721 2861 3780; x_wconf 89' lang='lat' dir='ltr'>decus</span> <span class='ocrx_word' id='word_1_693' title='bbox 2887 3734 3062 3778; x_wconf 91' lang='lat' dir='ltr'>omne</span> <span class='ocrx_word' id='word_1_694' title='bbox 3089 3715 3442 3791; x_wconf 89' lang='lat' dir='ltr'>pessundare</span> <span class='ocrx_word' id='word_1_695' title='bbox 3465 3716 3726 3772; x_wconf 86' lang='lat' dir='ltr'>conatus.</span> 
     </span>
    </p>
   </div>
   <div class='ocr_carea' id='block_1_90' title="bbox 2028 3800 3733 3885">
    <p class='ocr_par' dir='ltr' id='par_1_90' title="bbox 2028 3800 3733 3885">
     <span class='ocr_line' id='line_1_90' title="bbox 2028 3800 3733 3885; baseline -0.011 -12"><span class='ocrx_word' id='word_1_696' title='bbox 2028 3812 2191 3883; x_wconf 87' lang='lat' dir='ltr'>Quod</span> <span class='ocrx_word' id='word_1_697' title='bbox 2213 3811 2446 3885; x_wconf 91' lang='lat' dir='ltr'>quidem</span> <span class='ocrx_word' id='word_1_698' title='bbox 2464 3809 2892 3884; x_wconf 70' lang='lat' dir='ltr'>praajudicium,</span> <span class='ocrx_word' id='word_1_699' title='bbox 2912 3813 2979 3866; x_wconf 91' lang='lat' dir='ltr'>ut</span> <span class='ocrx_word' id='word_1_700' title='bbox 2994 3804 3316 3876; x_wconf 87' lang='lat' dir='ltr'>nos,debita</span> <span class='ocrx_word' id='word_1_701' title='bbox 3344 3800 3733 3861; x_wconf 89' lang='lat' dir='ltr'>moderatione</span> 
     </span>
    </p>
   </div>
   <div class='ocr_carea' id='block_1_91' title="bbox 2027 3886 3732 3970">
    <p class='ocr_par' dir='ltr' id='par_1_91' title="bbox 2027 3886 3732 3970">
     <span class='ocr_line' id='line_1_91' title="bbox 2027 3886 3732 3970; baseline -0.008 -11"><span class='ocrx_word' id='word_1_702' title='bbox 2027 3906 2273 3969; x_wconf 86' lang='lat' dir='ltr'>servata,</span> <span class='ocrx_word' id='word_1_703' title='bbox 2302 3898 2679 3957; x_wconf 87' lang='lat' dir='ltr'>toleravimus</span> <span class='ocrx_word' id='word_1_704' title='bbox 2705 3914 2721 3968; x_wconf 91' lang='lat'>;</span> <span class='ocrx_word' id='word_1_705' title='bbox 2748 3896 2827 3955; x_wconf 90' lang='lat' dir='ltr'>ita</span> <span class='ocrx_word' id='word_1_706' title='bbox 2868 3911 3106 3970; x_wconf 78' lang='lat' dir='ltr'>aequum</span> <span class='ocrx_word' id='word_1_707' title='bbox 3156 3894 3349 3964; x_wconf 89' lang='lat' dir='ltr'>fuerit,</span> <span class='ocrx_word' id='word_1_708' title='bbox 3395 3891 3566 3950; x_wconf 90' lang='lat' dir='ltr'>illum</span> <span class='ocrx_word' id='word_1_709' title='bbox 3605 3886 3732 3963; x_wconf 89' lang='lat' dir='ltr'>pari</span> 
     </span>
    </p>
   </div>
   <div class='ocr_carea' id='block_1_92' title="bbox 2022 3977 3726 4062">
    <p class='ocr_par' dir='ltr' id='par_1_92' title="bbox 2022 3977 3726 4062">
     <span class='ocr_line' id='line_1_92' title="bbox 2022 3977 3726 4062; baseline -0.009 -14"><span class='ocrx_word' id='word_1_710' title='bbox 2022 3989 2155 4062; x_wconf 89' lang='lat' dir='ltr'>jure</span> <span class='ocrx_word' id='word_1_711' title='bbox 2199 3986 2487 4060; x_wconf 87' lang='lat' dir='ltr'>modoque</span> <span class='ocrx_word' id='word_1_712' title='bbox 2538 3983 2838 4045; x_wconf 89' lang='lat' dir='ltr'>nobiscum</span> <span class='ocrx_word' id='word_1_713' title='bbox 2881 3999 3069 4057; x_wconf 86' lang='lat' dir='ltr'>agere,</span> <span class='ocrx_word' id='word_1_714' title='bbox 3098 3999 3205 4042; x_wconf 90' lang='lat' dir='ltr'>nec</span> <span class='ocrx_word' id='word_1_715' title='bbox 3240 3980 3519 4056; x_wconf 85' lang='lat' dir='ltr'>gravatim</span> <span class='ocrx_word' id='word_1_716' title='bbox 3561 3977 3726 4047; x_wconf 85' lang='lat' dir='ltr'>ferre,</span> 
     </span>
    </p>
   </div>
   <div class='ocr_carea' id='block_1_93' title="bbox 2029 4072 3730 4156">
    <p class='ocr_par' dir='ltr' id='par_1_93' title="bbox 2029 4072 3730 4156">
     <span class='ocr_line' id='line_1_93' title="bbox 2029 4072 3730 4156; baseline -0.009 -15"><span class='ocrx_word' id='word_1_717' title='bbox 2029 4080 2185 4156; x_wconf 91' lang='lat' dir='ltr'>quod</span> <span class='ocrx_word' id='word_1_718' title='bbox 2227 4076 2666 4138; x_wconf 87' lang='lat' dir='ltr'>Camaldulense</span> <span class='ocrx_word' id='word_1_719' title='bbox 2700 4076 2854 4136; x_wconf 90' lang='lat' dir='ltr'>Petri</span> <span class='ocrx_word' id='word_1_720' title='bbox 2889 4075 3158 4136; x_wconf 88' lang='lat' dir='ltr'>Damiani</span> <span class='ocrx_word' id='word_1_721' title='bbox 3189 4072 3543 4139; x_wconf 88' lang='lat' dir='ltr'>institutum,</span> <span class='ocrx_word' id='word_1_722' title='bbox 3576 4081 3730 4141; x_wconf 64' lang='lat' dir='ltr'>prae-</span> 
     </span>
    </p>
   </div>
   <div class='ocr_carea' id='block_1_94' title="bbox 2030 4161 3732 4243">
    <p class='ocr_par' dir='ltr' id='par_1_94' title="bbox 2030 4161 3732 4243">
     <span class='ocr_line' id='line_1_94' title="bbox 2030 4161 3732 4243; baseline -0.008 -13"><span class='ocrx_word' id='word_1_723' title='bbox 2030 4171 2181 4230; x_wconf 90' lang='lat' dir='ltr'>senti</span> <span class='ocrx_word' id='word_1_724' title='bbox 2250 4170 2666 4241; x_wconf 88' lang='lat' dir='ltr'>dissertatione,</span> <span class='ocrx_word' id='word_1_725' title='bbox 2702 4176 2828 4228; x_wconf 88' lang='lat' dir='ltr'>tum</span> <span class='ocrx_word' id='word_1_726' title='bbox 2895 4167 3141 4243; x_wconf 91' lang='lat' dir='ltr'>propriis</span> <span class='ocrx_word' id='word_1_727' title='bbox 3205 4161 3562 4239; x_wconf 85' lang='lat' dir='ltr'>argumentis</span> <span class='ocrx_word' id='word_1_728' title='bbox 3636 4175 3732 4219; x_wconf 89' lang='lat' dir='ltr'>as-</span> 
     </span>
    </p>
   </div>
   <div class='ocr_carea' id='block_1_95' title="bbox 2031 4250 3736 4333">
    <p class='ocr_par' dir='ltr' id='par_1_95' title="bbox 2031 4250 3736 4333">
     <span class='ocr_line' id='line_1_95' title="bbox 2031 4250 3736 4333; baseline -0.008 -13"><span class='ocrx_word' id='word_1_729' title='bbox 2031 4269 2244 4333; x_wconf 89' lang='lat' dir='ltr'>truere,</span> <span class='ocrx_word' id='word_1_730' title='bbox 2280 4268 2403 4320; x_wconf 90' lang='lat' dir='ltr'>tum</span> <span class='ocrx_word' id='word_1_731' title='bbox 2448 4276 2483 4317; x_wconf 90' lang='lat' dir='ltr'>a</span> <span class='ocrx_word' id='word_1_732' title='bbox 2527 4254 2785 4332; x_wconf 86' lang='lat' dir='ltr'>singulis&#39;</span> <span class='ocrx_word' id='word_1_733' title='bbox 2827 4258 2953 4332; x_wconf 91' lang='lat' dir='ltr'>ejus</span> <span class='ocrx_word' id='word_1_734' title='bbox 3011 4255 3323 4331; x_wconf 87' lang='lat' dir='ltr'>scrupulis,</span> <span class='ocrx_word' id='word_1_735' title='bbox 3383 4250 3736 4327; x_wconf 88' lang='lat' dir='ltr'>objectisque</span> 
     </span>
    </p>
   </div>
   <div class='ocr_carea' id='block_1_96' title="bbox 2030 4342 3737 4419">
    <p class='ocr_par' dir='ltr' id='par_1_96' title="bbox 2030 4342 3737 4419">
     <span class='ocr_line' id='line_1_96' title="bbox 2030 4342 3737 4419; baseline -0.009 -9"><span class='ocrx_word' id='word_1_736' title='bbox 2030 4352 2324 4410; x_wconf 87' lang='lat' dir='ltr'>vindicare</span> <span class='ocrx_word' id='word_1_737' title='bbox 2391 4350 2669 4419; x_wconf 90' lang='lat' dir='ltr'>nitamur,</span> <span class='ocrx_word' id='word_1_738' title='bbox 2727 4355 2792 4407; x_wconf 90' lang='lat' dir='ltr'>ut</span> <span class='ocrx_word' id='word_1_739' title='bbox 2838 4353 3006 4417; x_wconf 89' lang='lat' dir='ltr'>sarta,</span> <span class='ocrx_word' id='word_1_740' title='bbox 3067 4351 3324 4419; x_wconf 84' lang='lat' dir='ltr'>tectaque</span> <span class='ocrx_word' id='word_1_741' title='bbox 3376 4342 3452 4401; x_wconf 89' lang='lat' dir='ltr'>sit</span> <span class='ocrx_word' id='word_1_742' title='bbox 3522 4343 3737 4398; x_wconf 60' lang='lat' dir='ltr'>nostra;</span> 
     </span>
    </p>
   </div>
   <div class='ocr_carea' id='block_1_97' title="bbox 2033 4428 3737 4513">
    <p class='ocr_par' dir='ltr' id='par_1_97' title="bbox 2033 4428 3737 4513">
     <span class='ocr_line' id='line_1_97' title="bbox 2033 4428 3737 4513; baseline -0.009 -15"><span class='ocrx_word' id='word_1_743' title='bbox 2033 4440 2329 4513; x_wconf 86' lang='lat' dir='ltr'>religionis</span> <span class='ocrx_word' id='word_1_744' title='bbox 2379 4438 2566 4513; x_wconf 87' lang='lat' dir='ltr'>gloria</span> <span class='ocrx_word' id='word_1_745' title='bbox 2618 4452 2751 4512; x_wconf 70' lang='lat' dir='ltr'>quae</span> <span class='ocrx_word' id='word_1_746' title='bbox 2800 4436 2862 4493; x_wconf 88' lang='lat' dir='ltr'>in</span> <span class='ocrx_word' id='word_1_747' title='bbox 2924 4435 3091 4493; x_wconf 90' lang='lat' dir='ltr'>Petro</span> <span class='ocrx_word' id='word_1_748' title='bbox 3141 4433 3444 4503; x_wconf 90' lang='lat' dir='ltr'>Damiano,</span> <span class='ocrx_word' id='word_1_749' title='bbox 3496 4428 3737 4503; x_wconf 90' lang='lat' dir='ltr'>ejusque</span> 
     </span>
    </p>
   </div>
   <div class='ocr_carea' id='block_1_98' title="bbox 2034 4520 3737 4599">
    <p class='ocr_par' dir='ltr' id='par_1_98' title="bbox 2034 4520 3737 4599">
     <span class='ocr_line' id='line_1_98' title="bbox 2034 4520 3737 4599; baseline -0.009 -10"><span class='ocrx_word' id='word_1_750' title='bbox 2034 4530 2407 4588; x_wconf 89' lang='lat' dir='ltr'>sectatoribus</span> <span class='ocrx_word' id='word_1_751' title='bbox 2445 4526 2838 4587; x_wconf 87' lang='lat' dir='ltr'>celeberrimis</span> <span class='ocrx_word' id='word_1_752' title='bbox 2877 4524 3243 4599; x_wconf 89' lang='lat' dir='ltr'>potissimum</span> <span class='ocrx_word' id='word_1_753' title='bbox 3291 4520 3518 4591; x_wconf 86' lang='lat' dir='ltr'>emicat,</span> <span class='ocrx_word' id='word_1_754' title='bbox 3557 4523 3737 4590; x_wconf 88' lang='lat' dir='ltr'>utque</span> 
     </span>
    </p>
   </div>
   <div class='ocr_carea' id='block_1_99' title="bbox 2035 4607 3733 4689">
    <p class='ocr_par' dir='ltr' id='par_1_99' title="bbox 2035 4607 3733 4689">
     <span class='ocr_line' id='line_1_99' title="bbox 2035 4607 3733 4689; baseline -0.009 -13"><span class='ocrx_word' id='word_1_755' title='bbox 2035 4626 2115 4677; x_wconf 92' lang='lat' dir='ltr'>tot</span> <span class='ocrx_word' id='word_1_756' title='bbox 2164 4617 2482 4677; x_wconf 88' lang='lat' dir='ltr'>illustrium</span> <span class='ocrx_word' id='word_1_757' title='bbox 2526 4616 2892 4689; x_wconf 89' lang='lat' dir='ltr'>scriptorum,</span> <span class='ocrx_word' id='word_1_758' title='bbox 2940 4614 3044 4688; x_wconf 91' lang='lat' dir='ltr'>qui</span> <span class='ocrx_word' id='word_1_759' title='bbox 3096 4611 3399 4671; x_wconf 85' lang='lat' dir='ltr'>nobiscum</span> <span class='ocrx_word' id='word_1_760' title='bbox 3453 4607 3733 4673; x_wconf 88' lang='lat' dir='ltr'>sentiunt,</span> 
     </span>
    </p>
   </div>
   <div class='ocr_carea' id='block_1_100' title="bbox 2033 4696 3736 4784">
    <p class='ocr_par' dir='ltr' id='par_1_100' title="bbox 2033 4696 3736 4784">
     <span class='ocr_line' id='line_1_100' title="bbox 2033 4696 3736 4784; baseline -0.009 -14"><span class='ocrx_word' id='word_1_761' title='bbox 2033 4724 2513 4784; x_wconf 89' lang='lat' dir='ltr'>summorumque</span> <span class='ocrx_word' id='word_1_762' title='bbox 2539 4708 2710 4766; x_wconf 90' lang='lat' dir='ltr'>etiam</span> <span class='ocrx_word' id='word_1_763' title='bbox 2732 4704 3074 4780; x_wconf 91' lang='lat' dir='ltr'>pontificum</span> <span class='ocrx_word' id='word_1_764' title='bbox 3095 4704 3256 4776; x_wconf 91' lang='lat' dir='ltr'>(quos</span> <span class='ocrx_word' id='word_1_765' title='bbox 3283 4716 3336 4761; x_wconf 76' lang='grc' dir='ltr'>ο.</span> <span class='ocrx_word' id='word_1_766' title='bbox 3364 4700 3418 4771; x_wconf 90' lang='lat'>6,</span> <span class='ocrx_word' id='word_1_767' title='bbox 3452 4711 3620 4756; x_wconf 91' lang='lat' dir='ltr'>num.</span> <span class='ocrx_word' id='word_1_768' title='bbox 3649 4696 3736 4766; x_wconf 80' lang='lat'>19,</span> 
     </span>
    </p>
   </div>
   <div class='ocr_carea' id='block_1_101' title="bbox 2031 4786 3736 4867">
    <p class='ocr_par' dir='ltr' id='par_1_101' title="bbox 2031 4786 3736 4867">
     <span class='ocr_line' id='line_1_101' title="bbox 2031 4786 3736 4867; baseline -0.008 -12"><span class='ocrx_word' id='word_1_769' title='bbox 2031 4796 2357 4867; x_wconf 89' lang='lat' dir='ltr'>citabimus)</span> <span class='ocrx_word' id='word_1_770' title='bbox 2406 4811 2471 4852; x_wconf 87' lang='lat' dir='ltr'>ac</span> <span class='ocrx_word' id='word_1_771' title='bbox 2529 4809 2706 4853; x_wconf 67' lang='lat' dir='ltr'>sacrae</span> <span class='ocrx_word' id='word_1_772' title='bbox 2760 4793 3005 4851; x_wconf 76' lang='lat' dir='ltr'>Bituum</span> <span class='ocrx_word' id='word_1_773' title='bbox 3062 4786 3544 4863; x_wconf 82' lang='lat' dir='ltr'>congregationis,</span> <span class='ocrx_word' id='word_1_774' title='bbox 3601 4799 3736 4857; x_wconf 70' lang='lat' dir='ltr'>quin</span> 
     </span>
    </p>
   </div>
   <div class='ocr_carea' id='block_1_102' title="bbox 2033 4873 3735 4950">
    <p class='ocr_par' dir='ltr' id='par_1_102' title="bbox 2033 4873 3735 4950">
     <span class='ocr_line' id='line_1_102' title="bbox 2033 4873 3735 4950; baseline -0.009 -5"><span class='ocrx_word' id='word_1_775' title='bbox 2033 4887 2185 4946; x_wconf 89' lang='lat' dir='ltr'>Petri</span> <span class='ocrx_word' id='word_1_776' title='bbox 2239 4884 2503 4944; x_wconf 89' lang='lat' dir='ltr'>Damiani</span> <span class='ocrx_word' id='word_1_777' title='bbox 2544 4884 2615 4941; x_wconf 91' lang='lat' dir='ltr'>ad</span> <span class='ocrx_word' id='word_1_778' title='bbox 2666 4883 2820 4942; x_wconf 90' lang='lat' dir='ltr'>diem</span> <span class='ocrx_word' id='word_1_779' title='bbox 2859 4881 2931 4940; x_wconf 74' lang='lat'>‘22</span> <span class='ocrx_word' id='word_1_780' title='bbox 2969 4879 3292 4950; x_wconf 87' lang='lat' dir='ltr'>Februarii,</span> <span class='ocrx_word' id='word_1_781' title='bbox 3335 4893 3402 4936; x_wconf 91' lang='lat' dir='ltr'>ac</span> <span class='ocrx_word' id='word_1_782' title='bbox 3449 4873 3735 4934; x_wconf 91' lang='lat' dir='ltr'>Dominici</span> 
     </span>
    </p>
   </div>
   <div class='ocr_carea' id='block_1_103' title="bbox 2033 4960 3733 5045">
    <p class='ocr_par' dir='ltr' id='par_1_103' title="bbox 2033 4960 3733 5045">
     <span class='ocr_line' id='line_1_103' title="bbox 2033 4960 3733 5045; baseline -0.008 -13"><span class='ocrx_word' id='word_1_783' title='bbox 2033 4972 2283 5032; x_wconf 90' lang='lat' dir='ltr'>Loricati</span> <span class='ocrx_word' id='word_1_784' title='bbox 2327 4972 2454 5045; x_wconf 90' lang='lat' dir='ltr'>ejus</span> <span class='ocrx_word' id='word_1_785' title='bbox 2488 4970 2757 5044; x_wconf 88' lang='lat' dir='ltr'>discipuli</span> <span class='ocrx_word' id='word_1_786' title='bbox 2797 4970 2869 5027; x_wconf 90' lang='lat' dir='ltr'>ad</span> <span class='ocrx_word' id='word_1_787' title='bbox 2919 4968 2983 5026; x_wconf 88' lang='lat' dir='ltr'>f7</span> <span class='ocrx_word' id='word_1_788' title='bbox 3019 4966 3300 5039; x_wconf 90' lang='lat' dir='ltr'>Octobris,</span> <span class='ocrx_word' id='word_1_789' title='bbox 3330 4964 3513 5024; x_wconf 80' lang='lat' dir='ltr'>officia</span> <span class='ocrx_word' id='word_1_790' title='bbox 3543 4960 3733 5021; x_wconf 88' lang='lat' dir='ltr'>ordini</span> 
     </span>
    </p>
   </div>
   <div class='ocr_carea' id='block_1_104' title="bbox 2034 5053 3732 5134">
    <p class='ocr_par' dir='ltr' id='par_1_104' title="bbox 2034 5053 3732 5134">
     <span class='ocr_line' id='line_1_104' title="bbox 2034 5053 3732 5134; baseline -0.009 -10"><span class='ocrx_word' id='word_1_791' title='bbox 2034 5073 2226 5124; x_wconf 90' lang='lat' dir='ltr'>nostro</span> <span class='ocrx_word' id='word_1_792' title='bbox 2257 5062 2548 5122; x_wconf 89' lang='lat' dir='ltr'>recitanda</span> <span class='ocrx_word' id='word_1_793' title='bbox 2576 5061 2838 5133; x_wconf 90' lang='lat' dir='ltr'>indulsit,</span> <span class='ocrx_word' id='word_1_794' title='bbox 2876 5058 3395 5134; x_wconf 88' lang='lat' dir='ltr'>prudentissimum</span> <span class='ocrx_word' id='word_1_795' title='bbox 3418 5053 3732 5130; x_wconf 88' lang='lat' dir='ltr'>judicium,</span> 
     </span>
    </p>
   </div>
   <div class='ocr_carea' id='block_1_105' title="bbox 2034 5153 3170 5227">
    <p class='ocr_par' dir='ltr' id='par_1_105' title="bbox 2034 5153 3170 5227">
     <span class='ocr_line' id='line_1_105' title="bbox 2034 5153 3170 5227; baseline -0.006 -13"><span class='ocrx_word' id='word_1_796' title='bbox 2034 5169 2153 5215; x_wconf 90' lang='lat' dir='ltr'>uno</span> <span class='ocrx_word' id='word_1_797' title='bbox 2179 5153 2497 5227; x_wconf 90' lang='lat' dir='ltr'>eodemque</span> <span class='ocrx_word' id='word_1_798' title='bbox 2524 5166 2694 5225; x_wconf 88' lang='lat' dir='ltr'>opere</span> <span class='ocrx_word' id='word_1_799' title='bbox 2718 5165 3170 5226; x_wconf 88' lang='lat' dir='ltr'>propugnemus.</span> 
     </span>
    </p>
   </div>
   <div class='ocr_carea' id='block_1_106' title="bbox 2106 5231 3738 5316">
    <p class='ocr_par' dir='ltr' id='par_1_106' title="bbox 2106 5231 3738 5316">
     <span class='ocr_line' id='line_1_106' title="bbox 2106 5231 3738 5316; baseline -0.006 -16"><span class='ocrx_word' id='word_1_800' title='bbox 2106 5242 2233 5300; x_wconf 94' lang='lat' dir='ltr'>VII.</span> <span class='ocrx_word' id='word_1_801' title='bbox 2261 5241 2335 5300; x_wconf 91' lang='lat' dir='ltr'>Et</span> <span class='ocrx_word' id='word_1_802' title='bbox 2369 5238 2637 5316; x_wconf 90' lang='lat' dir='ltr'>quamvis</span> <span class='ocrx_word' id='word_1_803' title='bbox 2672 5240 2814 5299; x_wconf 89' lang='lat' dir='ltr'>dum</span> <span class='ocrx_word' id='word_1_804' title='bbox 2861 5240 2988 5298; x_wconf 66' lang='lat' dir='ltr'>haec</span> <span class='ocrx_word' id='word_1_805' title='bbox 3015 5238 3126 5298; x_wconf 92' lang='lat' dir='ltr'>sub</span> <span class='ocrx_word' id='word_1_806' title='bbox 3168 5235 3322 5311; x_wconf 90' lang='lat' dir='ltr'>prelo</span> <span class='ocrx_word' id='word_1_807' title='bbox 3355 5237 3565 5302; x_wconf 88' lang='lat' dir='ltr'>essent,</span> <span class='ocrx_word' id='word_1_808' title='bbox 3601 5231 3738 5291; x_wconf 90' lang='lat' dir='ltr'>bre-</span> 
     </span>
    </p>
   </div>
   <div class='ocr_carea' id='block_1_107' title="bbox 2037 5322 3740 5406">
    <p class='ocr_par' dir='ltr' id='par_1_107' title="bbox 2037 5322 3740 5406">
     <span class='ocr_line' id='line_1_107' title="bbox 2037 5322 3740 5406; baseline -0.007 -14"><span class='ocrx_word' id='word_1_809' title='bbox 2037 5334 2127 5392; x_wconf 90' lang='lat' dir='ltr'>vis</span> <span class='ocrx_word' id='word_1_810' title='bbox 2173 5331 2436 5406; x_wconf 86' lang='lat' dir='ltr'>apologia</span> <span class='ocrx_word' id='word_1_811' title='bbox 2481 5331 2677 5391; x_wconf 91' lang='lat' dir='ltr'>Italico</span> <span class='ocrx_word' id='word_1_812' title='bbox 2728 5347 2990 5391; x_wconf 89' lang='lat' dir='ltr'>sermone</span> <span class='ocrx_word' id='word_1_813' title='bbox 3045 5329 3253 5401; x_wconf 89' lang='lat' dir='ltr'>scripta</span> <span class='ocrx_word' id='word_1_814' title='bbox 3295 5322 3592 5400; x_wconf 89' lang='lat' dir='ltr'>prodierit,</span> <span class='ocrx_word' id='word_1_815' title='bbox 3637 5338 3740 5397; x_wconf 87' lang='lat' dir='ltr'>pro</span> 
     </span>
    </p>
   </div>
   <div class='ocr_carea' id='block_1_108' title="bbox 2038 5411 3740 5492">
    <p class='ocr_par' dir='ltr' id='par_1_108' title="bbox 2038 5411 3740 5492">
     <span class='ocr_line' id='line_1_108' title="bbox 2038 5411 3740 5492; baseline -0.006 -12"><span class='ocrx_word' id='word_1_816' title='bbox 2038 5420 2097 5480; x_wconf 91' lang='lat' dir='ltr'>S.</span> <span class='ocrx_word' id='word_1_817' title='bbox 2129 5420 2288 5479; x_wconf 81' lang='lat' dir='ltr'>Petro</span> <span class='ocrx_word' id='word_1_818' title='bbox 2336 5419 2637 5492; x_wconf 89' lang='lat' dir='ltr'>Damiano,</span> <span class='ocrx_word' id='word_1_819' title='bbox 2669 5420 2981 5479; x_wconf 90' lang='lat' dir='ltr'>adversum</span> <span class='ocrx_word' id='word_1_820' title='bbox 3025 5416 3297 5475; x_wconf 89' lang='lat' dir='ltr'>eumdem</span> <span class='ocrx_word' id='word_1_821' title='bbox 3348 5411 3740 5472; x_wconf 84' lang='lat' dir='ltr'>Laderchium</span> 
     </span>
    </p>
   </div>
   <div class='ocr_carea' id='block_1_109' title="bbox 2038 5500 3740 5576">
    <p class='ocr_par' dir='ltr' id='par_1_109' title="bbox 2038 5500 3740 5576">
     <span class='ocr_line' id='line_1_109' title="bbox 2038 5500 3740 5576; baseline -0.006 -7"><span class='ocrx_word' id='word_1_822' title='bbox 2038 5508 2578 5569; x_wconf 88' lang='lat' dir='ltr'>Camaldulensibus</span> <span class='ocrx_word' id='word_1_823' title='bbox 2610 5507 2976 5572; x_wconf 89' lang='lat' dir='ltr'>vindicando,</span> <span class='ocrx_word' id='word_1_824' title='bbox 3006 5511 3238 5563; x_wconf 90' lang='lat' dir='ltr'>auctore</span> <span class='ocrx_word' id='word_1_825' title='bbox 3263 5502 3532 5576; x_wconf 87' lang='lat' dir='ltr'>Philippo</span> <span class='ocrx_word' id='word_1_826' title='bbox 3560 5500 3740 5559; x_wconf 83' lang='lat' dir='ltr'>Maria</span> 
     </span>
    </p>
   </div>
   <div class='ocr_carea' id='block_1_110' title="bbox 2036 5590 3742 5667">
    <p class='ocr_par' dir='ltr' id='par_1_110' title="bbox 2036 5590 3742 5667">
     <span class='ocr_line' id='line_1_110' title="bbox 2036 5590 3742 5667; baseline -0.005 -8"><span class='ocrx_word' id='word_1_827' title='bbox 2036 5597 2423 5661; x_wconf 83' lang='lat' dir='ltr'>Macchiarelli</span> <span class='ocrx_word' id='word_1_828' title='bbox 2492 5598 2729 5660; x_wconf 86' lang='lat' dir='ltr'>eremita</span> <span class='ocrx_word' id='word_1_829' title='bbox 2779 5593 3208 5658; x_wconf 86' lang='lat' dir='ltr'>Camaldulensi</span> <span class='ocrx_word' id='word_1_830' title='bbox 3281 5590 3742 5667; x_wconf 80' lang='lat' dir='ltr'>congregationis</span> 
     </span>
    </p>
   </div>
  </div>
