4106 6204
279 307 342 365 21
732 286 737 293 ’
1156 305 1736 368 PROLEGOMENA.
1780 341 1847 353 -
1886 309 1981 369 DE
2020 309 2424 372 INSTITUTO
2462 312 2895 374 CAMALDUL.

3709 325 3779 384 22

276 428 484 490 Montis
522 428 787 520 Corona),
819 430 921 506 qui
961 432 1320 520 seAprimum
1365 433 1634 492 omnium
1682 434 1840 493 Petri
1871 434 2168 499 Da-Atur
2203 436 2374 498 illum
2405 439 2588 499 nobili
2626 441 2801 515 stirpe
2832 442 3198 516 progenitum
3231 449 3406 518 atque
3434 446 3775 520 religiosum

277 520 458 579 miani
509 518 825 590 vindicem,
861 535 990 592 pag.
1024 518 1081 592 9,
1114 520 1424 579 arbitratus
1463 528 1548 580 est
1585 523 1773 597 (quasi
1826 539 1984 583 unus

272 609 418 683 ipse,
467 606 691 666 caeteris
740 606 1076 681 consopitis,
1131 608 1205 666 ad
1255 608 1477 669 ordinis
1536 611 1712 671 totius
1763 628 1980 686 prepu-

271 699 607 773 gnationem
642 698 994 770 evigilasset)
1030 699 1181 772 quod
1218 699 1526 774 ignoraret,
1563 701 1716 759 hanc
1750 702 1822 759 ab
1852 702 1983 760 aliis

270 787 631 861 provinciam
691 786 919 844 dudum
973 794 1327 860 occupatam,
1387 804 1461 847 ex
1512 789 1726 863 quibus
1783 799 1982 849 auctor

266 875 495 949 Dialogi
549 873 829 948 Sejanum
872 874 1025 933 inter
1081 882 1137 933 et
1181 876 1487 936 Bullinum
1536 878 1593 936 id
1642 879 1849 953 lepide,
1881 878 1981 938 sed

262 981 510 1024 nervose
548 964 670 1038 jam
716 965 1007 1039 praestitit;
1055 972 1121 1024 ut
1164 965 1312 1023 nihil
1365 967 1553 1025 dicam
1591 968 1661 1025 de
1708 969 1981 1041 przesenti

260 1055 675 1115 Dissertatione
745 1062 885 1115 tunc
928 1055 1168 1114 editioni
1199 1057 1489 1129 proxima,
1518 1073 1765 1132 quaeque
1805 1057 1854 1117 si
1881 1066 1982 1118 aut

257 1145 450 1204 tribus
496 1144 709 1203 foliolis
735 1146 816 1218 (ut
845 1144 1199 1203 Machiarelli
1240 1146 1538 1218 Apologia)
1570 1148 1980 1222 comprehendi

252 1234 560 1309 potuisset,
618 1239 717 1292 aut
770 1234 1045 1309 reliquas,
1105 1233 1321 1308 quibus
1376 1236 1781 1311 conjungenda
1838 1244 1978 1310 erat,

253 1339 380 1383 non
409 1329 813 1397 exspectasset,
851 1323 1054 1397 utique
1105 1324 1355 1383 auctoris
1390 1326 1570 1398 hujus
1600 1342 1718 1386 non
1750 1343 1985 1402 operam

252 1413 451 1485 modo,
501 1412 601 1470 sed
657 1415 881 1485 votum,
936 1419 993 1470 et
1044 1413 1450 1487 cogitationem
1509 1416 1832 1488 praavenire
1888 1417 1986 1475 de-

250 1502 499 1571 buerat,
552 1500 846 1574 quamvis,
899 1501 1162 1576 inquam,
1230 1502 1621 1564 Macchiarelli
1698 1506 1979 1579 Apologia

254 1599 519 1650 nostram
568 1591 721 1648 hanc
773 1589 1233 1650 dissertationem
1282 1594 1657 1667 praecesserit,
1701 1610 1869 1669 seque
1913 1611 1978 1654 ac

256 1680 459 1754 Sejani
497 1688 553 1740 et
586 1679 807 1740 Rudini
838 1680 1112 1756 Dialogus
1155 1683 1278 1757 jam
1332 1685 1556 1755 citatus,
1586 1684 1978 1744 nihilominus

2064 526 2266 588 fuisse.
2305 527 2387 587 De
2429 545 2495 587 eo
2538 536 2723 588 exstat
2777 530 3033 605 elogium
3079 533 3483 607 hujuscemodi
3537 556 3551 594 :
3599 540 3773 598 Anno

2067 613 2224 687 1000,
2283 625 2535 691 emptum
2586 622 2671 675 est
2718 618 3034 679 aedificium
3083 622 3261 679 eremi
3317 623 3619 684 Avellanae
3662 625 3772 687 sub

2064 703 2253 763 Catria
2298 722 2332 763 a
2374 705 2737 780 Candulpho,
2777 706 2901 765 sive
2948 708 3278 783 Ludulpho,
3309 711 3649 785 simpliciter
3686 730 3776 774 ca-

2062 792 2213 865 pella
2257 800 2313 851 et
2367 793 2564 853 casula
2614 794 2687 852 ad
2734 795 3090 855 Arianorum
3145 807 3356 857 sectam
3413 801 3766 873 fugiendam.

2064 878 2281 939 Verum
2336 882 2633 940 enimvero
2691 898 2824 940 cum
2877 883 3095 942 Ariana
3144 888 3339 959 pestis,
3392 905 3524 962 qum
3572 892 3770 951 Eccle-

2062 971 2206 1029 siam
2250 972 2461 1031 Christi
2512 988 2736 1032 annum
2783 972 3007 1034 circiter
3054 974 3156 1035 3'20
3190 976 3528 1039 labefactare
3576 984 3768 1057 coepit,

2053 1060 2401 1135 jampridem
2448 1068 2581 1122 ante
2619 1079 2846 1123 annum
2885 1065 3270 1125 millesimum
3310 1070 3597 1129 exstincta
3640 1074 3770 1131 fue-

2060 1151 2151 1220 rit,
2205 1166 2311 1210 nos
2365 1168 2491 1211 eam
2557 1153 2999 1213 aedificationem
3075 1154 3244 1229 longe
3313 1166 3445 1216 ante
3516 1167 3771 1234 tempora

2056 1240 2237 1298 sancti
2293 1239 2475 1300 Patris
2523 1241 2838 1301 Romualdi
2891 1243 3101 1302 factam
3156 1245 3336 1304 fuisse
3386 1247 3535 1305 nihil
3586 1249 3768 1308 ambi-

2057 1345 2273 1403 glmus.
2309 1352 2336 1384 ι)

2126 1418 2201 1477 lI.
2245 1418 2399 1478 Tum
2448 1420 2531 1479 sic
2590 1420 2961 1495 prosequitur
3017 1445 3030 1480 :
3088 1445 3113 1473 α
3172 1422 3350 1484 Porro
3395 1426 3767 1505 Ludulphus,

2028 1506 2182 1583 _sive
2258 1516 2649 1582 persecutores
2727 1509 2980 1582 fugiens,
3046 1510 3169 1570 sive
3248 1516 3766 1588 peregrinationem

2059 1613 2194 1656 cum
2251 1600 2501 1674 quodam
2544 1616 2650 1660 suo
2693 1600 2810 1659 ﬁdo
2850 1600 3003 1659 socio
3047 1601 3251 1661 obiens
3294 1604 3631 1680 ubicunque
3668 1622 3771 1679 per

2060 1686 2237 1746 silvas
2270 1696 2324 1745 et
2354 1687 2535 1747 valles
2583 1690 2777 1749 locum
2825 1689 3137 1749 eremiticze
3182 1692 3319 1751 vita:
3355 1693 3632 1755 idoneum
3675 1695 3768 1754 in-

252 1770 420 1829 haud
465 1771 546 1830 ita
601 1777 1014 1844 argumentum
1066 1773 1419 1831 exhaustum
1475 1774 1659 1845 video,
1709 1780 1774 1833 ut
1828 1790 2042 1863 meaaB
2065 1776 2304 1847 veniret,
2334 1777 2547 1837 dubius
2604 1785 2725 1837 erat
2769 1795 2842 1837 an
2874 1778 2957 1836 ibi
2991 1778 3214 1838 sisteret
3262 1788 3315 1839 et
3364 1784 3768 1856 peregrinandi

250 1859 479 1934 pariter
535 1859 925 1918 lucubrationi
979 1859 1216 1919 relictus
1277 1860 1437 1920 locus
1487 1876 1606 1920 non
1665 1862 1784 1935 sit,
1846 1862 1980 1921 licet

256 1949 450 2008 multa
494 1950 691 2011 futura
736 1950 855 2008 sint
898 1949 1043 2008 mihi
1093 1965 1229 2009 cum
1271 1949 1395 2023 illo,
1429 1956 1485 2010 et
1531 1966 1666 2010 cum
1710 1952 1981 2026 pradicto

258 2038 589 2113 dialogista,
629 2040 954 2099 necessaria
1005 2040 1355 2113 communia,
1390 2040 1453 2099 in
1501 2041 1757 2116 ejusdem
1799 2042 1981 2116 siqui-

264 2131 408 2190 dem
446 2146 631 2190 causze
663 2130 935 2204 praesidio
972 2130 1368 2191 laborantibus
1414 2146 1534 2190 non
1584 2139 1827 2205 possunt
1863 2148 1979 2191 non

261 2220 467 2280 eadem
550 2235 857 2279 occurrere
928 2227 1293 2293 argumenta,
1351 2236 1427 2278 ex
1485 2220 1691 2278 iisdem
1749 2220 1983 2281 sedibus

263 2309 532 2379 deducta,
564 2308 899 2383 eaademque
942 2307 1193 2368 rationes
1236 2325 1309 2367 ex
1358 2308 1565 2367 iisdem
1589 2308 1851 2367 fontibus
1881 2310 1980 2369 de-

262 2397 489 2456 rivata.
517 2397 683 2468 Quod
738 2398 977 2471 quidem
1035 2397 1297 2456 veritatis
1363 2396 1650 2456 indicium
1704 2400 1982 2470 przesumi

262 2487 454 2557 debet,
484 2488 681 2562 plures
710 2490 890 2558 enim,
921 2486 1022 2561 qui
1046 2502 1077 2544 e
1098 2486 1341 2546 diversis
1366 2486 1654 2562 longoque
1677 2487 1983 2547 intervallo

264 2577 485 2635 dissitis
557 2577 896 2651 regionibus
956 2577 1288 2647 scribentes,
1325 2593 1428 2637 sua
1484 2576 1737 2636 invicem
1793 2579 1983 2637 studia

265 2682 384 2725 non
432 2666 1010 2738 communicaverint,
1045 2683 1164 2727 non
1191 2674 1425 2742 possent
1457 2668 1630 2728 simul
1675 2670 1738 2727 in
1778 2669 1981 2728 iisdem

270 2758 453 2814 ferme
525 2756 830 2830 principiis
885 2756 1219 2829 convenire,
1280 2757 1397 2814 nisi
1452 2757 1711 2816 veritatis
1764 2758 1977 2829 unitas,

266 2864 327 2919 ta
363 2848 705 2919 constantia,
738 2863 874 2921 quae
911 2848 1089 2906 simili
1119 2848 1335 2923 ubique
1364 2863 1501 2906 voce
1542 2848 1822 2922 loquitur,
1847 2865 1981 2908 sen-

270 2938 585 2996 tentiarum
617 2936 1045 3011 verborumque
1074 2953 1425 2998 consensum
1453 2938 1526 2998 ab
1554 2937 1792 2999 illorum
1830 2956 1977 3015 quo-

266 3027 405 3086 libet
434 3033 826 3103 extorqueret.

971 3099 1217 3159 CAPUT
1244 3099 1320 3159 II.

267 3192 653 3247 Avellanensis
710 3194 872 3247 amni
930 3192 1236 3254 exordium.
1288 3196 1339 3247 et
1386 3182 1660 3250 institutio
1709 3210 1744 3250 a
1784 3197 1844 3253 S.
1908 3199 1970 3253 P.
1994 3161 2038 3223 Ο

775 3264 1079 3321 Romualdo
1105 3264 1429 3335 dependens.

269 3350 674 3425 SYNQPs18.—
698 3350 998 3425 Avellanaa
1027 3352 1188 3424 origo
1215 3367 1304 3425 ex
1337 3352 1634 3425 Fortunio,
1672 3370 1832 3413 num.
1869 3356 1890 3414 1
1923 3362 1978 3415 et

337 3424 390 3503 2:
422 3423 493 3482 In
538 3423 1084 3503 ejusnarrationem
1123 3423 1578 3503 animadversio,
1612 3423 1979 3503 3.__Mo_naste-

338 3495 494 3553 rium
541 3494 842 3553 Avellanae
870 3494 1019 3554 circa
1050 3510 1274 3554 annum
1327 3494 1539 3555 Christi
1566 3494 1975 3558 millesimum

337 3566 683 3642 institutum
726 3566 1081 3642 ostenditur,
1136 3568 1312 3642 4LAn
1354 3566 1419 3642 Β.
1466 3568 1814 3642 Ludulphus
1862 3569 1975 3642 loci

336 3646 538 3716 auctor
584 3636 832 3716 Arianos
879 3636 1150 3716 fugeret?
1178 3638 1240 3716 5._
1267 3638 1324 3716 S_.
1356 3636 1974 3716 Romualdumjetiam

338 3707 670 3784 ξιίειιψὶοῐιίἱΔ
705 3707 1054 3784 testimonio,
1093 3709 1244 3784 apud
1271 3710 1625 3784 Avellanam
1664 3711 1972 3784 habitasse,

340 3779 396 3837 6.
453 3779 591 3852 Ejus
623 3779 1073 3852 _habitationem
1131 3779 1291 3852 apud
1365 3780 1616 3839 Catriam
1665 3781 1737 3840 de
1801 3779 1975 3842 Sitria

341 3850 740 3928 exponendam
768 3866 889 3908 non
902 3866 1057 3928 _esse,
1089 3852 1142 3928 7._
1174 3850 1265 3909 Ex
1295 3851 1781 3928 ipsius_Fortuni_i
1807 3855 1975 3928 prin-

339 3921 527 3995 cipiis
554 3921 852 3995 Avellan
896 3921 1339 3995 institutionem’
1375 3923 1441 3980 D.
1486 3921 1827 3984 Romualdo’
1872 3926 1972 3984 tri-

339 3992 655 4063 buendam,
681 3994 734 4051 8.
766 3992 1008 4052 Thomas
1036 3993 1203 4051 Minii
1236 3994 1297 4052 in
1328 3995 1588 4053 eamdem
1628 3998 1973 4055 sententiam

338 4064 703 4136 suﬂragium,
732 4064 786 4122 9.
821 4065 1103 4123 Ludovici
1146 4065 1413 4125 Jacobilli
1452 4067 1788 4125 auctoritate
1816 4068 1973 4127 idem

340 4136 743 4207 conﬁrmatur,
779 4137 862 4195 10.
896 4136 1036 4194 Item
1067 4136 1211 4196 Julii
1242 4138 1535 4197 Ambrosii
1563 4139 1830 4197 Luceutii
1855 4140 1974 4198 cal-

337 4206 470 4265 culo
518 4206 730 4265 eadem'
758 4208 969 4265 veritas
1013 4209 1299 4277 munitur,
1336 4209 1419 4267 11.
1453 4209 1672 4267 Certior
1714 4212 1855 4269 anni
1881 4210 1977 4270 de-

338 4277 692 4349 terminatio,
726 4295 842 4353 quo
873 4278 995 4336 haec
1019 4280 1385 4353 contigerint,
1424 4281 1507 4339 l2.

333 4367 383 4426 Ι.
421 4368 597 4426 Nunc
630 4376 695 4428 ut
731 4385 857 4427 rem
903 4370 1086 4444 ipsam
1120 4370 1359 4444 propius
1396 4372 1766 4445 attingamus,
1802 4372 1976 4447 paulo

262 4456 443 4517 altius
492 4459 801 4533 repetenda
846 4467 934 4517 est
973 4461 1329 4532 monasterii,
1370 4461 1492 4519 sive
1538 4462 1717 4520 eremi
1760 4459 1817 4521 S.
1858 4463 1975 4519 An-

262 4549 419 4608 dreae
471 4522 648 4622 (nunc
693 4550 751 4609 S.
787 4549 1000 4621 Crucis)
1035 4550 1229 4609 Fontis
1267 4522 1584 4624 Avellanaa,
1618 4552 1721 4612 ubi
1771 4522 2040 4614 PetrusD

262 4636 605 4709 Damianus,
638 4638 1129 4710 quemadmodum
1172 4641 1231 4697 in
1284 4639 1409 4713 ejus
1462 4639 1590 4698 Vita
1635 4643 1710 4700 ab
1752 4642 1976 4702 Joanne

262 4726 452 4800 ipsius
486 4726 775 4800 discipulo
828 4744 894 4786 ac
937 4728 1214 4786 familiari
1241 4729 1414 4799 edita,
1451 4745 1574 4805 cap.
1600 4732 1655 4800 4,
1685 4738 1974 4803 narratur,

265 4818 659 4876 monasticam
718 4818 949 4875 schema
1021 4816 1232 4887 induit,
1297 4818 1602 4879 institutio.
1663 4820 1977 4879 Fortunius

264 4912 463 4963 noster
510 4903 663 4962 Hist.
718 4903 998 4977 Camald.,
1045 4911 1201 4979 parte
1251 4919 1314 4980 II,
1347 4906 1449 4967 lib.
1481 4923 1537 4978 v,
1570 4924 1691 4981 cap.
1725 4909 1780 4980 5,
1807 4909 1878 4966 de
1913 4926 1978 4966 ea

267 4995 349 5052 sic
392 4993 698 5068 loquitur:
758 5015 784 5047 «
831 4994 940 5066 Qui
989 4995 1060 5054 de
1105 4995 1327 5071 origine
1376 4996 1727 5055 venerabilis
1775 4998 1976 5069 eremi,

268 5098 366 5142 seu
424 5083 681 5142 ccenobii
733 5083 957 5144 Sanctae
1024 5085 1223 5143 Crucis
1272 5084 1572 5143 Avellanm
1626 5088 1978 5147 mentionem

268 5171 507 5243 faciunt,
540 5173 603 5232 hi
634 5189 757 5232 rem
786 5171 1114 5247 Ludulpho,
1143 5174 1267 5233 sive
1292 5174 1634 5249 Candulpho
1656 5177 1974 5247 ascribunt,

269 5264 363 5338 qui
395 5264 509 5325 fuit
542 5264 636 5323 vir
666 5263 1000 5322 innocentia
1043 5263 1327 5338 singulari
1354 5266 1742 5340 operibusque
1769 5267 1979 5324 sanctis

269 5352 640 5421 clarissimus,
668 5368 773 5427 pro
824 5352 1040 5426 quibus
1080 5352 1289 5411 meruit
1330 5352 1399 5410 ad
1431 5354 1754 5413 cathedram
1784 5353 1978 5412 Eccle-

272 5441 362 5499 siae
406 5443 747 5517 Eugubina)
801 5444 1164 5517 promoveri,
1217 5458 1437 5501 annum
1494 5444 1566 5501 ab
1619 5444 1739 5516 ipsa
1786 5459 1979 5502 eremo

274 5534 491 5591 condita
545 5534 775 5592 circiter
820 5532 1200 5605 trigesimum.
1238 5532 1649 5590 Verumtamen
1688 5550 1895 5603 genus,
1925 5542 1980 5592 et

277 5624 656 5685 conditionem
696 5624 1035 5697 primariam
1082 5623 1347 5696 designat
1400 5637 1611 5692 nemo;
1657 5624 1755 5680 sed
1795 5624 1980 5682 credi-

2060 1864 2242 1922 tinem
2306 1864 2535 1924 faceret.
2589 1865 2737 1926 Cum
2792 1882 2926 1925 vero
2976 1866 3190 1926 nullibi
3244 1867 3400 1927 viam
3460 1870 3769 1931 obﬁrmare

2061 1969 2227 2027 posse
2282 1953 2598 2029 videretur,
2640 1957 2880 2031 contigit
2930 1956 3100 2017 illum
3140 1973 3244 2031 per
3280 1958 3580 2032 Apennini
3626 1962 3768 2037 juga

2063 2042 2172 2100 iter
2228 2042 2553 2117 facientem,
2584 2045 2656 2103 ad
2716 2045 2906 2104 locum
2962 2045 3272 2121 quemdam
3323 2062 3623 2108 amcenum
3673 2066 3766 2108 ar-

2061 2140 2246 2192 cuata
2284 2133 2472 2203 vallis,
2515 2149 2648 2207 quae
2696 2134 2803 2191 sita
2850 2141 2934 2191 est
2979 2133 3131 2193 inter
3176 2134 3550 2196 densissimas
3592 2138 3770 2199 silvas

2062 2222 2216 2279 inter
2249 2229 2505 2280 montem
2538 2221 2744 2280 Catrias
2773 2228 2827 2280 et
2865 2221 3059 2294 Corni,
3091 2223 3452 2284 descendere.
3486 2226 3597 2284 Ubi
3626 2228 3769 2286 dum

2063 2309 2312 2380 sisteret,
2377 2310 2510 2383 plus
2576 2309 2740 2367 solito
2806 2309 3016 2368 laboris
3072 2311 3279 2370 itinere
3331 2313 3639 2388 fatigatus,
3693 2318 3768 2377 ad

2062 2398 2431 2473 fontem,qui
2482 2397 2774 2472 plurimus
2821 2397 2893 2455 ad
2944 2398 3162 2457 radices
3206 2400 3621 2461 Avellanarum
3670 2421 3765 2463 ar-

2064 2488 2271 2548 borum
2325 2486 2693 2556 scaturiebat,
2728 2492 2783 2544 et
2833 2492 3065 2561 sumpto
3113 2488 3259 2559 cibo,
3300 2506 3435 2548 cum
3498 2493 3771 2551 nonnihil

2062 2579 2253 2638 somni
2285 2594 2485 2650 capere
2513 2576 2794 2651 cmpisset,
2825 2592 2943 2635 vox
2983 2578 3213 2637 coalitus
3245 2579 3317 2637 ad
3347 2580 3519 2639 illum
3556 2582 3764 2655 hujus-

2064 2667 2221 2726 modi
2248 2668 2397 2725 facta
2425 2676 2510 2725 est
2548 2691 2561 2725 :
2621 2666 2951 2739 Ludulphe,
2992 2667 3087 2725 hic
3118 2667 3220 2725 tibi
3249 2668 3525 2727 habitatio
3553 2679 3764 2743 parata,

2020 2759 2179 2831 .jam
2220 2758 2452 2816 tandem
2501 2757 2681 2816 labori
2725 2757 2950 2816 itineris
2992 2774 3175 2830 parce.
3204 2758 3317 2827 Qui
3352 2775 3612 2832 surgens,
3649 2762 3766 2822 Deo

2059 2846 2272 2920 gratias
2326 2861 2525 2918 agens,
2556 2845 2832 2920 capellam
2886 2851 2941 2904 et
2996 2844 3274 2915 casulam,
3302 2853 3368 2905 ut
3400 2847 3625 2908 dictum
3657 2857 3761 2923 est,

2060 2935 2209 2995 inibi
2249 2935 2322 2995 ad
2374 2935 2655 2993 honorem
2695 2934 2879 2993 sancti
2925 2933 3176 2993 Andreas
3221 2936 3462 3009 apostoli
3506 2938 3762 3012 primum

2063 3026 2273 3100 posuit,
2308 3025 2678 3099 inditumque
2729 3025 2850 3084 loco
2888 3031 2972 3084 est
3008 3040 3222 3083 nomen
3269 3025 3469 3085 Fontis
3493 3029 3765 3089 Avellani

2058 3132 2092 3174 a
2123 3117 2277 3174 fonte
2314 3122 2650 3187 memorato,
2692 3131 2876 3190 usque
2903 3114 2965 3173 in
2996 3115 3344 3174 hodiernum
3382 3117 3556 3177 diem.
3589 3120 3764 3182 Porro

2058 3205 2427 3279 Ludulphus,
2472 3204 2813 3279 aliquandiu
2866 3204 3079 3278 degens
3136 3206 3303 3279 quasi
3350 3206 3701 3282 incognitus,
3730 3226 3765 3269 a

2058 3295 2384 3368 pastoribus
2436 3292 2696 3367 proditus
2741 3300 2846 3365 est,
2880 3298 2937 3350 et
2990 3292 3062 3350 ad
3118 3293 3498 3369 episcopalem
3563 3298 3761 3355 cathe-

2058 3386 2220 3443 dram
2277 3382 2604 3458 Eugubinze
2655 3381 2950 3453 Ecclesiae,
2982 3382 3043 3440 in
3102 3384 3268 3457 cujus
3317 3383 3550 3443 dimcesi
3602 3387 3763 3446 locus

2058 3481 2162 3547 est,
2204 3478 2480 3531 attractus
2538 3471 2746 3531 deinde
2799 3470 3040 3530 omnino
3097 3472 3336 3532 invitus.
3372 3473 3761 3543 Quamobrem

2056 3576 2291 3621 eremus
2319 3575 2425 3618 sua
2453 3558 2755 3629 Avellana,
2789 3558 2862 3617 ob
2907 3559 3293 3632 frequentiam
3343 3561 3762 3635 discipulorum

2054 3650 2119 3707 in
2166 3647 2389 3707 celebre
2432 3646 2768 3704 coenobium
2819 3662 3006 3717 versa,
3039 3648 3193 3720 quod
3244 3658 3474 3722 propter
3510 3651 3762 3711 auctoris

2054 3731 2459 3793 incredibilem
2497 3729 2783 3789 columbae
2836 3730 3286 3805 simplicitatem,
3319 3734 3485 3794 titulo
3541 3736 3762 3796 ordinis

2056 3821 2353 3882 Columbae
2400 3820 2765 3893 insignitum,
2797 3819 2966 3880 illum
3013 3821 3104 3881 vel
3155 3839 3342 3898 usque
3386 3824 3458 3883 ad
3503 3832 3761 3901 tempora

2055 3913 2299 3972 Danthis
2326 3919 2506 3986 poclm
2536 3911 2764 3970 Etrusci
2792 3911 3053 3984 retinuit,
3085 3937 3106 3966 ι
3141 3920 3246 3975 etc.

2127 4010 2231 4071 III.
2261 4011 2333 4070 In
2370 4027 2485 4086 qua
2524 4012 2853 4070 narratione
2888 4010 3076 4085 primo
3103 4010 3524 4071 advertendum
3558 4028 3762 4073 occur-

2057 4102 2131 4161 rit
2164 4102 2341 4160 nimis
2370 4101 2694 4160 inconsulte
2724 4118 2758 4161 a
2786 4102 3065 4161 Fortunio
3094 4102 3254 4160 velut
3282 4103 3598 4164 indubiam
3621 4119 3762 4179 sup-

2056 4191 2195 4265 poni
2218 4190 2371 4264 quod
2399 4190 2803 4250 Avellanensis
2831 4190 3011 4248 eremi
3045 4190 3330 4250 institutio
3359 4191 3419 4252 S.
3450 4192 3763 4253 Romualdi

2060 4279 2413 4353 temporibus
2445 4279 2612 4352 longe
2661 4278 2911 4337 anterior
2966 4277 3160 4351 fuerit,
3187 4294 3261 4336 ex
3287 4296 3402 4355 quo
3428 4281 3765 4356 epigraphes

2057 4370 2131 4428 ab
2160 4369 2283 4443 ipso
2307 4368 2479 4426 allata
2510 4368 2743 4426 Arianae
2773 4375 2940 4427 sectae
2969 4368 3195 4442 pridem
3234 4372 3535 4430 exstinctm
3564 4373 3763 4446 fugam

2063 4457 2374 4531 Ludulpho
2426 4455 2536 4514 loci
2588 4455 2868 4515 conditori
2926 4457 3213 4517 ascribere
3270 4459 3554 4520 videatur.
3615 4460 3764 4521 Cum

2062 4546 2218 4606 enim
2246 4553 2559 4620 utrumque
2603 4546 2811 4603 diserte
2841 4544 3162 4605 aﬂirmetur
3199 4545 3262 4604 in
3305 4546 3409 4605 illo
3439 4547 3644 4621 elogio,
3674 4551 3767 4608 vi-

2058 4637 2265 4697 delicet
2311 4644 2433 4696 tum
2484 4635 2801 4695 aadiﬁcium
2841 4637 3020 4695 eremi
3056 4636 3358 4696 Avellanze
3386 4654 3421 4695 a
3454 4638 3766 4712 Ludulpho

2059 4739 2312 4804 coeptum
2342 4744 2495 4787 anno
2526 4727 2857 4798 millesimo,
2895 4733 3018 4784 tum
3062 4726 3134 4784 ad
3181 4727 3533 4786 Arianorum
3555 4735 3767 4786 sectam

2060 4818 2396 4893 fugiendam
2439 4818 2500 4875 id
2548 4820 2763 4875 factum
2811 4832 2953 4874 esse.
2996 4816 3135 4886 Qua:
3187 4816 3302 4874 duo
3355 4816 3608 4874 invicem
3647 4832 3765 4874 non

2059 4910 2347 4966 cohaerere
2381 4914 2575 4966 noster
2606 4905 2911 4964 historicus
2940 4905 3270 4976 arbitratur,
3306 4894 3599 4977 reliquum
3624 4911 3763 4975 erat,

2060 5005 2125 5057 ut
2177 4996 2404 5056 cautius
2441 4996 3019 5069 expenderet-utrum
3057 5009 3133 5051 ex
3169 4992 3263 5051 his
3303 4993 3767 5053 commentitium

2062 5092 2332 5160 putaret;
2379 5084 2732 5159 primamne,
2778 5083 2934 5158 quod
2988 5081 3316 5139 innumeris
3364 5082 3497 5141 aliis
3553 5078 3769 5142 monu-

2062 5173 2274 5233 mentis
2323 5175 2739 5243 contirmatur;
2782 5188 2878 5244 an,
2912 5169 3255 5241 secundum,
3287 5170 3440 5245 quod
3472 5187 3592 5230 non
3628 5170 3765 5243 alio,

2063 5281 2240 5340 quam
2268 5266 2459 5338 politae
2497 5264 2659 5323 illius
2688 5262 3100 5336 inscriptionis,
3134 5262 3456 5322 testimonio
3486 5262 3764 5333 fulcitur;

2065 5354 2645 5428 deprehendissetque
2691 5368 2809 5409 non
2854 5350 3000 5409 illud
3037 5367 3110 5408 ex
3146 5352 3251 5411 hoc
3286 5355 3349 5411 in
3387 5352 3633 5412 dubium
3663 5368 3766 5412 vo-

2065 5444 2199 5511 cari,
2236 5443 2333 5501 sed
2365 5442 2472 5499 hoc
2498 5440 2685 5514 potius
2711 5456 2786 5498 ex
2815 5439 2916 5498 illo
2947 5440 3155 5513 corrigi
3188 5440 3479 5501 debuisse.

2137 5533 2235 5592 IV.
2292 5534 2602 5591 Enimvero
2650 5532 2798 5589 circa
2850 5547 3072 5591 annum
3125 5531 3337 5590 Christi
3390 5532 3767 5593 millesimum

2066 5630 2187 5695 (aut
2242 5630 2391 5680 certe
2461 5621 2629 5694 paulo
2681 5629 2849 5690 ante,
2910 5627 2972 5679 ut
3027 5620 3175 5678 infra
3235 5621 3775 5688 dcterminabimus)
