4106 6204
277 291 347 348 23
975 349 985 370 κ
1195 283 1254 342 S.
1298 281 1587 341 PETBUS
1627 281 2020 341 DAMIANUS
2063 283 2122 344 S.
2167 286 2237 346 Β.
2283 288 2350 348 Ε.
2391 288 2875 352 CARDINALIS.
3543 245 3554 254 .
3717 296 3780 354 24

281 428 500 473 sacram
528 412 830 470 Avellanaa
877 409 1116 467 domum
1169 421 1368 464 revera
1406 410 1793 464 constructam
1842 405 2060 469 fuis-A
2145 404 2243 464 VI.
2290 405 2574 479 Secundo,
2624 412 2687 469 in
2740 412 2939 471 eadem
2987 414 3250 474 Fortunii
3301 417 3628 474 narratione
3679 419 3783 477 ob-

285 520 380 573 se,
437 519 544 561 nec
594 502 664 560 ad
725 500 1080 558 Arianorum
1125 496 1338 555 saecula
1388 495 1514 567 ejus
1567 493 1992 552 institutionem

285 592 485 650 referri
529 607 715 665 posse,
747 595 966 648 constat
1019 595 1139 646 tum
1173 603 1247 644 ex
1277 587 1402 659 ipso
1454 583 1519 642 B.
1558 582 1869 657 Ludulpho
1918 583 1993 641 il-

285 684 403 742 lius
433 682 612 739 eremi
646 680 972 748 fundatore,
1001 676 1100 749 qui
1132 691 1286 733 anno
1333 672 1469 732 1009
1507 671 1577 729 ad
1611 671 1992 746 Eugubinum

287 773 676 846 episcopatum
713 776 914 841 raptus
945 773 1048 836 est,
1083 765 1284 838 illique
1332 779 1484 821 anno
1538 760 1674 820 1012
1715 762 1990 820 nuntium

286 861 586 918 remittens
637 859 706 916 ad
763 872 928 915 suam
981 870 1243 913 eremum
1301 868 1566 910 reversus
1611 851 1842 925 legitur,
1892 851 1993 910 ubi

288 949 647 1007 sanctissime
720 946 862 1004 obiit
909 945 1002 1002 die
1050 944 1121 1002 20
1173 941 1434 1000 Januarii
1495 940 1676 1009 1047;
1745 947 1864 998 tum
1919 956 1993 998 ex

289 1041 548 1115 ejusdem
587 1037 886 1109 Ludulphi
924 1032 1245 1107 discipulis,
1292 1031 1544 1100 Juliano,
1587 1030 1687 1104 qui
1733 1046 1994 1089 eremum

288 1129 350 1186 in
389 1125 650 1186 absentia
687 1123 986 1197 Ludulphi
1023 1121 1096 1180 ab
1137 1137 1291 1180 anno
1340 1119 1477 1179 1009
1523 1119 1595 1177 ad
1647 1121 1783 1179 1012
1818 1123 1990 1194 rexit,

289 1218 594 1290 eidemque
630 1215 689 1272 in
737 1216 1065 1288 episcopatu
1115 1211 1424 1283 Eugubino
1465 1210 1796 1282 succedens,
1827 1210 1921 1270 die
1957 1209 1991 1266 7

290 1307 426 1366 Maii
465 1307 598 1366 1032
628 1322 659 1364 e
684 1305 836 1363 vivis
879 1303 1159 1372 excessit;
1200 1301 1263 1358 B.
1298 1300 1564 1360 Guidone
1602 1302 1861 1372 Aretino,
1891 1301 1993 1374 qui

287 1413 439 1456 anno
475 1393 609 1452 1022
647 1408 819 1451 suum
847 1392 918 1448 de
949 1390 1172 1448 musica
1203 1390 1516 1462 Syntagma
1545 1406 1764 1448 novum
1800 1390 1990 1449 Theo-

286 1487 455 1544 daldo
509 1484 746 1543 Aretino
799 1485 1062 1557 episcopo
1115 1481 1420 1554 dedicavit,
1447 1490 1501 1540 et
1560 1497 1715 1540 anno
1771 1481 1907 1540 1030
1959 1497 1993 1539 a

288 1577 351 1636 Β.
395 1575 705 1648 Ludulpho
758 1572 820 1630 in
877 1571 1282 1644 coadjutorem,
1334 1587 1435 1629 seu
1490 1571 1770 1629 vicarium
1818 1585 1992 1630 suum

289 1675 373 1726 est
417 1673 731 1740 cooptatus,
764 1665 858 1723 cui
895 1663 1065 1720 etiam
1101 1677 1256 1720 anno
1294 1663 1430 1721 1047
1468 1662 1529 1720 in
1563 1664 1820 1737 prioratu
1859 1681 1989 1723 suc-

2078 496 2432 556 servandum
2482 507 2568 558 est
2626 502 3068 573 praetermissam
3116 505 3190 564 ab
3229 506 3354 579 ipso
3402 506 3582 565 fuisse
3638 507 3785 566 insi-

2076 600 2249 659 gnem
2323 587 2815 648 circumstantiam
2842 635 2855 660 ,
2919 607 3094 666 quam
3163 593 3262 651 alii
3329 593 3631 668 scriptores
3683 611 3787 653 ex-

2078 691 2272 749 presse
2321 684 2540 748 notant,
2592 695 2801 754 nempe
2853 680 3230 755 Ludulphum
3276 685 3434 744 hunc
3483 686 3787 759 ipsiusmet

2082 766 2140 826 S.
2173 767 2236 825 P.
2269 767 2578 827 Bomualdi
2610 770 2788 828 fuisse
2819 772 3188 844 discipulum,
3221 780 3276 831 et
3306 774 3379 832 ab
3410 775 3535 848 ipso
3572 775 3782 833 eremi-

2079 860 2208 917 ticze
2246 860 2574 932 disciplinae
2613 861 2838 933 legibus
2875 864 3209 933 eruditum;
3268 865 3386 923 imo
3438 867 3499 923 in
3538 865 3786 939 ipsamet

2077 947 2408 1017 solitudine,
2460 949 2612 1020 apud
2686 949 2933 1008 Catriam
3010 951 3308 1026 Ludulphi
3371 969 3478 1026 ope
3533 955 3782 1014 excitata

2082 1035 2140 1095 S.
2186 1036 2248 1094 P.
2304 1035 2697 1096 Bomualdum
2748 1053 3152 1111 commorasse,
3208 1049 3271 1100 ut
3329 1048 3523 1099 narrat
3579 1042 3784 1104 Petrus

2078 1128 2201 1201 ipse
2248 1129 2566 1188 Damianus
2617 1131 2681 1188 in
2737 1130 2862 1189 Vita
2906 1131 2965 1190 S.
3003 1132 3314 1192 Romualdi
3353 1149 3477 1206 cap.
3520 1135 3610 1206 19,
3653 1136 3778 1195 ibi:

2085 1241 2110 1269 α
2138 1219 2469 1293 Aliquando
2511 1224 2702 1278 autem
2744 1222 2833 1280 vir
2865 1229 3096 1282 sanctus
3139 1239 3254 1281 non
3291 1224 3462 1298 longe
3512 1228 3725 1285 mansit
3750 1243 3783 1286 a

2079 1305 2305 1377 Catria;
2340 1330 2368 1361 »
2401 1309 2502 1382 qui
2540 1307 2702 1367 locus
2740 1311 2810 1368 de
2849 1311 3199 1370 habitatione
3247 1314 3398 1384 apud
3442 1313 3784 1372 Avellanam

2079 1398 2392 1470 exponitur
2429 1415 2461 1456 a
2500 1398 2676 1456 variis
2720 1399 3068 1471 auctoribus,
3099 1417 3247 1474 quos
3270 1401 3423 1460 inter
3451 1403 3787 1463 Ludovicus

2077 1483 2394 1558 Jacobillus
2435 1486 2507 1543 de
2552 1486 2764 1544 sanctis
2807 1486 3082 1558 Umbriae,
3113 1504 3178 1546 ac
3214 1489 3468 1548 Joannes
3517 1489 3786 1551 Mabillo-

2080 1574 2216 1632 nius
2244 1577 2579 1649 prtefatione
2603 1577 2674 1634 ad
2704 1576 2987 1636 saeculum
3014 1579 3090 1636 VI
3113 1579 3574 1652 Benedictinum,
3592 1581 3694 1640 ubi
3715 1581 3788 1641 de

2079 1665 2453 1724 Avellanensi
2507 1666 2771 1724 coenobio
2827 1667 2954 1725 haec
3005 1667 3176 1726 habet
3230 1691 3244 1727 :
3301 1688 3330 1721 α
3390 1669 3511 1728 Sub
3561 1687 3785 1729 annum

288 1760 475 1828 cessit,
517 1756 844 1831 usquedum
894 1771 1050 1814 anno
1107 1753 1274 1823 1050,
1317 1753 1410 1812 die
1468 1755 1532 1812 17
1588 1755 1745 1832 Maii,
1806 1757 2051 1834 DeumB
2078 1751 2290 1811 Christi
2342 1754 2723 1812 millesimum
2761 1755 3018 1814 construi
3065 1763 3316 1829 cceptum
3347 1765 3449 1828 est,
3480 1774 3686 1832 nempe
3722 1759 3786 1817 in

288 1848 428 1906 adiit
455 1865 469 1917 ;
499 1847 566 1906 B.
601 1846 756 1904 Forti
786 1843 1042 1914 eremita,
1074 1842 1176 1917 qui
1209 1859 1365 1902 anno
1407 1843 1546 1903 1030
1583 1861 1644 1902 se
1680 1845 1992 1920 Ludulpho

288 1938 641 2010 discipulum
690 1935 916 2003 obtulit,
949 1943 1005 1992 et
1036 1934 1130 1992 die
1164 1937 1196 1994 0
1231 1934 1367 1991 Maii
1410 1935 1564 2006 1040,
1606 1951 1683 1992 ex
1721 1936 1828 1993 hac
1865 1937 1993 1995 luce

288 2027 579 2100 migravit,
614 2033 680 2082 ut
712 2026 837 2098 ejus
886 2025 1102 2084 tumuli
1149 2035 1316 2083 vetus
1369 2025 1666 2099 inscriptio
1705 2027 1765 2084 in
1798 2027 1992 2084 cathe-

287 2116 431 2174 drali
490 2115 801 2188 Eugubina
855 2122 1106 2173 testatur.
1149 2114 1224 2172 Ut
1276 2114 1536 2172 omittam
1593 2132 1796 2187 graves
1851 2117 1994 2174 scri-

289 2212 478 2278 ptores
525 2202 872 2262 contendere
918 2203 1155 2261 Petrum
1209 2203 1584 2267 Damianum,
1626 2194 1994 2278 quinquage-

288 2292 435 2350 simo
463 2299 589 2365 post
621 2290 1026 2348 Avellanensis
1057 2290 1235 2346 eremi
1270 2291 1692 2350 institutionem
1728 2310 1904 2364 anno,
1936 2310 1996 2352 se

290 2380 439 2438 inibi
477 2379 679 2438 divino
718 2377 952 2436 servitio
999 2378 1398 2450 mancipasse;
1448 2379 1602 2453 quod
1649 2381 1851 2454 utique
1895 2381 1997 2438 fal-

289 2484 422 2527 sum
463 2476 627 2537 esset,
661 2468 776 2525 nisi
814 2466 967 2524 circa
1009 2481 1232 2524 annum
1282 2466 1496 2525 Christi
1545 2468 1925 2529 millesimum
1963 2487 1998 2529 a

289 2558 354 2616 B.
388 2557 700 2630 Ludulpho
726 2557 908 2630 posita
945 2555 1296 2613 venerabilis
1328 2555 1490 2614 illius
1519 2555 1853 2616 solitudinis
1881 2559 1996 2617 ini-

291 2647 368 2704 tia
399 2652 878 2720 supponerentur.

363 2737 434 2793 V.
459 2736 698 2794 Interim
731 2735 871 2809 quid
912 2735 1024 2793 sibi
1063 2735 1314 2795 voluerit
1359 2737 1530 2809 elogii
1572 2737 1734 2796 illius
1779 2745 1996 2810 auctor,

293 2844 425 2885 cum
458 2827 608 2883 dixit
637 2825 1017 2898 Ludulphum
1046 2825 1116 2882 ad
1147 2825 1502 2885 Arianorum
1531 2832 1741 2884 sectam
1779 2828 2001 2901 fugien-

290 2915 422 2972 dam
453 2913 729 2970 sacellum
759 2912 906 2970 illud
933 2911 1088 2985 apud
1124 2912 1362 2970 Fontem
1395 2912 1696 2971 Avellanaa
1727 2921 2000 2971 constru—

289 3001 465 3071 xisse,
501 3001 654 3059 haud
703 3001 868 3058 facile
905 3007 989 3057 est
1024 2999 1303 3071 divinare,
1335 3001 1449 3058 nisi
1488 3001 1749 3060 dicamus
1775 3001 2002 3076 aliquas

291 3093 645 3151 Arianorum
698 3090 992 3166 reliquias,
1035 3099 1090 3148 et
1127 3097 1249 3149 tum
1289 3092 1527 3150 fortasse
1562 3092 1841 3164 residuas,
1896 3101 2055 3182 autc

292 3185 482 3241 denuo
532 3185 808 3242 excitatas
846 3183 1024 3241 fuisse
1065 3187 1156 3251 (ut
1194 3190 1388 3240 nostro
1420 3183 1595 3240 etiam
1627 3184 1840 3242 saeculo
1873 3185 1997 3242 haec

291 3273 558 3346 impietas
605 3280 879 3332 renovata
916 3279 1000 3332 est
1030 3272 1094 3330 in
1131 3271 1342 3346 Anglia
1372 3273 1762 3346 potissimum,
1795 3281 1851 3331 et
1889 3273 1996 3330 Po-

292 3361 449 3418 lonia
485 3377 588 3435 per
619 3362 810 3420 varios
849 3363 1136 3432 sectarios,
1164 3362 1438 3419 Faustum
1488 3360 1786 3430 Socinum,
1821 3362 1996 3420 Joan-

292 3467 424 3508 nem
479 3451 779 3520 Crellium,
832 3452 1174 3521 Brennium,
1216 3449 1591 3521 Eniedinum,
1658 3448 1997 3521 Smalcium,

294 3538 806 3614 Schilchsingium,
839 3540 1199 3607 Ostorodum,
1239 3545 1293 3596 et
1331 3537 1810 3611 Christophorum
1852 3539 1997 3598 San-

292 3629 500 3699 dium),
528 3645 662 3686 nam
694 3629 765 3685 de
800 3629 1033 3686 Arianis
1057 3628 1219 3685 velut
1247 3627 1610 3686 exstantibus
1639 3628 1800 3700 loqui
1835 3629 1997 3686 vide-

292 3725 387 3774 tur
415 3718 618 3776 Petrus
641 3718 907 3775 Damiani
949 3726 1084 3777 tom.
1116 3717 1220 3785 III,
1260 3733 1454 3790 opusc.
1487 3731 1569 3789 vr,
1601 3734 1722 3791 cap.
1752 3720 1842 3788 22,
1873 3718 1954 3776 ibi
1983 3743 1996 3776 :

295 3809 432 3862 «At
475 3814 693 3876 contra,
740 3807 964 3875 Ariani,
1013 3807 1114 3880 qui
1168 3808 1445 3866 adversus
1503 3808 1757 3881 Spiritus
1820 3808 2002 3866 sancti

292 3893 656 3952 divinitatem
697 3894 1000 3952 manifesta
1037 3910 1273 3967 prorsus
1326 3897 1618 3969 impietate
1656 3897 1999 3969 conﬂigunt,

293 3983 365 4040 ad
408 3983 745 4041 catholicam
786 3983 958 4040 ﬁdem
999 3984 1304 4042 redeuntes
1342 3985 1401 4041 in
1449 3985 1600 4042 male
1647 3985 1856 4058 accepti
1907 4001 2000 4043 or-

295 4071 450 4129 dinis
509 4071 809 4144 persistere
887 4071 1163 4144 dignitate
1245 4089 1360 4131 non
1434 4083 1694 4147 possunt.
1753 4073 2004 4131 Credunt

294 4162 472 4232 enim,
525 4161 672 4220 sicut
723 4178 926 4220 eorum
979 4161 1255 4235 sacrilega
1312 4163 1596 4236 possessio
1652 4162 2000 4233 manifestat,

294 4252 446 4325 quod
503 4251 669 4309 Pater
713 4258 933 4310 creator
985 4251 1078 4320 sit,
1112 4251 1296 4310 Filius
1342 4260 1652 4322 creatura;
1721 4251 2001 4324 Spiritum

300 4355 433 4398 vero
469 4347 731 4398 sanctum
772 4350 1094 4398 creaturam
1141 4348 1419 4399 creatura;
1464 4342 1872 4400 damnabiliter
1907 4357 2006 4399 as-

297 4436 580 4488 severant.
613 4451 639 4483 »
675 4427 784 4488 Sed
829 4436 884 4486 et
929 4430 1281 4488 Arianorum
1312 4430 1578 4488 meminit
1619 4437 1682 4487 ut
1713 4447 1817 4489 suo
1857 4439 2002 4488 tem-

297 4533 432 4590 pore
460 4519 836 4578 existentium
873 4537 1022 4578 anon
1035 4535 1202 4594 ymus
1228 4519 1604 4578 encomiastes
1634 4519 1870 4577 Henrici
1899 4520 2000 4592 IV,

297 4621 470 4680 quem
525 4623 600 4664 ex
646 4617 800 4667 tomo
831 4610 854 4667 Ι
887 4610 1252 4667 Collectionis
1298 4608 1565 4666 Frecheri
1615 4608 1848 4666 adducit
1892 4608 1999 4666 Pa-

297 4696 428 4768 gius
463 4711 616 4755 anno
658 4698 812 4768 1058,
864 4715 923 4756 n.
976 4699 1027 4770 5,
1075 4707 1174 4757 aut
1211 4699 1463 4773 denique
1514 4698 1626 4756 nisi
1676 4699 1999 4756 clausulam

301 4783 450 4840 hanc
493 4785 572 4842 ita
631 4785 1097 4859 interpretemur,
1146 4795 1210 4846 ut
1258 4787 1563 4860 signiticet,
1616 4786 2001 4860 Ludulphum

297 4871 499 4932 divino
550 4875 733 4935 cultui
789 4877 1073 4948 deditum,
1107 4883 1169 4935 ut
1228 4893 1288 4935 se
1335 4878 1408 4935 ab
1456 4877 1674 4934 Ariana
1722 4876 1999 4950 supersti-

299 4963 474 5034 tione,
505 4982 538 5022 a
575 4982 690 5038 qua
745 4967 998 5024 maxime
1049 4966 1412 5038 abhorrebat,
1443 4966 1700 5025 alienum
1740 4966 2003 5025 ostende-

297 5059 399 5123 ret,
433 5052 535 5110 illo
563 5054 769 5113 sacello
799 5055 1030 5113 divinos
1057 5055 1282 5114 Christo
1329 5057 1595 5127 honores,
1632 5055 1999 5128 debitamque

302 5143 359 5200 S.
384 5140 632 5199 Andreae
662 5144 788 5214 ejus
817 5146 1072 5217 apostolo
1099 5147 1532 5204 venerationem
1561 5151 1824 5202 testatum
1853 5159 1994 5202 esse.

297 5231 639 5302 Quanquam
673 5247 861 5304 operte
917 5236 1165 5306 pretium
1213 5252 1331 5293 non
1383 5242 1467 5293 est
1517 5242 1580 5292 ut
1625 5234 1684 5290 in
1718 5233 1877 5291 illius
1908 5233 1996 5291 in-

299 5320 628 5392 scriptionis
662 5323 1022 5395 expositione
1058 5326 1456 5396 immoremur,
1499 5339 1631 5382 cum
1685 5324 1824 5381 adeo
1863 5328 1998 5382 obs-

296 5424 454 5466 cura:
485 5409 613 5468 lidei
654 5411 726 5468 sit
759 5419 823 5470 ut
855 5429 886 5468 a
923 5416 1158 5471 nemine
1197 5425 1491 5488 propterea
1528 5415 1688 5473 illam
1729 5414 1995 5487 indicari,

296 5509 396 5558 aut
427 5503 817 5561 commendari
861 5504 1104 5577 videam,
1131 5512 1514 5581 przeterquam
1551 5523 1586 5565 a
1615 5507 1909 5577 Fortunio,
1944 5513 2000 5564 et

297 5590 408 5662 his,
429 5591 532 5665 qui
559 5591 632 5650 ab
661 5591 763 5652 illo
786 5601 1146 5667 acceperunt.

2023 4476 2072 4533 D

2078 1845 2337 1915 Umbria,
2369 1845 2601 1904 dioecesi
2646 1846 2977 1920 Eugubina,
3024 1848 3096 1905 ad
3149 1848 3368 1907 radices
3419 1849 3629 1908 Montis
3679 1852 3782 1910 Ca-

2076 1936 2222 2004 triaa,
2255 1935 2357 1994 ubi
2396 1937 2598 1993 itidem
2647 1935 2706 1994 S.
2739 1937 3107 1996 Romualdus
3161 1954 3448 1998 secessum
3498 1941 3780 2000 habuit.»

2083 2024 2152 2082 Ut
2201 2024 2347 2082 alios
2397 2025 2645 2082 minoris
2691 2024 2966 2095 nominis,
3001 2025 3395 2098 Portesanum,
3429 2029 3779 2101 Grucettum,

2075 2119 2206 2181 etc.,
2237 2119 2593 2185 prmteream.

2153 2200 2276 2258 VII.
2327 2203 2674 2276 Quanquam
2727 2203 2832 2260 vix
2881 2204 3123 2263 testibus
3175 2221 3324 2278 opus
3369 2213 3473 2277 est,
3536 2207 3638 2264 ubi
3691 2223 3784 2264 res

2076 2284 2199 2360 ipsa
2245 2289 2519 2362 loquitur,
2555 2295 2676 2347 tum
2731 2307 2804 2347 ex
2842 2292 3310 2350 Avellanitarum
3349 2293 3598 2352 instituti
3647 2310 3782 2352 cum

2075 2377 2479 2435 Romualdinis
2544 2378 2769 2450 legibus
2839 2378 3262 2450 convenientia,
3318 2381 3390 2438 de
3448 2398 3566 2454 qua
3631 2383 3782 2442 infra

2078 2465 2336 2534 uberius,
2373 2471 2493 2522 tum
2528 2466 2666 2538 quia
2703 2465 2870 2522 aliter
2903 2481 3078 2538 quam
3121 2467 3192 2524 de
3228 2469 3527 2528 Avellanaa
3577 2471 3780 2532 solitu-

2077 2552 2210 2610 dine
2237 2551 2339 2609 illa
2386 2553 2699 2611 Gatriensis
2746 2553 3022 2613 habitatio
3063 2553 3370 2614 Romualdi
3413 2560 3629 2631 exponi
3675 2576 3781 2619 ne-

2076 2643 2237 2716 quit;
2299 2642 2496 2714 0pinio
2547 2641 2834 2715 siquidem
2886 2642 3172 2715 Fortunii,
3221 2653 3379 2718 parte
3430 2658 3534 2718 VII,
3582 2648 3680 2706 lib.
3739 2662 3781 2720 Ι,

2077 2749 2200 2808 cap.
2239 2733 2324 2804 11,
2355 2732 2549 2791 locum
2576 2731 2748 2792 illum
2777 2734 2848 2791 de
2877 2747 3071 2792 eremo
3113 2732 3304 2792 Sitriae
3331 2737 3780 2809 interpretantis,

2078 2841 2339 2898 pugnare
2369 2825 2601 2883 videtur
2628 2841 2760 2882 cum
2809 2824 2962 2882 Petri
2999 2825 3265 2882 Damiani
3291 2828 3645 2899 auctoritate,
3678 2829 3782 2901 qui

2081 2912 2142 2970 in
2192 2911 2322 2969 Vita
2374 2911 2432 2971 S.
2478 2912 2811 2982 Romualdi,
2863 2928 2986 2985 cap.
3027 2910 3116 2982 49,
3167 2913 3244 2968 ita
3287 2915 3460 2970 refert
3512 2915 3783 2973 Bomual-

2081 3004 2222 3060 dum
2260 3004 2332 3060 ad
2372 3002 2566 3062 Sitria:
2602 3001 2979 3061 solitudinem
3029 3001 3401 3061 habitandam
3455 3004 3781 3076 divertisse,

2082 3094 2248 3168 quasi
2323 3093 2541 3151 ibidem
2609 3099 2780 3150 antea
2824 3100 3214 3151 commoratus
3266 3109 3380 3151 non
3434 3100 3622 3165 esset,
3681 3095 3782 3153 sed

2082 3183 2276 3241 locum
2320 3182 2516 3256 ipsum
2566 3190 2703 3240 tunc
2749 3183 2872 3240 suis
2901 3180 3207 3255 discipulis
3239 3181 3457 3254 replere
3502 3182 3782 3255 aggrede-

2081 3279 2257 3330 retur.
2320 3273 2464 3329 Ecce
2521 3271 2789 3330 Damiani
2838 3271 3014 3329 verba
3073 3290 3087 3327 :
3149 3296 3175 3318 ‹‹
3224 3271 3599 3329 Postmodum
3647 3288 3784 3331 vero

2082 3363 2462 3434 Bomualdus,
2504 3379 2638 3422 cum
2689 3361 3107 3437 Appenninum
3163 3359 3468 3430 desereret,
3527 3367 3784 3419 montem

2083 3452 2275 3510 Sitria;
2311 3452 2676 3510 habitaturus
2710 3450 2986 3510 ascendit.
3021 3448 3359 3508 Cavendum
3395 3456 3591 3508 autem
3621 3465 3786 3508 sum-

2082 3556 2314 3612 mopere
2355 3547 2440 3598 est
2485 3556 2558 3598 ne
2591 3541 2746 3614 quis,
2775 3555 2910 3599 cum
2947 3538 3196 3598 audierit
3229 3539 3365 3613 quia
3413 3539 3504 3596 vir
3555 3546 3788 3598 sanctus

2083 3637 2162 3688 tot
2202 3630 2325 3689 loca
2366 3632 2694 3701 mutaverit,
2729 3631 2811 3704 pii
2855 3631 3045 3704 operis
3077 3630 3304 3703 pondus
3347 3629 3488 3688 vitio
3536 3629 3788 3689 levitatis

2082 3720 2350 3778 ascribat.
2418 3719 2557 3778 Haec
2636 3734 2889 3793 namque
2957 3719 3347 3778 mutationum
3419 3718 3546 3790 ejus
3617 3734 3787 3777 causa

2081 3806 2281 3877 procul
2332 3805 2510 3864 dubio
2556 3808 2764 3874 fuerat,
2796 3806 2934 3878 quia
2998 3806 3069 3863 ad
3123 3803 3514 3862 venerabilem
3564 3807 3780 3878 virum,

2083 3894 2418 3967 ubicunque
2447 3893 2693 3965 degeret,
2727 3893 2893 3951 turba
2923 3893 3233 3950 hominum
3271 3909 3418 3966 pene
3447 3895 3781 3952 innumera-

2083 3981 2217 4040 bilis
2284 3981 2681 4040 concurrebat.
2734 3981 2902 4039 Batio
2964 3998 3100 4054 ergo
3177 3981 3442 4054 poscebat
3515 3987 3601 4047 ut,
3651 3997 3785 4039 cum

2085 4073 2264 4130 unius
2309 4072 2416 4130 loci
2465 4071 2717 4144 spatium
2763 4071 3004 4143 plenum
3055 4069 3473 4128 habitatoribus
3505 4077 3785 4138 cerneret,

2085 4162 2206 4220 illic
2259 4162 2448 4235 priore
2501 4161 2846 4228 constituto,
2907 4160 2979 4216 ad
3040 4159 3386 4232 replendum
3440 4174 3578 4217 mox
3629 4159 3788 4218 aliud

2086 4252 2400 4309 festinaret.
2435 4274 2459 4299 η
2519 4249 2681 4319 Quod
2727 4250 2774 4308 si
2827 4248 3187 4307 Romualdus
3237 4248 3460 4307 dudum
3510 4249 3570 4306 in
3618 4247 3790 4307 Sitria

2084 4355 2345 4398 eremum
2401 4339 2751 4407 condiderat,
2813 4354 2945 4396 cum
2996 4338 3068 4395 ad
3124 4339 3374 4396 Gatriam
3435 4336 3785 4407 morabatur,

2090 4436 2153 4485 ut
2194 4429 2354 4486 docet
2397 4428 2730 4491 Fortunius,
2763 4427 2890 4484 haac
2933 4443 3082 4485 nova
3123 4427 3184 4483 in
3238 4424 3471 4484 Sitriam
3525 4426 3790 4484 excursio

2093 4533 2209 4576 non
2250 4518 2457 4576 fuisset
2493 4532 2661 4575 novre
2709 4516 2968 4574 locorum
3021 4514 3351 4585 mutationi,
3383 4514 3482 4573 sed
3531 4521 3789 4574 veterum

2091 4605 2508 4678 discipulorum
2577 4605 2894 4663 visitationi
2970 4602 3346 4674 ascribenda,
3433 4617 3619 4677 neque
3687 4603 3795 4660 hac

2091 4693 2358 4752 Damiani
2429 4694 2800 4751 excusatione
2862 4708 3007 4765 opus
3077 4699 3234 4760 erat,
3285 4707 3475 4764 neque
3551 4691 3794 4751 adducta

2093 4783 2437 4856 frequentiae
2477 4781 2897 4854 discipulorum
2939 4795 3110 4838 causa
3153 4780 3437 4852 proposito
3488 4781 3612 4855 ipso
3649 4796 3790 4838 con-

2089 4881 2338 4947 grueret.
2401 4871 2693 4930 Habitatio
2757 4870 2933 4943 igitur
2991 4868 3143 4942 apud
3212 4869 3481 4940 Catriam,
3543 4887 3658 4930 non
3717 4871 3787 4927 de

2093 4962 2286 5034 Sitria,
2316 4979 2450 5037 quae
2487 4963 2622 5020 inde
2659 4961 2888 5019 duobus
2929 4959 3280 5018 milliaribus
3329 4961 3399 5018 ad
3448 4960 3786 5021 Saxiferrati

2089 5054 2366 5126 oppidum
2395 5051 2625 5119 recedit,
2653 5053 2750 5110 sed
2789 5050 2860 5108 de
2897 5050 3094 5109 Fontis
3122 5051 3424 5109 Avellanaa
3452 5050 3784 5120 solitudine,

2090 5159 2220 5217 quaa
2270 5141 2476 5200 Catrize
2525 5139 2737 5199 montis
2787 5139 2951 5198 lateri
2998 5140 3227 5214 penitus
3275 5140 3555 5208 adhaeret,
3593 5139 3788 5198 certis-

2089 5234 2234 5290 sime
2264 5239 2349 5288 est
2377 5228 2775 5303 intelligenda.

2161 5323 2316 5381 VIII.
2352 5323 2466 5380 Nec
2503 5322 2888 5382 dubitandum
2935 5329 3094 5398 puto,
3123 5318 3467 5379 Fortunium
3506 5318 3699 5392 ipsum
3729 5319 3789 5376 id

2088 5430 2361 5488 expresse
2412 5430 2840 5487 concessurum,
2873 5415 2983 5472 nisi
3032 5412 3189 5470 illius
3231 5409 3586 5468 Arianorum
3635 5410 3790 5482 fugze

2089 5504 2406 5577 Ludulpho
2459 5505 2720 5578 ascripta)
2773 5509 3158 5579 praeconcepta
3215 5499 3431 5574 Opinio,
3491 5497 3790 5557 Avellanaa

2088 5595 2506 5656 institutionem
2549 5596 2620 5654 ad
2663 5603 2912 5670 tempora
2950 5592 3271 5653 Romualdo
3312 5591 3599 5650 anteriora
3645 5591 3791 5648 refe-
