4106 6204
314 293 386 350 25
685 368 694 372 _
1199 291 1780 352 PROLEGOMENA.
1821 322 1889 335 --
1929 293 2025 351 DE
2065 293 2468 359 INSTITUTO
2508 301 2942 362 CAMALDUL.
3659 330 3664 332 -
3755 307 3829 366 26

315 417 554 476 rendam
593 431 736 486 esse,
776 417 1187 490 persuasisset;
1228 420 1480 494 indeque
1518 419 1827 479 Romualdi
1864 419 2027 477 habi-

2193 441 2282 482 me
2322 426 2381 484 di
2431 436 2646 500 quanto
2695 429 2771 488 ho
2818 428 2991 500 detto,
3039 426 3181 497 cioe,
3231 431 3336 488 che
3384 431 3425 488 il
3474 433 3542 490 Β.
3594 434 3835 494 Lodolfo

316 509 588 566 tationem
633 507 790 581 apud
838 508 1108 579 Catriam,
1152 509 1224 568 de
1271 510 1647 569 Avellanensi
1698 509 2034 580 solitudine,

313 597 543 655 dudum
592 596 664 654 ab
715 595 851 655 aliis
897 597 1198 657 monachis
1246 607 1542 674 occupata,
1594 599 2036 674 intelligendam

315 699 432 742 000
493 701 645 754 0880,
697 685 797 743 sed
841 685 913 743 ad
963 702 1225 746 eremum
1289 689 1480 747 Sitrize
1537 689 2034 762 detorquendam,

316 775 468 832 {also
502 774 812 833 arbitratus
850 781 1016 833 esset.
1061 777 1206 835 Nam
1256 778 1307 836 is
1355 779 1594 838 aliunde
1641 782 1872 851 fatetur,
1921 781 2039 838 Bo-

315 864 540 923 mualdi
574 866 786 923 saeculo
821 872 1112 924 exstructa
1142 869 1405 927 cmuobia
1439 870 1700 942 ejusdem
1732 871 2037 943 disciplina

317 954 684 1028 potissimum
713 955 1015 1026 meruisse,
1039 956 1119 1013 ait
1154 957 1311 1015 enim
1340 965 1486 1032 part.
1519 971 1536 1015 1
1565 958 1667 1016 lib.
1703 973 1746 1030 Ι,
1776 975 1898 1032 cap.
1928 959 1995 1017 23
2021 980 2034 1018 :

329 1067 352 1093 ι
419 1044 594 1101 Porro
651 1049 808 1101 tanta
867 1045 979 1103 fuit
1040 1046 1110 1103 de
1170 1048 1532 1106 sanctissimo
1593 1048 1918 1106 Romualdo
1976 1049 2039 1106 in

326 1138 440 1191 tota
477 1133 705 1205 Europa
743 1132 963 1206 opinio,
1003 1143 1066 1193 ut
1106 1135 1197 1194 vel
1239 1135 1468 1194 nullum
1502 1137 1594 1194 sui
1628 1136 1897 1210 temporis
1923 1152 2038 1194 cos-

319 1222 586 1292 nobium,
620 1222 783 1281 nulla
818 1223 998 1282 eremi
1029 1225 1299 1296 solitudo,
1331 1227 1493 1284 nulla
1524 1228 1776 1302 denique
1807 1228 2040 1300 religio-

319 1327 519 1369 sarum
589 1327 968 1384 personarum
1032 1316 1396 1389 congregatio
1455 1333 1704 1391 usquam
1773 1317 2039 1390 gentium

319 1401 516 1472 fuerit,
556 1417 690 1475 quae
737 1409 838 1460 aut
881 1403 1272 1463 Romualdum
1321 1407 1685 1480 magistrum,
1726 1413 1783 1464 et
1818 1415 2039 1481 patrem

319 1506 440 1548 non
491 1489 778 1560 habuerit,
839 1499 938 1549 aut
990 1493 1321 1564 consilium,
1382 1495 1576 1553 missis
1631 1495 2035 1568 legationibus,

325 1594 440 1636 non
480 1578 821 1652 ﬂagitaverit
857 1579 930 1637 ab
967 1579 1090 1650 illo,
1141 1581 1388 1654 qualiter
1425 1584 1754 1641 conversari
1785 1584 1847 1640 in
1880 1600 2038 1642 sacra

321 1668 531 1726 militia
576 1668 828 1739 deberet,
876 1677 932 1726 et
986 1670 1234 1744 qualiter
1290 1671 1590 1731 diabolicis
1644 1672 2036 1744 impugnatio-

2121 516 2277 575 fusse
2321 519 2606 594 discepolo
2648 521 2739 578 del
2781 520 2846 579 P.
2897 520 2956 580 S.
3001 520 3343 591 Romualdo,
3386 539 3417 580 e
3461 524 3567 582 che
3609 526 3834 585 vivesse

2121 623 2231 666 con
2284 609 2304 666 i
2356 612 2445 668 sui
2504 610 2778 685 discepoli
2830 618 2972 670 sotto
3029 612 3138 670 tale
3181 613 3524 685 protezione,
3581 617 3630 673 si
3691 618 3834 676 vede

2122 700 2512 759 cliiaramente
2559 701 2712 760 nella
2752 717 2990 774 persona
3036 702 3095 760 di
3143 702 3330 760 Pietro
3379 703 3682 775 Damiano,
3736 723 3836 780 per

2120 796 2337 862 quanto
2393 790 2629 848 aﬂ‘erma
2677 792 2719 848 il
2771 791 2831 849 P.
2891 793 2955 849 F.
3009 793 3182 850 Paolo
3233 793 3490 865 Morigia‘
3527 795 3677 852 nella
3726 812 3834 854 sua

2122 879 2320 937 istoria
2348 880 2497 938 delle
2528 880 2833 952 Religioni,
2867 882 3128 953 dicendo,
3175 883 3281 940 che
3327 882 3514 941 Pietro
3553 884 3830 943 Damiano

2122 968 2186 1026 fu
2224 984 2465 1026 monaco
2501 967 2930 1028 Camaldolense
2961 989 2974 1026 :
3003 979 3058 1027 et
3100 971 3141 1027 il
3183 971 3447 1029 medemo
3489 981 3690 1029 teneva
3728 989 3831 1045 pa-

2126 1071 2193 1130 pa
2226 1057 2326 1115 Pio
2367 1057 2414 1114 V
2457 1057 2497 1114 il
2543 1059 2649 1114 che
2695 1058 2861 1115 viene
2899 1060 3248 1118 confermato
3289 1061 3422 1117 dall’
3465 1077 3652 1121 essere
3691 1068 3834 1121 stato

2123 1146 2276 1204 detto
2333 1145 2521 1204 Pietro
2575 1145 2854 1204 Damiano
2903 1147 3126 1217 abbate,
3178 1165 3208 1206 e
3254 1148 3552 1221 superiore
3605 1151 3668 1206 in
3733 1150 3834 1222 piI‘I

2123 1237 2455 1295 monasterii
2506 1235 2635 1294 dell’
2681 1236 2882 1294 ordine
2933 1236 3338 1310 Camaldolese,
3399 1255 3560 1298 come
3610 1242 3659 1297 si
3712 1241 3838 1298 dira

2123 1325 2277 1383 nella
2309 1342 2413 1383 sua
2448 1325 2600 1382 Vita.
2642 1346 2662 1375 ι
2698 1324 2778 1382 De
2821 1341 2936 1398 quo
2977 1333 3032 1384 et
3076 1343 3179 1384 nos
3219 1343 3340 1401 cap.
3371 1330 3403 1386 6
3433 1330 3713 1388 nonnulla
3744 1329 3831 1388 (11-

2123 1415 2276 1473 cturi
2306 1430 2530 1473 sumus.

2195 1503 2265 1560 X.
2326 1503 2584 1576 Idipsum
2641 1505 2944 1561 conﬁrmat
2999 1504 3330 1565 Ludovicus
3384 1506 3701 1565 .Iacobillus
3765 1509 3837 1566 de

2127 1591 2228 1650 SS.
2287 1592 2541 1651 Umbria:
2600 1601 2734 1651 tom.
2794 1593 2898 1662 III,
2951 1610 3078 1668 pag.
3136 1594 3259 1666 324,
3315 1596 3555 1655 dicens:
3604 1621 3622 1646 α
3672 1597 3834 1654 Molti

2123 1698 2375 1740 vennero
2416 1700 2449 1740 a
2486 1683 2574 1740 far
2612 1684 2928 1756 penitenza,
2969 1699 2999 1740 e
3034 1685 3082 1741 si
3129 1700 3515 1756 aggregarono
3549 1686 3664 1743 alla
3711 1686 3834 1744 loro

319 1758 497 1848 nibus
531 1758 794 1815 resistere
824 1765 1032 1831 posset.
1065 1783 1090 1807 »
1126 1759 1290 1829 Quod
1331 1763 1649 1835 praesertim
1693 1762 1765 1820 de
1801 1761 2482 1846 Avella-Bcompagnia,
2542 1771 2935 1830 fabricandovi
2995 1788 3075 1830 un
3131 1782 3453 1832 monastero
3513 1791 3614 1848 per
3675 1775 3837 1832 molti

318 1847 489 1904 nensi
537 1862 751 1917 eremo,
805 1854 860 1904 et
897 1848 1133 1922 quidem
1172 1850 1380 1922 potiori
1418 1851 1569 1924 jure,
1603 1850 1890 1908 aﬂirmare
1932 1850 2032 1908 (1ον

318 1938 549 2007 buerat,
597 1952 730 2009 qua:
778 1936 993 1995 nedum
1035 1938 1346 1997 Romualdi
1387 1945 1660 2012 tempore,
1695 1939 1792 1998 sed
1826 1940 1885 1996 10
1913 1940 2037 2013 ipsa

320 2025 510 2093 Italia,
560 2026 678 2084 imo
719 2026 782 2084 in
835 2027 1068 2086 Umbria
1117 2031 1226 2087 sub
1272 2030 1455 2102 ipsius
1509 2029 1568 2088 S.
1622 2029 1808 2088 Patris
1852 2021 2036 2089 oculis

320 2121 646 2174 constructa
672 2123 777 2185 est,
808 2133 914 2175 nec
939 2117 1050 2175 nisi
1079 2118 1152 2176 ab
1178 2119 1304 2192 ipso
1326 2119 1461 2176 vitae
1486 2119 1798 2177 eremiticae
1825 2136 2037 2192 magno

321 2209 700 2262 restauratore
751 2205 1075 2265 Romualdo
1125 2222 1411 2280 congruas
1460 2207 1752 2266 eremitice
1799 2207 2037 2266 vivendi

320 2291 476 2366 leges
501 2294 756 2366 accipere
784 2301 1023 2368 poterat.

389 2387 492 2446 IX.
526 2387 679 2445 Hinc
721 2388 973 2448 Thomas
1001 2390 1219 2450 Minius
1247 2395 1568 2454 monachus
1599 2401 1796 2453 noster
1837 2397 1900 2455 in
1934 2411 2039 2455 sua

317 2475 575 2534 Historia
625 2477 1076 2549 Camaldulensi,
1122 2496 1256 2554 quas
1296 2482 1358 2538 iu
1403 2481 1748 2541 bibliotheca
1784 2482 2036 2557 Angelo-

318 2580 452 2622 rum
497 2565 810 2625 Florentia
848 2584 956 2626 ms.
1001 2575 1282 2638 servatur,
1333 2571 1437 2628 ubi
1479 2571 1824 2630 Fortunium
1869 2574 2034 2644 (non-

319 2653 502 2713 nullis
544 2656 833 2715 duntaxat
881 2658 1020 2716 locis
1068 2660 1355 2730 correctis,
1408 2667 1464 2720 et
1509 2661 1858 2734 quibusdam
1913 2662 2039 2735 ejus

320 2745 742 2804 omissionibus
796 2748 1098 2822 suppletis)
1150 2751 1433 2809 verbatim
1488 2751 1678 2811 italice
1723 2753 1928 2822 reddit,
1976 2759 2041 2810 ut

312 2836 440 2909 jam
495 2836 716 2896 dissert.
754 2852 797 2910 I,
835 2854 959 2913 cap.
1008 2841 1058 2909 1,
1097 2854 1262 2898 num.
1309 2839 1362 2912 6,
1403 2842 1764 2914 monuimus,
1803 2842 2038 2901 Avella-

319 2925 522 2983 nensis
559 2927 774 2999 pariter
812 2928 1060 2986 ccenobii
1098 2929 1524 3001 fundationem,
1566 2946 1743 3004 quam
1782 2946 1856 2989 ex
1900 2931 2038 2988 For-

2122 1862 2368 1929 monaci,
2414 1861 2433 1917 i
2484 1860 2644 1932 quali
2687 1860 2731 1916 il
2776 1860 2841 1916 B.
2890 1861 3130 1919 Lodolfo
3159 1863 3216 1920 vi
3253 1866 3396 1922 vesti
3431 1865 3578 1921 circa
3610 1864 3644 1919 l’
3677 1879 3832 1920 anno

2117 1950 2280 2006 mille
2324 1949 2380 2006 di
2431 1949 2497 2007 N.
2561 1948 2617 2007 S.
2667 1965 2698 2006 e
2739 1965 2846 2006 con
2896 1950 3102 2008 facolta
3147 1951 3205 2008 di
3248 1968 3390 2024 papa
3440 1952 3712 2009 Silvestro
3756 1951 3833 2023 II,

2116 2038 2341 2096 institui
2395 2039 2448 2094 la
2494 2039 2942 2110 congregazione
2988 2039 3048 2096 di
3104 2039 3281 2097 Fonte
3332 2041 3630 2109 Avellana,
3685 2039 3840 2096 detta

2117 2143 2260 2186 anco
2289 2126 2440 2184 della
2474 2126 2767 2196 Colomba,
2801 2134 2946 2185 sotto
2986 2127 3037 2184 la
3091 2127 3282 2200 regola
3315 2129 3373 2186 di
3408 2129 3466 2188 S.
3502 2129 3835 2198 Benedetto,

2118 2231 2224 2274 con
2278 2215 2484 2273 alcune
2527 2214 2886 2272 costituzioni
2938 2216 2997 2272 di
3047 2215 3103 2274 S.
3144 2216 3470 2275 Itomualdo
3523 2219 3748 2279 abbate.
3792 2218 3835 2275 il
3939 2259 3942 2264 -

2118 2303 2290 2376 quale
2344 2303 2435 2360 sin
2492 2302 2624 2360 dall’
2681 2317 2835 2359 anno
2889 2303 3012 2371 953,
3064 2319 3246 2361 aveva
3291 2305 3524 2363 fondato
3570 2306 3607 2362 l’
3635 2306 3840 2363 ordine

2119 2391 2511 2450 Camaldolese
2539 2406 2640 2464 per
2674 2390 2692 2448 i
2721 2390 2849 2449 suoi
2882 2391 3129 2462 monaci,
3171 2400 3227 2449 et
3276 2393 3521 2464 eremiti,
3563 2410 3594 2451 e
3628 2393 3837 2451 viveva

2119 2481 2181 2538 iu
2232 2485 2434 2554 questo
2475 2485 2688 2552 tempo,
2723 2504 2748 2529 ι)
2780 2487 2884 2540 etc.
2930 2479 3071 2537 Haec
3117 2480 3222 2552 ibi,
3268 2482 3481 2555 quibus
3517 2482 3734 2540 similia
3781 2492 3838 2541 et

2117 2569 2256 2627 alibi
2286 2569 2537 2640 tradidit,
2582 2570 3073 2642 quemadmodum
3114 2578 3169 2629 et
3210 2572 3406 2645 ipsum
3448 2573 3684 2632 Petrum
3725 2573 3836 2632 Da-

2120 2660 2302 2717 miani
2362 2660 2512 2716 inter
2573 2658 3052 2718 Gamaldulenses
3109 2661 3380 2721 alumnos
3437 2663 3697 2721 absolute
3755 2679 3841 2720 re-

2119 2751 2300 2823 ponit,
2333 2752 2655 2823 praesertim
2683 2759 2820 2810 tom.
2857 2751 2933 2822 II,
2978 2751 3048 2808 ad
3091 2751 3247 2810 diem
3293 2753 3357 2809 13
3405 2751 3550 2809 Julii
3596 2751 3659 2809 in
3706 2749 3836 2809 Vita
3887 2824 3906 2834 _

2123 2839 2180 2898 S.
2214 2839 2543 2909 Romualdi,
2572 2857 2700 2914 pag.
2732 2840 2821 2899 32.

2192 2929 2292 2986 ΧΙ.
2326 2929 2394 2986 10
2423 2929 2686 2987 eamdem
2729 2931 3073 2989 sententiam
3115 2931 3321 2989 atierre
3358 2931 3525 3003 juvat
3561 2947 3695 3004 quin
3746 2947 3835 2990 re-

322 3014 488 3072 tunio
528 3030 724 3088 supra,
766 3032 932 3075 num.
973 3018 1022 3085 1,
1067 3017 1440 3087 adduximus,
1488 3019 1573 3076 sic
1611 3019 2037 3092 interpretatur,
2123 3020 2577 3079 verendissimus
2637 3022 2812 3080 abbas
2867 3021 3062 3080 Julius
3119 3021 3463 3080 Ambrosius
3517 3021 3836 3080 Lucentius

318 3111 504 3205 atque.
534 3107 802 3176 restituit,
853 3114 918 3165 ut
963 3107 1351 3182 Rudulphum
1391 3108 1704 3167 Romualdi
1740 3108 2536 3205 fuisse-di-CCisterciensis,
2571 3126 2746 3168 sacrae,
2789 3127 2982 3182 congr.
3029 3110 3242 3167 Indicis
3285 3109 3580 3168 consultor
3615 3111 3686 3168 ad
3731 3112 3839 3169 hoc

318 3191 638 3264 scipulum,
685 3196 756 3253 ab
801 3209 985 3268 eoque
1032 3195 1168 3253 vita:
1219 3196 1532 3254 eremiticaa
1580 3197 1877 3270 praeceptis
1922 3191 2479 3274 im-“propositum
2532 3201 2760 3274 scripsit
2801 3201 2863 3258 in
2907 3202 3056 3260 libro
3093 3202 3412 3274 inscripto:
3450 3205 3652 3271 Fulgo-r
3704 3207 3837 3260 Ful-

317 3281 527 3339 butum
580 3284 764 3341 tradat
798 3303 809 3342 :
841 3285 922 3341 ait
960 3284 1115 3342 enim
1156 3285 1254 3343 lib.
1302 3298 1430 3355 VIII,
1471 3301 1593 3359 cap.
1635 3288 1657 3344 1
1697 3306 1708 3343 :
1750 3311 1775 3337 ‹ι
1811 3285 2032 3358 Coloro,
2123 3294 2285 3358 giniz’,
2317 3297 2460 3362 etc.;
2511 3290 2732 3361 Roma),
2766 3307 2922 3348 anno
2958 3287 3114 3360 1703,
3148 3291 3406 3365 adeoque
3447 3299 3573 3363 post
3620 3292 3835 3350 Lader-

316 3372 425 3430 che
465 3375 645 3432 fanno
675 3377 975 3434 menzione
1003 3375 1135 3434 dell’
1171 3376 1396 3450 origine
1426 3377 1519 3434 del
1564 3377 1885 3436 venerabili
1913 3393 2034 3435 ere-
2123 3379 2317 3437 chiani
2376 3379 2574 3452 Operis
2627 3379 2940 3437 editionem
2993 3379 3272 3452 impresso
3326 3399 3340 3437 :
3400 3379 3483 3437 ibi
3553 3381 3710 3437 enim
3772 3381 3836 3439 in

319 3480 435 3534 mo,
472 3465 604 3538 oggi
634 3465 830 3536 Badia,
862 3468 921 3526 di
951 3467 1010 3526 S.
1043 3468 1216 3526 Croce
1245 3468 1380 3526 dell’
1411 3467 1710 3537 Avellana,
1743 3467 2032 3540 vogliono,
2123 3469 2278 3526 notis
2332 3474 2458 3541 post
2513 3469 2782 3541 Elogium
2837 3481 3010 3539 XVIII,
3066 3485 3192 3542 pag.
3260 3467 3381 3538 102,
3440 3469 3568 3527 1]th
3620 3469 3834 3527 habet:

317 3554 426 3610 che
468 3570 541 3612 ne
587 3556 733 3613 10880
778 3561 978 3614 autore
1027 3556 1069 3613 11
1114 3556 1180 3615 Β,
1218 3554 1479 3624 Lodolfo,
1525 3555 1841 3613 altrimenti
1891 3554 2034 3613 Can-

2193 3557 2310 3616 Sub
2364 3558 2655 3632 Lodulphi
2703 3559 3032 3631 magisterio
3081 3561 3205 3633 ejus
3251 3561 3445 3618 schola
3492 3578 3525 3618 a
3569 3560 3839 3634 plurimis

317 3642 496 3712 dolfo,
535 3660 710 3702 uomo
751 3645 942 3704 dotato
977 3646 1036 3704 di
1083 3647 1369 3718 singolare
1410 3645 1744 3716 innocenza,
1791 3645 1833 3702 il
1867 3644 2038 3718 quale
2126 3647 2475 3720 frequentari
2516 3656 2698 3720 empta
2749 3654 2851 3714 est,
2903 3647 3246 3706 adveniente
3294 3647 3534 3704 Joannis
3587 3647 3837 3721 episcopi

319 3733 612 3792 mediante
663 3735 716 3792 le
765 3751 869 3794 sue
913 3743 1074 3797 sante
1113 3737 1460 3812 operazioni,
1506 3737 1570 3795 fu
1616 3737 1754 3794 fatto
1794 3751 2036 3794 vescovo
2123 3734 2420 3808 Eugubini
2458 3735 2684 3808 placito,
2727 3751 2880 3792 anno
2932 3734 3055 3792 976.
3112 3735 3184 3791 Et
3229 3749 3361 3808 qua:
3406 3734 3540 3792 rudi
3581 3735 3836 3807 primum

319 3820 648 3894 d’Agubbio
675 3824 710 3880 l’
745 3839 899 3882 anno
927 3826 1258 3883 trentesimo
1280 3825 1433 3883 della
1459 3823 1800 3882 fondazione
1831 3823 1885 3880 d’
1911 3838 2037 3882 esso
2123 3838 2293 3896 opere
2319 3822 2484 3880 initia
2513 3824 2779 3896 sumpsit,
2813 3823 3164 3896 approbante
3201 3822 3410 3881 deinde
3445 3821 3724 3882 Silvestro
3758 3823 3838 3894 II,

319 3927 538 3981 eremo,
573 3929 662 3971 ma
704 3929 822 3974 000
861 3915 1038 3973 fauno
1077 3916 1354 3974 memoria
1387 3915 1628 3974 nissuna
1661 3917 1714 3974 d’
1745 3915 1896 3974 onde
1923 3913 2037 3987 egli
2124 3913 2386 3972 Romano
2427 3912 2717 3986 pontiﬁce,
2764 3913 2827 3970 in
2872 3919 3063 3985 caput,
3116 3918 3171 3968 et
3207 3910 3528 3984 principem
3571 3911 3839 3968 nomina-

320 4001 480 4058 fusse
514 4020 527 4057 :
561 4001 876 4060 solamente
917 4003 1142 4075 dicono,
1192 4019 1380 4062 essere
1428 4011 1547 4062 salo
1589 4004 1648 4062 di
1674 4004 1870 4062 nobile
1900 4003 2037 4061 stir-
2124 4005 2364 4063 tissimaa
2417 4004 2876 4076 congregationis
2935 4002 2994 4062 S.
3045 4003 3242 4062 Crucis
3286 4003 3356 4060 de
3399 4003 3681 4060 Avellana
3728 4019 3833 4060 ex-

321 4103 414 4159 pe,
446 4104 480 4145 e
505 4089 807 4163 religioso;
841 4091 1210 4165 producendo
1237 4099 1440 4165 questa
1466 4093 1762 4152 memoria.
1797 4092 1860 4150 L’
1881 4107 2037 4150 anno
2123 4095 2303 4154 crevit
2349 4095 2456 4152 sub
2501 4094 2701 4167 regula
2753 4094 2934 4153 sancti
2977 4091 3286 4151 Cassinatis
3319 4091 3632 4160 Benedicti,
3664 4091 3837 4150 certis

321 4180 487 4237 mille
523 4183 573 4240 si
611 4183 894 4257 principio
935 4183 972 4241 1’
1013 4183 1242 4243 ediﬁcio
1277 4184 1409 4243 dell’
1455 4201 1648 4244 eremo
1687 4184 1816 4243 dell’
1859 4183 2037 4241 Avel-
2123 4185 2332 4242 additis
2359 4183 2895 4252 constitutionibus,
2927 4197 3072 4256 quas
3111 4181 3319 4254 partim
3347 4180 3586 4238 dictavit
3616 4179 3674 4238 S.
3721 4179 3834 4238 Bo-

322 4268 458 4326 lana
509 4277 655 4328 sotto
707 4271 897 4330 Catria
937 4273 1010 4330 da
1061 4273 1357 4345 Candolfo,
1411 4289 1586 4333 overo
1624 4273 1883 4341 Lodolfo,
1929 4287 2037 4329 con
2123 4275 2397 4333 mualdus
2443 4273 2976 4332 Camadluleusium
3005 4274 3228 4346 primus
3256 4272 3432 4330 abbas
3457 4272 3666 4346 partim
3694 4287 3834 4330 con-

317 4358 594 4429 semplice
649 4360 890 4435 capella,
943 4378 974 4418 e
1023 4360 1308 4434 Casipola,
1369 4378 1470 4434 per
1518 4361 1745 4433 fuggire
1798 4361 1852 4418 la
1897 4367 2040 4418 setta
2124 4364 2351 4434 scripsit
2379 4363 2500 4435 ipse
2526 4361 2888 4436 Lodulphus.
2919 4386 2940 4412 ν
2976 4363 3267 4420 Hactenus
3290 4361 3466 4418 abbas
3486 4360 3827 4419 Lucentius.

318 4444 462 4502 delli
494 4447 718 4505 Ariani.
753 4449 857 4507 Nel
885 4450 1021 4522 qual
1060 4458 1271 4521 tempo,
1305 4465 1422 4508 non
1459 4449 1580 4508 solo
1617 4450 1679 4506 in
1717 4449 1919 4558 Italia;
1945 4463 2107 4558 maD
2197 4451 2324 4558 XII.
2375 4451 2660 4558 (laetarum
2715 4451 2763 4508 si
2810 4450 3194 4558 adpertiorqs
3237 4448 3834 4558 caljculosrAvellaLnaa

319 4536 492 4606 quasi
522 4552 623 4609 per
658 4545 804 4597 tutta
841 4539 877 4596 1’
903 4540 1152 4614 Europa,
1191 4556 1287 4599 era
1323 4541 1546 4599 celebre
1591 4539 1645 4597 la
1683 4540 1836 4596 fama
1889 4539 2037 4596 della
2063 4536 2360 4597 “exordia
2390 4539 2635 4597 debeant
2661 4538 2938 4608 revocari,
2971 4537 3443 4612 quandoquidem
3487 4536 3835 4609 Ludulphus

319 4625 534 4681 santita
576 4625 666 4683 del
710 4632 905 4685 nostro
944 4628 1006 4686 P.
1051 4628 1110 4688 S.
1150 4628 1474 4687 Romualdo
1518 4636 1744 4696 (ancora
1783 4627 2037 4695 vivente)
2123 4642 2276 4687 anno
2308 4628 2443 4686 1009
2471 4628 2543 4686 ad
2573 4626 2946 4700 Eugubinam
2988 4627 3314 4686 cathedram
3349 4631 3436 4683 est
3472 4631 3830 4697 assumptus,

319 4728 356 4769 e
393 4712 482 4770 de’
522 4716 650 4773 suoi
688 4715 983 4791 discepoli,
1017 4733 1048 4774 e
1081 4732 1200 4775 non
1229 4719 1261 4775 e
1293 4724 1474 4790 punto
1499 4717 1572 4775 da
1598 4715 1880 4786 dubitare,
1911 4713 2040 4772 anzi
2124 4723 2342 4789 oportet
2381 4732 2496 4786 eos,
2537 4715 2641 4788 qui
2696 4714 2992 4788 trigesimo
3036 4722 3164 4787 post
3207 4729 3384 4772 sacrae
3423 4712 3583 4772 illius
3625 4713 3834 4770 solitu-

318 4810 498 4877 tengo
537 4820 638 4878 per
685 4806 884 4876 ferme,
926 4807 1031 4864 che
1083 4805 1326 4864 Lodolfo
1371 4819 1547 4864 ancor
1599 4804 1684 4864 lui
1741 4807 1890 4865 fosse
1934 4820 2039 4863 suo
2125 4805 2280 4864 dinis
2341 4804 2823 4864 constructionem
2885 4818 3040 4860 anno
3107 4803 3177 4860 ad
3241 4801 3560 4876 episcopale
3615 4817 3835 4860 munus

319 4890 636 4964 discepolo,
674 4908 706 4949 e
755 4893 860 4951 che
908 4908 1026 4951 000
1083 4892 1203 4952 8010
1250 4891 1506 4966 fuggisse
1561 4892 1617 4951 la
1671 4894 2040 4968 persecuzion
2125 4895 2319 4970 ipsum
2364 4901 2634 4953 vocatum
2689 4892 2868 4951 fuisse
2922 4892 3296 4962 arbitrantur,
3345 4890 3416 4947 ad
3457 4905 3679 4947 annum
3729 4889 3835 4948 979

317 4977 477 5035 della
529 4977 703 5048 Setta,
744 4995 836 5038 ma
879 4981 986 5038 che
1031 4980 1294 5052 andasse,
1347 4996 1382 5037 a
1431 4980 1600 5054 guisa
1649 4980 1741 5038 del
1793 4988 2040 5039 maestro
2126 4983 2408 5057 ejusmodi
2458 4983 2856 5040 fundationem
2906 4981 3214 5047 retrahere,
3259 4979 3316 5035 id
3363 4977 3519 5050 quod
3569 4981 3838 5052 proprius

319 5083 430 5125 suo
466 5067 524 5126 S.
559 5068 882 5126 Romualdo
920 5069 1067 5141 (anzi
1104 5085 1213 5128 con
1259 5085 1363 5128 sua
1405 5067 1801 5139 benedizione,
1836 5085 1868 5127 e
1897 5084 2038 5126 con-
2126 5072 2284 5130 abest
2331 5071 2404 5129 ab
2453 5087 2607 5130 anno
2656 5071 2760 5130 976
2809 5086 2908 5143 per
2961 5068 3321 5127 Ludovicum
3365 5064 3738 5135 Jacobillum,
3783 5073 3840 5125 et

319 5156 695 5226 sentimento,
739 5172 900 5215 come
945 5173 1026 5216 un
1067 5157 1213 5216 altro
1263 5154 1322 5215 S.
1367 5157 1492 5216 Gio.
1536 5157 1863 5230 Gualberto)
1917 5174 2036 5216 cer—
2127 5161 2392 5219 abbatem
2433 5160 2780 5220 Lucentium
2819 5174 2990 5230 supra
3037 5156 3282 5213 relatum
3331 5170 3620 5228 expresso.
3673 5155 3836 5214 Unde

318 5243 509 5302 cando
563 5243 770 5319 luoghi
826 5246 1087 5318 solitarii,
1143 5263 1174 5304 e
1225 5247 1433 5305 remoti
1485 5247 1558 5304 da
1614 5247 1749 5320 ogni
1807 5247 2040 5320 strepito
2127 5251 2231 5323 qui
2277 5265 2431 5307 anno
2474 5249 2782 5307 millesimo
2833 5246 3280 5305 Avellanensem
3329 5261 3591 5306 eremum
3633 5246 3838 5303 condi-

319 5331 689 5402 secolaresco,
729 5349 830 5407 per
861 5334 1029 5408 quivi
1067 5334 1392 5394 fermarvisi
1427 5335 1514 5395 001
1549 5350 1654 5394 suo
1703 5350 2038 5408 compagno,
2128 5345 2243 5395 tam
2296 5337 2519 5406 volunt,
2574 5344 2676 5395 aut
2736 5337 2806 5392 de
2861 5336 3045 5407 ipsius
3098 5333 3346 5394 tediﬁcio
3406 5335 3478 5394 ad
3535 5336 3834 5394 certiorem

316 5421 392 5478 ed
441 5421 572 5480 altri
608 5423 782 5481 tirare
824 5424 878 5481 al
922 5424 1162 5482 servizie
1193 5424 1252 5480 di
1289 5424 1414 5495 Ilio,
1455 5425 1663 5497 perche
1700 5425 1762 5482 in
1794 5425 1914 5483 loro
1943 5439 2040 5482 era
2127 5428 2329 5495 eremi,
2383 5432 2484 5482 aut
2552 5423 2801 5482 cuanobii
2870 5424 3114 5480 formam
3177 5423 3543 5497 postmodum
3610 5423 3835 5482 redacto

315 5529 404 5570 un
437 5513 676 5571 ardente
706 5514 990 5574 desiderio
1023 5516 1176 5573 della
1218 5515 1406 5574 salute
1443 5516 1593 5574 d’ell’
1623 5517 1838 5586 anime,
1874 5539 1896 5567 ι
1931 5522 2037 5576 etc.
2128 5513 2488 5586 intelligendi
2511 5519 2668 5584 sunt,
2699 5517 2799 5570 aut
2825 5511 2896 5570 de
2925 5513 3138 5585 epocha
3167 5529 3285 5571 non
3316 5513 3551 5586 praecise
3577 5512 3843 5571 determi~

314 5602 466 5661 Haec
508 5602 748 5674 Minius,
786 5606 890 5678 qui
923 5611 979 5663 et
1007 5604 1160 5663 infra
1204 5604 1404 5663 addit:
1445 5627 1466 5655 α
1502 5605 1547 5662 E
1576 5622 1676 5678 per
1702 5609 2034 5666 corrobora-
2128 5614 2258 5663 nata
2284 5651 2298 5674 ,
2363 5604 2461 5662 sed
2520 5609 2955 5676 praeterpropter
3017 5603 3300 5674 duntaxat
3365 5602 3794 5674 circumscripta
3819 5647 3833 5673 ,
